  <div class='ocr_page' id='page_1' title='image "/cluster/home/n/w/nwhite01/storage/ocr_20150623/41/nnc1.0046978747/596.png"; bbox 0 0 4176 6386; ppageno 0'>
   <div class='ocr_carea' id='block_1_1' title="bbox 365 385 496 441">
    <p class='ocr_par' dir='ltr' id='par_1_1' title="bbox 365 385 496 441">
     <span class='ocr_line' id='line_1_1' title="bbox 365 385 496 441; baseline -0.008 0"><span class='ocrx_word' id='word_1_1' title='bbox 365 385 496 441; x_wconf 76' lang='grc'><strong>1065</strong></span> 
     </span>
    </p>
   </div>
   <div class='ocr_carea' id='block_1_2' title="bbox 1030 357 2961 434">
    <p class='ocr_par' dir='ltr' id='par_1_2' title="bbox 1030 357 2961 434">
     <span class='ocr_line' id='line_1_2' title="bbox 1030 357 2961 434; baseline -0.01 0"><span class='ocrx_word' id='word_1_2' title='bbox 1030 377 1396 434; x_wconf 78' lang='lat' dir='ltr'><strong>ADVERSUS</strong></span> <span class='ocrx_word' id='word_1_3' title='bbox 1435 371 1774 430; x_wconf 66' lang='lat' dir='ltr'><strong>Il/EliESES</strong></span> <span class='ocrx_word' id='word_1_4' title='bbox 1809 370 1932 424; x_wconf 88' lang='lat' dir='ltr'><strong>LIB.</strong></span> <span class='ocrx_word' id='word_1_5' title='bbox 1976 369 2040 425; x_wconf 87' lang='lat' dir='ltr'><strong>ll.</strong></span> <span class='ocrx_word' id='word_1_6' title='bbox 2083 368 2244 425; x_wconf 83' lang='grc' dir='ltr'>ΤΟΜ.</span> <span class='ocrx_word' id='word_1_7' title='bbox 2286 368 2325 421; x_wconf 87' lang='grc'>1.</span> <span class='ocrx_word' id='word_1_8' title='bbox 2351 399 2416 408; x_wconf 93' lang='grc'><strong>--</strong></span> <span class='ocrx_word' id='word_1_9' title='bbox 2457 362 2732 420; x_wconf 72' lang='lat' dir='ltr'><strong>Il/ERES.</strong></span> <span class='ocrx_word' id='word_1_10' title='bbox 2775 357 2961 415; x_wconf 80' lang='lat' dir='ltr'><strong>LXlll.</strong></span> 
     </span>
    </p>
   </div>
   <div class='ocr_carea' id='block_1_3' title="bbox 3455 354 3591 414">
    <p class='ocr_par' dir='ltr' id='par_1_3' title="bbox 3455 354 3591 414">
     <span class='ocr_line' id='line_1_3' title="bbox 3455 354 3591 414; baseline 0.007 -3"><span class='ocrx_word' id='word_1_11' title='bbox 3455 354 3591 414; x_wconf 77' lang='grc'><strong>1066</strong></span> 
     </span>
    </p>
   </div>
   <div class='ocr_carea' id='block_1_4' title="bbox 365 476 1969 574">
    <p class='ocr_par' dir='ltr' id='par_1_4' title="bbox 365 491 1969 574">
     <span class='ocr_line' id='line_1_4' title="bbox 365 491 1969 574; baseline -0.011 -14"><span class='ocrx_word' id='word_1_12' title='bbox 365 505 611 568; x_wconf 78' lang='grc' dir='ltr'><strong>τοιαύτας</strong></span> <span class='ocrx_word' id='word_1_13' title='bbox 637 507 898 574; x_wconf 89' lang='grc' dir='ltr'>γυναῖκας</span> <span class='ocrx_word' id='word_1_14' title='bbox 942 498 1450 573; x_wconf 79' lang='grc' dir='ltr'>ὲξυπηρετουμένας</span> <span class='ocrx_word' id='word_1_15' title='bbox 1485 496 1653 565; x_wconf 80' lang='grc' dir='ltr'>αὑτῷ,</span> <span class='ocrx_word' id='word_1_16' title='bbox 1690 493 1832 563; x_wconf 80' lang='grc' dir='ltr'>φημὶ</span> <span class='ocrx_word' id='word_1_17' title='bbox 1865 491 1923 545; x_wconf 86' lang='grc' dir='ltr'>δὲ</span> <span class='ocrx_word' id='word_1_18' title='bbox 1955 505 1969 558; x_wconf 60' lang='lat' dir='ltr'><strong>,t</strong></span> 
     </span>
    </p>
   </div>
   <div class='ocr_carea' id='block_1_5' title="bbox 2066 476 3597 574">
    <p class='ocr_par' dir='ltr' id='par_1_5' title="bbox 2066 476 3597 560">
     <span class='ocr_line' id='line_1_5' title="bbox 2066 476 3597 560; baseline -0.007 -17"><span class='ocrx_word' id='word_1_19' title='bbox 2066 490 2340 560; x_wconf 90' lang='lat' dir='ltr'><strong>piscopum</strong></span> <span class='ocrx_word' id='word_1_20' title='bbox 2382 486 2778 546; x_wconf 76' lang='lat' dir='ltr'><strong>nominabant,</strong></span> <span class='ocrx_word' id='word_1_21' title='bbox 2811 482 2907 552; x_wconf 90' lang='lat' dir='ltr'><strong>qui</strong></span> <span class='ocrx_word' id='word_1_22' title='bbox 2959 481 3011 533; x_wconf 90' lang='lat' dir='ltr'><strong>in</strong></span> <span class='ocrx_word' id='word_1_23' title='bbox 3063 479 3259 548; x_wconf 83' lang='lat' dir='ltr'><strong>exiguo</strong></span> <span class='ocrx_word' id='word_1_24' title='bbox 3295 476 3597 532; x_wconf 69' lang='lat' dir='ltr'><strong>Palaestina:</strong></span> 
     </span>
    </p>
   </div>
   <div class='ocr_carea' id='block_1_6' title="bbox 364 583 1931 661">
    <p class='ocr_par' dir='ltr' id='par_1_6' title="bbox 364 583 1931 661">
     <span class='ocr_line' id='line_1_6' title="bbox 364 583 1931 661; baseline -0.01 -11"><span class='ocrx_word' id='word_1_25' title='bbox 364 596 764 659; x_wconf 85' lang='grc' dir='ltr'>συνεισάκτους.</span> <span class='ocrx_word' id='word_1_26' title='bbox 806 594 966 648; x_wconf 80' lang='grc' dir='ltr'>Ἀλλά</span> <span class='ocrx_word' id='word_1_27' title='bbox 998 594 1092 647; x_wconf 73' lang='grc' dir='ltr'>καὶ</span> <span class='ocrx_word' id='word_1_28' title='bbox 1123 591 1182 656; x_wconf 76' lang='grc' dir='ltr'>ἐξ</span> <span class='ocrx_word' id='word_1_29' title='bbox 1213 589 1560 661; x_wconf 84' lang='grc' dir='ltr'>ὁμολογητῶν</span> <span class='ocrx_word' id='word_1_30' title='bbox 1580 587 1670 639; x_wconf 84' lang='grc' dir='ltr'><strong>τὸν</strong></span> <span class='ocrx_word' id='word_1_31' title='bbox 1696 583 1931 638; x_wconf 87' lang='grc' dir='ltr'>τοιοῦτον</span> 
     </span>
    </p>
   </div>
   <div class='ocr_carea' id='block_1_7' title="bbox 365 675 1935 755">
    <p class='ocr_par' dir='ltr' id='par_1_7' title="bbox 365 675 1935 755">
     <span class='ocr_line' id='line_1_7' title="bbox 365 675 1935 755; baseline -0.009 -14"><span class='ocrx_word' id='word_1_32' title='bbox 365 690 489 741; x_wconf 59' lang='grc' dir='ltr'>θέντα</span> <span class='ocrx_word' id='word_1_33' title='bbox 537 687 776 750; x_wconf 77' lang='grc' dir='ltr'>οἴδαμεν.</span> <span class='ocrx_word' id='word_1_34' title='bbox 811 687 1000 755; x_wconf 84' lang='grc' dir='ltr'>’Ὀμως</span> <span class='ocrx_word' id='word_1_35' title='bbox 1040 687 1151 748; x_wconf 85' lang='grc' dir='ltr'>τοῖς</span> <span class='ocrx_word' id='word_1_36' title='bbox 1199 681 1442 753; x_wconf 84' lang='grc' dir='ltr'>είρηκόσι</span> <span class='ocrx_word' id='word_1_37' title='bbox 1495 677 1651 732; x_wconf 88' lang='grc' dir='ltr'>τοῦτο</span> <span class='ocrx_word' id='word_1_38' title='bbox 1698 679 1789 729; x_wconf 74' lang='grc' dir='ltr'><strong>καὶ</strong></span> <span class='ocrx_word' id='word_1_39' title='bbox 1827 675 1935 728; x_wconf 83' lang='grc' dir='ltr'><strong>ἀπὸ</strong></span> 
     </span>
    </p>
   </div>
   <div class='ocr_carea' id='block_1_8' title="bbox 365 765 1937 846">
    <p class='ocr_par' dir='ltr' id='par_1_8' title="bbox 365 765 1937 846">
     <span class='ocr_line' id='line_1_8' title="bbox 365 765 1937 846; baseline -0.01 -15"><span class='ocrx_word' id='word_1_40' title='bbox 365 783 469 832; x_wconf 83' lang='grc' dir='ltr'><strong>τῶν</strong></span> <span class='ocrx_word' id='word_1_41' title='bbox 502 776 775 846; x_wconf 86' lang='grc' dir='ltr'>γυναικῶν</span> <span class='ocrx_word' id='word_1_42' title='bbox 809 775 1101 846; x_wconf 81' lang='grc' dir='ltr'><strong>ἀκηκοέναι</strong></span> <span class='ocrx_word' id='word_1_43' title='bbox 1141 772 1440 843; x_wconf 81' lang='grc' dir='ltr'>φάσκουσιν</span> <span class='ocrx_word' id='word_1_44' title='bbox 1466 770 1526 822; x_wconf 88' lang='grc' dir='ltr'><strong>οὑ</strong></span> <span class='ocrx_word' id='word_1_45' title='bbox 1571 765 1937 820; x_wconf 88' lang='grc' dir='ltr'>πεπιστεύκα-</span> 
     </span>
    </p>
   </div>
   <div class='ocr_carea' id='block_1_9' title="bbox 367 856 1937 940">
    <p class='ocr_par' dir='ltr' id='par_1_9' title="bbox 367 856 1937 940">
     <span class='ocr_line' id='line_1_9' title="bbox 367 856 1937 940; baseline -0.01 -17"><span class='ocrx_word' id='word_1_46' title='bbox 367 888 487 940; x_wconf 94' lang='grc' dir='ltr'>μεν.</span> <span class='ocrx_word' id='word_1_47' title='bbox 524 870 587 921; x_wconf 83' lang='grc' dir='ltr'><strong>Ἠ</strong></span> <span class='ocrx_word' id='word_1_48' title='bbox 620 867 728 938; x_wconf 80' lang='grc' dir='ltr'>γὰρ</span> <span class='ocrx_word' id='word_1_49' title='bbox 755 867 967 935; x_wconf 83' lang='grc' dir='ltr'>ἀνάγκη</span> <span class='ocrx_word' id='word_1_50' title='bbox 996 866 1095 934; x_wconf 87' lang='grc' dir='ltr'><strong>τῆς</strong></span> <span class='ocrx_word' id='word_1_51' title='bbox 1118 864 1227 917; x_wconf 87' lang='grc' dir='ltr'><strong>τῶν</strong></span> <span class='ocrx_word' id='word_1_52' title='bbox 1255 861 1551 932; x_wconf 83' lang='grc' dir='ltr'><strong>εἰρηκότων</strong></span> <span class='ocrx_word' id='word_1_53' title='bbox 1575 856 1937 928; x_wconf 84' lang='grc' dir='ltr'><strong>κακοτροπίας</strong></span> 
     </span>
    </p>
   </div>
   <div class='ocr_carea' id='block_1_10' title="bbox 367 949 1938 1029">
    <p class='ocr_par' dir='ltr' id='par_1_10' title="bbox 367 949 1938 1029">
     <span class='ocr_line' id='line_1_10' title="bbox 367 949 1938 1029; baseline -0.01 -16"><span class='ocrx_word' id='word_1_54' title='bbox 367 959 667 1013; x_wconf 71' lang='grc' dir='ltr'>ὑπέϐαλλεν</span> <span class='ocrx_word' id='word_1_55' title='bbox 701 960 832 1029; x_wconf 89' lang='grc' dir='ltr'>ἡμῖν</span> <span class='ocrx_word' id='word_1_56' title='bbox 861 957 990 1010; x_wconf 83' lang='grc' dir='ltr'>ποτὲ</span> <span class='ocrx_word' id='word_1_57' title='bbox 1023 956 1120 1027; x_wconf 83' lang='grc' dir='ltr'><strong>μὲν</strong></span> <span class='ocrx_word' id='word_1_58' title='bbox 1161 953 1454 1014; x_wconf 79' lang='grc' dir='ltr'>πιστεύειν,</span> <span class='ocrx_word' id='word_1_59' title='bbox 1484 951 1612 1004; x_wconf 75' lang='grc' dir='ltr'><strong>⁴τοτὲ</strong></span> <span class='ocrx_word' id='word_1_60' title='bbox 1645 950 1702 1002; x_wconf 82' lang='grc' dir='ltr'><strong>δὲ</strong></span> <span class='ocrx_word' id='word_1_61' title='bbox 1745 949 1819 1018; x_wconf 80' lang='grc' dir='ltr'>μὴ</span> <span class='ocrx_word' id='word_1_62' title='bbox 1849 964 1938 999; x_wconf 83' lang='grc' dir='ltr'>πι-</span> 
     </span>
    </p>
   </div>
   <div class='ocr_carea' id='block_1_11' title="bbox 369 1042 1938 1119">
    <p class='ocr_par' dir='ltr' id='par_1_11' title="bbox 369 1042 1938 1119">
     <span class='ocr_line' id='line_1_11' title="bbox 369 1042 1938 1119; baseline -0.008 -16"><span class='ocrx_word' id='word_1_63' title='bbox 369 1050 604 1111; x_wconf 85' lang='grc' dir='ltr'>στεύειν,</span> <span class='ocrx_word' id='word_1_64' title='bbox 647 1052 738 1102; x_wconf 77' lang='grc' dir='ltr'>ἐπὶ</span> <span class='ocrx_word' id='word_1_65' title='bbox 780 1049 877 1119; x_wconf 81' lang='grc' dir='ltr'>τὴν</span> <span class='ocrx_word' id='word_1_66' title='bbox 922 1047 1014 1100; x_wconf 88' lang='grc' dir='ltr'><strong>τοῦ</strong></span> <span class='ocrx_word' id='word_1_67' title='bbox 1061 1045 1459 1118; x_wconf 76' lang='grc' dir='ltr'>προειρημένου</span> <span class='ocrx_word' id='word_1_68' title='bbox 1521 1044 1772 1114; x_wconf 76' lang='grc' dir='ltr'>γέροντος</span> <span class='ocrx_word' id='word_1_69' title='bbox 1817 1042 1938 1092; x_wconf 78' lang='grc' dir='ltr'>ἐπι-</span> 
     </span>
    </p>
   </div>
   <div class='ocr_carea' id='block_1_12' title="bbox 372 1131 1941 1211">
    <p class='ocr_par' dir='ltr' id='par_1_12' title="bbox 372 1131 1941 1211">
     <span class='ocr_line' id='line_1_12' title="bbox 372 1131 1941 1211; baseline -0.008 -16"><span class='ocrx_word' id='word_1_70' title='bbox 372 1143 572 1195; x_wconf 83' lang='grc' dir='ltr'>σκόπου</span> <span class='ocrx_word' id='word_1_71' title='bbox 630 1143 764 1211; x_wconf 77' lang='grc' dir='ltr'>μετὰ</span> <span class='ocrx_word' id='word_1_72' title='bbox 813 1140 912 1211; x_wconf 81' lang='grc' dir='ltr'><strong>τὴν</strong></span> <span class='ocrx_word' id='word_1_73' title='bbox 953 1138 1117 1192; x_wconf 81' lang='grc' dir='ltr'>αὑτοῦ</span> <span class='ocrx_word' id='word_1_74' title='bbox 1165 1137 1417 1207; x_wconf 83' lang='grc' dir='ltr'>τελευτὴν</span> <span class='ocrx_word' id='word_1_75' title='bbox 1462 1132 1830 1204; x_wconf 87' lang='grc' dir='ltr'>κακοφημίαν.</span> <span class='ocrx_word' id='word_1_76' title='bbox 1874 1131 1941 1183; x_wconf 87' lang='grc' dir='ltr'>Ἡ</span> 
     </span>
    </p>
   </div>
   <div class='ocr_carea' id='block_1_13' title="bbox 373 1224 1937 1304">
    <p class='ocr_par' dir='ltr' id='par_1_13' title="bbox 373 1224 1937 1304">
     <span class='ocr_line' id='line_1_13' title="bbox 373 1224 1937 1304; baseline -0.005 -20"><span class='ocrx_word' id='word_1_77' title='bbox 373 1233 480 1303; x_wconf 88' lang='grc' dir='ltr'>γὰρ</span> <span class='ocrx_word' id='word_1_78' title='bbox 510 1234 656 1286; x_wconf 84' lang='grc' dir='ltr'>αίτία</span> <span class='ocrx_word' id='word_1_79' title='bbox 684 1236 717 1304; x_wconf 81' lang='grc' dir='ltr'>ἡ</span> <span class='ocrx_word' id='word_1_80' title='bbox 751 1234 829 1295; x_wconf 89' lang='grc' dir='ltr'><strong>είς</strong></span> <span class='ocrx_word' id='word_1_81' title='bbox 856 1231 1016 1284; x_wconf 76' lang='grc' dir='ltr'>αὑτὸν</span> <span class='ocrx_word' id='word_1_82' title='bbox 1045 1229 1298 1300; x_wconf 82' lang='grc' dir='ltr'>φθάσασα</span> <span class='ocrx_word' id='word_1_83' title='bbox 1341 1225 1563 1296; x_wconf 84' lang='grc' dir='ltr'>τοιαύτη</span> <span class='ocrx_word' id='word_1_84' title='bbox 1592 1241 1674 1287; x_wconf 89' lang='grc' dir='ltr'><strong>τις</strong></span> <span class='ocrx_word' id='word_1_85' title='bbox 1700 1224 1937 1292; x_wconf 82' lang='grc' dir='ltr'>γέγονεν·</span> 
     </span>
    </p>
   </div>
   <div class='ocr_carea' id='block_1_14' title="bbox 383 1315 1942 1392">
    <p class='ocr_par' dir='ltr' id='par_1_14' title="bbox 383 1315 1942 1392">
     <span class='ocr_line' id='line_1_14' title="bbox 383 1315 1942 1392; baseline -0.007 -15"><span class='ocrx_word' id='word_1_86' title='bbox 383 1325 556 1378; x_wconf 83' lang='grc' dir='ltr'><strong>Ἑάλω</strong></span> <span class='ocrx_word' id='word_1_87' title='bbox 591 1342 672 1388; x_wconf 91' lang='grc' dir='ltr'><strong>τις</strong></span> <span class='ocrx_word' id='word_1_88' title='bbox 699 1323 938 1385; x_wconf 82' lang='grc' dir='ltr'>τοιοῦτος</span> <span class='ocrx_word' id='word_1_89' title='bbox 969 1322 1061 1375; x_wconf 73' lang='grc' dir='ltr'>ἐπὶ</span> <span class='ocrx_word' id='word_1_90' title='bbox 1109 1320 1350 1392; x_wconf 78' lang='grc' dir='ltr'>ἁμαρτία</span> <span class='ocrx_word' id='word_1_91' title='bbox 1395 1316 1669 1383; x_wconf 89' lang='grc' dir='ltr'>γυναικός.</span> <span class='ocrx_word' id='word_1_92' title='bbox 1718 1317 1828 1369; x_wconf 74' lang='grc' dir='ltr'>Καὶ</span> <span class='ocrx_word' id='word_1_93' title='bbox 1867 1315 1942 1376; x_wconf 85' lang='grc' dir='ltr'>ὡς</span> 
     </span>
    </p>
   </div>
   <div class='ocr_carea' id='block_1_15' title="bbox 377 1405 1943 1487">
    <p class='ocr_par' dir='ltr' id='par_1_15' title="bbox 377 1405 1943 1487">
     <span class='ocr_line' id='line_1_15' title="bbox 377 1405 1943 1487; baseline -0.007 -19"><span class='ocrx_word' id='word_1_94' title='bbox 377 1416 632 1487; x_wconf 75' lang='grc' dir='ltr'>ηλέγχετο</span> <span class='ocrx_word' id='word_1_95' title='bbox 681 1415 769 1482; x_wconf 85' lang='grc' dir='ltr'>ὑφ’</span> <span class='ocrx_word' id='word_1_96' title='bbox 811 1413 988 1484; x_wconf 81' lang='grc' dir='ltr'>ἡμῶν,</span> <span class='ocrx_word' id='word_1_97' title='bbox 1033 1411 1326 1480; x_wconf 87' lang='grc' dir='ltr'>ἀπολογίαν</span> <span class='ocrx_word' id='word_1_98' title='bbox 1373 1410 1574 1480; x_wconf 91' lang='grc' dir='ltr'>ταύτην</span> <span class='ocrx_word' id='word_1_99' title='bbox 1617 1407 1830 1478; x_wconf 76' lang='grc' dir='ltr'>ἔφερεν,</span> <span class='ocrx_word' id='word_1_100' title='bbox 1868 1405 1943 1468; x_wconf 85' lang='grc' dir='ltr'>ὼς</span> 
     </span>
    </p>
   </div>
   <div class='ocr_carea' id='block_1_16' title="bbox 377 1500 1946 1578">
    <p class='ocr_par' dir='ltr' id='par_1_16' title="bbox 377 1500 1946 1578">
     <span class='ocr_line' id='line_1_16' title="bbox 377 1500 1946 1578; baseline -0.008 -16"><span class='ocrx_word' id='word_1_101' title='bbox 377 1509 474 1578; x_wconf 80' lang='grc' dir='ltr'>τῆς</span> <span class='ocrx_word' id='word_1_102' title='bbox 506 1507 914 1578; x_wconf 77' lang='grc' dir='ltr'>συμφθαρείσης</span> <span class='ocrx_word' id='word_1_103' title='bbox 943 1504 1091 1576; x_wconf 84' lang='grc' dir='ltr'>αὑτῷ</span> <span class='ocrx_word' id='word_1_104' title='bbox 1121 1503 1396 1573; x_wconf 83' lang='grc' dir='ltr'>γυναικὸς,</span> <span class='ocrx_word' id='word_1_105' title='bbox 1443 1503 1682 1568; x_wconf 80' lang='grc' dir='ltr'>καίτοιγε</span> <span class='ocrx_word' id='word_1_106' title='bbox 1711 1500 1813 1570; x_wconf 74' lang='grc' dir='ltr'>ἤδη</span> <span class='ocrx_word' id='word_1_107' title='bbox 1849 1514 1946 1550; x_wconf 90' lang='grc' dir='ltr'>πε-</span> 
     </span>
    </p>
   </div>
   <div class='ocr_carea' id='block_1_17' title="bbox 378 1590 1946 1671">
    <p class='ocr_par' dir='ltr' id='par_1_17' title="bbox 378 1590 1946 1671">
     <span class='ocr_line' id='line_1_17' title="bbox 378 1590 1946 1671; baseline -0.008 -17"><span class='ocrx_word' id='word_1_108' title='bbox 378 1599 764 1671; x_wconf 85' lang='grc' dir='ltr'>παλαιωμένης</span> <span class='ocrx_word' id='word_1_109' title='bbox 805 1599 895 1651; x_wconf 77' lang='grc' dir='ltr'>τὸν</span> <span class='ocrx_word' id='word_1_110' title='bbox 937 1597 1159 1668; x_wconf 85' lang='grc' dir='ltr'>χρόνον,</span> <span class='ocrx_word' id='word_1_111' title='bbox 1219 1597 1312 1649; x_wconf 78' lang='grc' dir='ltr'>καὶ</span> <span class='ocrx_word' id='word_1_112' title='bbox 1364 1595 1422 1646; x_wconf 78' lang='grc' dir='ltr'><strong>ἐν</strong></span> <span class='ocrx_word' id='word_1_113' title='bbox 1473 1593 1656 1666; x_wconf 76' lang='grc' dir='ltr'>ἡλικίᾳ.</span> <span class='ocrx_word' id='word_1_114' title='bbox 1701 1590 1946 1664; x_wconf 75' lang='grc' dir='ltr'>γηραλέα</span> 
     </span>
    </p>
   </div>
   <div class='ocr_carea' id='block_1_18' title="bbox 379 1682 1947 1762">
    <p class='ocr_par' dir='ltr' id='par_1_18' title="bbox 379 1682 1947 1762">
     <span class='ocr_line' id='line_1_18' title="bbox 379 1682 1947 1762; baseline -0.006 -17"><span class='ocrx_word' id='word_1_115' title='bbox 379 1691 748 1762; x_wconf 79' lang='grc' dir='ltr'>ὑπαρχούσης,</span> <span class='ocrx_word' id='word_1_116' title='bbox 795 1688 1052 1758; x_wconf 73' lang='grc' dir='ltr'>εἰπούσης</span> <span class='ocrx_word' id='word_1_117' title='bbox 1091 1687 1240 1758; x_wconf 86' lang='grc' dir='ltr'>αὑτῷ</span> <span class='ocrx_word' id='word_1_118' title='bbox 1285 1686 1382 1758; x_wconf 79' lang='grc' dir='ltr'>τὴν</span> <span class='ocrx_word' id='word_1_119' title='bbox 1425 1685 1524 1755; x_wconf 80' lang='grc' dir='ltr'>τῆς</span> <span class='ocrx_word' id='word_1_120' title='bbox 1570 1682 1947 1754; x_wconf 80' lang='grc' dir='ltr'>κακοπραγίας</span> 
     </span>
    </p>
   </div>
   <div class='ocr_carea' id='block_1_19' title="bbox 381 1773 1948 1854">
    <p class='ocr_par' dir='ltr' id='par_1_19' title="bbox 381 1773 1948 1854">
     <span class='ocr_line' id='line_1_19' title="bbox 381 1773 1948 1854; baseline -0.008 -17"><span class='ocrx_word' id='word_1_121' title='bbox 381 1784 679 1854; x_wconf 78' lang='grc' dir='ltr'>ἐργασίαν·</span> <span class='ocrx_word' id='word_1_122' title='bbox 713 1781 788 1845; x_wconf 85' lang='grc' dir='ltr'>ὡς</span> <span class='ocrx_word' id='word_1_123' title='bbox 829 1779 1060 1852; x_wconf 79' lang='grc' dir='ltr'>χρῆσθαι</span> <span class='ocrx_word' id='word_1_124' title='bbox 1108 1781 1204 1850; x_wconf 79' lang='grc' dir='ltr'><strong>μὲν</strong></span> <span class='ocrx_word' id='word_1_125' title='bbox 1251 1779 1413 1832; x_wconf 80' lang='grc' dir='ltr'>αὑτὸν</span> <span class='ocrx_word' id='word_1_126' title='bbox 1465 1777 1766 1840; x_wconf 76' lang='grc' dir='ltr'>ἐδίδασκεν,</span> <span class='ocrx_word' id='word_1_127' title='bbox 1815 1773 1948 1839; x_wconf 77' lang='grc' dir='ltr'>ἐξω-</span> 
     </span>
    </p>
   </div>
   <div class='ocr_carea' id='block_1_20' title="bbox 2034 568 3600 651">
    <p class='ocr_par' dir='ltr' id='par_1_20' title="bbox 2034 568 3600 651">
     <span class='ocr_line' id='line_1_20' title="bbox 2034 568 3600 651; baseline -0.006 -18"><span class='ocrx_word' id='word_1_128' title='bbox 2034 580 2234 651; x_wconf 91' lang='lat' dir='ltr'><strong>oppido</strong></span> <span class='ocrx_word' id='word_1_129' title='bbox 2271 579 2459 635; x_wconf 91' lang='lat' dir='ltr'><strong>multis</strong></span> <span class='ocrx_word' id='word_1_130' title='bbox 2508 577 2668 632; x_wconf 88' lang='lat' dir='ltr'><strong>annis</strong></span> <span class='ocrx_word' id='word_1_131' title='bbox 2721 574 2978 628; x_wconf 77' lang='lat' dir='ltr'><strong>Ecclesia:</strong></span> <span class='ocrx_word' id='word_1_132' title='bbox 3031 569 3274 640; x_wconf 65' lang='lat' dir='ltr'><strong>praefuit,</strong></span> <span class='ocrx_word' id='word_1_133' title='bbox 3333 568 3492 640; x_wconf 82' lang='lat'><strong>522</strong></span> <span class='ocrx_word' id='word_1_134' title='bbox 3545 578 3600 623; x_wconf 90' lang='lat' dir='ltr'><strong>et</strong></span> 
     </span>
    </p>
   </div>
   <div class='ocr_carea' id='block_1_21' title="bbox 2035 663 3599 727">
    <p class='ocr_par' dir='ltr' id='par_1_21' title="bbox 2035 663 3599 727">
     <span class='ocr_line' id='line_1_21' title="bbox 2035 663 3599 727; baseline -0.007 0"><span class='ocrx_word' id='word_1_135' title='bbox 2035 671 2452 727; x_wconf 83' lang='lat' dir='ltr'><strong>contubernales</strong></span> <span class='ocrx_word' id='word_1_136' title='bbox 2485 667 2796 724; x_wconf 74' lang='lat' dir='ltr'><strong>istiusmodi</strong></span> <span class='ocrx_word' id='word_1_137' title='bbox 2850 664 3080 721; x_wconf 79' lang='lat' dir='ltr'><strong>feminas</strong></span> <span class='ocrx_word' id='word_1_138' title='bbox 3132 663 3196 717; x_wconf 90' lang='lat' dir='ltr'><strong>ad</strong></span> <span class='ocrx_word' id='word_1_139' title='bbox 3241 663 3599 718; x_wconf 89' lang='lat' dir='ltr'><strong>domesticum</strong></span> 
     </span>
    </p>
   </div>
   <div class='ocr_carea' id='block_1_22' title="bbox 2036 754 3606 828">
    <p class='ocr_par' dir='ltr' id='par_1_22' title="bbox 2036 754 3606 828">
     <span class='ocr_line' id='line_1_22' title="bbox 2036 754 3606 828; baseline -0.004 -11"><span class='ocrx_word' id='word_1_140' title='bbox 2036 763 2400 818; x_wconf 74' lang='lat' dir='ltr'><strong>ministerium</strong></span> <span class='ocrx_word' id='word_1_141' title='bbox 2432 761 2658 816; x_wconf 82' lang='lat' dir='ltr'><strong>habuit-</strong></span> <span class='ocrx_word' id='word_1_142' title='bbox 2699 773 2858 828; x_wconf 89' lang='lat' dir='ltr'><strong>quem</strong></span> <span class='ocrx_word' id='word_1_143' title='bbox 2893 771 2994 811; x_wconf 91' lang='lat' dir='ltr'><strong>nos</strong></span> <span class='ocrx_word' id='word_1_144' title='bbox 3020 756 3180 810; x_wconf 91' lang='lat' dir='ltr'><strong>etiam</strong></span> <span class='ocrx_word' id='word_1_145' title='bbox 3219 770 3283 809; x_wconf 87' lang='lat' dir='ltr'><strong>ex</strong></span> <span class='ocrx_word' id='word_1_146' title='bbox 3331 754 3606 810; x_wconf 84' lang='lat' dir='ltr'><strong>confesso-</strong></span> 
     </span>
    </p>
   </div>
   <div class='ocr_carea' id='block_1_23' title="bbox 2037 846 3605 916">
    <p class='ocr_par' dir='ltr' id='par_1_23' title="bbox 2037 846 3605 916">
     <span class='ocr_line' id='line_1_23' title="bbox 2037 846 3605 916; baseline -0.004 -8"><span class='ocrx_word' id='word_1_147' title='bbox 2037 870 2157 908; x_wconf 90' lang='lat' dir='ltr'><strong>rum</strong></span> <span class='ocrx_word' id='word_1_148' title='bbox 2190 868 2416 908; x_wconf 87' lang='lat' dir='ltr'><strong>numero</strong></span> <span class='ocrx_word' id='word_1_149' title='bbox 2444 851 2617 907; x_wconf 76' lang='lat' dir='ltr'><strong>fuisse</strong></span> <span class='ocrx_word' id='word_1_150' title='bbox 2649 850 2876 906; x_wconf 85' lang='lat' dir='ltr'><strong>scimus.</strong></span> <span class='ocrx_word' id='word_1_151' title='bbox 2899 847 3004 904; x_wconf 88' lang='lat' dir='ltr'><strong>Sed</strong></span> <span class='ocrx_word' id='word_1_152' title='bbox 3034 848 3122 909; x_wconf 89' lang='lat' dir='ltr'><strong>iis,</strong></span> <span class='ocrx_word' id='word_1_153' title='bbox 3155 846 3248 916; x_wconf 88' lang='lat' dir='ltr'><strong>qui</strong></span> <span class='ocrx_word' id='word_1_154' title='bbox 3277 846 3344 901; x_wconf 90' lang='lat' dir='ltr'><strong>de</strong></span> <span class='ocrx_word' id='word_1_155' title='bbox 3371 861 3437 901; x_wconf 88' lang='lat' dir='ltr'><strong>eo</strong></span> <span class='ocrx_word' id='word_1_156' title='bbox 3457 847 3605 901; x_wconf 88' lang='lat' dir='ltr'><strong>istud</strong></span> 
     </span>
    </p>
   </div>
   <div class='ocr_carea' id='block_1_24' title="bbox 2039 938 3606 1010">
    <p class='ocr_par' dir='ltr' id='par_1_24' title="bbox 2039 938 3606 1010">
     <span class='ocr_line' id='line_1_24' title="bbox 2039 938 3606 1010; baseline -0.004 -12"><span class='ocrx_word' id='word_1_157' title='bbox 2039 944 2393 1006; x_wconf 78' lang='lat' dir='ltr'><strong>aﬂirmarent,</strong></span> <span class='ocrx_word' id='word_1_158' title='bbox 2433 951 2488 998; x_wconf 87' lang='lat' dir='ltr'><strong>et</strong></span> <span class='ocrx_word' id='word_1_159' title='bbox 2540 943 2606 997; x_wconf 92' lang='lat' dir='ltr'><strong>de</strong></span> <span class='ocrx_word' id='word_1_160' title='bbox 2637 940 2976 996; x_wconf 81' lang='lat' dir='ltr'><strong>mulierculis</strong></span> <span class='ocrx_word' id='word_1_161' title='bbox 3009 940 3144 1010; x_wconf 84' lang='lat' dir='ltr'><strong>ipsis</strong></span> <span class='ocrx_word' id='word_1_162' title='bbox 3175 939 3497 1009; x_wconf 82' lang='lat' dir='ltr'><strong>cognovisse</strong></span> <span class='ocrx_word' id='word_1_163' title='bbox 3525 938 3606 992; x_wconf 55' lang='lat' dir='ltr'><strong>die</strong></span> 
     </span>
    </p>
   </div>
   <div class='ocr_carea' id='block_1_25' title="bbox 2040 1027 3605 1100">
    <p class='ocr_par' dir='ltr' id='par_1_25' title="bbox 2040 1027 3605 1100">
     <span class='ocr_line' id='line_1_25' title="bbox 2040 1027 3605 1100; baseline -0.006 -10"><span class='ocrx_word' id='word_1_164' title='bbox 2040 1045 2249 1097; x_wconf 89' lang='lat' dir='ltr'><strong>cerent,</strong></span> <span class='ocrx_word' id='word_1_165' title='bbox 2285 1035 2441 1090; x_wconf 80' lang='lat' dir='ltr'><strong>ﬁdem</strong></span> <span class='ocrx_word' id='word_1_166' title='bbox 2473 1035 2677 1088; x_wconf 87' lang='lat' dir='ltr'><strong>nullam</strong></span> <span class='ocrx_word' id='word_1_167' title='bbox 2711 1032 3071 1088; x_wconf 89' lang='lat' dir='ltr'><strong>adhibendam</strong></span> <span class='ocrx_word' id='word_1_168' title='bbox 3105 1031 3437 1100; x_wconf 83' lang='lat' dir='ltr'><strong>putavimus.</strong></span> <span class='ocrx_word' id='word_1_169' title='bbox 3470 1027 3605 1083; x_wconf 85' lang='lat' dir='ltr'><strong>Nam</strong></span> 
     </span>
    </p>
   </div>
   <div class='ocr_carea' id='block_1_26' title="bbox 2040 1119 3607 1198">
    <p class='ocr_par' dir='ltr' id='par_1_26' title="bbox 2040 1119 3607 1198">
     <span class='ocr_line' id='line_1_26' title="bbox 2040 1119 3607 1198; baseline -0.008 -18"><span class='ocrx_word' id='word_1_170' title='bbox 2040 1140 2232 1181; x_wconf 88' lang='lat' dir='ltr'><strong>eorum</strong></span> <span class='ocrx_word' id='word_1_171' title='bbox 2264 1125 2360 1195; x_wconf 89' lang='lat' dir='ltr'><strong>qui</strong></span> <span class='ocrx_word' id='word_1_172' title='bbox 2413 1124 2464 1178; x_wconf 88' lang='lat' dir='ltr'><strong>id</strong></span> <span class='ocrx_word' id='word_1_173' title='bbox 2499 1123 2780 1193; x_wconf 77' lang='lat' dir='ltr'><strong>iactabant</strong></span> <span class='ocrx_word' id='word_1_174' title='bbox 2804 1162 2820 1187; x_wconf 96' lang='lat'><strong>,</strong></span> <span class='ocrx_word' id='word_1_175' title='bbox 2853 1120 3173 1191; x_wconf 86' lang='lat' dir='ltr'><strong>improbitas</strong></span> <span class='ocrx_word' id='word_1_176' title='bbox 3227 1119 3607 1198; x_wconf 74' lang='lat' dir='ltr'><strong>necessitatem</strong></span> 
     </span>
    </p>
   </div>
   <div class='ocr_carea' id='block_1_27' title="bbox 2042 1210 3610 1287">
    <p class='ocr_par' dir='ltr' id='par_1_27' title="bbox 2042 1210 3610 1287">
     <span class='ocr_line' id='line_1_27' title="bbox 2042 1210 3610 1287; baseline -0.004 -17"><span class='ocrx_word' id='word_1_177' title='bbox 2042 1217 2333 1287; x_wconf 83' lang='lat' dir='ltr'><strong>quamdam</strong></span> <span class='ocrx_word' id='word_1_178' title='bbox 2389 1217 2610 1281; x_wconf 90' lang='lat' dir='ltr'><strong>attulit,</strong></span> <span class='ocrx_word' id='word_1_179' title='bbox 2645 1223 2706 1269; x_wconf 91' lang='lat' dir='ltr'><strong>ut</strong></span> <span class='ocrx_word' id='word_1_180' title='bbox 2758 1213 3049 1284; x_wconf 89' lang='lat' dir='ltr'><strong>aliquando</strong></span> <span class='ocrx_word' id='word_1_181' title='bbox 3078 1211 3424 1268; x_wconf 86' lang='lat' dir='ltr'><strong>crederemus</strong></span> <span class='ocrx_word' id='word_1_182' title='bbox 3455 1253 3470 1276; x_wconf 94' lang='lat'><strong>,</strong></span> <span class='ocrx_word' id='word_1_183' title='bbox 3509 1210 3610 1264; x_wconf 85' lang='lat' dir='ltr'><strong>ali-</strong></span> 
     </span>
    </p>
   </div>
   <div class='ocr_carea' id='block_1_28' title="bbox 2043 1303 3612 1377">
    <p class='ocr_par' dir='ltr' id='par_1_28' title="bbox 2043 1303 3612 1377">
     <span class='ocr_line' id='line_1_28' title="bbox 2043 1303 3612 1377; baseline -0.005 -15"><span class='ocrx_word' id='word_1_184' title='bbox 2043 1307 2261 1377; x_wconf 87' lang='lat' dir='ltr'><strong>quando</strong></span> <span class='ocrx_word' id='word_1_185' title='bbox 2294 1307 2514 1362; x_wconf 88' lang='lat' dir='ltr'><strong>minime</strong></span> <span class='ocrx_word' id='word_1_186' title='bbox 2547 1309 2896 1361; x_wconf 86' lang='lat' dir='ltr'><strong>crederemus</strong></span> <span class='ocrx_word' id='word_1_187' title='bbox 2924 1319 3044 1374; x_wconf 79' lang='lat' dir='ltr'><strong>qua:</strong></span> <span class='ocrx_word' id='word_1_188' title='bbox 3074 1303 3142 1358; x_wconf 91' lang='lat' dir='ltr'><strong>ad</strong></span> <span class='ocrx_word' id='word_1_189' title='bbox 3183 1317 3333 1359; x_wconf 81' lang='lat' dir='ltr'><strong>senis</strong></span> <span class='ocrx_word' id='word_1_190' title='bbox 3365 1303 3509 1358; x_wconf 90' lang='lat' dir='ltr'><strong>illius</strong></span> <span class='ocrx_word' id='word_1_191' title='bbox 3536 1303 3612 1355; x_wconf 90' lang='lat' dir='ltr'><strong>in-</strong></span> 
     </span>
    </p>
   </div>
   <div class='ocr_carea' id='block_1_29' title="bbox 2046 1393 3614 1468">
    <p class='ocr_par' dir='ltr' id='par_1_29' title="bbox 2046 1393 3614 1468">
     <span class='ocr_line' id='line_1_29' title="bbox 2046 1393 3614 1468; baseline -0.003 -16"><span class='ocrx_word' id='word_1_192' title='bbox 2046 1400 2265 1452; x_wconf 80' lang='lat' dir='ltr'><strong>famiam</strong></span> <span class='ocrx_word' id='word_1_193' title='bbox 2295 1397 2560 1468; x_wconf 88' lang='lat' dir='ltr'><strong>episcopi,</strong></span> <span class='ocrx_word' id='word_1_194' title='bbox 2592 1405 2718 1468; x_wconf 89' lang='lat' dir='ltr'><strong>post</strong></span> <span class='ocrx_word' id='word_1_195' title='bbox 2753 1397 2874 1466; x_wconf 88' lang='lat' dir='ltr'><strong>ejus</strong></span> <span class='ocrx_word' id='word_1_196' title='bbox 2903 1396 3135 1459; x_wconf 87' lang='lat' dir='ltr'><strong>obitum,</strong></span> <span class='ocrx_word' id='word_1_197' title='bbox 3165 1393 3451 1449; x_wconf 75' lang='lat' dir='ltr'><strong>referrent.</strong></span> <span class='ocrx_word' id='word_1_198' title='bbox 3485 1393 3614 1447; x_wconf 85' lang='lat' dir='ltr'><strong>Por-</strong></span> 
     </span>
    </p>
   </div>
   <div class='ocr_carea' id='block_1_30' title="bbox 2046 1485 3611 1558">
    <p class='ocr_par' dir='ltr' id='par_1_30' title="bbox 2046 1485 3611 1558">
     <span class='ocr_line' id='line_1_30' title="bbox 2046 1485 3611 1558; baseline -0.004 -15"><span class='ocrx_word' id='word_1_199' title='bbox 2046 1505 2108 1545; x_wconf 91' lang='lat' dir='ltr'><strong>ro</strong></span> <span class='ocrx_word' id='word_1_200' title='bbox 2140 1491 2342 1544; x_wconf 87' lang='lat' dir='ltr'><strong>crimen</strong></span> <span class='ocrx_word' id='word_1_201' title='bbox 2371 1489 2500 1542; x_wconf 90' lang='lat' dir='ltr'><strong>illud</strong></span> <span class='ocrx_word' id='word_1_202' title='bbox 2527 1488 2684 1558; x_wconf 87' lang='lat' dir='ltr'><strong>cujus</strong></span> <span class='ocrx_word' id='word_1_203' title='bbox 2711 1487 3152 1549; x_wconf 89' lang='lat' dir='ltr'><strong>insimulabatur,</strong></span> <span class='ocrx_word' id='word_1_204' title='bbox 3191 1485 3456 1554; x_wconf 87' lang='lat' dir='ltr'><strong>ejusmodi</strong></span> <span class='ocrx_word' id='word_1_205' title='bbox 3489 1485 3611 1538; x_wconf 79' lang='lat' dir='ltr'><strong>fuit.</strong></span> 
     </span>
    </p>
   </div>
   <div class='ocr_carea' id='block_1_31' title="bbox 2047 1569 3615 1648">
    <p class='ocr_par' dir='ltr' id='par_1_31' title="bbox 2047 1569 3615 1648">
     <span class='ocr_line' id='line_1_31' title="bbox 2047 1569 3615 1648; baseline -0.003 -14"><span class='ocrx_word' id='word_1_206' title='bbox 2047 1582 2183 1634; x_wconf 86' lang='lat' dir='ltr'><strong>Cum</strong></span> <span class='ocrx_word' id='word_1_207' title='bbox 2211 1595 2278 1634; x_wconf 81' lang='lat' dir='ltr'><strong>ex</strong></span> <span class='ocrx_word' id='word_1_208' title='bbox 2302 1569 2626 1634; x_wconf 49' lang='lat' dir='ltr'><strong>eaﬁwtione</strong></span> <span class='ocrx_word' id='word_1_209' title='bbox 2651 1592 2714 1632; x_wconf 90' lang='lat' dir='ltr'><strong>ac</strong></span> <span class='ocrx_word' id='word_1_210' title='bbox 2744 1592 2906 1648; x_wconf 89' lang='lat' dir='ltr'><strong>grege</strong></span> <span class='ocrx_word' id='word_1_211' title='bbox 2929 1577 3147 1646; x_wconf 89' lang='lat' dir='ltr'><strong>quidam</strong></span> <span class='ocrx_word' id='word_1_212' title='bbox 3175 1575 3431 1630; x_wconf 80' lang='lat' dir='ltr'><strong>facinoris</strong></span> <span class='ocrx_word' id='word_1_213' title='bbox 3457 1575 3615 1629; x_wconf 89' lang='lat' dir='ltr'><strong>istius</strong></span> 
     </span>
    </p>
   </div>
   <div class='ocr_carea' id='block_1_32' title="bbox 2048 1665 3618 1739">
    <p class='ocr_par' dir='ltr' id='par_1_32' title="bbox 2048 1665 3618 1739">
     <span class='ocr_line' id='line_1_32' title="bbox 2048 1665 3618 1739; baseline -0.004 -16"><span class='ocrx_word' id='word_1_214' title='bbox 2048 1671 2332 1724; x_wconf 88' lang='lat' dir='ltr'><strong>convictus</strong></span> <span class='ocrx_word' id='word_1_215' title='bbox 2373 1684 2401 1723; x_wconf 90' lang='lat' dir='ltr'><strong>a</strong></span> <span class='ocrx_word' id='word_1_216' title='bbox 2437 1669 2601 1724; x_wconf 89' lang='lat' dir='ltr'><strong>nobis</strong></span> <span class='ocrx_word' id='word_1_217' title='bbox 2648 1668 3098 1739; x_wconf 83' lang='lat' dir='ltr'><strong>redargueretur,</strong></span> <span class='ocrx_word' id='word_1_218' title='bbox 3141 1667 3244 1720; x_wconf 89' lang='lat' dir='ltr'><strong>hoc</strong></span> <span class='ocrx_word' id='word_1_219' title='bbox 3292 1665 3358 1720; x_wconf 79' lang='lat' dir='ltr'><strong>ad</strong></span> <span class='ocrx_word' id='word_1_220' title='bbox 3389 1679 3618 1736; x_wconf 88' lang='lat' dir='ltr'><strong>purgan-</strong></span> 
     </span>
    </p>
   </div>
   <div class='ocr_carea' id='block_1_33' title="bbox 2051 1759 3618 1828">
    <p class='ocr_par' dir='ltr' id='par_1_33' title="bbox 2051 1759 3618 1828">
     <span class='ocr_line' id='line_1_33' title="bbox 2051 1759 3618 1828; baseline -0.003 -13"><span class='ocrx_word' id='word_1_221' title='bbox 2051 1762 2180 1815; x_wconf 91' lang='lat' dir='ltr'><strong>dum</strong></span> <span class='ocrx_word' id='word_1_222' title='bbox 2216 1776 2340 1816; x_wconf 84' lang='lat' dir='ltr'><strong>sese</strong></span> <span class='ocrx_word' id='word_1_223' title='bbox 2373 1761 2427 1815; x_wconf 89' lang='lat' dir='ltr'><strong>in</strong></span> <span class='ocrx_word' id='word_1_224' title='bbox 2465 1759 2702 1815; x_wconf 90' lang='lat' dir='ltr'><strong>medium</strong></span> <span class='ocrx_word' id='word_1_225' title='bbox 2730 1760 2939 1814; x_wconf 88' lang='lat' dir='ltr'><strong>attulit:</strong></span> <span class='ocrx_word' id='word_1_226' title='bbox 2971 1759 3040 1813; x_wconf 90' lang='lat' dir='ltr'><strong>ab</strong></span> <span class='ocrx_word' id='word_1_227' title='bbox 3070 1773 3131 1813; x_wconf 90' lang='lat' dir='ltr'><strong>ea</strong></span> <span class='ocrx_word' id='word_1_228' title='bbox 3152 1797 3168 1822; x_wconf 97' lang='lat'><strong>,</strong></span> <span class='ocrx_word' id='word_1_229' title='bbox 3203 1772 3364 1828; x_wconf 88' lang='lat' dir='ltr'><strong>quam</strong></span> <span class='ocrx_word' id='word_1_230' title='bbox 3402 1767 3618 1812; x_wconf 91' lang='lat' dir='ltr'><strong>constu-</strong></span> 
     </span>
    </p>
   </div>
   <div class='ocr_carea' id='block_1_34' title="bbox 383 1849 1969 1945">
    <p class='ocr_par' dir='ltr' id='par_1_34' title="bbox 383 1849 1947 1945">
     <span class='ocr_line' id='line_1_34' title="bbox 383 1849 1947 1945; baseline -0.007 -18"><span class='ocrx_word' id='word_1_231' title='bbox 508 1875 565 1929; x_wconf 85' lang='grc' dir='ltr'>δὲ</span> <span class='ocrx_word' id='word_1_232' title='bbox 598 1875 694 1938; x_wconf 83' lang='grc' dir='ltr'>τὰς</span> <span class='ocrx_word' id='word_1_233' title='bbox 741 1849 990 1945; x_wconf 77' lang='grc' dir='ltr'>μυσαρὰς</span> <span class='ocrx_word' id='word_1_234' title='bbox 1037 1849 1200 1926; x_wconf 82' lang='grc' dir='ltr'>αὑτοῦ</span> <span class='ocrx_word' id='word_1_235' title='bbox 1252 1872 1387 1943; x_wconf 83' lang='grc' dir='ltr'><strong>ρυἀς</strong></span> <span class='ocrx_word' id='word_1_236' title='bbox 1442 1869 1533 1923; x_wconf 79' lang='grc' dir='ltr'><strong>ἐπὶ</strong></span> <span class='ocrx_word' id='word_1_237' title='bbox 1579 1868 1680 1938; x_wconf 81' lang='grc' dir='ltr'>γῆς</span> <span class='ocrx_word' id='word_1_238' title='bbox 1733 1867 1947 1920; x_wconf 79' lang='grc' dir='ltr'>διασκε-</span> 
     </span>
    </p>
   </div>
   <div class='ocr_carea' id='block_1_35' title="bbox 2066 1849 3620 1945">
    <p class='ocr_par' dir='ltr' id='par_1_35' title="bbox 2066 1849 3620 1922">
     <span class='ocr_line' id='line_1_35' title="bbox 2066 1849 3620 1922; baseline 0 -16"><span class='ocrx_word' id='word_1_239' title='bbox 2066 1860 2299 1906; x_wconf 76' lang='lat' dir='ltr'><strong>iraverat</strong></span> <span class='ocrx_word' id='word_1_240' title='bbox 2331 1892 2343 1916; x_wconf 93' lang='lat'><strong>,</strong></span> <span class='ocrx_word' id='word_1_241' title='bbox 2379 1851 2579 1906; x_wconf 76' lang='lat' dir='ltr'><strong>femina</strong></span> <span class='ocrx_word' id='word_1_242' title='bbox 2604 1891 2620 1914; x_wconf 91' lang='lat'><strong>,</strong></span> <span class='ocrx_word' id='word_1_243' title='bbox 2679 1865 2991 1922; x_wconf 90' lang='lat' dir='ltr'><strong>quanquam</strong></span> <span class='ocrx_word' id='word_1_244' title='bbox 3029 1850 3185 1906; x_wconf 71' lang='lat' dir='ltr'><strong>elfeta</strong></span> <span class='ocrx_word' id='word_1_245' title='bbox 3230 1849 3342 1918; x_wconf 91' lang='lat' dir='ltr'><strong>jam</strong></span> <span class='ocrx_word' id='word_1_246' title='bbox 3374 1858 3430 1904; x_wconf 89' lang='lat' dir='ltr'><strong>et</strong></span> <span class='ocrx_word' id='word_1_247' title='bbox 3482 1865 3620 1906; x_wconf 82' lang='lat' dir='ltr'><strong>anus</strong></span> 
     </span>
    </p>
   </div>
   <div class='ocr_carea' id='block_1_36' title="bbox 384 1966 584 2020">
    <p class='ocr_par' dir='ltr' id='par_1_36' title="bbox 384 1966 584 2020">
     <span class='ocr_line' id='line_1_36' title="bbox 384 1966 584 2020; baseline 0 0"><span class='ocrx_word' id='word_1_248' title='bbox 384 1966 448 2020; x_wconf 89' lang='grc' dir='ltr'><strong>δά</strong></span> <span class='ocrx_word' id='word_1_249' title='bbox 484 1984 584 2020; x_wconf 87' lang='grc' dir='ltr'>ειν.</span> 
     </span>
    </p>
   </div>
   <div class='ocr_carea' id='block_1_37' title="bbox 470 2246 1954 2322">
    <p class='ocr_par' dir='ltr' id='par_1_37' title="bbox 470 2246 1954 2322">
     <span class='ocr_line' id='line_1_37' title="bbox 470 2246 1954 2322; baseline -0.006 -15"><span class='ocrx_word' id='word_1_250' title='bbox 470 2254 534 2307; x_wconf 79' lang='lat' dir='ltr'><strong>l&quot;.</strong></span> <span class='ocrx_word' id='word_1_251' title='bbox 568 2252 677 2306; x_wconf 59' lang='lat' dir='ltr'><strong>Kal</strong></span> <span class='ocrx_word' id='word_1_252' title='bbox 706 2251 844 2322; x_wconf 77' lang='grc' dir='ltr'>αὕτη</span> <span class='ocrx_word' id='word_1_253' title='bbox 893 2251 990 2322; x_wconf 77' lang='grc' dir='ltr'>μὲν</span> <span class='ocrx_word' id='word_1_254' title='bbox 1030 2252 1063 2321; x_wconf 85' lang='grc' dir='ltr'>ἡ</span> <span class='ocrx_word' id='word_1_255' title='bbox 1097 2249 1298 2302; x_wconf 88' lang='grc' dir='ltr'>τούτων</span> <span class='ocrx_word' id='word_1_256' title='bbox 1347 2247 1566 2318; x_wconf 88' lang='grc' dir='ltr'>μυσαρά</span> <span class='ocrx_word' id='word_1_257' title='bbox 1608 2247 1750 2298; x_wconf 86' lang='grc' dir='ltr'>ἐστιν</span> <span class='ocrx_word' id='word_1_258' title='bbox 1791 2246 1954 2315; x_wconf 85' lang='grc' dir='ltr'>έργα-</span> 
     </span>
    </p>
   </div>
   <div class='ocr_carea' id='block_1_38' title="bbox 390 2336 1956 2407">
    <p class='ocr_par' dir='ltr' id='par_1_38' title="bbox 390 2336 1956 2407">
     <span class='ocr_line' id='line_1_38' title="bbox 390 2336 1956 2407; baseline -0.01 -6"><span class='ocrx_word' id='word_1_259' title='bbox 390 2347 500 2407; x_wconf 88' lang='grc' dir='ltr'>σία.</span> <span class='ocrx_word' id='word_1_260' title='bbox 529 2347 620 2399; x_wconf 85' lang='grc' dir='ltr'><strong>τὸν</strong></span> <span class='ocrx_word' id='word_1_261' title='bbox 648 2345 770 2399; x_wconf 91' lang='grc' dir='ltr'>νοῦν</span> <span class='ocrx_word' id='word_1_262' title='bbox 811 2344 990 2397; x_wconf 88' lang='grc' dir='ltr'>αὑτῶν</span> <span class='ocrx_word' id='word_1_263' title='bbox 1020 2341 1301 2404; x_wconf 87' lang='grc' dir='ltr'>ἀπατῶσα,</span> <span class='ocrx_word' id='word_1_264' title='bbox 1343 2340 1436 2392; x_wconf 72' lang='grc' dir='ltr'><strong>καὶ</strong></span> <span class='ocrx_word' id='word_1_265' title='bbox 1479 2340 1542 2392; x_wconf 81' lang='grc' dir='ltr'>ὲκ</span> <span class='ocrx_word' id='word_1_266' title='bbox 1589 2336 1835 2390; x_wconf 78' lang='grc' dir='ltr'>διαϐόλου</span> <span class='ocrx_word' id='word_1_267' title='bbox 1868 2352 1956 2387; x_wconf 89' lang='grc' dir='ltr'>τε-</span> 
     </span>
    </p>
   </div>
   <div class='ocr_carea' id='block_1_39' title="bbox 389 2425 1955 2510">
    <p class='ocr_par' dir='ltr' id='par_1_39' title="bbox 389 2425 1955 2510">
     <span class='ocr_line' id='line_1_39' title="bbox 389 2425 1955 2510; baseline -0.009 -17"><span class='ocrx_word' id='word_1_268' title='bbox 389 2438 733 2510; x_wconf 87' lang='grc' dir='ltr'>τυφλωμένη.</span> <span class='ocrx_word' id='word_1_269' title='bbox 759 2431 860 2489; x_wconf 59' lang='grc' dir='ltr'><strong>*Ων</strong></span> <span class='ocrx_word' id='word_1_270' title='bbox 879 2437 978 2498; x_wconf 75' lang='grc' dir='ltr'><strong>τὰς</strong></span> <span class='ocrx_word' id='word_1_271' title='bbox 1011 2433 1312 2505; x_wconf 86' lang='grc' dir='ltr'>μαρτυρίας</span> <span class='ocrx_word' id='word_1_272' title='bbox 1340 2433 1404 2485; x_wconf 89' lang='grc' dir='ltr'>δι’</span> <span class='ocrx_word' id='word_1_273' title='bbox 1433 2425 1508 2484; x_wconf 82' lang='grc' dir='ltr'>ὧν</span> <span class='ocrx_word' id='word_1_274' title='bbox 1546 2430 1852 2494; x_wconf 83' lang='grc' dir='ltr'>πίπτουσιν,</span> <span class='ocrx_word' id='word_1_275' title='bbox 1877 2427 1955 2490; x_wconf 86' lang='grc' dir='ltr'><strong>είς</strong></span> 
     </span>
    </p>
   </div>
   <div class='ocr_carea' id='block_1_40' title="bbox 394 2519 1957 2602">
    <p class='ocr_par' dir='ltr' id='par_1_40' title="bbox 394 2519 1957 2602">
     <span class='ocr_line' id='line_1_40' title="bbox 394 2519 1957 2602; baseline -0.008 -18"><span class='ocrx_word' id='word_1_276' title='bbox 394 2532 555 2602; x_wconf 80' lang='grc' dir='ltr'>μέσον</span> <span class='ocrx_word' id='word_1_277' title='bbox 584 2529 768 2600; x_wconf 84' lang='grc' dir='ltr'>φέρειν</span> <span class='ocrx_word' id='word_1_278' title='bbox 795 2528 895 2580; x_wconf 87' lang='grc' dir='ltr'><strong>οὑκ</strong></span> <span class='ocrx_word' id='word_1_279' title='bbox 917 2527 1212 2594; x_wconf 86' lang='grc' dir='ltr'>ἀναγκαῖον</span> <span class='ocrx_word' id='word_1_280' title='bbox 1237 2525 1471 2596; x_wconf 79' lang='grc' dir='ltr'>ἥγημαι,</span> <span class='ocrx_word' id='word_1_281' title='bbox 1499 2524 1586 2577; x_wconf 84' lang='grc' dir='ltr'><strong>ἵνα</strong></span> <span class='ocrx_word' id='word_1_282' title='bbox 1627 2519 1699 2591; x_wconf 83' lang='grc' dir='ltr'>μὴ</span> <span class='ocrx_word' id='word_1_283' title='bbox 1719 2519 1957 2590; x_wconf 82' lang='grc' dir='ltr'>δόξωμεν</span> 
     </span>
    </p>
   </div>
   <div class='ocr_carea' id='block_1_41' title="bbox 391 2613 1960 2693">
    <p class='ocr_par' dir='ltr' id='par_1_41' title="bbox 391 2613 1960 2693">
     <span class='ocr_line' id='line_1_41' title="bbox 391 2613 1960 2693; baseline -0.008 -17"><span class='ocrx_word' id='word_1_284' title='bbox 391 2623 456 2676; x_wconf 86' lang='grc' dir='ltr'>δι’</span> <span class='ocrx_word' id='word_1_285' title='bbox 508 2617 582 2676; x_wconf 84' lang='grc' dir='ltr'>ὧν</span> <span class='ocrx_word' id='word_1_286' title='bbox 637 2619 932 2693; x_wconf 80' lang='grc' dir='ltr'>βουλόμεθα</span> <span class='ocrx_word' id='word_1_287' title='bbox 982 2619 1352 2690; x_wconf 74' lang='grc' dir='ltr'>ἀκριϐολογεῖν</span> <span class='ocrx_word' id='word_1_288' title='bbox 1390 2619 1469 2678; x_wconf 86' lang='grc' dir='ltr'><strong>είς</strong></span> <span class='ocrx_word' id='word_1_289' title='bbox 1518 2614 1832 2684; x_wconf 83' lang='grc' dir='ltr'>ἀποτροπὴν</span> <span class='ocrx_word' id='word_1_290' title='bbox 1859 2613 1960 2678; x_wconf 81' lang='grc' dir='ltr'>τῆς</span> 
     </span>
    </p>
   </div>
   <div class='ocr_carea' id='block_1_42' title="bbox 393 2705 1960 2784">
    <p class='ocr_par' dir='ltr' id='par_1_42' title="bbox 393 2705 1960 2784">
     <span class='ocr_line' id='line_1_42' title="bbox 393 2705 1960 2784; baseline -0.009 -14"><span class='ocrx_word' id='word_1_291' title='bbox 393 2716 650 2784; x_wconf 86' lang='grc' dir='ltr'>ἀθεμίτου</span> <span class='ocrx_word' id='word_1_292' title='bbox 681 2712 966 2782; x_wconf 83' lang='grc' dir='ltr'>ἀσελγείας</span> <span class='ocrx_word' id='word_1_293' title='bbox 1001 2711 1233 2778; x_wconf 80' lang='grc' dir='ltr'>ἑκάστης</span> <span class='ocrx_word' id='word_1_294' title='bbox 1276 2708 1558 2780; x_wconf 83' lang='grc' dir='ltr'>αἱρέσεως,</span> <span class='ocrx_word' id='word_1_295' title='bbox 1590 2705 1789 2777; x_wconf 81' lang='grc' dir='ltr'>μᾶλλον</span> <span class='ocrx_word' id='word_1_296' title='bbox 1826 2720 1960 2774; x_wconf 76' lang='grc' dir='ltr'>προσ·</span> 
     </span>
    </p>
   </div>
   <div class='ocr_carea' id='block_1_43' title="bbox 395 2793 1961 2878">
    <p class='ocr_par' dir='ltr' id='par_1_43' title="bbox 395 2793 1961 2878">
     <span class='ocr_line' id='line_1_43' title="bbox 395 2793 1961 2878; baseline -0.009 -19"><span class='ocrx_word' id='word_1_297' title='bbox 395 2804 683 2878; x_wconf 79' lang='grc' dir='ltr'>τρέπεσθαι</span> <span class='ocrx_word' id='word_1_298' title='bbox 712 2803 820 2857; x_wconf 87' lang='grc' dir='ltr'><strong>τῶν</strong></span> <span class='ocrx_word' id='word_1_299' title='bbox 851 2802 1192 2872; x_wconf 88' lang='grc' dir='ltr'>ἀστηρίκτων</span> <span class='ocrx_word' id='word_1_300' title='bbox 1219 2801 1312 2854; x_wconf 75' lang='grc' dir='ltr'>καὶ</span> <span class='ocrx_word' id='word_1_301' title='bbox 1356 2796 1732 2869; x_wconf 86' lang='grc' dir='ltr'>χαυνουμένων</span> <span class='ocrx_word' id='word_1_302' title='bbox 1755 2795 1843 2848; x_wconf 78' lang='grc' dir='ltr'><strong>ἀεὶ</strong></span> <span class='ocrx_word' id='word_1_303' title='bbox 1865 2793 1961 2864; x_wconf 87' lang='grc' dir='ltr'>τὴν</span> 
     </span>
    </p>
   </div>
   <div class='ocr_carea' id='block_1_44' title="bbox 395 2885 1962 2962">
    <p class='ocr_par' dir='ltr' id='par_1_44' title="bbox 395 2885 1962 2962">
     <span class='ocr_line' id='line_1_44' title="bbox 395 2885 1962 2962; baseline -0.008 -14"><span class='ocrx_word' id='word_1_304' title='bbox 395 2896 651 2958; x_wconf 80' lang='grc' dir='ltr'>διάνοιαν,</span> <span class='ocrx_word' id='word_1_305' title='bbox 679 2894 788 2947; x_wconf 85' lang='grc' dir='ltr'><strong>τῶν</strong></span> <span class='ocrx_word' id='word_1_306' title='bbox 819 2892 879 2946; x_wconf 78' lang='grc' dir='ltr'>τὸ</span> <span class='ocrx_word' id='word_1_307' title='bbox 905 2891 1138 2962; x_wconf 77' lang='grc' dir='ltr'>πονηρὸν</span> <span class='ocrx_word' id='word_1_308' title='bbox 1163 2891 1373 2950; x_wconf 78' lang='grc' dir='ltr'>ἑαυτοῖς</span> <span class='ocrx_word' id='word_1_309' title='bbox 1400 2886 1668 2958; x_wconf 84' lang='grc' dir='ltr'>θηρᾶσθαι</span> <span class='ocrx_word' id='word_1_310' title='bbox 1695 2885 1834 2956; x_wconf 82' lang='grc' dir='ltr'>ὑπὲρ</span> <span class='ocrx_word' id='word_1_311' title='bbox 1864 2885 1962 2955; x_wconf 84' lang='grc' dir='ltr'><strong>τὴν</strong></span> 
     </span>
    </p>
   </div>
   <div class='ocr_carea' id='block_1_45' title="bbox 397 2977 1964 3056">
    <p class='ocr_par' dir='ltr' id='par_1_45' title="bbox 397 2977 1964 3056">
     <span class='ocr_line' id='line_1_45' title="bbox 397 2977 1964 3056; baseline -0.007 -16"><span class='ocrx_word' id='word_1_312' title='bbox 397 2987 703 3056; x_wconf 88' lang='grc' dir='ltr'>ἀγαθότητα</span> <span class='ocrx_word' id='word_1_313' title='bbox 731 2983 1156 3056; x_wconf 77' lang='grc' dir='ltr'>ἐπιθυμούντων.</span> <span class='ocrx_word' id='word_1_314' title='bbox 1191 2983 1285 3045; x_wconf 81' lang='grc' dir='ltr'><strong>Εἰς</strong></span> <span class='ocrx_word' id='word_1_315' title='bbox 1319 2981 1536 3050; x_wconf 72' lang='grc' dir='ltr'>ἔλεγχον</span> <span class='ocrx_word' id='word_1_316' title='bbox 1558 2979 1614 3032; x_wconf 80' lang='grc' dir='ltr'><strong>δὲ</strong></span> <span class='ocrx_word' id='word_1_317' title='bbox 1641 2977 1839 3048; x_wconf 85' lang='grc' dir='ltr'>μᾶλλον</span> <span class='ocrx_word' id='word_1_318' title='bbox 1863 2977 1964 3047; x_wconf 80' lang='grc' dir='ltr'>τῆς</span> 
     </span>
    </p>
   </div>
   <div class='ocr_carea' id='block_1_46' title="bbox 397 3067 1966 3147">
    <p class='ocr_par' dir='ltr' id='par_1_46' title="bbox 397 3067 1966 3147">
     <span class='ocr_line' id='line_1_46' title="bbox 397 3067 1966 3147; baseline -0.005 -18"><span class='ocrx_word' id='word_1_319' title='bbox 397 3077 575 3147; x_wconf 77' lang='grc' dir='ltr'>δεινῆς</span> <span class='ocrx_word' id='word_1_320' title='bbox 604 3077 804 3146; x_wconf 86' lang='grc' dir='ltr'>ταύτης</span> <span class='ocrx_word' id='word_1_321' title='bbox 861 3077 953 3128; x_wconf 76' lang='grc' dir='ltr'>καὶ</span> <span class='ocrx_word' id='word_1_322' title='bbox 985 3072 1321 3146; x_wconf 81' lang='grc' dir='ltr'>έρπετώδους</span> <span class='ocrx_word' id='word_1_323' title='bbox 1362 3073 1624 3143; x_wconf 81' lang='grc' dir='ltr'>αἱρέσεως</span> <span class='ocrx_word' id='word_1_324' title='bbox 1664 3070 1820 3139; x_wconf 86' lang='grc' dir='ltr'>ὀλίγα</span> <span class='ocrx_word' id='word_1_325' title='bbox 1857 3067 1966 3123; x_wconf 78' lang='grc' dir='ltr'><strong>ἀπὸ</strong></span> 
     </span>
    </p>
   </div>
   <div class='ocr_carea' id='block_1_47' title="bbox 401 3166 1141 3220">
    <p class='ocr_par' dir='ltr' id='par_1_47' title="bbox 401 3166 1141 3220">
     <span class='ocr_line' id='line_1_47' title="bbox 401 3166 1141 3220; baseline 0.001 -1"><span class='ocrx_word' id='word_1_326' title='bbox 401 3168 606 3220; x_wconf 82' lang='grc' dir='ltr'>πολλῶν</span> <span class='ocrx_word' id='word_1_327' title='bbox 646 3166 1049 3220; x_wconf 52' lang='grc' dir='ltr'>παοαθίκσοιιαι.</span> <span class='ocrx_word' id='word_1_328' title='bbox 1139 3185 1141 3187; x_wconf 92' lang='grc'><strong>·</strong></span> 
     </span>
    </p>
   </div>
   <div class='ocr_carea' id='block_1_48' title="bbox 475 3439 1973 3520">
    <p class='ocr_par' dir='ltr' id='par_1_48' title="bbox 475 3439 1973 3520">
     <span class='ocr_line' id='line_1_48' title="bbox 475 3439 1973 3520; baseline -0.005 -18"><span class='ocrx_word' id='word_1_329' title='bbox 475 3450 643 3503; x_wconf 77' lang='grc' dir='ltr'>Πόθεν</span> <span class='ocrx_word' id='word_1_330' title='bbox 682 3449 957 3520; x_wconf 83' lang='grc' dir='ltr'>εἰλήφατε,</span> <span class='ocrx_word' id='word_1_331' title='bbox 991 3441 1036 3501; x_wconf 78' lang='grc' dir='ltr'><strong>ὦ</strong></span> <span class='ocrx_word' id='word_1_332' title='bbox 1068 3440 1236 3508; x_wconf 73' lang='grc' dir='ltr'>οὗτοι,</span> <span class='ocrx_word' id='word_1_333' title='bbox 1273 3445 1372 3518; x_wconf 81' lang='grc' dir='ltr'><strong>τὴν</strong></span> <span class='ocrx_word' id='word_1_334' title='bbox 1398 3445 1497 3515; x_wconf 78' lang='grc' dir='ltr'><strong>τῆς</strong></span> <span class='ocrx_word' id='word_1_335' title='bbox 1525 3439 1784 3515; x_wconf 86' lang='grc' dir='ltr'>ἀθεμίτου</span> <span class='ocrx_word' id='word_1_336' title='bbox 1809 3443 1973 3515; x_wconf 80' lang='grc' dir='ltr'>ὲργα-</span> 
     </span>
    </p>
   </div>
   <div class='ocr_carea' id='block_1_49' title="bbox 407 3536 1971 3613">
    <p class='ocr_par' dir='ltr' id='par_1_49' title="bbox 407 3536 1971 3613">
     <span class='ocr_line' id='line_1_49' title="bbox 407 3536 1971 3613; baseline -0.006 -17"><span class='ocrx_word' id='word_1_337' title='bbox 407 3544 525 3606; x_wconf 87' lang='grc' dir='ltr'>σίας</span> <span class='ocrx_word' id='word_1_338' title='bbox 550 3543 826 3604; x_wconf 73' lang='grc' dir='ltr'>ὲπίνοιανς</span> <span class='ocrx_word' id='word_1_339' title='bbox 856 3539 1214 3613; x_wconf 80' lang='grc' dir='ltr'>Πρῶτον¹μὲν</span> <span class='ocrx_word' id='word_1_340' title='bbox 1253 3537 1381 3609; x_wconf 85' lang='grc' dir='ltr'>γὰρ,</span> <span class='ocrx_word' id='word_1_341' title='bbox 1416 3539 1497 3591; x_wconf 81' lang='grc' dir='ltr'>ὅτι</span> <span class='ocrx_word' id='word_1_342' title='bbox 1541 3537 1602 3590; x_wconf 84' lang='grc' dir='ltr'><strong>τὸ</strong></span> <span class='ocrx_word' id='word_1_343' title='bbox 1641 3537 1748 3589; x_wconf 82' lang='grc' dir='ltr'><strong>πᾶν</strong></span> <span class='ocrx_word' id='word_1_344' title='bbox 1771 3537 1876 3589; x_wconf 84' lang='grc' dir='ltr'>τίνι</span> <span class='ocrx_word' id='word_1_345' title='bbox 1911 3536 1971 3590; x_wconf 90' lang='grc' dir='ltr'><strong>οὑ</strong></span> 
     </span>
    </p>
   </div>
   <div class='ocr_carea' id='block_1_50' title="bbox 405 3627 1976 3705">
    <p class='ocr_par' dir='ltr' id='par_1_50' title="bbox 405 3627 1976 3705">
     <span class='ocr_line' id='line_1_50' title="bbox 405 3627 1976 3705; baseline -0.005 -18"><span class='ocrx_word' id='word_1_346' title='bbox 405 3635 562 3705; x_wconf 79' lang='grc' dir='ltr'>δῆλόν</span> <span class='ocrx_word' id='word_1_347' title='bbox 593 3636 758 3698; x_wconf 82' lang='grc' dir='ltr'>ἐστιν,</span> <span class='ocrx_word' id='word_1_348' title='bbox 785 3633 864 3686; x_wconf 86' lang='grc' dir='ltr'><strong>ὅτι</strong></span> <span class='ocrx_word' id='word_1_349' title='bbox 907 3632 1173 3702; x_wconf 84' lang='grc' dir='ltr'>δαιμόνων</span> <span class='ocrx_word' id='word_1_350' title='bbox 1215 3631 1358 3683; x_wconf 74' lang='grc' dir='ltr'>ἐστὶν</span> <span class='ocrx_word' id='word_1_351' title='bbox 1383 3631 1417 3700; x_wconf 86' lang='grc' dir='ltr'><strong>ἡ</strong></span> <span class='ocrx_word' id='word_1_352' title='bbox 1453 3628 1692 3699; x_wconf 83' lang='grc' dir='ltr'>ὑμετέρα</span> <span class='ocrx_word' id='word_1_353' title='bbox 1727 3627 1976 3681; x_wconf 89' lang='grc' dir='ltr'>διδασκα-</span> 
     </span>
    </p>
   </div>
   <div class='ocr_carea' id='block_1_51' title="bbox 405 3718 1976 3797">
    <p class='ocr_par' dir='ltr' id='par_1_51' title="bbox 405 3718 1976 3797">
     <span class='ocr_line' id='line_1_51' title="bbox 405 3718 1976 3797; baseline -0.004 -20"><span class='ocrx_word' id='word_1_354' title='bbox 405 3725 513 3790; x_wconf 87' lang='grc' dir='ltr'>λία,</span> <span class='ocrx_word' id='word_1_355' title='bbox 561 3725 922 3797; x_wconf 74' lang='grc' dir='ltr'>ἠπατημένων</span> <span class='ocrx_word' id='word_1_356' title='bbox 974 3724 1030 3777; x_wconf 78' lang='grc' dir='ltr'>δὲ</span> <span class='ocrx_word' id='word_1_357' title='bbox 1091 3722 1179 3775; x_wconf 82' lang='grc' dir='ltr'><strong>τὸν</strong></span> <span class='ocrx_word' id='word_1_358' title='bbox 1232 3721 1354 3775; x_wconf 85' lang='grc' dir='ltr'>νοῦν</span> <span class='ocrx_word' id='word_1_359' title='bbox 1401 3721 1496 3774; x_wconf 80' lang='grc' dir='ltr'><strong>καὶ</strong></span> <span class='ocrx_word' id='word_1_360' title='bbox 1542 3718 1898 3790; x_wconf 79' lang='grc' dir='ltr'>ἐφθαρμένων</span> <span class='ocrx_word' id='word_1_361' title='bbox 1942 3718 1976 3786; x_wconf 81' lang='grc' dir='ltr'>ἡ</span> 
     </span>
    </p>
   </div>
   <div class='ocr_carea' id='block_1_52' title="bbox 411 3807 1978 3884">
    <p class='ocr_par' dir='ltr' id='par_1_52' title="bbox 411 3807 1978 3884">
     <span class='ocr_line' id='line_1_52' title="bbox 411 3807 1978 3884; baseline -0.006 -16"><span class='ocrx_word' id='word_1_362' title='bbox 411 3815 796 3884; x_wconf 79' lang='grc' dir='ltr'>ἐπινενοημένη</span> <span class='ocrx_word' id='word_1_363' title='bbox 840 3813 1255 3884; x_wconf 86' lang='grc' dir='ltr'>κακομηχανία;</span> <span class='ocrx_word' id='word_1_364' title='bbox 1304 3813 1366 3864; x_wconf 82' lang='grc' dir='ltr'>Εἰ</span> <span class='ocrx_word' id='word_1_365' title='bbox 1406 3810 1516 3880; x_wconf 84' lang='grc' dir='ltr'><strong>γάρ</strong></span> <span class='ocrx_word' id='word_1_366' title='bbox 1566 3809 1702 3872; x_wconf 86' lang='grc' dir='ltr'>ὅλως</span> <span class='ocrx_word' id='word_1_367' title='bbox 1746 3807 1978 3877; x_wconf 77' lang='grc' dir='ltr'>πονηρὸν</span> 
     </span>
    </p>
   </div>
   <div class='ocr_carea' id='block_1_53' title="bbox 408 3898 1980 3976">
    <p class='ocr_par' dir='ltr' id='par_1_53' title="bbox 408 3898 1980 3976">
     <span class='ocr_line' id='line_1_53' title="bbox 408 3898 1980 3976; baseline -0.006 -16"><span class='ocrx_word' id='word_1_368' title='bbox 408 3905 471 3960; x_wconf 78' lang='grc' dir='ltr'><strong>τὸ</strong></span> <span class='ocrx_word' id='word_1_369' title='bbox 493 3908 758 3965; x_wconf 81' lang='grc' dir='ltr'>κυΐσκειν,</span> <span class='ocrx_word' id='word_1_370' title='bbox 782 3906 882 3959; x_wconf 87' lang='grc' dir='ltr'><strong>οὑκ</strong></span> <span class='ocrx_word' id='word_1_371' title='bbox 912 3907 1018 3976; x_wconf 83' lang='grc' dir='ltr'>ἄρα</span> <span class='ocrx_word' id='word_1_372' title='bbox 1039 3905 1125 3958; x_wconf 84' lang='grc' dir='ltr'>διὰ</span> <span class='ocrx_word' id='word_1_373' title='bbox 1156 3905 1215 3958; x_wconf 85' lang='grc' dir='ltr'><strong>τὸ</strong></span> <span class='ocrx_word' id='word_1_374' title='bbox 1249 3905 1602 3972; x_wconf 81' lang='grc' dir='ltr'>τεκνογονεῖν,</span> <span class='ocrx_word' id='word_1_375' title='bbox 1638 3900 1774 3954; x_wconf 89' lang='grc' dir='ltr'><strong>ἀλλά</strong></span> <span class='ocrx_word' id='word_1_376' title='bbox 1803 3900 1893 3953; x_wconf 79' lang='grc' dir='ltr'>διὰ</span> <span class='ocrx_word' id='word_1_377' title='bbox 1919 3898 1980 3951; x_wconf 74' lang='grc' dir='ltr'><strong>τὸ</strong></span> 
     </span>
    </p>
   </div>
   <div class='ocr_carea' id='block_1_54' title="bbox 414 3985 2045 4066">
    <p class='ocr_par' dir='ltr' id='par_1_54' title="bbox 414 3985 2045 4066">
     <span class='ocr_line' id='line_1_54' title="bbox 414 3985 2045 4066; baseline -0.004 -17"><span class='ocrx_word' id='word_1_378' title='bbox 414 3997 774 4050; x_wconf 83' lang='grc' dir='ltr'>συνάπτεσθαι</span> <span class='ocrx_word' id='word_1_379' title='bbox 805 3995 1035 4066; x_wconf 79' lang='grc' dir='ltr'>σώματι.</span> <span class='ocrx_word' id='word_1_380' title='bbox 1079 3995 1202 4058; x_wconf 87' lang='grc' dir='ltr'>Πῶς</span> <span class='ocrx_word' id='word_1_381' title='bbox 1238 3991 1328 4047; x_wconf 79' lang='grc' dir='ltr'><strong>οὖν</strong></span> <span class='ocrx_word' id='word_1_382' title='bbox 1355 3992 1644 4064; x_wconf 75' lang='grc' dir='ltr'>ἡττημένοι</span> <span class='ocrx_word' id='word_1_383' title='bbox 1676 3992 1834 4063; x_wconf 84' lang='grc' dir='ltr'>ήδονῇ</span> <span class='ocrx_word' id='word_1_384' title='bbox 1858 4008 1983 4043; x_wconf 84' lang='grc' dir='ltr'>συν-</span> <span class='ocrx_word' id='word_1_385' title='bbox 2042 3985 2045 3988; x_wconf 64' lang='grc'><em>’</em></span> 
     </span>
    </p>
   </div>
   <div class='ocr_carea' id='block_1_55' title="bbox 320 4080 1983 4157">
    <p class='ocr_par' dir='ltr' id='par_1_55' title="bbox 320 4080 1983 4157">
     <span class='ocr_line' id='line_1_55' title="bbox 320 4080 1983 4157; baseline -0.004 -16"><span class='ocrx_word' id='word_1_386' title='bbox 320 4150 325 4157; x_wconf 92' lang='lat'><strong>_</strong></span> <span class='ocrx_word' id='word_1_387' title='bbox 413 4086 645 4140; x_wconf 81' lang='grc' dir='ltr'>ἅπτεσθε</span> <span class='ocrx_word' id='word_1_388' title='bbox 680 4084 922 4154; x_wconf 57' lang='lat' dir='ltr'><strong>amita-ct;</strong></span> <span class='ocrx_word' id='word_1_389' title='bbox 968 4084 1078 4136; x_wconf 72' lang='grc' dir='ltr'><strong>Καὶ</strong></span> <span class='ocrx_word' id='word_1_390' title='bbox 1111 4087 1158 4137; x_wconf 86' lang='grc' dir='ltr'>εἰ</span> <span class='ocrx_word' id='word_1_391' title='bbox 1205 4084 1263 4136; x_wconf 89' lang='grc' dir='ltr'><strong>οὑ</strong></span> <span class='ocrx_word' id='word_1_392' title='bbox 1297 4083 1527 4154; x_wconf 68' lang='grc' dir='ltr'>πονηρὴν</span> <span class='ocrx_word' id='word_1_393' title='bbox 1560 4080 1619 4135; x_wconf 82' lang='grc' dir='ltr'>τὸ</span> <span class='ocrx_word' id='word_1_394' title='bbox 1648 4080 1983 4151; x_wconf 80' lang='grc' dir='ltr'>συναφθῆναι</span> 
     </span>
    </p>
   </div>
   <div class='ocr_carea' id='block_1_56' title="bbox 415 4171 1977 4243">
    <p class='ocr_par' dir='ltr' id='par_1_56' title="bbox 415 4171 1977 4243">
     <span class='ocr_line' id='line_1_56' title="bbox 415 4171 1977 4243; baseline -0.001 -19"><span class='ocrx_word' id='word_1_395' title='bbox 415 4173 644 4241; x_wconf 86' lang='grc' dir='ltr'>σώματι,</span> <span class='ocrx_word' id='word_1_396' title='bbox 679 4173 800 4226; x_wconf 82' lang='grc' dir='ltr'>οὑδὲ</span> <span class='ocrx_word' id='word_1_397' title='bbox 834 4173 1066 4243; x_wconf 82' lang='grc' dir='ltr'>πονηρὸν</span> <span class='ocrx_word' id='word_1_398' title='bbox 1097 4173 1158 4232; x_wconf 80' lang='grc' dir='ltr'><strong>τὸ</strong></span> <span class='ocrx_word' id='word_1_399' title='bbox 1195 4171 1589 4241; x_wconf 89' lang='grc' dir='ltr'>τελεσιουργεῖν</span> <span class='ocrx_word' id='word_1_400' title='bbox 1624 4171 1687 4222; x_wconf 82' lang='grc' dir='ltr'><strong>τὸ</strong></span> <span class='ocrx_word' id='word_1_401' title='bbox 1722 4186 1977 4239; x_wconf 88' lang='grc' dir='ltr'>γεγεννη-</span> 
     </span>
    </p>
   </div>
   <div class='ocr_carea' id='block_1_57' title="bbox 417 4261 1987 4336">
    <p class='ocr_par' dir='ltr' id='par_1_57' title="bbox 417 4261 1987 4336">
     <span class='ocr_line' id='line_1_57' title="bbox 417 4261 1987 4336; baseline -0.001 -19"><span class='ocrx_word' id='word_1_402' title='bbox 417 4264 594 4336; x_wconf 89' lang='grc' dir='ltr'>μένον.</span> <span class='ocrx_word' id='word_1_403' title='bbox 635 4265 704 4317; x_wconf 90' lang='grc' dir='ltr'><em>Ἢ</em></span> <span class='ocrx_word' id='word_1_404' title='bbox 742 4264 850 4335; x_wconf 78' lang='grc' dir='ltr'>γὰρ</span> <span class='ocrx_word' id='word_1_405' title='bbox 879 4261 1288 4334; x_wconf 82' lang='grc' dir='ltr'>ἀποταξάμενον</span> <span class='ocrx_word' id='word_1_406' title='bbox 1319 4261 1334 4292; x_wconf 88' lang='grc'>¹</span> <span class='ocrx_word' id='word_1_407' title='bbox 1372 4261 1655 4331; x_wconf 78' lang='grc' dir='ltr'>ἄνθρωπον</span> <span class='ocrx_word' id='word_1_408' title='bbox 1695 4263 1771 4333; x_wconf 85' lang='grc' dir='ltr'>μὴ</span> <span class='ocrx_word' id='word_1_409' title='bbox 1814 4279 1987 4333; x_wconf 88' lang='grc' dir='ltr'>γεωρ-</span> 
     </span>
    </p>
   </div>
   <div class='ocr_carea' id='block_1_58' title="bbox 415 4347 1988 4425">
    <p class='ocr_par' dir='ltr' id='par_1_58' title="bbox 415 4347 1988 4425">
     <span class='ocr_line' id='line_1_58' title="bbox 415 4347 1988 4425; baseline -0.003 -15"><span class='ocrx_word' id='word_1_410' title='bbox 415 4359 531 4425; x_wconf 89' lang='grc' dir='ltr'>γεῖν</span> <span class='ocrx_word' id='word_1_411' title='bbox 576 4357 643 4411; x_wconf 82' lang='grc' dir='ltr'><strong>τά</strong></span> <span class='ocrx_word' id='word_1_412' title='bbox 688 4357 780 4409; x_wconf 78' lang='grc' dir='ltr'><strong>ἐπὶ</strong></span> <span class='ocrx_word' id='word_1_413' title='bbox 810 4355 910 4424; x_wconf 78' lang='grc' dir='ltr'>τῆς</span> <span class='ocrx_word' id='word_1_414' title='bbox 938 4355 1062 4424; x_wconf 80' lang='grc' dir='ltr'>γῆς,</span> <span class='ocrx_word' id='word_1_415' title='bbox 1093 4354 1167 4414; x_wconf 83' lang='grc' dir='ltr'>ὡς</span> <span class='ocrx_word' id='word_1_416' title='bbox 1203 4357 1231 4407; x_wconf 88' lang='grc' dir='ltr'><strong>ὁ</strong></span> <span class='ocrx_word' id='word_1_417' title='bbox 1257 4353 1422 4408; x_wconf 80' lang='grc' dir='ltr'>Ἀὂελ</span> <span class='ocrx_word' id='word_1_418' title='bbox 1458 4347 1526 4424; x_wconf 82' lang='grc' dir='ltr'>ἦν</span> <span class='ocrx_word' id='word_1_419' title='bbox 1559 4352 1759 4424; x_wconf 85' lang='grc' dir='ltr'>ποιμὴν</span> <span class='ocrx_word' id='word_1_420' title='bbox 1786 4353 1988 4422; x_wconf 73' lang='grc' dir='ltr'>προϐά-</span> 
     </span>
    </p>
   </div>
   <div class='ocr_carea' id='block_1_59' title="bbox 2049 1941 3617 2012">
    <p class='ocr_par' dir='ltr' id='par_1_59' title="bbox 2049 1941 3617 2012">
     <span class='ocr_line' id='line_1_59' title="bbox 2049 1941 3617 2012; baseline -0.003 -12"><span class='ocrx_word' id='word_1_421' title='bbox 2049 1953 2206 2012; x_wconf 89' lang='lat' dir='ltr'><strong>erat;</strong></span> <span class='ocrx_word' id='word_1_422' title='bbox 2239 1945 2560 2001; x_wconf 64' lang='lat' dir='ltr'><strong>foedissimae</strong></span> <span class='ocrx_word' id='word_1_423' title='bbox 2589 1943 2734 1998; x_wconf 84' lang='lat' dir='ltr'><strong>illius</strong></span> <span class='ocrx_word' id='word_1_424' title='bbox 2763 1943 3004 1998; x_wconf 85' lang='lat' dir='ltr'><strong>libidinis</strong></span> <span class='ocrx_word' id='word_1_425' title='bbox 3040 1942 3302 1996; x_wconf 89' lang='lat' dir='ltr'><strong>rationem</strong></span> <span class='ocrx_word' id='word_1_426' title='bbox 3341 1941 3617 2007; x_wconf 84' lang='lat' dir='ltr'><strong>didicisse,</strong></span> 
     </span>
    </p>
   </div>
   <div class='ocr_carea' id='block_1_60' title="bbox 2052 2032 3619 2108">
    <p class='ocr_par' dir='ltr' id='par_1_60' title="bbox 2052 2032 3619 2108">
     <span class='ocr_line' id='line_1_60' title="bbox 2052 2032 3619 2108; baseline -0.004 -16"><span class='ocrx_word' id='word_1_427' title='bbox 2052 2039 2121 2092; x_wconf 89' lang='lat' dir='ltr'><strong>ab</strong></span> <span class='ocrx_word' id='word_1_428' title='bbox 2162 2053 2334 2108; x_wconf 91' lang='lat' dir='ltr'><strong>eaque</strong></span> <span class='ocrx_word' id='word_1_429' title='bbox 2367 2039 2445 2092; x_wconf 91' lang='lat' dir='ltr'><strong>uti</strong></span> <span class='ocrx_word' id='word_1_430' title='bbox 2477 2037 2770 2092; x_wconf 89' lang='lat' dir='ltr'><strong>concubitu</strong></span> <span class='ocrx_word' id='word_1_431' title='bbox 2801 2035 2882 2090; x_wconf 92' lang='lat' dir='ltr'><strong>sic</strong></span> <span class='ocrx_word' id='word_1_432' title='bbox 2909 2035 3184 2093; x_wconf 86' lang='lat' dir='ltr'><strong>edoctum.</strong></span> <span class='ocrx_word' id='word_1_433' title='bbox 3225 2041 3282 2086; x_wconf 91' lang='lat' dir='ltr'><strong>ut</strong></span> <span class='ocrx_word' id='word_1_434' title='bbox 3315 2032 3619 2088; x_wconf 87' lang='lat' dir='ltr'><strong>detestandi</strong></span> 
     </span>
    </p>
   </div>
   <div class='ocr_carea' id='block_1_61' title="bbox 2052 2128 3306 2200">
    <p class='ocr_par' dir='ltr' id='par_1_61' title="bbox 2052 2128 3306 2200">
     <span class='ocr_line' id='line_1_61' title="bbox 2052 2128 3306 2200; baseline -0.002 -18"><span class='ocrx_word' id='word_1_435' title='bbox 2052 2129 2300 2185; x_wconf 82' lang='lat' dir='ltr'><strong>humoris</strong></span> <span class='ocrx_word' id='word_1_436' title='bbox 2339 2128 2661 2200; x_wconf 82' lang='lat' dir='ltr'><strong>proﬂuvium</strong></span> <span class='ocrx_word' id='word_1_437' title='bbox 2692 2128 2747 2181; x_wconf 93' lang='lat' dir='ltr'><strong>in</strong></span> <span class='ocrx_word' id='word_1_438' title='bbox 2778 2134 2980 2180; x_wconf 90' lang='lat' dir='ltr'><strong>terram</strong></span> <span class='ocrx_word' id='word_1_439' title='bbox 3008 2135 3306 2194; x_wconf 84' lang='lat' dir='ltr'><strong>spargeret.</strong></span> 
     </span>
    </p>
   </div>
   <div class='ocr_carea' id='block_1_62' title="bbox 2125 2233 3623 2308">
    <p class='ocr_par' dir='ltr' id='par_1_62' title="bbox 2125 2233 3623 2308">
     <span class='ocr_line' id='line_1_62' title="bbox 2125 2233 3623 2308; baseline -0.002 -18"><span class='ocrx_word' id='word_1_440' title='bbox 2125 2238 2212 2292; x_wconf 73' lang='grc' dir='ltr'>ιιι.</span> <span class='ocrx_word' id='word_1_441' title='bbox 2244 2238 2419 2308; x_wconf 87' lang='lat' dir='ltr'><strong>Atque</strong></span> <span class='ocrx_word' id='word_1_442' title='bbox 2449 2239 2552 2293; x_wconf 88' lang='lat' dir='ltr'><strong>hoc</strong></span> <span class='ocrx_word' id='word_1_443' title='bbox 2582 2236 2801 2307; x_wconf 90' lang='lat' dir='ltr'><strong>quidem</strong></span> <span class='ocrx_word' id='word_1_444' title='bbox 2845 2233 3219 2304; x_wconf 89' lang='lat' dir='ltr'><strong>turpissimum</strong></span> <span class='ocrx_word' id='word_1_445' title='bbox 3252 2241 3306 2288; x_wconf 91' lang='lat' dir='ltr'><strong>et</strong></span> <span class='ocrx_word' id='word_1_446' title='bbox 3333 2248 3623 2289; x_wconf 80' lang='lat' dir='ltr'><strong>exsecran-</strong></span> 
     </span>
    </p>
   </div>
   <div class='ocr_carea' id='block_1_63' title="bbox 2055 2323 3624 2394">
    <p class='ocr_par' dir='ltr' id='par_1_63' title="bbox 2055 2323 3624 2394">
     <span class='ocr_line' id='line_1_63' title="bbox 2055 2323 3624 2394; baseline -0.004 -12"><span class='ocrx_word' id='word_1_447' title='bbox 2055 2327 2185 2382; x_wconf 91' lang='lat' dir='ltr'><strong>dum</strong></span> <span class='ocrx_word' id='word_1_448' title='bbox 2241 2337 2325 2383; x_wconf 89' lang='lat' dir='ltr'><strong>est</strong></span> <span class='ocrx_word' id='word_1_449' title='bbox 2360 2329 2578 2382; x_wconf 88' lang='lat' dir='ltr'><strong>illorum</strong></span> <span class='ocrx_word' id='word_1_450' title='bbox 2609 2326 2824 2390; x_wconf 82' lang='lat' dir='ltr'><strong>scelus,</strong></span> <span class='ocrx_word' id='word_1_451' title='bbox 2869 2324 3014 2394; x_wconf 90' lang='lat' dir='ltr'><strong>quod</strong></span> <span class='ocrx_word' id='word_1_452' title='bbox 3043 2331 3097 2378; x_wconf 89' lang='lat' dir='ltr'><strong>et</strong></span> <span class='ocrx_word' id='word_1_453' title='bbox 3136 2323 3375 2392; x_wconf 87' lang='lat' dir='ltr'><strong>ipsorum</strong></span> <span class='ocrx_word' id='word_1_454' title='bbox 3423 2324 3624 2394; x_wconf 88' lang='lat' dir='ltr'><strong>decipit</strong></span> 
     </span>
    </p>
   </div>
   <div class='ocr_carea' id='block_1_64' title="bbox 2057 2416 3626 2486">
    <p class='ocr_par' dir='ltr' id='par_1_64' title="bbox 2057 2416 3626 2486">
     <span class='ocr_line' id='line_1_64' title="bbox 2057 2416 3626 2486; baseline -0.003 -12"><span class='ocrx_word' id='word_1_455' title='bbox 2057 2423 2298 2485; x_wconf 87' lang='lat' dir='ltr'><strong>animos,</strong></span> <span class='ocrx_word' id='word_1_456' title='bbox 2339 2429 2393 2475; x_wconf 91' lang='lat' dir='ltr'><strong>et</strong></span> <span class='ocrx_word' id='word_1_457' title='bbox 2428 2435 2459 2475; x_wconf 88' lang='lat' dir='ltr'><strong>a</strong></span> <span class='ocrx_word' id='word_1_458' title='bbox 2495 2419 2762 2474; x_wconf 89' lang='lat' dir='ltr'><strong>diabolica</strong></span> <span class='ocrx_word' id='word_1_459' title='bbox 2811 2419 3054 2472; x_wconf 70' lang='lat' dir='ltr'><strong>caecitate</strong></span> <span class='ocrx_word' id='word_1_460' title='bbox 3092 2416 3472 2486; x_wconf 84' lang='lat' dir='ltr'><strong>proﬁciscitur.</strong></span> <span class='ocrx_word' id='word_1_461' title='bbox 3499 2417 3626 2483; x_wconf 86' lang='lat' dir='ltr'><strong>Qui-</strong></span> 
     </span>
    </p>
   </div>
   <div class='ocr_carea' id='block_1_65' title="bbox 2056 2511 3624 2581">
    <p class='ocr_par' dir='ltr' id='par_1_65' title="bbox 2056 2511 3624 2581">
     <span class='ocr_line' id='line_1_65' title="bbox 2056 2511 3624 2581; baseline -0.003 -10"><span class='ocrx_word' id='word_1_462' title='bbox 2056 2515 2288 2571; x_wconf 88' lang='lat' dir='ltr'><strong>busnam</strong></span> <span class='ocrx_word' id='word_1_463' title='bbox 2347 2529 2472 2569; x_wconf 91' lang='lat' dir='ltr'><strong>vero</strong></span> <span class='ocrx_word' id='word_1_464' title='bbox 2519 2512 2938 2568; x_wconf 83' lang='lat' dir='ltr'><strong>auctoritatibus</strong></span> <span class='ocrx_word' id='word_1_465' title='bbox 2997 2511 3430 2581; x_wconf 89' lang='lat' dir='ltr'><strong>testimoniisque</strong></span> <span class='ocrx_word' id='word_1_466' title='bbox 3503 2511 3624 2566; x_wconf 85' lang='lat' dir='ltr'><strong>lreti</strong></span> 
     </span>
    </p>
   </div>
   <div class='ocr_carea' id='block_1_66' title="bbox 2059 2603 3626 2676">
    <p class='ocr_par' dir='ltr' id='par_1_66' title="bbox 2059 2603 3626 2676">
     <span class='ocr_line' id='line_1_66' title="bbox 2059 2603 3626 2676; baseline -0.002 -16"><span class='ocrx_word' id='word_1_467' title='bbox 2059 2609 2126 2663; x_wconf 93' lang='lat' dir='ltr'><strong>ad</strong></span> <span class='ocrx_word' id='word_1_468' title='bbox 2163 2608 2252 2662; x_wconf 85' lang='lat' dir='ltr'><strong>illa</strong></span> <span class='ocrx_word' id='word_1_469' title='bbox 2283 2607 2490 2676; x_wconf 87' lang='lat' dir='ltr'><strong>delapsi</strong></span> <span class='ocrx_word' id='word_1_470' title='bbox 2521 2605 2667 2667; x_wconf 89' lang='lat' dir='ltr'><strong>sint,</strong></span> <span class='ocrx_word' id='word_1_471' title='bbox 2707 2605 2763 2658; x_wconf 92' lang='lat' dir='ltr'><strong>in</strong></span> <span class='ocrx_word' id='word_1_472' title='bbox 2812 2604 3043 2658; x_wconf 89' lang='lat' dir='ltr'><strong>medium</strong></span> <span class='ocrx_word' id='word_1_473' title='bbox 3083 2603 3275 2657; x_wconf 67' lang='lat' dir='ltr'><strong>afferre</strong></span> <span class='ocrx_word' id='word_1_474' title='bbox 3302 2619 3406 2656; x_wconf 92' lang='lat' dir='ltr'><strong>non</strong></span> <span class='ocrx_word' id='word_1_475' title='bbox 3443 2606 3626 2672; x_wconf 89' lang='lat' dir='ltr'><strong>putavi</strong></span> 
     </span>
    </p>
   </div>
   <div class='ocr_carea' id='block_1_67' title="bbox 2061 2693 3631 2766">
    <p class='ocr_par' dir='ltr' id='par_1_67' title="bbox 2061 2693 3631 2766">
     <span class='ocr_line' id='line_1_67' title="bbox 2061 2693 3631 2766; baseline -0.004 -11"><span class='ocrx_word' id='word_1_476' title='bbox 2061 2698 2456 2759; x_wconf 90' lang='lat' dir='ltr'><strong>necessarium,</strong></span> <span class='ocrx_word' id='word_1_477' title='bbox 2487 2712 2556 2751; x_wconf 92' lang='lat' dir='ltr'><strong>ne</strong></span> <span class='ocrx_word' id='word_1_478' title='bbox 2588 2697 2716 2751; x_wconf 93' lang='lat' dir='ltr'><strong>dum</strong></span> <span class='ocrx_word' id='word_1_479' title='bbox 2754 2696 2820 2750; x_wconf 91' lang='lat' dir='ltr'><strong>ad</strong></span> <span class='ocrx_word' id='word_1_480' title='bbox 2857 2695 3124 2764; x_wconf 88' lang='lat' dir='ltr'><strong>cujusque</strong></span> <span class='ocrx_word' id='word_1_481' title='bbox 3153 2695 3375 2749; x_wconf 69' lang='lat' dir='ltr'><strong>haeresis</strong></span> <span class='ocrx_word' id='word_1_482' title='bbox 3405 2693 3631 2766; x_wconf 82' lang='lat' dir='ltr'><strong>ﬂagitio-</strong></span> 
     </span>
    </p>
   </div>
   <div class='ocr_carea' id='block_1_68' title="bbox 2062 2786 3634 2857">
    <p class='ocr_par' dir='ltr' id='par_1_68' title="bbox 2062 2786 3634 2857">
     <span class='ocr_line' id='line_1_68' title="bbox 2062 2786 3634 2857; baseline -0.002 -13"><span class='ocrx_word' id='word_1_483' title='bbox 2062 2805 2178 2845; x_wconf 87' lang='lat' dir='ltr'><strong>sam</strong></span> <span class='ocrx_word' id='word_1_484' title='bbox 2216 2788 2494 2843; x_wconf 89' lang='lat' dir='ltr'><strong>libidinem</strong></span> <span class='ocrx_word' id='word_1_485' title='bbox 2541 2786 2896 2841; x_wconf 88' lang='lat' dir='ltr'><strong>aversandam</strong></span> <span class='ocrx_word' id='word_1_486' title='bbox 2941 2787 3248 2840; x_wconf 88' lang='lat' dir='ltr'><strong>accuratius</strong></span> <span class='ocrx_word' id='word_1_487' title='bbox 3277 2787 3488 2856; x_wconf 87' lang='lat' dir='ltr'><strong>singula</strong></span> <span class='ocrx_word' id='word_1_488' title='bbox 3520 2803 3634 2857; x_wconf 84' lang='lat' dir='ltr'><strong>per-</strong></span> 
     </span>
    </p>
   </div>
   <div class='ocr_carea' id='block_1_69' title="bbox 2063 2877 3635 2951">
    <p class='ocr_par' dir='ltr' id='par_1_69' title="bbox 2063 2877 3635 2951">
     <span class='ocr_line' id='line_1_69' title="bbox 2063 2877 3635 2951; baseline -0.001 -16"><span class='ocrx_word' id='word_1_489' title='bbox 2063 2881 2385 2951; x_wconf 89' lang='lat' dir='ltr'><strong>sequimur,</strong></span> <span class='ocrx_word' id='word_1_490' title='bbox 2436 2877 2848 2932; x_wconf 87' lang='lat' dir='ltr'><strong>imbecilliorum</strong></span> <span class='ocrx_word' id='word_1_491' title='bbox 2897 2893 2961 2930; x_wconf 83' lang='lat' dir='ltr'><strong>ac</strong></span> <span class='ocrx_word' id='word_1_492' title='bbox 3004 2878 3217 2932; x_wconf 85' lang='lat' dir='ltr'><strong>levitate</strong></span> <span class='ocrx_word' id='word_1_493' title='bbox 3263 2880 3494 2948; x_wconf 88' lang='lat' dir='ltr'><strong>quadam</strong></span> <span class='ocrx_word' id='word_1_494' title='bbox 3530 2882 3635 2943; x_wconf 78' lang='lat' dir='ltr'><strong>ela-</strong></span> 
     </span>
    </p>
   </div>
   <div class='ocr_carea' id='block_1_70' title="bbox 2062 2966 3638 3036">
    <p class='ocr_par' dir='ltr' id='par_1_70' title="bbox 2062 2966 3638 3036">
     <span class='ocr_line' id='line_1_70' title="bbox 2062 2966 3638 3036; baseline -0.001 -12"><span class='ocrx_word' id='word_1_495' title='bbox 2062 2979 2240 3024; x_wconf 92' lang='lat' dir='ltr'><strong>torum</strong></span> <span class='ocrx_word' id='word_1_496' title='bbox 2300 2969 2578 3024; x_wconf 87' lang='lat' dir='ltr'><strong>hominum</strong></span> <span class='ocrx_word' id='word_1_497' title='bbox 2634 2966 2844 3035; x_wconf 88' lang='lat' dir='ltr'><strong>animos</strong></span> <span class='ocrx_word' id='word_1_498' title='bbox 2906 2967 2972 3019; x_wconf 90' lang='lat' dir='ltr'><strong>ad</strong></span> <span class='ocrx_word' id='word_1_499' title='bbox 3041 2981 3105 3020; x_wconf 92' lang='lat' dir='ltr'><strong>ea</strong></span> <span class='ocrx_word' id='word_1_500' title='bbox 3177 2969 3348 3036; x_wconf 83' lang='lat' dir='ltr'><strong>magis</strong></span> <span class='ocrx_word' id='word_1_501' title='bbox 3407 2970 3638 3022; x_wconf 80' lang='lat' dir='ltr'><strong>incitare</strong></span> 
     </span>
    </p>
   </div>
   <div class='ocr_carea' id='block_1_71' title="bbox 2063 3056 3640 3129">
    <p class='ocr_par' dir='ltr' id='par_1_71' title="bbox 2063 3056 3640 3129">
     <span class='ocr_line' id='line_1_71' title="bbox 2063 3056 3640 3129; baseline -0.003 -17"><span class='ocrx_word' id='word_1_502' title='bbox 2063 3061 2375 3116; x_wconf 85' lang='lat' dir='ltr'><strong>videamur:</strong></span> <span class='ocrx_word' id='word_1_503' title='bbox 2402 3060 2494 3129; x_wconf 92' lang='lat' dir='ltr'><strong>qui</strong></span> <span class='ocrx_word' id='word_1_504' title='bbox 2516 3057 2735 3129; x_wconf 88' lang='lat' dir='ltr'><strong>quidem</strong></span> <span class='ocrx_word' id='word_1_505' title='bbox 2759 3057 2958 3110; x_wconf 88' lang='lat' dir='ltr'><strong>malum</strong></span> <span class='ocrx_word' id='word_1_506' title='bbox 2989 3071 3099 3126; x_wconf 82' lang='lat' dir='ltr'><strong>prae</strong></span> <span class='ocrx_word' id='word_1_507' title='bbox 3131 3056 3275 3110; x_wconf 91' lang='lat' dir='ltr'><strong>bono</strong></span> <span class='ocrx_word' id='word_1_508' title='bbox 3298 3057 3400 3111; x_wconf 89' lang='lat' dir='ltr'><strong>sibi</strong></span> <span class='ocrx_word' id='word_1_509' title='bbox 3433 3057 3640 3111; x_wconf 87' lang='lat' dir='ltr'><strong>consci-</strong></span> 
     </span>
    </p>
   </div>
   <div class='ocr_carea' id='block_1_72' title="bbox 1992 3146 3636 3242">
    <p class='ocr_par' dir='ltr' id='par_1_72' title="bbox 1992 3146 3636 3242">
     <span class='ocr_line' id='line_1_72' title="bbox 1992 3146 3636 3242; baseline -0.004 -33"><span class='ocrx_word' id='word_1_510' title='bbox 1992 3184 2037 3242; x_wconf 69' lang='grc' dir='ltr'>ο</span> <span class='ocrx_word' id='word_1_511' title='bbox 2069 3168 2222 3209; x_wconf 89' lang='lat' dir='ltr'><strong>scere</strong></span> <span class='ocrx_word' id='word_1_512' title='bbox 2267 3166 2331 3206; x_wconf 91' lang='lat' dir='ltr'><strong>ac</strong></span> <span class='ocrx_word' id='word_1_513' title='bbox 2373 3158 2594 3220; x_wconf 87' lang='lat' dir='ltr'><strong>captare</strong></span> <span class='ocrx_word' id='word_1_514' title='bbox 2615 3158 2968 3203; x_wconf 86' lang='lat' dir='ltr'><strong>consuerunt.</strong></span> <span class='ocrx_word' id='word_1_515' title='bbox 3007 3146 3202 3201; x_wconf 88' lang='lat' dir='ltr'><strong>Verum</strong></span> <span class='ocrx_word' id='word_1_516' title='bbox 3230 3147 3298 3202; x_wconf 91' lang='lat' dir='ltr'><strong>ad</strong></span> <span class='ocrx_word' id='word_1_517' title='bbox 3332 3149 3636 3203; x_wconf 85' lang='lat' dir='ltr'><strong>uberiorem</strong></span> 
     </span>
    </p>
   </div>
   <div class='ocr_carea' id='block_1_73' title="bbox 2071 3238 3640 3310">
    <p class='ocr_par' dir='ltr' id='par_1_73' title="bbox 2071 3238 3640 3310">
     <span class='ocr_line' id='line_1_73' title="bbox 2071 3238 3640 3310; baseline -0.003 -13"><span class='ocrx_word' id='word_1_518' title='bbox 2071 3243 2356 3299; x_wconf 63' lang='lat' dir='ltr'><strong>horrenda;</strong></span> <span class='ocrx_word' id='word_1_519' title='bbox 2407 3240 2552 3296; x_wconf 89' lang='lat' dir='ltr'><strong>illius</strong></span> <span class='ocrx_word' id='word_1_520' title='bbox 2605 3255 2668 3293; x_wconf 91' lang='lat' dir='ltr'><strong>ac</strong></span> <span class='ocrx_word' id='word_1_521' title='bbox 2706 3241 3030 3310; x_wconf 76' lang='lat' dir='ltr'><strong>serpentina:</strong></span> <span class='ocrx_word' id='word_1_522' title='bbox 3061 3239 3281 3295; x_wconf 70' lang='lat' dir='ltr'><strong>hmresis</strong></span> <span class='ocrx_word' id='word_1_523' title='bbox 3309 3238 3640 3293; x_wconf 77' lang='lat' dir='ltr'><strong>confutatio-</strong></span> 
     </span>
    </p>
   </div>
   <div class='ocr_carea' id='block_1_74' title="bbox 2073 3333 3075 3406">
    <p class='ocr_par' dir='ltr' id='par_1_74' title="bbox 2073 3333 3075 3406">
     <span class='ocr_line' id='line_1_74' title="bbox 2073 3333 3075 3406; baseline -0.008 -15"><span class='ocrx_word' id='word_1_524' title='bbox 2073 3353 2196 3393; x_wconf 89' lang='lat' dir='ltr'><strong>nem</strong></span> <span class='ocrx_word' id='word_1_525' title='bbox 2219 3376 2234 3402; x_wconf 90' lang='lat'><strong>,</strong></span> <span class='ocrx_word' id='word_1_526' title='bbox 2273 3349 2445 3406; x_wconf 87' lang='lat' dir='ltr'><strong>pauca</strong></span> <span class='ocrx_word' id='word_1_527' title='bbox 2492 3335 2560 3388; x_wconf 89' lang='lat' dir='ltr'><strong>de</strong></span> <span class='ocrx_word' id='word_1_528' title='bbox 2597 3333 2786 3387; x_wconf 90' lang='lat' dir='ltr'><strong>multis</strong></span> <span class='ocrx_word' id='word_1_529' title='bbox 2820 3341 3075 3389; x_wconf 66' lang='lat' dir='ltr'><strong>atteram.</strong></span> 
     </span>
    </p>
   </div>
   <div class='ocr_carea' id='block_1_75' title="bbox 2144 3447 3646 3520">
    <p class='ocr_par' dir='ltr' id='par_1_75' title="bbox 2144 3447 3646 3520">
     <span class='ocr_line' id='line_1_75' title="bbox 2144 3447 3646 3520; baseline -0.001 -15"><span class='ocrx_word' id='word_1_530' title='bbox 2144 3449 2299 3505; x_wconf 88' lang='lat' dir='ltr'><strong>Unde</strong></span> <span class='ocrx_word' id='word_1_531' title='bbox 2328 3451 2511 3520; x_wconf 86' lang='lat' dir='ltr'><strong>igitur,</strong></span> <span class='ocrx_word' id='word_1_532' title='bbox 2543 3462 2747 3518; x_wconf 68' lang='lat' dir='ltr'><strong>qumso,</strong></span> <span class='ocrx_word' id='word_1_533' title='bbox 2791 3456 2898 3501; x_wconf 87' lang='lat' dir='ltr'><strong>tam</strong></span> <span class='ocrx_word' id='word_1_534' title='bbox 2937 3447 3202 3503; x_wconf 82' lang='lat' dir='ltr'><strong>nefarium</strong></span> <span class='ocrx_word' id='word_1_535' title='bbox 3231 3448 3409 3504; x_wconf 89' lang='lat' dir='ltr'><strong>scelus</strong></span> <span class='ocrx_word' id='word_1_536' title='bbox 3437 3449 3646 3519; x_wconf 80' lang='lat' dir='ltr'><strong>excogi-</strong></span> 
     </span>
    </p>
   </div>
   <div class='ocr_carea' id='block_1_76' title="bbox 2076 3539 3644 3605">
    <p class='ocr_par' dir='ltr' id='par_1_76' title="bbox 2076 3539 3644 3605">
     <span class='ocr_line' id='line_1_76' title="bbox 2076 3539 3644 3605; baseline -0.003 -7"><span class='ocrx_word' id='word_1_537' title='bbox 2076 3554 2191 3598; x_wconf 86' lang='lat' dir='ltr'><strong>tare</strong></span> <span class='ocrx_word' id='word_1_538' title='bbox 2233 3541 2537 3597; x_wconf 85' lang='lat' dir='ltr'><strong>didicistis?</strong></span> <span class='ocrx_word' id='word_1_539' title='bbox 2569 3539 2813 3595; x_wconf 84' lang='lat' dir='ltr'><strong>Primum</strong></span> <span class='ocrx_word' id='word_1_540' title='bbox 2841 3541 2986 3595; x_wconf 92' lang='lat' dir='ltr'><strong>enim</strong></span> <span class='ocrx_word' id='word_1_541' title='bbox 3013 3582 3028 3604; x_wconf 97' lang='lat'><strong>,</strong></span> <span class='ocrx_word' id='word_1_542' title='bbox 3060 3548 3120 3594; x_wconf 92' lang='lat' dir='ltr'><strong>ut</strong></span> <span class='ocrx_word' id='word_1_543' title='bbox 3159 3543 3409 3596; x_wconf 85' lang='lat' dir='ltr'><strong>universe</strong></span> <span class='ocrx_word' id='word_1_544' title='bbox 3444 3540 3644 3605; x_wconf 85' lang='lat' dir='ltr'><strong>dicam,</strong></span> 
     </span>
    </p>
   </div>
   <div class='ocr_carea' id='block_1_77' title="bbox 2075 3633 3644 3706">
    <p class='ocr_par' dir='ltr' id='par_1_77' title="bbox 2075 3633 3644 3706">
     <span class='ocr_line' id='line_1_77' title="bbox 2075 3633 3644 3706; baseline -0.001 -17"><span class='ocrx_word' id='word_1_545' title='bbox 2075 3637 2200 3706; x_wconf 86' lang='lat' dir='ltr'><strong>quis</strong></span> <span class='ocrx_word' id='word_1_546' title='bbox 2226 3650 2336 3689; x_wconf 93' lang='lat' dir='ltr'><strong>non</strong></span> <span class='ocrx_word' id='word_1_547' title='bbox 2377 3635 2552 3698; x_wconf 87' lang='lat' dir='ltr'><strong>videt,</strong></span> <span class='ocrx_word' id='word_1_548' title='bbox 2583 3649 2707 3689; x_wconf 90' lang='lat' dir='ltr'><strong>cum</strong></span> <span class='ocrx_word' id='word_1_549' title='bbox 2745 3633 3048 3688; x_wconf 80' lang='lat' dir='ltr'><strong>daemonum</strong></span> <span class='ocrx_word' id='word_1_550' title='bbox 3087 3634 3363 3704; x_wconf 90' lang='lat' dir='ltr'><strong>propriam</strong></span> <span class='ocrx_word' id='word_1_551' title='bbox 3412 3643 3644 3690; x_wconf 85' lang='lat' dir='ltr'><strong>vestram</strong></span> 
     </span>
    </p>
   </div>
   <div class='ocr_carea' id='block_1_78' title="bbox 2077 3727 3646 3798">
    <p class='ocr_par' dir='ltr' id='par_1_78' title="bbox 2077 3727 3646 3798">
     <span class='ocr_line' id='line_1_78' title="bbox 2077 3727 3646 3798; baseline 0.001 -16"><span class='ocrx_word' id='word_1_552' title='bbox 2077 3728 2220 3782; x_wconf 85' lang='lat' dir='ltr'><strong>banc</strong></span> <span class='ocrx_word' id='word_1_553' title='bbox 2251 3741 2374 3782; x_wconf 86' lang='lat' dir='ltr'><strong>esse</strong></span> <span class='ocrx_word' id='word_1_554' title='bbox 2411 3727 2745 3789; x_wconf 83' lang='lat' dir='ltr'><strong>doctrinam,</strong></span> <span class='ocrx_word' id='word_1_555' title='bbox 2788 3733 2902 3780; x_wconf 89' lang='lat' dir='ltr'><strong>tum</strong></span> <span class='ocrx_word' id='word_1_556' title='bbox 2965 3727 3097 3780; x_wconf 88' lang='lat' dir='ltr'><strong>illud</strong></span> <span class='ocrx_word' id='word_1_557' title='bbox 3161 3734 3372 3780; x_wconf 89' lang='lat' dir='ltr'><strong>tantum</strong></span> <span class='ocrx_word' id='word_1_558' title='bbox 3427 3735 3646 3798; x_wconf 85' lang='lat' dir='ltr'><strong>tamque</strong></span> 
     </span>
    </p>
   </div>
   <div class='ocr_carea' id='block_1_79' title="bbox 2079 3813 3651 3885">
    <p class='ocr_par' dir='ltr' id='par_1_79' title="bbox 2079 3813 3651 3885">
     <span class='ocr_line' id='line_1_79' title="bbox 2079 3813 3651 3885; baseline 0 -14"><span class='ocrx_word' id='word_1_559' title='bbox 2079 3825 2237 3871; x_wconf 80' lang='lat' dir='ltr'><strong>atrox</strong></span> <span class='ocrx_word' id='word_1_560' title='bbox 2297 3832 2326 3870; x_wconf 88' lang='lat' dir='ltr'><strong>a</strong></span> <span class='ocrx_word' id='word_1_561' title='bbox 2363 3816 2518 3871; x_wconf 85' lang='lat' dir='ltr'><strong>vobis</strong></span> <span class='ocrx_word' id='word_1_562' title='bbox 2568 3819 2842 3869; x_wconf 81' lang='lat' dir='ltr'><strong>inventum</strong></span> <span class='ocrx_word' id='word_1_563' title='bbox 2883 3813 3140 3885; x_wconf 84' lang='lat' dir='ltr'><strong>ﬂagitium</strong></span> <span class='ocrx_word' id='word_1_564' title='bbox 3199 3818 3412 3872; x_wconf 85' lang='lat' dir='ltr'><strong>nonnisi</strong></span> <span class='ocrx_word' id='word_1_565' title='bbox 3466 3833 3651 3872; x_wconf 87' lang='lat' dir='ltr'><strong>errore</strong></span> 
     </span>
    </p>
   </div>
   <div class='ocr_carea' id='block_1_80' title="bbox 2081 3893 3652 3978">
    <p class='ocr_par' dir='ltr' id='par_1_80' title="bbox 2081 3893 3652 3978">
     <span class='ocr_line' id='line_1_80' title="bbox 2081 3893 3652 3978; baseline -0.001 -16"><span class='ocrx_word' id='word_1_566' title='bbox 2081 3908 2394 3978; x_wconf 87' lang='lat' dir='ltr'><strong>depravatis</strong></span> <span class='ocrx_word' id='word_1_567' title='bbox 2454 3907 2887 3960; x_wconf 47' lang='lat' dir='ltr'><strong>liominibus&#39;ac</strong></span> <span class='ocrx_word' id='word_1_568' title='bbox 2955 3893 3262 3976; x_wconf 79' lang='lat' dir='ltr'><strong>corruptela</strong></span> <span class='ocrx_word' id='word_1_569' title='bbox 3319 3910 3652 3962; x_wconf 78' lang='lat' dir='ltr'><strong>convenire?</strong></span> 
     </span>
    </p>
   </div>
   <div class='ocr_carea' id='block_1_81' title="bbox 2082 3997 3647 4068">
    <p class='ocr_par' dir='ltr' id='par_1_81' title="bbox 2082 3997 3647 4068">
     <span class='ocr_line' id='line_1_81' title="bbox 2082 3997 3647 4068; baseline 0.001 -17"><span class='ocrx_word' id='word_1_570' title='bbox 2082 3997 2216 4051; x_wconf 79' lang='lat' dir='ltr'><strong>Nam</strong></span> <span class='ocrx_word' id='word_1_571' title='bbox 2246 4000 2291 4052; x_wconf 88' lang='lat' dir='ltr'><strong>si</strong></span> <span class='ocrx_word' id='word_1_572' title='bbox 2321 3998 2544 4051; x_wconf 90' lang='lat' dir='ltr'><strong>omnino</strong></span> <span class='ocrx_word' id='word_1_573' title='bbox 2570 3998 2859 4066; x_wconf 91' lang='lat' dir='ltr'><strong>concipere</strong></span> <span class='ocrx_word' id='word_1_574' title='bbox 2899 3998 3098 4050; x_wconf 91' lang='lat' dir='ltr'><strong>malum</strong></span> <span class='ocrx_word' id='word_1_575' title='bbox 3130 4005 3232 4063; x_wconf 90' lang='lat' dir='ltr'><strong>est,</strong></span> <span class='ocrx_word' id='word_1_576' title='bbox 3268 3999 3510 4068; x_wconf 75' lang='lat' dir='ltr'><strong>profecto</strong></span> <span class='ocrx_word' id='word_1_577' title='bbox 3540 4016 3647 4053; x_wconf 81' lang='lat' dir='ltr'><strong>non</strong></span> 
     </span>
    </p>
   </div>
   <div class='ocr_carea' id='block_1_82' title="bbox 2084 4088 3649 4160">
    <p class='ocr_par' dir='ltr' id='par_1_82' title="bbox 2084 4088 3649 4160">
     <span class='ocr_line' id='line_1_82' title="bbox 2084 4088 3649 4160; baseline 0.001 -18"><span class='ocrx_word' id='word_1_578' title='bbox 2084 4091 2154 4144; x_wconf 91' lang='lat' dir='ltr'><strong>ob</strong></span> <span class='ocrx_word' id='word_1_579' title='bbox 2193 4090 2365 4158; x_wconf 90' lang='lat' dir='ltr'><strong>ipsam</strong></span> <span class='ocrx_word' id='word_1_580' title='bbox 2399 4088 2601 4143; x_wconf 90' lang='lat' dir='ltr'><strong>sobolis</strong></span> <span class='ocrx_word' id='word_1_581' title='bbox 2625 4089 3055 4157; x_wconf 85' lang='lat' dir='ltr'><strong>procreationem</strong></span> <span class='ocrx_word' id='word_1_582' title='bbox 3077 4128 3091 4150; x_wconf 94' lang='lat'><strong>,</strong></span> <span class='ocrx_word' id='word_1_583' title='bbox 3134 4089 3226 4143; x_wconf 87' lang='lat' dir='ltr'><strong>sed</strong></span> <span class='ocrx_word' id='word_1_584' title='bbox 3257 4091 3326 4143; x_wconf 92' lang='lat' dir='ltr'><strong>ob</strong></span> <span class='ocrx_word' id='word_1_585' title='bbox 3361 4105 3649 4160; x_wconf 78' lang='lat' dir='ltr'><strong>corporum</strong></span> 
     </span>
    </p>
   </div>
   <div class='ocr_carea' id='block_1_83' title="bbox 2085 4179 3647 4252">
    <p class='ocr_par' dir='ltr' id='par_1_83' title="bbox 2085 4179 3647 4252">
     <span class='ocr_line' id='line_1_83' title="bbox 2085 4179 3647 4252; baseline -0.001 -16"><span class='ocrx_word' id='word_1_586' title='bbox 2085 4181 2484 4250; x_wconf 86' lang='lat' dir='ltr'><strong>copulationem</strong></span> <span class='ocrx_word' id='word_1_587' title='bbox 2532 4182 2732 4234; x_wconf 88' lang='lat' dir='ltr'><strong>malum</strong></span> <span class='ocrx_word' id='word_1_588' title='bbox 2772 4195 2893 4236; x_wconf 86' lang='lat' dir='ltr'><strong>esse</strong></span> <span class='ocrx_word' id='word_1_589' title='bbox 2948 4179 3236 4234; x_wconf 91' lang='lat' dir='ltr'><strong>videbitur.</strong></span> <span class='ocrx_word' id='word_1_590' title='bbox 3287 4179 3464 4245; x_wconf 85' lang='lat' dir='ltr'><strong>Quare</strong></span> <span class='ocrx_word' id='word_1_591' title='bbox 3519 4182 3647 4252; x_wconf 83' lang='lat' dir='ltr'><strong>quid</strong></span> 
     </span>
    </p>
   </div>
   <div class='ocr_carea' id='block_1_84' title="bbox 2087 4269 3654 4339">
    <p class='ocr_par' dir='ltr' id='par_1_84' title="bbox 2087 4269 3654 4339">
     <span class='ocr_line' id='line_1_84' title="bbox 2087 4269 3654 4339; baseline -0.001 -15"><span class='ocrx_word' id='word_1_592' title='bbox 2087 4286 2185 4326; x_wconf 88' lang='lat' dir='ltr'><strong>vos</strong></span> <span class='ocrx_word' id='word_1_593' title='bbox 2223 4271 2414 4324; x_wconf 89' lang='lat' dir='ltr'><strong>attinet</strong></span> <span class='ocrx_word' id='word_1_594' title='bbox 2474 4269 2749 4338; x_wconf 87' lang='lat' dir='ltr'><strong>voluptate</strong></span> <span class='ocrx_word' id='word_1_595' title='bbox 2787 4276 3071 4339; x_wconf 79' lang='lat' dir='ltr'><strong>snperatos</strong></span> <span class='ocrx_word' id='word_1_596' title='bbox 3123 4272 3477 4325; x_wconf 89' lang='lat' dir='ltr'><strong>commiscere</strong></span> <span class='ocrx_word' id='word_1_597' title='bbox 3528 4287 3654 4324; x_wconf 90' lang='lat' dir='ltr'><strong>cor-</strong></span> 
     </span>
    </p>
   </div>
   <div class='ocr_carea' id='block_1_85' title="bbox 2089 4349 3652 4431">
    <p class='ocr_par' dir='ltr' id='par_1_85' title="bbox 2089 4349 3652 4431">
     <span class='ocr_line' id='line_1_85' title="bbox 2089 4349 3652 4431; baseline 0.001 -17"><span class='ocrx_word' id='word_1_598' title='bbox 2089 4361 2258 4431; x_wconf 90' lang='lat' dir='ltr'><strong>pora?</strong></span> <span class='ocrx_word' id='word_1_599' title='bbox 2297 4361 2403 4414; x_wconf 86' lang='lat' dir='ltr'><strong>Aut</strong></span> <span class='ocrx_word' id='word_1_600' title='bbox 2455 4360 2500 4412; x_wconf 89' lang='lat' dir='ltr'><strong>si</strong></span> <span class='ocrx_word' id='word_1_601' title='bbox 2537 4349 2830 4428; x_wconf 83' lang='lat' dir='ltr'><strong>corporum</strong></span> <span class='ocrx_word' id='word_1_602' title='bbox 2881 4359 2970 4411; x_wconf 88' lang='lat' dir='ltr'><strong>illa</strong></span> <span class='ocrx_word' id='word_1_603' title='bbox 3013 4358 3328 4427; x_wconf 87' lang='lat' dir='ltr'><strong>conjunctio</strong></span> <span class='ocrx_word' id='word_1_604' title='bbox 3363 4361 3502 4412; x_wconf 90' lang='lat' dir='ltr'><strong>mala</strong></span> <span class='ocrx_word' id='word_1_605' title='bbox 3543 4377 3652 4414; x_wconf 89' lang='lat' dir='ltr'><strong>nun</strong></span> 
     </span>
    </p>
   </div>
   <div class='ocr_carea' id='block_1_86' title="bbox 413 4443 1969 4521">
    <p class='ocr_par' dir='ltr' id='par_1_86' title="bbox 413 4443 1969 4516">
     <span class='ocr_line' id='line_1_86' title="bbox 413 4443 1969 4516; baseline -0.002 -16"><span class='ocrx_word' id='word_1_606' title='bbox 413 4465 544 4507; x_wconf 83' lang='grc' dir='ltr'>των,</span> <span class='ocrx_word' id='word_1_607' title='bbox 580 4448 718 4500; x_wconf 87' lang='grc' dir='ltr'><strong>Κάῖν</strong></span> <span class='ocrx_word' id='word_1_608' title='bbox 757 4446 812 4499; x_wconf 81' lang='grc' dir='ltr'><strong>δὲ</strong></span> <span class='ocrx_word' id='word_1_609' title='bbox 856 4445 1217 4516; x_wconf 77' lang='grc' dir='ltr'>ἐργαζόμενος</span> <span class='ocrx_word' id='word_1_610' title='bbox 1254 4445 1350 4515; x_wconf 86' lang='grc' dir='ltr'>τὴν</span> <span class='ocrx_word' id='word_1_611' title='bbox 1379 4443 1500 4515; x_wconf 79' lang='grc' dir='ltr'>γῆν.</span> <span class='ocrx_word' id='word_1_612' title='bbox 1546 4446 1608 4498; x_wconf 74' lang='lat' dir='ltr'><strong>Et</strong></span> <span class='ocrx_word' id='word_1_613' title='bbox 1659 4445 1714 4507; x_wconf 72' lang='grc' dir='ltr'>δὲ</span> <span class='ocrx_word' id='word_1_614' title='bbox 1754 4449 1969 4516; x_wconf 90' lang='grc' dir='ltr'>γεωργε</span> 
     </span>
    </p>
   </div>
   <div class='ocr_carea' id='block_1_87' title="bbox 2066 4443 3655 4521">
    <p class='ocr_par' dir='ltr' id='par_1_87' title="bbox 2088 4448 3655 4521">
     <span class='ocr_line' id='line_1_87' title="bbox 2088 4448 3655 4521; baseline -0.003 -13"><span class='ocrx_word' id='word_1_615' title='bbox 2088 4462 2191 4514; x_wconf 84' lang='lat' dir='ltr'><strong>est,</strong></span> <span class='ocrx_word' id='word_1_616' title='bbox 2223 4468 2290 4506; x_wconf 88' lang='lat' dir='ltr'><strong>ne</strong></span> <span class='ocrx_word' id='word_1_617' title='bbox 2318 4449 2554 4521; x_wconf 90' lang='lat' dir='ltr'><strong>idipsum</strong></span> <span class='ocrx_word' id='word_1_618' title='bbox 2602 4449 2820 4519; x_wconf 87' lang='lat' dir='ltr'><strong>quidem</strong></span> <span class='ocrx_word' id='word_1_619' title='bbox 2870 4449 3014 4519; x_wconf 91' lang='lat' dir='ltr'><strong>quod</strong></span> <span class='ocrx_word' id='word_1_620' title='bbox 3065 4448 3304 4519; x_wconf 84' lang='lat' dir='ltr'><strong>gignitur</strong></span> <span class='ocrx_word' id='word_1_621' title='bbox 3336 4449 3405 4503; x_wconf 91' lang='lat' dir='ltr'><strong>ad</strong></span> <span class='ocrx_word' id='word_1_622' title='bbox 3451 4451 3655 4504; x_wconf 79' lang='lat' dir='ltr'><strong>exitum</strong></span> 
     </span>
    </p>
   </div>
   <div class='ocr_carea' id='block_1_88' title="bbox 415 4526 1969 4613">
    <p class='ocr_par' dir='ltr' id='par_1_88' title="bbox 415 4534 1969 4610">
     <span class='ocr_line' id='line_1_88' title="bbox 415 4534 1969 4610; baseline -0.004 -18"><span class='ocrx_word' id='word_1_623' title='bbox 415 4557 497 4602; x_wconf 87' lang='grc' dir='ltr'><strong>τις</strong></span> <span class='ocrx_word' id='word_1_624' title='bbox 525 4539 622 4610; x_wconf 79' lang='grc' dir='ltr'><strong>τὴν</strong></span> <span class='ocrx_word' id='word_1_625' title='bbox 650 4539 771 4609; x_wconf 83' lang='grc' dir='ltr'>γῆν,</span> <span class='ocrx_word' id='word_1_626' title='bbox 793 4538 868 4601; x_wconf 84' lang='grc' dir='ltr'><strong>ὡς</strong></span> <span class='ocrx_word' id='word_1_627' title='bbox 896 4541 924 4590; x_wconf 86' lang='grc' dir='ltr'><strong>ό</strong></span> <span class='ocrx_word' id='word_1_628' title='bbox 955 4537 1100 4599; x_wconf 87' lang='grc' dir='ltr'>Νῶε,</span> <span class='ocrx_word' id='word_1_629' title='bbox 1131 4538 1213 4588; x_wconf 84' lang='grc' dir='ltr'><strong>ὅτι</strong></span> <span class='ocrx_word' id='word_1_630' title='bbox 1245 4535 1504 4604; x_wconf 73' lang='grc' dir='ltr'>Ἐγένετο</span> <span class='ocrx_word' id='word_1_631' title='bbox 1528 4534 1682 4603; x_wconf 75' lang='grc' dir='ltr'>ἀνὴρ</span> <span class='ocrx_word' id='word_1_632' title='bbox 1710 4535 1969 4604; x_wconf 74' lang='grc' dir='ltr'>γεωργὸς.</span> 
     </span>
    </p>
   </div>
   <div class='ocr_carea' id='block_1_89' title="bbox 2066 4526 3658 4613">
    <p class='ocr_par' dir='ltr' id='par_1_89' title="bbox 2091 4540 3658 4613">
     <span class='ocr_line' id='line_1_89' title="bbox 2091 4540 3658 4613; baseline -0.001 -15"><span class='ocrx_word' id='word_1_633' title='bbox 2091 4542 2408 4613; x_wconf 87' lang='lat' dir='ltr'><strong>perducere,</strong></span> <span class='ocrx_word' id='word_1_634' title='bbox 2447 4542 2649 4595; x_wconf 91' lang='lat' dir='ltr'><strong>malum</strong></span> <span class='ocrx_word' id='word_1_635' title='bbox 2675 4549 2778 4595; x_wconf 83' lang='lat' dir='ltr'><strong>est.</strong></span> <span class='ocrx_word' id='word_1_636' title='bbox 2816 4540 3026 4595; x_wconf 87' lang='lat' dir='ltr'><strong>Etenim</strong></span> <span class='ocrx_word' id='word_1_637' title='bbox 3066 4541 3151 4596; x_wconf 90' lang='lat' dir='ltr'><strong>vel</strong></span> <span class='ocrx_word' id='word_1_638' title='bbox 3194 4541 3458 4596; x_wconf 87' lang='lat' dir='ltr'><strong>abdicatis</strong></span> <span class='ocrx_word' id='word_1_639' title='bbox 3479 4544 3658 4596; x_wconf 90' lang='lat' dir='ltr'><strong>omni-</strong></span> 
     </span>
    </p>
   </div>
   <div class='ocr_carea' id='block_1_90' title="bbox 418 4623 1987 4700">
    <p class='ocr_par' dir='ltr' id='par_1_90' title="bbox 418 4623 1987 4700">
     <span class='ocr_line' id='line_1_90' title="bbox 418 4623 1987 4700; baseline -0.005 -15"><span class='ocrx_word' id='word_1_640' title='bbox 418 4631 515 4686; x_wconf 80' lang='grc' dir='ltr'><strong>καί</strong></span> <span class='ocrx_word' id='word_1_641' title='bbox 540 4632 874 4700; x_wconf 62' lang='grc' dir='ltr'>ἐφύτευσεν</span> <span class='ocrx_word' id='word_1_642' title='bbox 892 4627 1230 4699; x_wconf 77' lang='grc' dir='ltr'>ἀμπελῶνα.</span> <span class='ocrx_word' id='word_1_643' title='bbox 1255 4627 1354 4679; x_wconf 89' lang='grc' dir='ltr'><strong>οὑκ</strong></span> <span class='ocrx_word' id='word_1_644' title='bbox 1374 4626 1666 4695; x_wconf 79' lang='grc' dir='ltr'>ἐφύτευσεν</span> <span class='ocrx_word' id='word_1_645' title='bbox 1689 4623 1987 4695; x_wconf 88' lang='grc' dir='ltr'>ἀμπελῶνα</span> 
     </span>
    </p>
   </div>
   <div class='ocr_carea' id='block_1_91' title="bbox 420 4715 1987 4797">
    <p class='ocr_par' dir='ltr' id='par_1_91' title="bbox 420 4715 1987 4797">
     <span class='ocr_line' id='line_1_91' title="bbox 420 4715 1987 4797; baseline -0.008 -18"><span class='ocrx_word' id='word_1_646' title='bbox 420 4725 541 4797; x_wconf 83' lang='grc' dir='ltr'>[οὐκ</span> <span class='ocrx_word' id='word_1_647' title='bbox 571 4720 910 4794; x_wconf 79' lang='grc' dir='ltr'>ἐφύτευσεν],</span> <span class='ocrx_word' id='word_1_648' title='bbox 955 4721 1041 4773; x_wconf 89' lang='grc' dir='ltr'><strong>ῖνα</strong></span> <span class='ocrx_word' id='word_1_649' title='bbox 1079 4720 1270 4790; x_wconf 83' lang='grc' dir='ltr'>βότρυν</span> <span class='ocrx_word' id='word_1_650' title='bbox 1313 4717 1385 4789; x_wconf 83' lang='grc' dir='ltr'>μὴ</span> <span class='ocrx_word' id='word_1_651' title='bbox 1432 4717 1665 4790; x_wconf 80' lang='grc' dir='ltr'>ἐνέγκῃ·</span> <span class='ocrx_word' id='word_1_652' title='bbox 1716 4716 1828 4770; x_wconf 83' lang='grc' dir='ltr'>ἀλλ’</span> <span class='ocrx_word' id='word_1_653' title='bbox 1854 4715 1987 4785; x_wconf 78' lang='grc' dir='ltr'>ἐφύ-</span> 
     </span>
    </p>
   </div>
   <div class='ocr_carea' id='block_1_92' title="bbox 418 4806 1990 4882">
    <p class='ocr_par' dir='ltr' id='par_1_92' title="bbox 418 4806 1990 4882">
     <span class='ocr_line' id='line_1_92' title="bbox 418 4806 1990 4882; baseline -0.007 -12"><span class='ocrx_word' id='word_1_654' title='bbox 418 4833 596 4881; x_wconf 85' lang='grc' dir='ltr'>τευσε,</span> <span class='ocrx_word' id='word_1_655' title='bbox 629 4817 721 4869; x_wconf 71' lang='grc' dir='ltr'>καὶ</span> <span class='ocrx_word' id='word_1_656' title='bbox 754 4815 922 4868; x_wconf 75' lang='grc' dir='ltr'>ἔπιεν</span> <span class='ocrx_word' id='word_1_657' title='bbox 963 4815 1028 4867; x_wconf 82' lang='grc' dir='ltr'><strong>ὲκ</strong></span> <span class='ocrx_word' id='word_1_658' title='bbox 1074 4812 1168 4865; x_wconf 88' lang='grc' dir='ltr'><strong>τοῦ</strong></span> <span class='ocrx_word' id='word_1_659' title='bbox 1221 4809 1431 4882; x_wconf 78' lang='grc' dir='ltr'>καρποῦ</span> <span class='ocrx_word' id='word_1_660' title='bbox 1471 4809 1655 4873; x_wconf 90' lang='grc' dir='ltr'>αὑτοῦ,</span> <span class='ocrx_word' id='word_1_661' title='bbox 1709 4806 1808 4862; x_wconf 77' lang='grc' dir='ltr'>καὶ</span> <span class='ocrx_word' id='word_1_662' title='bbox 1858 4807 1990 4877; x_wconf 80' lang='grc' dir='ltr'>ἐμε-</span> 
     </span>
    </p>
   </div>
   <div class='ocr_carea' id='block_1_93' title="bbox 421 4899 1992 4977">
    <p class='ocr_par' dir='ltr' id='par_1_93' title="bbox 421 4899 1992 4977">
     <span class='ocr_line' id='line_1_93' title="bbox 421 4899 1992 4977; baseline -0.008 -13"><span class='ocrx_word' id='word_1_663' title='bbox 421 4911 633 4972; x_wconf 82' lang='grc' dir='ltr'>θύσθη,</span> <span class='ocrx_word' id='word_1_664' title='bbox 691 4907 766 4970; x_wconf 81' lang='grc' dir='ltr'>ὡς</span> <span class='ocrx_word' id='word_1_665' title='bbox 789 4930 793 4934; x_wconf 93' lang='grc'><strong>·</strong></span> <span class='ocrx_word' id='word_1_666' title='bbox 818 4906 1142 4977; x_wconf 83' lang='grc' dir='ltr'>γέγραπται.</span> <span class='ocrx_word' id='word_1_667' title='bbox 1175 4900 1283 4957; x_wconf 86' lang='grc' dir='ltr'><strong>Ἦν</strong></span> <span class='ocrx_word' id='word_1_668' title='bbox 1332 4903 1390 4956; x_wconf 85' lang='grc' dir='ltr'>δὲ</span> <span class='ocrx_word' id='word_1_669' title='bbox 1427 4899 1756 4971; x_wconf 87' lang='grc' dir='ltr'>συγγνώμην</span> <span class='ocrx_word' id='word_1_670' title='bbox 1788 4899 1863 4969; x_wconf 83' lang='grc' dir='ltr'>τῷ</span> <span class='ocrx_word' id='word_1_671' title='bbox 1901 4899 1992 4968; x_wconf 81' lang='grc' dir='ltr'>γέ-</span> 
     </span>
    </p>
   </div>
   <div class='ocr_carea' id='block_1_94' title="bbox 424 4992 1992 5074">
    <p class='ocr_par' dir='ltr' id='par_1_94' title="bbox 424 4992 1992 5074">
     <span class='ocr_line' id='line_1_94' title="bbox 424 4992 1992 5074; baseline -0.007 -19"><span class='ocrx_word' id='word_1_672' title='bbox 424 5019 567 5074; x_wconf 87' lang='grc' dir='ltr'>ροντι</span> <span class='ocrx_word' id='word_1_673' title='bbox 614 5001 921 5068; x_wconf 82' lang='grc' dir='ltr'>ἀπονεῖμαι.</span> <span class='ocrx_word' id='word_1_674' title='bbox 953 4998 1254 5066; x_wconf 81' lang='grc' dir='ltr'>Εὐάρεστος</span> <span class='ocrx_word' id='word_1_675' title='bbox 1290 4993 1395 5064; x_wconf 86' lang='grc' dir='ltr'>γὰρ</span> <span class='ocrx_word' id='word_1_676' title='bbox 1436 4992 1512 5063; x_wconf 86' lang='grc' dir='ltr'>τῷ</span> <span class='ocrx_word' id='word_1_677' title='bbox 1550 4992 1666 5063; x_wconf 82' lang='grc' dir='ltr'>Θεῷ</span> <span class='ocrx_word' id='word_1_678' title='bbox 1712 4992 1992 5063; x_wconf 83' lang='grc' dir='ltr'>ὑπάρχων,</span> 
     </span>
    </p>
   </div>
   <div class='ocr_carea' id='block_1_95' title="bbox 421 5083 1995 5158">
    <p class='ocr_par' dir='ltr' id='par_1_95' title="bbox 421 5083 1995 5158">
     <span class='ocr_line' id='line_1_95' title="bbox 421 5083 1995 5158; baseline -0.008 -12"><span class='ocrx_word' id='word_1_679' title='bbox 421 5095 482 5147; x_wconf 94' lang='grc' dir='ltr'><strong>οὑ</strong></span> <span class='ocrx_word' id='word_1_680' title='bbox 522 5091 608 5144; x_wconf 82' lang='grc' dir='ltr'>διὰ</span> <span class='ocrx_word' id='word_1_681' title='bbox 638 5091 876 5143; x_wconf 81' lang='grc' dir='ltr'>ἀσωτίαν</span> <span class='ocrx_word' id='word_1_682' title='bbox 903 5089 999 5158; x_wconf 78' lang='grc' dir='ltr'><strong>τὴν</strong></span> <span class='ocrx_word' id='word_1_683' title='bbox 1032 5087 1200 5158; x_wconf 86' lang='grc' dir='ltr'>μέθην</span> <span class='ocrx_word' id='word_1_684' title='bbox 1234 5086 1460 5154; x_wconf 82' lang='grc' dir='ltr'>ὑπέστη,</span> <span class='ocrx_word' id='word_1_685' title='bbox 1496 5084 1630 5137; x_wconf 84' lang='grc' dir='ltr'><strong>ἀλλά</strong></span> <span class='ocrx_word' id='word_1_686' title='bbox 1660 5083 1805 5155; x_wconf 78' lang='grc' dir='ltr'>λύπῃ</span> <span class='ocrx_word' id='word_1_687' title='bbox 1832 5084 1995 5155; x_wconf 67' lang='grc' dir='ltr'>φερόο</span> 
     </span>
    </p>
   </div>
   <div class='ocr_carea' id='block_1_96' title="bbox 426 5173 1996 5254">
    <p class='ocr_par' dir='ltr' id='par_1_96' title="bbox 426 5173 1996 5254">
     <span class='ocr_line' id='line_1_96' title="bbox 426 5173 1996 5254; baseline -0.006 -19"><span class='ocrx_word' id='word_1_688' title='bbox 426 5200 582 5254; x_wconf 84' lang='grc' dir='ltr'>μενος</span> <span class='ocrx_word' id='word_1_689' title='bbox 608 5181 745 5250; x_wconf 83' lang='grc' dir='ltr'>τάχα</span> <span class='ocrx_word' id='word_1_690' title='bbox 769 5179 1076 5249; x_wconf 82' lang='grc' dir='ltr'>ἐκεκάρωτο</span> <span class='ocrx_word' id='word_1_691' title='bbox 1097 5193 1110 5207; x_wconf 79' lang='grc'><em>’</em></span> <span class='ocrx_word' id='word_1_692' title='bbox 1141 5177 1234 5230; x_wconf 79' lang='grc' dir='ltr'>καὶ</span> <span class='ocrx_word' id='word_1_693' title='bbox 1265 5177 1340 5247; x_wconf 85' lang='grc' dir='ltr'>μὴ</span> <span class='ocrx_word' id='word_1_694' title='bbox 1375 5176 1556 5246; x_wconf 88' lang='grc' dir='ltr'>φέρων</span> <span class='ocrx_word' id='word_1_695' title='bbox 1585 5174 1643 5239; x_wconf 75' lang='grc' dir='ltr'>ἐξ</span> <span class='ocrx_word' id='word_1_696' title='bbox 1673 5173 1996 5244; x_wconf 84' lang='grc' dir='ltr'>ἀμφοτέρων</span> 
     </span>
    </p>
   </div>
   <div class='ocr_carea' id='block_1_97' title="bbox 424 5264 1996 5337">
    <p class='ocr_par' dir='ltr' id='par_1_97' title="bbox 424 5264 1996 5337">
     <span class='ocr_line' id='line_1_97' title="bbox 424 5264 1996 5337; baseline -0.006 -11"><span class='ocrx_word' id='word_1_697' title='bbox 424 5275 510 5326; x_wconf 85' lang='grc' dir='ltr'><strong>διὰ</strong></span> <span class='ocrx_word' id='word_1_698' title='bbox 536 5273 596 5325; x_wconf 80' lang='grc' dir='ltr'><strong>τὸ</strong></span> <span class='ocrx_word' id='word_1_699' title='bbox 638 5269 858 5332; x_wconf 79' lang='grc' dir='ltr'>ἀσθενὲς</span> <span class='ocrx_word' id='word_1_700' title='bbox 907 5269 1002 5321; x_wconf 72' lang='grc' dir='ltr'><strong>καὶ</strong></span> <span class='ocrx_word' id='word_1_701' title='bbox 1045 5267 1330 5337; x_wconf 81' lang='grc' dir='ltr'>γηραλέον,</span> <span class='ocrx_word' id='word_1_702' title='bbox 1381 5266 1634 5336; x_wconf 69' lang='grc' dir='ltr'>ἀσθενείᾳ.</span> <span class='ocrx_word' id='word_1_703' title='bbox 1687 5264 1956 5318; x_wconf 88' lang='grc' dir='ltr'>ὑπέπεσεν</span> <span class='ocrx_word' id='word_1_704' title='bbox 1981 5281 1996 5294; x_wconf 77' lang='grc' dir='ltr'><strong>ο</strong></span> 
     </span>
    </p>
   </div>
   <div class='ocr_carea' id='block_1_98' title="bbox 424 5353 1999 5436">
    <p class='ocr_par' dir='ltr' id='par_1_98' title="bbox 424 5353 1999 5436">
     <span class='ocr_line' id='line_1_98' title="bbox 424 5353 1999 5436; baseline -0.004 -18"><span class='ocrx_word' id='word_1_705' title='bbox 424 5367 524 5436; x_wconf 83' lang='grc' dir='ltr'><strong>οὑχ</strong></span> <span class='ocrx_word' id='word_1_706' title='bbox 550 5365 636 5417; x_wconf 81' lang='grc' dir='ltr'><strong>ἵνα</strong></span> <span class='ocrx_word' id='word_1_707' title='bbox 665 5360 932 5433; x_wconf 87' lang='grc' dir='ltr'>χλευασθῇ</span> <span class='ocrx_word' id='word_1_708' title='bbox 978 5359 1082 5412; x_wconf 85' lang='grc' dir='ltr'><strong>ὑπὸ</strong></span> <span class='ocrx_word' id='word_1_709' title='bbox 1120 5359 1333 5411; x_wconf 84' lang='grc' dir='ltr'>τέκνου.</span> <span class='ocrx_word' id='word_1_710' title='bbox 1369 5353 1432 5411; x_wconf 78' lang='grc' dir='ltr'>Ὀ</span> <span class='ocrx_word' id='word_1_711' title='bbox 1471 5357 1552 5420; x_wconf 83' lang='grc' dir='ltr'><strong>δὲ,</strong></span> <span class='ocrx_word' id='word_1_712' title='bbox 1599 5356 1999 5426; x_wconf 84' lang='grc' dir='ltr'>καταγελάσας,</span> 
     </span>
    </p>
   </div>
   <div class='ocr_carea' id='block_1_99' title="bbox 429 5447 2001 5526">
    <p class='ocr_par' dir='ltr' id='par_1_99' title="bbox 429 5447 2001 5526">
     <span class='ocr_line' id='line_1_99' title="bbox 429 5447 2001 5526; baseline -0.008 -13"><span class='ocrx_word' id='word_1_713' title='bbox 429 5456 602 5526; x_wconf 75' lang='grc' dir='ltr'>ἑαυτῷ</span> <span class='ocrx_word' id='word_1_714' title='bbox 630 5454 813 5524; x_wconf 74' lang='grc' dir='ltr'>εἴληφε</span> <span class='ocrx_word' id='word_1_715' title='bbox 838 5452 936 5523; x_wconf 80' lang='grc' dir='ltr'>τὴν</span> <span class='ocrx_word' id='word_1_716' title='bbox 967 5451 1230 5521; x_wconf 86' lang='grc' dir='ltr'>κατάραν,</span> <span class='ocrx_word' id='word_1_717' title='bbox 1257 5450 1342 5502; x_wconf 85' lang='grc' dir='ltr'><strong>ἵνα</strong></span> <span class='ocrx_word' id='word_1_718' title='bbox 1369 5447 1704 5512; x_wconf 80' lang='grc' dir='ltr'>κολάζωνται</span> <span class='ocrx_word' id='word_1_719' title='bbox 1731 5451 1779 5501; x_wconf 75' lang='lat' dir='ltr'><strong>oi</strong></span> <span class='ocrx_word' id='word_1_720' title='bbox 1808 5451 2001 5519; x_wconf 74' lang='grc' dir='ltr'>ἐνσκή-</span> 
     </span>
    </p>
   </div>
   <div class='ocr_carea' id='block_1_100' title="bbox 431 5541 2000 5615">
    <p class='ocr_par' dir='ltr' id='par_1_100' title="bbox 431 5541 2000 5615">
     <span class='ocr_line' id='line_1_100' title="bbox 431 5541 2000 5615; baseline -0.008 -8"><span class='ocrx_word' id='word_1_721' title='bbox 431 5567 652 5613; x_wconf 83' lang='grc' dir='ltr'>πτοντες</span> <span class='ocrx_word' id='word_1_722' title='bbox 685 5550 797 5610; x_wconf 79' lang='grc' dir='ltr'>τοῖς</span> <span class='ocrx_word' id='word_1_723' title='bbox 831 5545 1098 5615; x_wconf 83' lang='grc' dir='ltr'>πατράσιν</span> <span class='ocrx_word' id='word_1_724' title='bbox 1138 5543 1317 5614; x_wconf 78' lang='grc' dir='ltr'>ὓϐριν,</span> <span class='ocrx_word' id='word_1_725' title='bbox 1358 5542 1453 5596; x_wconf 74' lang='grc' dir='ltr'>καὶ</span> <span class='ocrx_word' id='word_1_726' title='bbox 1493 5544 1544 5594; x_wconf 89' lang='grc' dir='ltr'>οἱ</span> <span class='ocrx_word' id='word_1_727' title='bbox 1582 5543 1640 5595; x_wconf 82' lang='grc' dir='ltr'>ὲν</span> <span class='ocrx_word' id='word_1_728' title='bbox 1667 5543 1795 5612; x_wconf 85' lang='grc' dir='ltr'>ὑμῖν</span> <span class='ocrx_word' id='word_1_729' title='bbox 1824 5541 2000 5595; x_wconf 89' lang='grc' dir='ltr'>διαλο-</span> 
     </span>
    </p>
   </div>
   <div class='ocr_carea' id='block_1_101' title="bbox 502 5755 1924 5825">
    <p class='ocr_par' dir='ltr' id='par_1_101' title="bbox 502 5755 1924 5825">
     <span class='ocr_line' id='line_1_101' title="bbox 502 5755 1924 5825; baseline -0.007 -5"><span class='ocrx_word' id='word_1_730' title='bbox 502 5769 518 5800; x_wconf 75' lang='grc'>¹</span> <span class='ocrx_word' id='word_1_731' title='bbox 545 5766 703 5822; x_wconf 84' lang='lat' dir='ltr'><strong>Deest</strong></span> <span class='ocrx_word' id='word_1_732' title='bbox 732 5766 830 5818; x_wconf 82' lang='grc' dir='ltr'>δεῖ.</span> <span class='ocrx_word' id='word_1_733' title='bbox 909 5766 928 5795; x_wconf 79' lang='grc'>¹</span> <span class='ocrx_word' id='word_1_734' title='bbox 959 5763 1093 5818; x_wconf 73' lang='lat' dir='ltr'><strong>Gen.</strong></span> <span class='ocrx_word' id='word_1_735' title='bbox 1126 5779 1202 5825; x_wconf 86' lang='lat' dir='ltr'><strong>iv.</strong></span> <span class='ocrx_word' id='word_1_736' title='bbox 1235 5761 1290 5815; x_wconf 73' lang='grc'>2.</span> <span class='ocrx_word' id='word_1_737' title='bbox 1371 5757 1391 5788; x_wconf 89' lang='grc'>³</span> <span class='ocrx_word' id='word_1_738' title='bbox 1421 5755 1554 5812; x_wconf 85' lang='lat' dir='ltr'><strong>Gen.</strong></span> <span class='ocrx_word' id='word_1_739' title='bbox 1590 5772 1664 5820; x_wconf 80' lang='lat' dir='ltr'><strong>ix,</strong></span> <span class='ocrx_word' id='word_1_740' title='bbox 1705 5759 1774 5808; x_wconf 65' lang='grc' dir='ltr'><strong>Ἅι</strong></span> <span class='ocrx_word' id='word_1_741' title='bbox 1805 5771 1924 5824; x_wconf 63' lang='grc' dir='ltr'>ειη.</span> 
     </span>
    </p>
   </div>
   <div class='ocr_carea' id='block_1_102' title="bbox 744 5869 1362 5942">
    <p class='ocr_par' dir='ltr' id='par_1_102' title="bbox 744 5869 1362 5942">
     <span class='ocr_line' id='line_1_102' title="bbox 744 5869 1362 5942; baseline -0.002 0"><span class='ocrx_word' id='word_1_742' title='bbox 744 5884 1014 5942; x_wconf 72' lang='grc' dir='ltr'>ΡΑτιιοι.</span> <span class='ocrx_word' id='word_1_743' title='bbox 1050 5880 1167 5939; x_wconf 80' lang='lat' dir='ltr'><strong>Gn.</strong></span> <span class='ocrx_word' id='word_1_744' title='bbox 1198 5869 1362 5941; x_wconf 55' lang='lat' dir='ltr'><strong>XLI.</strong></span> 
     </span>
    </p>
   </div>
   <div class='ocr_carea' id='block_1_103' title="bbox 2094 4632 3656 4704">
    <p class='ocr_par' dir='ltr' id='par_1_103' title="bbox 2094 4632 3656 4704">
     <span class='ocr_line' id='line_1_103' title="bbox 2094 4632 3656 4704; baseline -0.002 -14"><span class='ocrx_word' id='word_1_745' title='bbox 2094 4634 2218 4700; x_wconf 89' lang='lat' dir='ltr'><strong>bus,</strong></span> <span class='ocrx_word' id='word_1_746' title='bbox 2246 4633 2631 4704; x_wconf 87' lang='lat' dir='ltr'><strong>agriculturam</strong></span> <span class='ocrx_word' id='word_1_747' title='bbox 2669 4633 2894 4687; x_wconf 88' lang='lat' dir='ltr'><strong>omnino</strong></span> <span class='ocrx_word' id='word_1_748' title='bbox 2941 4647 3051 4685; x_wconf 91' lang='lat' dir='ltr'><strong>non</strong></span> <span class='ocrx_word' id='word_1_749' title='bbox 3089 4632 3356 4703; x_wconf 87' lang='lat' dir='ltr'><strong>attingere</strong></span> <span class='ocrx_word' id='word_1_750' title='bbox 3385 4632 3656 4689; x_wconf 91' lang='lat' dir='ltr'><strong>hominem</strong></span> 
     </span>
    </p>
   </div>
   <div class='ocr_carea' id='block_1_104' title="bbox 2095 4723 3662 4798">
    <p class='ocr_par' dir='ltr' id='par_1_104' title="bbox 2095 4723 3662 4798">
     <span class='ocr_line' id='line_1_104' title="bbox 2095 4723 3662 4798; baseline -0.003 -15"><span class='ocrx_word' id='word_1_751' title='bbox 2095 4733 2346 4798; x_wconf 90' lang='lat' dir='ltr'><strong>oportet:</strong></span> <span class='ocrx_word' id='word_1_752' title='bbox 2381 4724 2836 4796; x_wconf 89' lang='lat' dir='ltr'><strong>quemadmodum</strong></span> <span class='ocrx_word' id='word_1_753' title='bbox 2866 4723 2999 4778; x_wconf 86' lang='lat' dir='ltr'><strong>Abel</strong></span> <span class='ocrx_word' id='word_1_754' title='bbox 3034 4725 3213 4777; x_wconf 82' lang='lat' dir='ltr'><strong>ovium</strong></span> <span class='ocrx_word' id='word_1_755' title='bbox 3248 4723 3416 4779; x_wconf 84' lang='lat' dir='ltr'><strong>fuisse</strong></span> <span class='ocrx_word' id='word_1_756' title='bbox 3453 4733 3662 4796; x_wconf 89' lang='lat' dir='ltr'><strong>pastor,</strong></span> 
     </span>
    </p>
   </div>
   <div class='ocr_carea' id='block_1_105' title="bbox 2095 4812 3662 4873">
    <p class='ocr_par' dir='ltr' id='par_1_105' title="bbox 2095 4812 3662 4873">
     <span class='ocr_line' id='line_1_105' title="bbox 2095 4812 3662 4873; baseline -0.001 -1"><span class='ocrx_word' id='word_1_757' title='bbox 2095 4817 2298 4873; x_wconf 86' lang='lat' dir='ltr'><strong>Cainus</strong></span> <span class='ocrx_word' id='word_1_758' title='bbox 2353 4823 2555 4872; x_wconf 89' lang='lat' dir='ltr'><strong>terram</strong></span> <span class='ocrx_word' id='word_1_759' title='bbox 2613 4815 2849 4871; x_wconf 91' lang='lat' dir='ltr'><strong>coluisse</strong></span> <span class='ocrx_word' id='word_1_760' title='bbox 2893 4815 3097 4869; x_wconf 90' lang='lat' dir='ltr'><strong>dicitur</strong></span> <span class='ocrx_word' id='word_1_761' title='bbox 3139 4815 3183 4868; x_wconf 78' lang='grc'>³.</span> <span class='ocrx_word' id='word_1_762' title='bbox 3233 4812 3348 4871; x_wconf 69' lang='grc' dir='ltr'><strong>νει</strong></span> <span class='ocrx_word' id='word_1_763' title='bbox 3383 4816 3430 4870; x_wconf 91' lang='lat' dir='ltr'><strong>si</strong></span> <span class='ocrx_word' id='word_1_764' title='bbox 3485 4817 3662 4871; x_wconf 89' lang='lat' dir='ltr'><strong>solum</strong></span> 
     </span>
    </p>
   </div>
   <div class='ocr_carea' id='block_1_106' title="bbox 2099 4906 3666 4979">
    <p class='ocr_par' dir='ltr' id='par_1_106' title="bbox 2099 4906 3666 4979">
     <span class='ocr_line' id='line_1_106' title="bbox 2099 4906 3666 4979; baseline 0 -17"><span class='ocrx_word' id='word_1_765' title='bbox 2099 4909 2258 4979; x_wconf 81' lang='lat'><strong>523</strong></span> <span class='ocrx_word' id='word_1_766' title='bbox 2298 4923 2553 4964; x_wconf 71' lang='lat' dir='ltr'><strong>exercere</strong></span> <span class='ocrx_word' id='word_1_767' title='bbox 2604 4908 2802 4978; x_wconf 88' lang='lat' dir='ltr'><strong>aliquis</strong></span> <span class='ocrx_word' id='word_1_768' title='bbox 2838 4907 3112 4971; x_wconf 88' lang='lat' dir='ltr'><strong>instituit,</strong></span> <span class='ocrx_word' id='word_1_769' title='bbox 3172 4907 3250 4960; x_wconf 88' lang='lat' dir='ltr'><strong>uti</strong></span> <span class='ocrx_word' id='word_1_770' title='bbox 3302 4906 3417 4963; x_wconf 89' lang='lat' dir='ltr'><strong>Noe</strong></span> <span class='ocrx_word' id='word_1_771' title='bbox 3475 4907 3666 4963; x_wconf 81' lang='lat' dir='ltr'><strong>fecisse</strong></span> 
     </span>
    </p>
   </div>
   <div class='ocr_carea' id='block_1_107' title="bbox 2095 4999 3668 5071">
    <p class='ocr_par' dir='ltr' id='par_1_107' title="bbox 2095 4999 3668 5071">
     <span class='ocr_line' id='line_1_107' title="bbox 2095 4999 3668 5071; baseline -0.003 -15"><span class='ocrx_word' id='word_1_772' title='bbox 2095 5002 2319 5068; x_wconf 86' lang='lat' dir='ltr'><strong>dicitur,</strong></span> <span class='ocrx_word' id='word_1_773' title='bbox 2348 5001 2477 5071; x_wconf 91' lang='lat' dir='ltr'><strong>qui,</strong></span> <span class='ocrx_word' id='word_1_774' title='bbox 2511 5008 2570 5055; x_wconf 93' lang='lat' dir='ltr'><strong>ut</strong></span> <span class='ocrx_word' id='word_1_775' title='bbox 2617 5001 2880 5070; x_wconf 88' lang='lat' dir='ltr'><strong>scriptum</strong></span> <span class='ocrx_word' id='word_1_776' title='bbox 2910 5008 3024 5064; x_wconf 90' lang='lat' dir='ltr'><strong>est,</strong></span> <span class='ocrx_word' id='word_1_777' title='bbox 3062 5000 3141 5053; x_wconf 83' lang='lat' dir='ltr'><strong>vir</strong></span> <span class='ocrx_word' id='word_1_778' title='bbox 3173 4999 3274 5068; x_wconf 78' lang='lat' dir='ltr'><strong>fuit</strong></span> <span class='ocrx_word' id='word_1_779' title='bbox 3316 5001 3569 5070; x_wconf 82' lang='lat' dir='ltr'><strong>agricola,</strong></span> <span class='ocrx_word' id='word_1_780' title='bbox 3618 5012 3668 5054; x_wconf 81' lang='lat' dir='ltr'><strong>et</strong></span> 
     </span>
    </p>
   </div>
   <div class='ocr_carea' id='block_1_108' title="bbox 2097 5091 3668 5162">
    <p class='ocr_par' dir='ltr' id='par_1_108' title="bbox 2097 5091 3668 5162">
     <span class='ocr_line' id='line_1_108' title="bbox 2097 5091 3668 5162; baseline -0.001 -16"><span class='ocrx_word' id='word_1_781' title='bbox 2097 5093 2356 5162; x_wconf 81' lang='lat' dir='ltr'><strong>plantavit</strong></span> <span class='ocrx_word' id='word_1_782' title='bbox 2388 5093 2589 5146; x_wconf 77' lang='lat' dir='ltr'><strong>vineam</strong></span> <span class='ocrx_word' id='word_1_783' title='bbox 2614 5093 2674 5148; x_wconf 69' lang='lat'><strong>3:</strong></span> <span class='ocrx_word' id='word_1_784' title='bbox 2709 5107 2815 5146; x_wconf 85' lang='lat' dir='ltr'><strong>non</strong></span> <span class='ocrx_word' id='word_1_785' title='bbox 2848 5091 2988 5155; x_wconf 87' lang='lat' dir='ltr'><strong>ideo,</strong></span> <span class='ocrx_word' id='word_1_786' title='bbox 3021 5098 3174 5161; x_wconf 86' lang='lat' dir='ltr'><strong>puto.</strong></span> <span class='ocrx_word' id='word_1_787' title='bbox 3206 5091 3419 5146; x_wconf 89' lang='lat' dir='ltr'><strong>vineam</strong></span> <span class='ocrx_word' id='word_1_788' title='bbox 3449 5092 3668 5162; x_wconf 86' lang='lat' dir='ltr'><strong>planta-</strong></span> 
     </span>
    </p>
   </div>
   <div class='ocr_carea' id='block_1_109' title="bbox 2099 5181 3672 5252">
    <p class='ocr_par' dir='ltr' id='par_1_109' title="bbox 2099 5181 3672 5252">
     <span class='ocr_line' id='line_1_109' title="bbox 2099 5181 3672 5252; baseline 0.001 -17"><span class='ocrx_word' id='word_1_789' title='bbox 2099 5183 2209 5248; x_wconf 88' lang='lat' dir='ltr'><strong>vit,</strong></span> <span class='ocrx_word' id='word_1_790' title='bbox 2246 5191 2304 5235; x_wconf 92' lang='lat' dir='ltr'><strong>ut</strong></span> <span class='ocrx_word' id='word_1_791' title='bbox 2345 5198 2413 5236; x_wconf 90' lang='lat' dir='ltr'><strong>ne</strong></span> <span class='ocrx_word' id='word_1_792' title='bbox 2450 5197 2696 5236; x_wconf 89' lang='lat' dir='ltr'><strong>racemos</strong></span> <span class='ocrx_word' id='word_1_793' title='bbox 2729 5181 3032 5252; x_wconf 81' lang='lat' dir='ltr'><strong>proferret;</strong></span> <span class='ocrx_word' id='word_1_794' title='bbox 3065 5181 3159 5237; x_wconf 92' lang='lat' dir='ltr'><strong>sed</strong></span> <span class='ocrx_word' id='word_1_795' title='bbox 3205 5191 3262 5237; x_wconf 93' lang='lat' dir='ltr'><strong>et</strong></span> <span class='ocrx_word' id='word_1_796' title='bbox 3291 5182 3585 5252; x_wconf 78' lang='lat' dir='ltr'><strong>plantavit,</strong></span> <span class='ocrx_word' id='word_1_797' title='bbox 3618 5192 3672 5237; x_wconf 90' lang='lat' dir='ltr'><strong>et</strong></span> 
     </span>
    </p>
   </div>
   <div class='ocr_carea' id='block_1_110' title="bbox 2101 5272 3674 5339">
    <p class='ocr_par' dir='ltr' id='par_1_110' title="bbox 2101 5272 3674 5339">
     <span class='ocr_line' id='line_1_110' title="bbox 2101 5272 3674 5339; baseline -0.001 -13"><span class='ocrx_word' id='word_1_798' title='bbox 2101 5272 2169 5327; x_wconf 94' lang='lat' dir='ltr'><strong>de</strong></span> <span class='ocrx_word' id='word_1_799' title='bbox 2201 5272 2377 5326; x_wconf 84' lang='lat' dir='ltr'><strong>fructu</strong></span> <span class='ocrx_word' id='word_1_800' title='bbox 2410 5272 2554 5328; x_wconf 86' lang='lat' dir='ltr'><strong>illius</strong></span> <span class='ocrx_word' id='word_1_801' title='bbox 2583 5273 2750 5337; x_wconf 86' lang='lat' dir='ltr'><strong>bibit,</strong></span> <span class='ocrx_word' id='word_1_802' title='bbox 2783 5283 2832 5327; x_wconf 88' lang='lat' dir='ltr'><strong>et</strong></span> <span class='ocrx_word' id='word_1_803' title='bbox 2883 5273 3176 5328; x_wconf 83' lang='lat' dir='ltr'><strong>inebriatus</strong></span> <span class='ocrx_word' id='word_1_804' title='bbox 3203 5279 3280 5329; x_wconf 73' lang='lat' dir='ltr'><strong>est</strong></span> <span class='ocrx_word' id='word_1_805' title='bbox 3307 5312 3324 5339; x_wconf 89' lang='lat'><strong>,</strong></span> <span class='ocrx_word' id='word_1_806' title='bbox 3365 5282 3425 5328; x_wconf 89' lang='lat' dir='ltr'><strong>ut</strong></span> <span class='ocrx_word' id='word_1_807' title='bbox 3455 5289 3520 5328; x_wconf 92' lang='lat' dir='ltr'><strong>eo</strong></span> <span class='ocrx_word' id='word_1_808' title='bbox 3551 5274 3674 5326; x_wconf 91' lang='lat' dir='ltr'><strong>loco</strong></span> 
     </span>
    </p>
   </div>
   <div class='ocr_carea' id='block_1_111' title="bbox 2105 5360 3672 5432">
    <p class='ocr_par' dir='ltr' id='par_1_111' title="bbox 2105 5360 3672 5432">
     <span class='ocr_line' id='line_1_111' title="bbox 2105 5360 3672 5432; baseline 0.001 -18"><span class='ocrx_word' id='word_1_809' title='bbox 2105 5362 2322 5431; x_wconf 86' lang='lat' dir='ltr'><strong>legitur.</strong></span> <span class='ocrx_word' id='word_1_810' title='bbox 2354 5362 2408 5415; x_wconf 89' lang='lat' dir='ltr'><strong>In</strong></span> <span class='ocrx_word' id='word_1_811' title='bbox 2462 5379 2571 5431; x_wconf 93' lang='lat' dir='ltr'><strong>quo</strong></span> <span class='ocrx_word' id='word_1_812' title='bbox 2598 5379 2730 5417; x_wconf 88' lang='lat' dir='ltr'><strong>sane</strong></span> <span class='ocrx_word' id='word_1_813' title='bbox 2769 5363 2926 5417; x_wconf 88' lang='lat' dir='ltr'><strong>venia</strong></span> <span class='ocrx_word' id='word_1_814' title='bbox 2972 5363 3170 5432; x_wconf 86' lang='lat' dir='ltr'><strong>dignus</strong></span> <span class='ocrx_word' id='word_1_815' title='bbox 3219 5379 3384 5418; x_wconf 84' lang='lat' dir='ltr'><strong>senex</strong></span> <span class='ocrx_word' id='word_1_816' title='bbox 3434 5362 3524 5417; x_wconf 89' lang='lat' dir='ltr'><strong>ille</strong></span> <span class='ocrx_word' id='word_1_817' title='bbox 3550 5360 3672 5415; x_wconf 81' lang='lat' dir='ltr'><strong>fuit.</strong></span> 
     </span>
    </p>
   </div>
   <div class='ocr_carea' id='block_1_112' title="bbox 2107 5450 3675 5524">
    <p class='ocr_par' dir='ltr' id='par_1_112' title="bbox 2107 5450 3675 5524">
     <span class='ocr_line' id='line_1_112' title="bbox 2107 5450 3675 5524; baseline 0 -19"><span class='ocrx_word' id='word_1_818' title='bbox 2107 5451 2210 5519; x_wconf 87' lang='lat' dir='ltr'><strong>Qui</strong></span> <span class='ocrx_word' id='word_1_819' title='bbox 2249 5469 2372 5507; x_wconf 92' lang='lat' dir='ltr'><strong>cum</strong></span> <span class='ocrx_word' id='word_1_820' title='bbox 2411 5453 2519 5508; x_wconf 92' lang='lat' dir='ltr'><strong>Deo</strong></span> <span class='ocrx_word' id='word_1_821' title='bbox 2543 5463 2730 5524; x_wconf 89' lang='lat' dir='ltr'><strong>gratus</strong></span> <span class='ocrx_word' id='word_1_822' title='bbox 2780 5463 2963 5520; x_wconf 83' lang='lat' dir='ltr'><strong>esset,</strong></span> <span class='ocrx_word' id='word_1_823' title='bbox 2999 5470 3109 5510; x_wconf 86' lang='lat' dir='ltr'><strong>non</strong></span> <span class='ocrx_word' id='word_1_824' title='bbox 3139 5471 3204 5510; x_wconf 85' lang='lat' dir='ltr'><strong>ex</strong></span> <span class='ocrx_word' id='word_1_825' title='bbox 3257 5450 3675 5524; x_wconf 84' lang='lat' dir='ltr'><strong>intemperantia</strong></span> 
     </span>
    </p>
   </div>
   <div class='ocr_carea' id='block_1_113' title="bbox 2109 5534 3679 5614">
    <p class='ocr_par' dir='ltr' id='par_1_113' title="bbox 2109 5534 3679 5614">
     <span class='ocr_line' id='line_1_113' title="bbox 2109 5534 3679 5614; baseline -0.002 -17"><span class='ocrx_word' id='word_1_826' title='bbox 2109 5545 2163 5597; x_wconf 92' lang='lat' dir='ltr'><strong>in</strong></span> <span class='ocrx_word' id='word_1_827' title='bbox 2195 5543 2341 5597; x_wconf 88' lang='lat' dir='ltr'><strong>illam</strong></span> <span class='ocrx_word' id='word_1_828' title='bbox 2378 5543 2694 5599; x_wconf 88' lang='lat' dir='ltr'><strong>ebrietatem</strong></span> <span class='ocrx_word' id='word_1_829' title='bbox 2733 5543 2956 5611; x_wconf 77' lang='lat' dir='ltr'><strong>incutit;</strong></span> <span class='ocrx_word' id='word_1_830' title='bbox 2991 5544 3106 5614; x_wconf 88' lang='lat' dir='ltr'><strong>sed,</strong></span> <span class='ocrx_word' id='word_1_831' title='bbox 3138 5551 3197 5598; x_wconf 89' lang='lat' dir='ltr'><strong>ut</strong></span> <span class='ocrx_word' id='word_1_832' title='bbox 3235 5534 3449 5614; x_wconf 91' lang='lat' dir='ltr'><strong>opinor,</strong></span> <span class='ocrx_word' id='word_1_833' title='bbox 3479 5557 3544 5596; x_wconf 83' lang='lat' dir='ltr'><strong>ex</strong></span> <span class='ocrx_word' id='word_1_834' title='bbox 3575 5541 3679 5596; x_wconf 83' lang='lat' dir='ltr'><strong>tri-</strong></span> 
     </span>
    </p>
   </div>
   <div class='ocr_carea' id='block_1_114' title="bbox 3256 5853 3330 5915">
    <p class='ocr_par' dir='ltr' id='par_1_114' title="bbox 3256 5853 3330 5915">
     <span class='ocr_line' id='line_1_114' title="bbox 3256 5853 3330 5915; baseline 0.014 -1"><span class='ocrx_word' id='word_1_835' title='bbox 3256 5853 3330 5915; x_wconf 77' lang='grc'>34</span> 
     </span>
    </p>
   </div>
  </div>
