4176 6386
3691 354 3889 407 ωδε

571 467 719 524 stitia
752 478 815 519 ac
848 479 1081 520 maerore
1100 465 1321 536 quidam
1354 467 1405 520 ei
1442 465 1623 520 somni
1656 475 1845 537 torpor
1874 467 2140 538 obrepsit.

2245 470 2436 540 γισμοὶ
2476 470 2883 542 ἐπεγειρόμενοι
2926 469 3065 522 κατὰ
3112 468 3211 538 τῆς
3258 466 3350 520 τοῦ
3392 467 3525 520 Θεοῦ
3567 466 3890 537 γνώσεως

540 558 705 613 ιϐιηιι
730 565 918 612 autem
951 558 1238 628 utriusque
1264 559 1370 612 vim
1391 560 1662 614 sustinere
1680 560 1765 611 -ob
1796 559 2140 613 imbecillita-

2249 558 2342 611 καὶ
2387 558 2566 621 καλῶς
2594 558 2932 628 τεταγμένης
2962 557 3273 623 διατάξεως.

548 657 677 701 .tem
720 655 775 700 et
819 655 1031 701 aetatem
1059 664 1180 702 .non
1214 657 1449 719 posset,
1501 648 1556 702 in
1586 664 1720 702 eam
1762 648 2130 703 inﬁrmitatem
2160 651 2459 722 prolapsus
2486 659 2605 703 est:
2663 666 2761 702 nec
2810 650 2929 703 ideo
2972 659 3155 702 tamen
3225 648 3421 719 dignus
3471 658 3618 713 erat,
3690 658 3761 701 ιιι
3800 665 3877 701 ει

554 740 713 795 ,lilius
750 740 1016 795 illuderet.
1052 741 1231 807 Quare
1256 744 1350 812 qui
1403 743 1553 795 illum
1591 742 1829 807 derisit,
1870 744 1924 797 in
1996 745 2347 814 semetipsum
2396 745 2847 814 imprecationem
2918 746 3209 799 convertit.
3246 743 3313 799 Ut
3356 746 3394 797 ii
3454 746 3631 814 poeuis
3718 746 3880 796 alli-

559 838 823 905 ciantur,
870 840 963 910 qui
1003 840 1319 910 parentibus
1357 841 1473 896 suis
1521 841 1904 894 contumeliam
1962 841 2272 911 imponunt,
2309 841 2551 912 adeoque
2579 841 2938 912 cogitationes
3001 841 3137 901 illm,
3206 856 3328 909 quae
3394 840 3657 895 adversus
3748 838 3875 893 Dei

570 936 933 1006 cognitionem
966 946 1021 991 et
1059 945 1205 992 recte
1242 935 1599 991 constitutum
1640 935 1888 989 ordinem
1920 936 2238 1006 insurgunt.

642 1026 730 1082 IV.
762 1028 1050 1084 Enimvero
1079 1030 1204 1084 licet
1226 1036 1411 1085 tantus
1442 1030 1650 1099 nuptiis
1679 1030 1877 1092 honor,
1902 1041 2142 1101 quantus

573 1122 901 1192 virginitati,
935 1122 1155 1177 minime
1185 1123 1255 1176 sit
1288 1122 1590 1185 habendus,
1614 1131 1668 1175 et
1700 1122 1815 1176 haec
1849 1123 1956 1179 illis
1990 1130 2145 1177 ante-

545 353 714 409 .1067
1965 356 2023 410 S.
2060 354 2404 411 El’lPllANll

2315 1036 2386 1087 A'.
2408 1036 2469 1086 Ei
2486 1034 2594 1103 γᾶρ
2614 1035 2704 1087 καὶ
2725 1034 2787 1087 οὐ
2810 1033 3115 1098 δεδόξασται
3132 1035 3160 1085 6
3186 1031 3360 1103 γάμος
3382 1032 3457 1093 ὡς
3477 1032 3511 1101 ἡ
3533 1030 3868 1098 παρθενία,

2248 1126 2386 1195 ὑπὲρ
2441 1126 2602 1178 αὐτὸν
2654 1126 2711 1177 δέ
2760 1125 2992 1196 ὑπάρχει
3037 1127 3071 1195 ή
3122 1124 3406 1192 παρθενία,
3452 1122 3739 1193 παρθενία
3794 1122 3867 1174 δὲ

567 1214 817 1283 ponenda
847 1216 951 1279 sit;
988 1230 1110 1269 cum
1160 1230 1223 1270 ea
1251 1222 1431 1269 tamen
1453 1231 1596 1269 'vera
1629 1215 1914 1285 virginitas
1955 1215 2144 1285 appel-

570 1310 733 1371 latur,
761 1324 883 1377 quae
913 1324 1036 1362 cum
1063 1308 1343 1363 honestate
1367 1316 1451 1361 est
1492 1317 1545 1361 et
1568 1308 1771 1363 virtute
1823 1308 2141 1377 conjuncta,

570 1407 687 1452 tum
722 1400 1066 1453 honorabiles
1090 1399 1289 1468 nuptiae
1323 1400 1338 1429 ¹
1375 1415 1403 1453 a
1447 1401 1736 1454 liberorum
1766 1400 2141 1469 procreatione

570 1507 680 1545 non
729 1492 1060 1555 abhorrent,
1109 1507 1285 1560 neque
1314 1491 1379 1545 ad
1414 1493 1869 1560 ignominianLea
1914 1492 2142 1546 trahunt

568 1597 688 1653 quae
720 1597 750 1635 α
797 1580 905 1637 Deo
952 1582 1208 1652 praeclare
1246 1581 1463 1635 condita
1497 1589 1624 1635 sunt
1652 1620 1665 1640 .
1715 1580 1822 1633 in‘l'o
1854 1595 1981 1634 vero
2032 1596 2138 1633 non

568 1676 725 1729 aliter
777 1674 1151 1743 praescriptum
1193 1674 1452 1725 divinitus
1491 1673 1751 1741 nuptialis
1797 1674 2141 1742 conjunctio-

569 1767 655 1821 nis
687 1769 904 1819 modum
945 1780 1007 1819 ac
1043 1767 1306 1819 rationem
1341 1773 1626 1834 usurpant.
1670 1763 1883 1835 Quippe
1917 1766 2140 1836 virgini-

2247 1216 2581 1287 ἀληθεύουσα
2609 1216 2815 1280 ἔνδοξος
2849 1218 2943 1269 καὶ
2974 1217 3227 1287 ἐνάρετος
3254 1215 3530 1284 κέκληται,
3555 1214 3619 1266 ού
3656 1230 3871 1283 μεμο·

2245 1306 2507 1380 λυομένη,
2537 1310 2630 1363 καὶ
2660 1311 2687 1361 6
2718 1309 2913 1378 σεμνὸς
2936 1309 2990 1362 δὲ
3021 1310 3196 1379 γάμος
3244 1307 3583 1360 παιδοποιίαν
3618 1306 3734 1359 οὐκ
3773 1309 3867 1368 εἰς

2248 1400 2507 1470 αἰσχύνην
2536 1400 2603 1452 τὰ
2640 1403 2701 1452 ἐκ
2734 1400 2869 1452 Θεοῦ
2916 1400 3094 1463 καλῶς
3125 1400 3419 1469 ἐκτισμένα
3454 1398 3821 1469 ἀπαγορεύει
3844 1414 3861 1427 ⁸

2244 1488 2359 1542 ἀλλ’
2399 1488 2520 1541 οὒτε
2554 1490 2725 1551 ἄλλως
2757 1490 3193 1560 μετιχειρίζεται
3240 1491 3341 1560 τῆς
3382 1490 3473 1543 τοῦ
3505 1491 3691 1559 γάμου
3733 1507 3863 1551 κοι-

2245 1582 2437 1644 νωνίας
2464 1581 2563 1651 τὴν
2598 1582 2660 1633 ἐκ
2716 1582 2852 1634 Θεοῦ
2901 1583 3241 1651 τεταγμένην
3274 1583 3516 1651 ἀγωγήν.
3540 1568 3860 1652 ¹Παρθενία

2245 1676 2353 1745 γάρ
2390 1677 2536 1728 ἐστιν
2562 1658 2796 1745 άληθῶς,
2826 1675 2902 1737 ὡς
2931 1675 3116 1744 ἐκείνη
3150 1676 3184 1745 ὴ
3210 1674 3316 1727 ὑπὸ
3336 1674 3428 1726 τοῦ
3463 1674 3619 1740 ἁγίου
3661 1675 3861 1724 Ἀπο-

2246 1767 2432 1819 στόλου
2460 1768 2856 1838 ἐπαινουμένη,
2900 1768 2981 1820 ὅτι
3016 1768 3083 1822 Ἠ
3122 1767 3416 1835 παρθένος
3458 1767 3553 1820 καὶ
3596 1768 3636 1833 ἡ
3678 1766 3855 1835 ἄγα-

568 1864 654 1913 tas
702 1870 885 1909 revera
935 1856 1055 1923 ejus
1109 1857 1283 1909 instar
1320 1865 1445 1916 cst,
1491 1870 1653 1924 quam
1711 1858 2000 1925 Apostolus
2057 1857 2140 1910 his

2240 1878 2353 1928 μος
2377 1857 2631 1927 μεριμνᾷ
2668 1861 2738 1911 τὰ
2766 1858 2871 1911 τοῦ
2904 1859 3145 1926 Κυρίου,
3197 1856 3322 1922 πῶς
3362 1857 3562 1925 ἀρέσει
3598 1856 3678 1921 τῷ
3706 1862 3855 1911 Κυ-

567 1946 747 2001 verbis
790 1947 1083 2016 praedicat:
1130 1946 1286 2015 Virgo
1324 1956 1374 1998 et
1430 1949 1647 2013 innupta
1699 1948 1931 2000 sollicita
1968 1958 2045 2001 est
2078 1949 2140 2002 de

2240 1949 2364 2014 ρίῳ,
2420 1948 2519 1999 ἵνα
2560 1941 2600 2017 ᾖ
2649 1948 2786 2015 ἁγία
2828 1944 2908 2011 τῷ
2950 1946 3174 2015 σώματι
3216 1949 3311 2000 καί
3362 1947 3435 2016 τῇ
3476 1948 3669 2017 ψυχῇ.
3710 1950 3852 2000 Ἵνα

567 2042 631 2093 ἦε
666 2057 781 2110 qui:
820 2051 941 2093 sunt
980 2040 1213 2103 Domini,
1243 2040 1500 2109 quomodo
1530 2042 1735 2108 placeat
1782 2041 2041 2101 Domino.
2085 2054 2137 2096 ut

566 2132 634 2184 sit
658 2142 843 2184 sancta
866 2146 1082 2193 corpore
1109 2141 1157 2184 et
1179 2134 1355 2185 anima
1378 2135 1418 2185 ².
1455 2131 1522 2187 Ut
1550 2135 1879 2199 ostenderet,
1913 2137 2137 2198 nullam,

567 2238 635 2276 ue
663 2223 943 2277 minimam
975 2224 1194 2294 quidem
1225 2265 1239 2289 ,
1278 2226 1644 2296 suspicionem
1682 2227 1988 2281 solitarium
2019 2229 2140 2281 vita:

566 2333 739 2385 genus
795 2318 1100 2373 admittere.
1148 2316 1351 2373 Verum
1412 2326 1466 2373 et
1512 2318 1880 2373 Ahrahamum
1934 2321 2140 2375 scimus

568 2408 754 2462 liberis
807 2422 1027 2477 operam
1089 2408 1345 2473 dedisse,
1399 2418 1453 2467 et
1503 2412 1737 2463 amicum
1786 2411 2001 2465 interim
2047 2410 2139 2465 Dei

567 2499 773 2563 fuisse,
827 2498 1049 2567 perinde
1088 2506 1249 2569 atque
1304 2499 1548 2554 Isaacum
1578 2540 1591 2563 ,
1631 2508 1685 2553 et
1742 2500 2042 2568 Jacobum,
2078 2517 2141 2556 ac

566 2589 824 2658 deinceps
863 2599 1107 2643 caeteros.
1148 2590 1251 2656 Qui
1288 2605 1463 2661 neque
1495 2593 1819 2663 semetipsos
1844 2607 2139 2647 exsecran-

564 2679 653 2741 dis
686 2679 932 2750 ﬂagitiis,
965 2695 1026 2735 ac
1054 2681 1369 2736 I‘wdissimis
1400 2683 1729 2752 usurpandis
1758 2684 1921 2737 rebus
1958 2683 2139 2753 inqui-

566 2784 806 2835 narunt,
854 2787 1030 2843 neque
1074 2780 1222 2827 recte
1256 2788 1285 2826 a
1324 2773 1433 2828 Deo
1480 2774 1793 2828 constitutae
1846 2775 2139 2829 liberorum

566 2878 662 2933 per
690 2862 910 2933 nuptias
940 2862 1307 2933 procreationi
1341 2861 1597 2933 refragati
1631 2872 1778 2917 sunt.
1806 2862 1991 2933 Neque
2024 2880 2141 2933 por-

564 2972 627 3012 ro
664 2956 757 3026 qui
815 2956 957 3010 inter
1019 2955 1166 3024 ipsos
1218 2955 1593 3011 castimoniam
1651 2970 1715 3009 ac
1777 2956 2141 3025 virginitatem

565 3048 935 3111 instituerant,
966 3047 1281 3102 certaminis
1328 3047 1473 3117 leges
1512 3046 1808 3111 violarunt,
1839 3054 1962 3108 aut,
1997 3047 2141 3101 velut

563 3141 889 3211 quibusdam
910 3140 1228 3211 praestigiis,
1275 3140 1415 3195 hanc
1444 3140 1658 3193 virtutis
1690 3139 2141 3193 exercitationem

2240 2037 2409 2110 δείξῃ,
2438 2038 2519 2091 ὅτι
2558 2038 2814 2108 οὐδεμίαν
2852 2037 3030 2090 αἰτίαν
3057 2038 3514 2110 ἀμπλακημάτων
3552 2041 3659 2092 κᾶν
3689 2041 3850 2093 ὑπο-

2241 2129 2497 2200 νοηθῆναι
2525 2131 2556 2200 ή
2583 2129 2810 2199 μονότης
2838 2128 3129 2198 ἐνδέχεται.
3167 2129 3325 2181 Ἀλλά
3350 2132 3442 2182 καί¹
3470 2130 3850 2201 τὸνἉὸραὰμ

2248 2219 2469 2290 οἴδαμεν
2517 2219 2963 2284 παιδοποιοῦντα,
3016 2221 3165 2289 φίλον
3218 2221 3273 2273 δὲ
3320 2222 3449 2273 ὄντα
3491 2220 3567 2291 τῷ
3609 2223 3847 2292 Κυρίῳ,

2255 2312 2437 2364 Ἰσαάκ
2467 2312 2523 2365 δὲ
2557 2314 2649 2365 καὶ
2685 2312 2877 2366 Ἰακὼῦ
2898 2355 2912 2377 ,
2948 2315 3043 2366 καί⁵
3089 2316 3213 2376 τοὺς
3258 2312 3491 2384 καθεξῆς
3518 2332 3530 2342 ·
3570 2316 3665 2367 καὶ
3698 2316 3845 2367 οὔτε

2243 2405 2467 2467 ἑαυτοὺς
2501 2405 2766 2475 ἐμόλυναν
2802 2405 3081 2475 ἀθεμίτοις
3126 2405 3378 2476 πράξεσι,
3411 2408 3845 2477 παραπτόμενοι

2246 2494 2525 2566 μυσαρῶν,
2571 2494 2693 2547 οὕτε
2734 2494 3021 2559 ἀντιθέτως
3062 2495 3217 2565 ἔσχον
3265 2498 3401 2567 πρὸς
3442 2497 3539 2568 τὴν
3575 2500 3640 2550 ἐκ
3687 2499 3843 2552 Θεοῦ

2244 2586 2421 2649 καλῶς
2453 2586 2790 2656 τεταγμένην
2838 2586 2927 2639 διὰ
2973 2588 3167 2657 σεμνοῦ
3224 2589 3400 2658 γάμου
3441 2590 3791 2644 παιδοποιίαν
3821 2608 3837 2619 ·

2244 2678 2337 2730 καὶ
2379 2676 2500 2729 οὔτε
2557 2678 2607 2728 οἰ
2666 2678 2723 2729 ἐν
2775 2678 2956 2741 αὐτοῖς
3013 2678 3233 2747 ἁγνείαν
3276 2696 3335 2731 τε
3384 2681 3476 2733 καί
3523 2682 3841 2752 παρθενίαν

2242 2770 2580 2839 ἀσκήσαντες
2634 2768 3004 2839 παρέφθειραν
3060 2772 3151 2823 τὸν
3211 2772 3420 2841 ἀγῶνα,
3475 2772 3567 2825 καὶ
3618 2773 3841 2846 ἑτέρως

2245 2862 2690 2930 μετεποιήσαντο,
2726 2862 2807 2924 ῶς
2852 2862 2939 2914 διὰ
2979 2862 3235 2930 κυϐείας,
3288 2865 3375 2917 τὸν
3424 2867 3677 2936 ἐνάρετον
3726 2866 3838 2935 τῆς

2242 2950 2521 3022 ἀθλήσεως
2562 2955 2785 3022 τρόπον.
2835 2954 2942 3007 Καὶ
2986 2955 3170 3019 Ἠλίας
3208 2958 3307 3026 μὲν
3341 2957 3617 3020 παντελῶς
3638 2958 3699 3008 ἐν
3730 2959 3835 3009 πτό-

2243 3045 2358 3099 λεσι
2381 3047 2564 3116 τάχιον
2598 3050 2697 3101 οὐκ
2736 3049 2928 3120 εἰσῄει,
2961 3051 3080 3103 ούδέ
3115 3054 3251 3120 μετά
3295 3053 3569 3119 γυναικῶν
3602 3054 3831 3122 συνομι-

2244 3136 2332 3200 λος
2361 3138 2566 3205 ἐγίνετο
2590 3156 2602 3168 ·
2650 3140 2705 3190 ἐν
2748 3139 2803 3191 δὲ
2841 3141 3098 3210 ἐρημίαις
3141 3141 3399 3196 διατελῶν
3444 3145 3652 3214 ὑπῆρχε
3679 3160 3693 3171 ·
3728 3146 3827 3194 καὶ

564 3201 673 3286 alio
728 3232 890 3287 modo
917 3201 1365 3287 .commvutaruut.
1406 3232 1581 3301 Atque
1613 3230 1761 3285 Elias
1809 3247 1941 3285 sane
1974 3231 2137 3287 urbes

2256 3224 2573 3291 Ἐλισσαῖος,
2619 3230 2708 3282 καὶ
2756 3230 3027 3301 Ἰωάννης,
3059 3232 3152 3284 καὶ
3190 3234 3387 3297 πάντες
3415 3236 3462 3286 οξ
3486 3234 3506 3264 ’⁵
3532 3235 3621 3287 τὸν
3645 3234 3827 3303 μέγαν

563 3325 712 3395 ipsas
743 3324 1133 3394 propemodum
1186 3340 1254 3378 ne
1308 3324 1720 3394 ingrediebatur
1746 3322 2001 3392 quidem,
2038 3337 2138 3377 nec

561 3416 707 3470 inter
742 3416 1001 3471 mulieres
1051 3416 1403 3479 versabatur;
1466 3415 1560 3470 sed
1614 3415 1666 3468 iu
1718 3413 1952 3467 desertis
2003 3413 2138 3466 locis

562 3507 785 3563 assidue
823 3506 1065 3571 vivebat,
1097 3502 1553 3573 quemadmodum
1590 3502 1837 3569 Elisaeus,
1864 3512 1917 3556 et
1975 3499 2137 3555 Joan-

2242 3321 2449 3373 τουτονὶ
2472 3322 2791 3391 χαρακτῆρα
2812 3322 2911 3391 τῆς
2935 3322 3041 3374 τῶν
3060 3324 3303 3391 ἀγγέλων
3329 3327 3612 3397 μιμήσεως
3638 3326 3825 3391 καλῶς

2243 3412 2385 3463 κατά
2409 3411 2509 3483 τὴν
2545 3411 2902 3483 εύαγγελικὴν
2932 3414 3170 3479 διάταξιν
3200 3416 3292 3468 τοῦ
3324 3417 3525 3487 Κυρίου
3565 3418 3822 3483 ἑαυτοὺς

2242 3500 2339 3555 διὰ
2369 3502 2698 3566 βασιλείαν
2723 3506 2995 3573 οὐρανῶν
3022 3509 3407 3577 εὐνούχισαν.

563 3615 683 3665 nes,
715 3614 779 3654 ac
809 3598 989 3653 caueri
1015 3612 1240 3663 omnes;
1268 3598 1385 3667 qui,
1431 3604 1489 3649 ut
1523 3596 1780 3666 praeclare
1806 3611 1871 3649 ex
1902 3595 2215 3665 evangelico
2257 3593 2422 3666 524
2447 3593 2660 3649 Domini
2718 3599 2976 3654 mandato
3033 3600 3300 3670 insignem
3342 3602 3487 3653 illam
3555 3602 3815 3656 imitatio-

562 3694 648 3748 nis
704 3691 959 3762 angelica:
995 3698 1179 3744 notam
1209 3697 1371 3759 atque
1415 3687 1655 3742 Jormam
1679 3689 2066 3757 exprimerent,
2107 3700 2409 3753 semetipsos
2437 3700 2649 3757 propter
2675 3705 2891 3760 regnum
2937 3692 3141 3746 artem
3180 3702 3541 3747 castravcrttnt
3569 3694 3607 3746 ³.

632 3784 913 3839 Postremo
956 3784 1081 3835 licet
1120 3780 1289 3834 multa
1330 3778 1398 3834 de
1442 3778 1527 3833 his
1548 3779 1610 3833 .in
1648 3780 1886 3833 medium
1940 3778 2133 3833 all'erre

561 3877 860 3948 possimus,
892 3883 944 3930 et
978 3872 1205 3951 inlinitis
1256 3870 1553 3942 Scriptum
1583 3872 1920 3927 .testimoniis
1953 3878 2009 3927 et
2040 3886 2133 3925 au-

562 3968 907 4025 ctoritatibus
972 3966 1186 4021 illusam
1250 3978 1280 4017 a
1343 3963 1562 4018 diabolo
1617 3974 1853 4018 mentem
1919 3964 2134 4017 illorum

561 4063 922 4131 redarguere,
974 4058 1166 4129 paucis
1214 4057 1322 4112 illis
1377 4056 1583 4111 erimus
1614 4056 1885 4121 contenti,
1927 4071 2049 4109 cum
2081 4066 2136 4111 et

562 4153 762 4222 alioqui
808 4150 1096 4205 manifesto
1142 4155 1357 4205 constet
1388 4148 1537 4201 nulla
1566 4146 1636 4201 ab
1680 4146 1975 4216 .prudentia
2018 4146 2135 4203 illo-

556 4259 681 4300 rum
708 4242 979 4314 proﬁcisci
1010 4241 1241 4306 facinus,
1288 4254 1391 4295 nec
1429 4238 1699 4309 ejusmodi
1731 4254 1760 4292 a
1788 4238 1899 4293 Deo
1927 4238 2132 4293 deriva~

558 4344 668 4390 tam
708 4350 831 4390 esse
875 4334 1158 4389 scientiam
1189 4372 1204 4397 ,
1232 4330 1335 4387 sed
1356 4346 1421 4386 ex
1466 4331 1770 4386 daemonum
1810 4329 1996 4384 alliatu
2045 4332 2131 4385 lu-

557 4423 793 4479 dibrium
855 4422 999 4477 istud
1055 4436 1217 4475 omne
1270 4434 1335 4475 ac
1367 4418 1587 4475 nefandi
1635 4418 1866 4475 'sceleris
1920 4421 2127 4475 crimen

2312 3779 2421 3832 Kal.
2450 3779 2617 3833 πολλὰ
2639 3780 2740 3851 μὲν
2767 3778 2859 3835 οὖν
2881 3782 3091 3852 ἔχοντες
3115 3785 3242 3855 περὶ
3264 3784 3466 3837 τούτων
3498 3785 3693 3853 λέγειν,
3723 3791 3811 3843 καὶ

2240 3872 2305 3923 ἐκ
2331 3870 2537 3924 πολλῶν
2569 3873 2880 3937 συστάσεων
2921 3876 3022 3945 τῆς
3052 3876 3201 3941 θείας
3246 3878 3286 3930 Γ
3289 3878 3490 3949 ραφῆς,
3515 3879 3611 3950 τὴν
3637 3882 3811 3934 αὐτῶν

2238 3962 2621 4034 διελέγχουσαν
2641 3966 2661 3997 ⁸
2688 3964 2923 4020 διάνοιαν
2950 3968 3054 4021 ὑπὸ
3092 3968 3339 4023 διαϐόλου
3381 3971 3808 4044 ἐμπαιζομένην,

2238 4057 2555 4128 ἀρκούμεθα
2580 4061 2691 4123 τοῖς
2712 4059 2908 4129 ὀλίγοις
2934 4061 3161 4124 τούτοις·
3215 4062 3404 4132 ἐπειδὴ
3445 4065 3620 4134 πάντη
3647 4067 3809 4133 σαφές

2238 4150 2406 4212 ἐστιν,
2452 4150 2535 4203 ὅτι
2567 4152 2627 4204 οὺ
2670 4153 2935 4215 συνέσεως
2980 4155 3111 4224 παρ’
3139 4155 3321 4218 αὐτοῖς
3348 4158 3380 4227 ἡ
3413 4155 3665 4227 ἐργασία,
3695 4158 3804 4211 οὐδὲ

2238 4240 2301 4293 ἐκ
2333 4241 2467 4294 Θεοῦ
2498 4245 2530 4314 ἡ
2557 4244 2778 4317 τοιαύτη
2801 4244 3002 4313 γνῶσις
3022 4263 3037 4278 ο
3076 4246 3211 4300 ἀλλά
3239 4248 3507 4315 δαιμόνων
3535 4252 3806 4322 ἐνεργείας

2203 4332 2267 4402 ·ή
2301 4331 2463 4404 χλεύη
2512 4335 2604 4387 καὶ
2652 4335 2859 4399 πτῶσις
2896 4336 3075 4395 αὐτῶν
3115 4338 3216 4408 τῆς
3247 4339 3510 4409 ἀθεμίτου
3554 4340 3806 4410 ἐργασίας

2235 4424 2460 4493 γίνεται.
2510 4429 2619 4483 Καὶ
2664 4428 2867 4501 ταύτην
2914 4429 2970 4482 δὲ
3021 4432 3428 4502 παρωσάμενοι,
3482 4430 3672 4504 ὥσπερ
3711 4434 3807 4505 τὴν

555 4532 679 4573 esse
719 4514 1032 4570 conﬂatum.
1078 4514 1341 4580 Quocirca
1375 4528 1499 4568 cum
1533 4529 1636 4569 nos
1666 4515 1914 4570 haeresim
1942 4514 2126 4577 istam,

2240 4518 2411 4589 δεινὴν
2450 4522 2801 4590 σκυτάλην,
2844 4523 2941 4594 τὴν
2978 4523 3185 4594 ἔχιδναν
3232 4525 3595 4597 καλουμένην,
3645 4521 3803 4580 οὖσαν

554 4610 755 4679 viperae
784 4608 959 4662 instar
985 4606 1105 4674 ejus
1129 4645 1144 4669 ,
1186 4620 1349 4675 quam
1398 4604 1636 4675 scytalen
1667 4616 1893 4669 vocant,
1924 4605 2132 4675 repule-

2233 4612 2335 4683 μὲν
2365 4612 2444 4684 τῷ
2477 4613 2687 4686 σώματι
2713 4616 2995 4687 βραχεῖαν,
3016 4620 3083 4688 τῇ
3110 4617 3166 4669 δὲ
3200 4618 3405 4691 ἰοϐολίᾳ
3432 4618 3605 4674 δεινὸν
3624 4615 3801 4691 ἆσθμα

555 4696 764 4760 rimus;
795 4694 938 4765 quod
970 4694 1188 4762 quidem
1236 4695 1506 4763 serpentis
1548 4708 1722 4765 genus
1754 4710 1880 4748 cum
1931 4695 2130 4764 pusillo

2240 4705 2594 4775 ἐμπνέουσαν,
2631 4708 2727 4761 καὶ
2762 4710 2842 4770 εἰς
2882 4710 3008 4773 τοὺς
3050 4710 3446 4781 πλησιάζοντας
3493 4712 3593 4782 τὴν
3633 4712 3804 4785 λύμην

553 4802 785 4858 corpore
812 4787 904 4851 sit,
938 4790 1224 4841 molestum
1254 4799 1325 4839 ac
1353 4784 1647 4842 vehemens
1673 4786 1888 4841 astluna
1918 4802 2129 4842 veneno

2240 4795 2597 4865 ὲμφυσῶσαν·
2658 4797 2861 4870 ταύτην
2922 4802 3338 4872 συντρίψαντες,
3394 4802 3488 4856 ἐπὶ
3536 4805 3635 4868 τὰς
3682 4784 3804 4876 ἐξῆς

553 4897 655 4936 suo
689 4880 895 4950 injicit,
934 4890 987 4935 et
1036 4879 1599 4949 appropinquantibus
1632 4880 1806 4935 labem
1842 4894 1909 4935 ac
1955 4883 2129 4952 perni-

549 4976 690 5029 ciem
751 4973 1023 5044 inspirat:
1064 4988 1188 5026 cum
1234 4972 1376 5027 hanc
1426 4972 1591 5043 igitur
1647 4972 1914 5029 hactenus
1962 4974 2131 5029 obtri-

2229 4886 2420 4957 ῐωμεν,
2474 4888 2606 4941 Θεὸν
2654 4876 2869 4961 ἀρωγὸν
2913 4893 3400 4964 ἐπικαλεσάμενοι,
3448 4898 3531 4958 εἰς
3571 4898 3672 4970 τὴν
3706 4896 3800 4970 τῆς

2226 4977 2409 5050 πάσης
2430 4981 2813 5051 πραγματείας
2840 4982 2996 5055 ημῶν
3016 4984 3199 5039 ἔνθεον
3224 4986 3579 5056 ἐπαγγελίαν.

549 5068 832 5133 verimus,
871 5066 936 5121 ad
989 5067 1225 5136 reliquas
1280 5072 1662 5130 transeamus,
1717 5068 1765 5122 si
1813 5068 1969 5163 prius
2019 5066 2115 5138 Dei
2156 5082 2312 5141 opem
2360 5072 2875 5143 imploraverimus,
2918 5085 2978 5130 ut
3047 5076 3293 5134 divinum
3361 5082 3525 5150 plane
3568 5084 3797 5153 suscepti

548 5160 733 5234 operis
757 5159 1067 5215 institutum
1096 5157 1282 5213 favore
1308 5174 1409 5215 suo
1435 5169 1822 5231 prosequatur.

689 5272 1058 5330 ADVERSUS
1095 5272 1450 5330 ORIGENEM
1492 5272 1971 5339 ADAMANTIUM,

936 5366 1169 5423 Haemi:
1205 5366 1390 5422 XLIV
1423 5369 1528 5423 sive
1554 5366 1766 5423 LXIV.

618 5480 660 5536 Ι.
691 5480 953 5552 Origenes
978 5520 993 5545 ,
1029 5488 1391 5552 cognomento
1427 5479 1807 5545 Adamantius,
1849 5480 2116 5551 sequitur.

2262 5240 2265 5245 ⁴
2298 5274 2487 5330 ΚΑΤΑ
2522 5276 2904 5333 οΡιΓΕΝοΥΣ
2940 5278 3055 5351 (23)
3085 5278 3224 5335 ΤΟΥ
3260 5282 3730 5347 ΑΔΑΜΑικΤιοΥ,

2230 5368 2695 5439 Τεσσαρακοστὴ
2716 5371 2986 5441 τετάρτη,
3010 5374 3049 5442 ἡ
3072 5372 3171 5427 καὶ
3196 5372 3500 5442 ἑξηκοστὴ
3532 5372 3790 5443 τετάρτη.

2293 5478 2370 5536 A'.
2419 5480 2664 5554 Ὦριγένη
2677 5500 2717 5547 ς,
2745 5485 2774 5537 6
2798 5486 2891 5539 καὶ
2930 5485 3277 5557 Ἀδαμάντιος
3314 5487 3650 5559 ἐπικληθεὶς,
3683 5488 3787 5542 καθ-

626 5619 641 5649 ¹
674 5616 835 5672 llebr.
867 5631 983 5681 χιιι,
1012 5615 1101 5671 14.
1178 5614 1241 5668 ’1
1275 5616 1401 5671 Cor.
1444 5630 1543 5679 vit,
1576 5616 1668 5669 54.
1745 5614 1766 5645 ³
1806 5613 1996 5670 Matth.
2027 5629 2140 5682 xu,

2240 5616 2265 5666 ι.
2342 5611 2366 5645 δ
2388 5610 2547 5667 Deest
2575 5613 2799 5683 aliquid.
2877 5614 2900 5646 '
2929 5614 3056 5671 Cor.
3089 5615 3403 5687 διελέγχειν.

620 5728 731 5798 (25)
804 5728 1153 5797 Ὠριτένους.
1210 5726 1522 5782 Proximum
1590 5725 1937 5798 Drigenianis
2001 5726 2113 5786 τοῖς

549 5795 937 5869 αἰσχροποιοίς
968 5800 1144 5859 locum
1190 5798 1512 5868 Origenista:
1559 5796 1662 5852 sibi
1712 5795 2009 5860 vindicant,
2045 5798 2112 5848 ab

2218 5721 2452 5787 Origene
2496 5720 2610 5794 il_l_o_
2642 5722 2773 5794 dicti
2826 5722 2985 5794 cujus
3037 5739 3254 5778 errores
3293 5726 3676 5794 c0piosissiuie
3726 5729 3789 5780 in-

2222 5799 2462 5847 sectatur
2519 5790 2905 5861 Epiphanius.’
2946 5792 3149 5849 Horum
3208 5790 3525 5865 enim'pra:
3584 5797 3788 5853 exteris
