4176 6386
429 401 564 457 106]

1086 404 1453 461 ADVERSUS
1485 405 1824 461 ΗΕΒΕὸΕὸ
1860 406 1989 465 LIB.
2027 406 2274 463 11.ΤΟΜ.
2314 410 2429 464 l.—
2462 408 2733 465 HASRES.
2773 410 2955 466 LXIV.

3528 412 3665 466 ιοῖο

424 518 553 593 εξῆς
572 520 759 577 τοῦτον
796 522 817 552 ⁸
848 521 1150 578 ἀκολουθεῖ.
1182 519 1347 589 Οὗτος
1393 527 1523 589 παῖς
1571 526 1671 597 μὲν
1694 522 1762 598 ἦν
1794 528 1997 580 Λεωνί-

2100 527 2273 584 Natus
2323 530 2411 585 hic
2450 527 2685 585 Leonida
2720 538 2873 600 patre
2901 570 2917 593 ,
2956 530 3274 587 beatissimo
3302 530 3669 588 sanctissimo-

423 610 515 666 δον
540 610 635 665 τοῦ
672 610 975 683 μακαρίτου
1010 614 1164 683 ἁγίου
1199 615 1506 689 μάρτυροςο
1535 617 1631 669 καὶ
1664 617 1822 680 αὐτὸς
1845 616 1901 670 δὲ
1933 616 2003 670 τὰ

426 702 653 756 πλεῖστα
681 703 928 774 διωχθεὶς
954 706 1013 760 ἐν
1061 708 1127 778 τῇ
1176 706 1273 776 νέᾳ
1314 708 1481 761 αὑτοῦ
1522 708 1726 779 ἡλικίᾳ,
1756 709 1895 780 ἀνὴρ
1926 708 2003 761 ὢν

425 791 567 845 κατὰ
591 793 691 863 τὴν
724 792 832 845 τῶν
871 793 1134 865 Ἐλλήνων
1168 796 1412 850 παιδείαν
1436 798 1632 866 λόγιος,
1666 799 1759 853 καὶ
1784 800 1841 851 ὲν
1880 800 2002 853 Ἐκ-

428 884 626 955 κλησία
648 884 1144 956 ἀνατεθραμμένος,
1184 887 1241 938 ἐν
1274 887 1485 956 χρόνοις
1510 888 1697 941 Δεκίου
1725 889 1817 942 τοῦ
1844 890 2000 959 βασι-

426 974 563 1038 λέως
588 975 700 1045 (24)
749 974 1069 1046 ὲγνωρίζετο
1122 976 1214 1028 ἐπὶ
1261 977 1359 1046 τῆς
1424 977 1847 1050 Ἀλεξανδρείας.
1893 976 2001 1031 Ἦν

426 1067 534 1137 γὰρ
594 1065 672 1137 τῷ
712 1066 858 1134 γένει
908 1067 1006 1136 μὲν
1056 1067 1369 1134 Αἰγύπτιος,
1419 1072 1476 1121 ἐν
1526 1070 1895 1141 Ἀλεξανδρείᾳ
1943 1071 1999 1122 δὲ

426 1156 675 1228 ἐσχηκὼς
725 1158 823 1227 τὴν
868 1157 1081 1227 οἴκησιν
1125 1160 1217 1212 καὶ
1274 1162 1601 1232 ἀνατροφὴν,
1652 1162 1791 1232 τάχα
1841 1164 1894 1215 δὲ
1942 1166 1999 1214 ἐν

440 1244 691 1316 Ἀθήναις
730 1246 842 1316 (25)
871 1248 1131 1316 φοιτήσας
1160 1249 1216 1299 ὲν
1248 1252 1358 1313 τοῖς
1392 1250 1794 1321 παιδευτηρίοις
1826 1253 1999 1322 χρόνῳ

426 1338 555 1391 τινί.
594 1337 769 1392 Πολλὰ
811 1339 868 1392 δὲ
909 1338 1127 1407 λέγεται
1179 1340 1500 1394 πεπονθέναι
1534 1342 1672 1412 ὑπὲρ
1707 1342 1799 1394 τοῦ
1844 1344 1996 1410 ἁγίου

428 1426 585 1493 λόγου
614 1427 713 1496 τῆς
743 1428 977 1491 πίστεως
1017 1429 1109 1481 καὶ
1135 1429 1395 1500 ὀνόματος
1425 1430 1517 1483 τοῦ
1556 1425 1813 1501 Χριστοῦ,
1840 1432 1998 1486 τοῦτο

431 1518 530 1586 μὲν
559 1518 617 1569 ὲν
644 1520 712 1588 τῇ
742 1518 897 1571 πόλει
939 1520 1196 1584 πολλάκις
1235 1522 1550 1591 συρόμενος,
1583 1523 1992 1593 ὀνειδιζόμενος,

429 1608 681 1679 βασάνοις
709 1609 1024 1680 ἀνηκέστοις
1055 1611 1511 1683 ὑποδαλλόμενος.
1542 1614 1652 1666 Καὶ
1685 1616 1793 1686 γὰρ
1818 1616 1995 1686 καιρῷ

427 1718 560 1754 ποτε
608 1700 719 1771 (26)
767 1702 1094 1773 ξυρήσαντες
1140 1703 1301 1757 αὐτὸν
1357 1705 1404 1756 oi
1446 1704 1706 1776 ’Έλληνες
1747 1706 1884 1775 πρὸς
1927 1710 1991 1777 τῇ

426 1794 687 1848 ὰναὸάσει
724 1793 819 1847 τοῦ
852 1796 1119 1865 Σεραπίου
1145 1796 1495 1868 καλουμένου,
1517 1797 1610 1851 τοῦ
1638 1798 1814 1852 αὐτῶν
1839 1799 1991 1853 εἰδώ-

431 1884 546 1947 λου,
571 1884 911 1949 καθίσαντες,
939 1884 1027 1938 τὸν
1050 1886 1211 1940 αὑτὸν
1238 1886 1573 1959 προσέταξαν
1602 1888 1795 1953 θαλοὺς
1826 1890 1995 1959 φοινίο

431 1993 542 2029 κων
570 1975 856 2029 ἐπιδιδόναι
884 1978 995 2039 τοῖς
1026 1978 1120 2029 ἐπὶ
1167 1977 1227 2030 τὸ
1270 1977 1683 2049 ἀθεμιτουργείν
1712 1981 1805 2033 καὶ
1835 1998 1995 2052 προσ·

429 2070 611 2122 κυνεῖν
674 2067 752 2138 τῷ
812 2067 1013 2137 εἰδώλῳ
1079 2069 1306 2123 ἀνιοῦσι.
1362 2065 1612 2123 Τοιοῦτον
1657 2073 1765 2142 γὰρ
1818 2073 2000 2143 σχῆμα

428 2158 639 2230 ἔχουσιν
682 2160 730 2212 οἱ
761 2159 867 2212 τῶν
900 2158 1129 2212 εἰδώλων
1161 2160 1339 2213 αὐτῶν
1374 2162 1555 2230 ἱερεῖς.
1597 2161 1652 2214 Ὀ
1684 2163 1761 2227 δὲ,
1800 2164 1999 2230 λαϐὼν,

432 2252 642 2324 μεγάλῃ
669 2254 734 2322 τῇ
771 2254 920 2323 φωνῇ
953 2251 1048 2304 καὶ
1093 2244 1623 2325 πεπαρρησιασμένῃ
1657 2256 1722 2325 τῇ
1769 2254 1997 2326 διανοίᾳ,

427 2343 490 2397 οὐ
525 2343 727 2408 δείσας,
773 2343 893 2398 οὐδὲ
925 2343 1183 2408 διστάσας
1226 2344 1377 2410 ἐϐόα,
1425 2345 1633 2415 λέγων·
1682 2345 1866 2411 Δεῦτε,
1908 2347 2000 2401 λά-

429 2434 552 2487 ϐετε
578 2434 639 2486 οὐ
671 2433 761 2487 τὸν
800 2434 959 2487 ϐαλὸν
983 2433 1077 2487 τοῦ
1105 2434 1373 2500 εἰδωλίου,
1417 2436 1553 2490 ἀλλὰ
1588 2437 1679 2490 τὸν
1706 2438 1866 2491 θαλὸν
1904 2439 1999 2492 τοῦ

430 2526 685 2600 Χριστοῦ.
742 2526 853 2579 Καὶ
897 2525 1068 2579 πολλὰ
1124 2528 1270 2579 ἐστιν
1315 2526 1350 2581 ἃ
1404 2529 1535 2600 περὶ
1573 2529 1665 2582 τὸν
1710 2529 1875 2601 ἄνδρα
1905 2532 1999 2584 ἀν-

430 2619 829 2690 δραγαθήματα
873 2617 1238 2689 ἀναφέρουσιν
1279 2620 1329 2672 οἱ
1376 2621 1595 2674 παλαιοὶ
1650 2622 1786 2675 κατὰ
1820 2624 1999 2693 παρά-

434 2711 602 2765 δοσιν.

506 2803 577 2855 B'.
623 2802 761 2855 Ἀλλ’
784 2803 883 2854 οὐκ
899 2802 1110 2870 ἔμεινεν
1130 2802 1278 2875 αὐτῷ
1303 2803 1413 2871 (27)
1442 2803 1512 2859 τὰ
1528 2806 1620 2859 τοῦ
1646 2806 1897 2879 Βραϐεἱου
1922 2810 2001 2875 εἰς

506 2959 521 2989 ¹
552 2956 613 3011 F.
644 2957 867 3011 τούτων.

436 3113 763 3169 acerrimum
814 3126 935 3169 sese
975 3113 1185 3169 hostem
1236 3120 1496 3183 perpetuo
1548 3109 1832 3182 professus
1879 3122 1998 3182 est;

2102 636 2209 691 que
2241 630 2498 693 martyre.
2540 620 2646 678 Sed
2684 629 2737 677 et
2788 622 2877 677 ille
2924 622 3114 692 primis
3145 623 3319 677 aetatis
3358 638 3471 679 sua:
3508 622 3667 679 annis

2103 711 2274 765 multa
2322 711 2376 765 in
2417 713 2795 781 persecutione
2837 713 2978 765 mala
3032 714 3309 767 sustinuit.
3344 714 3519 782 Atque
3573 713 3667 768 ubi

2102 802 2308 857 virilem
2348 804 2413 857 ad
2440 811 2651 857 aetatem
2674 804 2939 874 pervenit,
2966 804 3168 859 Graecis
3199 806 3394 861 litteris
3426 805 3669 876 apprime

2101 896 2352 950 excultus
2376 937 2390 960 ,
2432 904 2595 965 atque
2633 898 2685 950 in
2735 896 2990 951 Ecclesia:
3021 898 3228 967 gremio
3265 898 3503 952 nutritus
3527 938 3542 963 ,
3571 897 3671 952 De-

2101 985 2187 1037 cio
2214 985 2535 1055 imperatore
2576 987 2914 1041 Alexandriae
2960 988 3171 1041 claruit.
3220 986 3431 1042 Generc
3470 989 3669 1058 quippe

2102 1074 2412 1146 zEgyptius,
2442 1079 2783 1133 Alexandriae
2808 1079 3145 1133 domicilium
3178 1080 3668 1149 educationemque

2103 1174 2297 1221 nactus
2325 1177 2429 1223 est.
2467 1170 2545 1223 Ac
2583 1170 2771 1223 nescio
2792 1210 2806 1232 ,
2837 1186 2904 1223 an
2920 1171 3161 1225 .Athcnis
3203 1186 3419 1240 quoque
3451 1172 3667 1226 scholas

2101 1259 2416 1328 aliquandiu
2459 1261 2836 1330 frcquentarit.
2884 1261 2988 1317 Sed
3047 1278 3145 1331 pro
3184 1262 3495 1317 Christiana
3548 1264 3667 1317 reli-

2100 1356 2257 1423 gione
2312 1368 2375 1406 ac
2424 1352 2527 1406 fide
2591 1353 2903 1421 Christique
2976 1355 3193 1407 nomine
3263 1356 3673 1424 quamplurima

2099 1458 2392 1514 perpessus
2423 1458 2545 1497 esse
2570 1443 2793 1495 dicitur.
2828 1441 2960 1495 Nam
3000 1451 3054 1496 et
3088 1444 3139 1495 in
3173 1444 3305 1499 urbe
3339 1453 3545 1499 tractus
3571 1460 3665 1501 sae-

2098 1536 2220 1606 pius
2266 1543 2321 1590 et
2351 1536 2614 1590 conviciis
2669 1535 2929 1598 affectus,
2977 1544 3032 1589 ct
3074 1537 3485 1593 immanissimis
3521 1554 3666 1609 quaa-

2095 1626 2365 1681 stionibus
2433 1628 2825 1697 tormentisque
2850 1626 3132 1695 subjectus
3165 1635 3270 1681 est.
3304 1627 3446 1683 Inter
3471 1638 3666 1684 caetera

2095 1716 2353 1772 adrasum
2385 1718 2536 1772 illum
2570 1718 2863 1788 aliquando
2892 1717 3061 1772 Graeci
3111 1734 3211 1789 pro
3240 1719 3424 1789 templi
3455 1718 3666 1791 Serapi-

2092 1810 2178 1866 dis
2208 1811 2371 1881 (quod
2406 1812 2620 1866 illorum
2653 1813 2857 1867 idolum
2898 1813 3003 1882 est)
3038 1814 3295 1884 gradibus
3316 1817 3664 1888 collocantes,

2100 1902 2399 1973 palmarum
2445 1903 2696 1958 surculos
2752 1904 2807 1957 iu
2873 1920 2969 1960 eos
3005 1904 3333 1962 distribuere
3358 1908 3663 1977 jusserunt,

2098 1993 2191 2062 qui
2221 1992 2288 2045 ad
2312 1994 2675 2049 exsecrandos
2702 1994 2840 2051 ritus
2871 1995 3151 2053 obeundus
3189 2001 3666 2074 venerantiumque

2097 2084 2451 2139 simulacrum
2482 2083 2723 2140 adibant.
2756 2084 2855 2141 llic
2890 2088 3034 2142 enim
3070 2089 3487 2147 simulacrorum
3522 2097 3663 2165 apud

2100 2176 2223 2229 illos
2267 2176 2644 2231 sacerdotibus
2681 2186 2767 2232 est
2801 2178 3038 2233 habitus.
3073 2180 3143 2233 At
3187 2182 3469 2252 Origenes,
3503 2184 3664 2256 525

2099 2267 2266 2322 ramis
2296 2267 2402 2324 illis
2444 2269 2708 2339 acceptis,
2757 2285 2951 2339 magna
2979 2286 3111 2326 voce
3139 2277 3519 2348 constantique
3548 2280 3665 2333 ani-

2100 2374 2209 2423 mo,
2239 2360 2357 2415 sine
2387 2362 2497 2415 ullo
2532 2369 2676 2416 metu
2734 2376 2796 2415 ac
2828 2361 3164 2420 dubitatione
3220 2366 3294 2421 ita
3333 2368 3662 2426 vociferatus

2099 2460 2213 2504 est:
2254 2452 2454 2507 Adeste
2475 2491 2489 2515 ,
2523 2453 2701 2522 capite
2738 2467 2846 2507 non
2877 2453 3292 2511 simulacrorum
3328 2460 3532 2530 templi,
3566 2461 3662 2517 sed

2099 2542 2304 2599 Christi
2338 2546 2637 2600 surculum.
2693 2545 2895 2600 Prteter
2948 2546 3061 2601 haec
3105 2548 3209 2602 alia
3262 2553 3663 2621 quamplurima

2101 2644 2228 2688 sunt
2258 2634 2475 2705 egregia
2504 2635 2605 2688 viri
2638 2635 2910 2697 facinora,
2937 2651 3059 2705 qua:
3086 2646 3295 2693 veteres
3335 2639 3403 2693 de
3432 2641 3523 2695 illo
3559 2650 3661 2696 tra-

2098 2724 2372 2782 diderunt.
3070 2736 3073 2739 ·

2171 2816 2235 2869 ll.
2275 2816 2381 2871 Sed
2411 2818 2465 2871 in
2491 2817 2762 2890 ejusmodi
2788 2818 2991 2888 praainii
3021 2820 3365 2876 possessione
3399 2831 3660 2893 perpetuo

2102 3111 2440 3185 Epiphanius
2475 3112 2695 3185 Decium
2728 3128 2825 3183 pro
2855 3112 3058 3168 Severo
3097 3118 3409 3185 sumpserit.
3441 3116 3575 3172 Nam
3606 3122 3660 3176 iit

437 3199 537 3239 nec
583 3184 851 3264 dubitavit
880 3182 1247 3264 vehementes
1264 3182 1347 3264 _ob
1388 3182 1440 3235 id
1474 3183 1901 3264 cum_plerisque
1930 3186 2003 3239 al-
2028 3202 2072 3261 C
2105 3182 2246 3264 libro
2299 3183 2377 3238 De
2398 3184 2623 3264 Aponder.
2657 3192 2706 3264 et
2730 3182 2931 3264 ’mensI,
2979 3182 3275 3264 postquam
3300 3187 3540 3256 insignes
3569 3193 3661 3244 ali-

436 3256 767 3325 gercationes
796 3254 1093 3323 suscipere,
1132 3254 1378 3325 adjutore
1411 3267 1545 3308 usus
1573 3250 1907 3325 ﬂieronyino
1938 3271 2003 3310 ac
2033 3250 2071 3261 “”
2108 3262 2242 3323 quot
2273 3250 2560 3325 martyres,
2591 3255 2688 3325 qui
2734 3255 2836 3309 sub
2867 3250 3030 3325 Decio

438 3323 763 3395 TheOphilp.
796 3338 880 3395 _ac
928 3312 1219 3395 praecipuei
1251 3321 1516 3395 Joannem
1570 3312 2010 3395 Hierosolymita-

436 3410 567 3449 num
595 3390 669 3449 'et
702 3390 970 3449 Bullinum
1027 3390 1268 3460 agitavit.
1305 3390 1410 3445 Sed
1455 3402 1511 3445 et
1540 3405 1648 3445 una
1698 3392 1787 3445 illa
1823 3390 2007 3448 'causa

438 3467 561 3529 fuit,
596 3479 697 3519 cur
727 3478 757 3516 a
792 3464 1184 3532 Chrysostomo
1227 3461 1562 3532 dissentiret,
1596 3461 1740 3532 quod
1786 3462 1844 3532 is
1884 3472 2009 3520 ante

435 3534 716 3606 generalis
755 3530 1272 3606 synodi__decretum
1307 3531 1567 3606 dam‘nage
1614 3530 1784 3606 nollet
1816 3530 2005 3603 Orige-

439 3598 583 3659 i'iem.
619 3603 754 3659 Vide
780 3598 901 3673 ἔμιξε
928 3602 1150 3673 Hieron.
1185 3607 1373 3655 contra
1407 3598 2003 3673 Rutiinum,_Joaunein

438 3669 994 3743 Hierosolymitanum
1044 3672 1287 3742 scripsit,
1346 3685 1556 3725 necnon
1610 3680 1665 3725 et
1700 3669 2003 3737 Socratem,

436 3744 676 3814 sozom.,
696 3742 932 3814 ’Niceph.

470 3813 581 3885 (24)
598 3816 700 3867 Ἐν
714 3809 951 3882 χρότὼις
964 3812 1169 3885 Δεκίου
1186 3812 1291 3866 τοῦ
1296 3809 1767 3885 βασιέέωςΝἱχίι
1785 3813 2002 3885 quidem

436 3881 961 3952 Origenesgextrema
993 3883 1103 3951 jam
1138 3888 1295 3937 aetate
1326 3885 1430 3938 sub
1465 3881 1661 3952 Decio,
1691 3892 1745 3936 et
1774 3881 1843 3935 ad
1878 3882 2004 3936 Gal-

440 3950 561 4007 luni
605 3968 669 4007 ac
702 3950 1057 4023 Volusianum
1090 3967 1262 4023 usque
1313 3953 1578 4023 pervenit.
1631 3950 1736 4023 Sed
1769 3966 1870 4005 cur
1901 3953 2001 4005 llo-

439 4024 635 4087 ruisse,
676 4030 769 4075 aut
806 4021 1075 4076 celebrem
1122 4020 1294 4075 fuisse
1314 4020 1435 4077 'sub
1478 4021 1571 4073 illo
1606 4022 1807 4090 pctius,
1839 4036 2001 4089 quam

437 4093 541 4147 sub
591 4090 1349 4161 interjectis_imperatoribus
1380 4091 1613 4161 dixerit,
1647 4092 1781 4161 satis
1815 4090 2001 4161 mirari

437 4177 546 4216 non
598 4157 841 4231 possum.
899 4157 1033 4231 Nam
1068 4172 1105 4231 a
1135 4158 1317 4231 Severi
1368 4160 1703 4231 temporibus
1746 4159 2003 4231 deinceps

438 4227 651 4286 summa
685 4230 737 4285 in
768 4228 1010 4299 omnium
1040 4227 1400 4299 admiratione
1432 4227 1553 4283 fuit.
1602 4227 1743 4299 Lege
1779 4227 2001 4283 Eusebii

441 4301 697 4355 Historia:
722 4300 816 4354 lib.
846 4315 922 4362 vi,
959 4298 1050 4369 ubi
1078 4297 1325 4368 Origenis
1362 4315 1451 4354 res
1483 4306 1665 4369 gestas
1688 4297 1999 4369 accuratis-

438 4374 576 4427 sime
604 4369 943 4440 perscripsit.
1001 4366 1247 4440 Invenies
1299 4384 1410 4423 non
1458 4366 1619 4440 modo
1656 4367 1801 4440 apud
1829 4367 1998 4440 Chri-

438 4437 670 4503 stianos,
719 4439 814 4495 sed
843 4447 897 4494 et
928 4439 1071 4508 apud
1106 4439 1460 4507 imperatores
1504 4438 1654 4507 ipsos
1702 4437 1995 4508 plurimum

437 4512 609 4581 gratia
641 4522 695 4565 et
730 4505 1197 4581 commendatione
1235 4509 1495 4581 valuisse.
1519 4505 1653 4581 Nam
1679 4505 1996 4581 ξιξ-,Μαιη-

437 4576 571 4635 inata
604 4581 943 4634 Antiochiam
982 4578 1190 4632 accitus
1217 4578 1438 4641 dicitur,
1492 4588 1544 4631 et
1570 4577 1637 4631 ad
1673 4576 1998 4646 Philippum

439 4650 671 4721 ejusque
701 4648 986 4721 conjugem
1019 4648 1245 4721 litteras
1283 4648 1450 4721 dedit.
1503 4646 1653 4721 Quid
1670 4645 1992 4721 igitur’atti-

438 4716 621 4783 nebat,
662 4716 984 4774 nominatim
1018 4716 1186 4780 Decii,
1230 4726 1285 4772 et
1310 4718 1528 4787 quidem
1564 4716 1728 4787 unius
1757 4716 1992 4787 mentio:

438 4806 561 4845 nem
590 4792 792 4845 facere:
818 4788 958 4855 Quin
981 4798 1034 4842 et
1056 4787 1186 4841 illud
1208 4783 1366 4857 auget
1387 4783 1822 4857 admirationem,
1847 4786 1993 4855 quod

440 4861 532 4915 lib.
558 4859 636 4913 De
665 4858 826 4929 pond.
848 4854 901 4912 ret
930 4874 1118 4921 mens.,
1148 4871 1202 4927 p.
1221 4854 1363 4929 Δ1⁸74,
1388 4856 1610 4926 scripsit
1635 4854 1990 4929 Epiphanius,

436 4924 722 4997 Origene'm
753 4930 821 4983 ab
848 4924 1191 4997 imperatoris
1220 4925 1367 4982 Decii
1396 4924 1640 4995 tempore
1679 4924 1745 4997 a_d
1779 4924 1990 4997 Gallum

437 4946 529 4983 Ul'l
568 4946 722 4984 enem
753 4946 821 4983 an
848 4946 1191 4997 imperatoris
1220 4946 1367 4982 uecu
1396 4946 1640 4995 tempore
1679 4946 1745 4977 au
1779 4946 1990 4980 uanum

437 5008 495 5053 et
527 4946 878 5054 Solusianum
912 5007 967 5051 et
1008 4999 1149 5050 ultra
1172 4996 1440 5052 floruisse.
1499 4998 1658 5048 Anno
1691 4994 1873 5049 Severi
1903 4995 1995 5049 de-

437 5071 581 5123 cimo
600 5069 869 5123 Leonides
888 5065 1135 5137 Origenis
1159 5074 1308 5136 pater
1327 5066 1649 5136 martyrium
1678 5064 1832 5129 obiit,
1865 5080 1991 5119 cum

437 5137 698 5209 Origenes
733 5153 840 5191 xvn
884 5138 1059 5191 aetatis
1099 5138 1313 5209 agebat
1335 5151 1558 5209 annum,
1591 5142 1879 5209 ut-au_ctor
1907 5144 1993 5209 est

439 5202 706 5263 Eus'ebius
730 5209 823 5262 lib.
850 5223 927 5270 vi,
958 5222 1075 5275 cap.
1109 5202 1159 5259 2'.
1218 5204 1344 5259 Fuit
1376 5207 1423 5260 is
1444 5221 1618 5259 annus
1645 5202 1849 5258 Christi
1879 5205 1991 5257 cir-

437 5280 575 5332 citer
600 5278 740 5343 202;
798 5292 921 5331 nam
968 5276 1200 5331 Severus
1242 5289 1387 5329 anno
1428 5275 1540 5329 fere
1568 5275 1671 5328 195
1700 5275 1988 5343 imperium

438 5364 668 5403 exorsus
692 5356 793 5402 est.
829 5346 945 5400 Hoc
967 5348 1012 5400 si
1043 5347 1116 5399 ita
1137 5352 1243 5409 est,
1264 5353 1426 5399 natus
1444 5345 1547 5398 erit
1567 5344 1827 5413 Origenes
1847 5358 1991 5399 anno

437 5418 638 5473 Christi
680 5418 801 5471 186.
861 5416 1009 5471 Vixit
1036 5423 1215 5468 autem
1254 5416 1411 5468 annis
1445 5429 1592 5475 Lxut,
1632 5424 1689 5466 ut
1723 5414 1863 5466 idem
1893 5415 1987 5467 lib.

440 5504 533 5550 vn,
564 5504 683 5558 cap.
723 5492 771 5550 l,
807 5495 1061 5558 testatur.
1110 5484 1289 5558 Quare
1319 5485 1549 5558 moritur
1583 5498 1726 5536 anno
1756 5483 1880 5558 254,
1904 5483 1989 5536 vel

439 5554 709 5628 sequenti,
736 5573 845 5628 quo
867 5556 1055 5611 Callus
1077 5568 1131 5609 et
1157 5555 1477 5628 volusianus
1505 5554 1985 5628 interemptisunt.

435 5622 553 5681 1...}.
585 5628 727 5682 Decii
757 5622 969 5699 primus
997 5641 1173 5679 annus
1200 5626 1391 5677 incidit
1422 5624 1473 5699 in
1506 5622 1863 5699 ChristiﬁSl,
1883 5638 1991 5699 quo

436 5700 652 5776 quidem
687 5689 946 5776 Origenes
984 5712 1106 5749 ωινι
1137 5694 1640 5776 annum'atti'gerat.
1677 5689 1799 5776 μοι]
1828 5689 1992 5776 igitur

436 5762 505 5823 ab
548 5769 640 5822 illo
673 5762 886 5823 detn‘um
924 5777 1163 5835 tempore
1194 5762 1571 5839 γνῳρίζεσθαι,
1608 5762 2007 5839 ιςειιακμόιζζειν¹

434 5840 618 5909 εωριι.
660 5839 923 5911 Equide
946 5832 1135 5894 vereor
1161 5832 1229 5891 ne
1261 5832 1350 5889 hic
1384 5848 1598 5905 quoque
1626 5832 1990 5893 hallucinatus

3074 3256 3219 3323 passi
3252 3256 3506 3329 filerunt,
3535 3275 3661 3329 per-

2109 3322 2342 3390 eensuit,
2384 3322 2548 3378 veluti
2590 3322 2867 3393 Babylam,
2918 3322 3233 3383 Fabianum.
3268 3322 3657 3392 Alexandrum,

2109 3393 2331 3463 subjicit
2378 3406 2393 3442 :
2433 3392 2538 3446 Καὶ
2571 3392 2732 3455 αὐτὸς
2764 3394 2822 3446 δὲ
2860 3393 3150 3463 ,Ὠριγένης
3182 3394 3350 3463 πολλὰ
3381 3398 3660 3463 πεπονθὼς

2107 3463 2188 3525 εἰς
2207 3462 2359 3537 τέλος
2387 3463 2478 3516 τοῦ
2503 3462 2800 3537 μαρτυρίου
2818 3462 2917 3515 οὐκ
2944 3462 3195 3537 ξφθασεν.
3215 3462 3368 3537 -Τιιιιι
3396 3462 3659 3537 reliquani

2108 3534 2474 3587 narrationem
2501 3531 2737 3587 subtexit
2762 3532 2830 3587 de
2852 3531 3184 3603 profectione
3213 3534 3267 3587 in
3294 3531 3658 3603 Palaestinam,

2106 3602 2279 3674 deque
2294 3603 2364 3656 28
2378 3617 2641 3674 annorum
2660 3617 2878 3674 secessu
2897 3602 2949 3655 in
2969 3605 3099 3657 urbe
3112 3602 3273 3673 Tyro,
3290 3620 3409 3674 quae
3422 3606 3522 3661 hoc
3540 3602 3660 3663 loco

2107 3672 2330 3727 uberius
2353 3672 2691 3742 exsequitur.
2720 3673 2880 3742 Atqui
2912 3674 3023 3727 haec
3044 3674 3135 3726 diu
3162 3672 3290 3728 ante
3308 3672 3536 3731 Decium
3567 3694 3659 3732 ac-

2104 3742 2307 3797 cidisse
2338 3740 2562 3798 necesse
2588 3750 2690 3813 est.
2725 3740 2977 3813 ‘Vitletur
3020 3758 3149 3813 ergo
3196 3759 3293 3810 pro
3327 3744 3525 3801 Severo
3556 3749 3658 3802 iui-

2103 3813 2353 3881 prudenti
2386 3812 2696 3881 obrepsisse
2722 3810 2937 3881 Decius.

2178 3881 2290 3952 (25)
2327 3881 2482 3950 Τάχα
2521 3879 2602 3952 δὲΔ
2631 3882 2711 3952 ἐνί
2740 3879 3021 3952 Ἀθήναις.
3064 3880 3121 3935 Si
3144 3883 3194 3935 id
3228 3899 3411 3938 verum
3444 3894 3547 3950 est,
3571 3889 3624 3942 di
3644 3921 3658 3931 -

2103 3950 2315 4008 versam
2362 3952 2511 4022 hanc,
2558 3950 2625 4022 a_b
2662 3951 2761 4022 illa
2795 3951 3177 4022 profectionem
3211 3967 3420 4021 Oportet
3464 3957 3654 4022 fuisse,

2102 4022 2262 4094 cujus
2297 4021 2540 4094 meminit
2570 4019 2855 4094 Eusebius,
2908 4019 2999 4073 li‘b.
3033 4035 3108 4082 v1.
3133 4019 3303 4094 capi]
3318 4026 3366 4087 7,
3419 4040 3521 4094 qua
3555 4019 3658 4082 sub

2101 4088 2409 4145 Alexandro
2432 4090 2648 4157 imper.,
2682 4088 2791 4157 jam
2819 4098 2975 4143 aetate
3006 4097 3061 4143 et
3083 4088 3387 4147 eruditione
3411 4088 3657 4153 tit-matus

2100 4160 2363 4229 Origenes
2402 4160 2454 4211 in
2490 4157 2750 4231 Graeciam
2784 4172 2816 4211 e
2847 4157 3133 4231 Palmstina
3168 4164 3424 4231 perrexit.
3483 4170 3657 4231 Qui..-

2099 4227 2263 4285 etiam
2299 4240 2483 4282 "imm
2524 4229 2687 4291 Mem,
2726 4241 2844 4296 cap.
2878 4227 2931 4290 5,
2970 4227 3196 4286 Athenis
3236 4227 3655 4294 commentarios

2100 4302 2155 4356 in
2188 4297 2518 4353 Ezechielem
2547 4298 2699 4351 illiilli
2735 4298 3055 4352 absolvisse.

2169 4368 2280 4438 (26)
2308 4366 2425 4446 Καὶ.
2453 4367 2563 4446 γὰρ
2590 4365 2770 4446 καιρῷ
2795 4381 2957 4422 ποτε.
3009 4368 3238 4446 Quando
3277 4369 3379 4425 ista
3408 4375 3653 4446 contige-

2098 4438 2211 4512 rint
2260 4437 2485 4512 nonnisi
2514 4437 2829 4512 conjectura
2863 4440 3123 4512 consequi
3164 4455 3473 4507 possumus.
3495 4511 3501 4512 ί
3523 4437 3654 4512 Quae

2099 4509 2207 4562 nisi
2247 4523 2332 4586 me
2380 4507 2675 4586 fa||i_t._sub
2719 4510 2921 4586 Severo
2952 4508 3064 4586 haec
3104 4524 3299 4586 passus
3333 4522 3422 4586 est
3473 4507 3655 4586 Orige-

2100 4594 2197 4655 nes
2228 4578 2415 4655 adhuc
2436 4575 2958 4655 adolescensLHVide
2983 4575 3201 4655 Eusebii
3236 4597 3356 4650 cap.
3389 4583 3443 4636 3.
3479 4575 3655 4655 Atqvue

2094 4648 2541 4723 idcir_co_quidem
2577 4662 2605 4699 a
2634 4646 2924 4723 gentilibus
2947 4648 3201 4723 adrasum
3228 4646 3348 4723 esse
3382 4646 3651 4723 suspicor,

2093 4718 2237 4787 quod
2272 4716 2647 4789 Egyptiorum
2688 4716 2917 4789 deorum
2954 4718 3187 4789 ministri
3222 4722 3329 4774 rasi
3362 4716 3565 4789 essent,
3594 4716 3654 4779 ut

2095 4785 2287 4859 Syrtes.
2320 4785 2412 4859 lib.
2438 4785 2514 4840 De
2545 4802 2743 4859 encom.
2786 4787 2985 4839 caluitii
3005 4829 3019 4850 ,
3052 4788 3326 4844 Plutarch.
3376 4785 3561 4847 Tract.
3590 4799 3654 4849 de

2091 4857 2258 4919 Iside,
2293 4858 2493 4926 aliique
2522 4858 2831 4926 complures
2870 4859 3194 4925 significant.

2163 4927 2277 5002 (27)
2314 4927 2616 5002 Ἀλλ’-οὐκ
2644 4927 2876 4994 ἔμεινεν
2904 4928 3083 5002 αὐτῷ.
3128 4928 3279 5002 Hanc
3303 4928 3551 5002 Origenis
3578 4933 3654 4988 h1-

2092 4996 2339 5056 stOriam.
2380 5012 2444 5050 ac
2488 4996 2699 5065 lapsum
2750 5006 3007 5051 revocant
3057 4999 3112 5051 in
3152 4999 3375 5053 dubium
3404 4996 3653 5059 'annales

2090 5066 2472 5139 ecclesiastici,
2491 5064 2637 5139 anno
2654 5064 2780 5128 255,
2804 5082 2952 5139 num.
2980 5066 3100 5131 120,
3128 5078 3181 5123 ει
3200 5070 3477 5139 deinceps.
3516 5076 3650 5139 lmo,

2091 5135 2482 5205 quodamplius
2499 5143 2604 5198 est,
2624 5136 2799 5188 locum
2819 5136 3003 5206 istum,
3020 5153 3127 5206 quo
3148 5135 3498 5195 narratio—illa
3519 5135 3653 5198 con;

2090 5208 2666 5282 tinetur,_suspectum
2688 5205 2967 5282 “reddunt,
3014 5205 3171 5276 quasi
3222 5211 3289 5282 ab
3322 5211 3502 5279 aliquo
3530 5228 3653 5282 per-

2090 5290 2275 5351 peram
2301 5274 2372 5330 sit
2392 5272 2651 5351 insertus.
2681 5272 2922 5351 Quorum
2953 5272 3054 5351 hoc
3078 5281 3346 5347 posterius
3370 5272 3654 5351 perspicue

2092 5347 2287 5421 falsum
2306 5386 2320 5409 ,
2356 5346 2583 5421 alterum
2616 5360 2725 5421 non
2751 5347 2885 5421 satis
2913 5346 3221 5415 probatum,
3250 5346 3540 5421 utrumque
3574 5354 3653 5408 le-

2090 5415 2332 5469 vioribus
2356 5415 2685 5487 conjecturis
2714 5416 2959 5487 innixum
2984 5426 3087 5487 est,
3112 5434 3275 5487 quam
3310 5429 3367 5471 ut
3395 5415 3647 5477 vetustis-

2092 5487 2229 5540 simo
2267 5486 2725 5557 sanctissimeque
2760 5484 2907 5538 Patri
2938 5486 3068 5541 fides
3095 5484 3192 5541 hac
3221 5493 3273 5541 in
3309 5501 3460 5557 parte
3488 5493 3651 5547 dero-

2090 5567 2263 5623 getur.
2318 5554 2697 5608 Commentum
2729 5563 2835 5618 est,
2881 5557 3154 5623 inquiunt,
3194 5567 3247 5611 et
3281 5554 3526 5615 affectata
3557 5579 3651 5617 ca-

2091 5624 2319 5699 l_umnia,
2351 5628 2491 5699 quod
2517 5625 2865 5699 d_e_Orig_enis
2894 5626 3046 5699 lapsu
3071 5642 3099 5679 a
3129 5630 3405 5683 nonnullis
3425 5632 3651 5699 jacitur.

2090 5694 2202 5766 Cur
2221 5696 2292 5748 ita
2309 5694 2525 5766 tandem
2542 5695 2565 5746 ?
2584 5694 2847 5759 Quoniam
2868 5698 3191 5764 scriptorum
3212 5694 3450 5753 veterum
3469 5717 3649 5766 nemo,

2090 5764 2184 5852 (illi
2205 5766 2300 5852 ,Υέξι
2317 5780 2449 5852 γριο-
2463 5762 2698 5852 ρςὶξςιιε
2712 5762 3005 5852 apologias
3032 5767 3339 5852 ediderunt.
3370 5771 3452 5825 vel
3474 5762 3649 5852 ipsum

2092 5838 2396 5891 ccontrario
2427 5835 2647 5905 scriptis
2679 5835 2793 5890 suis
2822 5846 3222 5907 oppugnarunt,
3284 5839 3400 5909 ejus
3428 5835 3513 5897 rei
3538 5859 3648 5896 me-
