4082 6394
521 395 652 450 1071

1935 406 1989 458 S.
2034 405 2372 462 ΕΡΙΡΙΙΑΝΙΙ

3624 417 3781 471 1072

516 523 625 563 non
664 509 989 579 permansit.
1023 508 1236 566 Etenim
1262 512 1334 568 ol;
1365 515 1618 568 eximiam
1661 517 2008 570 sanctitatem
2041 539 2046 566 ε

2151 533 2168 580 l
2197 521 2370 584 τέλος.
2399 521 2495 574 Διὰ
2526 521 2634 594 γὰρ
2662 523 2720 575 τὸ
2760 521 3089 593 ἐξοχώτατον
3115 525 3217 595 τῆς
3264 526 3550 598 ἁγιότητος
3594 531 3781 584 αὐτοῦ

512 597 899 662 eruditionem,
957 615 1228 654 summam
1269 610 1352 656 est
1389 604 1440 656 iu
1467 605 1728 658 invidiam
1792 606 2084 671 adductus,

511 702 682 757 eaque
734 705 820 744 res
876 692 1227 760 magistratus
1280 710 1342 747 ac
1405 697 1686 765 prmfeclos
1742 689 2086 767 majorem'in

513 779 734 832 modum
771 780 938 832 acuit.
979 779 1117 834 Tum
1173 782 1304 836 illud
1361 800 1489 838 vero
1537 786 1740 840 diaboli
1792 789 2086 844 calliditate

513 869 881 938 improbitatis
926 873 1164 928 artifices
1209 877 1503 930 commenti
1545 887 1695 940 sunt,
1726 889 1783 933 ut
1821 880 1888 934 ad
1915 883 2086 951 turpi-

509 959 715 1013 tudinis
769 964 1150 1017 necessitatem
1221 964 1498 1020 hominem
1557 969 1858 1038 adigerent.
1919 981 2082 1042 atque

509 1052 777 1121 ejusmodi
817 1069 1032 1124 poenam
1085 1063 1412 1124 statuerent,
1450 1067 1509 1112 ut
1565 1059 1630 1112 ad
1694 1063 1837 1117 illius
1863 1067 2082 1134 corpori

508 1151 759 1211 stuprum
798 1143 1136 1197 inferendum
1179 1143 1496 1215 Etliiopem
1547 1161 1949 1218 compararent.
1999 1152 2080 1206 Ad

506 1230 620 1284 haec
646 1230 908 1301 Origenes
941 1232 1347 1289 fraudulentum
1383 1237 1514 1291 illud
1546 1239 1750 1293 diaboli
1786 1243 2078 1296 consilium

505 1339 616 1378 non
654 1325 958 1388 sustinens,
1022 1341 1208 1380 vocem
1265 1327 1409 1382 illam
1459 1331 1649 1396 edidit,
1703 1349 1809 1400 qua
1866 1335 2080 1390 duobus

506 1418 616 1472 illis
649 1420 965 1488 propositis.
1009 1422 1322 1475 sacrificare
1354 1425 1563 1478 maluit.
1615 1425 1933 1496 Quanquam
1968 1445 2076 1483 non

501 1512 724 1561 omnino
753 1519 944 1579 sponte
993 1511 1123 1564 illud
1157 1527 1254 1565 sua
1285 1516 1604 1582 pnestitiase
1634 1518 1795 1587 vulgo
1827 1518 2029 1572 dicitur
2058 1539 2071 1586 ;

500 1601 596 1656 sed
632 1603 722 1656 ubi
750 1604 915 1657 semel
952 1604 1051 1657 hoc
1083 1620 1141 1659 se
1178 1621 1302 1661 esse
1341 1605 1608 1662 facturum
1658 1626 1920 1666 assensus
1969 1621 2070 1676 est,

497 1693 625 1748 thus
656 1695 708 1747 in
742 1711 958 1748 manuni
995 1695 1141 1751 illius
1177 1696 1496 1767 impositum
1529 1697 1582 1753 in
1621 1701 1929 1770 subjectum
1965 1717 2074 1756 ara:

495 1789 673 1840 focum
709 1791 1022 1844 excussisse
1049 1793 1281 1860 gentiles
1314 1802 1588 1847 asserunt.
1626 1794 1739 1849 lloc
1772 1797 1932 1852 modo
1957 1806 2010 1854 et
2040 1813 2068 1851 a

2191 617 2284 670 καὶ
2313 617 2410 686 τῆς
2432 617 2785 688 προπαιδείας
2806 618 2898 671 ἐπὶ
2927 619 3176 672 πλεῖστον
3201 619 3392 688 φθόνον
3415 620 3743 693 διεὸέόλητο
3762 641 3777 654 ·

2191 710 2284 761 καὶ
2319 709 2518 778 μᾶλλον
2551 709 2710 763 τοῦτο
2755 709 3041 780 παρώξυνε
3076 712 3203 774 τοὺς
3245 712 3384 764 κατὰ
3423 713 3611 785 καιρὸν
3639 715 3774 768 τότε

2186 802 2284 872 τὴν
2306 801 2719 872 ὲξουσιαστικὴν
2750 802 2925 873 ἀρχὴν
2949 801 3253 867 διέποντας.
3281 805 3684 878 Κακομηχανέᾳ
3711 808 3774 860 δὲ

2185 891 2466 962 διαϐολικῇ
2505 891 2808 960 ἐπενόησαν
2837 894 2885 945 οἱ
2927 893 3027 964 τῆς
3052 895 3251 957 κακίας
3284 896 3510 967 ἐργάται
3535 898 3766 968 αἰσχρό-

2185 1000 2323 1052 τητα
2352 982 2431 1054 τῷ
2489 983 2644 1054 ἀνδρὶ
2681 984 2969 1054 ἐπινοῆσαι
2991 1027 3004 1048 ,
3065 987 3160 1039 καὶ
3191 988 3460 1058 τιμωρίαν
3503 990 3771 1060 τοιαύτην

2182 1074 2378 1145 ὁρίσαι,
2412 1076 2492 1139 εἰς
2529 1077 2876 1146 παράχρησιν
2917 1077 2980 1148 δὴ
3019 1077 3113 1131 τοῦ
3149 1078 3315 1132 αὐτοῦ
3361 1079 3629 1150 σώματος,
3663 1083 3768 1133 Ai-

2182 1165 2345 1218 Θίοπα
2380 1166 2528 1237 αὐτῷ
2561 1169 2996 1238 παρασκευάσαι.
3037 1171 3096 1223 '0
3116 1170 3194 1228 δὲ.
3226 1171 3300 1242 μὴ
3328 1171 3508 1242 φέρων
3534 1172 3632 1242 τὴν
3659 1173 3769 1242 τῆς

2181 1255 2492 1326 διαϐολικῆς
2525 1257 2806 1328 ἐνεργείας
2854 1259 3130 1320 ἐπίνοιαν,
3171 1258 3365 1330 ἔρρηξε
3405 1261 3606 1331 φωνὴν,
3646 1262 3770 1316 τῶν

2181 1347 2506 1417 ἀμφοτέρων
2556 1347 2929 1418 προτεθέντων
2975 1349 3125 1420 αὑτῷ
3173 1351 3547 1420 πραγμάτων,
3593 1349 3767 1404 θῦσαι

2183 1436 2382 1505 μᾶλλον
2412 1437 2685 1506 ἑλόμενος.
2729 1437 2804 1489 Οὐ
2833 1437 2940 1506 μὴν
2965 1437 3022 1490 δὲ
3059 1439 3284 1510 ἑκουσία
3320 1439 3511 1512 γνώμῃ
3552 1440 3767 1510 μᾶλλον

2177 1524 2334 1578 τοῦτο
2354 1525 2692 1588 ἐπετέλεσεν,
2718 1526 2792 1589 ὼς
2817 1525 2981 1587 πολὺς
3003 1525 3186 1596 ᾄδεται
3212 1526 3396 1596 λόγος·
3427 1529 3540 1581 ἀλλ’
3561 1529 3764 1602 ἐπειδὴ

2176 1617 2315 1681 ὅλως
2373 1617 2797 1691 καθωμολόγησε
2856 1619 3016 1672 τοῦτο
3071 1620 3295 1690 πρᾶξαι,
3356 1620 3607 1690 βαλόντες
3658 1624 3764 1676 ἐπὶ

2176 1713 2332 1782 χεῖρα
2359 1709 2524 1763 αὑτοῦ
2559 1710 2796 1775 λίϐανον,
2822 1713 2900 1775 εἰς
2926 1711 3024 1782 τὴν
3057 1712 3151 1764 τοῦ
3187 1711 3371 1782 βωμοῦ
3407 1713 3584 1784 πυρὰν
3615 1715 3763 1768 καθο

2176 1803 2334 1872 ἧκαν.
2372 1803 2482 1856 Καὶ
2512 1802 2684 1866 οὕτως
2715 1803 2809 1856 τοῦ
2838 1806 3136 1875 μαρτυρίου
3163 1804 3272 1857 ἀπὸ
3309 1805 3418 1857 τῶν
3445 1805 3759 1874 κρινάντων

494 1880 743 1951 martyrii
799 1881 967 1950 gloria
1020 1881 1400 1937 confessorum
1487 1893 1917 1958 martyrumque,
1973 1906 2043 1960 qu

2169 1894 2516 1964 ὀμολογητῶν
2554 1911 2614 1947 τε
2663 1895 2757 1948 καὶ
2812 1894 3102 1966 μαρτύρων
3143 1893 3425 1964 ἀπεϐλήθη
3465 1894 3586 1947 τότε
3607 1936 3623 1960 ,
3655 1898 3758 1948 καὶ

492 1971 642 2026 illius
673 1973 1009 2042 temporibus
1049 1985 1226 2041 erant,
1270 1975 1482 2043 judicio
1534 1975 1756 2044 excidit,
1790 1982 1940 2035 etab
1973 1981 2069 2035 Ec-

489 2062 655 2117 clesia
704 2061 952 2131 dejectus
994 2072 1096 2118 est.
1145 2064 1356 2120 Accidit
1406 2066 1511 2121 hoc
1556 2067 1930 2139 Alexandria;
1974 2073 2064 2126 ubi

492 2168 618 2206 cum
647 2153 1093 2224 exprobrantium
1126 2156 1360 2211 ludibria
1387 2157 1528 2213 ferre
1557 2174 1665 2214 non
1697 2163 2064 2229 posset,illiiic

490 2245 644 2311 abiit,
677 2255 730 2299 et
760 2247 812 2300 in
857 2245 1166 2312 Palaestina,
1200 2249 1314 2304 sive
1342 2248 1528 2306 Judaea
1559 2251 1893 2308 domicilium
1934 2269 2065 2310 con-

489 2339 684 2392 stituit.
721 2337 880 2393 Forte
914 2341 1144 2410 contigit
1193 2350 1252 2396 ut
1286 2341 1720 2416 Hierosolymam
1758 2344 2061 2415 profectus,

491 2441 548 2485 ut
577 2440 692 2486 erat
736 2447 1017 2488 sacrarum
1071 2435 1375 2490 litterarum
1429 2438 1679 2507 egregius
1716 2439 2060 2496 eteruditis-

485 2526 659 2579 simus
689 2524 980 2595 interpres,
1017 2526 1084 2579 ab
1120 2529 1466 2583 sacerdotum
1532 2529 1762 2599 collegio
1806 2530 1954 2599 (nam
2009 2543 2062 2586 et

483 2615 599 2686 ipse
621 2657 637 2680 ,
676 2616 992 2686 priusquam
1038 2618 1392 2682 sacrificaret,
1419 2618 1483 2674 ad
1507 2620 1796 2674 sacerdotii
1830 2621 2057 2690 gradum

481 2710 793 2778 pervenisse
823 2709 1066 2779 dicitur),
1117 2710 1182 2763 ad
1225 2711 1388 2766 verba
1425 2713 1478 2765 in
1527 2711 1768 2767 Ecclesia
1805 2711 2054 2768 facienda

481 2800 889 2855 sollicitaretur.
947 2801 1194 2872 Cumque
1249 2802 1319 2857 ab
1368 2803 1456 2868 iis,
1493 2803 1570 2857 uti
1606 2803 1743 2868 dixi,
1777 2804 1870 2873 qui
1924 2814 2052 2858 tunc

480 2893 876 2953 sacerdotalem
909 2894 962 2948 in
993 2895 1235 2950 Ecclesia
1270 2895 1589 2966 dignitatem
1629 2896 1968 2960 obtinebant,
1998 2899 2050 2952 vi

481 2985 871 3053 propemodum
913 2986 979 3040 ad
1028 2987 1080 3040 id
1118 2986 1385 3056 agendum
1442 2988 1834 3058 impelleretur,
1867 2989 1958 3044 ille
1995 2989 2050 3042 in

475 3077 640 3148 pedes
665 3092 1026 3148 consurgens,
1066 3079 1290 3149 reliquis
1335 3080 1584 3133 versibus
1639 3080 2048 3148 praetermissis,

551 3262 565 3290 '
588 3235 646 3316 FO.
679 3262 1132 3334 προτρεπομένων
1159 3261 1236 3314 δέ.

2170 1986 2278 2039 ἀπὺ
2321 1985 2418 2055 τῆς
2472 1985 2800 2053 Ἑκκλησίας
2854 1985 3079 2056 ὲξεώθη.
3136 1987 3225 2038 Ἐν
3271 1984 3648 2056 ’Δλείξανδρείᾳ⁸
3691 1987 3756 2039 δὲ

2168 2073 2326 2126 τοῦτο
2355 2073 2626 2136 ὑποστὰς,
2679 2075 2773 2126 καὶ
2807 2073 2880 2144 μὴ
2926 2073 3221 2143 δυνάμενος
3247 2073 3343 2143 τὴν
3395 2073 3502 2125 τῶν
3547 2073 3753 2125 ὀνειδι-

2168 2164 2370 2228 ζόντων
2412 2163 2611 2236 χλεύην
2659 2164 2866 2234 φέρειν,
2906 2164 3240 2234 ἀνεχώρησε,
3280 2167 3370 2217 καὶ
3413 2165 3510 2235 τὴν
3539 2165 3754 2218 Παλαι-

2169 2254 2378 2324 στίνην,
2417 2256 2663 2309 τουτέστι
2692 2257 2789 2327 τῆς
2829 2256 3090 2319 Ἰουδαίας
3117 2260 3390 2308 κατοικεῖν
3417 2258 3518 2327 γῆν
3547 2258 3748 2314 εἵλετο.

2180 2345 2442 2398 Ἀνελοὼν
2473 2346 2601 2415 γοῦν
2628 2349 2707 2410 είς
2744 2347 2812 2400 τά
2854 2346 3228 2416 Ἱεροσόλυμα,
3263 2349 3354 2399 καὶ
3398 2349 3472 2411 ὡς
3502 2346 3752 2412 τοιοῦτος

2164 2436 2436 2506 ἐξηγητὴς
2463 2437 2555 2490 καὶ
2585 2437 2786 2504 λόγιος,
2811 2437 3176 2507 προετρέπετο
3200 2439 3305 2491 ἀπὸ
3331 2438 3423 2491 τοῦ
3451 2440 3746 2511 ἱερατείου.

2162 2529 2298 2580 Φασὶ
2340 2527 2448 2598 γὰρ
2490 2527 2652 2581 αὑτὸν
2689 2530 2782 2581 καὶ
2827 2529 3221 2599 πρεσϐυτερίου
3264 2531 3633 2602 κατηξιῶσθαι
3678 2533 3750 2586 τὸ

2163 2622 2327 2692 πρὶν,
2359 2620 2522 2690 πρινὴ
2557 2619 2650 2672 τοῦ
2694 2619 2873 2676 Θῦσαι.
2910 2622 3408 2692 Προτρεπόμενοι¹,
3443 2623 3516 2686 ὡς
3563 2624 3704 2695 ἔφην
3727 2665 3746 2688 ,

2160 2715 2321 2768 αὑτὸν
2361 2714 2452 2766 ἐπὶ
2512 2715 2609 2783 τῆς
2653 2713 2974 2783 Ἐκκλησίας
3023 2714 3225 2776 εἰπεῖν,
3263 2713 3355 2766 καὶ
3399 2715 3565 2768 πολλὰ
3604 2733 3744 2769 κατ-

2159 2805 2584 2872 αναγκασάντων
2605 2801 2904 2875 τηνικαῦτα
2933 2804 2991 2854 ὲν
3013 2802 3404 2874 Ἱεροσολύμοις
3436 2806 3534 2875 τὴν
3569 2807 3737 2877 ἱερω-

2160 2897 2323 2966 σύνην
2363 2897 2460 2966 τῆς
2518 2897 2682 2966 ἁγίας
2744 2894 3064 2966 Ἐκκλησίας
3113 2895 3444 2959 διεπόντων,
3498 2899 3744 2961 ἀναστὰς

2157 2990 2250 3041 ἐπὶ
2290 2987 2458 3050 πόδας
2493 2987 2555 3040 τὸ
2589 2987 2752 3058 ῥητὸν
2802 2987 2962 3055 μόνον
2996 2984 3088 3038 τοῦ
3126 2984 3344 3056 ψαλμοῦ
3388 2986 3482 3040 τοῦ
3535 3006 3739 3042 τεσσα-

2160 3079 2422 3151 ρακοστοῦ
2468 3081 2657 3134 ἐνάτου
2689 3078 2894 3144 εἰπὼν,
2933 3077 3030 3149 τὴν
3061 3078 3242 3131 πᾶσαν
3270 3079 3556 3150 διαστολὴν
3592 3099 3742 3152 παρ-

471 3441 828 3522 ηιὶιιὶιηΛιψιὶ
851 3458 948 3496 nos
967 3441 1326 3511 Epiphanium
1357 3441 1703 3512 Opponimus,
1728 3457 1837 3510 quo
1869 3457 2046 3522 neque
2073 3445 2114 3502 C
2148 3440 2308 3520 cujus
2337 3447 2622 3520 tantopere
2656 3437 2807 3522 illum
2839 3438 3165 3522 paenituisse
3195 3440 3422 3521 scirent,
3443 3455 3524 3522 _i_ie
3550 3439 3729 3522 horni-

469 3513 832 3580 antiquiorcin
865 3522 1164 3581 auctorem,
1216 3528 1391 3581 neque
1430 3527 1732 3580 graviorem
1765 3513 2044 3580 requirere

468 3579 763 3645 debemus;
822 3583 912 3651 qui
967 3581 1034 3635 de
1079 3579 1318 3649 Origene
1353 3579 1497 3634 velut
1544 3579 1873 3651 compertam
1932 3597 2041 3634 rem

469 3653 798 3719 minimeque
843 3649 1066 3706 dubiam
1131 3653 1260 3705 illud
1333 3653 1507 3720 ipsum
1563 3653 1762 3705 retulit.
1824 3649 1881 3704 lii
1931 3668 2042 3720 quo

469 3736 795 3790 magnopere
846 3722 1252 3790 ponderandum
1291 3721 1432 3774 istud
1482 3730 1586 3785 est,
1640 3721 1854 3790 quoties
1893 3723 2042 3786 ejus-

469 3794 612 3845 modi
642 3792 843 3859 aliquid
871 3791 1123 3861 proponit
1147 3792 1496 3860 Epiphanius.
1525 3795 1668 3860 quod
1693 3791 1758 3845 ad
1783 3793 2036 3860 alicujus.

467 3863 630 3914 etiam
651 3862 889 3930 alioquin
910 3862 1170 3921 haeretici,
1191 3878 1252 3914 ac
1273 3863 1462 3914 nefarii
1484 3863 1740 3923 hominis,
1781 3862 2037 3916 invidiam

469 3933 933 4001 ignominiamque
975 3934 1248 4001 pertinet,
1308 3933 1380 3992 id,
1411 3932 1455 3985 si
1486 3931 1665 3984 dubiae
1710 3933 2039 4002 minimeque

468 4003 773 4056 constantis
801 4006 957 4056 fama:
989 4004 1081 4061 sit,
1114 4003 1372 4055 nonnulla
1410 4018 1533 4054 cum
1577 4004 1928 4056 excusatione
1975 4018 2039 4055 ac

466 4073 766 4126 titubanter
806 4073 874 4125 ab
923 4073 1012 4124 illo
1051 4073 1382 4141 sigiiilicai-i;
1436 4081 1597 4141 atque
1635 4072 1736 4122 hoc
1781 4072 2034 4139 inprimis

467 4143 669 4208 caveri,
707 4159 773 4195 ne
804 4143 1008 4195 incerta
1045 4140 1603 4195 recommemoranda
1641 4149 1843 4193 certain
1873 4141 2036 4195 alicui

468 4212 748 4264 infamiam
781 4228 842 4266 ac.
889 4215 1125 4266 dedecus
1162 4214 1418 4280 imponat.
1458 4208 1572 4261 lloe
1601 4226 1731 4264 vero
1762 4210 1880 4264 loco
1910 4213 2035 4264 nul-

468 4282 573 4335 lani
621 4282 926 4335 istiusmodi
963 4283 1266 4335 cautionem
1313 4281 1578 4341 adhibuit,
1636 4281 1754 4342 sed,
1799 4297 1923 4334 cum
1968 4283 2036 4336 de

464 4353 617 4421 lapsu
651 4362 704 4406 et
740 4355 939 4421 injecto
965 4355 1119 4406 Iliurc
1141 4358 1440 4409 constaret,
1466 4352 1566 4402 hoc
1598 4366 1764 4404 unum
1787 4352 2029 4421 excepit,

461 4420 606 4491 quod
636 4425 678 4476 si
704 4420 887 4476 verum
915 4433 1018 4485 est,
1041 4424 1104 4475 ad
1130 4422 1521 4476 sublevandum
1546 4420 1836 4491 Origenem
1862 4420 2029 4486 valet,

461 4495 848 4546 nonnullorum
879 4493 1072 4560 jactari
1116 4492 1482 4553 sermonibus,
1531 4507 1871 4562 nequaquam
1905 4493 2029 4545 Ori-

462 4580 650 4628 geneui
685 4566 856 4632 ipsum
893 4566 1016 4616 thus
1049 4562 1373 4624 adolevisse,
1401 4563 1495 4616 sed
1527 4578 1650 4614 cuiu
1686 4563 1806 4629 ejus
1845 4561 2030 4631 digitis

460 4641 605 4686 esset
639 4633 969 4701 iii-positum,
1007 4633 1059 4685 iii
1101 4633 1405 4700 subjectum
1437 4646 1544 4684 arae
1583 4633 1758 4684 focum
1792 4646 1820 4684 a
1852 4634 2028 4700 genti-

465 4704 605 4756 libus
638 4717 928 4755 excussum
969 4701 1155 4755 fuisse.
1219 4703 1372 4766 Quod
1414 4702 1576 4772 igitur
1607 4702 1660 4754 in
1694 4703 2024 4754 sacrillciuin

461 4790 524 4824 ac
555 4774 811 4839 majorem
861 4773 1084 4826 sceleris
1130 4782 1336 4840 partem
1367 4771 1708 4826 consenserit
1736 4771 2022 4838 Origenes.

2149 3513 2235 3564 nis
2271 3511 2544 3564 memoriae
2589 3509 2876 3569 insultare.
2922 3511 3218 3564 obtrectari
3262 3525 3327 3564 ue
3375 3511 3511 3565 velle
3542 3515 3730 3581 potius

2149 3595 2307 3632 uuam
2332 3594 2548 3632 errores
2571 3576 2835 3632 damnare
2856 3580 3192 3632 viderentur.
3216 3526 3291 3632 3e
3317 3581 3462 3632 aliis.
3488 3597 3726 3632 unorum

2146 3595 2307 3648 quam
2332 3594 2548 3634 errores
2571 3576 2835 3633 damnare
2856 3580 3192 3634 viderentur.
3216 3576 3291 3634 De
3317 3581 3462 3642 aliis,
3488 3576 3726 3650 quorum

2145 3652 2348 3719 scripta
2403 3666 2510 3704 non
2559 3650 3202 3719 exstant,pronunliare
3250 3651 3468 3706 nonnisi
3526 3663 3728 3707 temere

2145 3718 2461 3788 possitinius.
2491 3720 2670 3772 Altera
2704 3720 2754 3772 in
2787 3718 3079 3773 Annalibus
3111 3719 3426 3788 conjectura
3461 3736 3566 3774 non
3601 3725 3726 3789 plus

2144 3791 2408 3854 veritatis,
2433 3791 2615 3842 minus
2647 3790 2810 3842 etiam
2847 3790 3245 3858 probabilitatis
3275 3791 3459 3846 habet.
3515 3790 3725 3845 Falsis-

2143 3863 2339 3913 siinuui
2370 3863 2512 3913 enim
2549 3867 2631 3911 est
2658 3860 2918 3930 intextam
2953 3859 3090 3913 hanc
3125 3860 3432 3930 Epiphanio
3466 3862 3722 3916 laciniam

2143 3877 2339 3913 sunuiu
2370 3877 2512 3913 enim
2549 3877 2631 3911 est
2658 3877 2918 3912 intextam
2953 3877 3090 3913 uane
3125 3877 3164 3914 ιι
3209 3877 3432 3930 ipiianio
3466 3877 3722 3916 laciniam

2141 3947 2283 3986 csse.
2331 3945 2454 3983 cum
2492 3945 2668 3997 neque
2714 3928 2780 3983 de
2815 3931 2954 3998 stylo
3001 3930 3118 3998 ipso
3147 3877 3385 3984 tibhitari
3417 3933 3610 4000 pOSsil,
3666 3941 3724 3987 et

2141 4001 2339 4078 quibus
2373 4001 2422 4078 id
2451 4000 3064 4078 argutiieptisedicitur,
3092 4001 3387 4078 leviasint,
3412 4003 3716 4078 iino_nu_l_la.

2141 4069 2497 4139 EpipliaiiiUs,
2525 4069 2718 4138 inquit,
2750 4070 2884 4123 libro
2912 4070 2981 4122 De
3011 4073 3273 4125 mensuris
3301 4089 3363 4123 ac
3397 4074 3719 4136 ponderibus

2139 4142 2296 4210 plane
2317 4143 2591 4192 contraria
2616 4139 2816 4210 docuit.
2854 4141 3218 4194 Scribitenim
3242 4157 3254 4192 :
3279 4141 3557 4194 Floruisse
3592 4143 3718 4197 Ori-

2135 4209 2312 4279 genem
2342 4226 2374 4262 a
2408 4209 2727 4278 temporibus
2760 4211 2898 4262 been
2925 4227 3084 4277 usque
3117 4211 3186 4262 ad
3225 4211 3433 4264 Gallum
3472 4223 3517 4264 et
3557 4213 3718 4266 l’olu-

2136 4282 2368 4334 sianum.
2408 4279 2505 4333 Ubi
2542 4295 2662 4342 \ox,
2695 4280 2897 4349 ﬂoruit,
2929 4295 3034 4332 non
3063 4281 3201 4334 idem
3232 4292 3315 4336 est
3343 4296 3405 4334 ac
3442 4283 3588 4344 υἱέι-ἐι,
3619 4284 3716 4337 sed

2135 4353 2475 4420 splendorem
2509 4365 2574 4403 ex
2610 4351 2859 4422 doctrina
2895 4352 3508 4422 qiiwsituinsignilicat.
3555 4354 3632 4406 Ac
3662 4356 3713 4408 si

2135 4431 2250 4475 tum
2283 4422 2470 4506 lapsus
2505 4433 2650 4498 esset
2681 4420 2971 4506 Oﬁigeucs,’
3000 4420 3303 4506 iion_illuiii
3350 4421 3599 4506 floruisse
3628 4425 3716 4506 di:

2133 4499 2280 4545 ccrct
2318 4491 2674 4562 Epiphanius.
2710 4491 2916 4562 γει-ιιι).
2949 4491 3218 4559 ἀκμάζειν
3248 4503 3302 4546 et
3345 4492 3531 4560 ﬂorere
3565 4496 3711 4562 apud

2132 4559 2497 4633 chronologos
2519 4561 2651 4613 nihil
2674 4559 2816 4612 aliud
2836 4569 3114 4633 est,quam
3134 4559 3505 4615 commendari
3526 4559 3710 4633 vulgo,

2129 4634 2265 4684 etin
2300 4632 2480 4700 aliqua
2514 4638 2737 4700 propter
2781 4631 3141 4684 eruditionem
3190 4640 3284 4696 aut
3324 4634 3578 4688 virtutem
3612 4631 3713 4689 tio-

2131 4701 2294 4754 minis
2329 4702 2577 4754 claritate
2605 4701 2835 4754 versari.
2869 4700 3020 4755 llauc
3046 4717 3179 4755 vero
3206 4705 3470 4757 doctrinae
3503 4705 3706 4758 famam

2135 4787 2198 4823 ac
2232 4773 2576 4840 Splendorein
2605 4770 2825 4839 Origeui
2858 4787 3034 4840 neque
3070 4773 3222 4840 prior
3257 4774 3346 4825 illa
3384 4774 3711 4830 idololatriae

461 4820 691 4896 ίίἷίιίἰὶῖἶέ
704 4820 715 4824 ’
727 4820 1000 4896 animi;
1009 4820 1021 4824 “
1039 4820 1426 4911 Epiphanius?
1439 4820 1655 4913 "liii-iiii}
1671 4820 2040 4913 "agisagis;
2058 4820 2102 4873 υ
2131 4820 2313 4910 suis;
2324 4820 2518 4910 ’ᾇιῖεἷέιῖ
2527 4820 3434 4913 ξ’ρὡιίῗὲίιῖίιῖἰἷιὶιῖεἵιέἰξέὲίὦιίὲ
3446 4820 3705 4913 "assit;

461 4913 563 4966 hoc
596 4920 663 4966 ab
696 4915 865 4966 invito
893 4913 1103 4966 facinus
1125 4913 1367 4980 ejusdem
1399 4928 1560 4966 manu
1591 4911 2028 4966 administratum

461 4985 644 5043 fuerit,
682 4985 730 5036 id
767 4999 894 5036 vero
919 4983 1204 5036 dubitavit.
1241 4983 1432 5036 (laetari
1460 4983 1552 5051 qui
1581 4986 1660 5035 vel
1691 4983 2030 5051 antiquiores

462 5054 800 5123 Epiphanio,
880 5057 982 5106 vel.
1015 5053 1162 5106 illius
1205 5053 1465 5122 temporis
1535 5067 1800 5123 suppares
1851 5064 2027 5117 erant,

461 5122 657 5191 partim
681 5125 930 5192 Origciiis
963 5139 1148 5178 amore
1177 5124 1594 5176 dissimularunt
1615 5162 1628 5183 ,
1665 5122 1858 5190 partim
1881 5124 2027 5192 quod

462 5194 528 5246 ad
586 5211 695 5247 rem
740 5195 962 5247 iniuiiue
1014 5195 1250 5257 faceret,
1316 5193 1606 5247 scribendo
1667 5195 2027 5261 praetermise-

457 5271 603 5315 runt.
679 5267 853 5332 Atquc
914 5265 1177 5317 liuscbius
1222 5264 1471 5332 quidem,
1536 5271 1724 5332 utpote
1771 5263 2024 5332 Origenis

456 5334 774 5394 admirator,
824 5339 1076 5386 consulto
1112 5342 1168 5385 ut
1201 5333 1497 5398 omitteret,
1544 5333 1740 5388 fecisse
1778 5334 2021 5398 videtur;

458 5419 582 5454 nam
615 5405 747 5456 nihil
780 5419 966 5457 eorum
1013 5405 1202 5465 tacuit,
1239 5420 1357 5471 quae
1389 5403 1453 5454 ad
1500 5403 1644 5456 illius
1674 5405 2022 5457 commenda-

457 5475 694 5534 tionem,
726 5475 857 5526 nhil
887 5473 1086 5535 attulit,
1106 5474 1252 5542 quod
1281 5473 1346 5526 ad
1375 5473 1719 5526 minuendam
1737 5475 2019 5528 existima-

456 5544 658 5596 tionem
697 5545 915 5596 valet'et.
955 5543 1166 5612 Reliqui
1203 5551 1310 5595 tam
1342 5543 1607 5605 fautores,
1640 5559 1801 5611 quani
1829 5543 2023 5596 adver-

455 5613 585 5667 sarii
609 5613 877 5682 Urigenis,
897 5629 1020 5666 cum
1046 5619 1112 5667 de
1138 5615 1318 5682 impiis
1344 5612 1462 5682 ejus
1485 5615 1829 5682 dogmatibus
1854 5623 2018 5684 atque

453 5684 732 5736 erroribus
760 5684 813 5736 in
845 5695 1120 5739 certamen
1151 5684 1682 5752 disputationemque
1713 5687 2010 5746 venissent,

452 5752 610 5823 facile
643 5761 1018 5823 contempsere
1051 5765 1268 5807 caitera.
1322 5756 1401 5808 Ac
1435 5755 1678 5823 prol'ccto
1713 5755 1779 5807 de
1807 5771 1872 5809 eo
1903 5758 2014 5807 cri-

449 5821 597 5878 nii‘iie
625 5821 774 5878 sileri
829 5821 874 5878 a7
907 5826 1274 5880 sanctissimis
1301 5821 1830 5894 virisﬁiequissimum
1879 5826 2011 5892 fuit,

2129 4927 2304 4980 neque
2339 4911 2608 4980 posterior
2639 4920 2720 4963 tot
2750 4929 2812 4963 ac
2855 4921 2964 4964 tam
3001 4912 3381 4981 multiplicium
3414 4911 3707 4969 hmresiuiii

2131 4981 2353 5034 infamia
2391 4983 2565 5049 potuit
2593 4982 2920 5050 opprimere.
2947 4981 3159 5053 Deinde
3190 4984 3324 5035 falso
3355 4983 3574 5038 Decium
3607 5002 3707 5053 pro

2127 5054 2331 5105 Severo
2370 5053 2459 5105 hic
2493 5060 2812 5122 usurpatum
2841 5054 2908 5103 ab
2946 5052 3247 5121 Epiphanio
3283 5055 3442 5122 paulo
3463 5063 3587 5108 ante
3606 5052 3706 5107 do-

2125 5123 2357 5176 cuimus.
2394 5121 2705 5176 Secundum
2737 5121 2848 5193 haec
2874 5123 3214 5193 Augustinus
3240 5121 3398 5178 nobis
3421 5125 3701 5192 objicitur,

2123 5194 2217 5261 qui
2253 5207 2376 5245 cum
2405 5193 2472 5247 de
2501 5193 2734 5262 Origene
2768 5187 3069 5246 bninia'sit
3120 5209 3185 5247 ex
3238 5187 3545 5262 Epiphanio
3577 5187 3698 5248 mu-L

2126 5271 2332 5324 tuattis,
2375 5263 2442 5318 de
2497 5263 2818 5330 turpissimo
2871 5263 2967 5316 illo
3013 5264 3167 5332 lapsu
3215 5267 3441 5318 verbum
3491 5266 3700 5318 nullum

2124 5334 2375 5400 aspersit.
2412 5334 2518 5387 Sed
2547 5342 2728 5386 utruin
2758 5334 2860 5386 hoc
2881 5333 3445 5403 EpipliaiiiiAdeersus
3475 5337 3698 5388 limi-eses

2124 5404 2459 5457 luculentum
2483 5419 2621 5474 opus
2640 5405 2706 5457 ab
2723 5407 3029 5473 Augustino
3055 5406 3252 5458 lectum
3273 5409 3457 5468 fuerit,
3479 5416 3701 5475 propter

2121 5491 2214 5528 cas
2235 5490 2431 5530 causas
2455 5475 2691 5528 dubitari
2720 5487 2915 5545 potest,
2944 5491 3066 5544 quae
3089 5480 3144 5528 iii
3169 5477 3508 5545 prml'atione,
3533 5492 3696 5545 quam

2123 5547 2270 5612 operi
2313 5547 2416 5615 ipsi
2459 5547 2808 5615 praelixinius.
2858 5547 2923 5600 ad
2959 5550 3215 5601 lectorem
3265 5548 3515 5614 pluribus
3569 5558 3697 5599 sunt.

2121 5629 2151 5664 a
2184 5615 2342 5666 nobis
2365 5619 2643 5686 expositae.
2689 5615 2911 5670 Frustra
2947 5619 3132 5684 igitur,
3189 5628 3246 5670 ut
3275 5616 3496 5686 quidem
3531 5632 3698 5685 appa-

2119 5693 2220 5744 ret,
2254 5685 2544 5737 sollicitata
2594 5696 2678 5738 est
2714 5688 2766 5739 in
2821 5691 3111 5742 annalibus
3163 5685 3496 5741 narrationis
3551 5692 3697 5743 illius

2115 5757 2385 5823 istiusque
2415 5757 2517 5808 loci
2567 5755 2719 5816 fides,
2757 5773 2880 5809 cum
2911 5758 3056 5809 nulla
3099 5756 3165 5810 ad
3207 5773 3326 5811 eain
3360 5759 3698 5812 labefactan-

2115 5828 2240 5878 dam
2272 5824 2407 5881 satis
2436 5825 2588 5880 lirma
2623 5831 2758 5879 ratio
2785 5827 2855 5882 sit
2887 5828 3071 5880 allata.
