4082 6394
342 396 479 450 4075

1043 394 1415 451 ADVERSUS
1451 393 1792 449 liA‘LliESES
1835 395 1962 450 LIB.
1999 393 2063 450 ll.
2098 396 2264 452 ἹῸΜ.
2307 397 2423 452 l.—
2464 396 2734 456 HIERES.
2780 396 2962 452 LilV.

3460 399 3594 454 ια’τι
3639 430 3641 434 -

342 513 530 574 ἐλθὼν.
556 513 630 578 ὡς
666 513 813 582 λέγει
861 515 890 567 ὁ
921 514 1155 584 ψαλμὺς,
1187 512 1270 579 Τῷ
1302 514 1370 567 δὲ
1392 512 1718 584 ἀμαρτωλῷ
1749 509 1906 567 εἶπεν

2023 523 2315 585 postquam
2369 515 2514 570 hunc
2579 531 2749 570 unum
2815 531 2845 570 e
2894 515 3104 586 psalmo
3170 511 3593 584 quadragesimo

340 608 374 657 ὀ
401 609 578 672 Θεός·
619 606 744 661 Ἵνα
781 608 839 660 τί
873 607 954 660 σὺ
987 607 1237 677 ἑκδιηγῇ
1275 608 1348 662 τὰ
1378 607 1741 676 δικαιώματά
1777 624 1917 676 μου,

337 698 439 750 καὶ
470 697 914 767 ἀναλαμϐάνει-ις
939 698 1053 766 τὴν
1092 699 1388 768 διαθήκην
1415 717 1534 769 μου
1571 699 1669 753 διὰ
1701 699 1922 768 στόμα-

336 793 440 856 τός
468 806 585 845 σου
603 808 623 853 ;
655 791 860 858 πτύξας
873 792 933 844 τὸ
966 791 1167 862 βιϐλίον
1199 793 1493 857 ἐπέδωκεν,
1523 792 1745 846 ἐκάθισε
1782 791 1921 863 μετὰ

337 881 616 952 κλαυθμοῦ
677 884 771 937 καὶ
824 884 1112 957 δακρύων,
1164 885 1382 938 πάντων
1427 884 1564 956 ὁμοῦ
1620 886 1717 938 σὺν
1769 886 1920 956 αὐτῷ

341 973 657 1029 κλαιόντων.

407 1067 482 1117 Γ’.
527 1068 636 1120 Καὶ
678 1066 816 1138 μετὰ
860 1069 1050 1139 χρόνον
1097 1069 1427 1123 άπεντεῦθεν
1458 1071 1920 1142 προτρεπομένων

336 1159 498 1211 αὑτὸν
543 1160 787 1224 πολλῶν,
828 1163 923 1215 καὶ
973 1161 1387 1230 ἀναγκαζόντων
1415 1205 1430 1228 ,
1461 1162 1771 1235 Ἀμὸροσίῳ
1812 1164 1918 1217 τινὶ

338 1250 612 1320 συντυχὼν
639 1252 747 1305 τῶν
781 1252 1056 1321 διαφανῶν
1082 1257 1141 1310 ὲν
1167 1255 1356 1318 αὐλαῖς
1409 1255 1712 1326 βασιλικαῖς
1741 1256 1918 1327 (τινὲς

334 1342 390 1399 δὲ
436 1348 624 1400 τοῦτον
671 1345 762 1402 τὸν
816 1346 1139 1419 ’Λμὸρόσιον
1179 1346 1388 1417 ἔφασαν
1430 1349 1481 1400 οἱ
1525 1347 1622 1418 μὲν
1653 1349 1916 1418 Μαρκιω-

335 1440 543 1509 νιστὴν,
599 1439 649 1491 οἱ
696 1439 754 1492 δὲ
815 1438 1232 1509 Σαϐελλιανόν)·
1295 1440 1574 1510 κατήχησε
1633 1438 1763 1506 γοῦν
1824 1437 1916 1490 τὸν

334 1531 494 1584 αὐτὸν
545 1532 652 1584 ἀπὸ
692 1531 792 1601 τῆς
825 1532 1089 1602 αἱρέσεως
1137 1530 1400 1594 ἐκκλῖναι,
1437 1531 1534 1584 καὶ
1581 1529 1915 1600 ἀναθεματί-

335 1639 455 1687 σαι,
523 1624 619 1676 καὶ
679 1623 780 1695 τὴν
872 1625 1056 1676 πίστιν
1143 1621 1504 1687 ἀναλέξασθαι
1584 1623 1685 1693 τῆς
1756 1623 1915 1691 ἁγίας

331 1715 468 1769 Θεοῦ
523 1717 870 1788 Ἐκκλησίας.
913 1716 971 1768 '0
1015 1716 1074 1769 δὲ
1119 1715 1515 1786 προειρημένος
1557 1713 1912 1785 Ἀμϐρόσιος,

332 1808 517 1880 ἐπειδὴ
572 1809 680 1862 ἀπὸ
741 1809 941 1880 πολλῆς
1003 1808 1264 1880 αἱρέσεως
1322 1807 1574 1878 ὑπῆρχε,
1635 1809 1725 1861 καὶ⁴
1774 1809 1915 1880 ἀνὴρ

329 1900 508 1970 λόγιος
552 1903 644 1954 καὶ
705 1902 991 1964 σπουδαῖος
1049 1900 1178 1970 περὶ
1227 1900 1326 1963 τὰς
1377 1898 1527 1962 θείας
1579 1897 1914 1968 ἀναγνώσεις

330 1991 438 2045 τῶν
470 1991 630 2045 θείων
677 1992 942 2064 Γραφῶν,
973 1991 1062 2044 διὰ
1102 1991 1197 2062 τὴν
1235 1991 1293 2043 ὲν
1335 1993 1456 2054 ταῖς
1499 1990 1668 2053 θείαις
1710 1989 1912 2060 βίϐλοις

333 2081 610 2152 βαθύτητά
637 2081 744 2134 τῶν
774 2083 1082 2154 νοημάτων,
1105 2082 1304 2151 ἠξίωσε
1332 2082 1422 2135 τὸν
1445 2081 1606 2135 αὐτὸν
1629 2082 1912 2153 Ὠριγένην

331 2176 536 2245 φράσαι
583 2174 749 2246 αὐτῷ.
805 2175 864 2228 '0
916 2175 974 2228 δὲ
1026 2175 1346 2246 βουλόμενος
1396 2178 1477 2239 εἰς
1521 2175 1730 2228 ἐκείνου
1793 2175 1908 2246 (28)

331 2267 574 2336 καθῆκον
607 2267 701 2320 καὶ
741 2267 1058 2338 προτροπὴν
1089 2267 1271 2338 πάσης
1319 2266 1562 2337 Γραφῆς,
1593 2267 1669 2331 ὡς
1712 2269 1908 2332 εἰπεῖν,

329 2360 604 2429 ἑρμηνεὺς
624 2358 875 2426 γενέσθαι
911 2359 1005 2412 καὶ
1047 2357 1440 2430 ἐξηγήσασθαι,
1476 2360 1769 2431 ἐπετήδευε
1815 2359 1911 2413 καὶ

328 2452 388 2504 ἐν
419 2455 486 2521 τῇ
516 2451 678 2523 Τύρῳ
707 2451 807 2522 τῆς
837 2451 1108 2522 Φοινίκης,
1133 2451 1208 2516 ὡς
1247 2451 1402 2521 λόγος
1426 2452 1562 2524 ἔχει,
1592 2452 1912 2507 εἰκοσιοκτὼ

329 2541 423 2613 ἐτη
446 2543 692 2615 πολιτείᾳ
729 2543 827 2614 μὲν
868 2541 1306 2616 ὑπερϐαλλούσῃ,
1341 2545 1434 2597 καὶ
1465 2547 1649 2616 σχολῇ,
1683 2545 1776 2598 καὶ
1806 2562 1909 2599 κα-

333 2637 510 2707 μάτῳ,
539 2635 633 2690 τοῦ
667 2636 767 2706 μὲν
801 2635 1131 2708 Ἀμὸροσίου
1159 2636 1228 2688 τά
1254 2637 1391 2709 πρὸς
1416 2637 1619 2710 τροφὴν
1647 2636 1796 2708 αὐτῷ
1826 2654 1908 2704 τε,

329 2729 425 2780 καὶ
473 2731 584 2792 τοῖς
639 2729 1002 2799 ὀξυγράφοις,
1057 2733 1150 2784 καὶ
1205 2732 1317 2793 τοῖς
1353 2730 1720 2803 ὑπηρετοῦσιν
1761 2729 1910 2801 αὐτῷ

328 2817 716 2888 ὲπαρκοῦντος,
761 2818 968 2890 χάρτην
994 2837 1052 2872 τε
1090 2822 1184 2873 καὶ
1217 2821 1284 2874 τά
1325 2820 1461 2873 ἄλλα
1482 2820 1591 2874 τῶν
1624 2821 1912 2892 ἀναλωμά-

327 2923 455 2971 των,
483 2906 577 2960 καὶ
602 2906 697 2959 τοῦ
738 2908 1045 2978 Ὠριγένους
1071 2909 1127 2962 ἐν
1158 2927 1218 2963 τε
1255 2911 1586 2982 ἀγρυπνίαις
1615 2913 1710 2966 καὶ
1743 2913 1907 2984 σχολῇ

331 2998 565 3072 μεγίστῃ
592 2999 681 3051 τὸν
709 2999 955 3070 κάματον
983 3001 1074 3054 τὸν
1104 3002 1232 3073 περὶ¹
1268 3003 1370 3072 τῆς
1403 3004 1624 3074 Γραψῆς
1662 3004 1909 3058 διανύον-

327 3107 437 3152 τος.
457 3090 618 3144 Ὅθεν
637 3093 702 3144 τὸ
728 3093 944 3163 πρῶτον
973 3094 1137 3147 αὐτοῦ
1168 3096 1442 3166 ἐπιμελῶς
1458 3097 1568 3168 (29)
1594 3097 1911 3169 ἐφιλοτιμὴ-

329 3198 460 3235 σατο
492 3187 817 3277 συναγαγεῖν
849 3184 958 3238 τῶν
979 3185 1038 3250 ἒξ
1072 3188 1404 3259 ἑρμηνειῶν,
1433 3189 1654 3254 Ἀκύλα,
1681 3191 1909 3260 Συμμά-
1936 3221 1978 3277 C

324 3290 444 3344 κου,
470 3274 578 3329 τῶν
608 3292 664 3328 τε
701 3275 1218 3346 Ἐϐδομηκονταδύο,
1242 3279 1335 3332 καὶ
1357 3279 1731 3346 Θεοδοτίωνος,
1763 3282 1910 3352 Πέμ-

325 3374 468 3438 πτης
511 3384 594 3432 τε,
650 3368 744 3420 καὶ
775 3367 980 3438 Ἕκτης
1033 3369 1319 3434 ἐκδόσεως,
1359 3371 1496 3441 μετὰ
1553 3371 1908 3444 παραθέσεως

324 3457 563 3528 ἑκάστης
621 3457 818 3525 λέξεως
857 3460 1186 3530 Ἐϐραῐκῆς,
1240 3463 1333 3514 καὶ
1384 3463 1564 3516 αὐτῶν
1616 3462 1751 3534 ὁμοῦ
1799 3463 1906 3517 τῶν

325 3551 603 3620 στοιχείων
626 3569 639 3581 ·
669 3553 733 3603 ἐκ
757 3552 1104 3624 παραλλήλου
1127 3554 1184 3606 δὲ
1205 3554 1464 3626 ἄντικρυς
1483 3556 1712 3628 δευτέρᾳ
1740 3556 1904 3610 σελίδι

323 3641 606 3714 χρώμενος
661 3646 803 3697 κατὰ
831 3644 1078 3698 σύνθεσιν
1131 3645 1424 3719 Ἐὄραῖκὴν
1468 3649 1566 3718 μὲν
1603 3652 1668 3719 τῇ
1719 3649 1900 3716 λέξει,

335 3734 628 3806 Ἐλληνικῷ
661 3735 718 3788 δὲ
751 3736 829 3807 τῷ
858 3739 1182 3811 γράμματι,
1216 3739 1409 3810 ἑτέραν
1437 3740 1600 3794 πάλιν
1634 3742 1902 3813 πεποίηκε

325 3825 591 3878 σύνθεσιν.

398 3985 412 4013 ⁸
448 3981 592 4038 Psal.
619 4000 768 4051 XLIX,
795 3984 882 4038 16.

397 4136 509 4207 (28)
553 4139 604 4190 Ὁ
640 4139 707 4191 δὲ
730 4138 1112 4205 ,ϐουλόμενος
1145 4139 1232 4201 εἰς
1260 4136 1517 4207 ἐκείνου.
1560 4134 1791 4203 Vulgata
1821 4143 1906 4207 est

323 4205 550 4262 historia
597 4211 686 4262 illa
729 4210 796 4262 de
841 4224 1058 4262 secessu
1106 4208 1288 4276 'l‘yrio,
1339 4205 1516 4273 deque
1541 4207 1612 4276 28
1639 4207 1798 4259 anuis
1832 4206 1904 4258 ibi

323 4282 616 4333 transactis
659 4282 727 4332 ab
767 4279 1022 4347 Origene,
1067 4275 1190 4347 cum
1223 4291 1409 4331 sacros
1464 4275 1683 4330 codices
1731 4277 1903 4347 inter-

324 4358 648 4417 pretaretur.
692 4346 965 4414 Quaiirex
997 4349 1100 4401 hoc
1134 4346 1416 4416 Epiphanii
1444 4347 1588 4417 loco,
1621 4355 1683 4417 et
1707 4361 1773 4399 ex
1803 4346 1899 4399 ΙιΙ).

323 4415 401 4473 De
424 4421 581 4486 poud.
607 4437 668 4474 ac
691 4437 854 4472 ιιιειιδ.
889 4415 1210 4486 chrouologi
1237 4415 1410 4487 atque
1442 4415 1690 4471 historici
1719 4423 1900 4470 trans-

325 4492 586 4544 tulerunt.
620 4491 724 4545 Sed
757 4491 870 4542 haac
903 4489 1096 4542 vellem
1134 4488 1221 4541 isti
1256 4487 1570 4542 accuratius
1605 4487 1897 4557 expendis-

321 4568 465 4627 sent,
497 4577 560 4614 ac
591 4577 714 4614 cum
743 4561 914 4631 gestis
937 4557 1211 4627 Origenis,
1237 4565 1290 4612 et
1318 4557 1537 4631 Eusebii
1559 4558 1654 4611 lib.
1686 4571 1738 4631 vt
1763 4572 1900 4631 con—

323 4626 596 4686 tulissent.
631 4626 919 4685 Nou'enim
953 4626 1270 4684 dubitamus
1322 4629 1456 4697 quin
1511 4642 1662 4682 mera
1711 4626 1892 4680 fabula

320 4703 428 4766 sit,
469 4702 632 4772 idque
657 4702 822 4756 certis
852 4699 1380 4772 atqueevhlentihus
1403 4697 1739 4772 argumentis
1769 4712 1896 4772 pos-

323 4773 396 4825 sit
426 4768 659 4827 ostendi.
699 4773 830 4824 Nam
870 4768 984 4824 haec
1016 4770 1070 4824 in
1105 4768 1306 4839 Tyrum
1343 4769 1609 4839 profectio
1643 4770 1898 4838 contigit,

323 4853 382 4896 ut
415 4850 649 4896 testatur
688 4843 1046 4912 Epiphanius,
1081 4849 1204 4910 post
1229 4838 1480 4912 Origenis
1507 4840 1745 4912 lapsum,
1771 4855 1895 4892 Clllll

321 4913 430 4981 jam
468 4909 756 4984 presbyter
793 4909 1079 4984 ordinatus
1118 4922 1287 4965 esset.
1316 4909 1474 4984 ΔΝοιι
1506 4910 1649 4984 illud
1668 4909 1782 4984 jam
1813 4925 1901 4984 re:-

323 4979 483 5052 peto,
546 4979 799 5054 Origenis
859 4983 1224 5054 calamitatem
1278 4981 1450 5034 videri
1487 4996 1560 5054 ex
1608 4979 1899 5054 Epiphanii

321 5051 500 5107 mente
547 5051 668 5106 sub'
701 5055 864 5108 Decio
901 5053 1295 5114 collocandam,
1344 5051 1532 5121 paucis
1580 5060 1704 5104 ante
1751 5051 1898 5121 illius

320 5124 527 5176 obitum
560 5125 740 5179 annis.
795 5123 1088 5192 Fingamus
1119 5122 1220 5192 diu
1252 5119 1378 5176 ante
1407 5122 1724 5189 contigisse.
1771 5119 1898 5174 ‘Duo

319 5209 385 5246 ex
421 5193 655 5247 Eusebio
685 5205 830 5247 certa
860 5191 988 5246 sunt
1015 5212 1026 5246 :
1095 5191 1382 5261 Origenent
1406 5208 1472 5245 eo
1505 5199 1746 5260 tempore
1777 5207 1898 5260 pre-

319 5263 600 5334 sbyterum
632 5268 892 5319 Caesareae
917 5280 1038 5318 esse
1086 5263 1310 5324 factum,
1361 5278 1471 5330 quo
1503 5261 1740 5334 zebinus
1770 5261 1897 5315 Phi-

321 5333 428 5387 leto
456 5345 670 5388 mortuo
704 5336 1098 5388 Antiochenam
1142 5335 1324 5385 sedem
1365 5333 1622 5396 obtinuit,
1669 5348 1793 5384 cum
1841 5334 1898 5387 in

319 5403 582 5458 Graeciam
623 5421 718 5474 per
748 5405 1094 5458 Palaestinam
1126 5405 1228 5456 iter
1264 5404 1480 5463 faceret,
1515 5403 1661 5470 quod
1698 5402 1789 5474 lib.
1821 5419 1893 5466 γι,

319 5489 440 5542 cap.
466 5475 552 5539 17,
573 5473 779 5529 narrat.
812 5476 940 5528 Item
966 5474 1608 5542 postannumAlexandri
1624 5473 1893 5525 decimum

321 5545 621 5599 thsaream
687 5546 1082 5614 prol‘ugicnteiu
1139 5543 1334 5614 ibidem
1385 5543 1592 5596 diutius
1625 5543 1891 5614 derasisse.

321 5616 476 5685 Apud
504 5611 796 5670 Eusebium
830 5611 882 5668 in
915 5613 1174 5676 Chwnico
1197 5613 1446 5667 Zebenus
1476 5611 1896 5685 postgPhiletum

322 5683 698 5741 Antiochenus
745 5689 1035 5754 episcopus
1072 5685 1246 5737 factus
1275 5693 1379 5743 est.
1433 5699 1578 5736 anno
1600 5683 1894 5736 Alexandri

322 5771 412 5818 vn,
438 5759 529 5824 qui
559 5758 857 5810 estChristi
876 5755 1006 5816 2'28,
1030 5771 1152 5807 cum
1177 5756 1675 5824 Origenesaunum
1712 5762 1896 5821 ageret

323 5823 468 5879 ιιιιιζ
541 5829 732 5880 Annus
774 5841 902 5880 vero
945 5827 1190 5880 decimus
1224 5823 1537 5882 Alexandri,
1577 5823 1780 5876 Christi
1811 5833 1896 5876 est

321 5896 442 5962 2.31,
467 5895 716 5969 Origcnis
739 5912 897 5963 uri;
926 5913 952 5949 a
981 5913 1089 5966 quo
1125 5900 1188 5951 ad
1213 5896 1333 5967 ejus
1367 5895 1596 5957 obitum,
1629 5893 1719 5964 qui
1752 5910 1893 5948 anno

2023 620 2169 659 nono
2197 607 2377 660 locum
2409 605 2716 662 attulisset:
2742 603 3014 660 Peccatori
3043 615 3218 659 autem
3245 604 3384 658 dixit
3414 603 3556 661 Deus
3577 620 3596 659 :

2025 697 2202 763 Quare
2229 709 2284 752 tu
2309 716 2532 753 enarra:
2557 699 2805 769 justitias
2846 715 3010 764 meas,
3060 707 3109 752 et
3167 697 3396 752 assumis
3438 706 3601 752 testa-

2023 801 2250 845 mentum
2282 808 2452 845 meum
2489 809 2580 860 per
2609 808 2667 844 os
2699 801 2848 843 tuum
2882 789 2942 843 '?
2974 788 3357 859 complicatum
3400 788 3600 842 librum

2023 884 2283 949 reddidit,
2324 884 2570 954 ﬂensque
2622 889 2677 937 et
2728 883 3040 952 lacrymans
3087 880 3309 944 resedit,
3346 878 3602 936 flentibus

2022 990 2144 1029 cum
2177 991 2242 1030 eo
2284 976 2374 1045 qui
2413 976 2640 1030 aderant
2671 973 2968 1030 universis.

2094 1068 2180 1124 lll.
2219 1070 2468 1125 Postlnec
2504 1071 2689 1124 multis
2720 1068 3088 1131 hortantibus,
3122 1066 3232 1122 imo
3255 1065 3602 1136 cogentibus,

2021 1162 2661 1233 etAmbrosiicujusllam
2689 1161 2791 1215 viri
2838 1160 3001 1231 526
3022 1160 3164 1214 inter
3187 1158 3462 1228 palatinos
3494 1155 3607 1226 pri-

2022 1256 2179 1310 marii
2241 1255 2616 1310 familiaritate
2678 1270 2811 1309 usus
2869 1257 3058 1322 (quem
3093 1251 3343 1307 nonnulli
3374 1249 3608 1303 Marcio-

2020 1351 2239 1412 nistam,
2291 1349 2380 1401 alii
2442 1347 2810 1401 Sabellianum
2849 1344 3018 1400 fuisse
3068 1340 3434 1409 memorant),
3472 1339 3609 1395 huic

2020 1439 2148 1510 ipsi,
2187 1449 2247 1492 ut
2286 1439 2536 1493 haeresim
2567 1437 2809 1506 ejuraret
2849 1451 2912 1489 ac
2947 1435 3255 1499 damnaret,
3307 1441 3470 1504 atque
3500 1430 3604 1486 Ec-

2020 1532 2204 1586 clesia:
2240 1531 2528 1585 catholicae
2551 1529 2714 1583 ﬁdem
2743 1529 3186 1599 amplecteretur,
3215 1533 3406 1580 auctor
3435 1524 3604 1579 exsti-

2017 1625 2108 1678 tit.
2142 1623 2468 1678 Amhrosius
2500 1636 2650 1686 vero,
2704 1636 2828 1675 cum
2874 1620 2928 1673 in
2975 1619 3224 1674 haeresim
3275 1629 3603 1686 magnopere

2018 1717 2333 1786 implicatus
2380 1715 2652 1770 hactenus
2685 1714 2898 1776 fuisset,
2944 1720 2997 1766 et
3025 1699 3274 1767 eruditus
3299 1707 3500 1779 alioqui
3537 1721 3602 1762 ac

2020 1809 2331 1864 divinarum
2390 1808 2697 1862 litterarum
2757 1806 3029 1876 imprimis
3095 1802 3378 1859 studiosus
3430 1807 3600 1865 esset,

1944 1869 1990 1930 Β
2022 1908 2244 1970 propter
2273 1899 2698 1961 sententiarum,
2723 1914 2844 1968 qua:
2874 1897 3067 1952 iisdem
3092 1897 3266 1951 sacris
3314 1894 3610 1951 codicibus

2015 1994 2390 2056 continentur,
2424 1990 2881 2063 profunditatem,
2925 1989 2994 2045 ab
3021 1989 3253 2061 Origene
3278 1987 3606 2059 postulavit,

2019 2094 2077 2139 ut
2105 2100 2169 2140 ea
2203 2085 2310 2139 sibi
2350 2083 2804 2154 interpretatione
2853 2096 2954 2138 sua
2993 2081 3346 2152 patefaceret.
3393 2077 3496 2144 Qui
3540 2086 3602 2133 ut

2014 2177 2258 2232 hortanti
2283 2176 2592 2239 Ambrosio,
2628 2190 2728 2244 pro
2778 2189 2844 2229 eo
2891 2181 3053 2244 atque
3109 2173 3186 2227 illi
3238 2169 3598 2242 congruebat,

2019 2269 2389 2333 satisfaceret,
2424 2268 2737 2323 universam
2780 2266 3122 2338 Scripturam
3148 2263 3599 2335 interpretatione

2015 2378 2113 2418 sua
2155 2371 2209 2417 et
2239 2363 2585 2432 expositione
2627 2360 2906 2416 declarare
2961 2361 3220 2416 instituit.
3253 2357 3598 2429 Proindeque

2014 2454 2070 2508 in
2132 2454 2267 2509 urbe
2316 2451 2484 2525 Tyro,
2527 2469 2650 2523 quae
2707 2452 3000 2508 Plitenicia:
3055 2460 3172 2516 est,
3223 2451 3417 2522 viginti
3473 2459 3598 2506 octo

2014 2561 2188 2601 annos
2233 2546 2518 2602 excellenti
2561 2545 2797 2616 quadam
2851 2545 2974 2599 vita:
3010 2545 3221 2599 ratione
3265 2544 3318 2598 in
3371 2545 3484 2598 otio
3534 2557 3596 2597 ac

2011 2637 2420 2693 commentandi
2455 2638 2643 2694 labore
2682 2637 2987 2706 transegit;
3017 2651 3142 2691 cum
3191 2649 3244 2691 et
3274 2635 3596 2690 Ambrosius

2013 2745 2136 2801 quae
2188 2729 2255 2784 ad
2318 2729 2574 2783 alendum
2642 2730 2819 2800 ipsum
2885 2744 2992 2783 una
3056 2744 3179 2784 cum
3235 2728 3497 2790 librariis,
3533 2741 3596 2782 ac

2012 2822 2224 2879 caeteris
2259 2821 2601 2876 administris
2658 2820 2970 2876 necessaria
3046 2831 3238 2884 erant,
3286 2834 3496 2873 necnon
3541 2824 3603 2871 et

2015 2917 2263 2970 chartam
2295 2929 2359 2969 ac
2385 2915 2627 2984 reliquos
2651 2925 2901 2984 sumptus
2926 2914 3158 2984 benigne
3180 2913 3554 2982 suppeditaret
3575 2954 3615 2980 ,._

2013 3017 2066 3063 et
2099 3008 2364 3077 Origenes
2404 3007 2617 3077 magnis
2671 3005 2871 3077 vigiliis
2917 3005 3232 3075 ingentique
3287 3007 3408 3059 otio
3447 3006 3616 3060 hune-

2012 3100 2336 3156 enarraudae
2389 3098 2693 3168 Scriptura:
2723 3099 2966 3154 laborem
2995 3085 3443 3168 prosequeretur.
3469 3097 3593 3152 Pri-

2014 3209 2161 3247 mum
2193 3193 2241 3247 ei
2278 3193 2519 3246 studium
2561 3190 2660 3245 fuit
2693 3206 2788 3246 sex
2825 3191 2880 3246 in
2918 3207 3085 3245 unum
3112 3190 3594 3260 interpretationes

2017 3282 2300 3337 conferre:
2326 3283 2558 3352 Aquilae,
2589 3281 2924 3354 Symmachi,
2955 3279 3310 3352 Septuaginta
3335 3281 3592 3348 duorum,

2018 3373 2433 3438 Theodotionis,
2466 3388 2573 3427 una
2614 3390 2739 3428 cum
2790 3373 3029 3428 editione
3062 3372 3262 3438 Quinta
3300 3388 3365 3428 ac
3395 3373 3590 3429 Sexta:

2014 3467 2216 3536 quibus
2295 3467 2541 3536 singulas
2625 3465 2921 3520 Hebraieas
3000 3463 3276 3520 dictiones
3348 3466 3587 3536 propriis

2015 3558 2303 3613 elementis
2336 3558 2673 3628 perscriptas
2727 3557 2938 3612 addidit
2976 3577 2988 3612 :
3027 3567 3144 3612 tum
3205 3577 3274 3615 ex
3332 3560 3590 3631 adverso,

2016 3651 2184 3704 altera
2226 3649 2280 3703 in
2330 3650 2525 3720 pagina
2581 3658 2902 3704 contextum
2952 3649 3185 3704 alterum
3225 3649 3354 3706 fecit
3385 3669 3448 3708 ex
3481 3650 3607 3708 lle-

2013 3742 2216 3797 braieis
2249 3741 2587 3796 dictionibus
2621 3740 2824 3796 Graecis
2861 3742 3056 3797 litteris
3081 3745 3358 3798 exaratis..

2013 4135 2222 4210 Christi
2247 4137 2352 4210 254
2387 4139 2606 4205 accidit,
2639 4141 2768 4194 anni
2821 4151 2951 4196 sunt
2979 4156 3091 4194 non
3140 4141 3323 4210 plures
3353 4140 3444 4195 2⁸5.
3480 4139 3594 4194 Μο-

2013 4207 2380 4280 minit_hujus
2429 4211 2683 4280 secundae
2731 4211 2785 4265 in
2834 4207 3179 4265 Palaistinam
3237 4211 3589 4280 profectionis

2016 4276 2155 4330 idem
2191 4276 2458 4334 Eusebius
2491 4281 2545 4334 in
2569 4279 2850 4344 Chronico,
2888 4282 2954 4336 ad
2985 4298 3186 4335 annum
3213 4276 3469 4335 Antonini
3506 4297 3584 4337 χι.

2017 4344 2211 4401 Verum
2245 4361 2368 4403 ante
2404 4351 2506 4403 hoc
2540 4360 2773 4420 tempus,
2817 4352 3069 4406 hortante
3095 4352 3403 4414 Ambrosio,
3433 4367 3586 4406 com-

2012 4422 2308 4491 incntarios
2343 4420 2398 4472 in
2428 4436 2636 4474 sacram
2661 4420 2992 4490 Scripturam
3013 4421 3385 4483 elucubrasse,
3422 4422 3586 4491 idque

2003 4490 2200 4561 partim
2228 4488 2510 4561 Cagsareze.
2555 4493 2750 4561 partim
2781 4488 2915 4548 alibi
2950 4492 3169 4553 fecisse,
3207 4509 3316 4546 non
3349 4488 3586 4547 obscure

1927 4585 1970 4639 ι)
2001 4557 2272 4628 signiﬁcat
2304 4557 2592 4639 Eusebius.
2636 4577 2757 4639 cap.
2793 4563 2881 4626 17,
2936 4565 3026 4617 ubi
3085 4561 3291 4639 eodem.
3319 4573 3582 4632 tempore,

2003 4645 2114 4698 quo
2158 4639 2382 4685 auctore
2408 4632 2698 4686 Ambrosio
2740 4633 2793 4685 in
2826 4633 3246 4687 commentando
3278 4641 3394 4688 erat
3418 4650 3583 4686 occu-

2002 4708 2184 4768 patus,
2207 4702 2643 4770 proﬁciscentem
2675 4704 2823 4756 illum
2848 4704 2901 4756 in
2946 4701 3210 4756 Graeciam
3245 4713 3432 4756 narrat
3461 4703 3582 4757 Cm-

2002 4785 2172 4826 sarea:
2215 4772 2527 4844 ordinatum
2562 4788 2683 4827 esse
2716 4776 3115 4844 presbyterum.
3169 4774 3437 4844 Quocirca
3474 4773 3580 4828 fal-

2001 4855 2121 4915 sum
2181 4852 2269 4915 est
2317 4843 2602 4912 Origeuem
2667 4843 2811 4898 totos
2860 4843 2930 4898 ‘28
2981 4860 3156 4898 annos
3194 4843 3322 4915 Tyri
3386 4859 3584 4900 conse-

1999 4911 2384 4984 disse,gibique
2409 4911 2926 4970 Commentariorum
2983 4911 3258 4984 ingentem
3289 4916 3432 4967 illam
3465 4931 3582 4970 mo-

1999 4981 2105 5036 lem
2129 4981 2386 5038 edidisse.
2422 4984 2535 5038 lloc
2559 4987 2702 5038 enim
2726 4981 3083 5046 Alexandriie,
3108 4985 3389 5046 Caesarem,
3415 4986 3580 5039 Athe-

1999 5051 2111 5126 nis,
2131 5053 2728 5126 diversis_teniporibus
2757 5058 2888 5126 egit,
2913 5058 2988 5109 uti
3011 5071 3133 5126 cap.
3162 5059 3226 5109 t8
3254 5056 3445 5111 scribit
3477 5055 3590 5110 Eu-~

2000 5123 2206 5196 sebius.
2244 5123 2330 5196 De
2356 5123 2521 5194 Tyrio
2562 5123 2972 5182 secessu'nulla
3000 5123 3252 5196 est-apud
3282 5126 3573 5182 Eusebium

1997 5194 2143 5262 quod
2175 5194 2369 5266 sciam,
2401 5197 2624 5266 mentio.
2658 5196 2878 5266 Hieron,
2896 5194 3180 5261 duntaxat,
3199 5196 3372 5266 Epist.
3504 5197 3591 5250 lie--

1997 5265 2261 5338 erroribus
2291 5267 2441 5338 Orig.
2477 5267 2544 5320 ad
2576 5265 2786 5320 Parnm.
2811 5310 2822 5330 ,
2845 5265 3086 5332 Centum,
3117 5265 3313 5338 inquit,
3343 5268 3578 5337 quadra—

1996 5337 2146 5456 ἦξηια
2183 5337 2311 5388 ωηιὶ
2342 5351 2500 5404 prope
2523 5345 2664 5402 sunt,
2707 5353 2772 5390 ea:
2799 5353 2900 5407 quo
2938 5337 3461 5408 Origenesimortuua
3499 5347 3576 5392 est

2046 5407 2164 5456 uri:
2214 5408 2359 5456 ouod
2395 5408 2536 5456 idem
2589 5407 2641 5456 in
2682 5407 2926 5456 Culatoa.
2965 5413 3148 5456 scribi-
3180 5409 3306 5456 εδει.
3337 5424 3576 5456 eorume-

2046 5407 2164 5472 yri:
2214 5408 2359 5478 quod
2395 5408 2536 5460 idem
2589 5407 2641 5460 in
2682 5407 2926 5478 Catatog.
2965 5407 3148 5478 script.
3180 5409 3306 5465 eccl.
3337 5424 3577 5462 comme-

1999 5487 2195 5548 morat.
2245 5476 2652 5548 Verisimilecst
2683 5481 2845 5548 igitur
2877 5476 3188 5548 Origenem,
3222 5495 3348 5533 cum
3381 5479 3432 5531 in
3471 5478 3574 5530 De-

1999 5544 2480 5620 ciipersecutione
2514 5544 2859 5620 aﬂecta'jam
2897 5544 3055 5604 aetate
3091 5551 3278 5620 lapsus
3318 5559 3484 5612 esset,
3521 5551 3573 5602 in

1998 5614 2341 5689 Palaestinam
2377 5619 2694 5689 recessisse.
2729 5614 2793 5673 ac
2820 5619 2946 5689 Tyri
2978 5614 3253 5674 mortuum
3285 5635 3428 5674 esse.

2071 5687 2181 5760 (“29)
2214 5690 2384 5760 ξΌΟε-ν·
2410 5687 2751 5760 ’τὸ-πρῶτον
2779 5687 2980 5743 auro-21
3003 5690 3295 5760 ἐπιμελῶς
3357 5690 3488 5758 Agit
3506 5704 3574 5741 de

1998 5755 2084 5809 his
2127 5757 2386 5828 Origeuis
2439 5758 2771 5812 editionibus
2829 5755 3245 5816 accuratissime
3274 5755 3436 5814 hlibro
3497 5760 3570 5813 Le

1995 5826 2154 5894 puud.
2185 5826 2436 5899 eripiens”
2471 5829 2558 5882 ubi
2590 5846 2708 5897 quae
2730 5828 2998 5894 llexapla,
3025 5831 3319 5899 ctOctaplu
3343 5831 3567 5895 fuerint,

1996 5899 2237 5966 exponit.
2279 5896 2409 5953 Vide
2438 5915 2559 5969 qua:
2592 5896 2661 5954 ad
2694 5915 2751 5954 n.
2782 5900 2846 5955 i9
2876 5899 3072 5956 ibidem
3102 5896 3476 5962 observamus.

2039 5335 2047 5343 ο
