4082 6394
446 345 587 401 10⁸15

1876 341 1933 399 S.
1976 340 2319 397 EPIPHANII

517 456 675 512 llunc
714 457 767 512 in
799 459 1019 513 modum
1054 474 1330 516 volumina
1368 461 1481 525 illa,
1510 475 1631 533 quae
1663 458 1900 531 Hexapla
1937 458 2021 514 di-
2048 475 2099 533 Α

3564 334 3722 394 Ιθῖδ

2206 458 2293 520 Ὠς
2325 453 2463 510 εἶναι
2510 456 2608 527 μὲν
2647 454 2819 511 ταῦτα
2860 454 2959 510 καὶ
3003 453 3285 508 καλεῖσθαι
3324 448 3579 518 Ἑξαπλᾶ,
3610 454 3720 507 ἐπὶ

445 557 673 615 cuntur,
707 550 1021 622 composuit
1058 570 1072 606 :
1104 566 1227 622 qua;
1258 561 1455 623 prmter
1499 552 1717 610 Graecas
1755 552 2023 609 editiones

2155 549 2223 614 »ἀς
2254 548 2577 621 Ἑλληνικάς
2619 548 2915 620 ἑρμηνείας
2939 547 3033 601 δύο
3071 545 3207 616 ὀμοῦ
3243 546 3572 617 παραθέσεις
3604 544 3719 616 τῆς

446 642 585 697 duas
603 641 827 711 insuper
846 641 1094 698 Hebraici
1120 646 1390 702 sermonis
1404 646 1689 701 columnas
1717 645 2021 709 continent,

448 733 678 787 alteram
717 732 999 790 Hebraicis
1038 735 1195 806 ipsis,
1239 737 1465 791 alteram
1501 735 1709 791 Grtecis
1739 736 2025 791 elementis

2136 641 2433 714 Ἐδραῖκῆς
2490 639 2682 710 φύσει,
2744 640 2810 694 δι’
2877 638 3181 711 Ἑϐραϊκῶν
3226 638 3322 691 καὶ
3376 636 3717 708 Ἑλληνικῶν

2129 734 2403 804 στοιχείων
2429 752 2441 763 ·
2470 734 2611 787 ὥστε
2650 730 2788 786 εἷναι
2816 733 2914 805 τὴν
2947 733 3129 785 πᾶσαν
3160 730 3403 785 Παλαιὰν
3427 732 3716 800 Διαθήκην

448 826 819 896 conscriptam
852 844 863 879 :
888 827 1024 881 adeo
1046 839 1103 881 ut
1122 826 1287 883 Vetus
1311 845 1472 883 omne
1488 829 1895 883 Testamentum
1915 836 2023 881 tam

2159 830 2191 881 t'
2220 826 2500 892 Ἐξαπλῶν
2522 827 2892 897 καλουμένων,
2915 826 3009 881 καὶ
3037 824 3124 879 διὰ
3145 825 3251 879 τῶν
3273 824 3365 878 δύο
3400 823 3715 895 Ἑϐραϊκῶν

449 914 713 987 llexaplis
745 919 1044 988 ejusmodi,
1074 935 1237 990 quam
1274 920 1475 991 duplici
1510 920 1901 975 Hebraicorum
1928 935 2025 973 vo-

449 1009 773 1064 cabulorum
824 1019 1083 1067 contextu
1148 1015 1602 1084 comprehensum
1645 1012 1826 1069 fuerit.
1888 1013 2025 1070 Cum

449 1098 554 1154 hoc
580 1108 752 1155 totum
803 1116 943 1172 Opus
973 1118 1188 1157 summo
1222 1104 1312 1159 ille
1354 1120 1478 1175 cum
1512 1104 1695 1159 labore
1738 1103 2029 1175 studioque

450 1189 795 1259 perfecisset,
842 1208 951 1247 non
1004 1202 1268 1264 perpetuo
1324 1194 1560 1249 nominis
1619 1194 1703 1250 sui
1754 1210 1817 1249 ac
1845 1196 2029 1265 gloria:

450 1280 821 1352 integritatem
868 1286 1118 1352 retinuit,
1174 1287 1268 1342 sed
1327 1296 1478 1342 tanta
1525 1288 1786 1343 doctrinae
1826 1290 1908 1343 vis
1966 1304 2030 1343 ac

456 1373 614 1442 copia
648 1374 821 1431 ruina:
851 1376 929 1431 illi
966 1393 1030 1433 ac
1074 1377 1405 1434 calamitatis
1461 1380 1807 1435 occasionem
1858 1380 2025 1435 dedit.

452 1461 590 1519 Nam
638 1480 786 1531 cum,
823 1478 882 1523 ut
930 1468 1034 1524 sibi
1090 1477 1473 1540 proposuerat,
1506 1471 1710 1525 nullam
1748 1487 2029 1527 sacrarum

452 1555 759 1612 litterarum
792 1566 1022 1626 partem,
1069 1577 1234 1631 quam
1270 1576 1376 1614 non
1422 1562 1741 1633 explicaret,
1781 1564 2033 1617 omittere

453 1650 635 1713 vellet,
661 1651 714 1705 in
739 1650 932 1721 ingens
949 1667 1005 1706 se
1026 1664 1307 1721 peccatum
1324 1652 1621 1716 commisit,
1638 1667 1700 1705 ac
1719 1651 2034 1707 mortiferas

454 1737 721 1806 quasdam
745 1752 909 1793 voces
932 1740 1377 1810 exposuitzunde
1410 1740 1844 1812 Origenistaruni
1883 1751 2034 1797 secta

2131 922 2411 991 ῥημάτων.
2452 920 2667 991 Ταύτην
2714 920 2848 990 ὁμοῦ
2878 921 3057 973 πᾶσαν
3098 917 3198 989 τὴν
3252 917 3635 988 πραγματείαν
3679 916 3714 969 6

2130 1011 2271 1081 ἀνὴρ
2328 1011 2470 1081 μετὰ
2524 1011 2773 1081 καμάτου
2835 1009 3262 1079 πεφιλοτίμητο’
3320 1008 3432 1063 ἀλλ’
3480 1008 3582 1061 οὐκ
3628 1009 3715 1071 εἰς

2133 1102 2285 1167 τέλος
2324 1103 2385 1155 τὸ
2422 1104 2577 1166 κλέος
2610 1102 2773 1156 αὐτοῦ
2809 1102 3069 1157 ἄσϐεστον
3103 1100 3338 1172 διήνυσε.
3381 1099 3716 1171 Συμὸέὸηκε

2132 1196 2243 1267 γὰρ
2278 1194 2426 1266 αὑτῷ
2456 1195 2517 1248 τὸ
2550 1196 2652 1266 τῆς
2682 1194 3037 1267 πολυπειρίας
3062 1195 3142 1257 είς
3179 1193 3320 1264 μέγα
3356 1192 3578 1263 πτῶμα.
3619 1191 3719 1257 Ἐξ

2133 1287 2298 1341 αὑτοῦ
2331 1289 2440 1360 γὰρ
2468 1288 2562 1342 τοῦ
2612 1288 2815 1342 σκοποῦ
2852 1288 3171 1359 βουλόμενος
3216 1286 3379 1358 μηδὲν
3410 1285 3519 1339 τῶν
3546 1285 3720 1338 θείων

2135 1380 2365 1451 Γραφῶν
2409 1381 2568 1434 ἐάσαι
2600 1382 3023 1452 ἁνερμήνευτον.
3054 1380 3135 1442 είς
3186 1377 3480 1447 ἐπαγωγὴν
3518 1375 3723 1429 ἑαυτὸν

2138 1473 2455 1545 περιέϐαλεν
2488 1474 2792 1545 ἁμαρτίας,
2825 1474 2919 1527 καὶ
2960 1474 3234 1543 θανάσιμα
3272 1470 3578 1541 ἐξηγήσατο
3618 1468 3725 1539 ρή·

2140 1578 2315 1631 ματα·
2352 1563 2408 1627 ἐξ
2450 1554 2621 1635 οὗπερ
2651 1565 2700 1616 οἱ
2752 1563 3154 1632 Ὠριγενιασταὶ
3209 1559 3564 1630 καλούμενοι,
3617 1557 3726 1627 οὐχ

2136 1654 2187 1705 οί
2219 1652 2426 1724 πρῶτοι
2447 1654 2485 1717 ⁸,
2521 1655 2569 1707 οἱ
2619 1654 2719 1723 τὴν
2752 1654 3161 1724 αἰσχρουργίαν.
3187 1653 3263 1706 Οὐ
3295 1650 3402 1721 γὰρ
3444 1650 3553 1720 ἔχω
3583 1648 3729 1719 περὶ

2140 1743 2363 1796 ἐκείνων
2404 1744 2616 1813 λέγειν,
2666 1744 2743 1808 ὡς
2789 1745 2885 1797 καὶ
2930 1744 3031 1815 ἥδη
3079 1746 3369 1815 προεῖπον,
3418 1741 3467 1793 εί
3515 1742 3579 1793 ἐκ
3618 1737 3731 1792 τοῦ

455 1828 735 1899 proﬂuxit,
769 1845 877 1885 non
909 1832 1253 1901 superiorum
1295 1833 1534 1899 illorum,
1565 1833 1661 1903 qui
1694 1834 1895 1905 insigni
1920 1846 2035 1889 tur-

2155 1834 2457 1915 Ὠριγένους
2489 1834 2584 1887 τοῦ
2616 1835 2708 1889 καὶ
2728 1835 3084 1906 Ἀδαμαντίου
3110 1835 3375 1905 ἐσχήκασι
3394 1832 3488 1901 τὴν
3514 1830 3730 1902 ἀρχὴν,

456 1921 702 1991 pitudine
756 1930 903 1979 sunt.
962 1921 1035 1977 De
1094 1924 1202 1979 illis
1247 1924 1415 1985 enim.
1458 1932 1516 1977 ut
1556 1934 1682 1979 ante
1711 1926 1843 1990 dixi,
1897 1927 2031 1980 certi

2155 1926 2384 1999 ήέτερόν
2430 1943 2553 1981 τινα
2595 1926 2835 1997 ἀρχηγὸν
2869 1928 3187 1998 ἐσχήκασιν,
3240 1925 3519 1996 Ὦριγένην
3558 1923 3730 1991 λεγό-

455 2012 593 2068 nihil
627 2012 896 2070 aﬂlrmare
925 2029 1148 2085 possum
1168 2054 1183 2077 ,
1214 2024 1395 2071 utrum
1427 2016 1496 2070 ab
1524 2017 1848 2071 Adamantio
1872 2015 2031 2087 527

457 2102 714 2175 Origene,
763 2118 832 2158 an
890 2105 959 2159 ab
1008 2105 1191 2175 aliquo
1238 2106 1365 2171 alio,
1407 2106 1498 2177 qui
1541 2115 1595 2161 et
1627 2105 1889 2177 Origenes
1920 2110 2036 2177 ipse

458 2194 759 2263 diceretur,
810 2196 1025 2251 initium
1086 2200 1413 2269 acceperint.
1464 2199 1733 2253 Caaterum
1786 2201 2035 2255 eumdem

461 2288 615 2343 illum
662 2288 953 2361 Origenem
1006 2301 1234 2345 narrant
1280 2292 1535 2362 quiddam
1567 2294 1619 2345 in
1652 2293 2037 2361 corpusculum

462 2382 807 2453 excogitasse
860 2398 1057 2449 suum;
1115 2388 1229 2439 sive
1281 2400 1507 2440 nervum
1570 2383 1696 2438 sibi.
1727 2393 1786 2437 ut
1814 2384 2036 2455 quidam

460 2473 798 2542 existimant,
841 2476 1116 2539 inciderit,
1148 2492 1258 2547 quo
1288 2492 1347 2532 se
1381 2477 1761 2532 illecebrarum
1794 2479 2041 2532 molestia

464 2564 747 2635 liberaret,
793 2583 971 2639 neque
1004 2569 1258 2640 turpibus
1301 2569 1549 2639 corporis
1604 2570 1843 2625 motibus
1900 2572 2045 2625 velut

464 2658 720 2714 incendio
748 2660 989 2731 quodam
1013 2670 1271 2718 aestuaret
1299 2680 1313 2728 ;
1350 2662 1484 2724 sive,
1514 2661 1656 2732 quod
1698 2662 1785 2715 alii
1813 2662 2042 2725 malunt,
2061 2643 2077 2657 ’

465 2749 867 2807 medicamento
920 2752 1104 2823 aliquo
1149 2753 1397 2825 partibus
1437 2753 1546 2808 illis
1586 2753 1843 2822 imposito
1875 2753 2045 2807 resic-

464 2842 625 2897 carit.
646 2840 789 2898 Sunt
840 2845 931 2915 qui
984 2844 1088 2899 alia
1123 2844 1371 2916 quadam
1421 2844 1499 2900 illi
1564 2844 1824 2906 tribuant,
1879 2844 2045 2898 veluti

464 2932 612 3002 quod
642 2934 707 2989 ad
729 2934 1027 3005 juvandam
1060 2936 1379 2991 memoriam
1408 2935 1729 2990 medicatam
1754 2934 2045 3005 quamdam

2147 2035 2322 2089 μενον.
2343 2020 2479 2072 Φασὶ
2504 2019 2558 2072 δὲ
2584 2019 2678 2073 καὶ
2712 2018 2899 2073 τοῦτον
2923 2018 3017 2071 τὸν
3054 2018 3337 2090 Ὠριγένην
3367 2014 3734 2085 ἐπινενοηκέ-

2145 2127 2233 2163 ναι
2256 2110 2433 2181 ἐαυτῷ
2467 2110 2605 2163 κατά
2642 2110 2702 2164 τὸ
2736 2111 3030 2181 σωμάτιον.
3061 2112 3124 2164 Ui
3162 2111 3260 2181 μὲν
3286 2109 3501 2177 λέγουσι
3526 2106 3735 2179 νεῦρον

2145 2203 2587 2274 ἀποτετμηκέναι
2622 2202 2710 2256 διὰ
2749 2202 2810 2256 τὸ
2845 2203 2919 2274 μὴ
2957 2203 3116 2274 ἡδονῇ
3144 2199 3449 2271 ὀχλεῖσθαι,
3495 2197 3631 2269 μηδὲ
3668 2199 3736 2250 ἐν

2145 2297 2264 2357 ταῖς
2308 2296 2553 2365 κινήσεσι
2609 2298 2729 2359 ταῖς
2792 2296 3127 2366 σωματικαῖς
3172 2291 3463 2363 φλέγεσθαί
3516 2306 3578 2343 τε
3623 2287 3739 2343 καὶ

2148 2404 2219 2437 πυ
2231 2385 2564 2456 ρδολεῖσθαι·
2596 2386 2746 2441 ἄλλοι
2774 2388 2830 2439 δὲ
2860 2385 2979 2456 οὐχί
3008 2402 3193 2454 φασιν,
3214 2382 3349 2437 ἀλλά
3377 2380 3637 2450 ἐπενόησέ
3674 2397 3738 2433 τι

2150 2480 2438 2548 φάρμακον
2485 2478 2750 2532 ἐπιθεῖναι
2782 2481 2893 2542 τοῖς
2937 2478 3181 2549 μορίοις,
3226 2476 3320 2529 καὶ
3357 2472 3736 2544 ἀποξηρᾶναι.

2149 2570 2371 2642 Ἕτεροι
2400 2571 2456 2624 δὲ
2497 2573 2589 2625 καὶ
2627 2572 2761 2625 ἄλλα
2794 2574 2873 2636 εἰς
2905 2571 3065 2625 αὑτὸν
3098 2571 3389 2640 ἀναφέρειν
3427 2567 3738 2638 τολμῶσιν,

2148 2660 2222 2722 ti);
2253 2662 2335 2715 ὅτι
2380 2662 2473 2716 καὶ
2514 2663 2741 2734 βοτάνην
2787 2663 2911 2717 τινὰ
2947 2662 3180 2736 εὕρηκεν
3230 2659 3474 2733 ἰατρικὴν
3504 2658 3740 2729 μνήμης

2149 2753 2331 2807 ἕνεκα.
2365 2756 2477 2809 Καὶ
2513 2756 2579 2809 τὰ
2624 2757 2722 2827 μὲν
2765 2757 3045 2828 ὑπέρογκα
3086 2756 3226 2826 ὑπὲρ
3264 2752 3429 2806 αὐτοῦ
3460 2750 3744 2819 λεγόμενα

2150 2844 2293 2897 πάνυ
2338 2848 2814 2919 πεπιστεύκαμεν·
2869 2850 3017 2918 ὅμως
3060 2848 3127 2901 τὰ
3172 2846 3443 2916 λεγόμενα
3489 2842 3742 2907 ἐξειπεῖν

2150 2936 2212 2988 οὐ
2244 2937 2637 3009 παρελίπομεν.

466 3024 693 3080 herbam
748 3029 1036 3098 repererit.
1102 3027 1235 3094 Qua:
1273 3028 1437 3099 igitur
1489 3027 1716 3098 grandia
1770 3027 1838 3081 de
1874 3026 1968 3080 illo
1998 3042 2062 3080 ac
2093 3028 2378 3097 magnifica
2428 3032 2757 3101 produntur,
2798 3048 2907 3085 non
2959 3030 3183 3085 omnino
3240 3030 3345 3085 [ide
3400 3036 3561 3099 digna
3599 3039 3743 3081 cen-

467 3135 677 3177 semus.
737 3120 1112 3179 Nihilominus
1170 3139 1292 3194 qua:
1336 3124 1615 3178 communi
1660 3138 1911 3177 sermone
1940 3123 2392 3192 percrebuerunt,
2432 3127 2713 3197 prmterire
2744 3127 3041 3181 noluimus.

542 3214 629 3271 IV.
674 3216 830 3283 Quod
861 3218 927 3273 ad
963 3219 1213 3275 hatresim
1243 3219 1389 3273 illam
1422 3219 1636 3283 attinet,
1673 3218 1832 3287 cujus
1861 3225 2052 3271 auctor

2228 3220 2301 3275 A'.
2347 3222 2409 3275 Ἦ
2455 3224 2511 3276 δὲ
2560 3222 2620 3287 ἐξ
2652 3222 2815 3276 αὑτοῦ
2847 3221 2993 3291 φῦσα
3030 3223 3259 3292 αἵρεσις,
3301 3219 3514 3290 πρῶτον
3541 3216 3641 3287 μὲν
3667 3214 3739 3269 ιν

470 3307 596 3373 fuit,
626 3325 689 3365 ca
732 3311 970 3380 primum
1018 3312 1072 3365 in
1106 3310 1343 3383 Egypto
1370 3319 1687 3381 propagata,
1722 3310 1883 3366 bodie
1911 3311 2054 3365 inter

470 3402 797 3472 pracipuos,
851 3411 1013 3473 atque
1055 3418 1153 3457 eos
1199 3401 1433 3455 maxime
1465 3400 1632 3471 viget,
1666 3399 1759 3469 qui
1792 3401 2051 3455 monasti-

476 3508 603 3546 cum
638 3494 764 3547 vita:
796 3508 967 3563 genus
1012 3493 1195 3563 specie
1227 3494 1346 3564 ipsa
1373 3491 1695 3563 proﬁtentur
1720 3511 1732 3545 :
1760 3493 1959 3563 quippe
1996 3508 2058 3548 se

473 3589 529 3635 et
569 3583 623 3636 in
661 3582 989 3638 solitudines
1027 3582 1375 3649 abdiderunt,
1410 3589 1464 3637 et
1513 3589 1886 3652 paupertatem
1931 3598 2054 3653 pro-

478 3674 700 3729 ﬁtentur
733 3690 747 3728 :
781 3674 1043 3745 pestifera
1080 3674 1170 3727 illa
1213 3673 1455 3743 quidem,
1486 3687 1552 3727 ac
1604 3682 1817 3729 veteres
1866 3688 2059 3730 omnes

476 3770 825 3840 improbitate
857 3782 1144 3838 superans,
1196 3781 1428 3837 quarum
1472 3780 1690 3821 errores
1741 3766 2057 3837 complecti-

478 3871 591 3915 tur.
627 3859 760 3914 Nam
790 3860 917 3914 licet
953 3858 1163 3913 nullum
1192 3856 1557 3912 sectatoribus
1590 3858 1707 3913 suis
1741 3874 1901 3914 usum
1943 3866 2063 3914 tur-

480 3953 749 4026 pitudinis
781 3952 1045 4022 imponat,
1084 3947 1377 4005 absurdam
1409 3956 1591 4005 tamen
1632 3949 1958 4021 impiamque
1996 3951 2063 4008 de

484 4045 596 4100 Deo
631 4041 961 4099 sententiam
1007 4055 1103 4110 per
1126 4053 1394 4094 summam
1427 4039 1817 4109 turpitudinem
1848 4041 2058 4097 inserit.

483 4134 563 4189 Ex
600 4135 703 4189 hoc
730 4132 875 4187 enim
908 4129 1055 4185 fonte
1076 4128 1283 4184 erroris
1312 4128 1397 4184 sui
1431 4144 1617 4184 ansam
1641 4130 1806 4187 Arius
1834 4132 2061 4201 accepit,

485 4239 550 4277 ae
607 4221 803 4293 reliqui
847 4219 1104 4288 deinceps
1150 4233 1362 4283 omnes,
1414 4219 1560 4274 velut
1608 4219 1858 4277 Anommi
1910 4229 1964 4277 et
2010 4221 2065 4277 id

485 4331 657 4387 genus
684 4315 797 4368 alii.

559 4406 836 4479 Principio
867 4424 933 4463 eo
958 4408 1278 4463 temeritatis
1303 4422 1629 4478 progressus
1654 4416 1758 4469 est,
1778 4412 1837 4459 ut
1860 4414 2069 4460 asserat

489 4500 830 4572 unigenitum
867 4500 1063 4555 Filium
1100 4498 1317 4554 Patrem
1348 4498 1531 4554 videre
1559 4515 1665 4552 non
1692 4512 1872 4567 posse,
1892 4512 2069 4566 neque

2154 3317 2220 3384 τῇ
2252 3314 2359 3367 τῶν
2386 3316 2701 3384 Αἰγυπτίων
2730 3316 2883 3386 χώρᾳ
2920 3315 3257 3385 ὑπάρχουσα,
3296 3312 3363 3366 τά
3392 3311 3487 3366 νῦν
3510 3309 3564 3362 δὲ
3597 3309 3743 3380 παρ’

2157 3410 2341 3471 αὐτοῖς
2360 3410 2473 3471 τοῖς
2500 3408 2876 3478 ἐξοχωτάτοις,
2895 3410 2991 3461 καὶ
3022 3406 3237 3460 δοκοῦσι
3267 3405 3357 3457 τὸν
3383 3404 3590 3475 μονήρη
3616 3401 3746 3470 βίον

2157 3499 2531 3570 ἀναδέχεσθαι,
2560 3501 2712 3571 παρὰ
2738 3502 2851 3563 τοῖς
2889 3500 3050 3570 φύσει
3093 3496 3495 3567 κατάιέρημίας
3520 3495 3745 3564 ἀναχω-

2162 3592 2315 3662 ροῦσί
2365 3610 2424 3645 τε
2476 3594 2570 3647 καὶ
2598 3592 2694 3664 τὴν
2737 3594 3122 3663 ἀκτημοσύνην
3160 3589 3462 3661 ἑλομένοις,
3488 3585 3634 3653 δεινή
3671 3600 3743 3637 τε

2160 3684 2256 3736 καὶ
2282 3683 2443 3755 αὕτη,
2490 3686 2586 3739 καὶ
2621 3683 2809 3737 πασῶν
2840 3682 2949 3736 τῶν
2980 3682 3225 3736 παλαιῶν
3258 3678 3655 3751 μοχθηροτέρα,
3696 3676 3742 3745 ἡ

2162 3775 2256 3826 καὶ
2286 3776 2383 3827 σὺν
2421 3774 2650 3839 ἐκείνοις
2690 3775 2761 3828 τά
2805 3776 2969 3845 ὃμοια
3011 3771 3301 3844 φρονοῦσα.
3348 3769 3464 3824 Κᾶν
3495 3768 3601 3839 γὰρ
3650 3765 3745 3819 aio

2165 3867 2437 3938 σχρότητα
2463 3866 2729 3920 ἐπιτελεῖν
2762 3868 2824 3920 οὐ
2860 3865 3265 3938 παρασκευάζει
3294 3864 3421 3926 τοὺς
3456 3862 3589 3931 αὐτῇ
3628 3876 3741 3930 μα-

2165 3957 2591 4029 θητευομένους,
2634 3957 2751 4011 ἀλλ’
2794 3953 2887 4010 οὖν
2934 3973 2997 4025 γε
3038 3955 3103 4008 δι’
3149 3953 3503 4025 αἰσχρῶητος
3558 3948 3743 4018 δεινὴν

2168 4049 2422 4101 ὑπόνοιαν
2466 4050 2544 4111 εἰς
2584 4048 2713 4101 αὐτὸ
2744 4048 2805 4101 τὸ
2842 4049 2994 4100 Θεῖον
3042 4047 3355 4116 ἐνσκήπτει.
3403 4042 3500 4095 Ἐκ
3546 4039 3743 4093 τούτου

2166 4138 2276 4208 γὰρ
2332 4140 2425 4192 καὶ
2473 4141 2501 4191 ὁ
2556 4140 2772 4208 ’Ἄρειος
2813 4136 2911 4201 τὰς
2950 4134 3252 4207 προφάσεις
3286 4131 3509 4200 εἴληφε,
3548 4127 3642 4181 καὶ
3690 4127 3741 4178 οι

2166 4226 2421 4297 καθεξῆς,
2445 4226 2713 4298 Ἀνόμοιοί
2740 4244 2799 4279 τε
2830 4227 2921 4279 καὶ
2952 4223 3123 4278 ἄλλοι.

2238 4408 2439 4461 Φάσκει
2468 4406 2576 4478 γὰρ
2599 4400 2773 4473 οὗτος,
2802 4405 3074 4477 τολμήσας
3092 4404 3251 4474 δῆθεν
3277 4399 3417 4454 κατὰ
3448 4398 3543 4468 τὴν
3567 4395 3745 4467 ἀρχὴν

2169 4498 2368 4567 λέγειν,
2408 4499 2620 4569 πρῶτον
2651 4498 2769 4568 μὲν,
2804 4498 2886 4550 ὅτι
2910 4499 2939 4549 ὁ
2960 4496 3086 4558 Υἱὸς
3114 4497 3142 4547 ὁ
3178 4491 3469 4563 μονογενὴς
3495 4489 3623 4558 ὁρᾷν
3652 4487 3746 4541 τὸν

493 4593 759 4663 Spiritum
794 4591 1014 4655 Filium,
1075 4607 1251 4661 neque
1306 4591 1529 4660 angelos
1575 4587 1859 4659 Spiritum,
1893 4603 2052 4658 uequt

2175 4589 2394 4659 Πατέρα
2420 4588 2482 4640 οὐ
2518 4586 2771 4641 δύναταιο
2813 4586 2948 4640 ἀλλά
2982 4585 3105 4639 οὔτε
3136 4584 3196 4637 τὸ
3229 4580 3453 4651 Πνεῦμα
3490 4580 3581 4631 τὸν
3615 4576 3747 4629 Υίδν

490 4683 743 4740 homines
791 4683 1035 4754 angelos.
1065 4681 1243 4753 Atque
1294 4684 1382 4736 hic
1437 4683 1648 4753 primus
1702 4680 1847 4735 illius
1885 4680 2073 4749 lapsus

491 4774 617 4830 fuit.
648 4772 728 4829 Ita
776 4775 923 4831 enim
974 4791 1040 4831 ex
1108 4772 1285 4829 Patris
1342 4771 1648 4827 substantia
1707 4768 1903 4823 Filium
1951 4782 2074 4822 esse

490 4875 705 4935 censet,
751 4875 809 4921 ut
840 4866 1201 4921 nihilominus
1241 4873 1462 4919 creatus
1518 4862 1702 4918 fuerit.
1729 4861 1900 4927 Quem
1946 4860 2075 4930 qui-

492 4960 617 5015 dem
648 4960 765 5016 sola
800 4959 855 5014 id
889 4959 1061 5030 gratia
1090 4964 1445 5013 consecutum
1492 4954 1790 5019 existimat,
1822 4961 1880 5006 ut
1905 4949 2076 5005 Filius

495 5051 794 5105 diceretur.
830 5048 937 5105 Sed
997 5049 1120 5105 aliis
1180 5049 1339 5119 longe
1394 5046 1740 5118 gravioribus
1792 5043 2076 5100 erroribus

496 5142 808 5215 implicatus
844 5150 949 5197 est.
994 5139 1131 5194 Nam
1165 5141 1401 5193 animam
1451 5136 1689 5193 hominis
1718 5142 1844 5191 ante
1877 5149 2078 5206 corpus

486 5236 778 5291 exstitisse
804 5241 977 5306 putat,
1011 5242 1069 5290 et
1117 5232 1337 5289 easdem
1378 5232 1600 5302 angelos
1629 5246 1772 5295 esse,
1824 5228 2081 5284 virtutes-

500 5343 609 5399 que
655 5329 989 5399 superiores,
1049 5344 1172 5400 quaa
1227 5326 1371 5400 quod
1427 5333 1649 5397 peccata
1683 5321 2078 5384 contraxerint,

505 5422 761 5494 supplicii
791 5437 957 5477 causa
991 5422 1045 5476 in
1080 5421 1183 5476 hoc
1211 5435 1414 5491 corpus
1442 5419 1667 5474 inclusa:
1697 5427 1861 5483 sunt;
1888 5414 2077 5485 proin-

498 5513 680 5586 .deque
708 5517 774 5568 ad
809 5528 1001 5585 poenas
1028 5512 1345 5569 subeundas
1387 5529 1419 5567 a
1466 5510 1577 5567 Deo
1615 5510 1867 5580 relegari,
1904 5518 1963 5562 ut
1991 5506 2080 5561 hic

499 5604 691 5678 judicii
725 5606 925 5675 prioris
980 5604 1387 5663 damnationem
1425 5604 1751 5662 sustineant.
1792 5600 1966 5667 Quam
2009 5600 2082 5655 ob

597 5764 617 5795 ‘
647 5760 835 5821 lanea
869 5772 952 5821 est
978 5764 1171 5819 oratio.

2170 4676 2394 4730 δύναται
2419 4676 2736 4742 θεάσασθαι,
2760 4676 2881 4730 οὔτε
2908 4676 3015 4748 μὴν
3035 4674 3255 4744 ἄγγελοι
3278 4673 3337 4726 τὸ
3355 4670 3599 4742 Πνεῦμα,
3621 4666 3751 4721 οὔτε

2171 4770 2220 4821 oi
2258 4768 2534 4839 ἄνθρωποι
2558 4770 2683 4833 τοὺς
2719 4768 3007 4838 ἀγγέλους.
3046 4770 3155 4821 Kal.
3178 4766 3317 4837 αὕτη
3354 4763 3549 4835 πρώτη
3580 4760 3750 4815 αὐτοῦ

2172 4865 2207 4933 ἡ
2242 4863 2466 4925 πτῶσις.
2506 4862 2601 4914 Ἐκ
2633 4861 2743 4932 γὰρ
2793 4862 2893 4931 τῆς
2931 4859 3117 4923 οὐσίας
3157 4857 3252 4910 τοῦ
3305 4854 3520 4925 Πατρδς
3561 4852 3753 4907 τοῦτον

2173 4956 2507 5023 εἰσηγεῖται,
2548 4953 2763 5005 κτιστδν
2802 4951 2860 5005 δὲ
2911 4951 3047 5021 ἅμα.
3100 4947 3357 5001 Βουλεται
3400 4946 3456 4998 δὲ
3496 4943 3571 5006 ώς
3612 4943 3755 4996 κατὰ

2174 5047 2333 5118 χάριν
2361 5046 2452 5098 τὸν
2495 5046 2623 5099 Υἱὸν
2652 5045 2813 5098 αὐτὸν
2854 5042 3135 5098 καλεῖσθαι
3172 5041 3370 5110 λέγειν.
3409 5038 3533 5092 Είσὶ
3572 5036 3627 5089 δὲ
3659 5036 3755 5088 καὶ

2174 5136 2333 5190 ἄλλαι
2371 5134 2533 5188 αὐτοῦ
2576 5133 2810 5196 πτώσεις
2856 5132 3094 5203 μείζους.
3141 5130 3252 5199 Τὴν
3286 5126 3464 5197 ψυχὴν
3500 5123 3608 5193 γὰρ
3654 5122 3758 5189 τὴν

2176 5226 2518 5299 ἀνθρωπείαν
2548 5226 2695 5294 λέγει
2736 5224 3134 5297 προϋπάρχειν,
3166 5219 3433 5288 ἀγγέλους
3465 5216 3523 5269 δέ
3555 5214 3758 5273 ταύτας

2179 5316 2349 5381 εἶναι,
2404 5318 2497 5371 καὶ
2528 5318 2787 5386 δυνάμεις
2824 5317 2962 5381 ἀνω,
3006 5318 3065 5369 ἐν
3110 5311 3406 5384 ἁμαρτίαις
3443 5309 3503 5362 δὲ
3540 5303 3756 5375 ἀμπλα-

2186 5412 2454 5482 κησάσας,
2486 5411 2581 5464 καὶ
2612 5409 2800 5462 τούτου
2830 5410 3014 5461 ἓνεκεν
3041 5410 3119 5470 είς
3146 5406 3303 5459 τοῦτο
3328 5406 3388 5458 τὸ
3418 5404 3578 5475 σῶμα
3600 5416 3756 5456 κατα.

2188 5503 2598 5574 κεκλεισμένας.
2654 5501 2979 5572 Πεπέμφθαι
3033 5500 3089 5554 δὲ
3130 5499 3239 5553 ἀπὸ
3292 5498 3430 5552 Θεοῦ
3468 5500 3549 5560 είς
3585 5513 3755 5567 τιμω-

2192 5597 2352 5669 ρίαν,
2386 5597 2534 5660 ὅπως
2586 5594 2820 5650 ἐνταῦθα
2874 5593 3109 5666 πρώτην
3145 5591 3328 5663 κρίσιν
3392 5589 3759 5655 ὑποδέξονται.
