  <div class='ocr_page' id='page_1' title='image "/cluster/home/n/w/nwhite01/storage/ocr_20150623/41/nnc1.0046978747/602.png"; bbox 0 0 4082 6394; ppageno 0'>
   <div class='ocr_carea' id='block_1_1' title="bbox 365 296 497 352">
    <p class='ocr_par' dir='ltr' id='par_1_1' title="bbox 365 296 497 352">
     <span class='ocr_line' id='line_1_1' title="bbox 365 296 497 352; baseline 0.008 -2"><span class='ocrx_word' id='word_1_1' title='bbox 365 296 497 352; x_wconf 69' lang='grc'><strong>1071</strong></span> 
     </span>
    </p>
   </div>
   <div class='ocr_carea' id='block_1_2' title="bbox 1025 304 2923 399">
    <p class='ocr_par' dir='ltr' id='par_1_2' title="bbox 1025 304 2923 399">
     <span class='ocr_line' id='line_1_2' title="bbox 1025 304 2923 399; baseline 0.004 -40"><span class='ocrx_word' id='word_1_2' title='bbox 1025 304 1395 365; x_wconf 82' lang='lat' dir='ltr'><strong>ADVERSUS</strong></span> <span class='ocrx_word' id='word_1_3' title='bbox 1434 307 1780 371; x_wconf 57' lang='lat' dir='ltr'><strong>HIEBESES</strong></span> <span class='ocrx_word' id='word_1_4' title='bbox 1816 315 1945 371; x_wconf 86' lang='lat' dir='ltr'><strong>LIB.</strong></span> <span class='ocrx_word' id='word_1_5' title='bbox 1980 314 2045 399; x_wconf 81' lang='lat' dir='ltr'><strong>ll.</strong></span> <span class='ocrx_word' id='word_1_6' title='bbox 2088 314 2249 368; x_wconf 87' lang='lat' dir='ltr'><strong>TOM.</strong></span> <span class='ocrx_word' id='word_1_7' title='bbox 2282 313 2407 369; x_wconf 92' lang='lat' dir='ltr'><strong>l.—</strong></span> <span class='ocrx_word' id='word_1_8' title='bbox 2430 312 2703 368; x_wconf 65' lang='lat' dir='ltr'><strong>HERES.</strong></span> <span class='ocrx_word' id='word_1_9' title='bbox 2740 313 2923 367; x_wconf 74' lang='lat' dir='ltr'><strong>LXIV.</strong></span> 
     </span>
    </p>
   </div>
   <div class='ocr_carea' id='block_1_3' title="bbox 3456 312 3600 371">
    <p class='ocr_par' dir='ltr' id='par_1_3' title="bbox 3456 312 3600 371">
     <span class='ocr_line' id='line_1_3' title="bbox 3456 312 3600 371; baseline 0.028 -4"><span class='ocrx_word' id='word_1_10' title='bbox 3456 312 3600 371; x_wconf 71' lang='lat' dir='ltr'><strong>i078</strong></span> 
     </span>
    </p>
   </div>
   <div class='ocr_carea' id='block_1_4' title="bbox 362 417 1913 505">
    <p class='ocr_par' dir='ltr' id='par_1_4' title="bbox 362 417 1913 503">
     <span class='ocr_line' id='line_1_4' title="bbox 362 417 1913 503; baseline 0.013 -36"><span class='ocrx_word' id='word_1_11' title='bbox 362 417 578 489; x_wconf 80' lang='grc' dir='ltr'><strong>Διόπερ,</strong></span> <span class='ocrx_word' id='word_1_12' title='bbox 616 422 767 487; x_wconf 82' lang='grc' dir='ltr'>φησὶ,</span> <span class='ocrx_word' id='word_1_13' title='bbox 803 423 896 476; x_wconf 76' lang='grc' dir='ltr'><strong>καὶ</strong></span> <span class='ocrx_word' id='word_1_14' title='bbox 931 424 1100 495; x_wconf 84' lang='grc' dir='ltr'><strong>δέμας</strong></span> <span class='ocrx_word' id='word_1_15' title='bbox 1136 426 1397 498; x_wconf 71' lang='grc' dir='ltr'>κέκληται</span> <span class='ocrx_word' id='word_1_16' title='bbox 1427 430 1487 483; x_wconf 82' lang='grc' dir='ltr'><strong>τὸ</strong></span> <span class='ocrx_word' id='word_1_17' title='bbox 1524 433 1705 503; x_wconf 87' lang='grc' dir='ltr'>σῶμα,</span> <span class='ocrx_word' id='word_1_18' title='bbox 1744 436 1832 488; x_wconf 84' lang='grc' dir='ltr'>διὰ</span> <span class='ocrx_word' id='word_1_19' title='bbox 1865 435 1913 487; x_wconf 70' lang='grc' dir='ltr'>τί</span> 
     </span>
    </p>
   </div>
   <div class='ocr_carea' id='block_1_5' title="bbox 2014 417 3597 505">
    <p class='ocr_par' dir='ltr' id='par_1_5' title="bbox 2025 431 3597 505">
     <span class='ocr_line' id='line_1_5' title="bbox 2025 431 3597 505; baseline -0.002 -16"><span class='ocrx_word' id='word_1_20' title='bbox 2025 448 2269 499; x_wconf 81' lang='lat' dir='ltr'><strong>causam,</strong></span> <span class='ocrx_word' id='word_1_21' title='bbox 2299 433 2396 500; x_wconf 91' lang='lat' dir='ltr'><strong>ait,</strong></span> <span class='ocrx_word' id='word_1_22' title='bbox 2422 441 2493 489; x_wconf 87' lang='lat' dir='ltr'><strong>et</strong></span> <span class='ocrx_word' id='word_1_23' title='bbox 2531 449 2730 502; x_wconf 92' lang='lat' dir='ltr'><strong>corpus</strong></span> <span class='ocrx_word' id='word_1_24' title='bbox 2774 434 2943 505; x_wconf 83' lang='grc' dir='ltr'><strong>δέμας</strong></span> <span class='ocrx_word' id='word_1_25' title='bbox 2984 433 3268 504; x_wconf 89' lang='lat' dir='ltr'><strong>appellari,</strong></span> <span class='ocrx_word' id='word_1_26' title='bbox 3294 431 3439 503; x_wconf 89' lang='lat' dir='ltr'><strong>quod</strong></span> <span class='ocrx_word' id='word_1_27' title='bbox 3473 448 3597 487; x_wconf 74' lang='lat' dir='ltr'><strong>cor-</strong></span> 
     </span>
    </p>
   </div>
   <div class='ocr_carea' id='block_1_6' title="bbox 361 506 1928 594">
    <p class='ocr_par' dir='ltr' id='par_1_6' title="bbox 361 506 1928 594">
     <span class='ocr_line' id='line_1_6' title="bbox 361 506 1928 594; baseline 0.013 -36"><span class='ocrx_word' id='word_1_28' title='bbox 361 506 597 594; x_wconf 78' lang='grc' dir='ltr'>δεδέσθαι</span> <span class='ocrx_word' id='word_1_29' title='bbox 650 511 748 581; x_wconf 87' lang='grc' dir='ltr'><strong>τὴν</strong></span> <span class='ocrx_word' id='word_1_30' title='bbox 784 513 962 585; x_wconf 77' lang='grc' dir='ltr'>ψυχὴν</span> <span class='ocrx_word' id='word_1_31' title='bbox 1004 517 1062 569; x_wconf 85' lang='grc' dir='ltr'>ὲν</span> <span class='ocrx_word' id='word_1_32' title='bbox 1108 516 1187 587; x_wconf 78' lang='grc' dir='ltr'><strong>τῷ</strong></span> <span class='ocrx_word' id='word_1_33' title='bbox 1233 519 1482 590; x_wconf 83' lang='grc' dir='ltr'>σώματι·</span> <span class='ocrx_word' id='word_1_34' title='bbox 1541 523 1638 594; x_wconf 89' lang='grc' dir='ltr'><strong>τὴν</strong></span> <span class='ocrx_word' id='word_1_35' title='bbox 1695 525 1928 578; x_wconf 86' lang='grc' dir='ltr'>παλαιὰν</span> 
     </span>
    </p>
   </div>
   <div class='ocr_carea' id='block_1_7' title="bbox 371 593 1929 682">
    <p class='ocr_par' dir='ltr' id='par_1_7' title="bbox 371 593 1929 682">
     <span class='ocr_line' id='line_1_7' title="bbox 371 593 1929 682; baseline 0.014 -36"><span class='ocrx_word' id='word_1_36' title='bbox 371 593 634 664; x_wconf 84' lang='grc' dir='ltr'>Ἐλλήνων</span> <span class='ocrx_word' id='word_1_37' title='bbox 668 600 881 671; x_wconf 84' lang='grc' dir='ltr'><strong>μυθώδη</strong></span> <span class='ocrx_word' id='word_1_38' title='bbox 912 604 1162 659; x_wconf 82' lang='grc' dir='ltr'><strong>ὑπόνοιαν</strong></span> <span class='ocrx_word' id='word_1_39' title='bbox 1182 593 1612 682; x_wconf 79' lang='grc' dir='ltr'>φανταζόμενος.</span> <span class='ocrx_word' id='word_1_40' title='bbox 1639 616 1733 677; x_wconf 84' lang='grc' dir='ltr'><strong>Εἰς</strong></span> <span class='ocrx_word' id='word_1_41' title='bbox 1759 615 1929 669; x_wconf 82' lang='grc' dir='ltr'>ταῦτα</span> 
     </span>
    </p>
   </div>
   <div class='ocr_carea' id='block_1_8' title="bbox 358 684 1929 775">
    <p class='ocr_par' dir='ltr' id='par_1_8' title="bbox 358 684 1929 775">
     <span class='ocr_line' id='line_1_8' title="bbox 358 684 1929 775; baseline 0.015 -38"><span class='ocrx_word' id='word_1_42' title='bbox 358 684 414 738; x_wconf 89' lang='grc' dir='ltr'>δὲ</span> <span class='ocrx_word' id='word_1_43' title='bbox 435 689 527 739; x_wconf 77' lang='grc' dir='ltr'><strong>καὶ</strong></span> <span class='ocrx_word' id='word_1_44' title='bbox 558 688 757 765; x_wconf 80' lang='grc' dir='ltr'>μύθους</span> <span class='ocrx_word' id='word_1_45' title='bbox 790 692 1081 752; x_wconf 80' lang='grc' dir='ltr'>ἐκτίθεται.</span> <span class='ocrx_word' id='word_1_46' title='bbox 1099 698 1290 769; x_wconf 82' lang='grc' dir='ltr'><strong>Ψυχὴν</strong></span> <span class='ocrx_word' id='word_1_47' title='bbox 1318 700 1448 773; x_wconf 80' lang='grc' dir='ltr'>γάρ,</span> <span class='ocrx_word' id='word_1_48' title='bbox 1471 706 1624 775; x_wconf 71' lang='grc' dir='ltr'>φησι,</span> <span class='ocrx_word' id='word_1_49' title='bbox 1657 704 1745 758; x_wconf 90' lang='grc' dir='ltr'>διά</span> <span class='ocrx_word' id='word_1_50' title='bbox 1772 705 1929 760; x_wconf 81' lang='grc' dir='ltr'>τοῦτο</span> 
     </span>
    </p>
   </div>
   <div class='ocr_carea' id='block_1_9' title="bbox 359 776 1345 861">
    <p class='ocr_par' dir='ltr' id='par_1_9' title="bbox 359 776 1345 861">
     <span class='ocr_line' id='line_1_9' title="bbox 359 776 1345 861; baseline 0.018 -33"><span class='ocrx_word' id='word_1_51' title='bbox 359 776 647 845; x_wconf 80' lang='grc' dir='ltr'><strong>καλοῦμεν,</strong></span> <span class='ocrx_word' id='word_1_52' title='bbox 670 781 757 835; x_wconf 81' lang='grc' dir='ltr'>διὰ</span> <span class='ocrx_word' id='word_1_53' title='bbox 780 784 840 837; x_wconf 86' lang='grc' dir='ltr'><strong>τὸ</strong></span> <span class='ocrx_word' id='word_1_54' title='bbox 867 785 1072 845; x_wconf 78' lang='grc' dir='ltr'>ἄνωθεν</span> <span class='ocrx_word' id='word_1_55' title='bbox 1098 788 1345 861; x_wconf 79' lang='grc' dir='ltr'>ὲψύχθαι.</span> 
     </span>
    </p>
   </div>
   <div class='ocr_carea' id='block_1_10' title="bbox 426 953 1927 1027">
    <p class='ocr_par' dir='ltr' id='par_1_10' title="bbox 426 953 1927 1027">
     <span class='ocr_line' id='line_1_10' title="bbox 426 953 1927 1027; baseline 0.015 -24"><span class='ocrx_word' id='word_1_56' title='bbox 426 953 742 1027; x_wconf 81' lang='grc' dir='ltr'>Μαρτυρεας</span> <span class='ocrx_word' id='word_1_57' title='bbox 762 960 817 1014; x_wconf 84' lang='grc' dir='ltr'>δὲ</span> <span class='ocrx_word' id='word_1_58' title='bbox 839 962 979 1017; x_wconf 81' lang='grc' dir='ltr'>κατὰ</span> <span class='ocrx_word' id='word_1_59' title='bbox 996 964 1085 1020; x_wconf 82' lang='grc' dir='ltr'>τὸν</span> <span class='ocrx_word' id='word_1_60' title='bbox 1114 965 1243 1020; x_wconf 80' lang='grc' dir='ltr'>ἴδιον</span> <span class='ocrx_word' id='word_1_61' title='bbox 1270 966 1394 1022; x_wconf 81' lang='grc' dir='ltr'>νοῦν</span> <span class='ocrx_word' id='word_1_62' title='bbox 1414 970 1799 1025; x_wconf 80' lang='grc' dir='ltr'>ὲπιπλάττεται</span> <span class='ocrx_word' id='word_1_63' title='bbox 1819 973 1927 1027; x_wconf 86' lang='grc' dir='ltr'><strong>ἀπὸ</strong></span> 
     </span>
    </p>
   </div>
   <div class='ocr_carea' id='block_1_11' title="bbox 357 1043 1926 1131">
    <p class='ocr_par' dir='ltr' id='par_1_11' title="bbox 357 1043 1926 1131">
     <span class='ocr_line' id='line_1_11' title="bbox 357 1043 1926 1131; baseline 0.016 -38"><span class='ocrx_word' id='word_1_64' title='bbox 357 1043 464 1095; x_wconf 90' lang='grc' dir='ltr'><strong>τῶν</strong></span> <span class='ocrx_word' id='word_1_65' title='bbox 488 1044 644 1101; x_wconf 84' lang='grc' dir='ltr'><strong>θείων</strong></span> <span class='ocrx_word' id='word_1_66' title='bbox 678 1049 932 1122; x_wconf 82' lang='grc' dir='ltr'>Γραφῶν,</span> <span class='ocrx_word' id='word_1_67' title='bbox 968 1056 1067 1128; x_wconf 85' lang='grc' dir='ltr'><strong>οὑχ</strong></span> <span class='ocrx_word' id='word_1_68' title='bbox 1111 1057 1283 1123; x_wconf 83' lang='grc' dir='ltr'>οὑτως</span> <span class='ocrx_word' id='word_1_69' title='bbox 1316 1047 1573 1131; x_wconf 78' lang='grc' dir='ltr'>ἐχούσας,</span> <span class='ocrx_word' id='word_1_70' title='bbox 1602 1063 1722 1116; x_wconf 81' lang='grc' dir='ltr'>οὑδὲ</span> <span class='ocrx_word' id='word_1_71' title='bbox 1757 1063 1926 1127; x_wconf 80' lang='grc' dir='ltr'>οὕτως</span> 
     </span>
    </p>
   </div>
   <div class='ocr_carea' id='block_1_12' title="bbox 356 1135 1924 1228">
    <p class='ocr_par' dir='ltr' id='par_1_12' title="bbox 356 1135 1924 1228">
     <span class='ocr_line' id='line_1_12' title="bbox 356 1135 1924 1228; baseline 0.02 -41"><span class='ocrx_word' id='word_1_72' title='bbox 356 1135 660 1209; x_wconf 82' lang='grc' dir='ltr'><strong>δεδομένας.</strong></span> <span class='ocrx_word' id='word_1_73' title='bbox 675 1144 748 1197; x_wconf 86' lang='grc' dir='ltr'>Τὸ</span> <span class='ocrx_word' id='word_1_74' title='bbox 766 1146 875 1219; x_wconf 84' lang='grc' dir='ltr'>γὰρ</span> <span class='ocrx_word' id='word_1_75' title='bbox 895 1150 1088 1217; x_wconf 76' lang='grc' dir='ltr'>εἰπεῖν,</span> <span class='ocrx_word' id='word_1_76' title='bbox 1113 1155 1264 1223; x_wconf 81' lang='grc' dir='ltr'>φησὶ,</span> <span class='ocrx_word' id='word_1_77' title='bbox 1281 1153 1370 1207; x_wconf 83' lang='grc' dir='ltr'>τὸν</span> <span class='ocrx_word' id='word_1_78' title='bbox 1402 1157 1718 1228; x_wconf 85' lang='grc' dir='ltr'>Προφήτην,</span> <span class='ocrx_word' id='word_1_79' title='bbox 1738 1157 1924 1226; x_wconf 75' lang='grc' dir='ltr'>Πρινὴ</span> 
     </span>
    </p>
   </div>
   <div class='ocr_carea' id='block_1_13' title="bbox 355 1235 1922 1321">
    <p class='ocr_par' dir='ltr' id='par_1_13' title="bbox 355 1235 1922 1321">
     <span class='ocr_line' id='line_1_13' title="bbox 355 1235 1922 1321; baseline 0.02 -40"><span class='ocrx_word' id='word_1_80' title='bbox 355 1235 792 1304; x_wconf 79' lang='grc' dir='ltr'><strong>ταπεινωθῆναι</strong></span> <span class='ocrx_word' id='word_1_81' title='bbox 821 1257 919 1309; x_wconf 83' lang='grc' dir='ltr'><strong>με,</strong></span> <span class='ocrx_word' id='word_1_82' title='bbox 957 1242 1072 1312; x_wconf 78' lang='grc' dir='ltr'>ἐγὼ</span> <span class='ocrx_word' id='word_1_83' title='bbox 1102 1245 1577 1316; x_wconf 73' lang='grc' dir='ltr'>ἐπλημμέλησα,</span> <span class='ocrx_word' id='word_1_84' title='bbox 1632 1236 1922 1321; x_wconf 64' lang='grc' dir='ltr'><strong>ἐξαύτῆς,</strong></span> 
     </span>
    </p>
   </div>
   <div class='ocr_carea' id='block_1_14' title="bbox 356 1321 1926 1411">
    <p class='ocr_par' dir='ltr' id='par_1_14' title="bbox 356 1321 1926 1411">
     <span class='ocr_line' id='line_1_14' title="bbox 356 1321 1926 1411; baseline 0.004 -24"><span class='ocrx_word' id='word_1_85' title='bbox 356 1321 510 1388; x_wconf 67' lang='grc' dir='ltr'>φησι,</span> <span class='ocrx_word' id='word_1_86' title='bbox 540 1325 639 1395; x_wconf 82' lang='grc' dir='ltr'>τῆς</span> <span class='ocrx_word' id='word_1_87' title='bbox 674 1328 852 1399; x_wconf 78' lang='grc' dir='ltr'>ψυχῆς</span> <span class='ocrx_word' id='word_1_88' title='bbox 879 1334 908 1385; x_wconf 86' lang='grc' dir='ltr'>ὁ</span> <span class='ocrx_word' id='word_1_89' title='bbox 940 1331 1117 1402; x_wconf 90' lang='grc' dir='ltr'>λόγος,</span> <span class='ocrx_word' id='word_1_90' title='bbox 1148 1335 1223 1399; x_wconf 86' lang='grc' dir='ltr'>ὼς</span> <span class='ocrx_word' id='word_1_91' title='bbox 1253 1337 1364 1390; x_wconf 85' lang='grc' dir='ltr'>ἄνω</span> <span class='ocrx_word' id='word_1_92' title='bbox 1393 1339 1451 1392; x_wconf 87' lang='grc' dir='ltr'><strong>ὲν</strong></span> <span class='ocrx_word' id='word_1_93' title='bbox 1482 1338 1695 1411; x_wconf 84' lang='grc' dir='ltr'>οὐρανῷ</span> <span class='ocrx_word' id='word_1_94' title='bbox 1718 1340 1926 1411; x_wconf 80' lang='grc' dir='ltr'>ἐπλημ-</span> 
     </span>
    </p>
   </div>
   <div class='ocr_carea' id='block_1_15' title="bbox 357 1411 1927 1506">
    <p class='ocr_par' dir='ltr' id='par_1_15' title="bbox 357 1411 1927 1506">
     <span class='ocr_line' id='line_1_15' title="bbox 357 1411 1927 1506; baseline 0.016 -44"><span class='ocrx_word' id='word_1_95' title='bbox 357 1411 579 1482; x_wconf 87' lang='grc' dir='ltr'>μέλησε,</span> <span class='ocrx_word' id='word_1_96' title='bbox 618 1421 780 1492; x_wconf 88' lang='grc' dir='ltr'>πρινὴ</span> <span class='ocrx_word' id='word_1_97' title='bbox 816 1425 875 1475; x_wconf 83' lang='grc' dir='ltr'><strong>ὲν</strong></span> <span class='ocrx_word' id='word_1_98' title='bbox 903 1424 982 1495; x_wconf 81' lang='grc' dir='ltr'>τῷ</span> <span class='ocrx_word' id='word_1_99' title='bbox 1008 1425 1216 1498; x_wconf 84' lang='grc' dir='ltr'>σώματι</span> <span class='ocrx_word' id='word_1_100' title='bbox 1237 1431 1693 1486; x_wconf 83' lang='grc' dir='ltr'><strong>τεταπεινῶσθαι·</strong></span> <span class='ocrx_word' id='word_1_101' title='bbox 1730 1433 1824 1487; x_wconf 75' lang='grc' dir='ltr'>καὶ</span> <span class='ocrx_word' id='word_1_102' title='bbox 1848 1433 1927 1506; x_wconf 83' lang='grc' dir='ltr'>τῷ</span> 
     </span>
    </p>
   </div>
   <div class='ocr_carea' id='block_1_16' title="bbox 356 1503 1926 1594">
    <p class='ocr_par' dir='ltr' id='par_1_16' title="bbox 356 1503 1926 1594">
     <span class='ocr_line' id='line_1_16' title="bbox 356 1503 1926 1594; baseline 0.027 -42"><span class='ocrx_word' id='word_1_103' title='bbox 356 1503 562 1594; x_wconf 76' lang='grc' dir='ltr'>εἰπεῖν,</span> <span class='ocrx_word' id='word_1_104' title='bbox 609 1511 800 1578; x_wconf 79' lang='grc' dir='ltr'>φησὶν,</span> <span class='ocrx_word' id='word_1_105' title='bbox 841 1514 1259 1587; x_wconf 73' lang='grc' dir='ltr'>Ἐπίστρεψον,</span> <span class='ocrx_word' id='word_1_106' title='bbox 1305 1521 1476 1589; x_wconf 68' lang='grc' dir='ltr'><strong>ψυχή</strong></span> <span class='ocrx_word' id='word_1_107' title='bbox 1516 1541 1655 1591; x_wconf 83' lang='grc' dir='ltr'><strong>μου.</strong></span> <span class='ocrx_word' id='word_1_108' title='bbox 1698 1526 1783 1590; x_wconf 79' lang='grc' dir='ltr'><strong>εὶς</strong></span> 
     </span>
    </p>
   </div>
   <div class='ocr_carea' id='block_1_17' title="bbox 354 1592 1925 1681">
    <p class='ocr_par' dir='ltr' id='par_1_17' title="bbox 354 1592 1925 1681">
     <span class='ocr_line' id='line_1_17' title="bbox 354 1592 1925 1681; baseline 0.015 -38"><span class='ocrx_word' id='word_1_109' title='bbox 354 1592 704 1652; x_wconf 78' lang='grc' dir='ltr'>ἀνάπαυσίν</span> <span class='ocrx_word' id='word_1_110' title='bbox 731 1617 870 1668; x_wconf 85' lang='grc' dir='ltr'>σου,</span> <span class='ocrx_word' id='word_1_111' title='bbox 905 1604 980 1668; x_wconf 80' lang='grc' dir='ltr'>ὡς</span> <span class='ocrx_word' id='word_1_112' title='bbox 1019 1609 1113 1660; x_wconf 80' lang='grc' dir='ltr'>τοῦ</span> <span class='ocrx_word' id='word_1_113' title='bbox 1156 1609 1661 1681; x_wconf 86' lang='grc' dir='ltr'>ἀνδραγαθήσαντος</span> <span class='ocrx_word' id='word_1_114' title='bbox 1695 1592 1925 1667; x_wconf 82' lang='grc' dir='ltr'>ἐνταῦθα</span> 
     </span>
    </p>
   </div>
   <div class='ocr_carea' id='block_1_18' title="bbox 353 1683 1924 1775">
    <p class='ocr_par' dir='ltr' id='par_1_18' title="bbox 353 1683 1924 1775">
     <span class='ocr_line' id='line_1_18' title="bbox 353 1683 1924 1775; baseline 0.017 -41"><span class='ocrx_word' id='word_1_115' title='bbox 353 1683 411 1775; x_wconf 71' lang='grc' dir='ltr'><strong>έν</strong></span> <span class='ocrx_word' id='word_1_116' title='bbox 438 1686 773 1764; x_wconf 71' lang='grc' dir='ltr'>ἀγαθοεργίᾳ</span> <span class='ocrx_word' id='word_1_117' title='bbox 811 1695 1225 1768; x_wconf 79' lang='grc' dir='ltr'><strong>ἐπιστρέφοντος</strong></span> <span class='ocrx_word' id='word_1_118' title='bbox 1258 1703 1338 1765; x_wconf 83' lang='grc' dir='ltr'><strong>εἰς</strong></span> <span class='ocrx_word' id='word_1_119' title='bbox 1364 1704 1464 1775; x_wconf 87' lang='grc' dir='ltr'><strong>τὴν</strong></span> <span class='ocrx_word' id='word_1_120' title='bbox 1487 1703 1598 1757; x_wconf 82' lang='grc' dir='ltr'>ἄνω</span> <span class='ocrx_word' id='word_1_121' title='bbox 1619 1706 1924 1760; x_wconf 84' lang='grc' dir='ltr'>ἀνάπαυσιν</span> 
     </span>
    </p>
   </div>
   <div class='ocr_carea' id='block_1_19' title="bbox 2031 524 3602 596">
    <p class='ocr_par' dir='ltr' id='par_1_19' title="bbox 2031 524 3602 596">
     <span class='ocr_line' id='line_1_19' title="bbox 2031 524 3602 596; baseline -0.001 -19"><span class='ocrx_word' id='word_1_122' title='bbox 2031 526 2149 595; x_wconf 91' lang='lat' dir='ltr'><strong>pori</strong></span> <span class='ocrx_word' id='word_1_123' title='bbox 2203 525 2407 596; x_wconf 89' lang='lat' dir='ltr'><strong>illigata</strong></span> <span class='ocrx_word' id='word_1_124' title='bbox 2463 525 2536 581; x_wconf 88' lang='lat' dir='ltr'><strong>sit</strong></span> <span class='ocrx_word' id='word_1_125' title='bbox 2587 526 2787 580; x_wconf 90' lang='lat' dir='ltr'><strong>anima.</strong></span> <span class='ocrx_word' id='word_1_126' title='bbox 2835 524 2893 579; x_wconf 89' lang='lat' dir='ltr'><strong>In</strong></span> <span class='ocrx_word' id='word_1_127' title='bbox 2944 541 3054 593; x_wconf 91' lang='lat' dir='ltr'><strong>quo</strong></span> <span class='ocrx_word' id='word_1_128' title='bbox 3079 535 3256 579; x_wconf 86' lang='lat' dir='ltr'><strong>vetera</strong></span> <span class='ocrx_word' id='word_1_129' title='bbox 3284 524 3602 579; x_wconf 74' lang='lat' dir='ltr'><strong>Graecorum</strong></span> 
     </span>
    </p>
   </div>
   <div class='ocr_carea' id='block_1_20' title="bbox 2030 614 3597 687">
    <p class='ocr_par' dir='ltr' id='par_1_20' title="bbox 2030 614 3597 687">
     <span class='ocr_line' id='line_1_20' title="bbox 2030 614 3597 687; baseline -0.003 -15"><span class='ocrx_word' id='word_1_130' title='bbox 2030 617 2241 672; x_wconf 86' lang='lat' dir='ltr'><strong>somnia</strong></span> <span class='ocrx_word' id='word_1_131' title='bbox 2289 632 2353 671; x_wconf 92' lang='lat' dir='ltr'><strong>ac</strong></span> <span class='ocrx_word' id='word_1_132' title='bbox 2411 632 2585 687; x_wconf 81' lang='lat' dir='ltr'><strong>nugas</strong></span> <span class='ocrx_word' id='word_1_133' title='bbox 2626 618 2839 672; x_wconf 79' lang='lat' dir='ltr'><strong>retexit.</strong></span> <span class='ocrx_word' id='word_1_134' title='bbox 2872 617 3014 683; x_wconf 86' lang='lat' dir='ltr'><strong>Quin</strong></span> <span class='ocrx_word' id='word_1_135' title='bbox 3047 615 3339 671; x_wconf 91' lang='lat' dir='ltr'><strong>nonnullas</strong></span> <span class='ocrx_word' id='word_1_136' title='bbox 3359 614 3425 668; x_wconf 89' lang='lat' dir='ltr'><strong>ad</strong></span> <span class='ocrx_word' id='word_1_137' title='bbox 3449 630 3597 669; x_wconf 90' lang='lat' dir='ltr'><strong>eam-</strong></span> 
     </span>
    </p>
   </div>
   <div class='ocr_carea' id='block_1_21' title="bbox 2030 703 3595 762">
    <p class='ocr_par' dir='ltr' id='par_1_21' title="bbox 2030 703 3595 762">
     <span class='ocr_line' id='line_1_21' title="bbox 2030 703 3595 762; baseline -0.003 -2"><span class='ocrx_word' id='word_1_138' title='bbox 2030 706 2153 760; x_wconf 86' lang='lat' dir='ltr'><strong>dem</strong></span> <span class='ocrx_word' id='word_1_139' title='bbox 2181 706 2506 762; x_wconf 86' lang='lat' dir='ltr'><strong>sententiam</strong></span> <span class='ocrx_word' id='word_1_140' title='bbox 2541 706 2754 760; x_wconf 80' lang='lat' dir='ltr'><strong>fabulas</strong></span> <span class='ocrx_word' id='word_1_141' title='bbox 2780 706 3173 761; x_wconf 83' lang='lat' dir='ltr'><strong>accommodat.</strong></span> <span class='ocrx_word' id='word_1_142' title='bbox 3198 703 3333 758; x_wconf 84' lang='lat' dir='ltr'><strong>Nam</strong></span> <span class='ocrx_word' id='word_1_143' title='bbox 3359 703 3595 757; x_wconf 90' lang='lat' dir='ltr'><strong>animam</strong></span> 
     </span>
    </p>
   </div>
   <div class='ocr_carea' id='block_1_22' title="bbox 2028 795 3597 869">
    <p class='ocr_par' dir='ltr' id='par_1_22' title="bbox 2028 795 3597 869">
     <span class='ocr_line' id='line_1_22' title="bbox 2028 795 3597 869; baseline -0.003 -16"><span class='ocrx_word' id='word_1_144' title='bbox 2028 795 2193 866; x_wconf 76' lang='lat'><strong>528</strong></span> <span class='ocrx_word' id='word_1_145' title='bbox 2223 797 2294 851; x_wconf 91' lang='lat' dir='ltr'><strong>ob</strong></span> <span class='ocrx_word' id='word_1_146' title='bbox 2326 796 2403 861; x_wconf 93' lang='lat' dir='ltr'><strong>id,</strong></span> <span class='ocrx_word' id='word_1_147' title='bbox 2450 797 2645 867; x_wconf 86' lang='lat' dir='ltr'><strong>inquit,</strong></span> <span class='ocrx_word' id='word_1_148' title='bbox 2672 796 2849 869; x_wconf 79' lang='grc' dir='ltr'>ψυχὴν</span> <span class='ocrx_word' id='word_1_149' title='bbox 2889 797 3143 861; x_wconf 87' lang='lat' dir='ltr'><strong>dicimus,</strong></span> <span class='ocrx_word' id='word_1_150' title='bbox 3198 797 3343 867; x_wconf 88' lang='lat' dir='ltr'><strong>quod</strong></span> <span class='ocrx_word' id='word_1_151' title='bbox 3381 795 3597 851; x_wconf 64' lang='lat' dir='ltr'><strong>coalitus</strong></span> 
     </span>
    </p>
   </div>
   <div class='ocr_carea' id='block_1_23' title="bbox 2027 886 2330 942">
    <p class='ocr_par' dir='ltr' id='par_1_23' title="bbox 2027 886 2330 942">
     <span class='ocr_line' id='line_1_23' title="bbox 2027 886 2330 942; baseline 0.007 -2"><span class='ocrx_word' id='word_1_152' title='bbox 2027 886 2203 941; x_wconf 81' lang='lat' dir='ltr'><strong>alilata</strong></span> <span class='ocrx_word' id='word_1_153' title='bbox 2238 887 2330 942; x_wconf 89' lang='lat' dir='ltr'><strong>sit.</strong></span> 
     </span>
    </p>
   </div>
   <div class='ocr_carea' id='block_1_24' title="bbox 2097 977 3596 1049">
    <p class='ocr_par' dir='ltr' id='par_1_24' title="bbox 2097 977 3596 1049">
     <span class='ocr_line' id='line_1_24' title="bbox 2097 977 3596 1049; baseline 0.001 -19"><span class='ocrx_word' id='word_1_154' title='bbox 2097 977 2181 1033; x_wconf 83' lang='lat' dir='ltr'><strong>Ad</strong></span> <span class='ocrx_word' id='word_1_155' title='bbox 2228 977 2347 1033; x_wconf 66' lang='lat' dir='ltr'><strong>haec</strong></span> <span class='ocrx_word' id='word_1_156' title='bbox 2397 985 2577 1034; x_wconf 88' lang='lat' dir='ltr'><strong>certas</strong></span> <span class='ocrx_word' id='word_1_157' title='bbox 2624 977 2693 1032; x_wconf 92' lang='lat' dir='ltr'><strong>ad</strong></span> <span class='ocrx_word' id='word_1_158' title='bbox 2745 978 3020 1049; x_wconf 89' lang='lat' dir='ltr'><strong>opinionis</strong></span> <span class='ocrx_word' id='word_1_159' title='bbox 3077 978 3228 1035; x_wconf 69' lang='lat' dir='ltr'><strong>falsae</strong></span> <span class='ocrx_word' id='word_1_160' title='bbox 3280 977 3596 1049; x_wconf 62' lang='lat' dir='ltr'><strong>praesidium</strong></span> 
     </span>
    </p>
   </div>
   <div class='ocr_carea' id='block_1_25' title="bbox 2027 1068 3595 1142">
    <p class='ocr_par' dir='ltr' id='par_1_25' title="bbox 2027 1068 3595 1142">
     <span class='ocr_line' id='line_1_25' title="bbox 2027 1068 3595 1142; baseline 0.001 -21"><span class='ocrx_word' id='word_1_161' title='bbox 2027 1070 2383 1125; x_wconf 85' lang='lat' dir='ltr'><strong>auctoritates</strong></span> <span class='ocrx_word' id='word_1_162' title='bbox 2416 1068 2591 1137; x_wconf 76' lang='lat' dir='ltr'><strong>affert,</strong></span> <span class='ocrx_word' id='word_1_163' title='bbox 2616 1086 2753 1140; x_wconf 91' lang='lat' dir='ltr'><strong>quas</strong></span> <span class='ocrx_word' id='word_1_164' title='bbox 2784 1070 3084 1142; x_wconf 89' lang='lat' dir='ltr'><strong>Scripturis</strong></span> <span class='ocrx_word' id='word_1_165' title='bbox 3110 1071 3286 1128; x_wconf 89' lang='lat' dir='ltr'><strong>sacris</strong></span> <span class='ocrx_word' id='word_1_166' title='bbox 3309 1086 3595 1142; x_wconf 82' lang='lat' dir='ltr'><strong>perperam</strong></span> 
     </span>
    </p>
   </div>
   <div class='ocr_carea' id='block_1_26' title="bbox 2028 1160 3599 1234">
    <p class='ocr_par' dir='ltr' id='par_1_26' title="bbox 2028 1160 3599 1234">
     <span class='ocr_line' id='line_1_26' title="bbox 2028 1160 3599 1234; baseline 0 -21"><span class='ocrx_word' id='word_1_167' title='bbox 2028 1160 2277 1231; x_wconf 73' lang='lat' dir='ltr'><strong>afﬁngit:</strong></span> <span class='ocrx_word' id='word_1_168' title='bbox 2310 1176 2432 1231; x_wconf 70' lang='lat' dir='ltr'><strong>quae</strong></span> <span class='ocrx_word' id='word_1_169' title='bbox 2477 1176 2579 1217; x_wconf 91' lang='lat' dir='ltr'><strong>nec</strong></span> <span class='ocrx_word' id='word_1_170' title='bbox 2628 1163 2700 1217; x_wconf 89' lang='lat' dir='ltr'><strong>ita</strong></span> <span class='ocrx_word' id='word_1_171' title='bbox 2735 1178 2858 1218; x_wconf 88' lang='lat' dir='ltr'><strong>sese</strong></span> <span class='ocrx_word' id='word_1_172' title='bbox 2910 1163 3131 1229; x_wconf 87' lang='lat' dir='ltr'><strong>habent,</strong></span> <span class='ocrx_word' id='word_1_173' title='bbox 3156 1179 3220 1217; x_wconf 89' lang='lat' dir='ltr'><strong>ae</strong></span> <span class='ocrx_word' id='word_1_174' title='bbox 3248 1163 3408 1234; x_wconf 89' lang='lat' dir='ltr'><strong>longe</strong></span> <span class='ocrx_word' id='word_1_175' title='bbox 3439 1161 3599 1214; x_wconf 86' lang='lat' dir='ltr'><strong>aliter</strong></span> 
     </span>
    </p>
   </div>
   <div class='ocr_carea' id='block_1_27' title="bbox 2028 1252 3594 1326">
    <p class='ocr_par' dir='ltr' id='par_1_27' title="bbox 2028 1252 3594 1326">
     <span class='ocr_line' id='line_1_27' title="bbox 2028 1252 3594 1326; baseline -0.001 -19"><span class='ocrx_word' id='word_1_176' title='bbox 2028 1263 2157 1307; x_wconf 92' lang='lat' dir='ltr'><strong>sunt</strong></span> <span class='ocrx_word' id='word_1_177' title='bbox 2205 1252 2380 1309; x_wconf 66' lang='lat' dir='ltr'><strong>editae.</strong></span> <span class='ocrx_word' id='word_1_178' title='bbox 2433 1254 2589 1320; x_wconf 92' lang='lat' dir='ltr'><strong>Quod</strong></span> <span class='ocrx_word' id='word_1_179' title='bbox 2640 1254 2785 1309; x_wconf 89' lang='lat' dir='ltr'><strong>enim</strong></span> <span class='ocrx_word' id='word_1_180' title='bbox 2839 1271 2870 1308; x_wconf 90' lang='lat' dir='ltr'><strong>a</strong></span> <span class='ocrx_word' id='word_1_181' title='bbox 2922 1255 3190 1326; x_wconf 83' lang='lat' dir='ltr'><strong>PrOpheta</strong></span> <span class='ocrx_word' id='word_1_182' title='bbox 3219 1255 3427 1309; x_wconf 89' lang='lat' dir='ltr'><strong>dictum</strong></span> <span class='ocrx_word' id='word_1_183' title='bbox 3461 1260 3594 1315; x_wconf 91' lang='lat' dir='ltr'><strong>est,</strong></span> 
     </span>
    </p>
   </div>
   <div class='ocr_carea' id='block_1_28' title="bbox 2028 1342 3599 1417">
    <p class='ocr_par' dir='ltr' id='par_1_28' title="bbox 2028 1342 3599 1417">
     <span class='ocr_line' id='line_1_28' title="bbox 2028 1342 3599 1417; baseline 0.001 -20"><span class='ocrx_word' id='word_1_184' title='bbox 2028 1342 2347 1415; x_wconf 74' lang='lat' dir='ltr'><strong>Priusquam</strong></span> <span class='ocrx_word' id='word_1_185' title='bbox 2400 1344 2731 1407; x_wconf 82' lang='lat' dir='ltr'><strong>humiliarer,</strong></span> <span class='ocrx_word' id='word_1_186' title='bbox 2785 1364 2876 1417; x_wconf 84' lang='lat' dir='ltr'><strong>ego</strong></span> <span class='ocrx_word' id='word_1_187' title='bbox 2939 1348 3134 1417; x_wconf 80' lang='lat' dir='ltr'><strong>deliqui</strong></span> <span class='ocrx_word' id='word_1_188' title='bbox 3170 1349 3209 1408; x_wconf 79' lang='grc'>³,</span> <span class='ocrx_word' id='word_1_189' title='bbox 3247 1346 3409 1401; x_wconf 88' lang='lat' dir='ltr'><strong>verba</strong></span> <span class='ocrx_word' id='word_1_190' title='bbox 3472 1357 3599 1399; x_wconf 82' lang='lat' dir='ltr'><strong>esse</strong></span> 
     </span>
    </p>
   </div>
   <div class='ocr_carea' id='block_1_29' title="bbox 2026 1436 3594 1507">
    <p class='ocr_par' dir='ltr' id='par_1_29' title="bbox 2026 1436 3594 1507">
     <span class='ocr_line' id='line_1_29' title="bbox 2026 1436 3594 1507; baseline 0.001 -20"><span class='ocrx_word' id='word_1_191' title='bbox 2026 1437 2221 1489; x_wconf 67' lang='lat' dir='ltr'><strong>anima:</strong></span> <span class='ocrx_word' id='word_1_192' title='bbox 2244 1436 2417 1507; x_wconf 85' lang='lat' dir='ltr'><strong>ipsius</strong></span> <span class='ocrx_word' id='word_1_193' title='bbox 2440 1436 2691 1499; x_wconf 81' lang='lat' dir='ltr'><strong>aﬂirmat.</strong></span> <span class='ocrx_word' id='word_1_194' title='bbox 2716 1453 2839 1491; x_wconf 89' lang='lat' dir='ltr'><strong>cum</strong></span> <span class='ocrx_word' id='word_1_195' title='bbox 2870 1438 2937 1492; x_wconf 89' lang='lat' dir='ltr'><strong>in</strong></span> <span class='ocrx_word' id='word_1_196' title='bbox 2970 1439 3110 1493; x_wconf 75' lang='lat' dir='ltr'><strong>cmlo</strong></span> <span class='ocrx_word' id='word_1_197' title='bbox 3139 1447 3298 1493; x_wconf 90' lang='lat' dir='ltr'><strong>antea</strong></span> <span class='ocrx_word' id='word_1_198' title='bbox 3327 1436 3594 1506; x_wconf 87' lang='lat' dir='ltr'><strong>deliquis-</strong></span> 
     </span>
    </p>
   </div>
   <div class='ocr_carea' id='block_1_30' title="bbox 2026 1527 3596 1599">
    <p class='ocr_par' dir='ltr' id='par_1_30' title="bbox 2026 1527 3596 1599">
     <span class='ocr_line' id='line_1_30' title="bbox 2026 1527 3596 1599; baseline 0.001 -18"><span class='ocrx_word' id='word_1_199' title='bbox 2026 1537 2131 1589; x_wconf 88' lang='lat' dir='ltr'><strong>set,</strong></span> <span class='ocrx_word' id='word_1_200' title='bbox 2167 1543 2329 1597; x_wconf 91' lang='lat' dir='ltr'><strong>quam</strong></span> <span class='ocrx_word' id='word_1_201' title='bbox 2365 1529 2430 1582; x_wconf 88' lang='lat' dir='ltr'><strong>ad</strong></span> <span class='ocrx_word' id='word_1_202' title='bbox 2470 1528 2574 1583; x_wconf 90' lang='lat' dir='ltr'><strong>hoc</strong></span> <span class='ocrx_word' id='word_1_203' title='bbox 2620 1543 2822 1599; x_wconf 87' lang='lat' dir='ltr'><strong>corpus</strong></span> <span class='ocrx_word' id='word_1_204' title='bbox 2865 1529 3215 1599; x_wconf 82' lang='lat' dir='ltr'><strong>abjiceretur.</strong></span> <span class='ocrx_word' id='word_1_205' title='bbox 3258 1527 3415 1595; x_wconf 84' lang='lat' dir='ltr'><strong>Quod</strong></span> <span class='ocrx_word' id='word_1_206' title='bbox 3464 1543 3596 1583; x_wconf 90' lang='lat' dir='ltr'><strong>vero</strong></span> 
     </span>
    </p>
   </div>
   <div class='ocr_carea' id='block_1_31' title="bbox 2026 1616 3595 1687">
    <p class='ocr_par' dir='ltr' id='par_1_31' title="bbox 2026 1616 3595 1687">
     <span class='ocr_line' id='line_1_31' title="bbox 2026 1616 3595 1687; baseline 0.003 -18"><span class='ocrx_word' id='word_1_207' title='bbox 2026 1616 2152 1671; x_wconf 88' lang='lat' dir='ltr'><strong>alibi</strong></span> <span class='ocrx_word' id='word_1_208' title='bbox 2199 1618 2462 1687; x_wconf 90' lang='lat' dir='ltr'><strong>scriptum</strong></span> <span class='ocrx_word' id='word_1_209' title='bbox 2513 1628 2618 1684; x_wconf 90' lang='lat' dir='ltr'><strong>est,</strong></span> <span class='ocrx_word' id='word_1_210' title='bbox 2671 1618 3001 1683; x_wconf 79' lang='lat' dir='ltr'><strong>Convertere,</strong></span> <span class='ocrx_word' id='word_1_211' title='bbox 3048 1620 3229 1674; x_wconf 81' lang='lat' dir='ltr'><strong>anima</strong></span> <span class='ocrx_word' id='word_1_212' title='bbox 3270 1637 3407 1683; x_wconf 80' lang='lat' dir='ltr'><strong>mea,</strong></span> <span class='ocrx_word' id='word_1_213' title='bbox 3439 1621 3495 1673; x_wconf 79' lang='lat' dir='ltr'><strong>iit</strong></span> <span class='ocrx_word' id='word_1_214' title='bbox 3520 1635 3595 1673; x_wconf 87' lang='lat' dir='ltr'><strong>re-</strong></span> 
     </span>
    </p>
   </div>
   <div class='ocr_carea' id='block_1_32' title="bbox 2024 1710 3595 1784">
    <p class='ocr_par' dir='ltr' id='par_1_32' title="bbox 2024 1710 3595 1784">
     <span class='ocr_line' id='line_1_32' title="bbox 2024 1710 3595 1784; baseline 0.002 -21"><span class='ocrx_word' id='word_1_215' title='bbox 2024 1710 2196 1779; x_wconf 82' lang='lat' dir='ltr'><strong>quiem</strong></span> <span class='ocrx_word' id='word_1_216' title='bbox 2220 1719 2365 1764; x_wconf 85' lang='lat' dir='ltr'><strong>tuam</strong></span> <span class='ocrx_word' id='word_1_217' title='bbox 2391 1715 2433 1776; x_wconf 80' lang='grc'>³,</span> <span class='ocrx_word' id='word_1_218' title='bbox 2457 1727 2525 1767; x_wconf 92' lang='lat' dir='ltr'><strong>eo</strong></span> <span class='ocrx_word' id='word_1_219' title='bbox 2554 1711 2900 1767; x_wconf 80' lang='lat' dir='ltr'><strong>referendum</strong></span> <span class='ocrx_word' id='word_1_220' title='bbox 2945 1721 3118 1784; x_wconf 77' lang='lat' dir='ltr'><strong>putat,</strong></span> <span class='ocrx_word' id='word_1_221' title='bbox 3155 1714 3299 1783; x_wconf 85' lang='lat' dir='ltr'><strong>quod</strong></span> <span class='ocrx_word' id='word_1_222' title='bbox 3334 1712 3427 1782; x_wconf 86' lang='lat' dir='ltr'><strong>qui</strong></span> <span class='ocrx_word' id='word_1_223' title='bbox 3456 1720 3595 1767; x_wconf 91' lang='lat' dir='ltr'><strong>stre-</strong></span> 
     </span>
    </p>
   </div>
   <div class='ocr_carea' id='block_1_33' title="bbox 351 1774 1913 1875">
    <p class='ocr_par' dir='ltr' id='par_1_33' title="bbox 351 1774 1913 1875">
     <span class='ocr_line' id='line_1_33' title="bbox 351 1774 1913 1875; baseline 0.01 -41"><span class='ocrx_word' id='word_1_224' title='bbox 351 1774 591 1875; x_wconf 58' lang='grc' dir='ltr'><strong>ἂιὲξ</strong></span> <span class='ocrx_word' id='word_1_225' title='bbox 647 1786 812 1838; x_wconf 80' lang='grc' dir='ltr'>αὑτοῦ</span> <span class='ocrx_word' id='word_1_226' title='bbox 869 1790 966 1859; x_wconf 84' lang='grc' dir='ltr'><strong>τῆς</strong></span> <span class='ocrx_word' id='word_1_227' title='bbox 1018 1792 1282 1860; x_wconf 80' lang='grc' dir='ltr'><strong>ἐργασίας</strong></span> <span class='ocrx_word' id='word_1_228' title='bbox 1327 1774 1764 1867; x_wconf 85' lang='grc' dir='ltr'>δικαιοπραγίαν.</span> <span class='ocrx_word' id='word_1_229' title='bbox 1811 1798 1913 1851; x_wconf 85' lang='lat' dir='ltr'><strong>Kal</strong></span> 
     </span>
    </p>
   </div>
   <div class='ocr_carea' id='block_1_34' title="bbox 2014 1774 3594 1875">
    <p class='ocr_par' dir='ltr' id='par_1_34' title="bbox 2024 1774 3594 1875">
     <span class='ocr_line' id='line_1_34' title="bbox 2024 1774 3594 1875; baseline 0.001 -20"><span class='ocrx_word' id='word_1_230' title='bbox 2024 1774 2132 1855; x_wconf 80' lang='lat' dir='ltr'><strong>nue</strong></span> <span class='ocrx_word' id='word_1_231' title='bbox 2173 1808 2336 1872; x_wconf 91' lang='lat' dir='ltr'><strong>atque</strong></span> <span class='ocrx_word' id='word_1_232' title='bbox 2377 1774 2592 1873; x_wconf 83' lang='lat' dir='ltr'><strong>egregie</strong></span> <span class='ocrx_word' id='word_1_233' title='bbox 2626 1818 2686 1858; x_wconf 92' lang='lat' dir='ltr'><strong>se</strong></span> <span class='ocrx_word' id='word_1_234' title='bbox 2726 1804 2783 1857; x_wconf 86' lang='lat' dir='ltr'><strong>in</strong></span> <span class='ocrx_word' id='word_1_235' title='bbox 2819 1804 2921 1859; x_wconf 89' lang='lat' dir='ltr'><strong>hoc</strong></span> <span class='ocrx_word' id='word_1_236' title='bbox 2946 1774 3188 1858; x_wconf 45' lang='lat' dir='ltr'><strong>.mundo.</strong></span> <span class='ocrx_word' id='word_1_237' title='bbox 3228 1803 3480 1875; x_wconf 77' lang='lat' dir='ltr'><strong>gesserit,</strong></span> <span class='ocrx_word' id='word_1_238' title='bbox 3523 1803 3594 1857; x_wconf 92' lang='lat' dir='ltr'><strong>ob</strong></span> 
     </span>
    </p>
   </div>
   <div class='ocr_carea' id='block_1_35' title="bbox 352 1869 1926 1953">
    <p class='ocr_par' dir='ltr' id='par_1_35' title="bbox 352 1869 1926 1953">
     <span class='ocr_line' id='line_1_35' title="bbox 352 1869 1926 1953; baseline 0.015 -33"><span class='ocrx_word' id='word_1_239' title='bbox 352 1869 523 1923; x_wconf 76' lang='grc' dir='ltr'>πολλὰ</span> <span class='ocrx_word' id='word_1_240' title='bbox 554 1872 700 1927; x_wconf 78' lang='grc' dir='ltr'>ἔστιν</span> <span class='ocrx_word' id='word_1_241' title='bbox 745 1877 877 1932; x_wconf 83' lang='grc' dir='ltr'>ἄλλα</span> <span class='ocrx_word' id='word_1_242' title='bbox 914 1882 1135 1935; x_wconf 76' lang='grc' dir='ltr'>τοιαῦτα</span> <span class='ocrx_word' id='word_1_243' title='bbox 1161 1885 1361 1953; x_wconf 86' lang='grc' dir='ltr'>λέγειν.</span> <span class='ocrx_word' id='word_1_244' title='bbox 1401 1887 1474 1939; x_wconf 88' lang='grc' dir='ltr'>Τὸ</span> <span class='ocrx_word' id='word_1_245' title='bbox 1506 1888 1625 1941; x_wconf 83' lang='grc' dir='ltr'>κατ’</span> <span class='ocrx_word' id='word_1_246' title='bbox 1645 1890 1828 1943; x_wconf 81' lang='grc' dir='ltr'>είκόνα</span> <span class='ocrx_word' id='word_1_247' title='bbox 1864 1890 1926 1944; x_wconf 81' lang='grc' dir='ltr'><strong>δέ</strong></span> 
     </span>
    </p>
   </div>
   <div class='ocr_carea' id='block_1_36' title="bbox 351 1964 1926 2052">
    <p class='ocr_par' dir='ltr' id='par_1_36' title="bbox 351 1964 1926 2052">
     <span class='ocr_line' id='line_1_36' title="bbox 351 1964 1926 2052; baseline 0.016 -41"><span class='ocrx_word' id='word_1_248' title='bbox 351 1974 513 2029; x_wconf 86' lang='grc' dir='ltr'>φησιν</span> <span class='ocrx_word' id='word_1_249' title='bbox 540 1964 936 2025; x_wconf 82' lang='grc' dir='ltr'><strong>ἀπολωλεκέναι</strong></span> <span class='ocrx_word' id='word_1_250' title='bbox 967 1974 1057 2025; x_wconf 85' lang='grc' dir='ltr'>τὸν</span> <span class='ocrx_word' id='word_1_251' title='bbox 1087 1976 1277 2047; x_wconf 83' lang='grc' dir='ltr'>Ἀδάμ.</span> <span class='ocrx_word' id='word_1_252' title='bbox 1312 1977 1608 2045; x_wconf 79' lang='grc' dir='ltr'>Ἐντεῦθεν,</span> <span class='ocrx_word' id='word_1_253' title='bbox 1638 1984 1794 2052; x_wconf 79' lang='grc' dir='ltr'>φησὶ,</span> <span class='ocrx_word' id='word_1_254' title='bbox 1830 1983 1926 2036; x_wconf 78' lang='grc' dir='ltr'><strong>καὶ</strong></span> 
     </span>
    </p>
   </div>
   <div class='ocr_carea' id='block_1_37' title="bbox 347 2052 1923 2146">
    <p class='ocr_par' dir='ltr' id='par_1_37' title="bbox 347 2052 1923 2146">
     <span class='ocr_line' id='line_1_37' title="bbox 347 2052 1923 2146; baseline 0.008 -31"><span class='ocrx_word' id='word_1_255' title='bbox 347 2052 473 2146; x_wconf 57' lang='grc' dir='ltr'><strong>ξοὺς</strong></span> <span class='ocrx_word' id='word_1_256' title='bbox 513 2057 744 2146; x_wconf 78' lang='grc' dir='ltr'>χιτῶνας</span> <span class='ocrx_word' id='word_1_257' title='bbox 783 2062 909 2126; x_wconf 81' lang='grc' dir='ltr'>τοὺς</span> <span class='ocrx_word' id='word_1_258' title='bbox 938 2063 1296 2136; x_wconf 76' lang='grc' dir='ltr'>δερματίνους</span> <span class='ocrx_word' id='word_1_259' title='bbox 1345 2072 1789 2142; x_wconf 76' lang='grc' dir='ltr'>ἐπισημήνασθαι</span> <span class='ocrx_word' id='word_1_260' title='bbox 1824 2074 1923 2146; x_wconf 90' lang='grc' dir='ltr'><strong>τὴν</strong></span> 
     </span>
    </p>
   </div>
   <div class='ocr_carea' id='block_1_38' title="bbox 347 2141 1924 2234">
    <p class='ocr_par' dir='ltr' id='par_1_38' title="bbox 347 2141 1924 2234">
     <span class='ocr_line' id='line_1_38' title="bbox 347 2141 1924 2234; baseline 0.024 -41"><span class='ocrx_word' id='word_1_261' title='bbox 347 2141 608 2234; x_wconf 41' lang='grc' dir='ltr'>γραφήν,</span> <span class='ocrx_word' id='word_1_262' title='bbox 665 2152 744 2204; x_wconf 81' lang='grc' dir='ltr'><strong>ὅτι</strong></span> <span class='ocrx_word' id='word_1_263' title='bbox 814 2154 1128 2224; x_wconf 80' lang='grc' dir='ltr'><strong>Ἐποίησεν</strong></span> <span class='ocrx_word' id='word_1_264' title='bbox 1174 2161 1414 2228; x_wconf 83' lang='grc' dir='ltr'>αὐτοῖς.</span> <span class='ocrx_word' id='word_1_265' title='bbox 1457 2141 1620 2234; x_wconf 51' lang='grc' dir='ltr'>φησί,</span> <span class='ocrx_word' id='word_1_266' title='bbox 1670 2141 1924 2234; x_wconf 65' lang='grc' dir='ltr'>χιτῶνά(-</span> 
     </span>
    </p>
   </div>
   <div class='ocr_carea' id='block_1_39' title="bbox 345 2232 1921 2327">
    <p class='ocr_par' dir='ltr' id='par_1_39' title="bbox 345 2232 1921 2327">
     <span class='ocr_line' id='line_1_39' title="bbox 345 2232 1921 2327; baseline 0.016 -43"><span class='ocrx_word' id='word_1_267' title='bbox 345 2232 771 2327; x_wconf 71' lang='grc' dir='ltr'>δερματίνους,</span> <span class='ocrx_word' id='word_1_268' title='bbox 831 2245 929 2297; x_wconf 78' lang='grc' dir='ltr'>καὶ</span> <span class='ocrx_word' id='word_1_269' title='bbox 988 2247 1279 2304; x_wconf 77' lang='grc' dir='ltr'><strong>ἐνέδυσεν</strong></span> <span class='ocrx_word' id='word_1_270' title='bbox 1320 2232 1544 2319; x_wconf 65' lang='grc' dir='ltr'>αὐτοὺς</span> <span class='ocrx_word' id='word_1_271' title='bbox 1569 2294 1584 2318; x_wconf 89' lang='grc'><strong>,</strong></span> <span class='ocrx_word' id='word_1_272' title='bbox 1631 2232 1693 2308; x_wconf 57' lang='lat' dir='ltr'><strong>eo</strong></span> <span class='ocrx_word' id='word_1_273' title='bbox 1740 2256 1921 2327; x_wconf 86' lang='grc' dir='ltr'>σῶμα,</span> 
     </span>
    </p>
   </div>
   <div class='ocr_carea' id='block_1_40' title="bbox 346 2325 1923 2418">
    <p class='ocr_par' dir='ltr' id='par_1_40' title="bbox 346 2325 1923 2418">
     <span class='ocr_line' id='line_1_40' title="bbox 346 2325 1923 2418; baseline 0.017 -43"><span class='ocrx_word' id='word_1_274' title='bbox 346 2325 530 2393; x_wconf 83' lang='grc' dir='ltr'>φησὶν,</span> <span class='ocrx_word' id='word_1_275' title='bbox 563 2330 699 2386; x_wconf 86' lang='grc' dir='ltr'>ἐστί.</span> <span class='ocrx_word' id='word_1_276' title='bbox 744 2334 853 2386; x_wconf 81' lang='grc' dir='ltr'><strong>Καὶ</strong></span> <span class='ocrx_word' id='word_1_277' title='bbox 884 2336 1050 2409; x_wconf 87' lang='grc' dir='ltr'>πολλή</span> <span class='ocrx_word' id='word_1_278' title='bbox 1088 2339 1169 2403; x_wconf 90' lang='grc' dir='ltr'><strong>τίς</strong></span> <span class='ocrx_word' id='word_1_279' title='bbox 1216 2342 1330 2395; x_wconf 77' lang='grc' dir='ltr'>ἐστι</span> <span class='ocrx_word' id='word_1_280' title='bbox 1362 2346 1491 2415; x_wconf 85' lang='grc' dir='ltr'>παρ’</span> <span class='ocrx_word' id='word_1_281' title='bbox 1539 2345 1702 2399; x_wconf 79' lang='grc' dir='ltr'>αὑτοῦ</span> <span class='ocrx_word' id='word_1_282' title='bbox 1727 2350 1761 2416; x_wconf 89' lang='grc' dir='ltr'><strong>ή</strong></span> 
     </span>
    </p>
   </div>
   <div class='ocr_carea' id='block_1_41' title="bbox 348 2418 1920 2512">
    <p class='ocr_par' dir='ltr' id='par_1_41' title="bbox 348 2418 1920 2512">
     <span class='ocr_line' id='line_1_41' title="bbox 348 2418 1920 2512; baseline 0.016 -44"><span class='ocrx_word' id='word_1_283' title='bbox 348 2418 488 2512; x_wconf 85' lang='grc' dir='ltr'>μένη</span> <span class='ocrx_word' id='word_1_284' title='bbox 517 2421 705 2492; x_wconf 81' lang='grc' dir='ltr'>χλεύη.</span> <span class='ocrx_word' id='word_1_285' title='bbox 752 2424 863 2494; x_wconf 90' lang='grc' dir='ltr'>Τήν</span> <span class='ocrx_word' id='word_1_286' title='bbox 891 2444 951 2480; x_wconf 88' lang='grc' dir='ltr'><strong>τε</strong></span> <span class='ocrx_word' id='word_1_287' title='bbox 1000 2430 1108 2483; x_wconf 89' lang='grc' dir='ltr'><strong>τῶν</strong></span> <span class='ocrx_word' id='word_1_288' title='bbox 1146 2434 1352 2505; x_wconf 81' lang='grc' dir='ltr'>νεκρῶν</span> <span class='ocrx_word' id='word_1_289' title='bbox 1394 2436 1687 2491; x_wconf 83' lang='grc' dir='ltr'>ἀνάστασιν</span> <span class='ocrx_word' id='word_1_290' title='bbox 1728 2440 1920 2512; x_wconf 78' lang='grc' dir='ltr'>ἐλλιπῆ</span> 
     </span>
    </p>
   </div>
   <div class='ocr_carea' id='block_1_42' title="bbox 344 2510 1923 2598">
    <p class='ocr_par' dir='ltr' id='par_1_42' title="bbox 344 2510 1923 2598">
     <span class='ocr_line' id='line_1_42' title="bbox 344 2510 1923 2598; baseline 0.02 -42"><span class='ocrx_word' id='word_1_291' title='bbox 344 2510 599 2573; x_wconf 82' lang='grc' dir='ltr'>ποιεῖται,</span> <span class='ocrx_word' id='word_1_292' title='bbox 640 2512 713 2583; x_wconf 89' lang='grc' dir='ltr'><strong>πὴ</strong></span> <span class='ocrx_word' id='word_1_293' title='bbox 758 2514 856 2584; x_wconf 87' lang='grc' dir='ltr'>μὲν</span> <span class='ocrx_word' id='word_1_294' title='bbox 887 2516 1029 2588; x_wconf 80' lang='grc' dir='ltr'>λόγῳ</span> <span class='ocrx_word' id='word_1_295' title='bbox 1072 2522 1351 2592; x_wconf 88' lang='grc' dir='ltr'>παριστῶν</span> <span class='ocrx_word' id='word_1_296' title='bbox 1376 2524 1601 2597; x_wconf 83' lang='grc' dir='ltr'>ταύτην,</span> <span class='ocrx_word' id='word_1_297' title='bbox 1638 2528 1715 2598; x_wconf 88' lang='grc' dir='ltr'><strong>πὴ</strong></span> <span class='ocrx_word' id='word_1_298' title='bbox 1743 2528 1799 2581; x_wconf 84' lang='grc' dir='ltr'>δὲ</span> <span class='ocrx_word' id='word_1_299' title='bbox 1836 2510 1923 2597; x_wconf 30' lang='lat' dir='ltr'><strong>EE;-</strong></span> 
     </span>
    </p>
   </div>
   <div class='ocr_carea' id='block_1_43' title="bbox 344 2872 1919 2967">
    <p class='ocr_par' dir='ltr' id='par_1_43' title="bbox 344 2872 1919 2967">
     <span class='ocr_line' id='line_1_43' title="bbox 344 2872 1919 2967; baseline 0.017 -44"><span class='ocrx_word' id='word_1_300' title='bbox 344 2872 527 2927; x_wconf 66' lang='grc' dir='ltr'>ἐπάνω</span> <span class='ocrx_word' id='word_1_301' title='bbox 559 2878 666 2931; x_wconf 89' lang='grc' dir='ltr'><strong>τῶν</strong></span> <span class='ocrx_word' id='word_1_302' title='bbox 703 2882 971 2952; x_wconf 78' lang='grc' dir='ltr'>οὐρανῶν,</span> <span class='ocrx_word' id='word_1_303' title='bbox 1020 2886 1115 2937; x_wconf 77' lang='grc' dir='ltr'><strong>καὶ</strong></span> <span class='ocrx_word' id='word_1_304' title='bbox 1151 2890 1211 2940; x_wconf 86' lang='grc' dir='ltr'>τὸ</span> <span class='ocrx_word' id='word_1_305' title='bbox 1242 2887 1384 2961; x_wconf 79' lang='grc' dir='ltr'>ὕδωρ</span> <span class='ocrx_word' id='word_1_306' title='bbox 1412 2890 1472 2943; x_wconf 87' lang='grc' dir='ltr'><strong>τὸ</strong></span> <span class='ocrx_word' id='word_1_307' title='bbox 1521 2893 1777 2947; x_wconf 84' lang='grc' dir='ltr'>ὑποκάτω</span> <span class='ocrx_word' id='word_1_308' title='bbox 1817 2897 1919 2967; x_wconf 85' lang='grc' dir='ltr'>τῆς</span> 
     </span>
    </p>
   </div>
   <div class='ocr_carea' id='block_1_44' title="bbox 342 2964 1915 3055">
    <p class='ocr_par' dir='ltr' id='par_1_44' title="bbox 342 2964 1915 3055">
     <span class='ocr_line' id='line_1_44' title="bbox 342 2964 1915 3055; baseline 0.016 -41"><span class='ocrx_word' id='word_1_309' title='bbox 342 2964 464 3031; x_wconf 75' lang='grc' dir='ltr'>γῆς.</span> <span class='ocrx_word' id='word_1_310' title='bbox 504 2966 687 3021; x_wconf 80' lang='grc' dir='ltr'>Ταῦτα</span> <span class='ocrx_word' id='word_1_311' title='bbox 736 2971 792 3024; x_wconf 84' lang='grc' dir='ltr'>δὲ</span> <span class='ocrx_word' id='word_1_312' title='bbox 845 2975 937 3026; x_wconf 76' lang='grc' dir='ltr'><strong>καὶ</strong></span> <span class='ocrx_word' id='word_1_313' title='bbox 974 2975 1043 3027; x_wconf 79' lang='grc' dir='ltr'>τὰ</span> <span class='ocrx_word' id='word_1_314' title='bbox 1082 2976 1293 3042; x_wconf 84' lang='grc' dir='ltr'>τούτοις</span> <span class='ocrx_word' id='word_1_315' title='bbox 1340 2980 1502 3051; x_wconf 80' lang='grc' dir='ltr'>ὃμοια</span> <span class='ocrx_word' id='word_1_316' title='bbox 1550 2983 1801 3055; x_wconf 73' lang='grc' dir='ltr'>φλυαρῶν</span> <span class='ocrx_word' id='word_1_317' title='bbox 1854 2964 1915 3038; x_wconf 83' lang='grc' dir='ltr'>οὐ</span> 
     </span>
    </p>
   </div>
   <div class='ocr_carea' id='block_1_45' title="bbox 341 3053 1917 3139">
    <p class='ocr_par' dir='ltr' id='par_1_45' title="bbox 341 3053 1917 3139">
     <span class='ocr_line' id='line_1_45' title="bbox 341 3053 1917 3139; baseline 0.017 -34"><span class='ocrx_word' id='word_1_318' title='bbox 341 3053 624 3112; x_wconf 81' lang='grc' dir='ltr'>διαλείπει.</span> <span class='ocrx_word' id='word_1_319' title='bbox 664 3063 804 3134; x_wconf 82' lang='grc' dir='ltr'>Ἤδη</span> <span class='ocrx_word' id='word_1_320' title='bbox 832 3066 887 3118; x_wconf 84' lang='grc' dir='ltr'>δὲ</span> <span class='ocrx_word' id='word_1_321' title='bbox 922 3067 1014 3119; x_wconf 71' lang='grc' dir='ltr'><strong>καὶ</strong></span> <span class='ocrx_word' id='word_1_322' title='bbox 1054 3068 1111 3119; x_wconf 84' lang='grc' dir='ltr'><strong>ὲν</strong></span> <span class='ocrx_word' id='word_1_323' title='bbox 1137 3069 1314 3133; x_wconf 79' lang='grc' dir='ltr'>ἄλλοις</span> <span class='ocrx_word' id='word_1_324' title='bbox 1348 3074 1458 3126; x_wconf 75' lang='grc' dir='ltr'>τισὶ</span> <span class='ocrx_word' id='word_1_325' title='bbox 1486 3075 1671 3139; x_wconf 87' lang='grc' dir='ltr'>τόποις</span> <span class='ocrx_word' id='word_1_326' title='bbox 1694 3053 1763 3130; x_wconf 83' lang='grc' dir='ltr'>τὰ</span> <span class='ocrx_word' id='word_1_327' title='bbox 1805 3096 1917 3131; x_wconf 91' lang='grc' dir='ltr'>τοι-</span> 
     </span>
    </p>
   </div>
   <div class='ocr_carea' id='block_1_46' title="bbox 340 3145 1690 3235">
    <p class='ocr_par' dir='ltr' id='par_1_46' title="bbox 340 3145 1690 3235">
     <span class='ocr_line' id='line_1_46' title="bbox 340 3145 1690 3235; baseline 0.017 -39"><span class='ocrx_word' id='word_1_328' title='bbox 340 3145 480 3201; x_wconf 77' lang='grc' dir='ltr'>αῦτα</span> <span class='ocrx_word' id='word_1_329' title='bbox 508 3153 635 3223; x_wconf 80' lang='grc' dir='ltr'>περὶ</span> <span class='ocrx_word' id='word_1_330' title='bbox 665 3155 830 3207; x_wconf 82' lang='grc' dir='ltr'>αὑτοῦ</span> <span class='ocrx_word' id='word_1_331' title='bbox 865 3161 1193 3231; x_wconf 81' lang='grc' dir='ltr'>μνησθέντες</span> <span class='ocrx_word' id='word_1_332' title='bbox 1214 3162 1690 3235; x_wconf 79' lang='grc' dir='ltr'>διεξεληλύθαμεν.</span> 
     </span>
    </p>
   </div>
   <div class='ocr_carea' id='block_1_47' title="bbox 2028 1882 3590 1962">
    <p class='ocr_par' dir='ltr' id='par_1_47' title="bbox 2028 1882 3590 1962">
     <span class='ocr_line' id='line_1_47' title="bbox 2028 1882 3590 1962; baseline 0.001 -20"><span class='ocrx_word' id='word_1_333' title='bbox 2028 1890 2289 1958; x_wconf 67' lang='lat' dir='ltr'><strong>prmelara</strong></span> <span class='ocrx_word' id='word_1_334' title='bbox 2311 1905 2408 1945; x_wconf 88' lang='lat' dir='ltr'><strong>sua</strong></span> <span class='ocrx_word' id='word_1_335' title='bbox 2436 1890 2583 1946; x_wconf 84' lang='lat' dir='ltr'><strong>facta</strong></span> <span class='ocrx_word' id='word_1_336' title='bbox 2609 1892 2884 1961; x_wconf 83' lang='lat' dir='ltr'><strong>vitamque</strong></span> <span class='ocrx_word' id='word_1_337' title='bbox 2902 1908 2967 1946; x_wconf 82' lang='lat' dir='ltr'><strong>ex</strong></span> <span class='ocrx_word' id='word_1_338' title='bbox 2983 1882 3195 1962; x_wconf 82' lang='lat' dir='ltr'><strong>justitia</strong></span> <span class='ocrx_word' id='word_1_339' title='bbox 3213 1900 3590 1961; x_wconf 82' lang='lat' dir='ltr'><strong>temperatam,</strong></span> 
     </span>
    </p>
   </div>
   <div class='ocr_carea' id='block_1_48' title="bbox 2026 1979 3593 2055">
    <p class='ocr_par' dir='ltr' id='par_1_48' title="bbox 2026 1979 3593 2055">
     <span class='ocr_line' id='line_1_48' title="bbox 2026 1979 3593 2055; baseline 0.001 -20"><span class='ocrx_word' id='word_1_340' title='bbox 2026 1979 2096 2035; x_wconf 88' lang='lat' dir='ltr'><strong>ad</strong></span> <span class='ocrx_word' id='word_1_341' title='bbox 2122 1996 2433 2051; x_wconf 84' lang='lat' dir='ltr'><strong>supremam</strong></span> <span class='ocrx_word' id='word_1_342' title='bbox 2457 1981 2603 2035; x_wconf 89' lang='lat' dir='ltr'><strong>illam</strong></span> <span class='ocrx_word' id='word_1_343' title='bbox 2628 1983 3017 2053; x_wconf 67' lang='lat' dir='ltr'><strong>caelestemque</strong></span> <span class='ocrx_word' id='word_1_344' title='bbox 3048 1985 3288 2055; x_wconf 85' lang='lat' dir='ltr'><strong>requiem</strong></span> <span class='ocrx_word' id='word_1_345' title='bbox 3318 1998 3441 2039; x_wconf 90' lang='lat' dir='ltr'><strong>sese</strong></span> <span class='ocrx_word' id='word_1_346' title='bbox 3462 1997 3593 2037; x_wconf 87' lang='lat' dir='ltr'><strong>con-</strong></span> 
     </span>
    </p>
   </div>
   <div class='ocr_carea' id='block_1_49' title="bbox 2024 2074 3592 2146">
    <p class='ocr_par' dir='ltr' id='par_1_49' title="bbox 2024 2074 3592 2146">
     <span class='ocr_line' id='line_1_49' title="bbox 2024 2074 3592 2146; baseline 0.003 -18"><span class='ocrx_word' id='word_1_347' title='bbox 2024 2083 2218 2130; x_wconf 85' lang='lat' dir='ltr'><strong>vertat.</strong></span> <span class='ocrx_word' id='word_1_348' title='bbox 2245 2074 2519 2131; x_wconf 82' lang='lat' dir='ltr'><strong>Sexcenta</strong></span> <span class='ocrx_word' id='word_1_349' title='bbox 2541 2076 2609 2131; x_wconf 90' lang='lat' dir='ltr'><strong>ad</strong></span> <span class='ocrx_word' id='word_1_350' title='bbox 2637 2092 2761 2132; x_wconf 89' lang='lat' dir='ltr'><strong>eum</strong></span> <span class='ocrx_word' id='word_1_351' title='bbox 2784 2077 3001 2131; x_wconf 90' lang='lat' dir='ltr'><strong>modum</strong></span> <span class='ocrx_word' id='word_1_352' title='bbox 3017 2076 3434 2133; x_wconf 87' lang='lat' dir='ltr'><strong>commemorari</strong></span> <span class='ocrx_word' id='word_1_353' title='bbox 3461 2092 3592 2146; x_wconf 88' lang='lat' dir='ltr'><strong>pos-</strong></span> 
     </span>
    </p>
   </div>
   <div class='ocr_carea' id='block_1_50' title="bbox 2025 2168 3607 2241">
    <p class='ocr_par' dir='ltr' id='par_1_50' title="bbox 2025 2168 3607 2241">
     <span class='ocr_line' id='line_1_50' title="bbox 2025 2168 3607 2241; baseline 0.001 -17"><span class='ocrx_word' id='word_1_354' title='bbox 2025 2176 2173 2224; x_wconf 85' lang='lat' dir='ltr'><strong>sunt.</strong></span> <span class='ocrx_word' id='word_1_355' title='bbox 2225 2168 2360 2224; x_wconf 84' lang='lat' dir='ltr'><strong>illud</strong></span> <span class='ocrx_word' id='word_1_356' title='bbox 2415 2184 2578 2240; x_wconf 90' lang='lat' dir='ltr'><strong>porro</strong></span> <span class='ocrx_word' id='word_1_357' title='bbox 2626 2170 2843 2237; x_wconf 69' lang='lat' dir='ltr'><strong>divinae,</strong></span> <span class='ocrx_word' id='word_1_358' title='bbox 2877 2171 3022 2241; x_wconf 92' lang='lat' dir='ltr'><strong>quod</strong></span> <span class='ocrx_word' id='word_1_359' title='bbox 3059 2170 3311 2233; x_wconf 86' lang='lat' dir='ltr'><strong>habebat,</strong></span> <span class='ocrx_word' id='word_1_360' title='bbox 3340 2170 3607 2240; x_wconf 56' lang='lat' dir='ltr'><strong>imaginis»</strong></span> 
     </span>
    </p>
   </div>
   <div class='ocr_carea' id='block_1_51' title="bbox 2023 2259 3603 2331">
    <p class='ocr_par' dir='ltr' id='par_1_51' title="bbox 2023 2259 3603 2331">
     <span class='ocr_line' id='line_1_51' title="bbox 2023 2259 3603 2331; baseline -0.001 -18"><span class='ocrx_word' id='word_1_361' title='bbox 2023 2259 2193 2316; x_wconf 86' lang='lat' dir='ltr'><strong>decus</strong></span> <span class='ocrx_word' id='word_1_362' title='bbox 2220 2259 2491 2315; x_wconf 87' lang='lat' dir='ltr'><strong>Adamum</strong></span> <span class='ocrx_word' id='word_1_363' title='bbox 2523 2261 2832 2331; x_wconf 83' lang='lat' dir='ltr'><strong>perdidisse</strong></span> <span class='ocrx_word' id='word_1_364' title='bbox 2860 2269 3069 2317; x_wconf 87' lang='lat' dir='ltr'><strong>narrat.</strong></span> <span class='ocrx_word' id='word_1_365' title='bbox 3098 2261 3235 2316; x_wconf 89' lang='lat' dir='ltr'><strong>Hinc</strong></span> <span class='ocrx_word' id='word_1_366' title='bbox 3259 2269 3364 2327; x_wconf 90' lang='lat' dir='ltr'><strong>est,</strong></span> <span class='ocrx_word' id='word_1_367' title='bbox 3392 2261 3603 2331; x_wconf 82' lang='lat' dir='ltr'><strong>inquit,</strong></span> 
     </span>
    </p>
   </div>
   <div class='ocr_carea' id='block_1_52' title="bbox 2022 2352 3588 2425">
    <p class='ocr_par' dir='ltr' id='par_1_52' title="bbox 2022 2352 3588 2425">
     <span class='ocr_line' id='line_1_52' title="bbox 2022 2352 3588 2425; baseline 0 -19"><span class='ocrx_word' id='word_1_368' title='bbox 2022 2352 2169 2421; x_wconf 92' lang='lat' dir='ltr'><strong>quod</strong></span> <span class='ocrx_word' id='word_1_369' title='bbox 2200 2352 2551 2420; x_wconf 87' lang='lat' dir='ltr'><strong>pellicearum</strong></span> <span class='ocrx_word' id='word_1_370' title='bbox 2600 2356 2912 2409; x_wconf 82' lang='lat' dir='ltr'><strong>tunicarum</strong></span> <span class='ocrx_word' id='word_1_371' title='bbox 2953 2355 3005 2408; x_wconf 89' lang='lat' dir='ltr'><strong>in</strong></span> <span class='ocrx_word' id='word_1_372' title='bbox 3038 2354 3320 2425; x_wconf 86' lang='lat' dir='ltr'><strong>Scriptura</strong></span> <span class='ocrx_word' id='word_1_373' title='bbox 3346 2354 3409 2407; x_wconf 82' lang='lat' dir='ltr'><strong>ﬁt</strong></span> <span class='ocrx_word' id='word_1_374' title='bbox 3437 2367 3588 2407; x_wconf 81' lang='lat' dir='ltr'><strong>men-</strong></span> 
     </span>
    </p>
   </div>
   <div class='ocr_carea' id='block_1_53' title="bbox 2024 2440 3606 2522">
    <p class='ocr_par' dir='ltr' id='par_1_53' title="bbox 2024 2440 3606 2522">
     <span class='ocr_line' id='line_1_53' title="bbox 2024 2440 3606 2522; baseline 0.004 -26"><span class='ocrx_word' id='word_1_375' title='bbox 2024 2443 2098 2497; x_wconf 87' lang='lat' dir='ltr'><strong>tio</strong></span> <span class='ocrx_word' id='word_1_376' title='bbox 2130 2461 2142 2496; x_wconf 88' lang='lat'><strong>:</strong></span> <span class='ocrx_word' id='word_1_377' title='bbox 2172 2440 2326 2496; x_wconf 83' lang='lat' dir='ltr'><strong>Fecit</strong></span> <span class='ocrx_word' id='word_1_378' title='bbox 2383 2443 2491 2497; x_wconf 77' lang='lat' dir='ltr'><strong>illis</strong></span> <span class='ocrx_word' id='word_1_379' title='bbox 2537 2446 2747 2499; x_wconf 77' lang='lat' dir='ltr'><strong>tunicas</strong></span> <span class='ocrx_word' id='word_1_380' title='bbox 2796 2444 3063 2514; x_wconf 71' lang='lat' dir='ltr'><strong>pellicem,</strong></span> <span class='ocrx_word' id='word_1_381' title='bbox 3101 2456 3150 2499; x_wconf 87' lang='lat' dir='ltr'><strong>et</strong></span> <span class='ocrx_word' id='word_1_382' title='bbox 3180 2446 3350 2499; x_wconf 78' lang='lat' dir='ltr'><strong>induit</strong></span> <span class='ocrx_word' id='word_1_383' title='bbox 3374 2448 3513 2516; x_wconf 78' lang='lat' dir='ltr'><strong>ipsos</strong></span> <span class='ocrx_word' id='word_1_384' title='bbox 3545 2445 3606 2522; x_wconf 62' lang='grc' dir='ltr'><strong>ξ..</strong></span> 
     </span>
    </p>
   </div>
   <div class='ocr_carea' id='block_1_54' title="bbox 2021 2532 3605 2606">
    <p class='ocr_par' dir='ltr' id='par_1_54' title="bbox 2021 2532 3605 2606">
     <span class='ocr_line' id='line_1_54' title="bbox 2021 2532 3605 2606; baseline 0.003 -20"><span class='ocrx_word' id='word_1_385' title='bbox 2021 2532 2175 2599; x_wconf 85' lang='lat' dir='ltr'><strong>Quod</strong></span> <span class='ocrx_word' id='word_1_386' title='bbox 2204 2534 2273 2588; x_wconf 87' lang='lat' dir='ltr'><strong>de</strong></span> <span class='ocrx_word' id='word_1_387' title='bbox 2296 2549 2528 2604; x_wconf 89' lang='lat' dir='ltr'><strong>corpore</strong></span> <span class='ocrx_word' id='word_1_388' title='bbox 2560 2536 2777 2606; x_wconf 86' lang='lat' dir='ltr'><strong>accipit.</strong></span> <span class='ocrx_word' id='word_1_389' title='bbox 2807 2536 3045 2591; x_wconf 87' lang='lat' dir='ltr'><strong>Omnino</strong></span> <span class='ocrx_word' id='word_1_390' title='bbox 3073 2537 3281 2591; x_wconf 84' lang='lat' dir='ltr'><strong>inﬁnita</strong></span> <span class='ocrx_word' id='word_1_391' title='bbox 3327 2538 3430 2591; x_wconf 91' lang='lat' dir='ltr'><strong>alia</strong></span> <span class='ocrx_word' id='word_1_392' title='bbox 3463 2546 3605 2592; x_wconf 88' lang='lat' dir='ltr'><strong>sunt-</strong></span> 
     </span>
    </p>
   </div>
   <div class='ocr_carea' id='block_1_55' title="bbox 2020 2624 3593 2699">
    <p class='ocr_par' dir='ltr' id='par_1_55' title="bbox 2020 2624 3593 2699">
     <span class='ocr_line' id='line_1_55' title="bbox 2020 2624 3593 2699; baseline 0.003 -22"><span class='ocrx_word' id='word_1_393' title='bbox 2020 2624 2089 2679; x_wconf 90' lang='lat' dir='ltr'><strong>ab</strong></span> <span class='ocrx_word' id='word_1_394' title='bbox 2120 2640 2187 2680; x_wconf 88' lang='lat' dir='ltr'><strong>eo</strong></span> <span class='ocrx_word' id='word_1_395' title='bbox 2215 2624 2499 2681; x_wconf 84' lang='lat' dir='ltr'><strong>decantata</strong></span> <span class='ocrx_word' id='word_1_396' title='bbox 2547 2627 2818 2699; x_wconf 77' lang='lat' dir='ltr'><strong>dogmata,</strong></span> <span class='ocrx_word' id='word_1_397' title='bbox 2850 2629 2966 2683; x_wconf 87' lang='lat' dir='ltr'><strong>risu</strong></span> <span class='ocrx_word' id='word_1_398' title='bbox 3010 2642 3081 2683; x_wconf 83' lang='lat' dir='ltr'><strong>ac</strong></span> <span class='ocrx_word' id='word_1_399' title='bbox 3121 2629 3355 2683; x_wconf 87' lang='lat' dir='ltr'><strong>ludibrio</strong></span> <span class='ocrx_word' id='word_1_400' title='bbox 3403 2629 3593 2698; x_wconf 81' lang='lat' dir='ltr'><strong>digna.</strong></span> 
     </span>
    </p>
   </div>
   <div class='ocr_carea' id='block_1_56' title="bbox 1900 2714 3613 2776">
    <p class='ocr_par' dir='ltr' id='par_1_56' title="bbox 1900 2714 3613 2776">
     <span class='ocr_line' id='line_1_56' title="bbox 1900 2714 3613 2776; baseline 0.002 -8"><span class='ocrx_word' id='word_1_401' title='bbox 1900 2753 1915 2776; x_wconf 91' lang='lat'><strong>,</strong></span> <span class='ocrx_word' id='word_1_402' title='bbox 2018 2714 2153 2769; x_wconf 87' lang='lat' dir='ltr'><strong>Nam</strong></span> <span class='ocrx_word' id='word_1_403' title='bbox 2203 2724 2263 2771; x_wconf 88' lang='lat' dir='ltr'><strong>et</strong></span> <span class='ocrx_word' id='word_1_404' title='bbox 2304 2724 2643 2772; x_wconf 88' lang='lat' dir='ltr'><strong>mortuorum</strong></span> <span class='ocrx_word' id='word_1_405' title='bbox 2701 2718 3157 2772; x_wconf 88' lang='lat' dir='ltr'><strong>resurrectionem</strong></span> <span class='ocrx_word' id='word_1_406' title='bbox 3215 2732 3462 2770; x_wconf 85' lang='lat' dir='ltr'><strong>mancam</strong></span> <span class='ocrx_word' id='word_1_407' title='bbox 3526 2731 3613 2772; x_wconf 52' lang='lat' dir='ltr'><strong>ac&quot;</strong></span> 
     </span>
    </p>
   </div>
   <div class='ocr_carea' id='block_1_57' title="bbox 2018 2805 3591 2876">
    <p class='ocr_par' dir='ltr' id='par_1_57' title="bbox 2018 2805 3591 2876">
     <span class='ocr_line' id='line_1_57' title="bbox 2018 2805 3591 2876; baseline 0.001 -17"><span class='ocrx_word' id='word_1_408' title='bbox 2018 2805 2283 2859; x_wconf 74' lang='lat' dir='ltr'><strong>delectam</strong></span> <span class='ocrx_word' id='word_1_409' title='bbox 2317 2805 2536 2859; x_wconf 91' lang='lat' dir='ltr'><strong>asserit.</strong></span> <span class='ocrx_word' id='word_1_410' title='bbox 2567 2805 2740 2871; x_wconf 89' lang='lat' dir='ltr'><strong>Quam</strong></span> <span class='ocrx_word' id='word_1_411' title='bbox 2773 2808 2992 2876; x_wconf 87' lang='lat' dir='ltr'><strong>quidem</strong></span> <span class='ocrx_word' id='word_1_412' title='bbox 3045 2808 3242 2876; x_wconf 81' lang='lat' dir='ltr'><strong>partim</strong></span> <span class='ocrx_word' id='word_1_413' title='bbox 3296 2807 3477 2861; x_wconf 84' lang='lat' dir='ltr'><strong>verbis</strong></span> <span class='ocrx_word' id='word_1_414' title='bbox 3507 2806 3591 2861; x_wconf 78' lang='lat' dir='ltr'><strong>af-</strong></span> 
     </span>
    </p>
   </div>
   <div class='ocr_carea' id='block_1_58' title="bbox 2018 2896 3588 2968">
    <p class='ocr_par' dir='ltr' id='par_1_58' title="bbox 2018 2896 3588 2968">
     <span class='ocr_line' id='line_1_58' title="bbox 2018 2896 3588 2968; baseline 0.001 -18"><span class='ocrx_word' id='word_1_415' title='bbox 2018 2897 2220 2965; x_wconf 84' lang='lat' dir='ltr'><strong>ﬁrmat,</strong></span> <span class='ocrx_word' id='word_1_416' title='bbox 2255 2898 2450 2966; x_wconf 87' lang='lat' dir='ltr'><strong>partim</strong></span> <span class='ocrx_word' id='word_1_417' title='bbox 2500 2896 2747 2951; x_wconf 82' lang='lat' dir='ltr'><strong>lunditus</strong></span> <span class='ocrx_word' id='word_1_418' title='bbox 2800 2899 2959 2953; x_wconf 89' lang='lat' dir='ltr'><strong>tollit.</strong></span> <span class='ocrx_word' id='word_1_419' title='bbox 3002 2899 3154 2953; x_wconf 78' lang='lat' dir='ltr'><strong>Alias</strong></span> <span class='ocrx_word' id='word_1_420' title='bbox 3201 2913 3330 2953; x_wconf 91' lang='lat' dir='ltr'><strong>vero</strong></span> <span class='ocrx_word' id='word_1_421' title='bbox 3379 2906 3588 2968; x_wconf 90' lang='lat' dir='ltr'><strong>partem</strong></span> 
     </span>
    </p>
   </div>
   <div class='ocr_carea' id='block_1_59' title="bbox 2017 2971 3615 3062">
    <p class='ocr_par' dir='ltr' id='par_1_59' title="bbox 2017 2971 3615 3062">
     <span class='ocr_line' id='line_1_59' title="bbox 2017 2971 3615 3062; baseline 0.003 -20"><span class='ocrx_word' id='word_1_422' title='bbox 2017 2971 2283 3043; x_wconf 80' lang='lat' dir='ltr'><strong>duntaxat</strong></span> <span class='ocrx_word' id='word_1_423' title='bbox 2304 2988 2541 3043; x_wconf 90' lang='lat' dir='ltr'><strong>hominis</strong></span> <span class='ocrx_word' id='word_1_424' title='bbox 2568 2991 2796 3044; x_wconf 82' lang='lat' dir='ltr'><strong>excitari</strong></span> <span class='ocrx_word' id='word_1_425' title='bbox 2812 2999 2984 3061; x_wconf 89' lang='lat' dir='ltr'><strong>putat.</strong></span> <span class='ocrx_word' id='word_1_426' title='bbox 3004 2990 3240 3045; x_wconf 85' lang='lat' dir='ltr'><strong>Demum.</strong></span> <span class='ocrx_word' id='word_1_427' title='bbox 3254 3006 3615 3062; x_wconf 69' lang='lat' dir='ltr'><strong>quaecunque-</strong></span> 
     </span>
    </p>
   </div>
   <div class='ocr_carea' id='block_1_60' title="bbox 2016 3079 3613 3150">
    <p class='ocr_par' dir='ltr' id='par_1_60' title="bbox 2016 3079 3613 3150">
     <span class='ocr_line' id='line_1_60' title="bbox 2016 3079 3613 3150; baseline 0.002 -19"><span class='ocrx_word' id='word_1_428' title='bbox 2016 3086 2214 3149; x_wconf 90' lang='lat' dir='ltr'><strong>potest,</strong></span> <span class='ocrx_word' id='word_1_429' title='bbox 2247 3079 2316 3133; x_wconf 89' lang='lat' dir='ltr'><strong>ad</strong></span> <span class='ocrx_word' id='word_1_430' title='bbox 2355 3079 2646 3149; x_wconf 76' lang='lat' dir='ltr'><strong>allegorias</strong></span> <span class='ocrx_word' id='word_1_431' title='bbox 2685 3079 2967 3141; x_wconf 83' lang='lat' dir='ltr'><strong>transfert,</strong></span> <span class='ocrx_word' id='word_1_432' title='bbox 2998 3081 3143 3134; x_wconf 91' lang='lat' dir='ltr'><strong>velut</strong></span> <span class='ocrx_word' id='word_1_433' title='bbox 3174 3081 3507 3150; x_wconf 88' lang='lat' dir='ltr'><strong>paradisum,</strong></span> <span class='ocrx_word' id='word_1_434' title='bbox 3535 3088 3613 3134; x_wconf 75' lang='lat' dir='ltr'><strong>et:</strong></span> 
     </span>
    </p>
   </div>
   <div class='ocr_carea' id='block_1_61' title="bbox 1938 3165 3604 3243">
    <p class='ocr_par' dir='ltr' id='par_1_61' title="bbox 1938 3165 3604 3243">
     <span class='ocr_line' id='line_1_61' title="bbox 1938 3165 3604 3243; baseline 0.004 -22"><span class='ocrx_word' id='word_1_435' title='bbox 1938 3165 1982 3221; x_wconf 88' lang='lat' dir='ltr'><strong><em>C</em></strong></span> <span class='ocrx_word' id='word_1_436' title='bbox 2016 3186 2187 3241; x_wconf 89' lang='lat' dir='ltr'><strong>aquas</strong></span> <span class='ocrx_word' id='word_1_437' title='bbox 2235 3187 2359 3243; x_wconf 59' lang='lat' dir='ltr'><strong>quae</strong></span> <span class='ocrx_word' id='word_1_438' title='bbox 2407 3170 2462 3225; x_wconf 92' lang='lat' dir='ltr'><strong>in</strong></span> <span class='ocrx_word' id='word_1_439' title='bbox 2491 3186 2557 3227; x_wconf 89' lang='lat' dir='ltr'><strong>eo</strong></span> <span class='ocrx_word' id='word_1_440' title='bbox 2588 3180 2747 3236; x_wconf 90' lang='lat' dir='ltr'><strong>sunt,</strong></span> <span class='ocrx_word' id='word_1_441' title='bbox 2786 3187 3017 3243; x_wconf 71' lang='lat' dir='ltr'><strong>quaeque</strong></span> <span class='ocrx_word' id='word_1_442' title='bbox 3050 3182 3105 3228; x_wconf 92' lang='lat' dir='ltr'><strong>et</strong></span> <span class='ocrx_word' id='word_1_443' title='bbox 3135 3188 3301 3243; x_wconf 87' lang='lat' dir='ltr'><strong>supra</strong></span> <span class='ocrx_word' id='word_1_444' title='bbox 3333 3174 3604 3228; x_wconf 68' lang='lat' dir='ltr'><strong>caelestes.</strong></span> 
     </span>
    </p>
   </div>
   <div class='ocr_carea' id='block_1_62' title="bbox 343 3242 3590 3337">
    <p class='ocr_par' dir='ltr' id='par_1_62' title="bbox 343 3242 3590 3337">
     <span class='ocr_line' id='line_1_62' title="bbox 343 3242 3590 3337; baseline 0.007 -43"><span class='ocrx_word' id='word_1_445' title='bbox 343 3242 527 3308; x_wconf 86' lang='lat' dir='ltr'><strong>orbes,</strong></span> <span class='ocrx_word' id='word_1_446' title='bbox 558 3253 611 3299; x_wconf 91' lang='lat' dir='ltr'><strong>et</strong></span> <span class='ocrx_word' id='word_1_447' title='bbox 641 3248 748 3301; x_wconf 92' lang='lat' dir='ltr'><strong>sub</strong></span> <span class='ocrx_word' id='word_1_448' title='bbox 787 3258 933 3303; x_wconf 88' lang='lat' dir='ltr'><strong>terra</strong></span> <span class='ocrx_word' id='word_1_449' title='bbox 968 3254 1325 3311; x_wconf 88' lang='lat' dir='ltr'><strong>collocantur.</strong></span> <span class='ocrx_word' id='word_1_450' title='bbox 1352 3255 1477 3311; x_wconf 66' lang='lat' dir='ltr'><strong>Haac</strong></span> <span class='ocrx_word' id='word_1_451' title='bbox 1526 3267 1582 3312; x_wconf 92' lang='lat' dir='ltr'><strong>et</strong></span> <span class='ocrx_word' id='word_1_452' title='bbox 1606 3259 1694 3314; x_wconf 91' lang='lat' dir='ltr'><strong>his</strong></span> <span class='ocrx_word' id='word_1_453' title='bbox 1744 3260 1946 3316; x_wconf 82' lang='lat' dir='ltr'><strong>similia</strong></span> <span class='ocrx_word' id='word_1_454' title='bbox 1982 3268 2176 3334; x_wconf 81' lang='lat' dir='ltr'><strong>nugari</strong></span> <span class='ocrx_word' id='word_1_455' title='bbox 2223 3242 2330 3319; x_wconf 86' lang='lat' dir='ltr'><strong>non</strong></span> <span class='ocrx_word' id='word_1_456' title='bbox 2366 3263 2585 3331; x_wconf 90' lang='lat' dir='ltr'><strong>desinit,</strong></span> <span class='ocrx_word' id='word_1_457' title='bbox 2655 3280 2888 3337; x_wconf 91' lang='lat' dir='ltr'><strong>quorum</strong></span> <span class='ocrx_word' id='word_1_458' title='bbox 2937 3265 3263 3320; x_wconf 89' lang='lat' dir='ltr'><strong>mentionem</strong></span> <span class='ocrx_word' id='word_1_459' title='bbox 3307 3263 3418 3333; x_wconf 86' lang='lat' dir='ltr'><strong>jam</strong></span> <span class='ocrx_word' id='word_1_460' title='bbox 3465 3264 3590 3321; x_wconf 89' lang='lat' dir='ltr'><strong>aliis</strong></span> 
     </span>
    </p>
   </div>
   <div class='ocr_carea' id='block_1_63' title="bbox 340 3331 939 3407">
    <p class='ocr_par' dir='ltr' id='par_1_63' title="bbox 340 3331 939 3407">
     <span class='ocr_line' id='line_1_63' title="bbox 340 3331 939 3407; baseline 0.02 -22"><span class='ocrx_word' id='word_1_461' title='bbox 340 3331 398 3388; x_wconf 86' lang='lat' dir='ltr'><strong>in</strong></span> <span class='ocrx_word' id='word_1_462' title='bbox 426 3336 557 3391; x_wconf 89' lang='lat' dir='ltr'><strong>locis</strong></span> <span class='ocrx_word' id='word_1_463' title='bbox 587 3341 939 3407; x_wconf 87' lang='lat' dir='ltr'><strong>aspersimus.</strong></span> 
     </span>
    </p>
   </div>
   <div class='ocr_carea' id='block_1_64' title="bbox 412 3431 1917 3514">
    <p class='ocr_par' dir='ltr' id='par_1_64' title="bbox 412 3431 1917 3514">
     <span class='ocr_line' id='line_1_64' title="bbox 412 3431 1917 3514; baseline 0.011 -32"><span class='ocrx_word' id='word_1_464' title='bbox 412 3431 486 3483; x_wconf 82' lang='lat' dir='ltr'><strong>E&#39;.</strong></span> <span class='ocrx_word' id='word_1_465' title='bbox 527 3432 691 3485; x_wconf 78' lang='grc' dir='ltr'>Οὐδὲν</span> <span class='ocrx_word' id='word_1_466' title='bbox 713 3434 770 3486; x_wconf 88' lang='grc' dir='ltr'>δὲ</span> <span class='ocrx_word' id='word_1_467' title='bbox 805 3436 899 3489; x_wconf 80' lang='grc' dir='ltr'><strong>καὶ</strong></span> <span class='ocrx_word' id='word_1_468' title='bbox 927 3438 1021 3490; x_wconf 81' lang='grc' dir='ltr'>νῦν</span> <span class='ocrx_word' id='word_1_469' title='bbox 1056 3438 1288 3511; x_wconf 84' lang='grc' dir='ltr'>λυπήσει</span> <span class='ocrx_word' id='word_1_470' title='bbox 1316 3436 1471 3503; x_wconf 80' lang='grc' dir='ltr'>αὖθις</span> <span class='ocrx_word' id='word_1_471' title='bbox 1500 3442 1558 3496; x_wconf 79' lang='grc' dir='ltr'>ἐν</span> <span class='ocrx_word' id='word_1_472' title='bbox 1582 3445 1655 3514; x_wconf 78' lang='grc' dir='ltr'><strong>τῇ·</strong></span> <span class='ocrx_word' id='word_1_473' title='bbox 1677 3446 1795 3497; x_wconf 84' lang='grc' dir='ltr'>κατ’</span> <span class='ocrx_word' id='word_1_474' title='bbox 1823 3445 1917 3499; x_wconf 86' lang='grc' dir='ltr'>αὑ-</span> 
     </span>
    </p>
   </div>
   <div class='ocr_carea' id='block_1_65' title="bbox 338 3521 1915 3604">
    <p class='ocr_par' dir='ltr' id='par_1_65' title="bbox 338 3521 1915 3604">
     <span class='ocr_line' id='line_1_65' title="bbox 338 3521 1915 3604; baseline 0.01 -30"><span class='ocrx_word' id='word_1_475' title='bbox 338 3521 438 3594; x_wconf 84' lang='grc' dir='ltr'><strong>τὴν</strong></span> <span class='ocrx_word' id='word_1_476' title='bbox 470 3525 680 3595; x_wconf 83' lang='grc' dir='ltr'>αἱρέσει</span> <span class='ocrx_word' id='word_1_477' title='bbox 711 3528 841 3596; x_wconf 81' lang='grc' dir='ltr'>περὶ</span> <span class='ocrx_word' id='word_1_478' title='bbox 868 3528 966 3599; x_wconf 83' lang='grc' dir='ltr'>τῆς</span> <span class='ocrx_word' id='word_1_479' title='bbox 1009 3530 1176 3584; x_wconf 77' lang='grc' dir='ltr'>αὑτοῦ</span> <span class='ocrx_word' id='word_1_480' title='bbox 1212 3533 1564 3604; x_wconf 84' lang='grc' dir='ltr'>περιπετείας</span> <span class='ocrx_word' id='word_1_481' title='bbox 1592 3536 1693 3588; x_wconf 63' lang='grc' dir='ltr'><strong>καὶ⁷</strong></span> <span class='ocrx_word' id='word_1_482' title='bbox 1722 3536 1915 3589; x_wconf 86' lang='grc' dir='ltr'>ὑποθέ-</span> 
     </span>
    </p>
   </div>
   <div class='ocr_carea' id='block_1_66' title="bbox 341 3614 1910 3687">
    <p class='ocr_par' dir='ltr' id='par_1_66' title="bbox 341 3614 1910 3687">
     <span class='ocr_line' id='line_1_66' title="bbox 341 3614 1910 3687; baseline 0.011 -22"><span class='ocrx_word' id='word_1_483' title='bbox 341 3629 479 3676; x_wconf 86' lang='grc' dir='ltr'>σεως</span> <span class='ocrx_word' id='word_1_484' title='bbox 499 3614 883 3687; x_wconf 89' lang='grc' dir='ltr'>διηγήσασθαι,</span> <span class='ocrx_word' id='word_1_485' title='bbox 914 3622 1010 3674; x_wconf 82' lang='lat' dir='ltr'><strong>xal</strong></span> <span class='ocrx_word' id='word_1_486' title='bbox 1040 3621 1099 3686; x_wconf 76' lang='grc' dir='ltr'>ἐξ</span> <span class='ocrx_word' id='word_1_487' title='bbox 1126 3622 1289 3676; x_wconf 83' lang='grc' dir='ltr'>αὑτοῦ</span> <span class='ocrx_word' id='word_1_488' title='bbox 1328 3624 1437 3677; x_wconf 86' lang='grc' dir='ltr'><strong>τῶν</strong></span> <span class='ocrx_word' id='word_1_489' title='bbox 1460 3624 1552 3677; x_wconf 77' lang='grc' dir='ltr'>ὑπ’</span> <span class='ocrx_word' id='word_1_490' title='bbox 1585 3626 1747 3679; x_wconf 80' lang='grc' dir='ltr'>αὐτοῦ</span> <span class='ocrx_word' id='word_1_491' title='bbox 1778 3628 1910 3681; x_wconf 81' lang='grc' dir='ltr'>ὑπο-</span> 
     </span>
    </p>
   </div>
   <div class='ocr_carea' id='block_1_67' title="bbox 341 3704 1912 3789">
    <p class='ocr_par' dir='ltr' id='par_1_67' title="bbox 341 3704 1912 3789">
     <span class='ocr_line' id='line_1_67' title="bbox 341 3704 1912 3789; baseline 0.01 -34"><span class='ocrx_word' id='word_1_492' title='bbox 341 3704 690 3777; x_wconf 79' lang='grc' dir='ltr'>ϐαλλομένων</span> <span class='ocrx_word' id='word_1_493' title='bbox 725 3708 823 3779; x_wconf 88' lang='grc' dir='ltr'><strong>τὴν</strong></span> <span class='ocrx_word' id='word_1_494' title='bbox 864 3713 1177 3784; x_wconf 83' lang='grc' dir='ltr'>ἀνατροπὴν</span> <span class='ocrx_word' id='word_1_495' title='bbox 1216 3715 1564 3787; x_wconf 89' lang='grc' dir='ltr'>ποιήσασθαι.</span> <span class='ocrx_word' id='word_1_496' title='bbox 1599 3718 1775 3788; x_wconf 82' lang='grc' dir='ltr'>Πολλὴ</span> <span class='ocrx_word' id='word_1_497' title='bbox 1804 3718 1912 3789; x_wconf 88' lang='grc' dir='ltr'><strong>γάρ</strong></span> 
     </span>
    </p>
   </div>
   <div class='ocr_carea' id='block_1_68' title="bbox 340 3797 1910 3881">
    <p class='ocr_par' dir='ltr' id='par_1_68' title="bbox 340 3797 1910 3881">
     <span class='ocr_line' id='line_1_68' title="bbox 340 3797 1910 3881; baseline 0.01 -34"><span class='ocrx_word' id='word_1_498' title='bbox 340 3797 372 3865; x_wconf 82' lang='grc' dir='ltr'>ἡ</span> <span class='ocrx_word' id='word_1_499' title='bbox 406 3797 596 3851; x_wconf 85' lang='grc' dir='ltr'>τούτου</span> <span class='ocrx_word' id='word_1_500' title='bbox 624 3799 848 3872; x_wconf 79' lang='grc' dir='ltr'>ὕστερον</span> <span class='ocrx_word' id='word_1_501' title='bbox 878 3805 1143 3877; x_wconf 82' lang='grc' dir='ltr'>γενομένη</span> <span class='ocrx_word' id='word_1_502' title='bbox 1192 3808 1410 3870; x_wconf 89' lang='grc' dir='ltr'>ἀτοπία,</span> <span class='ocrx_word' id='word_1_503' title='bbox 1441 3809 1545 3861; x_wconf 73' lang='grc' dir='ltr'>καὶ·</span> <span class='ocrx_word' id='word_1_504' title='bbox 1569 3810 1910 3881; x_wconf 81' lang='grc' dir='ltr'>ἐπιτήδευσις</span> 
     </span>
    </p>
   </div>
   <div class='ocr_carea' id='block_1_69' title="bbox 339 3893 1908 3973">
    <p class='ocr_par' dir='ltr' id='par_1_69' title="bbox 339 3893 1908 3973">
     <span class='ocr_line' id='line_1_69' title="bbox 339 3893 1908 3973; baseline 0.011 -34"><span class='ocrx_word' id='word_1_505' title='bbox 339 3893 866 3962; x_wconf 82' lang='grc' dir='ltr'>παραπεποιημένης</span> <span class='ocrx_word' id='word_1_506' title='bbox 909 3896 1147 3963; x_wconf 75' lang='grc' dir='ltr'>ἐννοίας,</span> <span class='ocrx_word' id='word_1_507' title='bbox 1196 3900 1292 3951; x_wconf 81' lang='grc' dir='ltr'><strong>καὶ</strong></span> <span class='ocrx_word' id='word_1_508' title='bbox 1344 3900 1450 3964; x_wconf 77' lang='grc' dir='ltr'><strong>ἔξω</strong></span> <span class='ocrx_word' id='word_1_509' title='bbox 1501 3900 1765 3973; x_wconf 77' lang='grc' dir='ltr'>βεϐηκυῖα</span> <span class='ocrx_word' id='word_1_510' title='bbox 1810 3904 1908 3973; x_wconf 81' lang='grc' dir='ltr'><strong>τῆς</strong></span> 
     </span>
    </p>
   </div>
   <div class='ocr_carea' id='block_1_70' title="bbox 336 3978 1911 4061">
    <p class='ocr_par' dir='ltr' id='par_1_70' title="bbox 336 3978 1911 4061">
     <span class='ocr_line' id='line_1_70' title="bbox 336 3978 1911 4061; baseline 0.01 -30"><span class='ocrx_word' id='word_1_511' title='bbox 336 3978 612 4049; x_wconf 85' lang='grc' dir='ltr'>ἀληθείας.</span> <span class='ocrx_word' id='word_1_512' title='bbox 648 3983 833 4048; x_wconf 84' lang='grc' dir='ltr'>Ἔδοξε</span> <span class='ocrx_word' id='word_1_513' title='bbox 871 3986 978 4057; x_wconf 84' lang='grc' dir='ltr'>γὰρ</span> <span class='ocrx_word' id='word_1_514' title='bbox 1007 3987 1150 4040; x_wconf 87' lang='grc' dir='ltr'><strong>κατά</strong></span> <span class='ocrx_word' id='word_1_515' title='bbox 1191 3991 1455 4059; x_wconf 76' lang='grc' dir='ltr'>αἱρέσεων</span> <span class='ocrx_word' id='word_1_516' title='bbox 1504 3992 1695 4044; x_wconf 86' lang='grc' dir='ltr'>πασῶν</span> <span class='ocrx_word' id='word_1_517' title='bbox 1732 3992 1911 4061; x_wconf 88' lang='grc' dir='ltr'>λέγειν</span> 
     </span>
    </p>
   </div>
   <div class='ocr_carea' id='block_1_71' title="bbox 336 4071 1910 4154">
    <p class='ocr_par' dir='ltr' id='par_1_71' title="bbox 336 4071 1910 4154">
     <span class='ocr_line' id='line_1_71' title="bbox 336 4071 1910 4154; baseline 0.009 -32"><span class='ocrx_word' id='word_1_518' title='bbox 336 4071 444 4123; x_wconf 89' lang='grc' dir='ltr'><strong>τῶν</strong></span> <span class='ocrx_word' id='word_1_519' title='bbox 476 4073 581 4143; x_wconf 86' lang='grc' dir='ltr'><strong>πρὸ</strong></span> <span class='ocrx_word' id='word_1_520' title='bbox 610 4074 795 4137; x_wconf 79' lang='grc' dir='ltr'>αὑτοῦ,</span> <span class='ocrx_word' id='word_1_521' title='bbox 832 4077 927 4129; x_wconf 77' lang='grc' dir='ltr'><strong>καὶ</strong></span> <span class='ocrx_word' id='word_1_522' title='bbox 979 4078 1304 4149; x_wconf 84' lang='grc' dir='ltr'>ἀνατρέπειν</span> <span class='ocrx_word' id='word_1_523' title='bbox 1355 4082 1624 4151; x_wconf 75' lang='grc' dir='ltr'>ἑκάστην·</span> <span class='ocrx_word' id='word_1_524' title='bbox 1686 4082 1910 4154; x_wconf 78' lang='grc' dir='ltr'>ὕστερον</span> 
     </span>
    </p>
   </div>
   <div class='ocr_carea' id='block_1_72' title="bbox 335 4161 1910 4246">
    <p class='ocr_par' dir='ltr' id='par_1_72' title="bbox 335 4161 1910 4246">
     <span class='ocr_line' id='line_1_72' title="bbox 335 4161 1910 4246; baseline 0.01 -32"><span class='ocrx_word' id='word_1_525' title='bbox 335 4161 391 4215; x_wconf 82' lang='grc' dir='ltr'><strong>δὲ</strong></span> <span class='ocrx_word' id='word_1_526' title='bbox 426 4165 519 4216; x_wconf 76' lang='grc' dir='ltr'><strong>καὶ</strong></span> <span class='ocrx_word' id='word_1_527' title='bbox 556 4165 716 4228; x_wconf 85' lang='grc' dir='ltr'>αὐτὸς</span> <span class='ocrx_word' id='word_1_528' title='bbox 728 4166 937 4237; x_wconf 83' lang='grc' dir='ltr'>αἵρεσιν</span> <span class='ocrx_word' id='word_1_529' title='bbox 964 4170 1023 4221; x_wconf 82' lang='grc' dir='ltr'><strong>οὐ</strong></span> <span class='ocrx_word' id='word_1_530' title='bbox 1052 4169 1148 4240; x_wconf 85' lang='grc' dir='ltr'><strong>τὴν</strong></span> <span class='ocrx_word' id='word_1_531' title='bbox 1176 4171 1445 4240; x_wconf 80' lang='grc' dir='ltr'>τυχοῦσαν</span> <span class='ocrx_word' id='word_1_532' title='bbox 1466 4173 1669 4245; x_wconf 85' lang='grc' dir='ltr'>ταύτην</span> <span class='ocrx_word' id='word_1_533' title='bbox 1701 4165 1780 4245; x_wconf 83' lang='grc' dir='ltr'>τῷ</span> <span class='ocrx_word' id='word_1_534' title='bbox 1810 4176 1910 4246; x_wconf 82' lang='grc' dir='ltr'><strong>βίῳ</strong></span> 
     </span>
    </p>
   </div>
   <div class='ocr_carea' id='block_1_73' title="bbox 334 4255 1912 4338">
    <p class='ocr_par' dir='ltr' id='par_1_73' title="bbox 334 4255 1912 4338">
     <span class='ocr_line' id='line_1_73' title="bbox 334 4255 1912 4338; baseline 0.008 -30"><span class='ocrx_word' id='word_1_535' title='bbox 334 4255 587 4327; x_wconf 76' lang='grc' dir='ltr'>ὲξήμεσε.</span> <span class='ocrx_word' id='word_1_536' title='bbox 621 4259 731 4311; x_wconf 89' lang='lat' dir='ltr'><strong>Kal</strong></span> <span class='ocrx_word' id='word_1_537' title='bbox 760 4259 974 4329; x_wconf 87' lang='grc' dir='ltr'>πρῶτον</span> <span class='ocrx_word' id='word_1_538' title='bbox 1012 4261 1109 4331; x_wconf 84' lang='grc' dir='ltr'><strong>μὲν</strong></span> <span class='ocrx_word' id='word_1_539' title='bbox 1138 4258 1231 4315; x_wconf 82' lang='grc' dir='ltr'><strong>οὖν</strong></span> <span class='ocrx_word' id='word_1_540' title='bbox 1265 4264 1335 4316; x_wconf 86' lang='grc' dir='ltr'>τὰ</span> <span class='ocrx_word' id='word_1_541' title='bbox 1365 4265 1457 4316; x_wconf 78' lang='grc' dir='ltr'>ὑπ’</span> <span class='ocrx_word' id='word_1_542' title='bbox 1481 4266 1645 4319; x_wconf 80' lang='grc' dir='ltr'>αὐτοῦ</span> <span class='ocrx_word' id='word_1_543' title='bbox 1679 4268 1912 4338; x_wconf 78' lang='grc' dir='ltr'>ρηθέντα</span> 
     </span>
    </p>
   </div>
   <div class='ocr_carea' id='block_1_74' title="bbox 333 4347 1907 4426">
    <p class='ocr_par' dir='ltr' id='par_1_74' title="bbox 333 4347 1907 4426">
     <span class='ocr_line' id='line_1_74' title="bbox 333 4347 1907 4426; baseline 0.008 -27"><span class='ocrx_word' id='word_1_544' title='bbox 333 4348 412 4410; x_wconf 83' lang='grc' dir='ltr'><strong>είς</strong></span> <span class='ocrx_word' id='word_1_545' title='bbox 435 4347 659 4419; x_wconf 77' lang='grc' dir='ltr'>ἔλεγχον</span> <span class='ocrx_word' id='word_1_546' title='bbox 681 4349 781 4420; x_wconf 87' lang='grc' dir='ltr'>τῆς</span> <span class='ocrx_word' id='word_1_547' title='bbox 814 4350 980 4403; x_wconf 81' lang='grc' dir='ltr'>αὑτοῦ</span> <span class='ocrx_word' id='word_1_548' title='bbox 1013 4355 1544 4426; x_wconf 79' lang='grc' dir='ltr'>παραπεποιημένης</span> <span class='ocrx_word' id='word_1_549' title='bbox 1573 4358 1907 4412; x_wconf 77' lang='grc' dir='ltr'>ἑπιπλάστου</span> 
     </span>
    </p>
   </div>
   <div class='ocr_carea' id='block_1_75' title="bbox 2089 3438 3617 3516">
    <p class='ocr_par' dir='ltr' id='par_1_75' title="bbox 2089 3438 3617 3516">
     <span class='ocr_line' id='line_1_75' title="bbox 2089 3438 3617 3516; baseline 0.004 -22"><span class='ocrx_word' id='word_1_550' title='bbox 2089 3438 2155 3495; x_wconf 77' lang='grc' dir='ltr'><strong>ν.</strong></span> <span class='ocrx_word' id='word_1_551' title='bbox 2197 3441 2312 3497; x_wconf 82' lang='grc' dir='ltr'><strong>11οο</strong></span> <span class='ocrx_word' id='word_1_552' title='bbox 2358 3460 2487 3500; x_wconf 87' lang='lat' dir='ltr'><strong>vero</strong></span> <span class='ocrx_word' id='word_1_553' title='bbox 2522 3446 2661 3511; x_wconf 93' lang='lat' dir='ltr'><strong>loco,</strong></span> <span class='ocrx_word' id='word_1_554' title='bbox 2683 3460 2794 3516; x_wconf 90' lang='lat' dir='ltr'><strong>quo</strong></span> <span class='ocrx_word' id='word_1_555' title='bbox 2837 3444 3101 3500; x_wconf 86' lang='lat' dir='ltr'><strong>adversus</strong></span> <span class='ocrx_word' id='word_1_556' title='bbox 3152 3445 3293 3500; x_wconf 82' lang='lat' dir='ltr'><strong>hanc.</strong></span> <span class='ocrx_word' id='word_1_557' title='bbox 3337 3446 3617 3502; x_wconf 45' lang='lat' dir='ltr'><strong>haeresim.‘</strong></span> 
     </span>
    </p>
   </div>
   <div class='ocr_carea' id='block_1_76' title="bbox 2014 3537 3605 3609">
    <p class='ocr_par' dir='ltr' id='par_1_76' title="bbox 2014 3537 3605 3609">
     <span class='ocr_line' id='line_1_76' title="bbox 2014 3537 3605 3609; baseline 0.004 -20"><span class='ocrx_word' id='word_1_558' title='bbox 2014 3538 2286 3606; x_wconf 64' lang='lat' dir='ltr'><strong>praecipue</strong></span> <span class='ocrx_word' id='word_1_559' title='bbox 2335 3537 2700 3608; x_wconf 89' lang='lat' dir='ltr'><strong>disputamus,</strong></span> <span class='ocrx_word' id='word_1_560' title='bbox 2748 3541 3066 3595; x_wconf 86' lang='lat' dir='ltr'><strong>temerarias</strong></span> <span class='ocrx_word' id='word_1_561' title='bbox 3114 3540 3257 3593; x_wconf 90' lang='lat' dir='ltr'><strong>illius</strong></span> <span class='ocrx_word' id='word_1_562' title='bbox 3303 3540 3605 3609; x_wconf 71' lang='lat' dir='ltr'><strong>Opiniones</strong></span> 
     </span>
    </p>
   </div>
   <div class='ocr_carea' id='block_1_77' title="bbox 2013 3626 3612 3702">
    <p class='ocr_par' dir='ltr' id='par_1_77' title="bbox 2013 3626 3612 3702">
     <span class='ocr_line' id='line_1_77' title="bbox 2013 3626 3612 3702; baseline 0.003 -23"><span class='ocrx_word' id='word_1_563' title='bbox 2013 3642 2077 3681; x_wconf 90' lang='lat' dir='ltr'><strong>ac</strong></span> <span class='ocrx_word' id='word_1_564' title='bbox 2103 3626 2359 3698; x_wconf 82' lang='lat' dir='ltr'><strong>dogmata</strong></span> <span class='ocrx_word' id='word_1_565' title='bbox 2402 3638 2650 3700; x_wconf 88' lang='lat' dir='ltr'><strong>repetere</strong></span> <span class='ocrx_word' id='word_1_566' title='bbox 2672 3646 2782 3686; x_wconf 86' lang='lat' dir='ltr'><strong>non</strong></span> <span class='ocrx_word' id='word_1_567' title='bbox 2814 3632 3183 3702; x_wconf 81' lang='lat' dir='ltr'><strong>gravabiniur,</strong></span> <span class='ocrx_word' id='word_1_568' title='bbox 3213 3640 3266 3686; x_wconf 88' lang='lat' dir='ltr'><strong>et</strong></span> <span class='ocrx_word' id='word_1_569' title='bbox 3297 3632 3367 3687; x_wconf 83' lang='lat' dir='ltr'><strong>ab</strong></span> <span class='ocrx_word' id='word_1_570' title='bbox 3393 3632 3612 3687; x_wconf 66' lang='lat' dir='ltr'><strong>eodem.</strong></span> 
     </span>
    </p>
   </div>
   <div class='ocr_carea' id='block_1_78' title="bbox 2014 3715 3585 3784">
    <p class='ocr_par' dir='ltr' id='par_1_78' title="bbox 2014 3715 3585 3784">
     <span class='ocr_line' id='line_1_78' title="bbox 2014 3715 3585 3784; baseline 0.006 -16"><span class='ocrx_word' id='word_1_571' title='bbox 2014 3715 2132 3784; x_wconf 91' lang='lat' dir='ltr'><strong>ipso</strong></span> <span class='ocrx_word' id='word_1_572' title='bbox 2154 3718 2511 3773; x_wconf 85' lang='lat' dir='ltr'><strong>contictarum</strong></span> <span class='ocrx_word' id='word_1_573' title='bbox 2553 3719 2622 3774; x_wconf 90' lang='lat' dir='ltr'><strong>ab</strong></span> <span class='ocrx_word' id='word_1_574' title='bbox 2656 3736 2720 3777; x_wconf 89' lang='lat' dir='ltr'><strong>eo</strong></span> <span class='ocrx_word' id='word_1_575' title='bbox 2748 3720 3051 3776; x_wconf 79' lang='lat' dir='ltr'><strong>fabularum</strong></span> <span class='ocrx_word' id='word_1_576' title='bbox 3086 3723 3460 3777; x_wconf 78' lang='lat' dir='ltr'><strong>refutationem</strong></span> <span class='ocrx_word' id='word_1_577' title='bbox 3499 3738 3585 3776; x_wconf 60' lang='lat' dir='ltr'><strong>aro</strong></span> 
     </span>
    </p>
   </div>
   <div class='ocr_carea' id='block_1_79' title="bbox 2010 3809 3583 3882">
    <p class='ocr_par' dir='ltr' id='par_1_79' title="bbox 2010 3809 3583 3882">
     <span class='ocr_line' id='line_1_79' title="bbox 2010 3809 3583 3882; baseline 0.003 -20"><span class='ocrx_word' id='word_1_578' title='bbox 2010 3823 2245 3864; x_wconf 86' lang='lat' dir='ltr'><strong>cessere.</strong></span> <span class='ocrx_word' id='word_1_579' title='bbox 2286 3809 2527 3882; x_wconf 87' lang='lat' dir='ltr'><strong>Longius</strong></span> <span class='ocrx_word' id='word_1_580' title='bbox 2560 3812 2762 3882; x_wconf 89' lang='lat' dir='ltr'><strong>quippe</strong></span> <span class='ocrx_word' id='word_1_581' title='bbox 2817 3814 3075 3882; x_wconf 87' lang='lat' dir='ltr'><strong>deinceps</strong></span> <span class='ocrx_word' id='word_1_582' title='bbox 3122 3814 3356 3869; x_wconf 90' lang='lat' dir='ltr'><strong>hominis</strong></span> <span class='ocrx_word' id='word_1_583' title='bbox 3388 3814 3583 3869; x_wconf 86' lang='lat' dir='ltr'><strong>absur-</strong></span> 
     </span>
    </p>
   </div>
   <div class='ocr_carea' id='block_1_80' title="bbox 2009 3899 3582 3972">
    <p class='ocr_par' dir='ltr' id='par_1_80' title="bbox 2009 3899 3582 3972">
     <span class='ocr_line' id='line_1_80' title="bbox 2009 3899 3582 3972; baseline 0.005 -18"><span class='ocrx_word' id='word_1_584' title='bbox 2009 3899 2168 3965; x_wconf 88' lang='lat' dir='ltr'><strong>ditas,</strong></span> <span class='ocrx_word' id='word_1_585' title='bbox 2200 3916 2597 3972; x_wconf 85' lang='lat' dir='ltr'><strong>pravarumque</strong></span> <span class='ocrx_word' id='word_1_586' title='bbox 2632 3903 2953 3972; x_wconf 91' lang='lat' dir='ltr'><strong>opinionum</strong></span> <span class='ocrx_word' id='word_1_587' title='bbox 2994 3916 3047 3958; x_wconf 81' lang='lat' dir='ltr'><strong>et</strong></span> <span class='ocrx_word' id='word_1_588' title='bbox 3094 3922 3122 3957; x_wconf 86' lang='lat' dir='ltr'><strong>a</strong></span> <span class='ocrx_word' id='word_1_589' title='bbox 3155 3906 3380 3959; x_wconf 78' lang='lat' dir='ltr'><strong>veritate</strong></span> <span class='ocrx_word' id='word_1_590' title='bbox 3406 3921 3582 3962; x_wconf 86' lang='lat' dir='ltr'><strong>remo-</strong></span> 
     </span>
    </p>
   </div>
   <div class='ocr_carea' id='block_1_81' title="bbox 2009 3989 3581 4063">
    <p class='ocr_par' dir='ltr' id='par_1_81' title="bbox 2009 3989 3581 4063">
     <span class='ocr_line' id='line_1_81' title="bbox 2009 3989 3581 4063; baseline 0.005 -21"><span class='ocrx_word' id='word_1_591' title='bbox 2009 3989 2345 4044; x_wconf 86' lang='lat' dir='ltr'><strong>tissimarum</strong></span> <span class='ocrx_word' id='word_1_592' title='bbox 2379 3991 2656 4047; x_wconf 75' lang='lat' dir='ltr'><strong>aﬂ‘ectatio</strong></span> <span class='ocrx_word' id='word_1_593' title='bbox 2704 4009 2993 4063; x_wconf 82' lang='lat' dir='ltr'><strong>progressa</strong></span> <span class='ocrx_word' id='word_1_594' title='bbox 3048 4003 3152 4048; x_wconf 86' lang='lat' dir='ltr'><strong>est.</strong></span> <span class='ocrx_word' id='word_1_595' title='bbox 3192 3994 3293 4059; x_wconf 87' lang='lat' dir='ltr'><strong>Qui</strong></span> <span class='ocrx_word' id='word_1_596' title='bbox 3336 4010 3458 4048; x_wconf 91' lang='lat' dir='ltr'><strong>cum</strong></span> <span class='ocrx_word' id='word_1_597' title='bbox 3486 3996 3581 4050; x_wconf 89' lang='lat' dir='ltr'><strong>ad-</strong></span> 
     </span>
    </p>
   </div>
   <div class='ocr_carea' id='block_1_82' title="bbox 2008 4083 3605 4153">
    <p class='ocr_par' dir='ltr' id='par_1_82' title="bbox 2008 4083 3605 4153">
     <span class='ocr_line' id='line_1_82' title="bbox 2008 4083 3605 4153; baseline 0.005 -20"><span class='ocrx_word' id='word_1_598' title='bbox 2008 4096 2200 4134; x_wconf 85' lang='lat' dir='ltr'><strong>versus</strong></span> <span class='ocrx_word' id='word_1_599' title='bbox 2251 4083 2560 4152; x_wconf 85' lang='lat' dir='ltr'><strong>superiores</strong></span> <span class='ocrx_word' id='word_1_600' title='bbox 2621 4100 2814 4139; x_wconf 89' lang='lat' dir='ltr'><strong>omnes</strong></span> <span class='ocrx_word' id='word_1_601' title='bbox 2864 4084 3099 4139; x_wconf 71' lang='lat' dir='ltr'><strong>hazreses</strong></span> <span class='ocrx_word' id='word_1_602' title='bbox 3152 4085 3478 4153; x_wconf 87' lang='lat' dir='ltr'><strong>disputasse,</strong></span> <span class='ocrx_word' id='word_1_603' title='bbox 3516 4102 3605 4143; x_wconf 27' lang='lat' dir='ltr'><strong>ac.</strong></span> 
     </span>
    </p>
   </div>
   <div class='ocr_carea' id='block_1_83' title="bbox 2010 4170 3583 4245">
    <p class='ocr_par' dir='ltr' id='par_1_83' title="bbox 2010 4170 3583 4245">
     <span class='ocr_line' id='line_1_83' title="bbox 2010 4170 3583 4245; baseline 0.004 -21"><span class='ocrx_word' id='word_1_604' title='bbox 2010 4170 2253 4240; x_wconf 88' lang='lat' dir='ltr'><strong>singulas</strong></span> <span class='ocrx_word' id='word_1_605' title='bbox 2296 4173 2558 4229; x_wconf 82' lang='lat' dir='ltr'><strong>evertisse</strong></span> <span class='ocrx_word' id='word_1_606' title='bbox 2608 4174 2759 4229; x_wconf 87' lang='lat' dir='ltr'><strong>visus</strong></span> <span class='ocrx_word' id='word_1_607' title='bbox 2795 4174 2887 4241; x_wconf 87' lang='lat' dir='ltr'><strong>sit,</strong></span> <span class='ocrx_word' id='word_1_608' title='bbox 2920 4184 3108 4245; x_wconf 87' lang='lat' dir='ltr'><strong>postea</strong></span> <span class='ocrx_word' id='word_1_609' title='bbox 3140 4183 3319 4228; x_wconf 87' lang='lat' dir='ltr'><strong>tamen</strong></span> <span class='ocrx_word' id='word_1_610' title='bbox 3345 4192 3499 4231; x_wconf 89' lang='lat' dir='ltr'><strong>suam</strong></span> <span class='ocrx_word' id='word_1_611' title='bbox 3527 4189 3583 4231; x_wconf 90' lang='lat' dir='ltr'><strong>et</strong></span> 
     </span>
    </p>
   </div>
   <div class='ocr_carea' id='block_1_84' title="bbox 2010 4262 3599 4339">
    <p class='ocr_par' dir='ltr' id='par_1_84' title="bbox 2010 4262 3599 4339">
     <span class='ocr_line' id='line_1_84' title="bbox 2010 4262 3599 4339; baseline 0.005 -25"><span class='ocrx_word' id='word_1_612' title='bbox 2010 4262 2125 4331; x_wconf 92' lang='lat' dir='ltr'><strong>ipse</strong></span> <span class='ocrx_word' id='word_1_613' title='bbox 2159 4264 2431 4329; x_wconf 79' lang='lat' dir='ltr'><strong>haeresim,</strong></span> <span class='ocrx_word' id='word_1_614' title='bbox 2462 4274 2516 4322; x_wconf 88' lang='lat' dir='ltr'><strong>et</strong></span> <span class='ocrx_word' id='word_1_615' title='bbox 2544 4265 2762 4336; x_wconf 90' lang='lat' dir='ltr'><strong>quidem</strong></span> <span class='ocrx_word' id='word_1_616' title='bbox 2809 4266 2953 4321; x_wconf 90' lang='lat' dir='ltr'><strong>haud</strong></span> <span class='ocrx_word' id='word_1_617' title='bbox 2997 4268 3274 4339; x_wconf 87' lang='lat' dir='ltr'><strong>vulgarem</strong></span> <span class='ocrx_word' id='word_1_618' title='bbox 3306 4270 3362 4323; x_wconf 91' lang='lat' dir='ltr'><strong>in</strong></span> <span class='ocrx_word' id='word_1_619' title='bbox 3391 4270 3599 4325; x_wconf 63' lang='lat' dir='ltr'><strong>orbem-</strong></span> 
     </span>
    </p>
   </div>
   <div class='ocr_carea' id='block_1_85' title="bbox 2008 4355 3577 4422">
    <p class='ocr_par' dir='ltr' id='par_1_85' title="bbox 2008 4355 3577 4422">
     <span class='ocr_line' id='line_1_85' title="bbox 2008 4355 3577 4422; baseline 0.006 -17"><span class='ocrx_word' id='word_1_620' title='bbox 2008 4359 2276 4408; x_wconf 89' lang='lat' dir='ltr'><strong>terrarum</strong></span> <span class='ocrx_word' id='word_1_621' title='bbox 2325 4356 2587 4411; x_wconf 84' lang='lat' dir='ltr'><strong>evomuit.</strong></span> <span class='ocrx_word' id='word_1_622' title='bbox 2642 4355 2796 4412; x_wconf 82' lang='lat' dir='ltr'><strong>Libet</strong></span> <span class='ocrx_word' id='word_1_623' title='bbox 2846 4372 2999 4422; x_wconf 90' lang='lat' dir='ltr'><strong>vero,</strong></span> <span class='ocrx_word' id='word_1_624' title='bbox 3053 4360 3119 4414; x_wconf 91' lang='lat' dir='ltr'><strong>ad</strong></span> <span class='ocrx_word' id='word_1_625' title='bbox 3150 4362 3577 4416; x_wconf 84' lang='lat' dir='ltr'><strong>commentitiam</strong></span> 
     </span>
    </p>
   </div>
   <div class='ocr_carea' id='block_1_86' title="bbox 332 4437 1913 4523">
    <p class='ocr_par' dir='ltr' id='par_1_86' title="bbox 332 4437 1904 4520">
     <span class='ocr_line' id='line_1_86' title="bbox 332 4437 1904 4520; baseline 0.01 -33"><span class='ocrx_word' id='word_1_626' title='bbox 332 4437 539 4501; x_wconf 79' lang='grc' dir='ltr'>ἐννοίας</span> <span class='ocrx_word' id='word_1_627' title='bbox 562 4438 987 4511; x_wconf 75' lang='grc' dir='ltr'>παραθήσομαιο</span> <span class='ocrx_word' id='word_1_628' title='bbox 1016 4442 1207 4495; x_wconf 77' lang='grc' dir='ltr'>ἔπειτα</span> <span class='ocrx_word' id='word_1_629' title='bbox 1240 4444 1298 4497; x_wconf 89' lang='grc' dir='ltr'>δὲ</span> <span class='ocrx_word' id='word_1_630' title='bbox 1330 4446 1424 4497; x_wconf 79' lang='grc' dir='ltr'><strong>καὶ</strong></span> <span class='ocrx_word' id='word_1_631' title='bbox 1448 4448 1515 4500; x_wconf 81' lang='grc' dir='ltr'>τὰ</span> <span class='ocrx_word' id='word_1_632' title='bbox 1543 4448 1710 4501; x_wconf 76' lang='grc' dir='ltr'>αὑτοῦ</span> <span class='ocrx_word' id='word_1_633' title='bbox 1736 4449 1904 4520; x_wconf 78' lang='grc' dir='ltr'>ῥηθη-</span> 
     </span>
    </p>
   </div>
   <div class='ocr_carea' id='block_1_87' title="bbox 2014 4437 3595 4523">
    <p class='ocr_par' dir='ltr' id='par_1_87' title="bbox 2014 4442 3595 4521">
     <span class='ocr_line' id='line_1_87' title="bbox 2014 4442 3595 4521; baseline 0.006 -26"><span class='ocrx_word' id='word_1_634' title='bbox 2014 4442 2153 4497; x_wconf 91' lang='lat' dir='ltr'><strong>illius</strong></span> <span class='ocrx_word' id='word_1_635' title='bbox 2200 4444 2510 4515; x_wconf 80' lang='lat' dir='ltr'><strong>Opinionem</strong></span> <span class='ocrx_word' id='word_1_636' title='bbox 2553 4448 3005 4513; x_wconf 86' lang='lat' dir='ltr'><strong>convincendam,</strong></span> <span class='ocrx_word' id='word_1_637' title='bbox 3048 4466 3168 4521; x_wconf 69' lang='lat' dir='ltr'><strong>qua:</strong></span> <span class='ocrx_word' id='word_1_638' title='bbox 3221 4452 3289 4505; x_wconf 90' lang='lat' dir='ltr'><strong>ab</strong></span> <span class='ocrx_word' id='word_1_639' title='bbox 3334 4464 3401 4508; x_wconf 90' lang='lat' dir='ltr'><strong>eo</strong></span> <span class='ocrx_word' id='word_1_640' title='bbox 3430 4454 3595 4508; x_wconf 81' lang='lat' dir='ltr'><strong>dicta.</strong></span> 
     </span>
    </p>
   </div>
   <div class='ocr_carea' id='block_1_88' title="bbox 334 4526 1898 4603">
    <p class='ocr_par' dir='ltr' id='par_1_88' title="bbox 334 4526 1898 4603">
     <span class='ocr_line' id='line_1_88' title="bbox 334 4526 1898 4603; baseline 0.009 -24"><span class='ocrx_word' id='word_1_641' title='bbox 334 4526 537 4597; x_wconf 86' lang='grc' dir='ltr'>σόμενα</span> <span class='ocrx_word' id='word_1_642' title='bbox 583 4531 679 4600; x_wconf 79' lang='grc' dir='ltr'><strong>τῆς</strong></span> <span class='ocrx_word' id='word_1_643' title='bbox 716 4531 873 4601; x_wconf 84' lang='grc' dir='ltr'>ήμῶν</span> <span class='ocrx_word' id='word_1_644' title='bbox 919 4532 1269 4603; x_wconf 86' lang='grc' dir='ltr'>μετριότητος</span> <span class='ocrx_word' id='word_1_645' title='bbox 1310 4533 1589 4601; x_wconf 77' lang='grc' dir='ltr'>ὑποδείξω.</span> <span class='ocrx_word' id='word_1_646' title='bbox 1634 4540 1743 4592; x_wconf 88' lang='lat' dir='ltr'><strong>Kal</strong></span> <span class='ocrx_word' id='word_1_647' title='bbox 1782 4539 1898 4593; x_wconf 76' lang='grc' dir='ltr'>ἔστι</span> 
     </span>
    </p>
   </div>
   <div class='ocr_carea' id='block_1_89' title="bbox 331 4618 1900 4701">
    <p class='ocr_par' dir='ltr' id='par_1_89' title="bbox 331 4618 1900 4701">
     <span class='ocr_line' id='line_1_89' title="bbox 331 4618 1900 4701; baseline 0.009 -31"><span class='ocrx_word' id='word_1_648' title='bbox 331 4618 479 4683; x_wconf 86' lang='grc' dir='ltr'>τάδε,</span> <span class='ocrx_word' id='word_1_649' title='bbox 508 4620 714 4691; x_wconf 83' lang='grc' dir='ltr'>ὅσαπερ</span> <span class='ocrx_word' id='word_1_650' title='bbox 758 4623 814 4674; x_wconf 80' lang='grc' dir='ltr'>ἐν</span> <span class='ocrx_word' id='word_1_651' title='bbox 856 4621 933 4691; x_wconf 82' lang='grc' dir='ltr'><strong>τῷ</strong></span> <span class='ocrx_word' id='word_1_652' title='bbox 966 4622 1165 4694; x_wconf 85' lang='grc' dir='ltr'>πρώτῳ</span> <span class='ocrx_word' id='word_1_653' title='bbox 1213 4624 1412 4697; x_wconf 80' lang='grc' dir='ltr'>ψαλμῷ</span> <span class='ocrx_word' id='word_1_654' title='bbox 1454 4628 1782 4700; x_wconf 82' lang='grc' dir='ltr'>εἰσηγήσατο</span> <span class='ocrx_word' id='word_1_655' title='bbox 1821 4631 1900 4701; x_wconf 76' lang='grc' dir='ltr'>τῷ</span> 
     </span>
    </p>
   </div>
   <div class='ocr_carea' id='block_1_90' title="bbox 333 4708 1900 4789">
    <p class='ocr_par' dir='ltr' id='par_1_90' title="bbox 333 4708 1900 4789">
     <span class='ocr_line' id='line_1_90' title="bbox 333 4708 1900 4789; baseline 0.009 -27"><span class='ocrx_word' id='word_1_656' title='bbox 333 4708 455 4780; x_wconf 85' lang='grc' dir='ltr'><strong>βίῳ.</strong></span> <span class='ocrx_word' id='word_1_657' title='bbox 519 4713 608 4765; x_wconf 85' lang='grc' dir='ltr'><strong>Ἐν</strong></span> <span class='ocrx_word' id='word_1_658' title='bbox 642 4713 791 4786; x_wconf 80' lang='grc' dir='ltr'>πάσῃ</span> <span class='ocrx_word' id='word_1_659' title='bbox 836 4714 944 4786; x_wconf 78' lang='grc' dir='ltr'>γὰρ</span> <span class='ocrx_word' id='word_1_660' title='bbox 988 4715 1177 4789; x_wconf 83' lang='grc' dir='ltr'>Γραφῇ</span> <span class='ocrx_word' id='word_1_661' title='bbox 1234 4718 1322 4771; x_wconf 78' lang='grc' dir='ltr'>ἀεὶ</span> <span class='ocrx_word' id='word_1_662' title='bbox 1365 4718 1713 4786; x_wconf 82' lang='grc' dir='ltr'>ὀλισθαίνων,</span> <span class='ocrx_word' id='word_1_663' title='bbox 1760 4723 1900 4776; x_wconf 79' lang='grc' dir='ltr'>κατὰ</span> 
     </span>
    </p>
   </div>
   <div class='ocr_carea' id='block_1_91' title="bbox 332 4800 1901 4883">
    <p class='ocr_par' dir='ltr' id='par_1_91' title="bbox 332 4800 1901 4883">
     <span class='ocr_line' id='line_1_91' title="bbox 332 4800 1901 4883; baseline 0.007 -28"><span class='ocrx_word' id='word_1_664' title='bbox 332 4800 475 4866; x_wconf 79' lang='grc' dir='ltr'>λέξιν</span> <span class='ocrx_word' id='word_1_665' title='bbox 505 4805 564 4857; x_wconf 78' lang='grc' dir='ltr'><strong>ἐν</strong></span> <span class='ocrx_word' id='word_1_666' title='bbox 585 4807 697 4867; x_wconf 86' lang='grc' dir='ltr'>τοῖς</span> <span class='ocrx_word' id='word_1_667' title='bbox 718 4806 1037 4874; x_wconf 85' lang='grc' dir='ltr'>ἀναγκαίοις</span> <span class='ocrx_word' id='word_1_668' title='bbox 1060 4809 1386 4879; x_wconf 81' lang='grc' dir='ltr'>παρέπεσεν.</span> <span class='ocrx_word' id='word_1_669' title='bbox 1417 4812 1631 4883; x_wconf 83' lang='grc' dir='ltr'>Ἐπειδὴ</span> <span class='ocrx_word' id='word_1_670' title='bbox 1654 4812 1712 4864; x_wconf 80' lang='grc' dir='ltr'><strong>δὲ</strong></span> <span class='ocrx_word' id='word_1_671' title='bbox 1738 4813 1901 4881; x_wconf 73' lang='grc' dir='ltr'>ὄγκος</span> 
     </span>
    </p>
   </div>
   <div class='ocr_carea' id='block_1_92' title="bbox 333 4895 1867 4974">
    <p class='ocr_par' dir='ltr' id='par_1_92' title="bbox 333 4895 1867 4974">
     <span class='ocr_line' id='line_1_92' title="bbox 333 4895 1867 4974; baseline 0.008 -28"><span class='ocrx_word' id='word_1_672' title='bbox 333 4895 498 4957; x_wconf 86' lang='grc' dir='ltr'>πολύς</span> <span class='ocrx_word' id='word_1_673' title='bbox 535 4898 683 4949; x_wconf 78' lang='grc' dir='ltr'>ἐστι’</span> <span class='ocrx_word' id='word_1_674' title='bbox 736 4897 952 4966; x_wconf 85' lang='grc' dir='ltr'>λέγεται</span> <span class='ocrx_word' id='word_1_675' title='bbox 991 4898 1101 4969; x_wconf 73' lang='grc' dir='ltr'><strong>γὰρ</strong></span> <span class='ocrx_word' id='word_1_676' title='bbox 1143 4900 1357 4971; x_wconf 77' lang='grc' dir='ltr'>πολλὴν</span> <span class='ocrx_word' id='word_1_677' title='bbox 1380 4905 1736 4974; x_wconf 88' lang='grc' dir='ltr'>πεποιηκέναι</span> <span class='ocrx_word' id='word_1_678' title='bbox 1772 4907 1867 4959; x_wconf 81' lang='grc' dir='ltr'>σύν</span> 
     </span>
    </p>
   </div>
   <div class='ocr_carea' id='block_1_93' title="bbox 330 4983 1898 5066">
    <p class='ocr_par' dir='ltr' id='par_1_93' title="bbox 330 4983 1898 5066">
     <span class='ocr_line' id='line_1_93' title="bbox 330 4983 1898 5066; baseline 0.009 -32"><span class='ocrx_word' id='word_1_679' title='bbox 330 4983 499 5051; x_wconf 83' lang='grc' dir='ltr'>ταξιν.</span> <span class='ocrx_word' id='word_1_680' title='bbox 536 4984 632 5048; x_wconf 83' lang='grc' dir='ltr'><strong>Εἰς</strong></span> <span class='ocrx_word' id='word_1_681' title='bbox 665 4986 900 5058; x_wconf 79' lang='grc' dir='ltr'>ἑκάστην</span> <span class='ocrx_word' id='word_1_682' title='bbox 932 4988 1039 5058; x_wconf 85' lang='grc' dir='ltr'>γὰρ</span> <span class='ocrx_word' id='word_1_683' title='bbox 1075 4988 1315 5061; x_wconf 76' lang='grc' dir='ltr'>Γραφὴν,</span> <span class='ocrx_word' id='word_1_684' title='bbox 1351 4992 1426 5054; x_wconf 86' lang='grc' dir='ltr'><strong>ὡς</strong></span> <span class='ocrx_word' id='word_1_685' title='bbox 1466 4992 1621 5063; x_wconf 74' lang='grc' dir='ltr'>ἔφην,</span> <span class='ocrx_word' id='word_1_686' title='bbox 1658 4996 1717 5046; x_wconf 91' lang='grc' dir='ltr'><strong>οὑ</strong></span> <span class='ocrx_word' id='word_1_687' title='bbox 1758 5012 1898 5066; x_wconf 84' lang='grc' dir='ltr'>παρ-</span> 
     </span>
    </p>
   </div>
   <div class='ocr_carea' id='block_1_94' title="bbox 328 5077 1899 5158">
    <p class='ocr_par' dir='ltr' id='par_1_94' title="bbox 328 5077 1899 5158">
     <span class='ocr_line' id='line_1_94' title="bbox 328 5077 1899 5158; baseline 0.009 -32"><span class='ocrx_word' id='word_1_688' title='bbox 328 5077 567 5147; x_wconf 75' lang='grc' dir='ltr'>ῃτήσατο</span> <span class='ocrx_word' id='word_1_689' title='bbox 614 5078 786 5131; x_wconf 84' lang='grc' dir='ltr'>είπεῖν</span> <span class='ocrx_word' id='word_1_690' title='bbox 815 5078 853 5132; x_wconf 76' lang='grc' dir='ltr'><strong>ἃ</strong></span> <span class='ocrx_word' id='word_1_691' title='bbox 880 5079 1025 5151; x_wconf 79' lang='grc' dir='ltr'>αὐτῷ</span> <span class='ocrx_word' id='word_1_692' title='bbox 1057 5080 1220 5145; x_wconf 73' lang='grc' dir='ltr'>ἔδοξε.</span> <span class='ocrx_word' id='word_1_693' title='bbox 1254 5083 1363 5135; x_wconf 81' lang='lat' dir='ltr'><strong>Kal</strong></span> <span class='ocrx_word' id='word_1_694' title='bbox 1387 5084 1487 5136; x_wconf 84' lang='grc' dir='ltr'>ὅσα</span> <span class='ocrx_word' id='word_1_695' title='bbox 1519 5085 1616 5155; x_wconf 84' lang='grc' dir='ltr'><strong>μὲν</strong></span> <span class='ocrx_word' id='word_1_696' title='bbox 1640 5086 1697 5139; x_wconf 79' lang='grc' dir='ltr'>ἐν</span> <span class='ocrx_word' id='word_1_697' title='bbox 1732 5104 1899 5158; x_wconf 91' lang='grc' dir='ltr'>προσ-</span> 
     </span>
    </p>
   </div>
   <div class='ocr_carea' id='block_1_95' title="bbox 268 5167 1893 5246">
    <p class='ocr_par' dir='ltr' id='par_1_95' title="bbox 268 5167 1893 5246">
     <span class='ocr_line' id='line_1_95' title="bbox 268 5167 1893 5246; baseline 0.009 -28"><span class='ocrx_word' id='word_1_698' title='bbox 268 5234 271 5237; x_wconf 93' lang='lat'><em>_</em></span> <span class='ocrx_word' id='word_1_699' title='bbox 326 5167 585 5237; x_wconf 87' lang='grc' dir='ltr'>ομιλίαις,</span> <span class='ocrx_word' id='word_1_700' title='bbox 611 5169 704 5220; x_wconf 79' lang='grc' dir='ltr'><strong>καὶ</strong></span> <span class='ocrx_word' id='word_1_701' title='bbox 739 5168 827 5222; x_wconf 77' lang='grc' dir='ltr'><strong>διὰ</strong></span> <span class='ocrx_word' id='word_1_702' title='bbox 858 5170 967 5223; x_wconf 89' lang='grc' dir='ltr'><strong>τῶν</strong></span> <span class='ocrx_word' id='word_1_703' title='bbox 997 5173 1316 5243; x_wconf 86' lang='grc' dir='ltr'>προοιμίων,</span> <span class='ocrx_word' id='word_1_704' title='bbox 1349 5175 1429 5237; x_wconf 81' lang='grc' dir='ltr'>εἰς</span> <span class='ocrx_word' id='word_1_705' title='bbox 1454 5174 1558 5246; x_wconf 79' lang='grc' dir='ltr'><strong>ὴθη</strong></span> <span class='ocrx_word' id='word_1_706' title='bbox 1586 5194 1645 5229; x_wconf 87' lang='grc' dir='ltr'><strong>τε</strong></span> <span class='ocrx_word' id='word_1_707' title='bbox 1684 5179 1777 5232; x_wconf 76' lang='grc' dir='ltr'><strong>καὶ</strong></span> <span class='ocrx_word' id='word_1_708' title='bbox 1812 5182 1893 5243; x_wconf 80' lang='grc' dir='ltr'>εἰς</span> 
     </span>
    </p>
   </div>
   <div class='ocr_carea' id='block_1_96' title="bbox 329 5253 1891 5337">
    <p class='ocr_par' dir='ltr' id='par_1_96' title="bbox 329 5253 1891 5337">
     <span class='ocr_line' id='line_1_96' title="bbox 329 5253 1891 5337; baseline 0.01 -31"><span class='ocrx_word' id='word_1_709' title='bbox 329 5254 517 5323; x_wconf 83' lang='grc' dir='ltr'>φύσεις</span> <span class='ocrx_word' id='word_1_710' title='bbox 540 5253 693 5320; x_wconf 78' lang='grc' dir='ltr'>ζώων</span> <span class='ocrx_word' id='word_1_711' title='bbox 734 5274 793 5308; x_wconf 85' lang='grc' dir='ltr'><strong>τε</strong></span> <span class='ocrx_word' id='word_1_712' title='bbox 855 5259 949 5310; x_wconf 83' lang='grc' dir='ltr'>καὶ</span> <span class='ocrx_word' id='word_1_713' title='bbox 979 5259 1100 5313; x_wconf 69' lang='grc' dir='ltr'>τῶνι</span> <span class='ocrx_word' id='word_1_714' title='bbox 1126 5260 1300 5315; x_wconf 72' lang='grc' dir='ltr'>ἄλλων</span> <span class='ocrx_word' id='word_1_715' title='bbox 1336 5261 1570 5334; x_wconf 74' lang='grc' dir='ltr'>εἴρηται,</span> <span class='ocrx_word' id='word_1_716' title='bbox 1600 5264 1762 5335; x_wconf 84' lang='grc' dir='ltr'>μέσος</span> <span class='ocrx_word' id='word_1_717' title='bbox 1800 5285 1891 5337; x_wconf 80' lang='grc' dir='ltr'><strong>φε-</strong></span> 
     </span>
    </p>
   </div>
   <div class='ocr_carea' id='block_1_97' title="bbox 328 5345 1892 5422">
    <p class='ocr_par' dir='ltr' id='par_1_97' title="bbox 328 5345 1892 5422">
     <span class='ocr_line' id='line_1_97' title="bbox 328 5345 1892 5422; baseline 0.009 -25"><span class='ocrx_word' id='word_1_718' title='bbox 328 5346 553 5417; x_wconf 81' lang='grc' dir='ltr'>ρόμενος</span> <span class='ocrx_word' id='word_1_719' title='bbox 602 5345 860 5411; x_wconf 81' lang='grc' dir='ltr'>πολλάκις</span> <span class='ocrx_word' id='word_1_720' title='bbox 905 5349 1159 5420; x_wconf 86' lang='grc' dir='ltr'>χαρίεντα</span> <span class='ocrx_word' id='word_1_721' title='bbox 1206 5352 1533 5422; x_wconf 68' lang='grc' dir='ltr'>διηγήσατο*</span> <span class='ocrx_word' id='word_1_722' title='bbox 1566 5355 1665 5408; x_wconf 86' lang='grc' dir='ltr'><strong>ὅσα</strong></span> <span class='ocrx_word' id='word_1_723' title='bbox 1705 5356 1764 5409; x_wconf 85' lang='grc' dir='ltr'><strong>δὲ</strong></span> <span class='ocrx_word' id='word_1_724' title='bbox 1810 5360 1892 5421; x_wconf 78' lang='grc' dir='ltr'><strong>είς</strong></span> 
     </span>
    </p>
   </div>
   <div class='ocr_carea' id='block_1_98' title="bbox 324 5436 1891 5518">
    <p class='ocr_par' dir='ltr' id='par_1_98' title="bbox 324 5436 1891 5518">
     <span class='ocr_line' id='line_1_98' title="bbox 324 5436 1891 5518; baseline 0.01 -29"><span class='ocrx_word' id='word_1_725' title='bbox 324 5436 567 5509; x_wconf 87' lang='grc' dir='ltr'>δόγματα</span> <span class='ocrx_word' id='word_1_726' title='bbox 598 5438 937 5509; x_wconf 76' lang='grc' dir='ltr'>ἐδογμάτισε,</span> <span class='ocrx_word' id='word_1_727' title='bbox 973 5444 1068 5494; x_wconf 65' lang='grc' dir='ltr'>καῖ</span> <span class='ocrx_word' id='word_1_728' title='bbox 1095 5444 1222 5515; x_wconf 78' lang='grc' dir='ltr'>περὶ</span> <span class='ocrx_word' id='word_1_729' title='bbox 1248 5444 1500 5510; x_wconf 87' lang='grc' dir='ltr'>πίστεως,</span> <span class='ocrx_word' id='word_1_730' title='bbox 1523 5449 1616 5500; x_wconf 76' lang='grc' dir='ltr'>καὶ</span> <span class='ocrx_word' id='word_1_731' title='bbox 1651 5451 1891 5518; x_wconf 78' lang='grc' dir='ltr'>μείζονος</span> 
     </span>
    </p>
   </div>
   <div class='ocr_carea' id='block_1_99' title="bbox 325 5526 1892 5609">
    <p class='ocr_par' dir='ltr' id='par_1_99' title="bbox 325 5526 1892 5609">
     <span class='ocr_line' id='line_1_99' title="bbox 325 5526 1892 5609; baseline 0.008 -26"><span class='ocrx_word' id='word_1_732' title='bbox 325 5526 579 5598; x_wconf 83' lang='grc' dir='ltr'>θεωρίας,</span> <span class='ocrx_word' id='word_1_733' title='bbox 611 5530 721 5583; x_wconf 89' lang='grc' dir='ltr'><strong>τῶν</strong></span> <span class='ocrx_word' id='word_1_734' title='bbox 754 5531 969 5587; x_wconf 84' lang='grc' dir='ltr'>πάντων</span> <span class='ocrx_word' id='word_1_735' title='bbox 996 5533 1317 5589; x_wconf 83' lang='grc' dir='ltr'>ἀτοπώτατα</span> <span class='ocrx_word' id='word_1_736' title='bbox 1341 5536 1451 5593; x_wconf 88' lang='grc' dir='ltr'><strong>τῶν</strong></span> <span class='ocrx_word' id='word_1_737' title='bbox 1472 5539 1578 5609; x_wconf 87' lang='grc' dir='ltr'><strong>πρὸ</strong></span> <span class='ocrx_word' id='word_1_738' title='bbox 1602 5540 1768 5594; x_wconf 78' lang='grc' dir='ltr'>αὑτοῦ</span> <span class='ocrx_word' id='word_1_739' title='bbox 1798 5544 1892 5596; x_wconf 75' lang='grc' dir='ltr'>καὶ</span> 
     </span>
    </p>
   </div>
   <div class='ocr_carea' id='block_1_100' title="bbox 400 5704 1957 5784">
    <p class='ocr_par' dir='ltr' id='par_1_100' title="bbox 400 5704 1957 5784">
     <span class='ocr_line' id='line_1_100' title="bbox 400 5704 1957 5784; baseline 0.007 -21"><span class='ocrx_word' id='word_1_740' title='bbox 400 5705 419 5741; x_wconf 82' lang='grc'><strong><em>⁸</em></strong></span> <span class='ocrx_word' id='word_1_741' title='bbox 448 5704 594 5775; x_wconf 78' lang='lat' dir='ltr'><strong>Psal.</strong></span> <span class='ocrx_word' id='word_1_742' title='bbox 620 5722 815 5777; x_wconf 81' lang='lat' dir='ltr'><strong>cxvm,</strong></span> <span class='ocrx_word' id='word_1_743' title='bbox 840 5709 927 5765; x_wconf 83' lang='lat'><strong>67.</strong></span> <span class='ocrx_word' id='word_1_744' title='bbox 1003 5712 1023 5741; x_wconf 80' lang='lat'>&#39;</span> <span class='ocrx_word' id='word_1_745' title='bbox 1044 5709 1187 5768; x_wconf 88' lang='lat' dir='ltr'><strong>Psal.</strong></span> <span class='ocrx_word' id='word_1_746' title='bbox 1224 5726 1368 5780; x_wconf 80' lang='lat' dir='ltr'><strong>cxiv,</strong></span> <span class='ocrx_word' id='word_1_747' title='bbox 1410 5715 1457 5769; x_wconf 88' lang='lat'><strong>7.</strong></span> <span class='ocrx_word' id='word_1_748' title='bbox 1537 5716 1556 5748; x_wconf 84' lang='grc'><em>³</em></span> <span class='ocrx_word' id='word_1_749' title='bbox 1582 5716 1715 5771; x_wconf 83' lang='lat' dir='ltr'><strong>Gen.</strong></span> <span class='ocrx_word' id='word_1_750' title='bbox 1755 5730 1838 5784; x_wconf 86' lang='lat' dir='ltr'><strong>lli,</strong></span> <span class='ocrx_word' id='word_1_751' title='bbox 1867 5718 1957 5774; x_wconf 80' lang='lat' dir='ltr'><strong>2t.</strong></span> 
     </span>
    </p>
   </div>
   <div class='ocr_carea' id='block_1_101' title="bbox 2006 4540 3590 4613">
    <p class='ocr_par' dir='ltr' id='par_1_101' title="bbox 2006 4540 3590 4613">
     <span class='ocr_line' id='line_1_101' title="bbox 2006 4540 3590 4613; baseline 0.009 -25"><span class='ocrx_word' id='word_1_752' title='bbox 2006 4545 2134 4589; x_wconf 89' lang='lat' dir='ltr'><strong>sunt</strong></span> <span class='ocrx_word' id='word_1_753' title='bbox 2159 4540 2336 4610; x_wconf 90' lang='lat' dir='ltr'><strong>primo</strong></span> <span class='ocrx_word' id='word_1_754' title='bbox 2368 4540 2488 4595; x_wconf 90' lang='lat' dir='ltr'><strong>loco</strong></span> <span class='ocrx_word' id='word_1_755' title='bbox 2517 4540 2787 4611; x_wconf 85' lang='lat' dir='ltr'><strong>subjicere</strong></span> <span class='ocrx_word' id='word_1_756' title='bbox 2813 4582 2830 4608; x_wconf 92' lang='lat'><strong>,</strong></span> <span class='ocrx_word' id='word_1_757' title='bbox 2856 4544 3052 4599; x_wconf 89' lang='lat' dir='ltr'><strong>deinde</strong></span> <span class='ocrx_word' id='word_1_758' title='bbox 3072 4560 3190 4613; x_wconf 65' lang='lat' dir='ltr'><strong>qu;c</strong></span> <span class='ocrx_word' id='word_1_759' title='bbox 3220 4546 3289 4598; x_wconf 92' lang='lat' dir='ltr'><strong>ah</strong></span> <span class='ocrx_word' id='word_1_760' title='bbox 3315 4548 3590 4602; x_wconf 69' lang='lat' dir='ltr'><strong>tenuitate</strong></span> 
     </span>
    </p>
   </div>
   <div class='ocr_carea' id='block_1_102' title="bbox 2006 4630 3583 4700">
    <p class='ocr_par' dir='ltr' id='par_1_102' title="bbox 2006 4630 3583 4700">
     <span class='ocr_line' id='line_1_102' title="bbox 2006 4630 3583 4700; baseline 0.004 -20"><span class='ocrx_word' id='word_1_761' title='bbox 2006 4637 2193 4683; x_wconf 88' lang='lat' dir='ltr'><strong>nostra</strong></span> <span class='ocrx_word' id='word_1_762' title='bbox 2227 4630 2493 4687; x_wconf 85' lang='lat' dir='ltr'><strong>adversus</strong></span> <span class='ocrx_word' id='word_1_763' title='bbox 2526 4633 2679 4688; x_wconf 90' lang='lat' dir='ltr'><strong>illum</strong></span> <span class='ocrx_word' id='word_1_764' title='bbox 2720 4634 2949 4690; x_wconf 92' lang='lat' dir='ltr'><strong>dicenda</strong></span> <span class='ocrx_word' id='word_1_765' title='bbox 2989 4634 3211 4700; x_wconf 82' lang='lat' dir='ltr'><strong>fuerint,</strong></span> <span class='ocrx_word' id='word_1_766' title='bbox 3258 4637 3469 4692; x_wconf 76' lang='lat' dir='ltr'><strong>atierre.</strong></span> <span class='ocrx_word' id='word_1_767' title='bbox 3500 4639 3583 4693; x_wconf 83' lang='lat' dir='ltr'><strong>Ea</strong></span> 
     </span>
    </p>
   </div>
   <div class='ocr_carea' id='block_1_103' title="bbox 2006 4722 3578 4805">
    <p class='ocr_par' dir='ltr' id='par_1_103' title="bbox 2006 4722 3578 4805">
     <span class='ocr_line' id='line_1_103' title="bbox 2006 4722 3578 4805; baseline 0.008 -33"><span class='ocrx_word' id='word_1_768' title='bbox 2006 4735 2136 4773; x_wconf 91' lang='lat' dir='ltr'><strong>vero</strong></span> <span class='ocrx_word' id='word_1_769' title='bbox 2162 4730 2311 4785; x_wconf 91' lang='lat' dir='ltr'><strong>sunt,</strong></span> <span class='ocrx_word' id='word_1_770' title='bbox 2342 4738 2463 4793; x_wconf 60' lang='lat' dir='ltr'><strong>qua}</strong></span> <span class='ocrx_word' id='word_1_771' title='bbox 2504 4722 2570 4778; x_wconf 87' lang='lat' dir='ltr'><strong>ad</strong></span> <span class='ocrx_word' id='word_1_772' title='bbox 2621 4725 2856 4805; x_wconf 80' lang='lat' dir='ltr'><strong>primum</strong></span> <span class='ocrx_word' id='word_1_773' title='bbox 2899 4727 3166 4796; x_wconf 88' lang='lat' dir='ltr'><strong>psalmum</strong></span> <span class='ocrx_word' id='word_1_774' title='bbox 3228 4728 3283 4781; x_wconf 91' lang='lat' dir='ltr'><strong>in</strong></span> <span class='ocrx_word' id='word_1_775' title='bbox 3338 4729 3578 4784; x_wconf 89' lang='lat' dir='ltr'><strong>medium</strong></span> 
     </span>
    </p>
   </div>
   <div class='ocr_carea' id='block_1_104' title="bbox 2006 4809 3575 4890">
    <p class='ocr_par' dir='ltr' id='par_1_104' title="bbox 2006 4809 3575 4890">
     <span class='ocr_line' id='line_1_104' title="bbox 2006 4809 3575 4890; baseline 0.009 -28"><span class='ocrx_word' id='word_1_776' title='bbox 2006 4809 2249 4866; x_wconf 84' lang='lat' dir='ltr'><strong>adduxit.</strong></span> <span class='ocrx_word' id='word_1_777' title='bbox 2313 4812 2445 4868; x_wconf 88' lang='lat' dir='ltr'><strong>Nam</strong></span> <span class='ocrx_word' id='word_1_778' title='bbox 2504 4831 2627 4871; x_wconf 91' lang='lat' dir='ltr'><strong>cum</strong></span> <span class='ocrx_word' id='word_1_779' title='bbox 2690 4817 2746 4871; x_wconf 92' lang='lat' dir='ltr'><strong>in</strong></span> <span class='ocrx_word' id='word_1_780' title='bbox 2798 4818 2949 4873; x_wconf 87' lang='lat' dir='ltr'><strong>omni</strong></span> <span class='ocrx_word' id='word_1_781' title='bbox 2982 4818 3264 4889; x_wconf 89' lang='lat' dir='ltr'><strong>Scriptura</strong></span> <span class='ocrx_word' id='word_1_782' title='bbox 3307 4815 3575 4890; x_wconf 86' lang='lat' dir='ltr'><strong>perpetuo</strong></span> 
     </span>
    </p>
   </div>
   <div class='ocr_carea' id='block_1_105' title="bbox 2006 4900 3572 4982">
    <p class='ocr_par' dir='ltr' id='par_1_105' title="bbox 2006 4900 3572 4982">
     <span class='ocr_line' id='line_1_105' title="bbox 2006 4900 3572 4982; baseline 0.007 -26"><span class='ocrx_word' id='word_1_783' title='bbox 2006 4900 2170 4973; x_wconf 76' lang='lat'><strong>529</strong></span> <span class='ocrx_word' id='word_1_784' title='bbox 2201 4903 2274 4958; x_wconf 90' lang='lat' dir='ltr'><strong>sit</strong></span> <span class='ocrx_word' id='word_1_785' title='bbox 2294 4905 2501 4976; x_wconf 89' lang='lat' dir='ltr'><strong>lapsus,</strong></span> <span class='ocrx_word' id='word_1_786' title='bbox 2533 4907 2587 4961; x_wconf 90' lang='lat' dir='ltr'><strong>in</strong></span> <span class='ocrx_word' id='word_1_787' title='bbox 2616 4910 2909 4981; x_wconf 83' lang='lat' dir='ltr'><strong>praecipuis</strong></span> <span class='ocrx_word' id='word_1_788' title='bbox 2955 4927 3017 4965; x_wconf 90' lang='lat' dir='ltr'><strong>ac</strong></span> <span class='ocrx_word' id='word_1_789' title='bbox 3047 4916 3371 4967; x_wconf 83' lang='lat' dir='ltr'><strong>necessariis</strong></span> <span class='ocrx_word' id='word_1_790' title='bbox 3398 4915 3572 4982; x_wconf 92' lang='lat' dir='ltr'><strong>potis-</strong></span> 
     </span>
    </p>
   </div>
   <div class='ocr_carea' id='block_1_106' title="bbox 2004 4996 3569 5072">
    <p class='ocr_par' dir='ltr' id='par_1_106' title="bbox 2004 4996 3569 5072">
     <span class='ocr_line' id='line_1_106' title="bbox 2004 4996 3569 5072; baseline 0.006 -23"><span class='ocrx_word' id='word_1_791' title='bbox 2004 4996 2235 5052; x_wconf 87' lang='lat' dir='ltr'><strong>simum:</strong></span> <span class='ocrx_word' id='word_1_792' title='bbox 2266 4999 2499 5070; x_wconf 87' lang='lat' dir='ltr'><strong>singulis</strong></span> <span class='ocrx_word' id='word_1_793' title='bbox 2546 5018 2684 5072; x_wconf 90' lang='lat' dir='ltr'><strong>pene</strong></span> <span class='ocrx_word' id='word_1_794' title='bbox 2723 5005 3055 5061; x_wconf 89' lang='lat' dir='ltr'><strong>dictionibus</strong></span> <span class='ocrx_word' id='word_1_795' title='bbox 3097 5008 3331 5061; x_wconf 86' lang='lat' dir='ltr'><strong>aberrat.</strong></span> <span class='ocrx_word' id='word_1_796' title='bbox 3374 5006 3569 5062; x_wconf 86' lang='lat' dir='ltr'><strong>Verum</strong></span> 
     </span>
    </p>
   </div>
   <div class='ocr_carea' id='block_1_107' title="bbox 2003 5086 3571 5167">
    <p class='ocr_par' dir='ltr' id='par_1_107' title="bbox 2003 5086 3571 5167">
     <span class='ocr_line' id='line_1_107' title="bbox 2003 5086 3571 5167; baseline 0.008 -26"><span class='ocrx_word' id='word_1_797' title='bbox 2003 5086 2137 5142; x_wconf 89' lang='lat' dir='ltr'><strong>illud</strong></span> <span class='ocrx_word' id='word_1_798' title='bbox 2170 5104 2236 5143; x_wconf 93' lang='lat' dir='ltr'><strong>eo</strong></span> <span class='ocrx_word' id='word_1_799' title='bbox 2258 5089 2509 5158; x_wconf 81' lang='lat' dir='ltr'><strong>facimus,</strong></span> <span class='ocrx_word' id='word_1_800' title='bbox 2539 5093 2685 5163; x_wconf 92' lang='lat' dir='ltr'><strong>quod</strong></span> <span class='ocrx_word' id='word_1_801' title='bbox 2729 5097 3054 5167; x_wconf 90' lang='lat' dir='ltr'><strong>scriptorum</strong></span> <span class='ocrx_word' id='word_1_802' title='bbox 3102 5098 3319 5152; x_wconf 90' lang='lat' dir='ltr'><strong>illorum</strong></span> <span class='ocrx_word' id='word_1_803' title='bbox 3375 5099 3571 5166; x_wconf 86' lang='lat' dir='ltr'><strong>ingens</strong></span> 
     </span>
    </p>
   </div>
   <div class='ocr_carea' id='block_1_108' title="bbox 1999 5180 3566 5261">
    <p class='ocr_par' dir='ltr' id='par_1_108' title="bbox 1999 5180 3566 5261">
     <span class='ocr_line' id='line_1_108' title="bbox 1999 5180 3566 5261; baseline 0.008 -30"><span class='ocrx_word' id='word_1_804' title='bbox 1999 5180 2249 5248; x_wconf 85' lang='lat' dir='ltr'><strong>quaedam</strong></span> <span class='ocrx_word' id='word_1_805' title='bbox 2280 5184 2454 5239; x_wconf 91' lang='lat' dir='ltr'><strong>moles</strong></span> <span class='ocrx_word' id='word_1_806' title='bbox 2478 5196 2584 5243; x_wconf 89' lang='lat' dir='ltr'><strong>est.</strong></span> <span class='ocrx_word' id='word_1_807' title='bbox 2617 5186 2751 5241; x_wconf 82' lang='lat' dir='ltr'><strong>Nam</strong></span> <span class='ocrx_word' id='word_1_808' title='bbox 2783 5187 2995 5243; x_wconf 84' lang='lat' dir='ltr'><strong>inﬁnita</strong></span> <span class='ocrx_word' id='word_1_809' title='bbox 3025 5190 3315 5261; x_wconf 85' lang='lat' dir='ltr'><strong>scripsisse</strong></span> <span class='ocrx_word' id='word_1_810' title='bbox 3344 5191 3566 5257; x_wconf 88' lang='lat' dir='ltr'><strong>dicitur,</strong></span> 
     </span>
    </p>
   </div>
   <div class='ocr_carea' id='block_1_109' title="bbox 1997 5270 3567 5352">
    <p class='ocr_par' dir='ltr' id='par_1_109' title="bbox 1997 5270 3567 5352">
     <span class='ocr_line' id='line_1_109' title="bbox 1997 5270 3567 5352; baseline 0.01 -28"><span class='ocrx_word' id='word_1_811' title='bbox 1997 5287 2122 5325; x_wconf 88' lang='lat' dir='ltr'><strong>cum</strong></span> <span class='ocrx_word' id='word_1_812' title='bbox 2169 5270 2237 5325; x_wconf 92' lang='lat' dir='ltr'><strong>ad</strong></span> <span class='ocrx_word' id='word_1_813' title='bbox 2269 5273 2517 5346; x_wconf 86' lang='lat' dir='ltr'><strong>singulos</strong></span> <span class='ocrx_word' id='word_1_814' title='bbox 2564 5277 2859 5349; x_wconf 64' lang='lat' dir='ltr'><strong>Scriptura:</strong></span> <span class='ocrx_word' id='word_1_815' title='bbox 2885 5280 3075 5345; x_wconf 87' lang='lat' dir='ltr'><strong>libros,</strong></span> <span class='ocrx_word' id='word_1_816' title='bbox 3121 5297 3241 5352; x_wconf 69' lang='lat' dir='ltr'><strong>quae</strong></span> <span class='ocrx_word' id='word_1_817' title='bbox 3293 5283 3397 5337; x_wconf 88' lang='lat' dir='ltr'><strong>sibi</strong></span> <span class='ocrx_word' id='word_1_818' title='bbox 3428 5284 3567 5340; x_wconf 85' lang='lat' dir='ltr'><strong>vide-</strong></span> 
     </span>
    </p>
   </div>
   <div class='ocr_carea' id='block_1_110' title="bbox 1998 5366 3566 5446">
    <p class='ocr_par' dir='ltr' id='par_1_110' title="bbox 1998 5366 3566 5446">
     <span class='ocr_line' id='line_1_110' title="bbox 1998 5366 3566 5446; baseline 0.011 -31"><span class='ocrx_word' id='word_1_819' title='bbox 1998 5372 2194 5417; x_wconf 88' lang='lat' dir='ltr'><strong>rentur</strong></span> <span class='ocrx_word' id='word_1_820' title='bbox 2241 5366 2458 5424; x_wconf 79' lang='lat' dir='ltr'><strong>etiutire</strong></span> <span class='ocrx_word' id='word_1_821' title='bbox 2514 5370 2624 5425; x_wconf 85' lang='lat' dir='ltr'><strong>nOn</strong></span> <span class='ocrx_word' id='word_1_822' title='bbox 2668 5372 3016 5429; x_wconf 81' lang='lat' dir='ltr'><strong>dubitaverit.</strong></span> <span class='ocrx_word' id='word_1_823' title='bbox 3049 5376 3313 5431; x_wconf 62' lang='lat' dir='ltr'><strong>Caeterum</strong></span> <span class='ocrx_word' id='word_1_824' title='bbox 3349 5393 3471 5446; x_wconf 68' lang='lat' dir='ltr'><strong>qua:</strong></span> <span class='ocrx_word' id='word_1_825' title='bbox 3510 5380 3566 5433; x_wconf 89' lang='lat' dir='ltr'><strong>in</strong></span> 
     </span>
    </p>
   </div>
   <div class='ocr_carea' id='block_1_111' title="bbox 1998 5458 3565 5538">
    <p class='ocr_par' dir='ltr' id='par_1_111' title="bbox 1998 5458 3565 5538">
     <span class='ocr_line' id='line_1_111' title="bbox 1998 5458 3565 5538; baseline 0.011 -31"><span class='ocrx_word' id='word_1_826' title='bbox 1998 5458 2344 5513; x_wconf 87' lang='lat' dir='ltr'><strong>sermonibus</strong></span> <span class='ocrx_word' id='word_1_827' title='bbox 2398 5460 2465 5514; x_wconf 92' lang='lat' dir='ltr'><strong>ad</strong></span> <span class='ocrx_word' id='word_1_828' title='bbox 2522 5463 2780 5532; x_wconf 91' lang='lat' dir='ltr'><strong>populum</strong></span> <span class='ocrx_word' id='word_1_829' title='bbox 2836 5466 3059 5533; x_wconf 88' lang='lat' dir='ltr'><strong>habitis,</strong></span> <span class='ocrx_word' id='word_1_830' title='bbox 3087 5483 3151 5522; x_wconf 83' lang='lat' dir='ltr'><strong>ac</strong></span> <span class='ocrx_word' id='word_1_831' title='bbox 3180 5470 3459 5538; x_wconf 88' lang='lat' dir='ltr'><strong>prooemiis</strong></span> <span class='ocrx_word' id='word_1_832' title='bbox 3497 5470 3565 5526; x_wconf 84' lang='lat' dir='ltr'><strong>de</strong></span> 
     </span>
    </p>
   </div>
   <div class='ocr_carea' id='block_1_112' title="bbox 2000 5549 3568 5634">
    <p class='ocr_par' dir='ltr' id='par_1_112' title="bbox 2000 5549 3568 5634">
     <span class='ocr_line' id='line_1_112' title="bbox 2000 5549 3568 5634; baseline 0.01 -32"><span class='ocrx_word' id='word_1_833' title='bbox 2000 5549 2265 5617; x_wconf 85' lang='lat' dir='ltr'><strong>moribus,</strong></span> <span class='ocrx_word' id='word_1_834' title='bbox 2299 5561 2353 5609; x_wconf 92' lang='lat' dir='ltr'><strong>et</strong></span> <span class='ocrx_word' id='word_1_835' title='bbox 2382 5555 2698 5612; x_wconf 88' lang='lat' dir='ltr'><strong>animalium</strong></span> <span class='ocrx_word' id='word_1_836' title='bbox 2726 5567 2944 5626; x_wconf 88' lang='lat' dir='ltr'><strong>natura,</strong></span> <span class='ocrx_word' id='word_1_837' title='bbox 2969 5561 3288 5633; x_wconf 58' lang='lat' dir='ltr'><strong>exterisque</strong></span> <span class='ocrx_word' id='word_1_838' title='bbox 3316 5561 3370 5617; x_wconf 91' lang='lat' dir='ltr'><strong>id</strong></span> <span class='ocrx_word' id='word_1_839' title='bbox 3391 5578 3568 5634; x_wconf 80' lang='lat' dir='ltr'><strong>genus</strong></span> 
     </span>
    </p>
   </div>
  </div>
