4082 6394
447 245 584 302 1079
1864 246 1919 301 S.
1955 245 2264 301 ΕΡΙΡΙΙΑΝΙ
3560 234 3753 292 1080

445 361 724 429 disseruit,
755 363 929 419 media
959 365 1193 435 quadam
1226 364 1488 419 insistens
1544 365 1628 417 via
1676 364 1810 419 scite
1862 375 2023 433 atque

2129 364 2246 433 μετ’
2281 364 2442 416 αὐτὸν
2480 361 2811 432 εὑρίσκεται,
2848 360 2984 430 πλὴν
3024 361 3129 413 τῶν
3167 361 3224 412 ὲν
3260 359 3378 419 ταῖς
3416 355 3741 425 αἱρέσεσιν

446 453 719 521 eleganter
739 453 1055 524 plerumque
1083 455 1396 524 disputavit.
1423 455 1553 521 Quin
1577 472 1703 509 vero
1718 456 1783 509 de
1798 455 2011 525 dogma-

2128 458 2338 526 ιισχρου
2347 455 2534 527 ργιῶν.

446 544 589 600 tibus
646 545 1005 609 elucubravit.
1060 546 1235 617 deque
1269 546 1393 609 lide,
1442 563 1506 601 ac
1537 549 1761 617 reliquis
1816 550 2007 617 majori
2042 550 2504 623 contemplatione
2547 546 2747 617 dignis,
2784 547 2942 617 longe
2976 552 3187 598 caeteris
3225 556 3412 596 eorum
3446 538 3731 592 omnium

351 695 357 703 ,
445 641 709 699 decretis.
769 641 861 711 qui
928 649 1021 695 aut
1075 650 1508 703 antecesserunt.
1560 651 1655 696 aut
1704 652 1823 713 post
1872 645 2022 697 illum
2084 644 2432 710 exstiterunt,
2485 643 2754 713 ineptiora
2817 647 2873 695 et
2930 639 3249 694 absurdiora
3308 636 3606 694 videntur,
3660 632 3724 685 si

357 942 365 947 -
447 927 564 972 tum
608 920 913 989 amplexus.
944 918 1404 987 quemadmodum
1438 929 1598 975 antea
1639 921 1821 975 docui.
1858 920 1938 975 Ob
1971 922 2021 975 id

353 755 358 763 ·
444 732 709 787 duntaxat
753 733 983 789 aliarum
1027 733 1303 788 haereseon
1358 732 1556 803 flagitia
1614 750 1676 788 ac
1730 734 2001 790 foeditates
2036 735 2293 805 excipias.

513 827 589 880 Ac
620 824 835 880 videtur
882 841 1014 880 sane
1056 834 1107 879 et
1143 835 1451 881 ascetarum
1488 828 1629 882 idem
1675 829 1765 882 ille
1805 831 2023 883 institu-

2207 827 2389 893 Ἔδοξε
2426 826 2535 897 γὰρ
2578 826 2671 879 καὶ
2718 823 2974 893 ἀσκητῶν
3027 821 3141 892 βίον
3173 819 3577 891 ὲπανῃρῆσθαι,
3634 818 3713 880 ὡς

2132 920 2227 971 καὶ
2259 918 2371 972 ἄνω
2436 934 2524 986 μοι
2575 915 2993 986 προδεδήλωται.
3052 913 3143 965 Διὸ
3196 913 3289 964 καὶ
3328 910 3417 962 τὸν
3470 909 3713 980 θώρακα

446 1012 793 1066 stomachum
824 1012 985 1081 illlius
1019 1010 1199 1066 ferunt
1230 1020 1450 1080 propter
1480 1012 1807 1079 exquisitam
1838 1026 2028 1080 quam-

2130 1010 2296 1065 αὐτοῦ
2335 1010 2466 1078 φασί
2495 1026 2637 1071 τινες
2669 1007 2777 1061 ἀπὸ
2808 1006 3113 1075 ὑπερϐολῆς
3149 1004 3439 1065 πολιτείας,
3481 1002 3713 1064 ἀσιτίας

449 1104 575 1157 dam
614 1104 740 1157 vita:
772 1105 1058 1165 rationem,
1094 1112 1146 1157 et
1172 1103 1431 1168 inediam,
1465 1112 1627 1173 atque
1670 1105 1739 1157 ab
1766 1105 2023 1158 animatis

2128 1118 2186 1153 τε
2231 1102 2324 1154 καὶ
2359 1101 2571 1171 ἀποχῆς
2601 1099 2879 1170 ἐμψύχων,
2916 1096 3276 1151 πεπτωκέναι.
3325 1096 3461 1166 Φέρε
3501 1095 3571 1165 δὴ
3618 1090 3715 1146 οὖν

450 1196 710 1250 omnibus
752 1196 1168 1265 temperantiam
1208 1196 1537 1251 concidisse.
1591 1194 1696 1250 Sed
1722 1196 1833 1264 jam
1871 1197 2017 1249 illius

451 1287 617 1341 verba
666 1288 1010 1357 proferamus
1064 1303 1131 1342 ex
1193 1288 1313 1357 ejus
1360 1287 1425 1341 ad
1473 1290 1706 1355 priorem
1752 1287 2016 1356 psalmum

450 1378 859 1432 commentariis
891 1377 1233 1447 deprompta,
1275 1386 1329 1433 et
1374 1394 1440 1433 ex
1484 1378 2019 1434 considerationibus

453 1469 518 1522 ad
568 1470 816 1524 eumdem
875 1470 1060 1532 editis,
1113 1470 1538 1539 dogmatumque
1581 1469 2017 1531 tractationibus,

451 1557 675 1612 totidem
702 1561 899 1628 quibus
933 1561 1155 1629 scripsit
1198 1560 1287 1613 ille
1325 1561 1530 1624 verbis,
1563 1575 1631 1614 ne
1661 1561 1786 1629 quis
1826 1576 1926 1615 nos
1957 1560 2021 1613 ilo

2128 1194 2297 1256 αὑτάς
2324 1193 2422 1256 τὰς
2448 1190 2613 1245 αὑτοῦ
2646 1192 2817 1257 λέξεις
2853 1188 3277 1261 παραθησόμεθα
3324 1190 3385 1241 ἐκ
3414 1186 3510 1239 τοῦ
3548 1185 3715 1257 πρώ-

2120 1304 2212 1339 του
2250 1285 2495 1355 ψαλμοῦ,
2540 1287 2633 1339 καὶ
2689 1284 2795 1337 τῶν
2844 1286 2900 1336 ὲν
2959 1282 3108 1353 αὐτῴ
3146 1279 3415 1350 θεωριῶν,
3474 1279 3575 1331 καὶ
3635 1270 3715 1329 ὧν

2121 1378 2473 1446 ἐδογμάτισεν
2500 1377 2683 1439 αὐτοῖς
2709 1379 2819 1439 τοῖς
2849 1375 3025 1443 λόγοις
3046 1389 3057 1401 ·
3092 1374 3177 1426 ἴνα
3208 1373 3281 1442 μή
3311 1387 3455 1433 τινες
3498 1370 3717 1421 εἴπωσι

2120 1470 2190 1522 τὰ
2222 1470 2339 1522 κατ’
2372 1468 2536 1523 αὑτοῦ
2573 1469 2663 1537 ὑφ’
2694 1467 2849 1539 ἡμῶν
2879 1467 3143 1534 λεγόμενα
3172 1461 3713 1531 σεσυκοφαντῆσθαι.

2123 1561 2232 1613 Καὶ
2283 1560 2379 1629 οὐχ
2416 1560 2498 1612 ὅτι
2545 1558 2761 1621 πάντως
2810 1558 2967 1627 μόνον
3014 1558 3071 1608 ὲν
3126 1555 3203 1624 τῷ
3246 1553 3444 1625 πρώτῳ
3493 1552 3717 1622 ψαλμῷ

451 1650 560 1703 lius
592 1650 755 1705 dictis
801 1652 1131 1706 calumniam
1161 1651 1357 1706 fecisse
1390 1651 1559 1705 dicat.
1603 1651 1781 1721 Atque
1812 1667 1876 1705 ex
1918 1652 2019 1705 hoc

2128 1652 2344 1718 ἐξέπεσε
2378 1652 2475 1720 τῆς
2508 1650 2784 1719 ἀληθείας,
2823 1650 2897 1711 ὡς
2928 1648 3186 1709 πολλάκις
3220 1643 3390 1710 εἷπον,
3430 1644 3571 1698 ἀλλὰ
3610 1647 3717 1697 καὶ

453 1742 791 1811 potissimum
822 1744 941 1798 loco
972 1745 1272 1799 transferre
1307 1745 1613 1810 voluimus;
1644 1760 1753 1799 non
1788 1743 1933 1813 quod
1964 1745 2017 1797 in

450 1833 539 1887 bis
565 1833 832 1889 duntaxat
867 1836 932 1889 ad
972 1838 1209 1905 priorem
1243 1837 1510 1907 psalmum
1547 1836 1956 1891 commentariis
1987 1851 2017 1889 a

453 1924 679 1979 veritate
716 1926 993 1990 ceciderit,
1046 1934 1105 1980 ut
1138 1942 1378 1997 persaepe
1424 1935 1654 1982 testatus
1695 1942 1848 1993 sum;
1893 1941 2016 1981 nam

451 2014 508 2069 in
554 2015 808 2070 omnibus
837 2017 996 2086 plane
1046 2018 1360 2081 aberravit;
1409 2016 1505 2072 sed
1536 2017 1681 2087 quod
1731 2018 2017 2072 innumera

448 2108 564 2163 sint
600 2110 668 2164 ab
700 2126 766 2165 eo
806 2111 1137 2167 monimenta
1169 2113 1380 2175 relicta,
1413 2114 1690 2167 nonnullis
1724 2128 1790 2167 ex
1836 2128 1901 2167 eo
1928 2113 2020 2167 illo

451 2204 664 2272 psalmo
713 2205 979 2270 collectis,
1033 2223 1101 2260 ex
1156 2222 1263 2260 una
1303 2214 1398 2261 aut
1459 2208 1650 2270 altera,
1707 2208 1788 2262 vel
1841 2208 2019 2262 tribus

451 2300 601 2345 certe
634 2294 855 2349 vocibus
898 2309 1115 2349 omnem
1153 2296 1299 2352 illius
1329 2298 1382 2351 in
1433 2297 1540 2359 bis,
1581 2313 1701 2367 quae
1744 2298 1811 2351 ad
1861 2298 2019 2352 fidem

451 2382 747 2449 pertinent,
791 2383 1193 2453 improbitatem
1225 2387 1531 2455 aperiemus
1560 2404 1575 2442 :
1609 2402 1672 2441 ac
1704 2388 2021 2442 necessario

450 2470 640 2525 eadem
673 2472 873 2541 quibus
917 2474 1007 2529 ille
1059 2491 1191 2530 usus
1232 2484 1315 2531 est
1356 2478 1518 2531 verba
1560 2476 1881 2533 referemus.
1924 2477 2022 2532 Est

453 2561 621 2630 igitur
654 2564 1089 2636 uniuscujusque
1126 2566 1383 2623 dictionis
1414 2570 1561 2623 velut
1596 2570 1770 2624 solum
1799 2585 1863 2623 ac
1895 2570 2019 2623 fun-

452 2653 768 2707 damentum
808 2655 1143 2725 hujusmodi,
1182 2667 1241 2712 ut
1290 2660 1455 2723 illud,
1506 2660 1750 2715 studiose
1782 2662 2017 2725 auditor,

453 2745 748 2817 intelligas,
781 2750 1228 2806 manifestissime
1250 2749 1446 2805 Filium
1476 2750 1570 2806 Dei
1610 2762 1916 2808 creaturam
1952 2756 2021 2809 ab

2121 1743 2179 1793 ὲν
2228 1741 2432 1813 ἑκάστῃ
2475 1740 2754 1811 ἐξηγήσει.
2806 1740 2902 1792 Διὰ
2956 1739 3011 1790 δὲ
3046 1738 3138 1791 τὸν
3179 1738 3337 1805 ὖγκον
3384 1735 3484 1804 τῆς
3528 1734 3715 1788 αὐτοῦ

2120 1834 2505 1903 πραγματείας
2561 1833 2670 1885 ἀπὸ
2710 1830 2804 1884 τοῦ
2858 1827 3252 1901 προειρημένου
3297 1825 3513 1897 ψαλμοῦ
3569 1826 3715 1877 συλ-

2120 1926 2373 1991 λέξαντες
2426 1924 2679 1985 ὲνταῦθα,
2720 1925 2827 1978 ἀπὸ
2875 1924 2975 1993 τῆς
3028 1922 3238 1992 μιᾶς,ἢ
3288 1920 3401 1982 δύο,
3446 1921 3479 1989 ἢ
3528 1918 3715 1989 τριῶν

2121 2016 2336 2082 λέξεων,
2386 2018 2447 2071 τὸ
2475 2020 2583 2071 πᾶν
2631 2017 2691 2069 τὸ
2741 2018 2869 2087 περὶ
2894 2016 2991 2085 τὴν
3022 2015 3203 2068 πίστιν
3244 2014 3343 2083 τῆς
3392 2012 3714 2082 μοχθηρίας

2120 2108 2284 2161 αὑτοῦ
2338 2107 2795 2176 άπυκαλύψωμεν.
2839 2106 2949 2159 Καὶ
2994 2105 3187 2159 ταυτόν
3220 2121 3276 2157 τε
3320 2104 3493 2155 εἰπεῖν
3521 2104 3711 2168 ἀναγ-

2122 2201 2291 2264 καίως
2342 2199 2805 2270 ἐπιμελησόμεθα.
2882 2200 2991 2251 Kal.
3042 2197 3189 2250 ἔστιν
3246 2194 3405 2257 εὐθὺς
3455 2193 3712 2261 ἑκάστης

2124 2296 2318 2360 λέξεως
2349 2296 2409 2349 τὸ
2452 2296 2665 2363 ὲδάφιον
2707 2294 2899 2356 οὕτως,
2932 2294 3078 2355 ὅπως
3110 2290 3308 2361 γνῴης,
3350 2282 3394 2341 ὦ
3440 2285 3712 2356 φιλόκαλε

2124 2389 2389 2460 ἀκροατά,
2420 2390 2502 2441 ὅτι
2529 2389 2884 2458 φανερώτατα
2908 2385 2999 2437 τὸν
3033 2383 3161 2436 Υίὸν
3199 2381 3292 2435 τοῦ
3318 2378 3449 2433 Θεοῦ
3492 2379 3712 2446 κτίσμα

2125 2481 2468 2551 ἐδογμάτισε.
2519 2480 2627 2533 Καὶ
2675 2479 2783 2533 άπὸ
2838 2478 2934 2548 τῆς
2988 2476 3115 2547 napi.
3173 2473 3265 2527 τοῦ
3316 2470 3444 2525 Υἱοῦ
3495 2469 3712 2539 τόλμης

2126 2573 2326 2643 γνῴης,
2358 2575 2437 2627 ὅτι
2479 2576 2573 2627 καὶ
2602 2556 2661 2626 τὸ
2693 2571 2915 2640 Πνεῦμα
2957 2570 3017 2622 τὸ
3050 2568 3201 2637 ἅγιον
3230 2565 3442 2619 κτιστὺν
3472 2562 3710 2632 εἰοηγήο

2129 2682 2276 2718 σατο.
2323 2667 2442 2718 Ἀπ’
2489 2665 2661 2736 ἀρχῆς
2694 2660 2784 2716 οὖν
2826 2662 3169 2730 ἀναλέξωμεν
3206 2660 3296 2711 τὸν
3328 2656 3561 2727 ψαλμὸν,
3598 2654 3712 2717 ἓως

2126 2757 2300 2826 αὐτῆς
2330 2757 2427 2827 τῆς
2459 2756 2676 2820 λέξεως,
2707 2755 2781 2817 ὡς
2813 2755 2973 2815 αὐτὸς
3013 2750 3289 2822 Ὠριγένης
3319 2748 3442 2816 ἔφη.

454 2838 549 2893 illo
610 2842 927 2909 prmdicari;
971 2854 1024 2900 et
1062 2862 1128 2900 ex
1176 2847 1269 2900 illa
1327 2848 1380 2901 in
1418 2846 1613 2901 Filium
1654 2850 1956 2904 temeritate
2032 2866 2331 2921 cognoscas
2376 2853 2539 2905 etiam
2585 2850 2849 2919 Spiritum
2896 2855 3147 2902 sanctum
3188 2850 3430 2898 creatum
3491 2838 3559 2892 ab
3609 2850 3711 2888 eo.

454 2934 577 2989 dem
601 2940 839 2994 censeri.
874 2941 1144 3008 Quocirca
1208 2944 1476 3014 psalmum
1531 2945 1683 2999 illum
1723 2946 1792 2999 ab
1853 2946 2010 2999 initio
2069 2954 2420 3018 repetemus,
2484 2946 2825 3016 totidemque
2891 2941 3112 3005 verbis,
3177 2938 3379 3010 quibus
3439 2931 3712 2988 Orivenes

455 3030 696 3099 scripsit.

458 3145 543 3199 Ex
597 3145 840 3216 Origenis
894 3148 1285 3201 commentariis
1336 3148 1403 3201 ad
1459 3148 1720 3217 psalmum
1773 3151 2019 3219 primum.
2050 3161 2097 3222 ς

527 3257 621 3314 Vl.
660 3260 887 3314 Clausus
933 3260 1364 3330 obsignatasque
1413 3259 1730 3331 Scripturas
1777 3278 1898 3317 esse
1945 3279 2032 3318 sa—

457 3367 586 3407 cras
617 3351 801 3405 divina
829 3360 1097 3417 testantur
1126 3355 1382 3418 oracula;
1419 3353 1580 3422 idque
1609 3352 1829 3409 Davidis
1857 3355 2030 3418 clave,

460 3457 524 3496 ac
556 3441 781 3496 forsitan
812 3449 867 3494 et
897 3441 1096 3511 sigillo,
1130 3440 1195 3497 dc
1224 3457 1333 3511 quo
1364 3442 1629 3512 scriptum
1663 3455 1746 3497 est
1778 3461 1791 3499 :
1828 3442 2033 3513 Figura

462 3534 629 3605 sigilli
659 3534 918 3587 sanctitas
956 3533 1179 3585 Domino
1208 3535 1246 3585 ¹.
1278 3531 1432 3600 Quod
1464 3534 1530 3587 de
1558 3534 1762 3588 virtute
1796 3534 1910 3599 Dei,
1938 3535 2031 3605 qui

459 3638 522 3679 ea
548 3623 775 3693 largitus
818 3632 923 3689 est,
972 3624 1200 3693 intelligi
1251 3624 1435 3687 debet,
1471 3640 1592 3694 quae
1639 3624 1892 3680 videlicet
1937 3641 2033 3695 per

462 3716 698 3783 sigillum
745 3714 1120 3769 adumbratur.
1159 3714 1319 3785 530
1348 3717 1560 3770 htenun
1600 3716 1817 3771 clausas
1871 3724 2033 3784 atque

460 3805 776 3874 obsignatas
820 3818 944 3859 esse
975 3803 1290 3873 Scripturas
1321 3820 1559 3860 Joannes
1610 3807 1664 3859 in
1706 3806 2031 3875 Apocalypsi

462 3895 703 3949 declarat
734 3894 818 3949 liis
846 3894 1058 3948 verbis:
1085 3892 1153 3946 Et
1183 3893 1365 3963 angelo
1400 3892 1670 3957 Ecclesia’,
1698 3910 1812 3963 qua?
1849 3893 2033 3946 Phila-

461 3983 684 4052 delphiiz
714 3992 813 4047 est,
855 3983 1021 4037 scribe
1052 4000 1069 4036 :
1099 3982 1226 4037 llwc
1254 3983 1380 4036 dicit
1420 3983 1669 4048 Sanctus,
1718 3984 1899 4045 Verus,
1944 3987 2032 4055 qui

462 4074 615 4127 habet
640 4074 836 4127 clavem
869 4073 1077 4139 David;
1104 4075 1193 4145 qui
1228 4075 1419 4143 aperit,
1445 4085 1495 4128 et
1526 4091 1673 4128 nemo
1704 4074 1951 4138 claudet;
1984 4086 2032 4126 et

463 4166 683 4225 claudit,
714 4175 764 4220 et
805 4183 952 4219 nemo
981 4168 1197 4235 aperiet.
1233 4165 1371 4220 Novi
1408 4182 1564 4234 opera
1597 4176 1724 4230 tua;
1758 4167 1911 4235 posui
1950 4166 2033 4234 [ο-

463 4273 545 4308 res
589 4273 768 4309 coram
810 4267 856 4310 te
886 4268 1119 4326 apertas,
1164 4273 1293 4326 quas
1330 4273 1478 4311 nemo
1511 4256 1756 4310 claudere
1799 4257 2029 4325 potest'.

465 4347 669 4403 Deinde
694 4350 857 4417 paulo
889 4357 1009 4418 post
1039 4367 1052 4402 :
1091 4347 1157 4401 Et
1180 4350 1286 4402 vidi
1312 4348 1380 4402 ad
1408 4350 1678 4403 dexteram
1712 4348 1938 4403 sedentis
1979 4348 2033 4401 in

2340 3148 2465 3201 Τῶν
2508 3146 2838 3217 Ὠριγένους
2870 3148 2956 3210 εὶς
2990 3143 3096 3196 τὸν
3138 3147 3188 3194 α’
3222 3140 3484 3209 ψαλμόν.

2204 3264 2292 3329 ς’.
2337 3260 2661 3313 Κεκλεῖσθαι
2708 3258 2801 3311 καὶ
2848 3254 3210 3327 ὲσφραγίσθαι
3254 3254 3352 3315 τὰς
3381 3252 3529 3314 θείας
3564 3250 3707 3320 Γρα-

2134 3354 2237 3419 φὰς
2268 3354 2315 3405 οί
2345 3351 2477 3405 θεῖοί
2519 3368 2650 3419 φασι
2692 3350 2837 3418 λόγοι
2885 3351 2951 3419 τῇ
2997 3346 3168 3400 κλειδὶ
3203 3345 3297 3399 τοῦ
3330 3342 3513 3403 Δαϐὶδ,
3560 3342 3704 3411 τάχα

2130 3444 2187 3496 δὲ
2232 3443 2324 3496 καὶ
2366 3442 2641 3512 σφραγῖδι,
2680 3441 2803 3509 περὶ
2851 3435 2919 3509 ἧς
2954 3439 3167 3507 εἴρηται
3216 3434 3315 3499 τὸ,
3358 3434 3704 3501 Ἐκτύπωμα

2131 3532 2458 3603 σφραγῖδος
2496 3534 2763 3601 ἀγίασμα
2815 3529 3043 3596 Κυρίῳ·
3090 3527 3337 3579 τουτέστι
3366 3527 3432 3595 τῇ
3478 3523 3701 3591 δυνάμει

2130 3627 2224 3679 τοῦ
2281 3626 2571 3688 δεδοικότος
2604 3624 2772 3686 αὐτὲις
2804 3621 2961 3685 Θεοῦ,
3005 3623 3071 3690 τῇ
3120 3618 3225 3671 ὑπὸ
3266 3619 3367 3687 τῆς
3414 3613 3700 3685 σφραγῖδος

2130 3716 2452 3789 δηλουμένη.
2496 3715 2629 3786 Περὶ
2659 3715 2757 3784 μὲν
2790 3708 2882 3765 οὖν
2920 3712 3012 3764 τοῦ
3043 3709 3347 3763 κεκλεῖσθαι
3384 3707 3476 3761 καὶ
3500 3708 3698 3777 ὲσφρα·

2132 3808 2316 3876 γίσθαι
2367 3810 2395 3859 ὁ
2453 3806 2703 3875 Ἰωάννης
2746 3804 3084 3857 ἀναδιδάσκει
3138 3803 3197 3853 ὲν
3236 3803 3301 3870 τῇ
3344 3798 3700 3866 Ἀποκαλύψει

2131 3901 2304 3968 λέγων
2323 3916 2336 3929 ·
2380 3898 2487 3952 Καὶ
2521 3896 2601 3961 τῷ
2631 3898 2861 3966 ἀγγέλῳ
2898 3894 3007 3963 τῆς
3033 3894 3102 3947 ἐν
3133 3892 3531 3959 Φιλαδελφείᾳ
3571 3890 3700 3943 Ἐτί-

2132 3990 2395 4056 κλησίας
2432 3986 2692 4056 γράψον·
2734 3985 2878 4039 Τάδε
2915 3986 3076 4054 λέγει
3115 3988 3146 4037 ὀ
3175 3984 3373 4051 ’Ἄγιος
3408 3986 3442 4035 ό
3480 3983 3704 4056 Eunt);-

2132 4082 2258 4146 νὸς,
2304 4088 2337 4135 ό
2367 4080 2526 4149 ἔχων
2571 4079 2685 4147 τὴν
2726 4080 2897 4132 κλεῖν
2948 4077 3053 4130 τοῦ
3090 4075 3301 4129 Δαϐίδ·
3344 4077 3376 4127 ό
3429 4073 3704 4141 ἀνοίγων,

2133 4172 2231 4225 καὶ
2287 4171 2484 4235 οὐδεὶς
2546 4170 2811 4233 κλείσει,
2876 4168 2977 4221 καὶ
3045 4169 3289 4230 κλείων,
3343 4163 3444 4217 καί
3505 4164 3703 4229 οὐδεὶς

2133 4265 2379 4328 ἀνοίξει.
2434 4260 2575 4317 Οἶδά
2604 4276 2719 4316 σου
2756 4263 2831 4315 τὰ
2868 4261 3041 4330 ἔργα⁸
3077 4259 3205 4313 ίδοὺ
3254 4257 3483 4312 δέδωκα
3521 4258 3707 4324 θύραν

2133 4355 2387 4409 ἐνώπιόν
2441 4369 2555 4407 σου
2610 4350 3023 4422 ἀνεῳγμένην,
3078 4348 3159 4417 ἢν
3206 4349 3405 4415 οὐδεὶς
3460 4349 3706 4402 δύναται

468 4441 654 4493 throno
686 4439 875 4493 librum
900 4441 1151 4508 scriptum
1180 4440 1319 4493 intus
1352 4449 1401 4493 et
1437 4456 1469 4491 a
1501 4449 1664 4509 tergo,
1700 4439 2030 4509 obsignatum

2136 4447 2373 4501 κλεῖσαι
2422 4445 2645 4511 αὑτήν·
2699 4448 2793 4498 καὶ
2842 4445 2959 4514 μετ’
3008 4443 3194 4511 ὀλίγα·
3244 4442 3352 4495 Kal
3403 4437 3566 4493 εἶδον
3605 4439 3705 4492 ἐπὶ

465 4534 751 4603 signaculis
800 4544 1010 4601 septem.
1065 4530 1133 4585 Et
1181 4530 1287 4585 vidi
1334 4531 1576 4602 angelum
1622 4531 2030 4600 proclamantem

2138 4540 2252 4608 τὴν
2290 4540 2494 4602 δεξιὰν
2537 4510 2643 4592 τοῦ
2677 4510 3013 4605 καθημένου
3058 4510 3157 4588 an
3208 4535 3313 4587 τὸν
3361 4534 3576 4600 θρόνον
3609 4531 3707 4594 βι-

465 4641 583 4677 voce
608 4641 797 4693 magna
825 4640 842 4676 :
866 4624 997 4689 Quis
1050 4632 1125 4676 est
1158 4623 1345 4691 dignus
1378 4623 1580 4691 aperire
1614 4621 1803 4673 librum
1843 4631 1891 4673 et
1928 4620 2030 4673 sol-

2139 4632 2308 4684 6λίον
2354 4629 2756 4698 γεγραμμένον
2798 4628 3023 4681 ἔσωθεν
3087 4626 3185 4677 καὶ
3248 4625 3516 4686 ὄπισθεν,
3570 4638 3708 4673 κατ-

466 4733 579 4769 vere
610 4716 882 4785 signacula
915 4715 1066 4783 ejus?
1100 4713 1169 4767 Et
1208 4730 1355 4766 nemo
1381 4722 1582 4782 poterat
1618 4714 1673 4765 in
1704 4712 1850 4776 caelo,
1879 4728 2030 4780 neque

2136 4720 2616 4791 εσφραγισμένον
2645 4718 2971 4786 σφραγῖσιν
2990 4716 3159 4769 ἑπτά.
3195 4708 3493 4768 Καὶζςῖὃον
3534 4713 3708 4781 ἅντε-

467 4809 521 4860 in
553 4818 712 4865 terra.
744 4823 905 4875 neque
924 4806 1100 4859 subter
1117 4814 1309 4860 terram
1329 4806 1530 4872 aperire
1556 4805 1766 4866 librum,
1787 4820 1877 4857 nec
1902 4804 2030 4871 aspi-

2136 4814 2251 4864 λον
2325 4808 2577 4878 ἰσχυρὸν
2644 4809 3031 4877 κηρύσσοντα
3070 4804 3239 4875 φωνῇ
3265 4803 3539 4875 μεγάλῃ’
3613 4803 3709 4865 Τίς

467 4915 579 4951 cere
609 4899 777 4951 illum.
812 4897 879 4950 Et
910 4896 1122 4965 ﬂebam,
1162 4897 1409 4965 quoniam
1456 4911 1603 4948 nemo
1637 4894 1825 4964 dignus
1853 4896 2030 4947 iuren-

2139 4904 2304 4968 ἄξιος
2340 4901 2569 4964 ἀνοῖξαι
2599 4901 2663 4953 τὸ
2686 4900 2947 4964 βιϐλίον,
2977 4898 3075 4953 καί
3105 4897 3290 4951 λῦσαι
3328 4896 3433 4961 τὰς
3463 4892 3707 4963 cypari-

471 5002 551 5041 tus
601 4997 679 5041 est
732 4990 935 5055 aperire
987 4988 1202 5051 librum,
1244 5004 1402 5056 neque
1463 4988 1692 5054 aspicere
1736 4985 1907 5038 illum.
1970 4984 2035 5037 Et

468 5096 604 5131 unus
638 5078 701 5131 de
727 5078 1016 5131 senioribus
1043 5076 1177 5129 dixit
1206 5077 1369 5129 mihi:
1395 5075 1521 5129 Noli
1552 5077 1676 5145 ﬂere
1711 5093 1728 5129 :
1762 5093 1877 5129 ecce
1916 5076 2035 5129 vicit

470 5174 547 5224 leo
577 5171 639 5224 de
674 5171 815 5223 tribu
857 5169 1020 5233 Juda,
1070 5170 1225 5223 radix
1271 5168 1459 5233 David,
1512 5170 1711 5237 aperire
1743 5168 1955 5233 librum,
1988 5177 2039 5221 et

471 5273 661 5331 septem
695 5264 971 5332 signacula
1008 5264 1121 5327 ejus
1148 5262 1186 5314 ³.
1220 5262 1291 5314 De
1328 5262 1443 5315 sola
1476 5277 1601 5315 vera
1654 5261 2035 5330 obsignatione

471 5356 545 5407 ita
574 5355 811 5423 loquitur
844 5352 1010 5408 Isaias
1040 5373 1052 5407 :
1082 5352 1148 5405 Et
1174 5363 1323 5406 erunt
1347 5353 1487 5406 vobis
1516 5352 1667 5406 verba
1691 5352 1799 5406 ha'c
1831 5354 2029 5416 omnia,

470 5448 607 5499 sicut
630 5463 891 5501 sermones
920 5446 1040 5501 libri
1063 5447 1217 5515 hujus
1242 5446 1523 5515 obsignati,
1551 5462 1702 5515 quem
1724 5447 1771 5500 si
1795 5444 2032 5497 dederint

548 5603 560 5632 ‘
599 5601 767 5656 Exod.
802 5617 990 5667 xxviii,
1018 5601 1104 5656 56.
1151 5603 1171 5631 ¹
1225 5602 1392 5670 Apoc.
1433 5616 1510 5666 Ill,
1549 5602 1599 5654 7.
1679 5601 1699 5630 ³
1732 5600 1899 5669 Apoc.
1934 5614 1986 5664 v,
2020 5599 2136 5656 l-5.

2139 4993 2248 5059 δας
2289 4991 2511 5054 aurai};
2544 4991 2654 5044 Kal
2701 4990 2901 5055 οὐδεὶς
2953 4989 3214 5055 ἠδύνατο
3246 4988 3315 5040 ἐν
3343 4985 3422 5050 τῷ
3453 4982 3705 5053 οὐρανῷ,

2140 5085 2277 5137 οὔτε
2308 5084 2406 5136 ἐπὶ
2430 5082 2539 5150 τῆς
2576 5081 2708 5151 τῆς,
2734 5084 2872 5136 οὔτε
2896 5079 3173 5134 ὑποκάτω
3197 5078 3307 5145 τῆς
3334 5077 3448 5147 γῆς
3477 5076 3707 5140 ἀνοῖξαι

2141 5176 2207 5229 τὸ
2238 5176 2499 5239 βιϐλίον,
2546 5176 2685 5229 οὔτε
2705 5174 2960 5239 βλέπειν
2983 5173 3146 5227 αὐτό.
3185 5171 3293 5226 Kal
3324 5172 3588 5231 ἔκλαιον,
3619 5168 3707 5221 ὅτι

2141 5265 2335 5330 οὐδεὶς
2376 5264 2544 5330 ἄξιος
2587 5266 2800 5334 εὑρέθη
2860 5262 3093 5325 ἀνοῖξαι
3139 5261 3205 5313 τὸ
3253 5260 3526 5325 βιϐλίον,
3571 5260 3705 5311 οὔτε

2135 5353 2391 5416 βλέπειν
2427 5356 2591 5409 αὐτό.
2637 5355 2744 5410 Kal
2773 5349 2861 5418 εἷς
2906 5353 2974 5406 ἐκ
3018 5349 3135 5405 τῶν
3166 5349 3581 5417 πρεσϐυτέρων
3607 5347 3705 5401 λέ·

2141 5463 2227 5514 γει
2265 5434 2395 5516 μοι·
2456 5445 2555 5515 Μὴ
2584 5445 2751 5502 κλαῖε
2774 5462 2788 5476 -
2828 5443 2955 5499 ὶδοὺ
2985 5442 3271 5510 ἐνίκησεν
3311 5442 3344 5494 d
3378 5437 3535 5495 λέων
3565 5439 3598 5494 d
3640 5436 3709 5493 ὲκ
