  <div class='ocr_page' id='page_1' title='image "/cluster/home/n/w/nwhite01/storage/ocr_20150623/41/nnc1.0046978747/604.png"; bbox 0 0 4082 6394; ppageno 0'>
   <div class='ocr_carea' id='block_1_1' title="bbox 335 345 462 402">
    <p class='ocr_par' dir='ltr' id='par_1_1' title="bbox 335 345 462 402">
     <span class='ocr_line' id='line_1_1' title="bbox 335 345 462 402; baseline 0.008 -1"><span class='ocrx_word' id='word_1_1' title='bbox 335 345 462 402; x_wconf 75' lang='grc'><strong>1081</strong></span> 
     </span>
    </p>
   </div>
   <div class='ocr_carea' id='block_1_2' title="bbox 1017 354 2917 416">
    <p class='ocr_par' dir='ltr' id='par_1_2' title="bbox 1017 354 2917 416">
     <span class='ocr_line' id='line_1_2' title="bbox 1017 354 2917 416; baseline 0.004 -7"><span class='ocrx_word' id='word_1_2' title='bbox 1017 354 1384 412; x_wconf 81' lang='lat' dir='ltr'><strong>ADVERSUS</strong></span> <span class='ocrx_word' id='word_1_3' title='bbox 1424 357 1762 415; x_wconf 73' lang='lat' dir='ltr'><strong>HA&#39;JRESES</strong></span> <span class='ocrx_word' id='word_1_4' title='bbox 1800 360 1929 414; x_wconf 80' lang='lat' dir='ltr'><strong>LIB.</strong></span> <span class='ocrx_word' id='word_1_5' title='bbox 1971 357 2031 414; x_wconf 93' lang='lat' dir='ltr'><strong>ll.</strong></span> <span class='ocrx_word' id='word_1_6' title='bbox 2069 359 2234 415; x_wconf 81' lang='grc' dir='ltr'><strong>ΤΟΜ.</strong></span> <span class='ocrx_word' id='word_1_7' title='bbox 2277 362 2391 414; x_wconf 73' lang='grc'><strong>1.-</strong></span> <span class='ocrx_word' id='word_1_8' title='bbox 2423 359 2694 414; x_wconf 76' lang='lat' dir='ltr'><strong>H/ERES.</strong></span> <span class='ocrx_word' id='word_1_9' title='bbox 2735 358 2917 416; x_wconf 81' lang='lat' dir='ltr'><strong>LXIV.</strong></span> 
     </span>
    </p>
   </div>
   <div class='ocr_carea' id='block_1_3' title="bbox 3420 359 3560 414">
    <p class='ocr_par' dir='ltr' id='par_1_3' title="bbox 3420 359 3560 414">
     <span class='ocr_line' id='line_1_3' title="bbox 3420 359 3560 414; baseline 0.014 -2"><span class='ocrx_word' id='word_1_10' title='bbox 3420 359 3560 414; x_wconf 71' lang='lat'><strong>1082</strong></span> 
     </span>
    </p>
   </div>
   <div class='ocr_carea' id='block_1_4' title="bbox 334 456 1912 541">
    <p class='ocr_par' dir='ltr' id='par_1_4' title="bbox 334 456 1900 536">
     <span class='ocr_line' id='line_1_4' title="bbox 334 456 1900 536; baseline 0.01 -25"><span class='ocrx_word' id='word_1_11' title='bbox 334 456 440 526; x_wconf 85' lang='grc' dir='ltr'><em>τῆς</em></span> <span class='ocrx_word' id='word_1_12' title='bbox 471 457 674 529; x_wconf 75' lang='grc' dir='ltr'><em>φυλῆς</em></span> <span class='ocrx_word' id='word_1_13' title='bbox 714 463 926 528; x_wconf 81' lang='grc' dir='ltr'><em>Ἰούδα,</em></span> <span class='ocrx_word' id='word_1_14' title='bbox 971 467 1009 533; x_wconf 79' lang='grc' dir='ltr'>ἡ</span> <span class='ocrx_word' id='word_1_15' title='bbox 1044 465 1177 533; x_wconf 78' lang='grc' dir='ltr'><em>ῥίζα</em></span> <span class='ocrx_word' id='word_1_16' title='bbox 1203 467 1402 532; x_wconf 71' lang='grc' dir='ltr'><em>Δαϐίδ,</em></span> <span class='ocrx_word' id='word_1_17' title='bbox 1447 470 1678 536; x_wconf 77' lang='grc' dir='ltr'><strong>ἀνοῖξαι</strong></span> <span class='ocrx_word' id='word_1_18' title='bbox 1711 471 1777 526; x_wconf 88' lang='grc' dir='ltr'><em>τὸ</em></span> <span class='ocrx_word' id='word_1_19' title='bbox 1804 473 1900 536; x_wconf 80' lang='grc' dir='ltr'><strong>βι-</strong></span> 
     </span>
    </p>
   </div>
   <div class='ocr_carea' id='block_1_5' title="bbox 2015 456 3570 541">
    <p class='ocr_par' dir='ltr' id='par_1_5' title="bbox 2015 466 3570 538">
     <span class='ocr_line' id='line_1_5' title="bbox 2015 466 3570 538; baseline 0 -16"><span class='ocrx_word' id='word_1_20' title='bbox 2015 472 2200 525; x_wconf 76' lang='grc' dir='ltr'><em>ἰοηιίηί</em></span> <span class='ocrx_word' id='word_1_21' title='bbox 2245 471 2431 525; x_wconf 83' lang='lat' dir='ltr'><strong>scienti</strong></span> <span class='ocrx_word' id='word_1_22' title='bbox 2472 470 2698 530; x_wconf 85' lang='lat' dir='ltr'><strong>litteras,</strong></span> <span class='ocrx_word' id='word_1_23' title='bbox 2745 469 2972 522; x_wconf 76' lang='lat' dir='ltr'><strong>dicentes</strong></span> <span class='ocrx_word' id='word_1_24' title='bbox 2999 483 3017 521; x_wconf 92' lang='lat'><em>:</em></span> <span class='ocrx_word' id='word_1_25' title='bbox 3045 466 3171 538; x_wconf 86' lang='lat' dir='ltr'><strong>Lege</strong></span> <span class='ocrx_word' id='word_1_26' title='bbox 3219 468 3366 532; x_wconf 83' lang='lat' dir='ltr'><strong>ista;</strong></span> <span class='ocrx_word' id='word_1_27' title='bbox 3408 477 3454 522; x_wconf 89' lang='lat' dir='ltr'><strong><em>et</em></strong></span> <span class='ocrx_word' id='word_1_28' title='bbox 3485 484 3570 522; x_wconf 90' lang='lat' dir='ltr'><strong>re-</strong></span> 
     </span>
    </p>
   </div>
   <div class='ocr_carea' id='block_1_6' title="bbox 293 551 1901 635">
    <p class='ocr_par' dir='ltr' id='par_1_6' title="bbox 293 551 1901 635">
     <span class='ocr_line' id='line_1_6' title="bbox 293 551 1901 635; baseline 0.009 -34"><span class='ocrx_word' id='word_1_29' title='bbox 293 602 304 607; x_wconf 91' lang='lat'><strong><em>_</em></strong></span> <span class='ocrx_word' id='word_1_30' title='bbox 333 551 502 603; x_wconf 66' lang='lat' dir='ltr'><strong>eum</strong></span> <span class='ocrx_word' id='word_1_31' title='bbox 542 552 642 607; x_wconf 74' lang='grc' dir='ltr'><em>καὶ</em></span> <span class='ocrx_word' id='word_1_32' title='bbox 693 552 800 620; x_wconf 88' lang='grc' dir='ltr'><strong>τὰς</strong></span> <span class='ocrx_word' id='word_1_33' title='bbox 847 556 998 609; x_wconf 71' lang='grc' dir='ltr'><em>ἑπτὰ</em></span> <span class='ocrx_word' id='word_1_34' title='bbox 1039 559 1366 627; x_wconf 63' lang='grc' dir='ltr'><em>σφραγῖδας</em></span> <span class='ocrx_word' id='word_1_35' title='bbox 1406 561 1613 614; x_wconf 82' lang='grc' dir='ltr'><em>αὐτοῦ.</em></span> <span class='ocrx_word' id='word_1_36' title='bbox 1665 564 1801 635; x_wconf 81' lang='grc' dir='ltr'><em>Περὶ</em></span> <span class='ocrx_word' id='word_1_37' title='bbox 1842 564 1901 616; x_wconf 83' lang='grc' dir='ltr'><em>δὲ</em></span> 
     </span>
    </p>
   </div>
   <div class='ocr_carea' id='block_1_7' title="bbox 334 641 1904 715">
    <p class='ocr_par' dir='ltr' id='par_1_7' title="bbox 334 641 1904 715">
     <span class='ocr_line' id='line_1_7' title="bbox 334 641 1904 715; baseline 0.008 -22"><span class='ocrx_word' id='word_1_38' title='bbox 334 641 422 693; x_wconf 84' lang='grc' dir='ltr'><strong>τοῦ</strong></span> <span class='ocrx_word' id='word_1_39' title='bbox 452 644 813 714; x_wconf 80' lang='grc' dir='ltr'><em>ὲσφραγίσθαι</em></span> <span class='ocrx_word' id='word_1_40' title='bbox 844 647 1004 715; x_wconf 85' lang='grc' dir='ltr'><em>μόνον</em></span> <span class='ocrx_word' id='word_1_41' title='bbox 1031 647 1060 697; x_wconf 90' lang='grc' dir='ltr'><strong>ὁ</strong></span> <span class='ocrx_word' id='word_1_42' title='bbox 1097 647 1318 711; x_wconf 81' lang='grc' dir='ltr'>Ἡσαΐας</span> <span class='ocrx_word' id='word_1_43' title='bbox 1346 649 1518 714; x_wconf 75' lang='grc' dir='ltr'><em>οὕτως</em></span> <span class='ocrx_word' id='word_1_44' title='bbox 1538 667 1553 682; x_wconf 73' lang='grc' dir='ltr'><strong>ο</strong></span> <span class='ocrx_word' id='word_1_45' title='bbox 1597 653 1707 704; x_wconf 80' lang='grc' dir='ltr'><em>Καὶ</em></span> <span class='ocrx_word' id='word_1_46' title='bbox 1733 654 1904 705; x_wconf 76' lang='grc' dir='ltr'><em>ἔσται</em></span> 
     </span>
    </p>
   </div>
   <div class='ocr_carea' id='block_1_8' title="bbox 334 733 1904 812">
    <p class='ocr_par' dir='ltr' id='par_1_8' title="bbox 334 733 1904 812">
     <span class='ocr_line' id='line_1_8' title="bbox 334 733 1904 812; baseline 0.007 -27"><span class='ocrx_word' id='word_1_47' title='bbox 334 733 470 801; x_wconf 79' lang='grc' dir='ltr'><em>ὑμῖν</em></span> <span class='ocrx_word' id='word_1_48' title='bbox 498 734 569 788; x_wconf 82' lang='grc' dir='ltr'><em>τὰ</em></span> <span class='ocrx_word' id='word_1_49' title='bbox 601 736 840 804; x_wconf 77' lang='grc' dir='ltr'><em>ῥήματα</em></span> <span class='ocrx_word' id='word_1_50' title='bbox 881 739 1068 793; x_wconf 85' lang='grc' dir='ltr'><em>ταῦτα</em></span> <span class='ocrx_word' id='word_1_51' title='bbox 1113 741 1327 804; x_wconf 82' lang='grc' dir='ltr'><em>πάντα,</em></span> <span class='ocrx_word' id='word_1_52' title='bbox 1365 742 1445 807; x_wconf 87' lang='grc' dir='ltr'><em>ὼς</em></span> <span class='ocrx_word' id='word_1_53' title='bbox 1490 746 1544 795; x_wconf 82' lang='lat' dir='ltr'><strong>oi</strong></span> <span class='ocrx_word' id='word_1_54' title='bbox 1592 744 1757 812; x_wconf 73' lang='grc' dir='ltr'><em>λόγοι</em></span> <span class='ocrx_word' id='word_1_55' title='bbox 1796 743 1904 795; x_wconf 87' lang='grc' dir='ltr'><strong>τοῦ</strong></span> 
     </span>
    </p>
   </div>
   <div class='ocr_carea' id='block_1_9' title="bbox 334 824 1905 898">
    <p class='ocr_par' dir='ltr' id='par_1_9' title="bbox 334 824 1905 898">
     <span class='ocr_line' id='line_1_9' title="bbox 334 824 1905 898; baseline 0.005 -24"><span class='ocrx_word' id='word_1_56' title='bbox 334 824 568 884; x_wconf 79' lang='grc' dir='ltr'><em>βιϐλίου</em></span> <span class='ocrx_word' id='word_1_57' title='bbox 603 826 819 879; x_wconf 86' lang='grc' dir='ltr'><em>τούτου</em></span> <span class='ocrx_word' id='word_1_58' title='bbox 851 827 957 880; x_wconf 88' lang='grc' dir='ltr'><strong>τοῦ</strong></span> <span class='ocrx_word' id='word_1_59' title='bbox 982 828 1486 898; x_wconf 64' lang='grc' dir='ltr'><em>ἐσφραγισμένοι),</em></span> <span class='ocrx_word' id='word_1_60' title='bbox 1519 829 1551 882; x_wconf 80' lang='grc' dir='ltr'>ὃ</span> <span class='ocrx_word' id='word_1_61' title='bbox 1585 829 1693 882; x_wconf 80' lang='grc' dir='ltr'><strong>ἐὰν</strong></span> <span class='ocrx_word' id='word_1_62' title='bbox 1717 828 1905 882; x_wconf 83' lang='grc' dir='ltr'><em>δῶσιν</em></span> 
     </span>
    </p>
   </div>
   <div class='ocr_carea' id='block_1_10' title="bbox 335 916 1897 991">
    <p class='ocr_par' dir='ltr' id='par_1_10' title="bbox 335 916 1897 991">
     <span class='ocr_line' id='line_1_10' title="bbox 335 916 1897 991; baseline 0.013 -25"><span class='ocrx_word' id='word_1_63' title='bbox 335 916 475 968; x_wconf 81' lang='grc' dir='ltr'><em>αὐτὸ</em></span> <span class='ocrx_word' id='word_1_64' title='bbox 516 916 799 984; x_wconf 78' lang='grc' dir='ltr'><strong>ἀνθρώπῳ</strong></span> <span class='ocrx_word' id='word_1_65' title='bbox 825 919 1198 989; x_wconf 78' lang='grc' dir='ltr'><strong>ἐπισταμένῳ</strong></span> <span class='ocrx_word' id='word_1_66' title='bbox 1242 920 1568 991; x_wconf 76' lang='grc' dir='ltr'><em>γράμματα,</em></span> <span class='ocrx_word' id='word_1_67' title='bbox 1597 922 1897 990; x_wconf 72' lang='grc' dir='ltr'><em>λέγοντες·</em></span> 
     </span>
    </p>
   </div>
   <div class='ocr_carea' id='block_1_11' title="bbox 344 1005 1907 1080">
    <p class='ocr_par' dir='ltr' id='par_1_11' title="bbox 344 1005 1907 1080">
     <span class='ocr_line' id='line_1_11' title="bbox 344 1005 1907 1080; baseline 0.004 -22"><span class='ocrx_word' id='word_1_68' title='bbox 344 1005 651 1075; x_wconf 76' lang='grc' dir='ltr'><em>Ἀνάγνωθι</em></span> <span class='ocrx_word' id='word_1_69' title='bbox 696 1009 910 1062; x_wconf 86' lang='grc' dir='ltr'><em>ταῦτα·</em></span> <span class='ocrx_word' id='word_1_70' title='bbox 969 1012 1067 1065; x_wconf 78' lang='grc' dir='ltr'><em>καὶ</em></span> <span class='ocrx_word' id='word_1_71' title='bbox 1125 1011 1280 1078; x_wconf 85' lang='grc' dir='ltr'><strong>ἐρεῖ·</strong></span> <span class='ocrx_word' id='word_1_72' title='bbox 1343 1013 1425 1065; x_wconf 87' lang='grc' dir='ltr'><strong>Οὐ</strong></span> <span class='ocrx_word' id='word_1_73' title='bbox 1465 1012 1719 1080; x_wconf 82' lang='grc' dir='ltr'><em>δύναμαι</em></span> <span class='ocrx_word' id='word_1_74' title='bbox 1764 1012 1907 1066; x_wconf 80' lang='grc' dir='ltr'><em>ἀνα-</em></span> 
     </span>
    </p>
   </div>
   <div class='ocr_carea' id='block_1_12' title="bbox 339 1097 1905 1172">
    <p class='ocr_par' dir='ltr' id='par_1_12' title="bbox 339 1097 1905 1172">
     <span class='ocr_line' id='line_1_12' title="bbox 339 1097 1905 1172; baseline 0.004 -22"><span class='ocrx_word' id='word_1_75' title='bbox 339 1097 582 1166; x_wconf 68' lang='grc' dir='ltr'><em>Γνῶναι·</em></span> <span class='ocrx_word' id='word_1_76' title='bbox 615 1101 1008 1170; x_wconf 71' lang='grc' dir='ltr'><em>ἐσφράγισται</em></span> <span class='ocrx_word' id='word_1_77' title='bbox 1045 1102 1178 1172; x_wconf 75' lang='grc' dir='ltr'><strong>γάρ.</strong></span> <span class='ocrx_word' id='word_1_78' title='bbox 1223 1103 1332 1157; x_wconf 82' lang='grc' dir='ltr'><strong>Καὶ</strong></span> <span class='ocrx_word' id='word_1_79' title='bbox 1357 1103 1675 1170; x_wconf 73' lang='grc' dir='ltr'><strong>δοθήσεται</strong></span> <span class='ocrx_word' id='word_1_80' title='bbox 1712 1103 1778 1156; x_wconf 86' lang='grc' dir='ltr'><em>τὸ</em></span> <span class='ocrx_word' id='word_1_81' title='bbox 1807 1105 1905 1168; x_wconf 80' lang='grc' dir='ltr'><em>,βι-</em></span> 
     </span>
    </p>
   </div>
   <div class='ocr_carea' id='block_1_13' title="bbox 335 1189 1907 1263">
    <p class='ocr_par' dir='ltr' id='par_1_13' title="bbox 335 1189 1907 1263">
     <span class='ocr_line' id='line_1_13' title="bbox 335 1189 1907 1263; baseline 0.004 -23"><span class='ocrx_word' id='word_1_82' title='bbox 335 1189 503 1242; x_wconf 75' lang='grc' dir='ltr'><em>ϐλίον</em></span> <span class='ocrx_word' id='word_1_83' title='bbox 550 1190 724 1244; x_wconf 88' lang='grc' dir='ltr'><em>τοῦτο</em></span> <span class='ocrx_word' id='word_1_84' title='bbox 767 1194 855 1258; x_wconf 86' lang='grc' dir='ltr'><strong>είς</strong></span> <span class='ocrx_word' id='word_1_85' title='bbox 897 1193 1100 1262; x_wconf 84' lang='grc' dir='ltr'><em>χεῖρας</em></span> <span class='ocrx_word' id='word_1_86' title='bbox 1128 1193 1441 1262; x_wconf 82' lang='grc' dir='ltr'><em>ἀνθρώπου</em></span> <span class='ocrx_word' id='word_1_87' title='bbox 1469 1194 1555 1263; x_wconf 82' lang='grc' dir='ltr'><em>μὴ</em></span> <span class='ocrx_word' id='word_1_88' title='bbox 1589 1193 1907 1262; x_wconf 81' lang='grc' dir='ltr'><em>ἐπισταμέ-</em></span> 
     </span>
    </p>
   </div>
   <div class='ocr_carea' id='block_1_14' title="bbox 336 1280 1908 1354">
    <p class='ocr_par' dir='ltr' id='par_1_14' title="bbox 336 1280 1908 1354">
     <span class='ocr_line' id='line_1_14' title="bbox 336 1280 1908 1354; baseline 0.005 -23"><span class='ocrx_word' id='word_1_89' title='bbox 336 1297 443 1332; x_wconf 81' lang='grc' dir='ltr'><strong>νου</strong></span> <span class='ocrx_word' id='word_1_90' title='bbox 489 1280 817 1351; x_wconf 82' lang='grc' dir='ltr'><em>γράμματα,</em></span> <span class='ocrx_word' id='word_1_91' title='bbox 873 1284 972 1336; x_wconf 79' lang='grc' dir='ltr'><em>καὶ</em></span> <span class='ocrx_word' id='word_1_92' title='bbox 1008 1284 1159 1352; x_wconf 81' lang='grc' dir='ltr'><em>ἐρεῖ·</em></span> <span class='ocrx_word' id='word_1_93' title='bbox 1206 1289 1327 1339; x_wconf 82' lang='grc' dir='ltr'><strong>Οὐκ</strong></span> <span class='ocrx_word' id='word_1_94' title='bbox 1367 1286 1687 1353; x_wconf 77' lang='grc' dir='ltr'><em>ἐπίσταμαι</em></span> <span class='ocrx_word' id='word_1_95' title='bbox 1729 1283 1908 1354; x_wconf 76' lang='grc' dir='ltr'><em>γράμ-</em></span> 
     </span>
    </p>
   </div>
   <div class='ocr_carea' id='block_1_15' title="bbox 337 1373 1908 1448">
    <p class='ocr_par' dir='ltr' id='par_1_15' title="bbox 337 1373 1908 1448">
     <span class='ocr_line' id='line_1_15' title="bbox 337 1373 1908 1448; baseline 0.011 -27"><span class='ocrx_word' id='word_1_96' title='bbox 337 1387 508 1437; x_wconf 81' lang='grc' dir='ltr'><em>ματα.</em></span> <span class='ocrx_word' id='word_1_97' title='bbox 557 1373 742 1426; x_wconf 87' lang='grc' dir='ltr'><em>Ταῦτα</em></span> <span class='ocrx_word' id='word_1_98' title='bbox 763 1375 871 1446; x_wconf 78' lang='grc' dir='ltr'><em>γὰρ</em></span> <span class='ocrx_word' id='word_1_99' title='bbox 899 1377 958 1428; x_wconf 85' lang='grc' dir='ltr'><em>οὐ</em></span> <span class='ocrx_word' id='word_1_100' title='bbox 1008 1377 1167 1445; x_wconf 88' lang='grc' dir='ltr'><em>μόνον</em></span> <span class='ocrx_word' id='word_1_101' title='bbox 1204 1378 1330 1448; x_wconf 80' lang='grc' dir='ltr'><em>περὶ</em></span> <span class='ocrx_word' id='word_1_102' title='bbox 1356 1379 1454 1448; x_wconf 84' lang='grc' dir='ltr'><em>τῆς</em></span> <span class='ocrx_word' id='word_1_103' title='bbox 1491 1376 1908 1445; x_wconf 72' lang='grc' dir='ltr'><em>Ἀποκαλύψεως</em></span> 
     </span>
    </p>
   </div>
   <div class='ocr_carea' id='block_1_16' title="bbox 347 1459 1910 1535">
    <p class='ocr_par' dir='ltr' id='par_1_16' title="bbox 347 1459 1910 1535">
     <span class='ocr_line' id='line_1_16' title="bbox 347 1459 1910 1535; baseline 0.004 -25"><span class='ocrx_word' id='word_1_104' title='bbox 347 1459 594 1513; x_wconf 82' lang='grc' dir='ltr'><strong>Ἰωάννου</strong></span> <span class='ocrx_word' id='word_1_105' title='bbox 617 1465 710 1514; x_wconf 74' lang='grc' dir='ltr'><em>καὶ</em></span> <span class='ocrx_word' id='word_1_106' title='bbox 745 1463 835 1516; x_wconf 87' lang='grc' dir='ltr'><strong>τοῦ</strong></span> <span class='ocrx_word' id='word_1_107' title='bbox 885 1466 1107 1518; x_wconf 78' lang='grc' dir='ltr'><em>Ἡσαΐου</em></span> <span class='ocrx_word' id='word_1_108' title='bbox 1137 1465 1418 1535; x_wconf 83' lang='grc' dir='ltr'><em>νομιστέον</em></span> <span class='ocrx_word' id='word_1_109' title='bbox 1455 1465 1727 1533; x_wconf 80' lang='grc' dir='ltr'><em>λέγεσθαι,</em></span> <span class='ocrx_word' id='word_1_110' title='bbox 1773 1465 1910 1519; x_wconf 84' lang='grc' dir='ltr'><em>ἀλλὰ</em></span> 
     </span>
    </p>
   </div>
   <div class='ocr_carea' id='block_1_17' title="bbox 339 1551 1910 1628">
    <p class='ocr_par' dir='ltr' id='par_1_17' title="bbox 339 1551 1910 1628">
     <span class='ocr_line' id='line_1_17' title="bbox 339 1551 1910 1628; baseline 0.004 -26"><span class='ocrx_word' id='word_1_111' title='bbox 339 1551 430 1603; x_wconf 79' lang='grc' dir='ltr'><em>καὶ</em></span> <span class='ocrx_word' id='word_1_112' title='bbox 477 1553 603 1623; x_wconf 78' lang='grc' dir='ltr'><em>περὶ</em></span> <span class='ocrx_word' id='word_1_113' title='bbox 637 1555 818 1625; x_wconf 84' lang='grc' dir='ltr'><strong>πάσης</strong></span> <span class='ocrx_word' id='word_1_114' title='bbox 853 1555 1002 1620; x_wconf 83' lang='grc' dir='ltr'>θείας</span> <span class='ocrx_word' id='word_1_115' title='bbox 1041 1557 1262 1628; x_wconf 80' lang='grc' dir='ltr'><em>Γραφῆς</em></span> <span class='ocrx_word' id='word_1_116' title='bbox 1312 1557 1784 1628; x_wconf 71' lang='grc' dir='ltr'><strong>ὁμολογουμένως,</strong></span> <span class='ocrx_word' id='word_1_117' title='bbox 1814 1557 1910 1611; x_wconf 81' lang='grc' dir='ltr'><em>καὶ</em></span> 
     </span>
    </p>
   </div>
   <div class='ocr_carea' id='block_1_18' title="bbox 340 1644 1907 1718">
    <p class='ocr_par' dir='ltr' id='par_1_18' title="bbox 340 1644 1907 1718">
     <span class='ocr_line' id='line_1_18' title="bbox 340 1644 1907 1718; baseline 0.003 -24"><span class='ocrx_word' id='word_1_118' title='bbox 340 1644 490 1714; x_wconf 75' lang='grc' dir='ltr'><em>παρὰ</em></span> <span class='ocrx_word' id='word_1_119' title='bbox 517 1648 627 1708; x_wconf 85' lang='grc' dir='ltr'><em>τοῖς</em></span> <span class='ocrx_word' id='word_1_120' title='bbox 669 1647 903 1717; x_wconf 84' lang='grc' dir='ltr'><strong>μετρίως</strong></span> <span class='ocrx_word' id='word_1_121' title='bbox 938 1649 1145 1702; x_wconf 79' lang='grc' dir='ltr'><strong>ἐπαΐειν</strong></span> <span class='ocrx_word' id='word_1_122' title='bbox 1172 1648 1345 1716; x_wconf 91' lang='grc' dir='ltr'><em>λόγων</em></span> <span class='ocrx_word' id='word_1_123' title='bbox 1383 1647 1540 1701; x_wconf 82' lang='grc' dir='ltr'>θείων</span> <span class='ocrx_word' id='word_1_124' title='bbox 1573 1647 1907 1718; x_wconf 81' lang='grc' dir='ltr'><em>δυναμένοις,</em></span> 
     </span>
    </p>
   </div>
   <div class='ocr_carea' id='block_1_19' title="bbox 339 1731 1908 1808">
    <p class='ocr_par' dir='ltr' id='par_1_19' title="bbox 339 1731 1908 1808">
     <span class='ocr_line' id='line_1_19' title="bbox 339 1731 1908 1808; baseline 0.005 -28"><span class='ocrx_word' id='word_1_125' title='bbox 339 1731 784 1802; x_wconf 77' lang='grc' dir='ltr'><strong>πεπληρωμένοις</strong></span> <span class='ocrx_word' id='word_1_126' title='bbox 834 1735 1170 1805; x_wconf 77' lang='grc' dir='ltr'><em>αἰνιγμάτων</em></span> <span class='ocrx_word' id='word_1_127' title='bbox 1221 1737 1315 1789; x_wconf 82' lang='grc' dir='ltr'><em>καὶ</em></span> <span class='ocrx_word' id='word_1_128' title='bbox 1375 1735 1721 1808; x_wconf 80' lang='grc' dir='ltr'><em>παραϐολῶν,</em></span> <span class='ocrx_word' id='word_1_129' title='bbox 1782 1752 1908 1788; x_wconf 90' lang='grc' dir='ltr'><em>σκο-</em></span> 
     </span>
    </p>
   </div>
   <div class='ocr_carea' id='block_1_20' title="bbox 2001 555 3570 629">
    <p class='ocr_par' dir='ltr' id='par_1_20' title="bbox 2001 555 3570 629">
     <span class='ocr_line' id='line_1_20' title="bbox 2001 555 3570 629; baseline -0.003 -14"><span class='ocrx_word' id='word_1_130' title='bbox 2001 560 2303 629; x_wconf 80' lang='lat' dir='ltr'><strong>spondebit:</strong></span> <span class='ocrx_word' id='word_1_131' title='bbox 2330 560 2452 614; x_wconf 84' lang='lat' dir='ltr'><strong>Non</strong></span> <span class='ocrx_word' id='word_1_132' title='bbox 2480 576 2693 629; x_wconf 85' lang='lat' dir='ltr'><strong>possum</strong></span> <span class='ocrx_word' id='word_1_133' title='bbox 2724 560 2890 626; x_wconf 85' lang='lat' dir='ltr'><strong>legere</strong></span> <span class='ocrx_word' id='word_1_134' title='bbox 2908 575 2925 621; x_wconf 93' lang='lat'><em>;</em></span> <span class='ocrx_word' id='word_1_135' title='bbox 2956 567 3031 610; x_wconf 93' lang='lat' dir='ltr'><strong>est</strong></span> <span class='ocrx_word' id='word_1_136' title='bbox 3073 558 3209 610; x_wconf 86' lang='lat' dir='ltr'><strong>enim</strong></span> <span class='ocrx_word' id='word_1_137' title='bbox 3247 555 3570 623; x_wconf 73' lang='lat' dir='ltr'><strong>obsignatas.</strong></span> 
     </span>
    </p>
   </div>
   <div class='ocr_carea' id='block_1_21' title="bbox 2004 647 3576 705">
    <p class='ocr_par' dir='ltr' id='par_1_21' title="bbox 2004 647 3576 705">
     <span class='ocr_line' id='line_1_21' title="bbox 2004 647 3576 705; baseline -0.003 -1"><span class='ocrx_word' id='word_1_138' title='bbox 2004 651 2070 704; x_wconf 78' lang='lat' dir='ltr'><strong>Et</strong></span> <span class='ocrx_word' id='word_1_139' title='bbox 2098 651 2314 705; x_wconf 85' lang='lat' dir='ltr'><strong>dabitur</strong></span> <span class='ocrx_word' id='word_1_140' title='bbox 2346 651 2478 704; x_wconf 83' lang='lat' dir='ltr'><strong>liber</strong></span> <span class='ocrx_word' id='word_1_141' title='bbox 2507 653 2590 704; x_wconf 82' lang='lat' dir='ltr'><strong>hic</strong></span> <span class='ocrx_word' id='word_1_142' title='bbox 2618 653 2671 703; x_wconf 86' lang='lat' dir='ltr'><strong>in</strong></span> <span class='ocrx_word' id='word_1_143' title='bbox 2709 667 2896 702; x_wconf 84' lang='lat' dir='ltr'><strong>manus</strong></span> <span class='ocrx_word' id='word_1_144' title='bbox 2924 651 3148 703; x_wconf 79' lang='lat' dir='ltr'><strong>hominis</strong></span> <span class='ocrx_word' id='word_1_145' title='bbox 3189 648 3460 701; x_wconf 77' lang='lat' dir='ltr'><strong>nescientis</strong></span> <span class='ocrx_word' id='word_1_146' title='bbox 3487 647 3576 700; x_wconf 84' lang='lat' dir='ltr'><strong>lit-</strong></span> 
     </span>
    </p>
   </div>
   <div class='ocr_carea' id='block_1_22' title="bbox 2005 739 3577 807">
    <p class='ocr_par' dir='ltr' id='par_1_22' title="bbox 2005 739 3577 807">
     <span class='ocr_line' id='line_1_22' title="bbox 2005 739 3577 807; baseline 0.001 -14"><span class='ocrx_word' id='word_1_147' title='bbox 2005 751 2179 807; x_wconf 89' lang='lat' dir='ltr'><strong>teras;</strong></span> <span class='ocrx_word' id='word_1_148' title='bbox 2216 754 2266 798; x_wconf 86' lang='lat' dir='ltr'><strong>et</strong></span> <span class='ocrx_word' id='word_1_149' title='bbox 2309 744 2494 798; x_wconf 85' lang='lat' dir='ltr'><strong>dicet:</strong></span> <span class='ocrx_word' id='word_1_150' title='bbox 2538 742 2730 796; x_wconf 79' lang='lat' dir='ltr'><strong>Nescio</strong></span> <span class='ocrx_word' id='word_1_151' title='bbox 2773 742 2976 794; x_wconf 79' lang='lat' dir='ltr'><strong><em>litteras</em></strong></span> <span class='ocrx_word' id='word_1_152' title='bbox 3005 743 3047 794; x_wconf 87' lang='grc'><strong>².</strong></span> <span class='ocrx_word' id='word_1_153' title='bbox 3097 739 3223 793; x_wconf 64' lang='lat' dir='ltr'><strong>llaec</strong></span> <span class='ocrx_word' id='word_1_154' title='bbox 3272 741 3415 794; x_wconf 89' lang='lat' dir='ltr'><strong>enim</strong></span> <span class='ocrx_word' id='word_1_155' title='bbox 3467 754 3577 794; x_wconf 88' lang='lat' dir='ltr'><strong>non</strong></span> 
     </span>
    </p>
   </div>
   <div class='ocr_carea' id='block_1_23' title="bbox 2004 829 3576 905">
    <p class='ocr_par' dir='ltr' id='par_1_23' title="bbox 2004 829 3576 905">
     <span class='ocr_line' id='line_1_23' title="bbox 2004 829 3576 905; baseline -0.001 -20"><span class='ocrx_word' id='word_1_156' title='bbox 2004 834 2071 888; x_wconf 90' lang='lat' dir='ltr'><strong>ad</strong></span> <span class='ocrx_word' id='word_1_157' title='bbox 2105 835 2471 905; x_wconf 83' lang='lat' dir='ltr'><strong>Apocalypsin</strong></span> <span class='ocrx_word' id='word_1_158' title='bbox 2514 835 2692 888; x_wconf 91' lang='lat' dir='ltr'><strong>solum</strong></span> <span class='ocrx_word' id='word_1_159' title='bbox 2724 832 2974 896; x_wconf 81' lang='lat' dir='ltr'><strong>Joannis,</strong></span> <span class='ocrx_word' id='word_1_160' title='bbox 3015 838 3110 884; x_wconf 88' lang='lat' dir='ltr'><strong>aut</strong></span> <span class='ocrx_word' id='word_1_161' title='bbox 3141 829 3290 884; x_wconf 63' lang='lat' dir='ltr'><strong>Isaia:</strong></span> <span class='ocrx_word' id='word_1_162' title='bbox 3322 830 3576 884; x_wconf 84' lang='lat' dir='ltr'><strong>vaticinia</strong></span> 
     </span>
    </p>
   </div>
   <div class='ocr_carea' id='block_1_24' title="bbox 2003 922 3576 994">
    <p class='ocr_par' dir='ltr' id='par_1_24' title="bbox 2003 922 3576 994">
     <span class='ocr_line' id='line_1_24' title="bbox 2003 922 3576 994; baseline -0.003 -16"><span class='ocrx_word' id='word_1_163' title='bbox 2003 925 2278 993; x_wconf 82' lang='lat' dir='ltr'><strong><em>pertinere</em></strong></span> <span class='ocrx_word' id='word_1_164' title='bbox 2304 927 2602 994; x_wconf 81' lang='lat' dir='ltr'><strong>putandum</strong></span> <span class='ocrx_word' id='word_1_165' title='bbox 2635 933 2740 988; x_wconf 86' lang='lat' dir='ltr'><strong>est,</strong></span> <span class='ocrx_word' id='word_1_166' title='bbox 2772 925 2866 980; x_wconf 90' lang='lat' dir='ltr'><strong>sed</strong></span> <span class='ocrx_word' id='word_1_167' title='bbox 2900 924 2966 978; x_wconf 90' lang='lat' dir='ltr'><strong>de</strong></span> <span class='ocrx_word' id='word_1_168' title='bbox 3003 923 3257 978; x_wconf 86' lang='lat' dir='ltr'><strong>universa</strong></span> <span class='ocrx_word' id='word_1_169' title='bbox 3291 922 3576 992; x_wconf 84' lang='lat' dir='ltr'><strong>Scriptura</strong></span> 
     </span>
    </p>
   </div>
   <div class='ocr_carea' id='block_1_25' title="bbox 2005 1010 3573 1086">
    <p class='ocr_par' dir='ltr' id='par_1_25' title="bbox 2005 1010 3573 1086">
     <span class='ocr_line' id='line_1_25' title="bbox 2005 1010 3573 1086; baseline -0.005 -16"><span class='ocrx_word' id='word_1_170' title='bbox 2005 1031 2162 1070; x_wconf 88' lang='lat' dir='ltr'><strong>sacra</strong></span> <span class='ocrx_word' id='word_1_171' title='bbox 2210 1017 2429 1086; x_wconf 80' lang='lat' dir='ltr'><strong>penitus</strong></span> <span class='ocrx_word' id='word_1_172' title='bbox 2483 1015 2799 1084; x_wconf 88' lang='lat' dir='ltr'><strong>accipienda</strong></span> <span class='ocrx_word' id='word_1_173' title='bbox 2853 1020 3002 1069; x_wconf 90' lang='lat' dir='ltr'><strong>sunt.</strong></span> <span class='ocrx_word' id='word_1_174' title='bbox 3049 1012 3206 1078; x_wconf 86' lang='lat' dir='ltr'><strong>Quod</strong></span> <span class='ocrx_word' id='word_1_175' title='bbox 3263 1024 3395 1067; x_wconf 87' lang='lat' dir='ltr'><strong><em>sane</em></strong></span> <span class='ocrx_word' id='word_1_176' title='bbox 3432 1010 3573 1080; x_wconf 88' lang='lat' dir='ltr'><strong>apud</strong></span> 
     </span>
    </p>
   </div>
   <div class='ocr_carea' id='block_1_26' title="bbox 2005 1100 3575 1176">
    <p class='ocr_par' dir='ltr' id='par_1_26' title="bbox 2005 1100 3575 1176">
     <span class='ocr_line' id='line_1_26' title="bbox 2005 1100 3575 1176; baseline -0.003 -19"><span class='ocrx_word' id='word_1_177' title='bbox 2005 1106 2127 1159; x_wconf 89' lang='lat' dir='ltr'><strong>illos</strong></span> <span class='ocrx_word' id='word_1_178' title='bbox 2174 1106 2230 1160; x_wconf 93' lang='lat' dir='ltr'><strong>in</strong></span> <span class='ocrx_word' id='word_1_179' title='bbox 2281 1106 2537 1160; x_wconf 79' lang='lat' dir='ltr'><strong>confesso</strong></span> <span class='ocrx_word' id='word_1_180' title='bbox 2592 1114 2715 1168; x_wconf 86' lang='lat' dir='ltr'><strong>est,</strong></span> <span class='ocrx_word' id='word_1_181' title='bbox 2766 1107 2858 1176; x_wconf 90' lang='lat' dir='ltr'><strong>qui</strong></span> <span class='ocrx_word' id='word_1_182' title='bbox 2912 1104 3221 1159; x_wconf 89' lang='lat' dir='ltr'><strong>divinarum</strong></span> <span class='ocrx_word' id='word_1_183' title='bbox 3269 1100 3575 1156; x_wconf 72' lang='lat' dir='ltr'><strong>litter’arum</strong></span> 
     </span>
    </p>
   </div>
   <div class='ocr_carea' id='block_1_27' title="bbox 2008 1190 3579 1260">
    <p class='ocr_par' dir='ltr' id='par_1_27' title="bbox 2008 1190 3579 1260">
     <span class='ocr_line' id='line_1_27' title="bbox 2008 1190 3579 1260; baseline -0.003 -12"><span class='ocrx_word' id='word_1_184' title='bbox 2008 1196 2256 1248; x_wconf 80' lang='lat' dir='ltr'><strong>notitiam</strong></span> <span class='ocrx_word' id='word_1_185' title='bbox 2297 1197 2379 1249; x_wconf 68' lang='lat' dir='ltr'><strong>vel</strong></span> <span class='ocrx_word' id='word_1_186' title='bbox 2417 1195 2764 1249; x_wconf 84' lang='lat' dir='ltr'><strong>mediocriter</strong></span> <span class='ocrx_word' id='word_1_187' title='bbox 2817 1195 3054 1248; x_wconf 88' lang='lat' dir='ltr'><strong>assecuti</strong></span> <span class='ocrx_word' id='word_1_188' title='bbox 3102 1202 3250 1247; x_wconf 87' lang='lat' dir='ltr'><strong>sunt.</strong></span> <span class='ocrx_word' id='word_1_189' title='bbox 3286 1193 3415 1258; x_wconf 66' lang='lat' dir='ltr'><strong>Quae</strong></span> <span class='ocrx_word' id='word_1_190' title='bbox 3459 1190 3579 1260; x_wconf 87' lang='lat' dir='ltr'><strong>qui-</strong></span> 
     </span>
    </p>
   </div>
   <div class='ocr_carea' id='block_1_28' title="bbox 2007 1283 3579 1356">
    <p class='ocr_par' dir='ltr' id='par_1_28' title="bbox 2007 1283 3579 1356">
     <span class='ocr_line' id='line_1_28' title="bbox 2007 1283 3579 1356; baseline -0.003 -17"><span class='ocrx_word' id='word_1_191' title='bbox 2007 1286 2128 1340; x_wconf 87' lang='lat' dir='ltr'><strong>dem</strong></span> <span class='ocrx_word' id='word_1_192' title='bbox 2157 1286 2506 1356; x_wconf 77' lang='lat' dir='ltr'><strong>:enigmatum</strong></span> <span class='ocrx_word' id='word_1_193' title='bbox 2541 1285 2861 1348; x_wconf 82' lang='lat' dir='ltr'><strong>involucris,</strong></span> <span class='ocrx_word' id='word_1_194' title='bbox 2891 1301 2953 1338; x_wconf 88' lang='lat' dir='ltr'><strong>ac</strong></span> <span class='ocrx_word' id='word_1_195' title='bbox 2983 1285 3280 1354; x_wconf 83' lang='lat' dir='ltr'><strong>parabolis,</strong></span> <span class='ocrx_word' id='word_1_196' title='bbox 3322 1283 3579 1336; x_wconf 81' lang='lat' dir='ltr'><strong>tenebro-</strong></span> 
     </span>
    </p>
   </div>
   <div class='ocr_carea' id='block_1_29' title="bbox 2007 1373 3579 1446">
    <p class='ocr_par' dir='ltr' id='par_1_29' title="bbox 2007 1373 3579 1446">
     <span class='ocr_line' id='line_1_29' title="bbox 2007 1373 3579 1446; baseline -0.004 -13"><span class='ocrx_word' id='word_1_197' title='bbox 2007 1378 2194 1446; x_wconf 87' lang='lat' dir='ltr'><strong>sisque</strong></span> <span class='ocrx_word' id='word_1_198' title='bbox 2235 1377 2601 1437; x_wconf 86' lang='lat' dir='ltr'><strong>sermonibus,</strong></span> <span class='ocrx_word' id='word_1_199' title='bbox 2655 1391 2719 1430; x_wconf 87' lang='lat' dir='ltr'><strong>ac</strong></span> <span class='ocrx_word' id='word_1_200' title='bbox 2774 1376 3007 1430; x_wconf 85' lang='lat' dir='ltr'><strong>diversis</strong></span> <span class='ocrx_word' id='word_1_201' title='bbox 3054 1375 3178 1429; x_wconf 90' lang='lat' dir='ltr'><strong>aliis</strong></span> <span class='ocrx_word' id='word_1_202' title='bbox 3226 1373 3579 1429; x_wconf 81' lang='lat' dir='ltr'><strong>obscuritatis</strong></span> 
     </span>
    </p>
   </div>
   <div class='ocr_carea' id='block_1_30' title="bbox 2007 1464 3583 1536">
    <p class='ocr_par' dir='ltr' id='par_1_30' title="bbox 2007 1464 3583 1536">
     <span class='ocr_line' id='line_1_30' title="bbox 2007 1464 3583 1536; baseline -0.003 -16"><span class='ocrx_word' id='word_1_203' title='bbox 2007 1467 2319 1536; x_wconf 83' lang='lat' dir='ltr'><strong>generibus,</strong></span> <span class='ocrx_word' id='word_1_204' title='bbox 2364 1482 2484 1536; x_wconf 71' lang='lat' dir='ltr'><strong>quae</strong></span> <span class='ocrx_word' id='word_1_205' title='bbox 2530 1466 2768 1520; x_wconf 86' lang='lat' dir='ltr'><strong>hominis</strong></span> <span class='ocrx_word' id='word_1_206' title='bbox 2816 1466 3035 1534; x_wconf 80' lang='lat' dir='ltr'><strong>ingenio</strong></span> <span class='ocrx_word' id='word_1_207' title='bbox 3081 1464 3299 1519; x_wconf 78' lang='lat' dir='ltr'><strong>diﬂicile</strong></span> <span class='ocrx_word' id='word_1_208' title='bbox 3332 1478 3583 1533; x_wconf 87' lang='lat' dir='ltr'><strong>compre-</strong></span> 
     </span>
    </p>
   </div>
   <div class='ocr_carea' id='block_1_31' title="bbox 2010 1556 3580 1623">
    <p class='ocr_par' dir='ltr' id='par_1_31' title="bbox 2010 1556 3580 1623">
     <span class='ocr_line' id='line_1_31' title="bbox 2010 1556 3580 1623; baseline -0.001 -13"><span class='ocrx_word' id='word_1_209' title='bbox 2010 1556 2346 1620; x_wconf 75' lang='lat' dir='ltr'><strong>henduntur,</strong></span> <span class='ocrx_word' id='word_1_210' title='bbox 2393 1557 2608 1611; x_wconf 70' lang='lat' dir='ltr'><strong>referta:</strong></span> <span class='ocrx_word' id='word_1_211' title='bbox 2642 1565 2790 1610; x_wconf 88' lang='lat' dir='ltr'><strong>sunt.</strong></span> <span class='ocrx_word' id='word_1_212' title='bbox 2830 1556 2985 1623; x_wconf 87' lang='lat' dir='ltr'><strong>Quod</strong></span> <span class='ocrx_word' id='word_1_213' title='bbox 3013 1564 3067 1612; x_wconf 90' lang='lat' dir='ltr'><strong>et</strong></span> <span class='ocrx_word' id='word_1_214' title='bbox 3105 1559 3358 1612; x_wconf 85' lang='lat' dir='ltr'><strong>Salvator</strong></span> <span class='ocrx_word' id='word_1_215' title='bbox 3392 1567 3580 1611; x_wconf 85' lang='lat' dir='ltr'><strong>osten-</strong></span> 
     </span>
    </p>
   </div>
   <div class='ocr_carea' id='block_1_32' title="bbox 2009 1645 3583 1718">
    <p class='ocr_par' dir='ltr' id='par_1_32' title="bbox 2009 1645 3583 1718">
     <span class='ocr_line' id='line_1_32' title="bbox 2009 1645 3583 1718; baseline -0.002 -17"><span class='ocrx_word' id='word_1_216' title='bbox 2009 1648 2137 1702; x_wconf 88' lang='lat' dir='ltr'><strong>dere</strong></span> <span class='ocrx_word' id='word_1_217' title='bbox 2177 1649 2385 1712; x_wconf 91' lang='lat' dir='ltr'><strong>volens,</strong></span> <span class='ocrx_word' id='word_1_218' title='bbox 2434 1650 2638 1703; x_wconf 86' lang='lat' dir='ltr'><strong>clavem</strong></span> <span class='ocrx_word' id='word_1_219' title='bbox 2689 1649 2826 1718; x_wconf 88' lang='lat' dir='ltr'><strong>apud</strong></span> <span class='ocrx_word' id='word_1_220' title='bbox 2880 1649 3104 1703; x_wconf 83' lang='lat' dir='ltr'><strong>Seribas</strong></span> <span class='ocrx_word' id='word_1_221' title='bbox 3161 1656 3216 1702; x_wconf 88' lang='lat' dir='ltr'><strong>et</strong></span> <span class='ocrx_word' id='word_1_222' title='bbox 3279 1645 3583 1700; x_wconf 77' lang='lat' dir='ltr'><strong>Pharisaeos</strong></span> 
     </span>
    </p>
   </div>
   <div class='ocr_carea' id='block_1_33' title="bbox 2010 1735 3582 1807">
    <p class='ocr_par' dir='ltr' id='par_1_33' title="bbox 2010 1735 3582 1807">
     <span class='ocr_line' id='line_1_33' title="bbox 2010 1735 3582 1807; baseline -0.002 -17"><span class='ocrx_word' id='word_1_223' title='bbox 2010 1751 2132 1791; x_wconf 89' lang='lat' dir='ltr'><strong>esse</strong></span> <span class='ocrx_word' id='word_1_224' title='bbox 2161 1735 2319 1799; x_wconf 76' lang='lat' dir='ltr'><strong>dixit,</strong></span> <span class='ocrx_word' id='word_1_225' title='bbox 2363 1737 2455 1806; x_wconf 90' lang='lat' dir='ltr'><strong>qui</strong></span> <span class='ocrx_word' id='word_1_226' title='bbox 2488 1745 2548 1789; x_wconf 93' lang='lat' dir='ltr'><strong>ut</strong></span> <span class='ocrx_word' id='word_1_227' title='bbox 2585 1738 2730 1791; x_wconf 87' lang='lat' dir='ltr'><strong>viam</strong></span> <span class='ocrx_word' id='word_1_228' title='bbox 2769 1737 2833 1794; x_wconf 86' lang='lat' dir='ltr'><strong>ad</strong></span> <span class='ocrx_word' id='word_1_229' title='bbox 2862 1738 3215 1807; x_wconf 84' lang='lat' dir='ltr'><strong>aperiendum</strong></span> <span class='ocrx_word' id='word_1_230' title='bbox 3251 1736 3582 1796; x_wconf 80' lang='lat' dir='ltr'><strong>invenirent,</strong></span> 
     </span>
    </p>
   </div>
   <div class='ocr_carea' id='block_1_34' title="bbox 341 1821 1912 1907">
    <p class='ocr_par' dir='ltr' id='par_1_34' title="bbox 341 1821 1903 1891">
     <span class='ocr_line' id='line_1_34' title="bbox 341 1821 1903 1891; baseline 0.004 -20"><span class='ocrx_word' id='word_1_231' title='bbox 341 1821 526 1873; x_wconf 82' lang='grc' dir='ltr'><em>τεινῶν</em></span> <span class='ocrx_word' id='word_1_232' title='bbox 563 1839 624 1875; x_wconf 88' lang='grc' dir='ltr'><em>τε</em></span> <span class='ocrx_word' id='word_1_233' title='bbox 675 1823 870 1891; x_wconf 84' lang='grc' dir='ltr'><em>λόγων,</em></span> <span class='ocrx_word' id='word_1_234' title='bbox 915 1826 1008 1878; x_wconf 77' lang='grc' dir='ltr'><em>καὶ</em></span> <span class='ocrx_word' id='word_1_235' title='bbox 1054 1824 1228 1878; x_wconf 81' lang='grc' dir='ltr'><em>ἄλλων</em></span> <span class='ocrx_word' id='word_1_236' title='bbox 1279 1826 1536 1879; x_wconf 84' lang='grc' dir='ltr'><strong>ποικίλων</strong></span> <span class='ocrx_word' id='word_1_237' title='bbox 1575 1826 1731 1879; x_wconf 82' lang='grc' dir='ltr'><em>εἰδῶν</em></span> <span class='ocrx_word' id='word_1_238' title='bbox 1774 1828 1903 1880; x_wconf 86' lang='grc' dir='ltr'><em>ἀσα-</em></span> 
     </span>
    </p>
   </div>
   <div class='ocr_carea' id='block_1_35' title="bbox 2015 1821 3586 1907">
    <p class='ocr_par' dir='ltr' id='par_1_35' title="bbox 2015 1826 3586 1898">
     <span class='ocr_line' id='line_1_35' title="bbox 2015 1826 3586 1898; baseline -0.001 -18"><span class='ocrx_word' id='word_1_239' title='bbox 2015 1829 2231 1882; x_wconf 83' lang='lat' dir='ltr'><strong>minime</strong></span> <span class='ocrx_word' id='word_1_240' title='bbox 2246 1829 2662 1882; x_wconf 83' lang='lat' dir='ltr'><strong>contenderent.</strong></span> <span class='ocrx_word' id='word_1_241' title='bbox 2695 1828 2781 1890; x_wconf 88' lang='lat' dir='ltr'><strong>Et,</strong></span> <span class='ocrx_word' id='word_1_242' title='bbox 2831 1827 2914 1882; x_wconf 78' lang='lat' dir='ltr'><strong>Vw</strong></span> <span class='ocrx_word' id='word_1_243' title='bbox 2947 1829 3109 1893; x_wconf 80' lang='lat' dir='ltr'><strong>vobis,</strong></span> <span class='ocrx_word' id='word_1_244' title='bbox 3146 1829 3344 1898; x_wconf 81' lang='lat' dir='ltr'><strong>inquit,</strong></span> <span class='ocrx_word' id='word_1_245' title='bbox 3378 1826 3586 1895; x_wconf 77' lang='lat' dir='ltr'><strong>legispe-</strong></span> 
     </span>
    </p>
   </div>
   <div class='ocr_carea' id='block_1_36' title="bbox 340 1911 1906 1990">
    <p class='ocr_par' dir='ltr' id='par_1_36' title="bbox 340 1911 1906 1990">
     <span class='ocr_line' id='line_1_36' title="bbox 340 1911 1906 1990; baseline 0.006 -28"><span class='ocrx_word' id='word_1_246' title='bbox 340 1911 515 1978; x_wconf 84' lang='grc' dir='ltr'><em>φείας,</em></span> <span class='ocrx_word' id='word_1_247' title='bbox 561 1913 876 1984; x_wconf 85' lang='grc' dir='ltr'><em>δυσλήπτων</em></span> <span class='ocrx_word' id='word_1_248' title='bbox 909 1919 973 1987; x_wconf 81' lang='grc' dir='ltr'><em>τῇ</em></span> <span class='ocrx_word' id='word_1_249' title='bbox 1023 1916 1339 1990; x_wconf 80' lang='grc' dir='ltr'><strong>ἀνθρωπίνῃ</strong></span> <span class='ocrx_word' id='word_1_250' title='bbox 1384 1917 1564 1987; x_wconf 81' lang='grc' dir='ltr'><em>φύσει.</em></span> <span class='ocrx_word' id='word_1_251' title='bbox 1611 1919 1787 1990; x_wconf 83' lang='grc' dir='ltr'><em>Ὅπερ</em></span> <span class='ocrx_word' id='word_1_252' title='bbox 1826 1919 1906 1971; x_wconf 84' lang='grc' dir='ltr'><em>δι-</em></span> 
     </span>
    </p>
   </div>
   <div class='ocr_carea' id='block_1_37' title="bbox 341 2003 1906 2079">
    <p class='ocr_par' dir='ltr' id='par_1_37' title="bbox 341 2003 1906 2079">
     <span class='ocr_line' id='line_1_37' title="bbox 341 2003 1906 2079; baseline 0.005 -24"><span class='ocrx_word' id='word_1_253' title='bbox 341 2003 491 2069; x_wconf 81' lang='grc' dir='ltr'><em>δάξαι</em></span> <span class='ocrx_word' id='word_1_254' title='bbox 523 2004 840 2075; x_wconf 78' lang='grc' dir='ltr'><em>βουλόμενος</em></span> <span class='ocrx_word' id='word_1_255' title='bbox 888 2007 983 2060; x_wconf 69' lang='grc' dir='ltr'><em>καὶ</em></span> <span class='ocrx_word' id='word_1_256' title='bbox 1012 2009 1040 2060; x_wconf 90' lang='grc' dir='ltr'>ὁ</span> <span class='ocrx_word' id='word_1_257' title='bbox 1081 2009 1269 2079; x_wconf 88' lang='grc' dir='ltr'><em>Σωτήρ</em></span> <span class='ocrx_word' id='word_1_258' title='bbox 1305 2025 1490 2078; x_wconf 88' lang='grc' dir='ltr'><em>φησιν,</em></span> <span class='ocrx_word' id='word_1_259' title='bbox 1523 2009 1600 2073; x_wconf 84' lang='grc' dir='ltr'><em>ὠς</em></span> <span class='ocrx_word' id='word_1_260' title='bbox 1632 2011 1730 2079; x_wconf 84' lang='grc' dir='ltr'><em>τῆς</em></span> <span class='ocrx_word' id='word_1_261' title='bbox 1759 2011 1906 2063; x_wconf 83' lang='grc' dir='ltr'><em>κλει-</em></span> 
     </span>
    </p>
   </div>
   <div class='ocr_carea' id='block_1_38' title="bbox 2016 1915 3584 1988">
    <p class='ocr_par' dir='ltr' id='par_1_38' title="bbox 2016 1915 3584 1988">
     <span class='ocr_line' id='line_1_38' title="bbox 2016 1915 3584 1988; baseline -0.001 -19"><span class='ocrx_word' id='word_1_262' title='bbox 2016 1920 2159 1981; x_wconf 84' lang='lat' dir='ltr'><strong>ritis,</strong></span> <span class='ocrx_word' id='word_1_263' title='bbox 2205 1921 2452 1988; x_wconf 85' lang='lat' dir='ltr'><strong>quoniam</strong></span> <span class='ocrx_word' id='word_1_264' title='bbox 2499 1919 2700 1972; x_wconf 82' lang='lat' dir='ltr'><strong>tulistis</strong></span> <span class='ocrx_word' id='word_1_265' title='bbox 2748 1919 2944 1972; x_wconf 85' lang='lat' dir='ltr'><strong>clavem</strong></span> <span class='ocrx_word' id='word_1_266' title='bbox 2985 1920 3237 1983; x_wconf 62' lang='lat' dir='ltr'><strong>scientia,</strong></span> <span class='ocrx_word' id='word_1_267' title='bbox 3283 1933 3441 1985; x_wconf 85' lang='lat' dir='ltr'><strong>neque</strong></span> <span class='ocrx_word' id='word_1_268' title='bbox 3483 1915 3584 1986; x_wconf 82' lang='lat' dir='ltr'><strong>ipsi</strong></span> 
     </span>
    </p>
   </div>
   <div class='ocr_carea' id='block_1_39' title="bbox 2012 2012 3384 2083">
    <p class='ocr_par' dir='ltr' id='par_1_39' title="bbox 2012 2012 3384 2083">
     <span class='ocr_line' id='line_1_39' title="bbox 2012 2012 3384 2083; baseline 0 -18"><span class='ocrx_word' id='word_1_269' title='bbox 2012 2013 2276 2075; x_wconf 79' lang='lat' dir='ltr'><strong>intrastis,</strong></span> <span class='ocrx_word' id='word_1_270' title='bbox 2300 2024 2348 2066; x_wconf 89' lang='lat' dir='ltr'><strong>et</strong></span> <span class='ocrx_word' id='word_1_271' title='bbox 2378 2015 2634 2066; x_wconf 82' lang='lat' dir='ltr'><strong>intrantes</strong></span> <span class='ocrx_word' id='word_1_272' title='bbox 2659 2030 2761 2066; x_wconf 82' lang='lat' dir='ltr'><strong>non</strong></span> <span class='ocrx_word' id='word_1_273' title='bbox 2789 2015 3091 2079; x_wconf 80' lang='lat' dir='ltr'><strong>permittitis</strong></span> <span class='ocrx_word' id='word_1_274' title='bbox 3119 2012 3318 2083; x_wconf 85' lang='lat' dir='ltr'><strong>ingredi</strong></span> <span class='ocrx_word' id='word_1_275' title='bbox 3343 2012 3384 2065; x_wconf 78' lang='lat'><strong>’.</strong></span> 
     </span>
    </p>
   </div>
   <div class='ocr_carea' id='block_1_40' title="bbox 340 2095 3587 2180">
    <p class='ocr_par' dir='ltr' id='par_1_40' title="bbox 340 2095 3587 2180">
     <span class='ocr_line' id='line_1_40' title="bbox 340 2095 3587 2180; baseline 0.002 -32"><span class='ocrx_word' id='word_1_276' title='bbox 340 2095 425 2158; x_wconf 73' lang='grc' dir='ltr'><em>δὸς</em></span> <span class='ocrx_word' id='word_1_277' title='bbox 477 2095 640 2167; x_wconf 75' lang='grc' dir='ltr'><em>οὔσης</em></span> <span class='ocrx_word' id='word_1_278' title='bbox 674 2098 823 2170; x_wconf 81' lang='grc' dir='ltr'><em>παρὰ</em></span> <span class='ocrx_word' id='word_1_279' title='bbox 851 2101 962 2162; x_wconf 89' lang='grc' dir='ltr'><em>τοῖς</em></span> <span class='ocrx_word' id='word_1_280' title='bbox 1017 2099 1398 2169; x_wconf 73' lang='grc' dir='ltr'><em>γραμματεῦσι</em></span> <span class='ocrx_word' id='word_1_281' title='bbox 1432 2101 1525 2154; x_wconf 69' lang='grc' dir='ltr'><em>καὶ</em></span> <span class='ocrx_word' id='word_1_282' title='bbox 1556 2102 1891 2172; x_wconf 81' lang='grc' dir='ltr'><em>Φαρισαίοις,</em></span> <span class='ocrx_word' id='word_1_283' title='bbox 1929 2105 2027 2158; x_wconf 82' lang='grc' dir='ltr'><em>οὐκ</em></span> <span class='ocrx_word' id='word_1_284' title='bbox 2075 2105 2496 2174; x_wconf 77' lang='grc' dir='ltr'><em>ἀγωνιζομένοις</em></span> <span class='ocrx_word' id='word_1_285' title='bbox 2542 2105 2639 2175; x_wconf 83' lang='grc' dir='ltr'><em>τὴν</em></span> <span class='ocrx_word' id='word_1_286' title='bbox 2667 2104 2783 2157; x_wconf 81' lang='grc' dir='ltr'><em>ὁδὸν</em></span> <span class='ocrx_word' id='word_1_287' title='bbox 2835 2105 3014 2175; x_wconf 78' lang='grc' dir='ltr'><em>εὑρεῖν</em></span> <span class='ocrx_word' id='word_1_288' title='bbox 3063 2105 3155 2158; x_wconf 84' lang='grc' dir='ltr'><strong>τοῦ</strong></span> <span class='ocrx_word' id='word_1_289' title='bbox 3199 2103 3425 2170; x_wconf 80' lang='grc' dir='ltr'><em>ἀνοῖξαι,</em></span> <span class='ocrx_word' id='word_1_290' title='bbox 3500 2100 3587 2180; x_wconf 56' lang='grc' dir='ltr'><strong>τὸ,</strong></span> 
     </span>
    </p>
   </div>
   <div class='ocr_carea' id='block_1_41' title="bbox 341 2188 3585 2262">
    <p class='ocr_par' dir='ltr' id='par_1_41' title="bbox 341 2188 3585 2262">
     <span class='ocr_line' id='line_1_41' title="bbox 341 2188 3585 2262; baseline 0.002 -21"><span class='ocrx_word' id='word_1_291' title='bbox 341 2188 484 2242; x_wconf 80' lang='grc' dir='ltr'><strong>Οὐαὶ</strong></span> <span class='ocrx_word' id='word_1_292' title='bbox 551 2190 692 2259; x_wconf 81' lang='grc' dir='ltr'><em>ὑμῖν</em></span> <span class='ocrx_word' id='word_1_293' title='bbox 742 2189 865 2255; x_wconf 87' lang='grc' dir='ltr'><em>τοῖς</em></span> <span class='ocrx_word' id='word_1_294' title='bbox 906 2189 1202 2259; x_wconf 79' lang='grc' dir='ltr'><em>νομικοῖς·</em></span> <span class='ocrx_word' id='word_1_295' title='bbox 1251 2189 1337 2243; x_wconf 84' lang='grc' dir='ltr'><em>ὅτι</em></span> <span class='ocrx_word' id='word_1_296' title='bbox 1379 2191 1561 2258; x_wconf 81' lang='grc' dir='ltr'><em>ἤρατε</em></span> <span class='ocrx_word' id='word_1_297' title='bbox 1604 2191 1717 2258; x_wconf 82' lang='grc' dir='ltr'><em>τὴν</em></span> <span class='ocrx_word' id='word_1_298' title='bbox 1757 2191 1967 2248; x_wconf 78' lang='grc' dir='ltr'><em>κλεῖδα</em></span> <span class='ocrx_word' id='word_1_299' title='bbox 2002 2192 2110 2260; x_wconf 77' lang='grc' dir='ltr'><em>τῆς</em></span> <span class='ocrx_word' id='word_1_300' title='bbox 2167 2193 2464 2262; x_wconf 79' lang='grc' dir='ltr'><em>γνώσεως,</em></span> <span class='ocrx_word' id='word_1_301' title='bbox 2512 2194 2681 2248; x_wconf 81' lang='grc' dir='ltr'><em>αὐτοὶ</em></span> <span class='ocrx_word' id='word_1_302' title='bbox 2733 2196 2844 2247; x_wconf 78' lang='grc' dir='ltr'><em>οὐκ</em></span> <span class='ocrx_word' id='word_1_303' title='bbox 2892 2195 3224 2261; x_wconf 58' lang='grc' dir='ltr'><em>εὶσήλθετε,</em></span> <span class='ocrx_word' id='word_1_304' title='bbox 3283 2194 3383 2248; x_wconf 75' lang='grc' dir='ltr'><em>καὶ</em></span> <span class='ocrx_word' id='word_1_305' title='bbox 3440 2191 3585 2260; x_wconf 85' lang='grc' dir='ltr'><em>τοὺς</em></span> 
     </span>
    </p>
   </div>
   <div class='ocr_carea' id='block_1_42' title="bbox 340 2281 1530 2351">
    <p class='ocr_par' dir='ltr' id='par_1_42' title="bbox 340 2281 1530 2351">
     <span class='ocr_line' id='line_1_42' title="bbox 340 2281 1530 2351; baseline 0.001 -15"><span class='ocrx_word' id='word_1_306' title='bbox 340 2283 792 2351; x_wconf 85' lang='grc' dir='ltr'><em>εἰσερχομένους</em></span> <span class='ocrx_word' id='word_1_307' title='bbox 821 2283 931 2335; x_wconf 79' lang='grc' dir='ltr'><em>οὐκ</em></span> <span class='ocrx_word' id='word_1_308' title='bbox 971 2281 1178 2350; x_wconf 68' lang='grc' dir='ltr'><em>ἀφίετε</em></span> <span class='ocrx_word' id='word_1_309' title='bbox 1212 2282 1530 2337; x_wconf 75' lang='grc' dir='ltr'><em>εἰσελθεῖν.</em></span> 
     </span>
    </p>
   </div>
   <div class='ocr_carea' id='block_1_43' title="bbox 405 2374 1910 2446">
    <p class='ocr_par' dir='ltr' id='par_1_43' title="bbox 405 2374 1910 2446">
     <span class='ocr_line' id='line_1_43' title="bbox 405 2374 1910 2446; baseline -0.003 -14"><span class='ocrx_word' id='word_1_310' title='bbox 405 2381 478 2432; x_wconf 91' lang='lat' dir='ltr'><strong>Z’.</strong></span> <span class='ocrx_word' id='word_1_311' title='bbox 519 2376 701 2429; x_wconf 90' lang='grc' dir='ltr'><em>Ταῦτα</em></span> <span class='ocrx_word' id='word_1_312' title='bbox 732 2375 789 2427; x_wconf 79' lang='grc' dir='ltr'><em>δὲ</em></span> <span class='ocrx_word' id='word_1_313' title='bbox 819 2375 947 2445; x_wconf 82' lang='grc' dir='ltr'><em>ἡμῖν</em></span> <span class='ocrx_word' id='word_1_314' title='bbox 993 2375 1051 2426; x_wconf 85' lang='grc' dir='ltr'><em>ὲν</em></span> <span class='ocrx_word' id='word_1_315' title='bbox 1081 2374 1350 2444; x_wconf 81' lang='grc' dir='ltr'><em>προοιμίῳ</em></span> <span class='ocrx_word' id='word_1_316' title='bbox 1379 2374 1649 2437; x_wconf 89' lang='grc' dir='ltr'><em>λέλεκται,</em></span> <span class='ocrx_word' id='word_1_317' title='bbox 1689 2378 1772 2438; x_wconf 89' lang='grc' dir='ltr'><em>είς</em></span> <span class='ocrx_word' id='word_1_318' title='bbox 1815 2376 1910 2446; x_wconf 86' lang='grc' dir='ltr'><em>μέ-</em></span> 
     </span>
    </p>
   </div>
   <div class='ocr_carea' id='block_1_44' title="bbox 347 2464 1913 2540">
    <p class='ocr_par' dir='ltr' id='par_1_44' title="bbox 347 2464 1913 2540">
     <span class='ocr_line' id='line_1_44' title="bbox 347 2464 1913 2540; baseline -0.001 -18"><span class='ocrx_word' id='word_1_319' title='bbox 347 2486 520 2540; x_wconf 66' lang='grc' dir='ltr'><em>γιστον</em></span> <span class='ocrx_word' id='word_1_320' title='bbox 571 2465 778 2535; x_wconf 81' lang='grc' dir='ltr'><em>ἀγῶνα,</em></span> <span class='ocrx_word' id='word_1_321' title='bbox 835 2465 929 2519; x_wconf 78' lang='grc' dir='ltr'><em>καὶ</em></span> <span class='ocrx_word' id='word_1_322' title='bbox 979 2464 1426 2534; x_wconf 78' lang='grc' dir='ltr'><em>ὁμολογουμένως</em></span> <span class='ocrx_word' id='word_1_323' title='bbox 1467 2466 1606 2536; x_wconf 86' lang='grc' dir='ltr'><em>ὑπὲρ</em></span> <span class='ocrx_word' id='word_1_324' title='bbox 1635 2469 1784 2536; x_wconf 83' lang='grc' dir='ltr'><em>ἡμᾶς</em></span> <span class='ocrx_word' id='word_1_325' title='bbox 1817 2467 1913 2520; x_wconf 75' lang='grc' dir='ltr'><em>καὶ</em></span> 
     </span>
    </p>
   </div>
   <div class='ocr_carea' id='block_1_45' title="bbox 345 2553 1910 2638">
    <p class='ocr_par' dir='ltr' id='par_1_45' title="bbox 345 2553 1910 2638">
     <span class='ocr_line' id='line_1_45' title="bbox 345 2553 1910 2638; baseline -0.008 -21"><span class='ocrx_word' id='word_1_326' title='bbox 345 2560 437 2631; x_wconf 75' lang='grc' dir='ltr'><em>τὴν</em></span> <span class='ocrx_word' id='word_1_327' title='bbox 461 2558 576 2638; x_wconf 59' lang='grc' dir='ltr'><em>ἕξιν</em></span> <span class='ocrx_word' id='word_1_328' title='bbox 610 2556 789 2626; x_wconf 85' lang='grc' dir='ltr'><em>ἡμῶν,</em></span> <span class='ocrx_word' id='word_1_329' title='bbox 820 2553 1285 2625; x_wconf 75' lang='grc' dir='ltr'><em>ἀναγκαζομένοις</em></span> <span class='ocrx_word' id='word_1_330' title='bbox 1314 2555 1418 2608; x_wconf 84' lang='grc' dir='ltr'><strong>ὑπὸ</strong></span> <span class='ocrx_word' id='word_1_331' title='bbox 1446 2556 1546 2626; x_wconf 81' lang='grc' dir='ltr'><em>τῆς</em></span> <span class='ocrx_word' id='word_1_332' title='bbox 1585 2556 1783 2629; x_wconf 86' lang='grc' dir='ltr'><em>πολλῆς</em></span> <span class='ocrx_word' id='word_1_333' title='bbox 1818 2575 1910 2610; x_wconf 90' lang='grc' dir='ltr'><strong>σου</strong></span> 
     </span>
    </p>
   </div>
   <div class='ocr_carea' id='block_1_46' title="bbox 343 2646 1912 2721">
    <p class='ocr_par' dir='ltr' id='par_1_46' title="bbox 343 2646 1912 2721">
     <span class='ocr_line' id='line_1_46' title="bbox 343 2646 1912 2721; baseline -0.001 -18"><span class='ocrx_word' id='word_1_334' title='bbox 343 2649 718 2721; x_wconf 81' lang='grc' dir='ltr'><em>φιλομαθείας,</em></span> <span class='ocrx_word' id='word_1_335' title='bbox 749 2648 843 2701; x_wconf 78' lang='grc' dir='ltr'><em>καὶ</em></span> <span class='ocrx_word' id='word_1_336' title='bbox 870 2646 1304 2717; x_wconf 80' lang='grc' dir='ltr'><em>δυσωπουμένοις</em></span> <span class='ocrx_word' id='word_1_337' title='bbox 1346 2648 1448 2702; x_wconf 79' lang='grc' dir='ltr'><strong>ὑπὸ</strong></span> <span class='ocrx_word' id='word_1_338' title='bbox 1480 2651 1576 2720; x_wconf 72' lang='grc' dir='ltr'><em>τῆς</em></span> <span class='ocrx_word' id='word_1_339' title='bbox 1613 2650 1912 2720; x_wconf 84' lang='grc' dir='ltr'><em>χρηστότη-</em></span> 
     </span>
    </p>
   </div>
   <div class='ocr_carea' id='block_1_47' title="bbox 343 2739 1912 2811">
    <p class='ocr_par' dir='ltr' id='par_1_47' title="bbox 343 2739 1912 2811">
     <span class='ocr_line' id='line_1_47' title="bbox 343 2739 1912 2811; baseline -0.008 -14"><span class='ocrx_word' id='word_1_340' title='bbox 343 2759 431 2805; x_wconf 84' lang='grc' dir='ltr'><strong>τος</strong></span> <span class='ocrx_word' id='word_1_341' title='bbox 464 2743 558 2794; x_wconf 72' lang='grc' dir='ltr'><em>καὶ</em></span> <span class='ocrx_word' id='word_1_342' title='bbox 587 2741 687 2811; x_wconf 86' lang='grc' dir='ltr'><em>τῆς</em></span> <span class='ocrx_word' id='word_1_343' title='bbox 722 2739 1071 2810; x_wconf 81' lang='grc' dir='ltr'><em>μετριότητός</em></span> <span class='ocrx_word' id='word_1_344' title='bbox 1116 2757 1232 2803; x_wconf 88' lang='grc' dir='ltr'><em>σου,</em></span> <span class='ocrx_word' id='word_1_345' title='bbox 1281 2741 1393 2811; x_wconf 85' lang='grc' dir='ltr'><strong>ἱερὲ</strong></span> <span class='ocrx_word' id='word_1_346' title='bbox 1438 2740 1749 2811; x_wconf 79' lang='grc' dir='ltr'><em>Ἀμϐρόσιε,</em></span> <span class='ocrx_word' id='word_1_347' title='bbox 1779 2759 1912 2796; x_wconf 89' lang='grc' dir='ltr'><em>κατ-</em></span> 
     </span>
    </p>
   </div>
   <div class='ocr_carea' id='block_1_48' title="bbox 343 2830 1914 2904">
    <p class='ocr_par' dir='ltr' id='par_1_48' title="bbox 343 2830 1914 2904">
     <span class='ocr_line' id='line_1_48' title="bbox 343 2830 1914 2904; baseline 0.001 -18"><span class='ocrx_word' id='word_1_348' title='bbox 343 2831 534 2886; x_wconf 86' lang='grc' dir='ltr'><em>ελθεῖν.</em></span> <span class='ocrx_word' id='word_1_349' title='bbox 570 2831 678 2885; x_wconf 79' lang='grc' dir='ltr'><strong>Καὶ</strong></span> <span class='ocrx_word' id='word_1_350' title='bbox 704 2832 786 2885; x_wconf 84' lang='grc' dir='ltr'><em>ὅτι</em></span> <span class='ocrx_word' id='word_1_351' title='bbox 814 2848 878 2900; x_wconf 89' lang='grc' dir='ltr'><strong>γε</strong></span> <span class='ocrx_word' id='word_1_352' title='bbox 909 2832 1000 2884; x_wconf 75' lang='grc' dir='ltr'><strong>ἐπὶ</strong></span> <span class='ocrx_word' id='word_1_353' title='bbox 1037 2830 1169 2884; x_wconf 81' lang='grc' dir='ltr'><em>πολὺ</em></span> <span class='ocrx_word' id='word_1_354' title='bbox 1214 2831 1574 2903; x_wconf 86' lang='grc' dir='ltr'><em>ἁναδυόμενόν</em></span> <span class='ocrx_word' id='word_1_355' title='bbox 1609 2851 1697 2904; x_wconf 88' lang='grc' dir='ltr'><strong>με,</strong></span> <span class='ocrx_word' id='word_1_356' title='bbox 1738 2833 1825 2887; x_wconf 86' lang='grc' dir='ltr'><em>διὰ</em></span> <span class='ocrx_word' id='word_1_357' title='bbox 1852 2834 1914 2887; x_wconf 87' lang='grc' dir='ltr'><em>τὸ</em></span> 
     </span>
    </p>
   </div>
   <div class='ocr_carea' id='block_1_49' title="bbox 343 2923 1912 2995">
    <p class='ocr_par' dir='ltr' id='par_1_49' title="bbox 343 2923 1912 2995">
     <span class='ocr_line' id='line_1_49' title="bbox 343 2923 1912 2995; baseline 0.002 -19"><span class='ocrx_word' id='word_1_358' title='bbox 343 2923 532 2976; x_wconf 82' lang='grc' dir='ltr'><em>εἰδέναι</em></span> <span class='ocrx_word' id='word_1_359' title='bbox 566 2923 655 2976; x_wconf 79' lang='grc' dir='ltr'><em>τὸν</em></span> <span class='ocrx_word' id='word_1_360' title='bbox 699 2923 940 2977; x_wconf 85' lang='grc' dir='ltr'><em>κίνδυνον</em></span> <span class='ocrx_word' id='word_1_361' title='bbox 984 2924 1045 2976; x_wconf 82' lang='grc' dir='ltr'><em>οὐ</em></span> <span class='ocrx_word' id='word_1_362' title='bbox 1098 2923 1257 2992; x_wconf 89' lang='grc' dir='ltr'><em>μόνον</em></span> <span class='ocrx_word' id='word_1_363' title='bbox 1287 2923 1382 2976; x_wconf 85' lang='grc' dir='ltr'><strong>τοῦ</strong></span> <span class='ocrx_word' id='word_1_364' title='bbox 1430 2923 1608 2992; x_wconf 84' lang='grc' dir='ltr'><em>λέγειν</em></span> <span class='ocrx_word' id='word_1_365' title='bbox 1643 2927 1772 2995; x_wconf 74' lang='grc' dir='ltr'><em>περὶ</em></span> <span class='ocrx_word' id='word_1_366' title='bbox 1805 2925 1912 2979; x_wconf 83' lang='grc' dir='ltr'><em>τῶν</em></span> 
     </span>
    </p>
   </div>
   <div class='ocr_carea' id='block_1_50' title="bbox 345 3011 1913 3085">
    <p class='ocr_par' dir='ltr' id='par_1_50' title="bbox 345 3011 1913 3085">
     <span class='ocr_line' id='line_1_50' title="bbox 345 3011 1913 3085; baseline 0.001 -17"><span class='ocrx_word' id='word_1_367' title='bbox 345 3014 534 3084; x_wconf 64' lang='grc' dir='ltr'><em>ἁγίων,</em></span> <span class='ocrx_word' id='word_1_368' title='bbox 585 3013 720 3068; x_wconf 80' lang='grc' dir='ltr'><em>ἀλλὰ</em></span> <span class='ocrx_word' id='word_1_369' title='bbox 771 3011 952 3084; x_wconf 82' lang='grc' dir='ltr'><em>πολλῷ</em></span> <span class='ocrx_word' id='word_1_370' title='bbox 990 3013 1172 3067; x_wconf 86' lang='grc' dir='ltr'><em>πλεῖον</em></span> <span class='ocrx_word' id='word_1_371' title='bbox 1219 3015 1312 3067; x_wconf 90' lang='grc' dir='ltr'><strong>τοῦ</strong></span> <span class='ocrx_word' id='word_1_372' title='bbox 1362 3016 1616 3085; x_wconf 76' lang='grc' dir='ltr'><em>γράφειν,</em></span> <span class='ocrx_word' id='word_1_373' title='bbox 1671 3017 1764 3070; x_wconf 58' lang='grc' dir='ltr'><strong>καὶ¹</strong></span> <span class='ocrx_word' id='word_1_374' title='bbox 1802 3019 1913 3080; x_wconf 80' lang='grc' dir='ltr'><em>τοῖς</em></span> 
     </span>
    </p>
   </div>
   <div class='ocr_carea' id='block_1_51' title="bbox 2071 2373 3590 2444">
    <p class='ocr_par' dir='ltr' id='par_1_51' title="bbox 2071 2373 3590 2444">
     <span class='ocr_line' id='line_1_51' title="bbox 2071 2373 3590 2444; baseline 0.001 -16"><span class='ocrx_word' id='word_1_375' title='bbox 2071 2374 2184 2428; x_wconf 85' lang='lat' dir='ltr'><strong>VII.</strong></span> <span class='ocrx_word' id='word_1_376' title='bbox 2228 2373 2352 2428; x_wconf 68' lang='lat' dir='ltr'><strong>Haec</strong></span> <span class='ocrx_word' id='word_1_377' title='bbox 2390 2389 2418 2426; x_wconf 86' lang='lat' dir='ltr'><strong>a</strong></span> <span class='ocrx_word' id='word_1_378' title='bbox 2449 2375 2607 2429; x_wconf 87' lang='lat' dir='ltr'><strong>nobis</strong></span> <span class='ocrx_word' id='word_1_379' title='bbox 2635 2375 2784 2431; x_wconf 86' lang='lat' dir='ltr'><strong>velut</strong></span> <span class='ocrx_word' id='word_1_380' title='bbox 2807 2373 3070 2444; x_wconf 73' lang='lat' dir='ltr'><strong>praefandi</strong></span> <span class='ocrx_word' id='word_1_381' title='bbox 3097 2373 3270 2444; x_wconf 78' lang='lat' dir='ltr'><strong>gratia</strong></span> <span class='ocrx_word' id='word_1_382' title='bbox 3313 2376 3590 2444; x_wconf 84' lang='lat' dir='ltr'><strong>proposita</strong></span> 
     </span>
    </p>
   </div>
   <div class='ocr_carea' id='block_1_52' title="bbox 2008 2466 3592 2536">
    <p class='ocr_par' dir='ltr' id='par_1_52' title="bbox 2008 2466 3592 2536">
     <span class='ocr_line' id='line_1_52' title="bbox 2008 2466 3592 2536; baseline 0.002 -14"><span class='ocrx_word' id='word_1_383' title='bbox 2008 2475 2157 2528; x_wconf 89' lang='lat' dir='ltr'><strong>sunt,</strong></span> <span class='ocrx_word' id='word_1_384' title='bbox 2207 2467 2300 2534; x_wconf 88' lang='lat' dir='ltr'><strong>qui</strong></span> <span class='ocrx_word' id='word_1_385' title='bbox 2357 2466 2410 2518; x_wconf 94' lang='lat' dir='ltr'><strong>in</strong></span> <span class='ocrx_word' id='word_1_386' title='bbox 2464 2466 2763 2519; x_wconf 80' lang='lat' dir='ltr'><strong>maximum</strong></span> <span class='ocrx_word' id='word_1_387' title='bbox 2809 2475 3110 2529; x_wconf 85' lang='lat' dir='ltr'><strong>certamen,</strong></span> <span class='ocrx_word' id='word_1_388' title='bbox 3157 2466 3410 2536; x_wconf 86' lang='lat' dir='ltr'><strong>quodque</strong></span> <span class='ocrx_word' id='word_1_389' title='bbox 3448 2467 3592 2524; x_wconf 80' lang='lat' dir='ltr'><strong>vires</strong></span> 
     </span>
    </p>
   </div>
   <div class='ocr_carea' id='block_1_53' title="bbox 2008 2557 3593 2627">
    <p class='ocr_par' dir='ltr' id='par_1_53' title="bbox 2008 2557 3593 2627">
     <span class='ocr_line' id='line_1_53' title="bbox 2008 2557 3593 2627; baseline 0.001 -14"><span class='ocrx_word' id='word_1_390' title='bbox 2008 2568 2225 2613; x_wconf 87' lang='lat' dir='ltr'><strong>nostras</strong></span> <span class='ocrx_word' id='word_1_391' title='bbox 2279 2573 2342 2612; x_wconf 89' lang='lat' dir='ltr'><strong>ac</strong></span> <span class='ocrx_word' id='word_1_392' title='bbox 2382 2557 2536 2627; x_wconf 79' lang='lat'><strong>531</strong></span> <span class='ocrx_word' id='word_1_393' title='bbox 2575 2559 2891 2612; x_wconf 86' lang='lat' dir='ltr'><strong>facultatem</strong></span> <span class='ocrx_word' id='word_1_394' title='bbox 2942 2559 3063 2612; x_wconf 91' lang='lat' dir='ltr'><strong>sine</strong></span> <span class='ocrx_word' id='word_1_395' title='bbox 3115 2558 3224 2610; x_wconf 88' lang='lat' dir='ltr'><strong>ulla</strong></span> <span class='ocrx_word' id='word_1_396' title='bbox 3254 2557 3593 2615; x_wconf 78' lang='lat' dir='ltr'><strong>dubitatione</strong></span> 
     </span>
    </p>
   </div>
   <div class='ocr_carea' id='block_1_54' title="bbox 2011 2650 3590 2721">
    <p class='ocr_par' dir='ltr' id='par_1_54' title="bbox 2011 2650 3590 2721">
     <span class='ocr_line' id='line_1_54' title="bbox 2011 2650 3590 2721; baseline 0.001 -14"><span class='ocrx_word' id='word_1_397' title='bbox 2011 2661 2237 2721; x_wconf 88' lang='lat' dir='ltr'><strong>superat</strong></span> <span class='ocrx_word' id='word_1_398' title='bbox 2275 2650 2342 2704; x_wconf 90' lang='lat' dir='ltr'><strong>ab</strong></span> <span class='ocrx_word' id='word_1_399' title='bbox 2386 2650 2588 2720; x_wconf 78' lang='lat' dir='ltr'><strong>ingenti</strong></span> <span class='ocrx_word' id='word_1_400' title='bbox 2639 2659 2756 2714; x_wconf 92' lang='lat' dir='ltr'><strong>tuo,</strong></span> <span class='ocrx_word' id='word_1_401' title='bbox 2797 2651 3049 2705; x_wconf 83' lang='lat' dir='ltr'><strong>Ambrosi</strong></span> <span class='ocrx_word' id='word_1_402' title='bbox 3087 2650 3171 2704; x_wconf 85' lang='lat' dir='ltr'><strong>vir</strong></span> <span class='ocrx_word' id='word_1_403' title='bbox 3212 2653 3590 2716; x_wconf 89' lang='lat' dir='ltr'><strong>sanctissime,</strong></span> 
     </span>
    </p>
   </div>
   <div class='ocr_carea' id='block_1_55' title="bbox 2013 2741 3593 2813">
    <p class='ocr_par' dir='ltr' id='par_1_55' title="bbox 2013 2741 3593 2813">
     <span class='ocr_line' id='line_1_55' title="bbox 2013 2741 3593 2813; baseline 0.001 -17"><span class='ocrx_word' id='word_1_404' title='bbox 2013 2758 2144 2813; x_wconf 77' lang='lat' dir='ltr'><strong>erga</strong></span> <span class='ocrx_word' id='word_1_405' title='bbox 2178 2743 2388 2796; x_wconf 80' lang='lat' dir='ltr'><strong>litteras</strong></span> <span class='ocrx_word' id='word_1_406' title='bbox 2427 2741 2610 2796; x_wconf 80' lang='lat' dir='ltr'><strong>studio</strong></span> <span class='ocrx_word' id='word_1_407' title='bbox 2642 2741 2902 2795; x_wconf 81' lang='lat' dir='ltr'><strong>concitati</strong></span> <span class='ocrx_word' id='word_1_408' title='bbox 2942 2741 3167 2808; x_wconf 79' lang='lat' dir='ltr'><strong>fuimus,</strong></span> <span class='ocrx_word' id='word_1_409' title='bbox 3191 2749 3246 2796; x_wconf 87' lang='lat' dir='ltr'><strong>et</strong></span> <span class='ocrx_word' id='word_1_410' title='bbox 3274 2750 3335 2796; x_wconf 91' lang='lat' dir='ltr'><strong>ut</strong></span> <span class='ocrx_word' id='word_1_411' title='bbox 3372 2743 3426 2796; x_wconf 89' lang='lat' dir='ltr'><strong>in</strong></span> <span class='ocrx_word' id='word_1_412' title='bbox 3459 2743 3593 2799; x_wconf 88' lang='lat' dir='ltr'><strong>illud</strong></span> 
     </span>
    </p>
   </div>
   <div class='ocr_carea' id='block_1_56' title="bbox 2012 2833 3594 2902">
    <p class='ocr_par' dir='ltr' id='par_1_56' title="bbox 2012 2833 3594 2902">
     <span class='ocr_line' id='line_1_56' title="bbox 2012 2833 3594 2902; baseline 0.001 -15"><span class='ocrx_word' id='word_1_413' title='bbox 2012 2834 2472 2902; x_wconf 12' lang='lat' dir='ltr'><strong>descenderem‘us</strong></span> <span class='ocrx_word' id='word_1_414' title='bbox 2529 2833 2868 2887; x_wconf 86' lang='lat' dir='ltr'><strong>humanitate</strong></span> <span class='ocrx_word' id='word_1_415' title='bbox 2922 2841 3015 2887; x_wconf 90' lang='lat' dir='ltr'><strong>tua</strong></span> <span class='ocrx_word' id='word_1_416' title='bbox 3090 2848 3152 2888; x_wconf 92' lang='lat' dir='ltr'><strong>ac</strong></span> <span class='ocrx_word' id='word_1_417' title='bbox 3222 2833 3594 2890; x_wconf 87' lang='lat' dir='ltr'><strong>moderatione</strong></span> 
     </span>
    </p>
   </div>
   <div class='ocr_carea' id='block_1_57' title="bbox 2015 2923 3592 2996">
    <p class='ocr_par' dir='ltr' id='par_1_57' title="bbox 2015 2923 3592 2996">
     <span class='ocr_line' id='line_1_57' title="bbox 2015 2923 3592 2996; baseline 0.003 -21"><span class='ocrx_word' id='word_1_418' title='bbox 2015 2925 2277 2994; x_wconf 81' lang='lat' dir='ltr'><strong>perpulsi.</strong></span> <span class='ocrx_word' id='word_1_419' title='bbox 2311 2923 2764 2994; x_wconf 81' lang='lat' dir='ltr'><strong>Quandoquidem</strong></span> <span class='ocrx_word' id='word_1_420' title='bbox 2797 2926 2891 2979; x_wconf 91' lang='lat' dir='ltr'><strong>diu</strong></span> <span class='ocrx_word' id='word_1_421' title='bbox 2929 2939 3035 2986; x_wconf 91' lang='lat' dir='ltr'><strong>me,</strong></span> <span class='ocrx_word' id='word_1_422' title='bbox 3062 2933 3338 2994; x_wconf 85' lang='lat' dir='ltr'><strong>comperta</strong></span> <span class='ocrx_word' id='word_1_423' title='bbox 3363 2925 3592 2996; x_wconf 88' lang='lat' dir='ltr'><strong>periculi</strong></span> 
     </span>
    </p>
   </div>
   <div class='ocr_carea' id='block_1_58' title="bbox 2016 3017 3593 3087">
    <p class='ocr_par' dir='ltr' id='par_1_58' title="bbox 2016 3017 3593 3087">
     <span class='ocr_line' id='line_1_58' title="bbox 2016 3017 3593 3087; baseline 0.003 -17"><span class='ocrx_word' id='word_1_424' title='bbox 2016 3017 2418 3087; x_wconf 79' lang='lat' dir='ltr'><strong>magnitudine,</strong></span> <span class='ocrx_word' id='word_1_425' title='bbox 2447 3028 2813 3080; x_wconf 86' lang='lat' dir='ltr'><strong>recusantem,</strong></span> <span class='ocrx_word' id='word_1_426' title='bbox 2852 3033 2962 3070; x_wconf 92' lang='lat' dir='ltr'><strong>non</strong></span> <span class='ocrx_word' id='word_1_427' title='bbox 3001 3017 3162 3071; x_wconf 89' lang='lat' dir='ltr'><strong>modo</strong></span> <span class='ocrx_word' id='word_1_428' title='bbox 3204 3017 3486 3086; x_wconf 89' lang='lat' dir='ltr'><strong>disputare</strong></span> <span class='ocrx_word' id='word_1_429' title='bbox 3524 3018 3593 3074; x_wconf 86' lang='lat' dir='ltr'><strong>de</strong></span> 
     </span>
    </p>
   </div>
   <div class='ocr_carea' id='block_1_59' title="bbox 345 3091 1912 3179">
    <p class='ocr_par' dir='ltr' id='par_1_59' title="bbox 345 3105 1912 3178">
     <span class='ocr_line' id='line_1_59' title="bbox 345 3105 1912 3178; baseline 0.001 -20"><span class='ocrx_word' id='word_1_430' title='bbox 345 3106 459 3176; x_wconf 86' lang='grc' dir='ltr'><em>μεθ’</em></span> <span class='ocrx_word' id='word_1_431' title='bbox 512 3106 658 3176; x_wconf 77' lang='grc' dir='ltr'><em>ἡμᾶς</em></span> <span class='ocrx_word' id='word_1_432' title='bbox 687 3105 1030 3170; x_wconf 83' lang='grc' dir='ltr'><em>καταλιπεῖν,</em></span> <span class='ocrx_word' id='word_1_433' title='bbox 1063 3105 1419 3170; x_wconf 82' lang='grc' dir='ltr'><em>παντοδαπῶς</em></span> <span class='ocrx_word' id='word_1_434' title='bbox 1467 3107 1784 3178; x_wconf 76' lang='grc' dir='ltr'><em>κατεπᾴδων</em></span> <span class='ocrx_word' id='word_1_435' title='bbox 1824 3125 1912 3176; x_wconf 85' lang='grc' dir='ltr'><strong>φι-</strong></span> 
     </span>
    </p>
   </div>
   <div class='ocr_carea' id='block_1_60' title="bbox 2015 3091 3596 3179">
    <p class='ocr_par' dir='ltr' id='par_1_60' title="bbox 2017 3110 3596 3179">
     <span class='ocr_line' id='line_1_60' title="bbox 2017 3110 3596 3179; baseline -0.001 -12"><span class='ocrx_word' id='word_1_436' title='bbox 2017 3113 2190 3167; x_wconf 82' lang='lat' dir='ltr'><strong>sacris</strong></span> <span class='ocrx_word' id='word_1_437' title='bbox 2235 3111 2494 3175; x_wconf 84' lang='lat' dir='ltr'><strong>Litteris,</strong></span> <span class='ocrx_word' id='word_1_438' title='bbox 2558 3113 2652 3166; x_wconf 88' lang='lat' dir='ltr'><strong>sed</strong></span> <span class='ocrx_word' id='word_1_439' title='bbox 2685 3119 2738 3165; x_wconf 89' lang='lat' dir='ltr'><strong>et</strong></span> <span class='ocrx_word' id='word_1_440' title='bbox 2781 3111 2954 3164; x_wconf 88' lang='lat' dir='ltr'><strong>multo</strong></span> <span class='ocrx_word' id='word_1_441' title='bbox 2997 3110 3169 3179; x_wconf 82' lang='lat' dir='ltr'><strong>magis</strong></span> <span class='ocrx_word' id='word_1_442' title='bbox 3221 3111 3481 3172; x_wconf 87' lang='lat' dir='ltr'><strong>scribere,</strong></span> <span class='ocrx_word' id='word_1_443' title='bbox 3532 3126 3596 3165; x_wconf 84' lang='lat' dir='ltr'><strong>ac</strong></span> 
     </span>
    </p>
   </div>
   <div class='ocr_carea' id='block_1_61' title="bbox 345 3195 1916 3272">
    <p class='ocr_par' dir='ltr' id='par_1_61' title="bbox 345 3195 1916 3272">
     <span class='ocr_line' id='line_1_61' title="bbox 345 3195 1916 3272; baseline 0.004 -24"><span class='ocrx_word' id='word_1_444' title='bbox 345 3195 532 3260; x_wconf 85' lang='grc' dir='ltr'><em>λικῶς,</em></span> <span class='ocrx_word' id='word_1_445' title='bbox 564 3196 660 3250; x_wconf 81' lang='grc' dir='ltr'><em>καὶ</em></span> <span class='ocrx_word' id='word_1_446' title='bbox 695 3196 836 3250; x_wconf 78' lang='grc' dir='ltr'><em>κατὰ</em></span> <span class='ocrx_word' id='word_1_447' title='bbox 882 3197 1162 3268; x_wconf 81' lang='grc' dir='ltr'><em>προκοπὴν</em></span> <span class='ocrx_word' id='word_1_448' title='bbox 1194 3197 1442 3270; x_wconf 85' lang='grc' dir='ltr'><em>θεότητος</em></span> <span class='ocrx_word' id='word_1_449' title='bbox 1475 3201 1554 3264; x_wconf 86' lang='grc' dir='ltr'><em>είς</em></span> <span class='ocrx_word' id='word_1_450' title='bbox 1591 3200 1750 3253; x_wconf 86' lang='grc' dir='ltr'><em>τοῦτο</em></span> <span class='ocrx_word' id='word_1_451' title='bbox 1777 3201 1916 3272; x_wconf 73' lang='grc' dir='ltr'><em>ἤγα-</em></span> 
     </span>
    </p>
   </div>
   <div class='ocr_carea' id='block_1_62' title="bbox 346 3285 1918 3361">
    <p class='ocr_par' dir='ltr' id='par_1_62' title="bbox 346 3285 1918 3361">
     <span class='ocr_line' id='line_1_62' title="bbox 346 3285 1918 3361; baseline 0.005 -24"><span class='ocrx_word' id='word_1_452' title='bbox 346 3286 438 3355; x_wconf 74' lang='grc' dir='ltr'><strong>γές</strong></span> <span class='ocrx_word' id='word_1_453' title='bbox 474 3303 541 3357; x_wconf 83' lang='grc' dir='ltr'><strong>με</strong></span> <span class='ocrx_word' id='word_1_454' title='bbox 565 3303 580 3317; x_wconf 87' lang='grc'><strong>·</strong></span> <span class='ocrx_word' id='word_1_455' title='bbox 632 3285 840 3358; x_wconf 83' lang='grc' dir='ltr'><em>μάρτυς</em></span> <span class='ocrx_word' id='word_1_456' title='bbox 888 3287 980 3340; x_wconf 78' lang='grc' dir='ltr'><em>ἔσο</em></span> <span class='ocrx_word' id='word_1_457' title='bbox 1025 3305 1118 3356; x_wconf 85' lang='grc' dir='ltr'><strong>μοι</strong></span> <span class='ocrx_word' id='word_1_458' title='bbox 1147 3289 1283 3361; x_wconf 83' lang='grc' dir='ltr'><em>πρὸς</em></span> <span class='ocrx_word' id='word_1_459' title='bbox 1326 3290 1458 3344; x_wconf 84' lang='grc' dir='ltr'><em>Θεὸν</em></span> <span class='ocrx_word' id='word_1_460' title='bbox 1491 3289 1611 3360; x_wconf 83' lang='grc' dir='ltr'><em>μεθ’</em></span> <span class='ocrx_word' id='word_1_461' title='bbox 1651 3291 1773 3344; x_wconf 85' lang='grc' dir='ltr'><em>ὅλου</em></span> <span class='ocrx_word' id='word_1_462' title='bbox 1821 3290 1918 3345; x_wconf 85' lang='grc' dir='ltr'><strong>τοῦ</strong></span> 
     </span>
    </p>
   </div>
   <div class='ocr_carea' id='block_1_63' title="bbox 345 3377 1913 3452">
    <p class='ocr_par' dir='ltr' id='par_1_63' title="bbox 345 3377 1913 3452">
     <span class='ocr_line' id='line_1_63' title="bbox 345 3377 1913 3452; baseline 0.005 -24"><span class='ocrx_word' id='word_1_463' title='bbox 345 3377 479 3446; x_wconf 79' lang='grc' dir='ltr'><em>βίου,</em></span> <span class='ocrx_word' id='word_1_464' title='bbox 511 3377 605 3430; x_wconf 74' lang='grc' dir='ltr'><em>καὶ</em></span> <span class='ocrx_word' id='word_1_465' title='bbox 641 3377 901 3448; x_wconf 77' lang='grc' dir='ltr'><em>περὶτῶν</em></span> <span class='ocrx_word' id='word_1_466' title='bbox 939 3379 1398 3448; x_wconf 78' lang='grc' dir='ltr'><em>ὑπηγορευμένων</em></span> <span class='ocrx_word' id='word_1_467' title='bbox 1435 3380 1836 3452; x_wconf 78' lang='grc' dir='ltr'><em>ἐξεταζομένων</em></span> <span class='ocrx_word' id='word_1_468' title='bbox 1870 3383 1913 3445; x_wconf 85' lang='grc'><em>¹,</em></span> 
     </span>
    </p>
   </div>
   <div class='ocr_carea' id='block_1_64' title="bbox 348 3468 1918 3544">
    <p class='ocr_par' dir='ltr' id='par_1_64' title="bbox 348 3468 1918 3544">
     <span class='ocr_line' id='line_1_64' title="bbox 348 3468 1918 3544; baseline 0.006 -26"><span class='ocrx_word' id='word_1_469' title='bbox 348 3468 470 3537; x_wconf 59' lang='grc' dir='ltr'><em>ποίᾳ</em></span> <span class='ocrx_word' id='word_1_470' title='bbox 495 3485 554 3520; x_wconf 90' lang='grc' dir='ltr'><strong>τε</strong></span> <span class='ocrx_word' id='word_1_471' title='bbox 585 3468 838 3537; x_wconf 81' lang='grc' dir='ltr'><em>προθέσει</em></span> <span class='ocrx_word' id='word_1_472' title='bbox 865 3469 1021 3522; x_wconf 78' lang='grc' dir='ltr'><em>τοῦτο</em></span> <span class='ocrx_word' id='word_1_473' title='bbox 1049 3471 1363 3541; x_wconf 86' lang='grc' dir='ltr'><em>γεγένηται.</em></span> <span class='ocrx_word' id='word_1_474' title='bbox 1408 3473 1518 3526; x_wconf 67' lang='grc' dir='ltr'><strong>Καὶ⁴</strong></span> <span class='ocrx_word' id='word_1_475' title='bbox 1565 3475 1639 3544; x_wconf 84' lang='grc' dir='ltr'><em>πὴ</em></span> <span class='ocrx_word' id='word_1_476' title='bbox 1694 3476 1791 3543; x_wconf 82' lang='grc' dir='ltr'><em>μὲν</em></span> <span class='ocrx_word' id='word_1_477' title='bbox 1827 3475 1918 3527; x_wconf 81' lang='grc' dir='ltr'><strong>ὲν-</strong></span> 
     </span>
    </p>
   </div>
   <div class='ocr_carea' id='block_1_65' title="bbox 351 3561 1914 3638">
    <p class='ocr_par' dir='ltr' id='par_1_65' title="bbox 351 3561 1914 3638">
     <span class='ocr_line' id='line_1_65' title="bbox 351 3561 1914 3638; baseline 0.005 -25"><span class='ocrx_word' id='word_1_478' title='bbox 351 3561 701 3630; x_wconf 78' lang='grc' dir='ltr'><em>ευγχὰνομεν,</em></span> <span class='ocrx_word' id='word_1_479' title='bbox 756 3562 831 3627; x_wconf 81' lang='grc' dir='ltr'><em>πὴ</em></span> <span class='ocrx_word' id='word_1_480' title='bbox 891 3561 945 3614; x_wconf 82' lang='grc' dir='ltr'><em>δὲ</em></span> <span class='ocrx_word' id='word_1_481' title='bbox 996 3563 1116 3631; x_wconf 81' lang='grc' dir='ltr'><em>ἦτοι</em></span> <span class='ocrx_word' id='word_1_482' title='bbox 1170 3563 1468 3635; x_wconf 78' lang='grc' dir='ltr'><em>βιαζόμεθα</em></span> <span class='ocrx_word' id='word_1_483' title='bbox 1514 3565 1834 3638; x_wconf 85' lang='grc' dir='ltr'><em>βιαιότερον,</em></span> <span class='ocrx_word' id='word_1_484' title='bbox 1881 3567 1914 3638; x_wconf 79' lang='grc' dir='ltr'><strong>ἢ</strong></span> 
     </span>
    </p>
   </div>
   <div class='ocr_carea' id='block_1_66' title="bbox 345 3650 1920 3730">
    <p class='ocr_par' dir='ltr' id='par_1_66' title="bbox 345 3650 1920 3730">
     <span class='ocr_line' id='line_1_66' title="bbox 345 3650 1920 3730; baseline 0.006 -28"><span class='ocrx_word' id='word_1_485' title='bbox 345 3650 604 3720; x_wconf 84' lang='grc' dir='ltr'><em>δοκοῦμέν</em></span> <span class='ocrx_word' id='word_1_486' title='bbox 645 3669 694 3704; x_wconf 85' lang='grc' dir='ltr'><strong>τι</strong></span> <span class='ocrx_word' id='word_1_487' title='bbox 725 3651 922 3720; x_wconf 86' lang='grc' dir='ltr'><em>λέγειν.</em></span> <span class='ocrx_word' id='word_1_488' title='bbox 967 3653 1386 3726; x_wconf 82' lang='grc' dir='ltr'><em>Ἐξιχνεύσαμεν</em></span> <span class='ocrx_word' id='word_1_489' title='bbox 1423 3656 1482 3709; x_wconf 84' lang='grc' dir='ltr'><em>δὲ</em></span> <span class='ocrx_word' id='word_1_490' title='bbox 1516 3658 1576 3710; x_wconf 78' lang='grc' dir='ltr'><em>τὸ</em></span> <span class='ocrx_word' id='word_1_491' title='bbox 1602 3659 1920 3730; x_wconf 83' lang='grc' dir='ltr'><em>γεγραμμέ-</em></span> 
     </span>
    </p>
   </div>
   <div class='ocr_carea' id='block_1_67' title="bbox 347 3741 1914 3817">
    <p class='ocr_par' dir='ltr' id='par_1_67' title="bbox 347 3741 1914 3817">
     <span class='ocr_line' id='line_1_67' title="bbox 347 3741 1914 3817; baseline 0.008 -25"><span class='ocrx_word' id='word_1_492' title='bbox 347 3759 431 3794; x_wconf 85' lang='grc' dir='ltr'><strong>νον</strong></span> <span class='ocrx_word' id='word_1_493' title='bbox 462 3741 523 3793; x_wconf 80' lang='grc' dir='ltr'><em>οὑ</em></span> <span class='ocrx_word' id='word_1_494' title='bbox 549 3743 1014 3814; x_wconf 78' lang='grc' dir='ltr'><em>καταφρονοῦντες</em></span> <span class='ocrx_word' id='word_1_495' title='bbox 1043 3743 1162 3812; x_wconf 89' lang='grc' dir='ltr'><em>τοῦ,</em></span> <span class='ocrx_word' id='word_1_496' title='bbox 1194 3746 1325 3801; x_wconf 86' lang='grc' dir='ltr'><em>Ὅτε</em></span> <span class='ocrx_word' id='word_1_497' title='bbox 1348 3747 1546 3817; x_wconf 74' lang='grc' dir='ltr'><em>λέγεις</em></span> <span class='ocrx_word' id='word_1_498' title='bbox 1569 3750 1700 3817; x_wconf 80' lang='grc' dir='ltr'><em>περὶ</em></span> <span class='ocrx_word' id='word_1_499' title='bbox 1745 3751 1914 3812; x_wconf 84' lang='grc' dir='ltr'><em>Θεοῦ.</em></span> 
     </span>
    </p>
   </div>
   <div class='ocr_carea' id='block_1_68' title="bbox 348 3830 1920 3907">
    <p class='ocr_par' dir='ltr' id='par_1_68' title="bbox 348 3830 1920 3907">
     <span class='ocr_line' id='line_1_68' title="bbox 348 3830 1920 3907; baseline 0.006 -25"><span class='ocrx_word' id='word_1_500' title='bbox 348 3830 517 3897; x_wconf 81' lang='grc' dir='ltr'><em>κρίνῃ</em></span> <span class='ocrx_word' id='word_1_501' title='bbox 545 3830 664 3884; x_wconf 81' lang='grc' dir='ltr'><strong>ὑπὸ</strong></span> <span class='ocrx_word' id='word_1_502' title='bbox 703 3833 870 3899; x_wconf 85' lang='grc' dir='ltr'><em>Θεοῦ,</em></span> <span class='ocrx_word' id='word_1_503' title='bbox 912 3834 1092 3898; x_wconf 83' lang='grc' dir='ltr'><em>καλῶς</em></span> <span class='ocrx_word' id='word_1_504' title='bbox 1148 3835 1460 3907; x_wconf 83' lang='grc' dir='ltr'><em>εἰρημένου.</em></span> <span class='ocrx_word' id='word_1_505' title='bbox 1509 3839 1618 3891; x_wconf 81' lang='grc' dir='ltr'><strong>Καὶ</strong></span> <span class='ocrx_word' id='word_1_506' title='bbox 1667 3839 1746 3902; x_wconf 79' lang='grc' dir='ltr'><em>τὸ,</em></span> <span class='ocrx_word' id='word_1_507' title='bbox 1781 3840 1920 3906; x_wconf 78' lang='grc' dir='ltr'><em>Περὶ</em></span> 
     </span>
    </p>
   </div>
   <div class='ocr_carea' id='block_1_69' title="bbox 349 3920 1916 3998">
    <p class='ocr_par' dir='ltr' id='par_1_69' title="bbox 349 3920 1916 3998">
     <span class='ocr_line' id='line_1_69' title="bbox 349 3920 1916 3998; baseline 0.007 -25"><span class='ocrx_word' id='word_1_508' title='bbox 349 3920 496 3974; x_wconf 83' lang='grc' dir='ltr'><em>Θεοῦ</em></span> <span class='ocrx_word' id='word_1_509' title='bbox 541 3920 640 3974; x_wconf 75' lang='grc' dir='ltr'><em>καὶ</em></span> <span class='ocrx_word' id='word_1_510' title='bbox 687 3922 919 3992; x_wconf 78' lang='grc' dir='ltr'><em>τάληθῆ</em></span> <span class='ocrx_word' id='word_1_511' title='bbox 979 3926 1201 3994; x_wconf 75' lang='grc' dir='ltr'><em>λέγειν,</em></span> <span class='ocrx_word' id='word_1_512' title='bbox 1244 3927 1528 3994; x_wconf 82' lang='grc' dir='ltr'><em>κίνδυνος</em></span> <span class='ocrx_word' id='word_1_513' title='bbox 1580 3932 1650 3982; x_wconf 82' lang='grc' dir='ltr'><em>οὐ</em></span> <span class='ocrx_word' id='word_1_514' title='bbox 1680 3933 1916 3998; x_wconf 80' lang='grc' dir='ltr'><em>μικρός.</em></span> 
     </span>
    </p>
   </div>
   <div class='ocr_carea' id='block_1_70' title="bbox 2018 3198 3594 3273">
    <p class='ocr_par' dir='ltr' id='par_1_70' title="bbox 2018 3198 3594 3273">
     <span class='ocr_line' id='line_1_70' title="bbox 2018 3198 3594 3273; baseline -0.003 -17"><span class='ocrx_word' id='word_1_515' title='bbox 2018 3203 2254 3273; x_wconf 86' lang='lat' dir='ltr'><strong>posteris</strong></span> <span class='ocrx_word' id='word_1_516' title='bbox 2289 3201 2623 3271; x_wconf 87' lang='lat' dir='ltr'><strong>relinquere,</strong></span> <span class='ocrx_word' id='word_1_517' title='bbox 2674 3199 2848 3254; x_wconf 89' lang='lat' dir='ltr'><strong>modis</strong></span> <span class='ocrx_word' id='word_1_518' title='bbox 2897 3199 3153 3253; x_wconf 89' lang='lat' dir='ltr'><strong>omnibus</strong></span> <span class='ocrx_word' id='word_1_519' title='bbox 3207 3207 3371 3267; x_wconf 87' lang='lat' dir='ltr'><strong>atque</strong></span> <span class='ocrx_word' id='word_1_520' title='bbox 3408 3198 3594 3252; x_wconf 87' lang='lat' dir='ltr'><strong>illece-</strong></span> 
     </span>
    </p>
   </div>
   <div class='ocr_carea' id='block_1_71' title="bbox 2017 3287 3598 3358">
    <p class='ocr_par' dir='ltr' id='par_1_71' title="bbox 2017 3287 3598 3358">
     <span class='ocr_line' id='line_1_71' title="bbox 2017 3287 3598 3358; baseline -0.001 -12"><span class='ocrx_word' id='word_1_521' title='bbox 2017 3293 2134 3347; x_wconf 85' lang='lat' dir='ltr'><strong>bris</strong></span> <span class='ocrx_word' id='word_1_522' title='bbox 2175 3291 2512 3355; x_wconf 86' lang='lat' dir='ltr'><strong>demulsisti,</strong></span> <span class='ocrx_word' id='word_1_523' title='bbox 2559 3298 2613 3346; x_wconf 88' lang='lat' dir='ltr'><strong>et</strong></span> <span class='ocrx_word' id='word_1_524' title='bbox 2657 3289 2723 3343; x_wconf 89' lang='lat' dir='ltr'><strong>ad</strong></span> <span class='ocrx_word' id='word_1_525' title='bbox 2769 3290 2872 3343; x_wconf 86' lang='lat' dir='ltr'><strong>hoc</strong></span> <span class='ocrx_word' id='word_1_526' title='bbox 2917 3288 3246 3358; x_wconf 87' lang='lat' dir='ltr'><strong>quibusdam</strong></span> <span class='ocrx_word' id='word_1_527' title='bbox 3293 3287 3598 3348; x_wconf 83' lang='lat' dir='ltr'><strong>divinitatis</strong></span> 
     </span>
    </p>
   </div>
   <div class='ocr_carea' id='block_1_72' title="bbox 2017 3376 3596 3451">
    <p class='ocr_par' dir='ltr' id='par_1_72' title="bbox 2017 3376 3596 3451">
     <span class='ocr_line' id='line_1_72' title="bbox 2017 3376 3596 3451; baseline -0.001 -17"><span class='ocrx_word' id='word_1_528' title='bbox 2017 3380 2498 3451; x_wconf 80' lang='lat' dir='ltr'><strong>progressionibus</strong></span> <span class='ocrx_word' id='word_1_529' title='bbox 2552 3377 2849 3432; x_wconf 84' lang='lat' dir='ltr'><strong>adduxisti.</strong></span> <span class='ocrx_word' id='word_1_530' title='bbox 2906 3376 2987 3430; x_wconf 90' lang='lat' dir='ltr'><strong>Tu</strong></span> <span class='ocrx_word' id='word_1_531' title='bbox 3043 3378 3207 3447; x_wconf 77' lang='lat' dir='ltr'><strong>igitur</strong></span> <span class='ocrx_word' id='word_1_532' title='bbox 3249 3378 3405 3433; x_wconf 90' lang='lat' dir='ltr'><strong>testis</strong></span> <span class='ocrx_word' id='word_1_533' title='bbox 3459 3377 3596 3432; x_wconf 86' lang='lat' dir='ltr'><strong>mihi</strong></span> 
     </span>
    </p>
   </div>
   <div class='ocr_carea' id='block_1_73' title="bbox 2018 3468 3598 3542">
    <p class='ocr_par' dir='ltr' id='par_1_73' title="bbox 2018 3468 3598 3542">
     <span class='ocr_line' id='line_1_73' title="bbox 2018 3468 3598 3542; baseline -0.001 -16"><span class='ocrx_word' id='word_1_534' title='bbox 2018 3473 2159 3542; x_wconf 88' lang='lat' dir='ltr'><strong>apud</strong></span> <span class='ocrx_word' id='word_1_535' title='bbox 2186 3472 2357 3529; x_wconf 89' lang='lat' dir='ltr'><strong>Deum</strong></span> <span class='ocrx_word' id='word_1_536' title='bbox 2386 3472 2519 3535; x_wconf 90' lang='lat' dir='ltr'><strong>eris,</strong></span> <span class='ocrx_word' id='word_1_537' title='bbox 2565 3478 2680 3528; x_wconf 90' lang='lat' dir='ltr'><strong>tum</strong></span> <span class='ocrx_word' id='word_1_538' title='bbox 2715 3485 2840 3525; x_wconf 93' lang='lat' dir='ltr'><strong>cum</strong></span> <span class='ocrx_word' id='word_1_539' title='bbox 2874 3469 2941 3525; x_wconf 88' lang='lat' dir='ltr'><strong>de</strong></span> <span class='ocrx_word' id='word_1_540' title='bbox 2973 3469 3087 3522; x_wconf 85' lang='lat' dir='ltr'><strong>vita</strong></span> <span class='ocrx_word' id='word_1_541' title='bbox 3131 3483 3248 3522; x_wconf 89' lang='lat' dir='ltr'><strong>mea</strong></span> <span class='ocrx_word' id='word_1_542' title='bbox 3282 3483 3344 3523; x_wconf 88' lang='lat' dir='ltr'><strong>ac</strong></span> <span class='ocrx_word' id='word_1_543' title='bbox 3375 3468 3598 3539; x_wconf 85' lang='lat' dir='ltr'><strong>scriptis</strong></span> 
     </span>
    </p>
   </div>
   <div class='ocr_carea' id='block_1_74' title="bbox 2017 3559 3598 3633">
    <p class='ocr_par' dir='ltr' id='par_1_74' title="bbox 2017 3559 3598 3633">
     <span class='ocr_line' id='line_1_74' title="bbox 2017 3559 3598 3633; baseline -0.002 -16"><span class='ocrx_word' id='word_1_544' title='bbox 2017 3563 2277 3633; x_wconf 83' lang='lat' dir='ltr'><strong>inquiret,</strong></span> <span class='ocrx_word' id='word_1_545' title='bbox 2312 3577 2552 3632; x_wconf 88' lang='lat' dir='ltr'><strong>quonam</strong></span> <span class='ocrx_word' id='word_1_546' title='bbox 2579 3561 2747 3616; x_wconf 88' lang='lat' dir='ltr'><strong>animi</strong></span> <span class='ocrx_word' id='word_1_547' title='bbox 2769 3561 3000 3616; x_wconf 86' lang='lat' dir='ltr'><strong>consilio</strong></span> <span class='ocrx_word' id='word_1_548' title='bbox 3028 3560 3100 3616; x_wconf 87' lang='lat' dir='ltr'><strong>sit</strong></span> <span class='ocrx_word' id='word_1_549' title='bbox 3131 3559 3262 3614; x_wconf 91' lang='lat' dir='ltr'><strong>illud</strong></span> <span class='ocrx_word' id='word_1_550' title='bbox 3286 3573 3315 3613; x_wconf 84' lang='lat' dir='ltr'><strong>a</strong></span> <span class='ocrx_word' id='word_1_551' title='bbox 3355 3576 3442 3614; x_wconf 90' lang='lat' dir='ltr'><strong>me</strong></span> <span class='ocrx_word' id='word_1_552' title='bbox 3468 3575 3598 3614; x_wconf 90' lang='lat' dir='ltr'><strong>sus-</strong></span> 
     </span>
    </p>
   </div>
   <div class='ocr_carea' id='block_1_75' title="bbox 2019 3651 3600 3723">
    <p class='ocr_par' dir='ltr' id='par_1_75' title="bbox 2019 3651 3600 3723">
     <span class='ocr_line' id='line_1_75' title="bbox 2019 3651 3600 3723; baseline -0.002 -14"><span class='ocrx_word' id='word_1_553' title='bbox 2019 3662 2261 3723; x_wconf 89' lang='lat' dir='ltr'><strong>ceptum.</strong></span> <span class='ocrx_word' id='word_1_554' title='bbox 2326 3653 2404 3707; x_wconf 84' lang='lat' dir='ltr'><strong>Ac</strong></span> <span class='ocrx_word' id='word_1_555' title='bbox 2439 3666 2830 3722; x_wconf 87' lang='lat' dir='ltr'><strong>nonnunquam</strong></span> <span class='ocrx_word' id='word_1_556' title='bbox 2870 3651 3092 3721; x_wconf 85' lang='lat' dir='ltr'><strong>quidem</strong></span> <span class='ocrx_word' id='word_1_557' title='bbox 3124 3651 3405 3705; x_wconf 83' lang='lat' dir='ltr'><strong>veritatem</strong></span> <span class='ocrx_word' id='word_1_558' title='bbox 3447 3665 3600 3706; x_wconf 87' lang='lat' dir='ltr'><strong>asse-</strong></span> 
     </span>
    </p>
   </div>
   <div class='ocr_carea' id='block_1_76' title="bbox 2026 3740 3598 3814">
    <p class='ocr_par' dir='ltr' id='par_1_76' title="bbox 2026 3740 3598 3814">
     <span class='ocr_line' id='line_1_76' title="bbox 2026 3740 3598 3814; baseline -0.001 -17"><span class='ocrx_word' id='word_1_559' title='bbox 2026 3744 2268 3814; x_wconf 89' lang='lat' dir='ltr'><strong>quimur,</strong></span> <span class='ocrx_word' id='word_1_560' title='bbox 2299 3757 2695 3812; x_wconf 85' lang='lat' dir='ltr'><strong>nonnunquam</strong></span> <span class='ocrx_word' id='word_1_561' title='bbox 2727 3750 2823 3795; x_wconf 86' lang='lat' dir='ltr'><strong>aut</strong></span> <span class='ocrx_word' id='word_1_562' title='bbox 2847 3741 3141 3795; x_wconf 84' lang='lat' dir='ltr'><strong>violentius</strong></span> <span class='ocrx_word' id='word_1_563' title='bbox 3165 3740 3598 3810; x_wconf 88' lang='lat' dir='ltr'><strong>perrumpimus,</strong></span> 
     </span>
    </p>
   </div>
   <div class='ocr_carea' id='block_1_77' title="bbox 2021 3831 3598 3904">
    <p class='ocr_par' dir='ltr' id='par_1_77' title="bbox 2021 3831 3598 3904">
     <span class='ocr_line' id='line_1_77' title="bbox 2021 3831 3598 3904; baseline -0.002 -17"><span class='ocrx_word' id='word_1_564' title='bbox 2021 3842 2116 3888; x_wconf 88' lang='lat' dir='ltr'><strong>aut</strong></span> <span class='ocrx_word' id='word_1_565' title='bbox 2149 3834 2334 3890; x_wconf 87' lang='lat' dir='ltr'><strong>dicere</strong></span> <span class='ocrx_word' id='word_1_566' title='bbox 2377 3835 2583 3904; x_wconf 92' lang='lat' dir='ltr'><strong>aliquid</strong></span> <span class='ocrx_word' id='word_1_567' title='bbox 2615 3834 2886 3889; x_wconf 88' lang='lat' dir='ltr'><strong>videmur.</strong></span> <span class='ocrx_word' id='word_1_568' title='bbox 2935 3831 3108 3886; x_wconf 89' lang='lat' dir='ltr'><strong>Porro</strong></span> <span class='ocrx_word' id='word_1_569' title='bbox 3137 3831 3282 3902; x_wconf 86' lang='lat' dir='ltr'><strong>quod</strong></span> <span class='ocrx_word' id='word_1_570' title='bbox 3333 3831 3598 3900; x_wconf 87' lang='lat' dir='ltr'><strong>scriptum</strong></span> 
     </span>
    </p>
   </div>
   <div class='ocr_carea' id='block_1_78' title="bbox 2019 3921 3600 3994">
    <p class='ocr_par' dir='ltr' id='par_1_78' title="bbox 2019 3921 3600 3994">
     <span class='ocr_line' id='line_1_78' title="bbox 2019 3921 3600 3994; baseline -0.003 -15"><span class='ocrx_word' id='word_1_571' title='bbox 2019 3931 2106 3981; x_wconf 88' lang='lat' dir='ltr'><strong>est</strong></span> <span class='ocrx_word' id='word_1_572' title='bbox 2134 3924 2542 3994; x_wconf 78' lang='lat' dir='ltr'><strong>vestigavimus,</strong></span> <span class='ocrx_word' id='word_1_573' title='bbox 2577 3939 2688 3979; x_wconf 90' lang='lat' dir='ltr'><strong>non</strong></span> <span class='ocrx_word' id='word_1_574' title='bbox 2729 3924 2803 3978; x_wconf 86' lang='lat' dir='ltr'><strong>ita</strong></span> <span class='ocrx_word' id='word_1_575' title='bbox 2843 3931 2902 3976; x_wconf 90' lang='lat' dir='ltr'><strong>ut</strong></span> <span class='ocrx_word' id='word_1_576' title='bbox 2931 3922 3192 3992; x_wconf 72' lang='lat' dir='ltr'><strong>praeclare</strong></span> <span class='ocrx_word' id='word_1_577' title='bbox 3225 3921 3357 3975; x_wconf 91' lang='lat' dir='ltr'><strong>illud</strong></span> <span class='ocrx_word' id='word_1_578' title='bbox 3389 3921 3600 3976; x_wconf 90' lang='lat' dir='ltr'><strong>dictum</strong></span> 
     </span>
    </p>
   </div>
   <div class='ocr_carea' id='block_1_79' title="bbox 361 4012 1912 4090">
    <p class='ocr_par' dir='ltr' id='par_1_79' title="bbox 361 4012 1912 4090">
     <span class='ocr_line' id='line_1_79' title="bbox 361 4012 1912 4090; baseline 0.008 -28"><span class='ocrx_word' id='word_1_579' title='bbox 361 4012 643 4082; x_wconf 82' lang='grc' dir='ltr'><em>Ἀξιοῦμεν</em></span> <span class='ocrx_word' id='word_1_580' title='bbox 705 4013 905 4078; x_wconf 90' lang='grc' dir='ltr'><em>τοίνυν,</em></span> <span class='ocrx_word' id='word_1_581' title='bbox 961 4017 1083 4068; x_wconf 76' lang='grc' dir='ltr'><em>ἐπεὶ</em></span> <span class='ocrx_word' id='word_1_582' title='bbox 1135 4017 1301 4088; x_wconf 84' lang='grc' dir='ltr'><em>μηδὲν</em></span> <span class='ocrx_word' id='word_1_583' title='bbox 1365 4021 1536 4090; x_wconf 77' lang='grc' dir='ltr'><em>χωρὶς</em></span> <span class='ocrx_word' id='word_1_584' title='bbox 1577 4021 1712 4074; x_wconf 81' lang='grc' dir='ltr'><em>Θεοῦ</em></span> <span class='ocrx_word' id='word_1_585' title='bbox 1757 4021 1912 4076; x_wconf 76' lang='grc' dir='ltr'><em>καλὸν</em></span> 
     </span>
    </p>
   </div>
   <div class='ocr_carea' id='block_1_80' title="bbox 2015 4012 3601 4090">
    <p class='ocr_par' dir='ltr' id='par_1_80' title="bbox 2022 4012 3601 4082">
     <span class='ocr_line' id='line_1_80' title="bbox 2022 4012 3601 4082; baseline -0.003 -13"><span class='ocrx_word' id='word_1_586' title='bbox 2022 4023 2495 4071; x_wconf 86' lang='lat' dir='ltr'><strong>contemneremus</strong></span> <span class='ocrx_word' id='word_1_587' title='bbox 2527 4034 2540 4068; x_wconf 93' lang='lat'><strong>:</strong></span> <span class='ocrx_word' id='word_1_588' title='bbox 2573 4015 2703 4069; x_wconf 85' lang='lat' dir='ltr'><strong>Cum</strong></span> <span class='ocrx_word' id='word_1_589' title='bbox 2743 4014 2806 4068; x_wconf 87' lang='lat' dir='ltr'><strong>de</strong></span> <span class='ocrx_word' id='word_1_590' title='bbox 2842 4013 2952 4068; x_wconf 90' lang='lat' dir='ltr'><strong>Deo</strong></span> <span class='ocrx_word' id='word_1_591' title='bbox 2987 4013 3144 4078; x_wconf 86' lang='lat' dir='ltr'><strong>dicis,</strong></span> <span class='ocrx_word' id='word_1_592' title='bbox 3187 4031 3219 4067; x_wconf 89' lang='lat' dir='ltr'><strong>a</strong></span> <span class='ocrx_word' id='word_1_593' title='bbox 3262 4012 3601 4082; x_wconf 80' lang='lat' dir='ltr'><strong>Deojudica-</strong></span> 
     </span>
    </p>
   </div>
   <div class='ocr_carea' id='block_1_81' title="bbox 349 4099 1912 4181">
    <p class='ocr_par' dir='ltr' id='par_1_81' title="bbox 349 4099 1912 4181">
     <span class='ocr_line' id='line_1_81' title="bbox 349 4099 1912 4181; baseline 0.007 -26"><span class='ocrx_word' id='word_1_594' title='bbox 349 4099 489 4157; x_wconf 84' lang='grc' dir='ltr'><em>εἶναι</em></span> <span class='ocrx_word' id='word_1_595' title='bbox 517 4103 760 4170; x_wconf 82' lang='grc' dir='ltr'><em>δύναται,</em></span> <span class='ocrx_word' id='word_1_596' title='bbox 793 4107 887 4158; x_wconf 77' lang='grc' dir='ltr'><em>καὶ</em></span> <span class='ocrx_word' id='word_1_597' title='bbox 923 4107 1155 4176; x_wconf 76' lang='grc' dir='ltr'><em>μάλιστα</em></span> <span class='ocrx_word' id='word_1_598' title='bbox 1186 4110 1369 4180; x_wconf 87' lang='grc' dir='ltr'><em>νόησις</em></span> <span class='ocrx_word' id='word_1_599' title='bbox 1402 4111 1632 4181; x_wconf 74' lang='grc' dir='ltr'><em>Γραφῶν</em></span> <span class='ocrx_word' id='word_1_600' title='bbox 1672 4112 1912 4166; x_wconf 67' lang='lat' dir='ltr'><strong>0501:sz-</strong></span> 
     </span>
    </p>
   </div>
   <div class='ocr_carea' id='block_1_82' title="bbox 2015 4099 3600 4181">
    <p class='ocr_par' dir='ltr' id='par_1_82' title="bbox 2022 4105 3600 4170">
     <span class='ocr_line' id='line_1_82' title="bbox 2022 4105 3600 4170; baseline -0.001 -11"><span class='ocrx_word' id='word_1_601' title='bbox 2022 4107 2118 4160; x_wconf 88' lang='lat' dir='ltr'><strong>ris.</strong></span> <span class='ocrx_word' id='word_1_602' title='bbox 2150 4107 2276 4160; x_wconf 86' lang='lat' dir='ltr'><strong>Item</strong></span> <span class='ocrx_word' id='word_1_603' title='bbox 2310 4105 2440 4162; x_wconf 88' lang='lat' dir='ltr'><strong>illud</strong></span> <span class='ocrx_word' id='word_1_604' title='bbox 2472 4124 2484 4159; x_wconf 89' lang='lat'><strong>:</strong></span> <span class='ocrx_word' id='word_1_605' title='bbox 2517 4105 2595 4160; x_wconf 84' lang='lat' dir='ltr'><strong><em>De</em></strong></span> <span class='ocrx_word' id='word_1_606' title='bbox 2625 4107 2731 4160; x_wconf 85' lang='lat' dir='ltr'><strong>Deo</strong></span> <span class='ocrx_word' id='word_1_607' title='bbox 2763 4107 2921 4159; x_wconf 90' lang='lat' dir='ltr'><strong>etiam</strong></span> <span class='ocrx_word' id='word_1_608' title='bbox 2959 4123 3079 4160; x_wconf 79' lang='lat' dir='ltr'><strong>vera</strong></span> <span class='ocrx_word' id='word_1_609' title='bbox 3113 4106 3304 4170; x_wconf 86' lang='lat' dir='ltr'><strong>dicere,</strong></span> <span class='ocrx_word' id='word_1_610' title='bbox 3361 4122 3464 4159; x_wconf 82' lang='lat' dir='ltr'><strong>non</strong></span> <span class='ocrx_word' id='word_1_611' title='bbox 3495 4120 3600 4158; x_wconf 87' lang='lat' dir='ltr'><strong>me-</strong></span> 
     </span>
    </p>
   </div>
   <div class='ocr_carea' id='block_1_83' title="bbox 351 4195 1912 4273">
    <p class='ocr_par' dir='ltr' id='par_1_83' title="bbox 351 4195 1912 4273">
     <span class='ocr_line' id='line_1_83' title="bbox 351 4195 1912 4273; baseline 0.006 -27"><span class='ocrx_word' id='word_1_612' title='bbox 351 4211 512 4257; x_wconf 78' lang='grc' dir='ltr'><em>στων,</em></span> <span class='ocrx_word' id='word_1_613' title='bbox 546 4197 716 4257; x_wconf 82' lang='grc' dir='ltr'><em>ὅπως,</em></span> <span class='ocrx_word' id='word_1_614' title='bbox 751 4195 828 4267; x_wconf 81' lang='grc' dir='ltr'><em>τῷ</em></span> <span class='ocrx_word' id='word_1_615' title='bbox 865 4198 1040 4270; x_wconf 79' lang='grc' dir='ltr'><em>Πατρὶ</em></span> <span class='ocrx_word' id='word_1_616' title='bbox 1070 4199 1179 4253; x_wconf 84' lang='grc' dir='ltr'><em>τῶν</em></span> <span class='ocrx_word' id='word_1_617' title='bbox 1210 4201 1346 4254; x_wconf 85' lang='grc' dir='ltr'><em>ὅλων</em></span> <span class='ocrx_word' id='word_1_618' title='bbox 1393 4202 1511 4273; x_wconf 85' lang='grc' dir='ltr'><strong>Θεῷ</strong></span> <span class='ocrx_word' id='word_1_619' title='bbox 1549 4203 1637 4256; x_wconf 74' lang='grc' dir='ltr'><em>διὰ</em></span> <span class='ocrx_word' id='word_1_620' title='bbox 1681 4205 1774 4256; x_wconf 89' lang='grc' dir='ltr'><strong>τοῦ</strong></span> <span class='ocrx_word' id='word_1_621' title='bbox 1808 4206 1912 4260; x_wconf 85' lang='grc' dir='ltr'><strong>Σω·</strong></span> 
     </span>
    </p>
   </div>
   <div class='ocr_carea' id='block_1_84' title="bbox 2015 4195 3603 4273">
    <p class='ocr_par' dir='ltr' id='par_1_84' title="bbox 2024 4196 3603 4264">
     <span class='ocr_line' id='line_1_84' title="bbox 2024 4196 3603 4264; baseline 0.001 -16"><span class='ocrx_word' id='word_1_622' title='bbox 2024 4197 2200 4250; x_wconf 86' lang='lat' dir='ltr'><strong>diocre</strong></span> <span class='ocrx_word' id='word_1_623' title='bbox 2238 4197 2527 4264; x_wconf 85' lang='lat' dir='ltr'><strong>periculum</strong></span> <span class='ocrx_word' id='word_1_624' title='bbox 2575 4207 2673 4251; x_wconf 86' lang='lat' dir='ltr'><strong>est.</strong></span> <span class='ocrx_word' id='word_1_625' title='bbox 2734 4196 3098 4261; x_wconf 87' lang='lat' dir='ltr'><strong>Quamobrem</strong></span> <span class='ocrx_word' id='word_1_626' title='bbox 3133 4212 3257 4251; x_wconf 92' lang='lat' dir='ltr'><strong>cum</strong></span> <span class='ocrx_word' id='word_1_627' title='bbox 3298 4196 3434 4250; x_wconf 89' lang='lat' dir='ltr'><strong>nihil</strong></span> <span class='ocrx_word' id='word_1_628' title='bbox 3484 4196 3603 4251; x_wconf 90' lang='lat' dir='ltr'><strong>sine</strong></span> 
     </span>
    </p>
   </div>
   <div class='ocr_carea' id='block_1_85' title="bbox 349 4285 1912 4364">
    <p class='ocr_par' dir='ltr' id='par_1_85' title="bbox 349 4285 1912 4364">
     <span class='ocr_line' id='line_1_85' title="bbox 349 4285 1912 4364; baseline 0.006 -28"><span class='ocrx_word' id='word_1_629' title='bbox 349 4285 513 4355; x_wconf 85' lang='grc' dir='ltr'><em>τῆρος</em></span> <span class='ocrx_word' id='word_1_630' title='bbox 547 4286 704 4357; x_wconf 80' lang='grc' dir='ltr'><em>ἡμῶν</em></span> <span class='ocrx_word' id='word_1_631' title='bbox 734 4288 827 4339; x_wconf 70' lang='grc' dir='ltr'><em>καὶ</em></span> <span class='ocrx_word' id='word_1_632' title='bbox 858 4289 1182 4362; x_wconf 76' lang='grc' dir='ltr'><em>ἀρχιερέως,</em></span> <span class='ocrx_word' id='word_1_633' title='bbox 1231 4291 1493 4362; x_wconf 81' lang='grc' dir='ltr'><em>γεννητοῦ</em></span> <span class='ocrx_word' id='word_1_634' title='bbox 1537 4292 1672 4346; x_wconf 85' lang='grc' dir='ltr'><em>Θεοῦ</em></span> <span class='ocrx_word' id='word_1_635' title='bbox 1708 4293 1912 4364; x_wconf 85' lang='grc' dir='ltr'><em>προσιέ-</em></span> 
     </span>
    </p>
   </div>
   <div class='ocr_carea' id='block_1_86' title="bbox 2015 4285 3601 4364">
    <p class='ocr_par' dir='ltr' id='par_1_86' title="bbox 2028 4287 3601 4358">
     <span class='ocr_line' id='line_1_86' title="bbox 2028 4287 3601 4358; baseline -0.002 -16"><span class='ocrx_word' id='word_1_636' title='bbox 2028 4287 2140 4343; x_wconf 91' lang='lat' dir='ltr'><strong>Deo</strong></span> <span class='ocrx_word' id='word_1_637' title='bbox 2195 4304 2318 4344; x_wconf 87' lang='lat' dir='ltr'><strong>esse</strong></span> <span class='ocrx_word' id='word_1_638' title='bbox 2356 4289 2527 4358; x_wconf 86' lang='lat' dir='ltr'><strong>possit</strong></span> <span class='ocrx_word' id='word_1_639' title='bbox 2577 4289 2877 4358; x_wconf 80' lang='lat' dir='ltr'><strong>egregium,</strong></span> <span class='ocrx_word' id='word_1_640' title='bbox 2939 4287 3352 4357; x_wconf 65' lang='lat' dir='ltr'><strong>praesertimque</strong></span> <span class='ocrx_word' id='word_1_641' title='bbox 3390 4287 3601 4342; x_wconf 86' lang='lat' dir='ltr'><strong>divina-</strong></span> 
     </span>
    </p>
   </div>
   <div class='ocr_carea' id='block_1_87' title="bbox 349 4374 1912 4480">
    <p class='ocr_par' dir='ltr' id='par_1_87' title="bbox 349 4375 1912 4448">
     <span class='ocr_line' id='line_1_87' title="bbox 349 4375 1912 4448; baseline 0.003 -22"><span class='ocrx_word' id='word_1_642' title='bbox 349 4391 454 4438; x_wconf 84' lang='grc' dir='ltr'><em>ναι,</em></span> <span class='ocrx_word' id='word_1_643' title='bbox 509 4375 751 4446; x_wconf 80' lang='grc' dir='ltr'><em>αἰτήσεις</em></span> <span class='ocrx_word' id='word_1_644' title='bbox 792 4375 1007 4446; x_wconf 73' lang='grc' dir='ltr'><em>δοθῆναι</em></span> <span class='ocrx_word' id='word_1_645' title='bbox 1046 4378 1177 4448; x_wconf 80' lang='grc' dir='ltr'><em>ἡμῖν</em></span> <span class='ocrx_word' id='word_1_646' title='bbox 1226 4377 1441 4448; x_wconf 84' lang='grc' dir='ltr'><em>πρῶτον</em></span> <span class='ocrx_word' id='word_1_647' title='bbox 1497 4377 1678 4442; x_wconf 84' lang='grc' dir='ltr'><em>καλῶς</em></span> <span class='ocrx_word' id='word_1_648' title='bbox 1717 4378 1912 4448; x_wconf 79' lang='grc' dir='ltr'><em>ζητεῖν.</em></span> 
     </span>
    </p>
   </div>
   <div class='ocr_carea' id='block_1_88' title="bbox 2015 4374 3600 4480">
    <p class='ocr_par' dir='ltr' id='par_1_88' title="bbox 2027 4374 3600 4446">
     <span class='ocr_line' id='line_1_88' title="bbox 2027 4374 3600 4446; baseline -0.003 -15"><span class='ocrx_word' id='word_1_649' title='bbox 2027 4393 2149 4432; x_wconf 90' lang='lat' dir='ltr'><strong>rum</strong></span> <span class='ocrx_word' id='word_1_650' title='bbox 2185 4376 2512 4432; x_wconf 85' lang='lat' dir='ltr'><strong>Litterarum</strong></span> <span class='ocrx_word' id='word_1_651' title='bbox 2560 4375 2948 4446; x_wconf 73' lang='lat' dir='ltr'><strong>intelligentia;</strong></span> <span class='ocrx_word' id='word_1_652' title='bbox 2994 4375 3090 4428; x_wconf 79' lang='lat' dir='ltr'><strong>abs</strong></span> <span class='ocrx_word' id='word_1_653' title='bbox 3126 4382 3178 4428; x_wconf 90' lang='lat' dir='ltr'><strong>te</strong></span> <span class='ocrx_word' id='word_1_654' title='bbox 3228 4374 3391 4427; x_wconf 87' lang='lat' dir='ltr'><strong>etiam</strong></span> <span class='ocrx_word' id='word_1_655' title='bbox 3433 4380 3600 4441; x_wconf 87' lang='lat' dir='ltr'><strong>atque</strong></span> 
     </span>
    </p>
   </div>
   <div class='ocr_carea' id='block_1_89' title="bbox 361 4462 1912 4542">
    <p class='ocr_par' dir='ltr' id='par_1_89' title="bbox 361 4462 1912 4542">
     <span class='ocr_line' id='line_1_89' title="bbox 361 4462 1912 4542; baseline 0.002 -24"><span class='ocrx_word' id='word_1_656' title='bbox 361 4462 666 4518; x_wconf 84' lang='grc' dir='ltr'><em>Ἐπίκειται</em></span> <span class='ocrx_word' id='word_1_657' title='bbox 713 4464 822 4536; x_wconf 85' lang='grc' dir='ltr'><em>γὰρ</em></span> <span class='ocrx_word' id='word_1_658' title='bbox 855 4469 966 4531; x_wconf 88' lang='grc' dir='ltr'><em>τοῖς</em></span> <span class='ocrx_word' id='word_1_659' title='bbox 1018 4467 1270 4538; x_wconf 82' lang='grc' dir='ltr'><em>ζητοῦσιν</em></span> <span class='ocrx_word' id='word_1_660' title='bbox 1298 4470 1601 4538; x_wconf 77' lang='grc' dir='ltr'><em>ἐπαγγελία</em></span> <span class='ocrx_word' id='word_1_661' title='bbox 1647 4470 1740 4523; x_wconf 85' lang='grc' dir='ltr'><strong>τοῦ</strong></span> <span class='ocrx_word' id='word_1_662' title='bbox 1779 4470 1912 4542; x_wconf 84' lang='grc' dir='ltr'><em>εὑρί-</em></span> 
     </span>
    </p>
   </div>
   <div class='ocr_carea' id='block_1_90' title="bbox 2015 4462 3601 4542">
    <p class='ocr_par' dir='ltr' id='par_1_90' title="bbox 2030 4464 3601 4539">
     <span class='ocr_line' id='line_1_90' title="bbox 2030 4464 3601 4539; baseline -0.006 -14"><span class='ocrx_word' id='word_1_663' title='bbox 2030 4469 2196 4525; x_wconf 87' lang='lat' dir='ltr'><strong>etiam</strong></span> <span class='ocrx_word' id='word_1_664' title='bbox 2248 4469 2504 4539; x_wconf 89' lang='lat' dir='ltr'><strong>petimus,</strong></span> <span class='ocrx_word' id='word_1_665' title='bbox 2550 4476 2611 4522; x_wconf 86' lang='lat' dir='ltr'><strong>ut</strong></span> <span class='ocrx_word' id='word_1_666' title='bbox 2657 4465 2938 4536; x_wconf 72' lang='lat' dir='ltr'><strong>parentem</strong></span> <span class='ocrx_word' id='word_1_667' title='bbox 2989 4466 3232 4520; x_wconf 89' lang='lat' dir='ltr'><strong>omnium</strong></span> <span class='ocrx_word' id='word_1_668' title='bbox 3282 4464 3448 4519; x_wconf 89' lang='lat' dir='ltr'><strong>Deum</strong></span> <span class='ocrx_word' id='word_1_669' title='bbox 3507 4479 3601 4533; x_wconf 90' lang='lat' dir='ltr'><strong>per</strong></span> 
     </span>
    </p>
   </div>
   <div class='ocr_carea' id='block_1_91' title="bbox 352 4557 1924 4631">
    <p class='ocr_par' dir='ltr' id='par_1_91' title="bbox 352 4557 1924 4631">
     <span class='ocr_line' id='line_1_91' title="bbox 352 4557 1924 4631; baseline 0.003 -23"><span class='ocrx_word' id='word_1_670' title='bbox 352 4573 501 4610; x_wconf 86' lang='grc' dir='ltr'><em>σκειν</em></span> <span class='ocrx_word' id='word_1_671' title='bbox 526 4573 538 4585; x_wconf 90' lang='grc'><strong>·</strong></span> <span class='ocrx_word' id='word_1_672' title='bbox 577 4557 718 4627; x_wconf 84' lang='grc' dir='ltr'><em>τάχα</em></span> <span class='ocrx_word' id='word_1_673' title='bbox 754 4557 874 4610; x_wconf 84' lang='grc' dir='ltr'><em>οὐδὲ</em></span> <span class='ocrx_word' id='word_1_674' title='bbox 910 4557 1006 4629; x_wconf 81' lang='grc' dir='ltr'><em>τὴν</em></span> <span class='ocrx_word' id='word_1_675' title='bbox 1052 4560 1226 4630; x_wconf 80' lang='grc' dir='ltr'><em>ἀρχὴν</em></span> <span class='ocrx_word' id='word_1_676' title='bbox 1261 4562 1341 4623; x_wconf 87' lang='grc' dir='ltr'><strong>εἰς</strong></span> <span class='ocrx_word' id='word_1_677' title='bbox 1385 4560 1682 4631; x_wconf 76' lang='grc' dir='ltr'><em>ζητοῦντας</em></span> <span class='ocrx_word' id='word_1_678' title='bbox 1712 4560 1924 4628; x_wconf 79' lang='grc' dir='ltr'><em>λογιζο-</em></span> 
     </span>
    </p>
   </div>
   <div class='ocr_carea' id='block_1_92' title="bbox 357 4648 1920 4724">
    <p class='ocr_par' dir='ltr' id='par_1_92' title="bbox 357 4648 1920 4724">
     <span class='ocr_line' id='line_1_92' title="bbox 357 4648 1920 4724; baseline 0.004 -22"><span class='ocrx_word' id='word_1_679' title='bbox 357 4649 533 4720; x_wconf 89' lang='grc' dir='ltr'><em>μένων</em></span> <span class='ocrx_word' id='word_1_680' title='bbox 567 4648 719 4719; x_wconf 81' lang='grc' dir='ltr'><em>παρὰ</em></span> <span class='ocrx_word' id='word_1_681' title='bbox 737 4648 856 4718; x_wconf 82' lang='grc' dir='ltr'><strong>Θεῷ</strong></span> <span class='ocrx_word' id='word_1_682' title='bbox 887 4650 997 4702; x_wconf 83' lang='grc' dir='ltr'><em>τῶν</em></span> <span class='ocrx_word' id='word_1_683' title='bbox 1025 4651 1124 4721; x_wconf 80' lang='grc' dir='ltr'><strong>οὐχ</strong></span> <span class='ocrx_word' id='word_1_684' title='bbox 1157 4651 1262 4722; x_wconf 83' lang='grc' dir='ltr'><strong>ὁδῷ</strong></span> <span class='ocrx_word' id='word_1_685' title='bbox 1295 4653 1386 4705; x_wconf 76' lang='grc' dir='ltr'><strong>ἐπὶ</strong></span> <span class='ocrx_word' id='word_1_686' title='bbox 1415 4652 1574 4706; x_wconf 90' lang='grc' dir='ltr'><em>τοῦτο</em></span> <span class='ocrx_word' id='word_1_687' title='bbox 1604 4653 1920 4724; x_wconf 86' lang='grc' dir='ltr'><em>προϊόντων.</em></span> 
     </span>
    </p>
   </div>
   <div class='ocr_carea' id='block_1_93' title="bbox 353 4733 1282 4810">
    <p class='ocr_par' dir='ltr' id='par_1_93' title="bbox 353 4733 1282 4810">
     <span class='ocr_line' id='line_1_93' title="bbox 353 4733 1282 4810; baseline 0.003 -17"><span class='ocrx_word' id='word_1_688' title='bbox 353 4741 506 4804; x_wconf 85' lang='grc' dir='ltr'><em>Ἕως</em></span> <span class='ocrx_word' id='word_1_689' title='bbox 529 4733 644 4792; x_wconf 86' lang='grc' dir='ltr'><em>ὧδε</em></span> <span class='ocrx_word' id='word_1_690' title='bbox 683 4738 754 4792; x_wconf 83' lang='grc' dir='ltr'><em>τὰ</em></span> <span class='ocrx_word' id='word_1_691' title='bbox 776 4741 892 4794; x_wconf 83' lang='grc' dir='ltr'><em>ἀπὸ</em></span> <span class='ocrx_word' id='word_1_692' title='bbox 926 4740 1282 4810; x_wconf 79' lang='grc' dir='ltr'><em>Ὠριγένους.</em></span> 
     </span>
    </p>
   </div>
   <div class='ocr_carea' id='block_1_94' title="bbox 2035 4555 3600 4628">
    <p class='ocr_par' dir='ltr' id='par_1_94' title="bbox 2035 4555 3600 4628">
     <span class='ocr_line' id='line_1_94' title="bbox 2035 4555 3600 4628; baseline -0.005 -13"><span class='ocrx_word' id='word_1_693' title='bbox 2035 4560 2370 4615; x_wconf 88' lang='lat' dir='ltr'><strong>Salvatorem</strong></span> <span class='ocrx_word' id='word_1_694' title='bbox 2399 4567 2647 4614; x_wconf 88' lang='lat' dir='ltr'><strong>nostrum</strong></span> <span class='ocrx_word' id='word_1_695' title='bbox 2681 4573 2745 4612; x_wconf 88' lang='lat' dir='ltr'><strong>ac</strong></span> <span class='ocrx_word' id='word_1_696' title='bbox 2783 4557 3116 4628; x_wconf 71' lang='lat' dir='ltr'><strong>pontificem,</strong></span> <span class='ocrx_word' id='word_1_697' title='bbox 3157 4558 3398 4628; x_wconf 76' lang='lat' dir='ltr'><strong>genitura</strong></span> <span class='ocrx_word' id='word_1_698' title='bbox 3432 4555 3600 4610; x_wconf 77' lang='lat' dir='ltr'><strong>Deum</strong></span> 
     </span>
    </p>
   </div>
   <div class='ocr_carea' id='block_1_95' title="bbox 2029 4649 3600 4720">
    <p class='ocr_par' dir='ltr' id='par_1_95' title="bbox 2029 4649 3600 4720">
     <span class='ocr_line' id='line_1_95' title="bbox 2029 4649 3600 4720; baseline -0.006 -12"><span class='ocrx_word' id='word_1_699' title='bbox 2029 4654 2322 4710; x_wconf 88' lang='lat' dir='ltr'><strong>obsecrare</strong></span> <span class='ocrx_word' id='word_1_700' title='bbox 2362 4652 2520 4713; x_wconf 88' lang='lat' dir='ltr'><strong>velis,</strong></span> <span class='ocrx_word' id='word_1_701' title='bbox 2556 4651 2720 4720; x_wconf 87' lang='lat' dir='ltr'><strong>idque</strong></span> <span class='ocrx_word' id='word_1_702' title='bbox 2769 4651 2837 4702; x_wconf 87' lang='lat' dir='ltr'><strong>ab</strong></span> <span class='ocrx_word' id='word_1_703' title='bbox 2869 4664 2936 4704; x_wconf 90' lang='lat' dir='ltr'><strong>eo</strong></span> <span class='ocrx_word' id='word_1_704' title='bbox 2977 4649 3134 4704; x_wconf 89' lang='lat' dir='ltr'><strong>nobis</strong></span> <span class='ocrx_word' id='word_1_705' title='bbox 3180 4651 3495 4718; x_wconf 88' lang='lat' dir='ltr'><strong>impetrare,</strong></span> <span class='ocrx_word' id='word_1_706' title='bbox 3543 4653 3600 4700; x_wconf 87' lang='lat' dir='ltr'><strong>ut</strong></span> 
     </span>
    </p>
   </div>
   <div class='ocr_carea' id='block_1_96' title="bbox 2028 4739 3602 4814">
    <p class='ocr_par' dir='ltr' id='par_1_96' title="bbox 2028 4739 3602 4814">
     <span class='ocr_line' id='line_1_96' title="bbox 2028 4739 3602 4814; baseline -0.002 -16"><span class='ocrx_word' id='word_1_707' title='bbox 2028 4743 2301 4814; x_wconf 89' lang='lat' dir='ltr'><strong>imprimis</strong></span> <span class='ocrx_word' id='word_1_708' title='bbox 2364 4751 2514 4797; x_wconf 89' lang='lat' dir='ltr'><strong>recte</strong></span> <span class='ocrx_word' id='word_1_709' title='bbox 2573 4757 2818 4811; x_wconf 61' lang='lat' dir='ltr'><strong>quaerere</strong></span> <span class='ocrx_word' id='word_1_710' title='bbox 2868 4740 3160 4811; x_wconf 86' lang='lat' dir='ltr'><strong>possimus.</strong></span> <span class='ocrx_word' id='word_1_711' title='bbox 3224 4739 3602 4805; x_wconf 67' lang='lat' dir='ltr'><strong>Quaerentibus</strong></span> 
     </span>
    </p>
   </div>
   <div class='ocr_carea' id='block_1_97' title="bbox 354 4832 3602 4906">
    <p class='ocr_par' dir='ltr' id='par_1_97' title="bbox 354 4832 3602 4906">
     <span class='ocr_line' id='line_1_97' title="bbox 354 4832 3602 4906; baseline -0 -20"><span class='ocrx_word' id='word_1_712' title='bbox 354 4833 497 4886; x_wconf 88' lang='lat' dir='ltr'><strong>enim</strong></span> <span class='ocrx_word' id='word_1_713' title='bbox 534 4835 814 4902; x_wconf 84' lang='lat' dir='ltr'><strong>proposita</strong></span> <span class='ocrx_word' id='word_1_714' title='bbox 848 4844 932 4888; x_wconf 91' lang='lat' dir='ltr'><strong>est</strong></span> <span class='ocrx_word' id='word_1_715' title='bbox 973 4837 1296 4905; x_wconf 87' lang='lat' dir='ltr'><strong>assequendi</strong></span> <span class='ocrx_word' id='word_1_716' title='bbox 1343 4837 1658 4906; x_wconf 80' lang='lat' dir='ltr'><strong>promissio.</strong></span> <span class='ocrx_word' id='word_1_717' title='bbox 1708 4837 1784 4890; x_wconf 87' lang='lat' dir='ltr'><strong>Ac</strong></span> <span class='ocrx_word' id='word_1_718' title='bbox 1829 4837 2020 4892; x_wconf 88' lang='lat' dir='ltr'><strong>nescio</strong></span> <span class='ocrx_word' id='word_1_719' title='bbox 2050 4851 2119 4890; x_wconf 89' lang='lat' dir='ltr'><strong>an</strong></span> <span class='ocrx_word' id='word_1_720' title='bbox 2148 4835 2242 4906; x_wconf 91' lang='lat' dir='ltr'><strong>qui</strong></span> <span class='ocrx_word' id='word_1_721' title='bbox 2273 4834 2341 4889; x_wconf 90' lang='lat' dir='ltr'><strong>ad</strong></span> <span class='ocrx_word' id='word_1_722' title='bbox 2394 4834 2526 4888; x_wconf 90' lang='lat' dir='ltr'><strong>illud</strong></span> <span class='ocrx_word' id='word_1_723' title='bbox 2580 4835 2668 4888; x_wconf 87' lang='lat' dir='ltr'><strong>via</strong></span> <span class='ocrx_word' id='word_1_724' title='bbox 2723 4848 2788 4887; x_wconf 90' lang='lat' dir='ltr'><strong>ac</strong></span> <span class='ocrx_word' id='word_1_725' title='bbox 2832 4834 3044 4887; x_wconf 90' lang='lat' dir='ltr'><strong>ratione</strong></span> <span class='ocrx_word' id='word_1_726' title='bbox 3103 4832 3329 4886; x_wconf 90' lang='lat' dir='ltr'><strong>minime</strong></span> <span class='ocrx_word' id='word_1_727' title='bbox 3367 4843 3602 4886; x_wconf 85' lang='lat' dir='ltr'><strong>conten-</strong></span> 
     </span>
    </p>
   </div>
   <div class='ocr_carea' id='block_1_98' title="bbox 355 4924 2937 4997">
    <p class='ocr_par' dir='ltr' id='par_1_98' title="bbox 355 4924 2937 4997">
     <span class='ocr_line' id='line_1_98' title="bbox 355 4924 2937 4997; baseline -0.001 -19"><span class='ocrx_word' id='word_1_728' title='bbox 355 4925 512 4987; x_wconf 86' lang='lat' dir='ltr'><strong>dunt,</strong></span> <span class='ocrx_word' id='word_1_729' title='bbox 553 4925 696 4978; x_wconf 90' lang='lat' dir='ltr'><strong>inter</strong></span> <span class='ocrx_word' id='word_1_730' title='bbox 735 4941 831 4980; x_wconf 88' lang='lat' dir='ltr'><strong>eos</strong></span> <span class='ocrx_word' id='word_1_731' title='bbox 861 4927 952 4996; x_wconf 90' lang='lat' dir='ltr'><strong>qui</strong></span> <span class='ocrx_word' id='word_1_732' title='bbox 992 4937 1243 4995; x_wconf 65' lang='lat' dir='ltr'><strong>quatrunt</strong></span> <span class='ocrx_word' id='word_1_733' title='bbox 1283 4929 1426 4997; x_wconf 89' lang='lat' dir='ltr'><strong>apud</strong></span> <span class='ocrx_word' id='word_1_734' title='bbox 1459 4925 1626 4982; x_wconf 88' lang='lat' dir='ltr'><strong>Deum</strong></span> <span class='ocrx_word' id='word_1_735' title='bbox 1677 4944 1785 4982; x_wconf 92' lang='lat' dir='ltr'><strong>non</strong></span> <span class='ocrx_word' id='word_1_736' title='bbox 1828 4929 2152 4984; x_wconf 86' lang='lat' dir='ltr'><strong>habeantur.</strong></span> <span class='ocrx_word' id='word_1_737' title='bbox 2185 4925 2453 4981; x_wconf 82' lang='lat' dir='ltr'><strong>Hactenus</strong></span> <span class='ocrx_word' id='word_1_738' title='bbox 2489 4924 2730 4995; x_wconf 82' lang='lat' dir='ltr'><strong>Origenis</strong></span> <span class='ocrx_word' id='word_1_739' title='bbox 2763 4925 2937 4977; x_wconf 79' lang='lat' dir='ltr'><strong>verba.</strong></span> 
     </span>
    </p>
   </div>
   <div class='ocr_carea' id='block_1_99' title="bbox 425 5015 1917 5092">
    <p class='ocr_par' dir='ltr' id='par_1_99' title="bbox 425 5015 1917 5092">
     <span class='ocr_line' id='line_1_99' title="bbox 425 5015 1917 5092; baseline 0.001 -22"><span class='ocrx_word' id='word_1_740' title='bbox 425 5015 508 5073; x_wconf 86' lang='lat' dir='ltr'><strong>H&#39;.</strong></span> <span class='ocrx_word' id='word_1_741' title='bbox 560 5017 725 5088; x_wconf 85' lang='grc' dir='ltr'><strong>Ἀρχή</strong></span> <span class='ocrx_word' id='word_1_742' title='bbox 765 5035 853 5088; x_wconf 88' lang='grc' dir='ltr'><strong>μοι</strong></span> <span class='ocrx_word' id='word_1_743' title='bbox 880 5019 1059 5087; x_wconf 90' lang='grc' dir='ltr'><em>λέγειν</em></span> <span class='ocrx_word' id='word_1_744' title='bbox 1094 5022 1235 5092; x_wconf 77' lang='grc' dir='ltr'><em>πρὸς</em></span> <span class='ocrx_word' id='word_1_745' title='bbox 1269 5023 1362 5074; x_wconf 86' lang='grc' dir='ltr'><em>τὸν</em></span> <span class='ocrx_word' id='word_1_746' title='bbox 1402 5020 1688 5092; x_wconf 81' lang='grc' dir='ltr'><em>κομπώδη,</em></span> <span class='ocrx_word' id='word_1_747' title='bbox 1717 5023 1811 5074; x_wconf 79' lang='grc' dir='ltr'><em>καὶ</em></span> <span class='ocrx_word' id='word_1_748' title='bbox 1836 5022 1917 5072; x_wconf 75' lang='grc' dir='ltr'><em>δο-</em></span> 
     </span>
    </p>
   </div>
   <div class='ocr_carea' id='block_1_100' title="bbox 2092 5013 3604 5086">
    <p class='ocr_par' dir='ltr' id='par_1_100' title="bbox 2092 5013 3604 5086">
     <span class='ocr_line' id='line_1_100' title="bbox 2092 5013 3604 5086; baseline -0.005 -14"><span class='ocrx_word' id='word_1_749' title='bbox 2092 5019 2229 5072; x_wconf 83' lang='lat' dir='ltr'><strong>Vlll.</strong></span> <span class='ocrx_word' id='word_1_750' title='bbox 2283 5019 2562 5072; x_wconf 84' lang='lat' dir='ltr'><strong>Adversus</strong></span> <span class='ocrx_word' id='word_1_751' title='bbox 2602 5025 2948 5086; x_wconf 80' lang='lat' dir='ltr'><strong>arrogantem</strong></span> <span class='ocrx_word' id='word_1_752' title='bbox 2997 5013 3143 5068; x_wconf 91' lang='lat' dir='ltr'><strong>hunc</strong></span> <span class='ocrx_word' id='word_1_753' title='bbox 3194 5013 3494 5077; x_wconf 78' lang='lat' dir='ltr'><strong>Immineat,</strong></span> <span class='ocrx_word' id='word_1_754' title='bbox 3551 5025 3604 5066; x_wconf 80' lang='lat' dir='ltr'><strong>et</strong></span> 
     </span>
    </p>
   </div>
   <div class='ocr_carea' id='block_1_101' title="bbox 353 5103 1912 5185">
    <p class='ocr_par' dir='ltr' id='par_1_101' title="bbox 353 5111 1912 5185">
     <span class='ocr_line' id='line_1_101' title="bbox 353 5111 1912 5185; baseline 0.003 -23"><span class='ocrx_word' id='word_1_755' title='bbox 353 5112 512 5181; x_wconf 85' lang='grc' dir='ltr'><em>κὴσει</em></span> <span class='ocrx_word' id='word_1_756' title='bbox 561 5111 740 5177; x_wconf 64' lang='grc' dir='ltr'><em>σοφὸν,</em></span> <span class='ocrx_word' id='word_1_757' title='bbox 791 5113 886 5165; x_wconf 73' lang='grc' dir='ltr'><em>καὶ</em></span> <span class='ocrx_word' id='word_1_758' title='bbox 917 5113 1212 5184; x_wconf 78' lang='grc' dir='ltr'><em>ἐρευνητὴν</em></span> <span class='ocrx_word' id='word_1_759' title='bbox 1243 5113 1348 5166; x_wconf 86' lang='grc' dir='ltr'><em>τῶν</em></span> <span class='ocrx_word' id='word_1_760' title='bbox 1379 5115 1777 5185; x_wconf 79' lang='grc' dir='ltr'><em>ἁνερευνήτων,</em></span> <span class='ocrx_word' id='word_1_761' title='bbox 1833 5115 1912 5167; x_wconf 48' lang='grc' dir='ltr'><strong>καλ</strong></span> 
     </span>
    </p>
   </div>
   <div class='ocr_carea' id='block_1_102' title="bbox 2015 5103 3618 5185">
    <p class='ocr_par' dir='ltr' id='par_1_102' title="bbox 2021 5103 3618 5180">
     <span class='ocr_line' id='line_1_102' title="bbox 2021 5103 3618 5180; baseline -0.008 -14"><span class='ocrx_word' id='word_1_762' title='bbox 2021 5112 2277 5180; x_wconf 89' lang='lat' dir='ltr'><strong>opinione</strong></span> <span class='ocrx_word' id='word_1_763' title='bbox 2331 5109 2416 5164; x_wconf 87' lang='lat' dir='ltr'><strong>sui</strong></span> <span class='ocrx_word' id='word_1_764' title='bbox 2459 5109 2728 5170; x_wconf 82' lang='lat' dir='ltr'><strong>inﬂatum,</strong></span> <span class='ocrx_word' id='word_1_765' title='bbox 2774 5122 3073 5174; x_wconf 89' lang='lat' dir='ltr'><strong>eorumque</strong></span> <span class='ocrx_word' id='word_1_766' title='bbox 3135 5119 3254 5173; x_wconf 68' lang='lat' dir='ltr'><strong>quae</strong></span> <span class='ocrx_word' id='word_1_767' title='bbox 3291 5103 3618 5172; x_wconf 79' lang='lat' dir='ltr'><strong>investigari</strong></span> 
     </span>
    </p>
   </div>
   <div class='ocr_carea' id='block_1_103' title="bbox 354 5203 1927 5279">
    <p class='ocr_par' dir='ltr' id='par_1_103' title="bbox 354 5203 1927 5279">
     <span class='ocr_line' id='line_1_103' title="bbox 354 5203 1927 5279; baseline 0.001 -21"><span class='ocrx_word' id='word_1_768' title='bbox 354 5203 687 5275; x_wconf 76' lang='grc' dir='ltr'><em>ὲκὸιϐαστὴν</em></span> <span class='ocrx_word' id='word_1_769' title='bbox 730 5205 836 5259; x_wconf 85' lang='grc' dir='ltr'><em>τῶν</em></span> <span class='ocrx_word' id='word_1_770' title='bbox 876 5208 1233 5278; x_wconf 81' lang='grc' dir='ltr'><em>ἐπουρανίων,</em></span> <span class='ocrx_word' id='word_1_771' title='bbox 1275 5208 1487 5261; x_wconf 76' lang='grc' dir='ltr'><em>τουτονὶ</em></span> <span class='ocrx_word' id='word_1_772' title='bbox 1531 5208 1621 5261; x_wconf 78' lang='grc' dir='ltr'><em>τὸν</em></span> <span class='ocrx_word' id='word_1_773' title='bbox 1661 5208 1927 5279; x_wconf 76' lang='grc' dir='ltr'><em>φλυαρίας</em></span> 
     </span>
    </p>
   </div>
   <div class='ocr_carea' id='block_1_104' title="bbox 356 5293 1926 5366">
    <p class='ocr_par' dir='ltr' id='par_1_104' title="bbox 356 5293 1926 5366">
     <span class='ocr_line' id='line_1_104' title="bbox 356 5293 1926 5366; baseline 0 -20"><span class='ocrx_word' id='word_1_774' title='bbox 356 5294 712 5366; x_wconf 76' lang='grc' dir='ltr'><em>ἐμπλήσαντα</em></span> <span class='ocrx_word' id='word_1_775' title='bbox 741 5295 829 5347; x_wconf 84' lang='grc' dir='ltr'><em>τὸν</em></span> <span class='ocrx_word' id='word_1_776' title='bbox 881 5294 1016 5365; x_wconf 84' lang='grc' dir='ltr'><em>βίον,</em></span> <span class='ocrx_word' id='word_1_777' title='bbox 1042 5295 1117 5358; x_wconf 85' lang='grc' dir='ltr'><em>ὡς</em></span> <span class='ocrx_word' id='word_1_778' title='bbox 1146 5296 1241 5348; x_wconf 73' lang='grc' dir='ltr'><em>καὶ</em></span> <span class='ocrx_word' id='word_1_779' title='bbox 1277 5297 1305 5348; x_wconf 87' lang='grc' dir='ltr'>ὁ</span> <span class='ocrx_word' id='word_1_780' title='bbox 1331 5295 1594 5365; x_wconf 86' lang='grc' dir='ltr'><em>κρείττων</em></span> <span class='ocrx_word' id='word_1_781' title='bbox 1619 5294 1775 5365; x_wconf 84' lang='grc' dir='ltr'><em>ἡμῶν</em></span> <span class='ocrx_word' id='word_1_782' title='bbox 1807 5293 1926 5347; x_wconf 82' lang='grc' dir='ltr'><em>κατ’</em></span> 
     </span>
    </p>
   </div>
   <div class='ocr_carea' id='block_1_105' title="bbox 355 5385 1924 5458">
    <p class='ocr_par' dir='ltr' id='par_1_105' title="bbox 355 5385 1924 5458">
     <span class='ocr_line' id='line_1_105' title="bbox 355 5385 1924 5458; baseline -0.001 -19"><span class='ocrx_word' id='word_1_783' title='bbox 355 5385 522 5439; x_wconf 83' lang='grc' dir='ltr'><em>αὑτοῦ</em></span> <span class='ocrx_word' id='word_1_784' title='bbox 554 5386 763 5456; x_wconf 73' lang='grc' dir='ltr'><em>εἴρηκε,</em></span> <span class='ocrx_word' id='word_1_785' title='bbox 802 5387 1015 5458; x_wconf 85' lang='grc' dir='ltr'><em>πρῶτον</em></span> <span class='ocrx_word' id='word_1_786' title='bbox 1050 5388 1176 5458; x_wconf 78' lang='grc' dir='ltr'><em>περὶ</em></span> <span class='ocrx_word' id='word_1_787' title='bbox 1206 5386 1461 5456; x_wconf 85' lang='grc' dir='ltr'><em>γεννητοῦ</em></span> <span class='ocrx_word' id='word_1_788' title='bbox 1492 5385 1645 5438; x_wconf 84' lang='grc' dir='ltr'><em>Θεοῦ.</em></span> <span class='ocrx_word' id='word_1_789' title='bbox 1694 5386 1803 5438; x_wconf 79' lang='grc' dir='ltr'><strong>Καὶ</strong></span> <span class='ocrx_word' id='word_1_790' title='bbox 1844 5386 1924 5438; x_wconf 84' lang='grc' dir='ltr'><em>ὅτι</em></span> 
     </span>
    </p>
   </div>
   <div class='ocr_carea' id='block_1_106' title="bbox 362 5475 1926 5548">
    <p class='ocr_par' dir='ltr' id='par_1_106' title="bbox 362 5475 1926 5548">
     <span class='ocr_line' id='line_1_106' title="bbox 362 5475 1926 5548; baseline -0.001 -20"><span class='ocrx_word' id='word_1_791' title='bbox 362 5476 460 5546; x_wconf 75' lang='grc' dir='ltr'><em>μὲν</em></span> <span class='ocrx_word' id='word_1_792' title='bbox 490 5477 765 5546; x_wconf 80' lang='grc' dir='ltr'><em>ὀμολεξίαι</em></span> <span class='ocrx_word' id='word_1_793' title='bbox 793 5494 849 5529; x_wconf 85' lang='grc' dir='ltr'><em>τε</em></span> <span class='ocrx_word' id='word_1_794' title='bbox 887 5477 978 5530; x_wconf 79' lang='grc' dir='ltr'><em>καὶ</em></span> <span class='ocrx_word' id='word_1_795' title='bbox 1005 5478 1317 5548; x_wconf 87' lang='grc' dir='ltr'><em>ὀμωνυμίαι</em></span> <span class='ocrx_word' id='word_1_796' title='bbox 1365 5475 1556 5529; x_wconf 75' lang='grc' dir='ltr'><em>πολλαὶ</em></span> <span class='ocrx_word' id='word_1_797' title='bbox 1602 5478 1660 5528; x_wconf 84' lang='grc' dir='ltr'><em>ὲν</em></span> <span class='ocrx_word' id='word_1_798' title='bbox 1707 5477 1784 5546; x_wconf 83' lang='grc' dir='ltr'><em>τῷ</em></span> <span class='ocrx_word' id='word_1_799' title='bbox 1826 5476 1926 5547; x_wconf 83' lang='grc' dir='ltr'><strong>βίῳ</strong></span> 
     </span>
    </p>
   </div>
   <div class='ocr_carea' id='block_1_107' title="bbox 359 5568 1922 5648">
    <p class='ocr_par' dir='ltr' id='par_1_107' title="bbox 359 5568 1922 5648">
     <span class='ocr_line' id='line_1_107' title="bbox 359 5568 1922 5648; baseline -0.003 -24"><span class='ocrx_word' id='word_1_800' title='bbox 359 5571 485 5634; x_wconf 82' lang='grc' dir='ltr'><em>εἰσὶ,</em></span> <span class='ocrx_word' id='word_1_801' title='bbox 520 5571 698 5641; x_wconf 78' lang='grc' dir='ltr'><em>πάντ-η</em></span> <span class='ocrx_word' id='word_1_802' title='bbox 728 5570 886 5623; x_wconf 84' lang='grc' dir='ltr'><em>τοῦτο</em></span> <span class='ocrx_word' id='word_1_803' title='bbox 914 5570 1070 5648; x_wconf 73' lang='grc' dir='ltr'><em>δῆλόν</em></span> <span class='ocrx_word' id='word_1_804' title='bbox 1105 5573 1239 5624; x_wconf 78' lang='grc' dir='ltr'><em>ἐστι.</em></span> <span class='ocrx_word' id='word_1_805' title='bbox 1278 5571 1386 5623; x_wconf 78' lang='grc' dir='ltr'><strong>Καὶ</strong></span> <span class='ocrx_word' id='word_1_806' title='bbox 1419 5571 1468 5621; x_wconf 79' lang='grc' dir='ltr'>εἰ</span> <span class='ocrx_word' id='word_1_807' title='bbox 1505 5569 1602 5640; x_wconf 81' lang='grc' dir='ltr'><em>μὲν</em></span> <span class='ocrx_word' id='word_1_808' title='bbox 1636 5569 1739 5622; x_wconf 65' lang='grc' dir='ltr'><strong>ὑπὸ</strong></span> <span class='ocrx_word' id='word_1_809' title='bbox 1765 5568 1922 5622; x_wconf 79' lang='grc' dir='ltr'><em>ἄλλου</em></span> 
     </span>
    </p>
   </div>
   <div class='ocr_carea' id='block_1_108' title="bbox 444 5727 1634 5799">
    <p class='ocr_par' dir='ltr' id='par_1_108' title="bbox 444 5727 1634 5799">
     <span class='ocr_line' id='line_1_108' title="bbox 444 5727 1634 5799; baseline -0.001 -17"><span class='ocrx_word' id='word_1_810' title='bbox 444 5729 461 5760; x_wconf 85' lang='grc'>¹</span> <span class='ocrx_word' id='word_1_811' title='bbox 491 5727 552 5784; x_wconf 81' lang='lat' dir='ltr'><strong>F.</strong></span> <span class='ocrx_word' id='word_1_812' title='bbox 585 5727 973 5799; x_wconf 77' lang='grc' dir='ltr'><em>ἐξεταζομένῳ.</em></span> <span class='ocrx_word' id='word_1_813' title='bbox 1053 5730 1072 5759; x_wconf 82' lang='grc'>²</span> <span class='ocrx_word' id='word_1_814' title='bbox 1108 5729 1209 5783; x_wconf 82' lang='lat' dir='ltr'><strong>lsa.</strong></span> <span class='ocrx_word' id='word_1_815' title='bbox 1245 5743 1393 5794; x_wconf 69' lang='lat' dir='ltr'><strong>ntx,</strong></span> <span class='ocrx_word' id='word_1_816' title='bbox 1430 5727 1634 5792; x_wconf 61' lang='lat'><strong>11,49.</strong></span> 
     </span>
    </p>
   </div>
   <div class='ocr_carea' id='block_1_109' title="bbox 2023 5195 3602 5270">
    <p class='ocr_par' dir='ltr' id='par_1_109' title="bbox 2023 5195 3602 5270">
     <span class='ocr_line' id='line_1_109' title="bbox 2023 5195 3602 5270; baseline -0.008 -14"><span class='ocrx_word' id='word_1_817' title='bbox 2023 5209 2326 5270; x_wconf 90' lang='lat' dir='ltr'><strong>nequeunt,</strong></span> <span class='ocrx_word' id='word_1_818' title='bbox 2378 5206 2766 5256; x_wconf 87' lang='lat' dir='ltr'><strong>scrutatorem.</strong></span> <span class='ocrx_word' id='word_1_819' title='bbox 2811 5196 2905 5265; x_wconf 90' lang='lat' dir='ltr'><strong>qui</strong></span> <span class='ocrx_word' id='word_1_820' title='bbox 2963 5195 3134 5249; x_wconf 76' lang='lat' dir='ltr'><strong>caelos</strong></span> <span class='ocrx_word' id='word_1_821' title='bbox 3175 5195 3324 5264; x_wconf 91' lang='lat' dir='ltr'><strong>ipsos</strong></span> <span class='ocrx_word' id='word_1_822' title='bbox 3379 5202 3602 5263; x_wconf 69' lang='lat' dir='ltr'><strong>praeter-</strong></span> 
     </span>
    </p>
   </div>
   <div class='ocr_carea' id='block_1_110' title="bbox 2025 5284 3604 5363">
    <p class='ocr_par' dir='ltr' id='par_1_110' title="bbox 2025 5284 3604 5363">
     <span class='ocr_line' id='line_1_110' title="bbox 2025 5284 3604 5363; baseline -0.009 -15"><span class='ocrx_word' id='word_1_823' title='bbox 2025 5309 2249 5363; x_wconf 78' lang='lat' dir='ltr'><strong>gressus</strong></span> <span class='ocrx_word' id='word_1_824' title='bbox 2279 5302 2399 5356; x_wconf 90' lang='lat' dir='ltr'><strong>est,</strong></span> <span class='ocrx_word' id='word_1_825' title='bbox 2441 5292 2645 5361; x_wconf 88' lang='lat' dir='ltr'><strong>quique</strong></span> <span class='ocrx_word' id='word_1_826' title='bbox 2676 5289 3017 5359; x_wconf 89' lang='lat' dir='ltr'><strong>ineptissima</strong></span> <span class='ocrx_word' id='word_1_827' title='bbox 3053 5286 3380 5355; x_wconf 87' lang='lat' dir='ltr'><strong>loquacitate</strong></span> <span class='ocrx_word' id='word_1_828' title='bbox 3415 5284 3604 5336; x_wconf 85' lang='lat' dir='ltr'><strong>orbem</strong></span> 
     </span>
    </p>
   </div>
   <div class='ocr_carea' id='block_1_111' title="bbox 2032 5377 3602 5454">
    <p class='ocr_par' dir='ltr' id='par_1_111' title="bbox 2032 5377 3602 5454">
     <span class='ocr_line' id='line_1_111' title="bbox 2032 5377 3602 5454; baseline -0.006 -16"><span class='ocrx_word' id='word_1_829' title='bbox 2032 5393 2300 5440; x_wconf 88' lang='lat' dir='ltr'><strong>terrarum</strong></span> <span class='ocrx_word' id='word_1_830' title='bbox 2323 5385 2588 5454; x_wconf 89' lang='lat' dir='ltr'><strong>implevit,</strong></span> <span class='ocrx_word' id='word_1_831' title='bbox 2615 5380 3073 5453; x_wconf 81' lang='lat' dir='ltr'><strong>quemadmodum</strong></span> <span class='ocrx_word' id='word_1_832' title='bbox 3104 5381 3262 5450; x_wconf 82' lang='lat' dir='ltr'><strong>longe</strong></span> <span class='ocrx_word' id='word_1_833' title='bbox 3286 5377 3443 5432; x_wconf 90' lang='lat' dir='ltr'><strong>nobis</strong></span> <span class='ocrx_word' id='word_1_834' title='bbox 3467 5390 3602 5444; x_wconf 74' lang='lat' dir='ltr'><strong>prte-</strong></span> 
     </span>
    </p>
   </div>
   <div class='ocr_carea' id='block_1_112' title="bbox 2031 5465 3604 5541">
    <p class='ocr_par' dir='ltr' id='par_1_112' title="bbox 2031 5465 3604 5541">
     <span class='ocr_line' id='line_1_112' title="bbox 2031 5465 3604 5541; baseline -0.005 -9"><span class='ocrx_word' id='word_1_835' title='bbox 2031 5465 2265 5532; x_wconf 37' lang='lat' dir='ltr'><strong>stanti‘or</strong></span> <span class='ocrx_word' id='word_1_836' title='bbox 2292 5477 2434 5531; x_wconf 90' lang='lat' dir='ltr'><strong>alius</strong></span> <span class='ocrx_word' id='word_1_837' title='bbox 2463 5475 2518 5530; x_wconf 89' lang='lat' dir='ltr'><strong>in</strong></span> <span class='ocrx_word' id='word_1_838' title='bbox 2555 5475 2706 5529; x_wconf 90' lang='lat' dir='ltr'><strong>illum</strong></span> <span class='ocrx_word' id='word_1_839' title='bbox 2742 5484 2902 5528; x_wconf 90' lang='lat' dir='ltr'><strong>antea</strong></span> <span class='ocrx_word' id='word_1_840' title='bbox 2934 5473 3092 5535; x_wconf 85' lang='lat' dir='ltr'><strong>dixit,</strong></span> <span class='ocrx_word' id='word_1_841' title='bbox 3123 5472 3297 5541; x_wconf 88' lang='lat' dir='ltr'><strong>prima</strong></span> <span class='ocrx_word' id='word_1_842' title='bbox 3328 5469 3395 5524; x_wconf 88' lang='lat' dir='ltr'><strong>de</strong></span> <span class='ocrx_word' id='word_1_843' title='bbox 3416 5468 3604 5540; x_wconf 75' lang='lat' dir='ltr'><strong>genito</strong></span> 
     </span>
    </p>
   </div>
   <div class='ocr_carea' id='block_1_113' title="bbox 2030 5560 3602 5636">
    <p class='ocr_par' dir='ltr' id='par_1_113' title="bbox 2030 5560 3602 5636">
     <span class='ocr_line' id='line_1_113' title="bbox 2030 5560 3602 5636; baseline -0.005 -14"><span class='ocrx_word' id='word_1_844' title='bbox 2030 5569 2140 5624; x_wconf 90' lang='lat' dir='ltr'><strong>Deo</strong></span> <span class='ocrx_word' id='word_1_845' title='bbox 2181 5568 2468 5624; x_wconf 86' lang='lat' dir='ltr'><strong>tractanda</strong></span> <span class='ocrx_word' id='word_1_846' title='bbox 2517 5566 2819 5636; x_wconf 89' lang='lat' dir='ltr'><strong>disputatio</strong></span> <span class='ocrx_word' id='word_1_847' title='bbox 2850 5573 2954 5620; x_wconf 90' lang='lat' dir='ltr'><strong>est.</strong></span> <span class='ocrx_word' id='word_1_848' title='bbox 2993 5563 3050 5619; x_wconf 89' lang='lat' dir='ltr'><strong>In</strong></span> <span class='ocrx_word' id='word_1_849' title='bbox 3083 5577 3194 5634; x_wconf 90' lang='lat' dir='ltr'><strong>quo</strong></span> <span class='ocrx_word' id='word_1_850' title='bbox 3236 5560 3370 5617; x_wconf 89' lang='lat' dir='ltr'><strong>illud</strong></span> <span class='ocrx_word' id='word_1_851' title='bbox 3417 5561 3602 5617; x_wconf 78' lang='lat' dir='ltr'><strong>obser-</strong></span> 
     </span>
    </p>
   </div>
   <div class='ocr_carea' id='block_1_114' title="bbox 1715 5726 2132 5796">
    <p class='ocr_par' dir='ltr' id='par_1_114' title="bbox 1715 5726 2132 5796">
     <span class='ocr_line' id='line_1_114' title="bbox 1715 5726 2132 5796; baseline 0.007 -16"><span class='ocrx_word' id='word_1_852' title='bbox 1715 5728 1732 5757; x_wconf 83' lang='grc'>³</span> <span class='ocrx_word' id='word_1_853' title='bbox 1763 5726 1895 5784; x_wconf 84' lang='lat' dir='ltr'><strong>Luc.</strong></span> <span class='ocrx_word' id='word_1_854' title='bbox 1938 5742 2013 5796; x_wconf 76' lang='lat' dir='ltr'><strong>XI,</strong></span> <span class='ocrx_word' id='word_1_855' title='bbox 2044 5727 2132 5783; x_wconf 70' lang='lat'><strong>5‘2.</strong></span> 
     </span>
    </p>
   </div>
  </div>
