4082 6394
432 218 564 269 Νικῦ

1856 228 1912 281 8.
1956 226 2295 281 ΕΡΙΡΙΙΔΝΙΙ

3565 219 3727 275 1684

435 326 665 380 randum
706 343 812 391 est.
843 324 1277 403 quamplurimas
1323 336 1376 388 in
1433 337 1669 391 humana
1714 350 2011 394 cunsuetu-

2116 343 2149 411 ἡ
2182 340 2324 405 λέξις
2351 340 2586 409 ἐλέγετο,
2616 336 2683 410 ἤν
2712 340 2906 401 εἰπεῖν,
2940 340 3030 401 ,ὅτι
3064 336 3204 391 κατὰ
3246 335 3411 406 ὀρθὴν
3452 333 3723 386 διάνοιαι

437 420 554 475 line
594 421 981 479 similitudines
1010 441 1201 479 vocum
1239 434 1292 481 et
1338 427 1719 499 homonymias
1758 448 1917 500 esse;
1956 433 2009 486 id

434 512 569 581 quod
616 514 892 579 omnibus,
947 517 1161 587 opinor,
1205 527 1294 574 est
1329 521 1700 576 manifestum.
1737 524 1813 578 Ac
1849 525 1892 577 si
1942 525 2010 579 ab

432 600 536 652 alio
568 603 825 671 quopiam
877 606 1204 660 vocabulum
1250 608 1381 661 illud
1430 626 1809 681 usurparetur,
1861 624 2010 668 recto

429 704 490 743 ac
537 694 754 748 sincero
812 697 993 749 animo
1047 701 1459 766 pronuntiatum
1516 718 1638 757 esse
1686 705 2007 760 existimare

432 796 733 850 possemus.
776 786 933 840 Nunc
976 804 1099 841 cum
1148 792 1202 844 in
1248 792 1371 847 aliis
1408 794 1682 863 plerisque
1738 797 1871 852 locis
1919 797 2012 852 de-

432 877 853 944 prehendamus,
891 882 1227 951 unigenitum
1281 882 1448 938 Deum
1482 901 1508 938 a
1537 896 1759 956 paterna
1812 890 2010 944 divini-

433 972 541 1019 tate
572 974 733 1035 atque
764 969 1071 1023 substantia
1104 974 1171 1025 ab
1200 974 1389 1027 eodem
1426 986 1656 1032 auctore
1715 980 2009 1049 segregari,

430 1072 643 1111 necnon
666 1067 719 1113 et
738 1061 1000 1129 Spiritum
1020 1074 1294 1129 sanctum,
1321 1078 1607 1139 propterea
1626 1074 1871 1142 γενητόν,
1909 1075 2011 1127 hoc

430 1158 514 1203 est
544 1153 855 1209 productum
910 1152 1099 1222 Deum,
1154 1157 1361 1213 idcirco
1392 1162 1597 1216 dixisse
1639 1163 1793 1216 illum
1851 1179 2012 1234 appa-

432 1247 533 1299 ret,
580 1241 722 1307 quod
763 1252 1008 1297 creatum
1060 1254 1346 1301 statueret.
1390 1248 1549 1315 Quod
1595 1253 1740 1306 enim
1781 1255 2011 1323 argutiis

433 1330 829 1387 circumvenire
864 1350 963 1389 nos
994 1336 1108 1391 suis
1155 1352 1218 1392 ac
1259 1340 1440 1393 dicere
1490 1343 1739 1396 nonnulli
1786 1346 2008 1408 volunt,

434 1415 575 1470 idem
598 1435 719 1475 esse
754 1425 979 1495 γενητόν
1005 1441 1127 1479 cum
1153 1430 1414 1500 γεννητῷ,
1446 1431 1603 1504 532
1630 1449 1749 1486 cum
1797 1434 1862 1489 de
1904 1434 2013 1489 Deo

434 1509 633 1577 agitur,
700 1530 1041 1587 nequaquam
1104 1522 1432 1577 audiendum
1490 1538 1604 1588 est,
1658 1527 1751 1581 sed
1810 1529 2011 1583 creatis

434 1600 693 1658 duntaxat
734 1607 786 1659 in
827 1610 1009 1665 rebus.
1048 1612 1203 1665 Aliud
1262 1617 1405 1668 enim
1454 1626 1537 1669 est
1581 1621 1826 1690 γενητόν,
1864 1622 2009 1673 aliud

2115 433 2212 487 καὶ
2243 433 2399 486 τοῦτο
2428 434 2672 503 εἴρηται·
2709 431 2871 484 ὁπότε
2905 431 2963 483 δὲ
2999 432 3057 481 ὲν
3086 428 3300 490 πολλοῖς
3320 426 3513 487 τόποις
3542 422 3724 491 εὖρο-

2115 544 2214 598 μεν
2264 525 2425 580 αὑτὸν
2451 526 2540 577 τὸν
2589 526 2851 595 μονογενῆ
2903 524 3038 575 Θεὸν
3088 518 3559 588 ἁπαλλοτριοῦντα.
3604 515 3723 583 τῆς

2110 620 2204 672 τοῦ
2237 620 2448 690 Πατρὸς
2493 619 2746 689 θεότητός
2772 634 2831 669 τε
2864 616 2957 668 καὶ
3003 613 3208 675 οὐσίας,
3241 610 3375 681 ὁμοῦ
3403 626 3461 660 τε
3507 608 3610 660 καὶ
3648 606 3720 659 τὸ

2112 712 2336 781 Πνεῦμα
2364 712 2426 765 τὸ
2475 712 2651 778 ἅγιον,
2698 710 2886 763 τούτου
2935 708 3094 777 χάριν
3143 705 3203 757 τὸ
3247 706 3266 733 ⁵
3299 701 3528 771 γενητὸν
3570 696 3720 751 Θεὸν

2114 802 2395 873 εἰρηκέναι
2424 802 2586 855 αὐτὸν
2638 800 2810 867 σαφές
2846 800 3015 861 ἐστιν,
3054 798 3137 849 ὅτι
3186 793 3401 847 κτιστὸν
3430 790 3714 863 ὁρίζεται.

2124 896 2215 958 Ὠς
2286 895 2394 966 γάρ
2443 912 2591 956 τινες
2642 894 2789 964 ἡμᾶς
2843 890 3121 961 βούλονται
3181 885 3291 957 (50)
3356 881 3714 952 σοφίζεσθαι,

2113 987 2207 1038 καὶ
2249 985 2429 1052 λέγειν
2485 987 2599 1037 ἴσον
2645 984 2705 1037 τὸ
2754 981 2979 1051 γενητὸν
3028 976 3164 1032 εἶναι
3208 977 3286 1047 τῷ
3332 972 3607 1044 γεννητῷ,
3641 972 3713 1023 οὐ

2113 1076 2485 1147 παραδεκτέον
2537 1076 2593 1128 δὲ
2643 1074 2737 1127 ἐπὶ
2785 1071 2918 1126 Θεοῦ
2973 1070 3188 1137 λέγειν,
3240 1066 3353 1121 ἀλλ’
3403 1066 3438 1134 ἢ
3490 1065 3593 1116 ἐπὶ
3636 1060 3717 1112 τὰ

2114 1169 2389 1239 κτίσματα
2446 1168 2625 1239 μόνον.
2680 1167 2907 1235 Ἕτερον
2962 1165 3072 1233 γάρ
3122 1164 3236 1213 ἐστι
3291 1158 3516 1228 γενητὸν
3543 1196 3559 1217 ,
3612 1153 3715 1205 καὶ

2112 1262 2301 1330 ἕτερον
2323 1260 2596 1329 γεννητόν.
2632 1259 2705 1311 Τὸ
2736 1257 2865 1326 γοῦν
2895 1256 3023 1326 παρ’
3059 1253 3222 1307 αὑτοῦ
3258 1251 3417 1321 ῥηθὲν
3456 1251 3580 1316 ἦτοι
3614 1261 3715 1312 γε-

2113 1351 2274 1422 νητὸν
2332 1348 2500 1412 Θεὸν,
2565 1348 2780 1417 πρῶτον
2840 1344 3167 1415 ἐρωτῶμεν,
3231 1340 3401 1400 ποίοις
3464 1336 3713 1406 τρόποις

2113 1447 2358 1500 ἔκτισται
2389 1446 2416 1497 ό
2456 1442 2602 1512 παρὰ
2640 1442 2723 1493 σοὶ
2750 1439 2838 1493 διὰ
2866 1438 2963 1508 τῆς
2992 1436 3189 1502 λέξεως
3222 1432 3422 1499 ταύτης
3451 1426 3717 1497 τιμώμε-

2113 1554 2197 1598 νος
2228 1535 2392 1597 Θεὸς;
2454 1531 2576 1593 Πῶς
2608 1532 2663 1584 δὲ
2702 1529 2781 1582 ἔτι
2822 1524 3193 1597 προσκυνητδς
3237 1522 3408 1581 ἔσται,
3452 1519 3502 1569 εἰ
3541 1516 3714 1567 ἔσται

2122 1626 2372 1695 ποιητός;
2421 1623 2619 1690 Ἀφελε
2648 1621 2756 1691 γὰρ
2780 1620 2877 1689 τὴν
2917 1616 3122 1687 μέμψιν
3154 1613 3251 1682 τὴν
3279 1610 3427 1680 παρὰ
3451 1606 3529 1675 τῷ
3555 1606 3713 1673 ἁγίῳ

435 1698 707 1791 γεννητόν.
761 1701 915 1764 Quod
973 1704 1139 1771 igitur
1198 1706 1267 1759 ab
1311 1722 1377 1760 eo
1404 1709 1605 1761 dictum
1642 1720 1723 1762 est
1773 1710 2015 1791 γενητόν¹

2137 1717 2442 1786 Ἀποστόλῳ
2500 1714 2593 1768 ἐπὶ
2655 1714 2768 1774 τοῖς
2828 1710 2925 1779 τὴν
2980 1708 3154 1760 κτίσιν
3196 1700 3539 1769 θεολογοῦσι·
3607 1698 3712 1749 καὶ

435 1782 541 1839 hoc
592 1796 675 1841 est
716 1796 1028 1855 productum
1087 1795 1253 1849 Deum
1308 1796 1542 1865 primum
1598 1798 1727 1851 illud
1773 1782 2018 1853 scissile;

434 1891 579 1933 mur.
629 1878 859 1945 Quinam
912 1885 1085 1937 creari
1121 1888 1295 1953 potuit
1340 1889 1407 1953 is,
1452 1891 1544 1958 qui
1586 1906 1615 1940 a
1660 1898 1710 1943 te
1749 1885 2019 1957 ejusmodi

437 1968 715 2023 vocabulo
746 1969 973 2025 honoris
1003 1986 1168 2027 causa
1209 1974 1441 2029 allicitur
1468 1977 1653 2032 Deus?
1692 1978 2019 2035 Adorandus

434 2072 567 2112 vero
613 2060 887 2127 quomodo
932 2061 1148 2117 tandem
1202 2066 1327 2131 erit,
1384 2066 1428 2120 si
1479 2066 1656 2123 factus
1712 2070 1833 2123 est?
1884 2068 2019 2123 Volo

433 2151 578 2203 enim
612 2151 756 2204 illam
788 2151 1037 2222 Apostoli
1066 2156 1550 2224 reprehensionem
1580 2176 1886 2225 removeas,
1907 2179 2015 2232 qua

434 2256 529 2296 eos
579 2244 930 2313 prosequitur
958 2247 1051 2315 qui
1086 2250 1284 2303 creatis
1333 2252 1497 2306 rebus
1525 2252 1867 2306 divinitatem
1916 2253 2012 2306 tri-

435 2336 664 2391 buerent
694 2339 731 2391 '.
762 2340 839 2391 Ac
878 2339 1036 2391 talem
1070 2342 1201 2394 mihi
1250 2340 1418 2395 Deum
1456 2345 1698 2398 exhiberi
1728 2347 1867 2406 volo,
1920 2348 2013 2417 qui

435 2432 754 2488 adoratione
784 2433 983 2503 dignus
1014 2436 1084 2488 sit
1123 2438 1258 2503 :qui
1307 2434 1447 2488 idem
1494 2446 1639 2491 recta
1694 2439 2015 2510 sinceraque

434 2524 561 2588 ﬁde,
607 2542 727 2596 quin
769 2528 988 2597 quidem
1030 2528 1275 2581 Creatori
1326 2527 1449 2590 soli,
1499 2544 1608 2581 non
1651 2530 1777 2583 item
1814 2533 2014 2586 creatis

434 2620 505 2674 ab
549 2622 644 2674 illo
694 2622 858 2675 rebus
906 2622 1282 2675 adorationem
1327 2621 1589 2690 impertit,
1636 2634 1854 2678 creatus
1915 2626 2013 2678 ali-

434 2713 657 2781 quando
704 2723 1015 2768 censeatur.
1070 2711 1185 2768 Hoc
1237 2713 1283 2767 si
1326 2714 1704 2769 demonstrare
1747 2720 2011 2787 potueris,

434 2812 551 2858 tum
616 2805 833 2861 demum
899 2807 1132 2861 mendax
1188 2806 1322 2860 illud
1393 2817 1546 2861 tuum
1604 2809 2013 2881 conlictumque

432 2897 626 2969 dogma
675 2899 871 2954 rationi
922 2908 1373 2963 consentaneum,
1419 2916 1519 2954 nec
1560 2901 1628 2955 ab
1661 2902 2011 2971 antiquorum

433 2987 658 3045 Patrum
686 2992 886 3061 pietate
920 2993 1156 3048 alienum
1178 3007 1299 3046 esse
1322 2992 1616 3048 videbitur.
1647 2992 1849 3048 Verum
1875 3011 2009 3048 nun-

433 3100 597 3154 quam
643 3084 772 3139 illud
815 3085 976 3139 nobis
1025 3086 1310 3141 ostendes.
1361 3087 1440 3139 Ac
1490 3087 1704 3141 tametsi
1749 3087 2017 3141 interver-

2124 1810 2303 1872 ἐπίδος
2348 1826 2435 1878 μοι
2482 1804 2613 1857 Θεὸν
2653 1799 3125 1872 προσκυνούμενον
3169 1794 3381 1848 κτιστὺν
3408 1789 3551 1844 κατὰ
3594 1788 3713 1858 τὴν

2122 1902 2318 1972 εὐσεϐῆ
2380 1900 2579 1960 πίστιν,
2635 1897 2733 1966 τὴν
2784 1892 2983 1963 μηκέτι
3038 1890 3213 1942 κτίσει
3264 1880 3710 1953 προσκυνοῦσαν,

2122 1992 2257 2047 ἀλλὰ
2412 1988 2688 2042 κτίσαντιο
2743 1983 2837 2036 καὶ
2882 1983 3028 2034 ἐσται
3076 1977 3226 2047 παρὰ
3274 1974 3355 2025 σοὶ
3400 1970 3630 2035 εὖλογος
3674 1969 3710 2037 ἦ

2119 2083 2212 2138 τοῦ
2253 2080 2666 2150 πεπλανημένον
2698 2095 2789 2130 σου
2838 2077 2996 2141 λόγου
3030 2071 3137 2125 ἀπὸ
3176 2070 3274 2138 τῆς
3296 2066 3403 2120 τῶν
3432 2062 3713 2130 Πατέρων

2118 2174 2396 2236 εὐσεϐείας
2444 2170 2754 2225 ἀκολουθία.
2820 2167 2977 2219 Ἀλλὰ
3026 2166 3088 2217 οὐ
3130 2161 3235 2233 μὴν
3278 2158 3497 2211 δύνασαι
3538 2152 3715 2206 τοῦτο

2120 2266 2487 2337 παραστῆσαι.
2526 2264 2587 2315 Εἰ
2633 2262 2690 2314 δὲ
2730 2262 2823 2313 καὶ
2866 2257 3097 2326 ἐτόλμας
3142 2247 3475 2317 ἁποσυλῆσαῐ
3506 2244 3710 2337 ποθεν,

2118 2334 2213 2412 και
2244 2355 2552 2427 βιάσασθαι,
2589 2353 2708 2405 οὐδὲ
2755 2353 2813 2403 ὲν
2849 2348 3024 2416 τούτῳ
3052 2345 3143 2397 τὸν
3185 2341 3402 2408 εὔλογον
3434 2334 3714 2403 λογισμὸν

2115 2449 2225 2501 τῶν
2261 2445 2528 2499 Θεοσεῦὦν
2558 2441 2959 2514 παρεκτρέπειν
2975 2439 3053 2500 εἰς
3076 2434 3342 2502 τοσαύτην
3365 2427 3714 2495 φαυλότῃτα,

2115 2533 2431 2607 ὧθεήλατε.
2478 2532 2857 2603 Ἀντιμάχεται
2886 2528 2993 2599 γάρ
3030 2542 3112 2578 σοι
3169 2524 3261 2577 καὶ
3311 2520 3372 2572 τὸ
3417 2518 3713 2607 φρόνημα,

2116 2629 2209 2683 καὶ
2320 2627 2507 2697 λόγος,
2547 2624 2661 2676 [Ιᾱν
2704 2620 2813 2691 γὰρ
2841 2619 2902 2672 τὸ
2944 2616 3158 2669 κτιστὸν
3197 2613 3258 2665 οὐ
3300 2604 3716 2676 προσκυνητὸν,

2112 2723 2188 2784 ὡς
2236 2720 2392 2789 ἔφην.
2438 2718 2498 2769 El
2544 2716 2600 2768 δὲ
2656 2714 2791 2775 ὅλως
2850 2706 3224 2782 προσκυνητὸν
3271 2699 3478 2756 πολλῶν
3521 2697 3723 2752 ἄλλων

2115 2788 2470 2883 ὑπαρχόντων
2498 2806 2753 2865 κτιστῶν,
2807 2803 2960 2855 οὐδὲν
3003 2799 3067 2853 ἂν
3098 2796 3286 2850 διοίσει
3330 2793 3391 2845 τὸ
3432 2798 3523 2883 και

2117 2879 2391 2975 μεταιτοῦ
2427 2900 2546 2962 ἐνὸς
2592 2895 2812 2951 κτιστοῦ
2843 2894 2911 2946 τὰ
2938 2891 3033 2945 ὅλα
3073 2886 3401 2960 προσκυνεῖν
3440 2879 3722 2933 σύνδουλα

2114 2973 2268 3056 ὄντα,
2305 2989 2399 3043 καὶ
2424 2990 2489 3059 τῇ
2514 2988 2650 3057 αὑτῇ
2683 2985 2873 3053 ἀγωγῇ
2907 2981 3006 3051 τῆς
3043 2975 3339 3048 ὀνομασίας
3372 2973 3709 3025 ὑποπεπτωο

2120 3085 2253 3138 κότα
2264 3125 2274 3135 .

432 3187 551 3236 tere
580 3180 825 3249 quzedam
865 3190 919 3235 et
952 3181 1019 3235 ad
1069 3189 1217 3235 tuam
1257 3181 1579 3237 sententiam
1606 3197 1892 3251 perperam
1923 3180 2340 3236 accommodare
2366 3192 2536 3233 ausus
2572 3173 2768 3238 fueris,
2798 3186 2908 3225 non
2938 3170 2993 3223 in
3057 3167 3161 3221 hoc
3225 3172 3408 3217 tamen
3481 3159 3703 3228 religio-

433 3288 619 3329 sorum
658 3276 1009 3343 conjunctam
1057 3292 1181 3330 cum
1226 3286 1374 3331 recta
1413 3277 1623 3330 ratione
1673 3277 2003 3332 sententiam
2034 3276 2102 3331 ad
2151 3282 2359 3329 tantam
2418 3272 2763 3343 pravitatem,
2817 3264 3102 3319 hominum
3144 3256 3551 3354 furiosissimen
3596 3252 3699 3354 de:

434 3374 689 3435 torquere
718 3365 940 3436 poteris.
976 3363 1110 3418 Nam
1165 3374 1218 3419 et
1248 3380 1445 3420 sensus
1509 3366 1606 3419 tibi
1670 3367 1997 3439 refragatur,
2041 3376 2095 3422 et
2137 3367 2297 3420 ratio.
2342 3363 2554 3418 Etenim
2600 3355 2868 3431 quidquid
2906 3362 3155 3408 creatum
3190 3358 3297 3415 est,
3341 3347 3577 3404 adorari,
3638 3349 3715 3395 ut

432 3460 570 3521 dixi.
596 3477 705 3515 non
752 3468 947 3531 potest.
997 3459 1095 3515 Sin
1144 3458 1466 3516 adorati‘one
1512 3462 1733 3533 dignum
1779 3465 2004 3517 omnino
2044 3463 2282 3529 videtur,
2318 3478 2444 3518 cum
2486 3460 2593 3513 alia
2623 3452 3028 3528 quamplurima
3078 3455 3263 3504 creata
3310 3447 3452 3510 sint,
3515 3440 3703 3511 profe-

433 3565 525 3611 ctu
563 3554 696 3609 nihil
730 3560 975 3619 interest,
1042 3555 1175 3626 quin
1213 3566 1267 3611 et
1286 3558 1395 3611 'nos
1430 3572 1554 3611 cum
1589 3557 1751 3612 unico
1794 3567 2044 3613 creatore
2116 3566 2317 3614 eaztera
2370 3560 2663 3613 adoremus
2715 3556 2933 3621 omnia,
2990 3566 3113 3623 quae
3166 3546 3351 3605 servili
3414 3540 3697 3599 nobiscum

432 3650 745 3706 conditione
770 3651 1065 3721 eademque
1088 3652 1325 3708 nominis
1352 3654 1561 3709 ratione
1588 3655 1956 3711 continentur.

509 3741 598 3795 IX.
640 3742 751 3811 Age
805 3758 933 3797 vero
972 3743 1253 3799 videamus
1301 3745 1356 3798 in
1404 3754 1644 3815 quatuor
1677 3745 2006 3818 Evangeliis,

2179 3741 2255 3795 8'-
2320 3734 2547 3810 Ἰὁωμεν
2600 3737 2656 3790 δὲ
2699 3736 2788 3791 διὰ
2842 3736 2950 3791 τῶν
3004 3737 3286 3805 τεσσάρων
3330 3728 3691 3798 Εὑαγγελίων.

434 3835 639 3906 quibus
688 3835 853 3887 vitam
898 3850 1113 3889 omnem
1167 3845 1416 3891 nostram
1475 3836 1704 3891 Verbum
1752 3837 1895 3895 Deus
1947 3839 2014 3893 ad

2116 3834 2176 3886 δι’
2204 3826 2278 3885 ὧν
2310 3830 2406 3902 τὴν
2454 3831 2634 3884 πᾶσαν
2678 3829 2835 3900 ἡμῶν
2882 3827 3027 3899 ζωὴν
3072 3825 3422 3896 ᾠκονόμησεν
3461 3820 3633 3873 ἐλθὼν
3673 3823 3693 3869 ἐ

437 3943 541 3982 nos
560 3930 786 3982 veniens
834 3925 1205 3982 administrari
1245 3930 1439 3995 voluit,
1491 3931 1729 3984 nuncubi
1764 3930 2017 3986 Christus

439 4020 515 4075 ita
551 4020 768 4073 locutus
818 4020 890 4075 sit
919 4038 933 4075 :
965 4018 1105 4074 Deus
1148 4038 1229 4073 me
1276 4024 1496 4087 creavit,
1528 4023 1633 4087 vel,
1682 4022 1843 4077 Pater
1872 4040 2015 4079 meus

435 4108 632 4162 creavit
688 4124 786 4162 me.
846 4108 955 4161 Aut
1011 4116 1196 4163 utrum
1261 4108 1423 4165 Pater
1490 4111 1544 4163 in
1596 4110 1707 4163 ullo
1778 4125 2016 4179 unquam

439 4198 733 4272 Evangelio
779 4201 1255 4269 pronuntiaverit:
1296 4200 1407 4272 Ego
1457 4206 1629 4256 creant
1689 4200 1914 4266 Filium,
1966 4213 2016 4256 et

438 4292 564 4346 misi
611 4291 680 4347 ad
733 4309 842 4347 vos.
879 4291 985 4347 Sed
1018 4291 1087 4347 de
1122 4292 1210 4347 bis
1241 4292 1528 4348 hactenus.
1572 4293 1707 4348 Nam
1758 4292 1905 4364 quod
1948 4294 2017 4348 ad

439 4385 759 4439 testimonia
791 4385 1047 4453 pertinet,
1098 4399 1197 4440 nos
1227 4386 1629 4455 quamplurima
1658 4402 1800 4457 sazpe
1826 4386 2019 4441 adver-

2110 3927 2243 3989 Θεὺς
2287 3925 2488 3991 Λόγος,
2525 3923 2678 3975 εἵπου
2723 3923 2943 3993 εἴρηκεν
2981 3920 3010 3971 ό
3051 3917 3317 3988 Χριστός’
3356 3916 3417 3967 '0
3458 3913 3600 3977 Θεός
3624 3929 3697 3980 με

2116 4020 2396 4079 ἔκτισεν.
2452 4019 2510 4087 ἢ,
2560 4018 2612 4068 '0
2658 4014 2858 4083 Πατήρ
2898 4031 3019 4082 μου
3068 4012 3271 4067 ἐκτισέ
3314 4028 3408 4079 με.
3472 4008 3693 4076 ’Ὶδωμει

2114 4114 2171 4167 δὲ
2200 4114 2293 4165 καὶ
2316 4113 2337 4144 ⁸
2366 4114 2394 4165 ὁ
2422 4112 2611 4181 Πατὴρ
2645 4110 2961 4179 ἀπεφήνατο
2990 4108 3047 4159 ἐν
3075 4106 3157 4159 ὲνὶ
3178 4105 3284 4157 τῶν
3332 4100 3695 4170 Εὑαγγελέων,

2122 4206 2203 4259 ὄτι
2237 4206 2488 4258 Ἔχτισιι
2649 4202 2799 4265 Υὶὸν,
2829 4200 2927 4254 καὶ
2959 4180 3501 4265 ἀπέσταῖκᾰὺμῖν.
3542 4191 3703 4244 Ἀλλὰ

2124 4298 2253 4367 περὶ
2309 4297 2499 4349 τούτου
2547 4295 2651 4357 ἕως
2707 4286 2810 4346 ὧδε
2860 4293 2930 4345 τὰ
2972 4291 3067 4344 νῦν
3132 4290 3322 4359 ἐχέτω.
3390 4286 3524 4357 Περὶ
3589 4285 3691 4353 γὰρ

2129 4387 2445 4460 μαρτυριῶν
2498 4386 2759 4448 πολλάκις
2810 4383 3079 4456 περὶτῶν
3117 4382 3179 4435 τὸ
3228 4380 3432 4448 κτίσμα
3472 4393 3691 4449 παρεισ-

441 4492 539 4532 sus
583 4476 705 4532 illos
752 4478 1058 4542 attulimus,
1090 4477 1183 4546 qui
1214 4454 1523 4531 creaturam
1568 4454 2015 4533 nobis'obtrude-

2122 4454 2365 4547 αγόντιον
2388 4478 2554 4531 πολλὰ
2603 4454 2915 4545 ἐξεθέμεθα.
2960 4473 3125 4526 Οὐδὲν
3154 4472 3211 4525 δὲ
3245 4472 3475 4540 λυπήσει
3508 4471 3601 4522 καὶ
3640 4469 3704 4520 ἐν

440 4569 594 4625 bant.
629 4567 775 4622 Nihil
802 4574 984 4621 tamen
1018 4567 1072 4621 in
1117 4570 1405 4638 praesentia
1430 4569 1607 4639 palam
1650 4570 1827 4625 facere
1863 4571 2014 4641 pige-

439 4656 543 4722 bit,
574 4672 738 4726 quam
779 4656 938 4711 facile
992 4656 1243 4729 redargui
1295 4675 1450 4713 error
1496 4661 1584 4715 ille
1618 4662 1809 4729 possit,
1853 4668 2015 4731 atque

441 4747 518 4802 ita
566 4749 841 4802 hominem
886 4749 1062 4814 illum,
1102 4751 1196 4821 qui
1228 4750 1449 4820 sapiens
1497 4752 1603 4806 sibi
1643 4753 1880 4816 videtur,
1924 4770 2016 4823 ag-

444 4840 616 4911 gredi.
645 4840 850 4905 Potest,
879 4841 953 4893 mi
985 4842 1171 4907 homo,
1196 4850 1416 4897 creatus
1448 4843 1538 4897 ille
1564 4859 1686 4899 esse
1714 4845 1806 4914 qui
1838 4844 2011 4899 dixit:

447 4930 557 5000 Ego
594 4931 647 4985 in
683 4930 845 4986 Patre
877 4942 926 4986 et
958 4932 1119 4986 Pater
1149 4934 1203 4986 in
1236 4949 1317 4988 me
1344 4936 1488 4999 est‘;
1521 4943 1611 4989 et:
1642 4935 1807 4990 Ambo
1851 4954 2014 4991 unum

441 5023 703 5077 sumus'?
737 5023 923 5080 Potest
960 5040 1089 5080 vero
1127 5024 1380 5081 diversus
1428 5042 1571 5093 esse,
1609 5027 1704 5097 qui
1748 5029 2013 5098 aequalem

514 5182 531 5210 ⁸
561 5178 719 5235 Rom.
757 5196 796 5246 ι,
820 5180 913 5237 25.
988 5182 1007 5213 ³
1035 5179 1193 5237 Joan.
1216 5198 1327 5247 xw,
1357 5185 1451 5251 10;
1483 5201 1536 5250 κ,
1569 5182 1656 5239 50.
1737 5184 1758 5217 ³
1791 5182 1951 5239 Joan.
1976 5201 2030 5251 κ,
2056 5186 2144 5242 50.

516 5340 627 5411 (50)
668 5340 762 5405 Ὠς
794 5339 921 5411 reip
944 5356 1103 5406 τινες
1143 5338 1297 5408 ἡμᾶς
1333 5343 1684 5405 βούλονται.
1731 5341 2004 5408 Quantum

445 5410 561 5466 haec
590 5413 852 5483 vocabula
893 5410 1001 5464 duo
1024 5412 1257 5483 γενητόν
1313 5422 1367 5466 et
1423 5412 1678 5483 γεννητόν
1735 5412 2006 5467 scribendi

445 5481 941 5552 pronuntiandique
980 5481 1238 5536 allinitate
1285 5481 1582 5551 conjuncta
1609 5494 1756 5546 sunt,
1794 5491 2006 5537 tantum

444 5553 857 5621 signiﬁcationis
901 5566 1003 5605 usu
1038 5566 1101 5605 ac
1132 5554 1463 5621 proprietate
1508 5554 1733 5607 distant.
1781 5552 1891 5608 Nec
1924 5561 2008 5608 est

444 5569 490 5609 SI
534 5568 857 5606 tnncauoms
901 5568 1003 5605 usu
1038 5568 1101 5605 ac
1132 5568 1463 5621 proprietate
1508 5568 1733 5607 (llSlfllll.
1781 5568 1891 5608 nec
1924 5568 2008 5608 εει

444 5568 554 5677 alia
602 5636 727 5691 vox,
781 5621 835 5675 in
872 5636 980 5691 qua
1025 5621 1329 5678 uberiorem
1378 5622 1669 5679 cavillandi
1712 5631 1766 5681 et
1801 5624 2009 5680 calum-

2120 4570 2199 4640 τῷ
2243 4570 2470 4641 παρόντι
2508 4567 2675 4633 δεῖξαι
2710 4568 2777 4620 ,τὸ
2814 4566 3079 4636 εὔληπτον
3119 4563 3212 4617 τοῦ
3260 4563 3438 4629 λόγου,
3486 4560 3580 4614 καὶ
3617 4562 3705 4613 εξ·-

2122 4665 2241 4715 πεϊν
2300 4663 2435 4733 πρὸς
2491 4661 2680 4714 τοῦτον
2740 4661 2830 4713 τὸν
2883 4658 3229 4725 ὲθελόσοφον,
3300 4650 3441 4716 Πῶς
3479 4654 3704 4707 δύναται

2122 4754 2359 4818 κτιστὸς,
2390 4749 2436 4807 ὦ
2474 4746 2651 4817 οὗτος,
2697 4749 2836 4806 εἶναι
2868 4753 2897 4804 ὁ
2924 4751 3097 4820 λέγων
3118 4766 3131 4778 ⁸
3192 4747 3332 4816 Ἐγὼ
3365 4748 3435 4800 ἐν
3476 4745 3555 4811 τῷ
3582 4747 3702 4797 Πα-

2120 4848 2234 4915 τρὶ,
2264 4848 2363 4901 καὶ
2394 4850 2426 4900 ό
2465 4847 2665 4914 Πατὴρ
2697 4846 2766 4899 ἐν
2787 4845 2936 4915 ἐμοί·
2980 4844 3093 4904 καὶ,
3127 4844 3191 4894 Οἱ
3230 4841 3338 4893 δύο
3366 4839 3435 4892 ἓν
3472 4839 3700 4905 ὲσμεν;

2120 4939 2246 5001 Πῶς
2275 4939 2331 4991 δὲ
2359 4938 2581 4992 δύναται
2626 4937 2782 5001 ἄλλος
2818 4932 2957 4989 εἶναι
2995 4935 3023 4987 ό
3058 4934 3154 5004 τὴν
3196 4930 3318 5002 ἴσην
3361 4931 3525 4999 τιμὴν
3565 4928 3700 4999 πρὸς

2119 5030 2335 5099 Πατρὸς
2377 5029 2549 5094 ἕγων;
2599 5029 2806 5095 Οὐδεὶς
2843 5026 2954 5099 γὰρ
2992 5021 3116 5079 οἶδε
3143 5024 3250 5077 τὸν
3296 5022 3451 5085 Υἱὸν,
3480 5024 3530 5075 εὶ
3553 5022 3637 5090 μὴ
3666 5023 3701 5073 d

2220 5188 2243 5217 ⁸
2272 5184 2334 5240 F.
2363 5186 2459 5255 τῷ.
2536 5188 2557 5218 ³
2592 5185 2723 5258 Leg.
2748 5189 2819 5240 εἰ.

2112 5341 2301 5395 niandi
2338 5342 2616 5397 materiam
2649 5342 2795 5396 nacti
2818 5340 2927 5395 sint
2952 5340 3160 5401 Ariani,
3203 5348 3265 5393 ut
3293 5354 3358 5393 ex
3401 5338 3696 5391 Anommo-

2113 5427 2232 5465 rum
2280 5413 2473 5467 haeresi
2522 5414 2661 5467 infra
2718 5412 3010 5466 constabit.
3059 5410 3191 5463 Nam
3232 5409 3456 5477 γενητός
3496 5408 3693 5474 factum

2115 5483 2404 5558 signiﬁcat,
2422 5484 2899 5558 quodcreataruni
2920 5480 3402 5558 rertitn_pr0priutii
3426 5488 3543 5540 est;
3575 5494 3696 5558 γεν-

2114 5549 2283 5676 ἷηῗν.
2304 5549 2693 5625 νει-θ’ςεηὶιωη
2716 5562 2819 5619 est,
2847 5554 2993 5624 quod
3020 5550 3156 5606 Filio
3188 5549 3459 5606 catholica
3490 5550 3695 5603 veritas

2147 5638 2191 5676 τι
2236 5632 2332 5676 uit.
3312 5670 3315 5671 ν

2121 5624 2332 5680 tribuit.
