4082 6394
301 350 436 407 1085

963 348 1331 409 ADVERSUS
1368 349 1712 407 HIERESES
1745 350 1871 407 LIB.

2019 352 2182 409 TOM.
2227 354 2341 409 1.-
2381 353 2652 411 ΗᾹΞΒΕΞ.
2688 353 2872 411 LXIV.

3421 350 3556 408 1036

296 462 537 532 Πατὴρ,
590 462 733 519 οὐδὲ
788 464 898 521 τὸν
953 465 1185 535 Πατέρα
1233 468 1285 520 εἰ
1337 466 1425 537 μὴ
1483 472 1516 522 ό
1565 468 1718 535 Υἱός.
1772 467 1879 521 Καὶ

1998 485 2106 523 :um
2142 468 2305 525 Patre
2334 470 2597 527 honorem
2625 471 2908 526 obtineat?
2937 469 3107 527 Nemo
3129 473 3268 526 enim
3294 476 3433 528 novit
3462 474 3558 529 Fi-

294 558 376 621 τδ,
420 557 483 610 '0
523 554 799 625 ἑωρακὼς
839 557 963 626 ἐμὲ,
1007 556 1228 627 ἑώρακε
1254 559 1363 614 τὸν
1397 559 1647 628 Πατέρα.
1697 559 1865 614 Πάλιν

296 650 355 703 δὲ
401 648 663 713 ὡσαύτως
706 650 808 703 ὅσα
841 649 989 720 αὐτῷ
1032 651 1161 723 περὶ
1207 644 1559 716 ἀναστάσεως
1601 650 1876 722 ἀμφιϐἀλν

295 744 467 807 λεται,
513 742 894 812 ἐπιλαϐόμενοι
925 744 1024 816 τῆς
1055 744 1401 808 ἀκολουθίας.
1450 741 1607 807 αὖθις
1644 743 1878 817 ἐροῦμεν

297 839 363 890 ἐκ
392 834 501 889 τῶν
535 835 698 889 αὐτοῦ
749 836 960 907 ρητῶνο
1013 837 1122 891 ἀπὸ
1170 839 1299 908 μιᾶς
1343 837 1400 890 δὲ
1441 835 1639 902 λέξεως
1670 835 1732 889 τὸ
1768 836 1878 888 πᾶν

299 927 396 998 τῆς
448 925 675 999 γνώμης
737 927 903 982 αὐτοῦ
954 929 1330 1001 ἀποδείξομεν,
1374 930 1469 983 καὶ
1535 928 1596 982 τὸ
1650 927 1879 982 ἄπιστον

300 1020 400 1091 τῆς
452 1019 610 1092 δόξης
652 1020 747 1075 τοῦ
790 1021 954 1075 αὐτοῦ
1021 1022 1291 1093 δόγματος
1337 1019 1778 1092 ἀποκαλύψομεν.
1813 1019 1879 1072 Et

302 1112 398 1167 καὶ
440 1112 528 1167 διὰ
570 1112 808 1178 πλάτους
851 1114 1000 1186 αύτῷ
1041 1116 1258 1186 εἴρηται
1295 1113 1555 1178 πολλάκις
1600 1113 1728 1184 περὶ
1754 1110 1884 1165 τού-

303 1219 397 1255 του
421 1242 437 1268 ,
494 1202 590 1256 καὶ
627 1204 686 1257 ἐν
753 1203 977 1268 πολλαῖς
1050 1205 1253 1276 βίϐλοις
1295 1204 1697 1276 πεφλυάρηται,
1736 1202 1887 1272 ὅμως

300 1293 401 1363 τὴν
464 1291 671 1361 ἔλεγξιν
719 1294 1132 1366 παραθήσομαι,
1190 1296 1282 1364 ἀφ’
1312 1288 1387 1348 ὧν
1444 1296 1502 1348 ἐν
1553 1293 1633 1365 τῷ
1687 1288 1890 1361 πρώτῳ

300 1386 503 1458 ψαλμῷ
542 1388 846 1460 ἐξηγήσατο
887 1389 1029 1443 κατά
1073 1390 1172 1461 τὴν
1202 1389 1498 1443 ἀνάστασιν
1529 1388 1630 1458 τῆς
1667 1385 1890 1459 βεϐαίας

303 1478 519 1545 ἐλπίδος
556 1480 715 1551 ἡμῶν
749 1482 1211 1537 πεπιστευκότων.

1977 560 2129 624 lium,
2162 562 2265 616 nisi
2313 561 2496 624 Pater,
2525 578 2683 630 neque
2727 562 2962 627 Patrem,
3004 564 3109 617 nisi
3141 562 3313 618 Filius
3337 566 3379 619 ².
3417 564 3557 620 Tum

1977 653 2110 707 illud
2147 653 2293 719 :Qui
2330 654 2465 707 videt
2510 670 2611 717 me,
2660 652 2794 707 videt
2846 663 2895 707 et
2942 654 3152 709 Patrem
3177 655 3220 710 ³.
3252 655 3383 721 Qum
3430 671 3560 711 vero

1977 744 2240 799 adversus
2283 747 2739 800 resurrectionem
2781 746 2849 800 ab
2884 747 3072 801 eodem
3104 748 3375 818 disputata
3410 758 3560 817 sunt,

1979 844 2199 891 servato
2230 836 2443 898 ordine,
2476 852 2541 891 ex
2576 838 2826 908 ipsismet
2854 837 2999 893 illius
3022 838 3206 895 verbis
3236 843 3397 910 paulo
3430 851 3557 912 post

1979 925 2303 995 aﬂeremus,
2340 928 2500 1000 533
2530 937 2694 1001 atque
2726 945 2792 985 ex
2826 930 2988 986 unica
3030 946 3165 987 voce
3198 940 3368 988 tota:n
3412 936 3562 991 illius

1981 1021 2309 1077 sententiam
2363 1021 2697 1091 aperiemus,
2746 1028 2801 1077 et
2822 1030 3085 1091 quantum
3145 1025 3216 1079 sit
3263 1025 3319 1080 in
3361 1041 3426 1081 eo
3472 1026 3566 1082 do—

1981 1120 2162 1184 gmate
2185 1111 2524 1169 inﬁdelitatis
2550 1113 3001 1170 monstrabimus.
3028 1114 3350 1186 Quanquam
3379 1126 3563 1174 autem

1986 1204 2091 1259 hoc
2124 1213 2509 1275 argumentum
2537 1220 2680 1275 saepe
2710 1206 2801 1262 ille
2832 1206 3052 1279 copiose
3094 1211 3429 1274 tractaverit,
3461 1228 3561 1265 va-

1988 1296 2198 1365 riisque
2225 1297 2279 1350 in
2311 1296 2473 1352 libris
2501 1297 2749 1367 ingentes
2777 1314 2952 1369 nugas
2974 1299 3252 1367 eﬂ'utierit,
3280 1300 3347 1357 iis
3377 1309 3559 1357 tamen

1992 1390 2061 1445 ad
2090 1391 2241 1444 illum
2272 1388 2631 1446 refellendum
2673 1407 2769 1446 ero
2805 1401 3121 1457 contentus,
3154 1408 3277 1463 quae
3319 1394 3375 1449 in
3414 1410 3568 1450 com-

1993 1481 2279 1537 mentariis
2314 1482 2367 1535 in
2400 1482 2634 1552 priorem
2671 1483 2961 1553 psalmum,
3010 1484 3273 1541 adversus
3306 1486 3429 1543 illos
3456 1488 3569 1544 dis-

306 1575 501 1642 seruit,
532 1575 625 1646 qui
659 1580 1120 1634 resurrectionem
1164 1585 1315 1633 certa
1352 1578 1512 1633 nobis
1550 1593 1646 1649 spe
1687 1579 1993 1649 ﬁduciaque
2029 1576 2363 1648 propositam
2396 1592 2520 1632 esse
2546 1576 2650 1632 sibi
2681 1578 3054 1647 persuadent.l

376 1664 431 1717 I'.
472 1664 584 1718 Καὶ
611 1664 757 1718 ἔστιν
800 1667 876 1730 ὼς
909 1666 1055 1736 λέγει
1076 1683 1090 1701 ο
1124 1665 1226 1722 Διὰ
1268 1666 1445 1721 τοῦτο
1478 1670 1589 1722 οὐκ
1621 1668 1888 1732 ἀναστή-

306 1771 519 1811 σονται
568 1757 818 1826 ἀσεϐεῗς-
855 1759 926 1812 ἐν
980 1759 1190 1828 κρίσει.
1246 1754 1381 1812 Εἶτα
1435 1759 1510 1823 ὡς
1568 1758 1688 1822 ἔθος
1740 1760 1888 1813 ἐστὶν

2067 1654 2135 1721 Χ.
2181 1666 2274 1721 Est
2305 1674 2482 1720 autem
2511 1666 2603 1722 hic
2634 1668 2821 1723 locus:
2853 1667 3138 1739 Propterea
3165 1687 3269 1724 non
3302 1683 3570 1743 resurgent

1996 1759 2144 1828 impii
2197 1759 2253 1812 in
2283 1757 2489 1827 judicio
2514 1758 2555 1810 ⁸.
2602 1756 2805 1815 Deinde
2848 1760 3309 1831 quemadmodum
3352 1767 3569 1823 collatis

308 1847 461 1920 αὺτῷ
504 1850 612 1903 ἀπὸ
657 1849 766 1904 τῶν
814 1850 1077 1903 ἐκδόσεων
1134 1849 1462 1918 φαντάζειν,
1514 1850 1714 1920 ὁμοίως
1762 1850 1894 1920 φησὶ

1998 1850 2333 1904 editionibus
2369 1848 2556 1904 fucum
2602 1849 2781 1906 facere
2810 1851 2968 1916 solet,
3002 1852 3077 1906 ita
3111 1854 3286 1925 inquit
3320 1856 3573 1913 Theodo-

308 1939 622 2008 θεοδοτίων,
664 1942 894 2006 Ἀκύλας
913 1982 928 2003 ,
950 1940 1276 2013 Σύμμαχος.
1307 1935 1440 1994 Εἶτα
1467 1941 1717 2013 ἐπιφέρει
1745 1941 1886 1994 κατὰ

308 2027 418 2083 τῶν
449 2029 580 2085 υἱῶν
600 2032 699 2103 τῆς
723 2031 979 2103 ἀληθείας
1004 2030 1347 2095 σκωπτωδῶς
1375 2047 1391 2062 ·

1997 1930 2094 2002 tio,
2131 1939 2330 2011 Aquila
2371 1946 2424 1994 et
2463 1938 2848 2011 Symmachus.
2882 1938 3018 1994 Tum
3057 1941 3275 1997 demum
3308 1947 3571 2006 adversus

1995 2031 2243 2087 veritatis
2275 2031 2415 2088 ﬁlios
2456 2031 2762 2088 cavillando
2788 2032 2892 2088 ista
2921 2032 3176 2103 subjicit:

1582 2144 1666 2200 Ex
1689 2144 1929 2216 Origenis
1946 2148 2342 2202 commentario.

394 2263 694 2326 Ἐντεῦθεν,
732 2263 895 2335 φησὶν
922 2306 935 2328 ,
964 2264 1011 2317 οἱ
1051 2262 1408 2335 ἀπλούστεροι
1448 2264 1558 2316 τῶν
1595 2280 1889 2317 πεπιστευ-

256 2364 259 2367 “
311 2355 485 2411 κότων
534 2356 844 2428 ὁρμώμενοι
895 2356 1173 2426 νομίζουσι
1217 2357 1343 2420 τοὺς
1380 2357 1597 2419 ἀσεϐεῖς
1623 2357 1723 2426 τῆς
1757 2358 1889 2410 ἀνα-

314 2450 557 2513 στάσεως
606 2450 680 2520 μὴ
727 2447 1054 2513 τεύξασθαι,
1100 2449 1192 2502 καὶ
1230 2450 1330 2519 τῆς
1375 2448 1523 2512 θείας
1551 2449 1783 2521 κρίσεως
1815 2449 1889 2520 μὴ

312 2539 723 2603 καταξιοῦσθαι,
754 2539 804 2593 τί
838 2538 1081 2601 νοοῦντες
1109 2538 1211 2615 τὴν
1242 2538 1535 2593 ἀνάστασιν
1555 2579 1570 2603 ,
1601 2541 1695 2593 καὶ
1720 2556 1889 2592 ποτα-

312 2631 426 2701 πὴν
456 2630 554 2700 τὴν
582 2630 760 2700 κρίσιν
790 2629 1201 2700 φανταζόμενοι,
1226 2630 1286 2683 ού
1314 2630 1453 2683 πάνυ
1482 2631 1889 2702 σαφηνίζοντες.

2069 2262 2267 2334 Hujus,
2303 2264 2504 2335 inquit,
2537 2264 2640 2319 loci
2672 2265 3000 2321 auctoritate
3028 2266 3175 2333 freti,
3209 2268 3574 2339 simpliciores

1996 2357 2220 2427 quidam
2269 2372 2335 2412 ex
2373 2356 2626 2412 ﬁdelibus
2672 2364 2874 2427 negant
2924 2358 3101 2413 malos
3148 2363 3574 2420 resurrectionis

1994 2455 2274 2517 compotes
2303 2446 2539 2514 futuros,
2566 2455 2660 2503 aut
2693 2447 2785 2503 Dei
2813 2448 3025 2519 judicio
3044 2450 3372 2520 dignandos,
3397 2470 3574 2525 neque

1995 2536 2307 2605 cujusmodi
2346 2541 2826 2607 resurrectionem,
2858 2548 2951 2595 aut
2978 2543 3140 2612 quale
3172 2544 3276 2598 sibi
3301 2544 3572 2614 judicium

2001 2630 2232 2702 ﬁngant,
2266 2639 2454 2702 aperte
2489 2631 2624 2688 satis
2660 2633 2997 2703 exprimunt.
3038 2636 3117 2691 Ac
3165 2628 3293 2691 licet
3323 2653 3476 2693 suam
3508 2642 3577 2695 de

315 2722 437 2775 Κᾶν
476 2720 670 2786 δόξωσι
709 2722 1069 2794 περὶτούτων
1103 2722 1497 2792 ἀποφαίνεσθαι
1531 2766 1546 2786 ,
1596 2726 1629 2794 ἡ
1665 2722 1895 2794 βάσανος

2000 2722 2087 2777 his
2115 2723 2445 2777 sententiam
2477 2722 2693 2792 aperire
2730 2721 3038 2790 videantur,
3082 2725 3200 2796 ipsa
3236 2727 3360 2782 illos
3398 2729 3580 2798 inqui-

318 2814 515 2876 αὐτοὺς
550 2812 811 2881 διελέγξει
834 2852 849 2877 ,
889 2814 949 2867 τὸ
985 2813 1111 2883 ἐξῆς
1143 2813 1451 2878 ἀκολούθως
1478 2814 1671 2878 σώζειν
1705 2814 1765 2867 οὐ
1803 2814 1895 2867 δυ-

2003 2812 2134 2866 sitio
2169 2812 2483 2879 convincet,
2516 2812 2883 2884 ostendetque
2926 2830 3029 2870 nec
3057 2816 3203 2886 quod
3232 2832 3582 2890 consequens

320 2904 616 2976 ναμένους.
659 2903 734 2975 μὴ
776 2904 1187 2975 κεκρατηκότας
1225 2905 1316 2957 τὸν
1361 2906 1492 2976 περὶ
1546 2906 1895 2969 ἀναστάσεως

2002 2912 2086 2960 est
2120 2918 2186 2958 ac
2229 2904 2514 2959 cobaarens
2556 2904 2763 2960 servari
2796 2905 2864 2960 ab
2894 2906 3004 2961 illis
3037 2921 3221 2977 posse,
3253 2924 3355 2964 nec
3396 2926 3584 2965 resur-

320 2995 416 3046 xui.
461 2994 691 3064 κρίσεως
728 2994 947 3064 τρόπον.
989 2996 1112 3049 Ἐὰν
1155 2992 1248 3049 οὖν
1290 2996 1715 3068 πυνθανώμεθα,
1755 2998 1895 3061 τίνος

2004 2994 2271 3050 rectionis
2302 3009 2368 3049 ac
2411 2994 2608 3064 judicii
2663 2994 2884 3049 modum
2934 3005 2988 3050 et
3030 2997 3295 3053 rationem
3333 3000 3585 3071 intelligi.

322 3085 618 3149 ἀνάστασις
646 3086 886 3153 γίνεταις
940 3089 1367 3158 ἀποκρίνονται,
1410 3091 1611 3159 φησὶν,
1661 3092 1744 3143 ὅτι
1793 3091 1895 3145 τῶν

2006 3084 2179 3156 Igitur
2207 3086 2255 3140 si
2302 3085 2710 3156 interrogemus
2744 3087 3031 3155 cujusnam
3064 3089 3136 3143 sit
3181 3088 3367 3144 futura
3402 3106 3591 3145 resur-

326 3180 616 3250 σωμάτων,
653 3174 727 3232 ὧν
761 3181 1122 3252 περικείμεθα
1161 3181 1275 3235 νῦν.
1314 3177 1446 3235 Εἶτα
1475 3198 1895 3254 προσεπερωτη-

2006 3177 2210 3232 rectio:
2247 3190 2565 3247 corporum,
2604 3178 2955 3247 respondent,
2985 3194 3107 3246 quae
3137 3194 3238 3236 nos
3269 3180 3428 3236 modo
3476 3182 3591 3235 cir-

327 3272 535 3325 σάντων
574 3271 760 3342 ἡμῶν,
810 3272 1035 3343 πότερον
1069 3273 1169 3343 τῆς
1220 3274 1409 3338 οὐσίας
1455 3274 1583 3347 ὅλης
1626 3274 1895 3345 αύτῶν,ἧ

2008 3267 2293 3323 cumdant.
2349 3268 2689 3324 lnstantibus
2734 3268 2929 3333 nobis,
2975 3271 3143 3325 totius
3197 3271 3414 3325 illorum
3462 3272 3596 3327 sub-

326 3364 446 3436 οὐχί
476 3382 490 3430 ;
526 3365 655 3435 πρὶν
688 3363 976 3433 βασανίσαι
1013 3364 1264 3434 λέγουσιν
1290 3408 1304 3428 ,
1338 3368 1419 3420 ὅτι
1452 3365 1554 3437 τῆς
1583 3365 1729 3436 ὅλης.
1782 3366 1908 3421 Ἐὰν

326 3456 387 3511 δέ
415 3457 927 3528 προσαπορήσωμεν
978 3459 1510 3530 συμπεριφερόμενοι
1538 3461 1605 3530 τῇ
1655 3458 1911 3530 ἀκεραιό·

328 3562 453 3617 τητι
479 3545 689 3609 αὐτῶν,
734 3546 828 3599 καὶ
872 3547 1025 3600 οὐδὲν
1073 3546 1326 3619 περὶτοῦ
1373 3547 1603 3621 ῥευστὴν
1645 3544 1781 3602 εἶναι
1811 3547 1911 3618 τὴν

330 3634 519 3687 οὐσίαν
551 3632 894 3700 ἐξετάζοντες
917 3674 932 3697 ,
962 3636 1011 3688 εἰ
1044 3636 1504 3705 συναναστήσεται
1542 3634 1611 3686 τὰ
1638 3632 1912 3706 ἀπορρεύ-

335 3742 503 3780 σαντα
534 3726 590 3778 ἐν
622 3725 1006 3797 φλεϐοτομίαις
1040 3727 1268 3797 αἵματα,
1300 3726 1396 3781 καὶ
1420 3727 1477 3780 αἱ
1517 3729 1828 3781 ἐκτακεῖσαι
1855 3725 1914 3777 ἐν

334 3818 509 3879 νόσοις
538 3818 739 3889 σάρκες
758 3857 773 3880 ,
810 3818 903 3872 καὶ
928 3819 1111 3890 τρίχες
1142 3823 1313 3872 πᾶσαι
1351 3820 1407 3872 αί
1439 3818 1659 3872 πώποτε
1689 3817 1915 3888 γενόμε-

333 3926 424 3963 ναι
444 3950 460 3975 ,
498 3909 532 3980 ἦ
565 3912 722 3982 μόναι
753 3912 809 3965 αἱ
855 3912 993 3983 πρὸς
1034 3915 1100 3983 τῇ
1132 3913 1295 3982 ἐξόδῳ
1325 3912 1667 3982 θλιϐόμεναι’
1697 3909 1788 3963 ὁτὲ
1817 3910 1916 3979 μὲν

338 4001 742 4072 προσκόπτουσι
779 4003 875 4057 καὶ
918 4005 985 4073 τῇ
1040 4005 1302 4076 γινομένῃ
1348 4004 1627 4069 ἐξετάσει,
1679 4003 1917 4071 οἰόμενοι

337 4090 446 4145 δεῖν
498 4093 810 4165 ἐπιτρέπειν
862 4094 939 4165 τῷ
965 4095 1119 4167 Θεῷ,
1169 4095 1197 4148 ὃ
1245 4094 1494 4165 βούλεται
1537 4095 1666 4167 περὶ
1714 4093 1919 4147 τούτων

338 4189 548 4240 ποιεῖν·
596 4186 687 4241 ὁτέ
738 4187 824 4251 δέ,
860 4186 1142 4250 δοκοῦντες
1187 4187 1672 4257 συγκαταϐαίνειν.
1706 4187 1803 4251 τὰς
1830 4187 1895 4238 ἐπ

2021 4196 2271 4242 nostrum
2317 4185 2701 4241 etlloruerint:
2746 4201 3143 4255 nonnunquam
3191 4185 3259 4240 ad
3293 4201 3413 4242 eam

338 4281 485 4335 τέλει
513 4279 715 4350 ταύτης
745 4281 845 4351 τῆς
889 4279 1034 4349 ζωῆς
1065 4279 1258 4350 τρίχας
1300 4279 1464 4349 φασὶν
1511 4280 1644 4351 ⁴ἡμῖν
1692 4296 1895 4333 συναναη

2024 4280 2261 4337 stionem
2312 4278 2617 4343 oﬂ‘endunt,
2656 4294 2722 4334 ac
2754 4276 2867 4334 Deo
2898 4278 3322 4348 permittendum
3358 4293 3419 4333 es

343 4371 657 4443 στήσεσθαι.
699 4373 762 4425 Oi
793 4372 848 4424 δέ
878 4370 1243 4441 γενναιότεροι
1272 4370 1472 4438 αὐτῶν,
1511 4370 1597 4423 ἵνα
1642 4369 1716 4441 μὴ
1753 4370 1922 4438 ἀναγ-

2012 3361 2230 3415 stantia:
2258 3375 2435 3416 necne
2460 3360 2639 3414 futura
2674 3360 2777 3414 sit:
2812 3370 3101 3430 antequam
3135 3361 3423 3432 diligenter
3449 3362 3595 3417 istud

2011 3450 2394 3519 cxpenderint.
2420 3451 2590 3506 totius
2609 3449 2724 3505 fore
2742 3451 3118 3520 pronuntiant.
3147 3451 3303 3517 Quod
3327 3454 3374 3508 si
3404 3468 3507 3508 nos
3528 3452 3598 3508 ad

2012 3544 2229 3598 illorum
2254 3542 2657 3612 simplicitatem
2680 3542 3194 3606 accommodantes,
3233 3557 3411 3614 neque
3449 3541 3602 3614 quid-

2013 3650 2176 3707 quam
2206 3634 2274 3690 de
2302 3633 2448 3689 ﬂuxa
2476 3648 2541 3689 ac
2586 3633 2836 3688 mutabili
2870 3649 3161 3704 corporum
3190 3644 3386 3689 natura
3412 3634 3603 3705 dispu-

2018 3734 2220 3792 tantes,
2253 3724 2555 3781 dubitando
2586 3739 2809 3779 rursum
2860 3724 3294 3796 interrogemus,
3326 3741 3457 3779 num
3490 3740 3603 3780 una

2017 3821 2241 3895 sanguis
2289 3819 2381 3874 ille
2422 3818 2604 3873 omnis
2640 3824 2919 3887 resurgat,
2951 3818 3044 3888 qui
3104 3825 3254 3873 secta
3306 3818 3604 3873 identidem

2022 3927 2159 3965 vena
2193 3909 2504 3974 deﬂuxerit,
2536 3925 2601 3965 ac
2636 3908 2903 3979 quidquid
2936 3916 3198 3980 praeterea
3234 3909 3420 3964 carnis
3456 3923 3608 3963 mor-

2025 4002 2222 4059 borum
2252 4003 2336 4058 vis
2382 4002 2774 4073 absumpserit,
2800 4016 3015 4056 necnon
3047 4010 3102 4056 et
3132 4002 3229 4072 pili
3270 4016 3486 4066 omnes,
3511 4000 3608 4071 qui

2023 4109 2265 4164 unquam
2297 4094 2444 4148 enati
2471 4102 2620 4160 sunt,
2651 4109 2719 4148 an
2744 4094 2779 4147 ii
2811 4093 3108 4158 duntaxat,
3132 4095 3226 4163 qui
3262 4095 3367 4149 sub
3395 4094 3608 4149 obitum

3492 4202 3606 4241 ιιεε-

3525 4277 3612 4333 di-

2025 4377 2180 4436 cunt,
2196 4376 2256 4423 ut
2276 4367 2540 4438 quidquid
2558 4367 2790 4422 voluerit
2813 4367 2882 4422 de
2896 4382 2959 4421 ea
2984 4366 3313 4433 constituat;
3332 4365 3611 4423 interdum

342 4438 615 4529 κάξωνται
648 4464 716 4518 τὰ
738 4438 946 4534 αἵματα
979 4438 1302 4531 συναγαγεῖν
1334 4462 1410 4532 τῷ
1438 4462 1601 4532 λόγῳ,
1629 4438 1892 4515 τὰπολλὰ

2027 4477 2180 4527 vero,
2195 4462 2343 4517 velut
2360 4460 2732 4525 assentiendo,
2751 4460 2900 4515 solos
2918 4460 3040 4514 illos
3066 4459 3346 4513 nobiscum
3366 4474 3612 4514 resurre-

343 4572 433 4619 κις
458 4554 825 4626 ἀποκριθέντα
858 4554 965 4607 τῶν
1001 4554 1268 4623 σωμάτων
1292 4553 1449 4624 ἡμῶν
1467 4592 1483 4617 ,
1512 4554 1607 4607 καὶ
1635 4554 1739 4617 τὰς
1761 4569 1895 4624 μετα

2031 4561 2221 4608 cturos
2255 4569 2379 4609 esse
2424 4552 2567 4623 pilos
2601 4560 2876 4617 asserunt,
2921 4567 3059 4621 quos
3105 4551 3209 4608 sub
3245 4552 3369 4606 vitae
3403 4552 3612 4606 exitum

347 4646 645 4709 ϐαλλούσας
672 4647 880 4718 σάρκας
917 4649 976 4699 ἐν
1008 4646 1182 4709 νόσοις
1229 4647 1243 4677 ³
1287 4645 1549 4717 ἱδρῶτας,
1590 4645 1624 4717 ἢ
1671 4646 1789 4698 οἵαν
1831 4645 1893 4716 δή

2034 4646 2413 4701 habuerimus.
2440 4644 2508 4699 At
2538 4644 2630 4715 qui
2664 4645 2839 4716 magis
2867 4644 3009 4699 inter
3040 4643 3166 4697 illos
3205 4642 3416 4698 strenui
3457 4648 3609 4709 sunt,

349 4757 481 4793 ποτε
536 4739 707 4811 ὓλην,
759 4740 890 4809 φασὶ
944 4737 1013 4792 τὰ
1061 4738 1155 4791 ἐπὶ
1206 4736 1350 4791 τέλει
1399 4736 1555 4809 ἡμῶν
1608 4735 1895 4791 ἀνίστασθα

2035 4754 2107 4795 ne
2154 4737 2439 4810 sanguinis
2488 4738 2701 4808 ecpiam
2749 4752 3008 4804 omnem,
3039 4735 3135 4806 qui
3176 4751 3245 4791 ex
3288 4734 3613 4805 corporibus

352 4832 597 4905 σώματα.

2036 4827 2245 4885 nostris
2297 4828 2619 4899 plerumque
2663 4825 2826 4898 534
2861 4832 3107 4881 secretus
3143 4831 3261 4890 est,
3317 4823 3615 4893 itidemque

350 4941 572 4982 carnem
615 4940 855 4987 omnem,
884 4939 1007 4995 quae
1036 4940 1131 4995 per
1171 4925 1393 4980 morbos
1424 4924 1478 4979 in
1519 4925 1799 4985 sudorem.
1834 4932 1930 4977 aut
1968 4923 2130 4977 aliam
2164 4922 2439 4994 ejusmodi
2477 4922 2765 4977 materiam
2829 4920 2985 4984 abiit,
3053 4918 3110 4973 in
3151 4932 3320 4973 unum
3363 4913 3617 4972 conferre

353 5034 452 5076 sua
484 5020 732 5073 oratione
776 5025 1062 5089 cogantur,
1099 5020 1279 5089 qualia
1320 5018 1425 5074 sub
1455 5027 1685 5073 mortem
1719 5020 2052 5084 exstiterint,
2088 5031 2376 5088 resurgere
2420 5029 2653 5087 corpora
2685 5020 2874 5070 nostra
2911 5011 3228 5084 praedicant.

427 5134 524 5188 ΙΝ.
566 5131 750 5185 Ταῦτά
781 5132 897 5185 ἐστι
945 5131 1014 5186 τὰ
1040 5131 1136 5185 τοῦ
1167 5131 1570 5203 προειρημένου
1613 5130 1895 5199 ἐθελοσόφο

2104 5126 2197 5183 XI.
2241 5126 2335 5183 Ha:
2381 5124 2641 5196 opinione
2701 5137 2796 5180 sua
2844 5120 3106 5190 sapientis
3172 5116 3320 5171 illius
3375 5114 3617 5169 hominis

356 5224 735 5296 ἐπαπορητικά
772 5224 910 5295 πρὸς
941 5223 1041 5295 τὴν
1081 5224 1336 5297 ἀλήθειαν
1381 5224 1641 5289 λεξείδια·
1683 5222 1719 5277 δι
1768 5224 1895 5291 ἀναοι

2038 5219 2306 5276 adversus
2335 5220 2623 5274 veritatem
2657 5216 2951 5287 pr0positae
2984 5208 3406 5282 objectiuncula:
3444 5217 3572 5262 sunt
3600 5224 3613 5262 :

360 5318 531 5381 καίως
577 5316 898 5389 παρεθέμην
945 5318 1024 5379 εἰς
1057 5315 1399 5389 παράστασιν
1439 5316 1551 5379 τοῖς
1594 5314 1895 5385 βουλομένω

2033 5327 2154 5381 qua:
2180 5310 2313 5364 mihi
2344 5308 2661 5365 necessario
2686 5305 3025 5379 proferenda:
3069 5304 3309 5366 fuerunt,
3354 5311 3413 5355 ut
3450 5315 3613 5371 quam

359 5407 557 5462 ειδέναι
583 5406 675 5459 τὸν
704 5405 880 5458 πάντα
919 5404 1043 5458 νοῦν
1079 5404 1259 5459 αὐτῶν
1295 5404 1394 5475 τῆς
1429 5405 1558 5475 περὶ
1590 5402 1895 5456 ἀναστάσεο

2036 5404 2129 5458 ille
2170 5401 2237 5458 de
2270 5402 2679 5459 resurrectione
2708 5414 2901 5471 parum
2943 5413 3077 5454 sane
3128 5411 3194 5450 ac
3226 5393 3458 5449 ﬁdeliter
3490 5407 3617 5448 sen-

368 5497 642 5561 ἀπιστίας.
679 5497 789 5551 Καὶ
828 5496 939 5567 γὰρ
979 5496 1074 5550 καὶ
1100 5496 1234 5549 ἄλλα
1272 5496 1384 5565 ἔχει
1417 5495 1537 5566 μεθ’
1571 5496 1733 5566 ἕτερα
1772 5493 1895 5547 πολλ

2040 5493 2199 5557 serit,
2230 5494 2350 5563 ejus
2379 5493 2458 5548 rei
2494 5492 2863 5564 intelligenda:
2889 5490 3102 5561 cupidis
3133 5488 3357 5559 planum
3389 5485 3617 5539 omnino

366 5590 425 5645 ἐν
461 5586 634 5661 ταύτῃ
665 5590 731 5659 τῇ
781 5586 875 5640 τοῦ
924 5585 1143 5658 ψαλμοῦ
1197 5586 1510 5658 ἀκολουθίᾳ.
1554 5584 1756 5640 Φάσκει
1802 5586 1895 5655 γάρ

2041 5585 2300 5641 facerem.
2322 5584 2459 5641 Nam
2487 5592 2543 5641 et
2565 5585 2670 5641 alia
2690 5585 2759 5641 ad
2785 5585 3036 5641 eumdem
3062 5581 3332 5653 psalmum
3358 5575 3619 5646 deinceps

446 5744 463 5773 '
491 5743 649 5804 Deest
676 5747 775 5810 εἰς.
854 5747 875 5777 ¹
905 5743 1091 5799 Matth.
1126 5760 1199 5807 χι,
1232 5743 1321 5797 ‘27.
1400 5744 1419 5774 ³
1446 5740 1603 5798 Joan.
1633 5758 1742 5808 xtv,
1772 5741 1824 5797 9.
1904 5741 1924 5772 δ
1950 5738 2097 5798 Psal.
2135 5754 2176 5805 t,
2199 5740 2253 5796 5.
