4082 6394
481 333 618 385 1087

1907 330 1967 386 S.
2007 326 2343 384 El’lPllANll

3647 319 3833 375 1038

482 445 548 498 a.l
584 445 726 499 hunc
757 445 976 500 modum
1018 444 1263 501 disserit.
1295 444 1388 501 Sic
1418 463 1565 502 enim
1599 448 1880 515 loquitur:
1919 446 2059 500 Pro-

2174 445 2265 498 Διὰ
2286 443 2460 496 τοῦτο
2487 443 2598 496 οὐκ
2624 440 3068 505 ἀναστήσονται
3094 445 3147 493 οὶ
3172 439 3407 506 ἀσεϐεῖς
3428 441 3506 493 ἐν
3532 442 3822 508 κρίσει-

481 546 660 602 pterea
699 551 802 588 non
846 547 1115 607 reatu-gent
1148 538 1298 604 impii
1335 538 1388 591 in
1404 538 1632 607 judicio.
1664 539 1802 593 Tum
1841 555 1938 593 eos
1979 555 2064 593 re-

482 626 748 695 darguere
801 629 1009 699 pergit,
1043 629 1134 699 qui
1182 639 1387 685 certam
1435 647 1559 687 esse
1606 632 2062 686 resurrectionem

483 716 788 782 definiunt,
845 727 899 775 et
929 721 1251 776 excitandos
1285 721 1352 775 ad
1406 723 1573 775 vitam
1631 731 1877 776 mortuos
1933 738 2065 776 con-

483 810 651 864 stanti
677 826 774 881 spe
806 826 869 864 ac
903 812 1005 866 fide
1041 813 1382 882 profitentur.
1408 813 1558 880 Quos
1589 814 1807 883 quidem
1835 814 2064 868 nimium

485 901 578 956 ille
609 903 889 973 simplices
917 912 1092 973 putat,
1120 920 1182 960 ac
1217 907 1386 959 multa
1411 907 1674 962 adversus
1707 907 1829 961 illos
1855 907 2066 962 nefaria

486 994 838 1064 depromens,
875 1005 930 1051 et
978 997 1278 1066 sophistica
1315 999 1550 1067 quadam
1584 999 1929 1054 cavillatione
1968 1015 2065 1070 ag-

487 1088 767 1157 grediens,
794 1103 972 1157 neque
1016 1089 1312 1159 quidquam
1346 1106 1412 1144 ex
1441 1089 1754 1144 Christiana
1793 1090 1894 1145 fide
1927 1092 2065 1160 peti-

488 1189 628 1243 tum,
663 1179 757 1234 sed
793 1181 1304 1237 ratiocinationibus
1339 1181 1649 1246 collectum,
1687 1183 1820 1236 nihil
1860 1197 1966 1236 non
1997 1183 2065 1237 ad

487 1285 605 1334 eos,
647 1272 848 1341 quibus
892 1275 1216 1342 persuadere
1257 1275 1537 1343 potuerit,
1574 1275 1901 1330 cvertendos
1933 1274 2066 1330 affe—

490 1377 642 1428 rens,
669 1380 734 1418 ex
783 1363 849 1419 iis
894 1364 1028 1434 ipsis
1074 1381 1196 1435 quae
1227 1366 1552 1421 naturaliter
1597 1366 1757 1421 nobis
1785 1368 2064 1430 eveniunt,

489 1453 544 1510 id
591 1458 809 1528 assequi
853 1469 1084 1514 conatus
1130 1467 1248 1525 est,
1310 1469 1371 1513 ut
1406 1461 1828 1515 resurrectionis
1866 1469 2068 1516 nostra:

489 1566 614 1603 cum
652 1567 746 1622 spe
788 1560 936 1606 certa
970 1552 1323 1620 conjunctam
1370 1553 1769 1622 professionem
1823 1553 2068 1608 funditus

490 1643 726 1698 tolleret.
744 1642 855 1714 Ego
885 1660 1014 1699 vero
1043 1645 1110 1700 iis
1139 1644 1273 1714 ipsis
1299 1647 1392 1714 qui
1415 1655 1541 1699 ante
1569 1663 1655 1701 me
1685 1646 1740 1700 in
1762 1662 1884 1700 eum
1919 1646 2069 1699 labo-

487 1737 602 1790 rem
650 1735 1040 1800 incubuerunt,
1083 1748 1138 1792 et
1181 1739 1442 1793 oratoriis
1489 1738 1778 1794 lenociniis
1829 1737 2065 1793 fucatam

2177 534 2458 590 Ἐντεῦθεν
2512 534 2569 588 δέ
2626 533 3054 604 ἐπιλαμϐάνεται
3084 535 3176 588 καὶ
3208 533 3467 587 ἐπέκεινα
3512 533 3652 584 τῶν
3693 532 3831 601 τὴν

2166 629 2382 700 ἀσφαλῆ
2407 628 2704 682 ἀνάστασιν
2733 626 3041 699 ὀριζόντων,
3072 627 3168 681 καὶ
3201 627 3300 699 τὴν
3335 628 3569 698 βεϐαίαν
3613 628 3828 681 ἐλπί-

2164 721 2230 774 δα
2275 721 2374 790 τῆς
2422 720 2532 772 τῶν
2587 719 2794 789 νεκρῶν
2832 719 3182 781 ἀναστάσεως
3231 720 3613 771 πιστευόντων
3654 763 3676 785 ,
3726 720 3826 782 ὡς

2166 811 2440 882 ἀκεραίων
2470 801 2638 863 ὄντων
2659 853 2673 875 ,
2728 810 2896 863 πολλὰ
2929 808 3176 881 μοχθηρὰ
3214 809 3486 876 ἐπειπὼν,
3519 812 3637 865 καὶ
3708 829 3826 864 σο-

2166 904 2420 974 φιστικήν
2458 920 2578 955 τινα
2612 902 2868 955 ὑπόνοιαν
2902 902 3321 973 ὑφηγησάμενος
3342 941 3356 965 ,
3391 900 3451 954 οὗ
3482 920 3541 956 τι
3573 920 3820 954 πεπι-

2167 998 2262 1049 κδν
2281 1037 2294 1058 ,
2337 996 2470 1048 ἀλλὰ
2502 995 2905 1064 συλλογιστικὸν
2927 1036 2938 1058 ,
2977 996 3085 1047 πᾶν
3117 994 3294 1048 ὁτιοῦν
3331 997 3410 1059 είς
3440 1012 3818 1065 καταστρο-

2167 1086 2271 1157 φὴν
2302 1086 2410 1139 τῶν
2441 1085 2588 1156 αὐτῷ
2624 1086 2975 1145 πεισθέντων,
3015 1087 3078 1138 ἐκ
3116 1085 3220 1138 τῶν
3251 1085 3389 1139 κατὰ
3423 1087 3595 1156 φύσιν
3633 1089 3820 1156 ἡμῖν

2169 1179 2574 1250 συμϐαινόντων
2626 1179 2925 1250 ἀνατρέψαι
2961 1178 3222 1249 ἐπειράθη
3256 1179 3354 1249 τῆς
3391 1179 3574 1248 αὐτῆς
3627 1180 3817 1230 ἀνα.-

2169 1272 2411 1336 στάσεως
2457 1271 2614 1341 ἡμῶν
2662 1271 2719 1322 ἐν
2769 1270 2999 1340 ἀληθείᾳ
3038 1269 3245 1332 ἐλπίδος
3288 1269 3386 1340 τὴν
3433 1269 3810 1339 ὁμολογίαν.

2180 1363 2318 1433 Ἐγὼ
2347 1363 2402 1416 δὲ
2433 1363 2540 1415 τῶν
2569 1362 2752 1426 καλῶς
2785 1363 2884 1432 ἤδη
2911 1361 3288 1431 κεκμηκότων,
3318 1362 3410 1414 καὶ
3432 1360 3815 1413 δικαιότατα

2167 1455 2582 1527 ἀνατρεψάντων
2615 1455 2712 1526 τὴν
2747 1456 2926 1507 πᾶσαν
2981 1452 3146 1506 αὑτοῦ
3195 1454 3636 1524 ἐπινενοημένην
3682 1455 3817 1523 ρη-

2166 1550 2390 1623 τορικὴν
2428 1551 2764 1620 κακουργίαν
2807 1549 2882 1620 μὴ
2921 1551 2978 1602 ἐν
3012 1550 3186 1621 τόλμῃ
3221 1549 3453 1603 καλλίων
3493 1550 3814 1620 βουλόμε-

2168 1660 2257 1706 νος
2290 1638 2448 1705 εἶναι,
2488 1635 2575 1694 οἷα
2603 1640 2668 1712 δὴ
2700 1641 2904 1712 βραχὺς
2939 1641 3230 1715 ὑπάρχων,
3275 1641 3624 1712 ἀρκεσθῆναι
3658 1640 3812 1694 ἑνό-

2173 1751 2305 1805 μισα
2334 1733 2514 1796 καλῶς
2540 1732 2682 1803 ἔχειν
2715 1737 2828 1796 τοῖς
2864 1734 2968 1786 ὑπὸ
3014 1733 3107 1786 τοῦ
3141 1723 3439 1804 μακαρίτου
3462 1733 3806 1798 Μεθοδέου,

488 1829 727 1884 hominis
751 1831 1049 1900 nequitiam
1081 1831 1406 1898 iustissimis
1435 1831 1742 1888 rationibus
1763 1833 2060 1897 diluerunt,

2174 1827 2247 1888 εἰς
2279 1826 2368 1879 τὸν
2399 1826 2536 1894 Περὶ
2567 1825 2959 1890 ἀναστάσεως
3004 1824 3195 1894 λόγον,
3252 1826 3391 1879 κατά
3438 1825 3537 1878 τοῦ
3598 1827 3803 1880 αὖτιῑῦ

489 1923 836 1991 praestantior
861 1923 1032 1977 videri
1065 1939 1410 1995 nequaquam
1441 1923 1724 1988 affectans,
1754 1933 1942 1994 utpote
1969 1926 2062 1994 qui

488 2013 750 2067 mediocri
781 2016 884 2069 sim
917 2015 1133 2085 ingenio
1170 2017 1456 2087 praeditus,
1512 2025 1829 2071 contentum
1878 2033 1965 2072 me
1997 2019 2064 2074 iis

485 2119 610 2160 esse
647 2115 899 2174 oportere
949 2108 1169 2175 putavi,
1225 2125 1346 2178 qua:
1395 2109 1587 2163 beatus
1646 2106 1952 2161 Methodius
2007 2106 2065 2159 in

2181 1920 2484 1990 Ὤριγένους
2518 1919 2848 1990 εἰρημένοις.
2892 1919 3082 1972 Ἀτινα
3140 1919 3373 1972 ἐνταῦθα
3415 1920 3564 1972 κατὰ
3626 1920 3804 1984 λέξιν

2169 2012 2579 2083 παραθήσομαι.
2614 2011 2724 2064 Καὶ
2757 2010 2872 2064 ἐστι
2899 2011 2966 2064 τὰ
2995 2011 3100 2064 ὑπὸ
3130 2011 3391 2066 Μεθοδίου
3429 2010 3616 2075 οὕτως
3645 2052 3661 2076 ,
3701 2013 3802 2074 ὡς

2172 2107 2265 2159 καὶ
2302 2107 2463 2170 αὐτὸς
2502 2104 2686 2170 ἔταξα.

487 2201 758 2264 oratione,
825 2217 988 2272 quam
1049 2203 1124 2258 De
1157 2205 1538 2258 resurrectione
1593 2204 1836 2273 scripsit,
1877 2202 2142 2257 adversus
2179 2202 2428 2257 eumdem
2455 2200 2741 2270 Origeuem
2786 2201 3065 2256 disseruit.
3101 2201 3232 2268 Quae
3285 2201 3506 2273 quidem
3549 2203 3654 2258 hic
3706 2202 3808 2256 ad.

485 2298 711 2352 verbum
747 2301 929 2353 omnia
973 2303 1355 2356 transcriham.
1387 2301 1478 2356 Sic
1520 2301 1687 2372 igitur
1741 2297 2072 2361 Methodius.
2114 2306 2175 2352 ut
2200 2296 2344 2352 infra
2377 2298 2644 2367 scriptum
2675 2303 2790 2358 est,
2824 2297 3081 2368 loquitur.

633 2433 870 2502 Epitome
907 2435 1214 2507 dugmalum
1251 2436 1501 2506 Origeni:
1536 2452 1600 2490 ea:
1637 2435 1926 2490 Methodio.

556 2547 672 2602 Xll.
709 2547 823 2601 lloc
855 2549 1024 2618 igitur
1059 2549 1178 2603 loco
1199 2550 1293 2620 qui
1327 2567 1391 2605 ex
1428 2549 1680 2606 fidelibus
1711 2549 2071 2620 simpliciores

487 2647 616 2693 sunt
652 2637 884 2692 maxime
933 2639 1091 2704 freti,
1145 2641 1344 2711 impios
1393 2650 1592 2711 negant
1648 2641 2070 2696 resurrectionis

487 2741 770 2801 compotes
801 2733 1040 2798 futuros,
1083 2750 1263 2803 neque
1303 2736 1434 2806 quid
1464 2751 1561 2807 per
1603 2735 2067 2792 resurrectionem

488 2824 816 2894 intelligant,
862 2827 998 2883 satis
1044 2829 1339 2897 explicant.
1377 2828 1510 2883 Nam
1565 2830 1668 2885 etsi
1699 2845 1853 2884 suam
1887 2830 1952 2884 de
1986 2829 2071 2884 his

488 2919 822 2972 sententiam
861 2921 1220 2991 pronuntiare
1271 2921 1586 2985 videantur,
1633 2939 1699 2976 ex
1735 2922 1848 2992 ipsa
1885 2930 2069 2975 tamen

488 3011 844 3080 inquisitione
895 3013 1173 3068 constabit
1224 3013 1448 3068 minime
1509 3014 1654 3079 illos,
1709 3028 1830 3083 quae
1879 3028 2070 3068 consc-

2197 2433 2322 2487 Τῶν
2353 2432 2693 2501 Ὠριτένους
2723 2433 2973 2502 ἐπιτομὴ
3007 2434 3120 2502 (51)
3159 2433 3227 2485 ἑκ
3262 2431 3377 2486 τῶν
3415 2432 3760 2488 Μεθοδίου.

2241 2547 2341 2601 IB'.
2392 2545 2672 2599 Ἐντεῦθεν
2703 2548 2752 2599 οἱ
2785 2546 3141 2616 ἁπλούστεροι
3170 2544 3280 2598 τῶν
3312 2547 3792 2598 πεπιστευκότων

2167 2637 2477 2710 ὁρμώμενοι
2504 2677 2518 2699 ,
2554 2636 2834 2707 νομίξουσι
2871 2638 2996 2700 τοὺς
3032 2638 3245 2701 ἀσεϐεῖς
3279 2637 3377 2706 τῆς
3408 2639 3786 2704 ἀναστάσεως

2171 2733 2244 2803 μὴ
2273 2731 2572 2794 τεύξεσθαι,
2595 2731 2647 2783 τί
2685 2731 2932 2796 νοοῦντες
2963 2731 3060 2803 τὴν
3097 2733 3390 2785 ἀνάστασιν
3417 2772 3432 2795 ,
3463 2733 3558 2785 καὶ
3589 2751 3814 2787 metu-

2169 2823 2274 2893 πὴν
2301 2822 2400 2893 τὴν
2429 2821 2607 2890 κρίσιν
2634 2821 3050 2891 φανταζόμενοι,
3080 2823 3141 2874 οὐ
3176 2823 3316 2876 πάνυ
3348 2820 3775 2891 σαφηνίζοντες.

2170 2915 2290 2968 Κᾶν
2330 2915 2438 2984 γὰρ
2469 2913 2686 2966 δοκοῦσι
2715 2915 2844 2984 περὶ
2881 2913 3087 2967 τούτων
3118 2914 3513 2983 ἀποφαίνεσθαι
3533 2957 3547 2978 ,
3583 2915 3618 2984 ἡ
3655 2915 3778 2984 βά-

2171 3024 2326 3070 σανος
2357 3006 2554 3070 αὐτοὺς
2591 3005 2854 3074 διελέγξει
2877 3046 2891 3069 ,
2950 3006 3020 3059 τὰ
3059 3007 3188 3077 ἐξῆς
3216 3007 3521 3069 ἀκολούθως
3564 3007 3778 3071 σώζειν

486 3105 712 3172 quentia
749 3111 901 3166 sunt.
935 3120 1094 3173 posse
1122 3121 1362 3160 scrvare.
1403 3105 1584 3171 Quare
1624 3106 1668 3161 si
1705 3121 1801 3162 eos
1837 3106 2068 3160 interro-

2175 3104 2249 3176 μὴ
2279 3105 2627 3176 δυναμένους.
2668 3104 2792 3156 Ἐἒιν
2819 3099 2913 3158 οὖν
2950 3103 3368 3174 πυνθανώμεθα,
3404 3104 3550 3166 τίνος
3577 3105 3774 3158 αὐτῶν

488 3213 697 3266 gemus,
731 3197 1017 3267 cujusnam
1049 3199 1378 3253 resurrectio
1420 3198 1600 3251 futura
1634 3198 1738 3253 sit:
1770 3213 2061 3267 corporum

489 3286 650 3356 535
687 3289 893 3356 utique,
929 3289 1276 3358 respondent,
1303 3288 1502 3358 quibus
1547 3288 1708 3342 modo
1741 3288 2063 3343 circumdati

490 3394 702 3434 sumus.
741 3378 844 3434 Sed
877 3380 1211 3434 instantibus
1256 3381 1414 3434 nobis
1462 3381 1698 3434 totius-ne
1749 3381 2069 3434 substantia:

489 3485 662 3524 necne
690 3487 812 3526 esse
833 3471 1026 3526 debeat
1054 3490 1066 3525 :
1100 3483 1388 3543 antequam
1417 3472 1706 3542 diligenter
1733 3471 2065 3540 expendant,

489 3560 660 3615 totius
699 3578 822 3616 esse
848 3562 1135 3617 definiunt.
1167 3562 1322 3629 Quod
1357 3565 1407 3619 si
1440 3579 1542 3618 nos
1569 3563 1636 3618 ad
1684 3563 1898 3617 illorum
1938 3563 2068 3619 sim-

490 3651 792 3721 plicitatem
839 3655 1320 3709 accommodantes
1382 3654 1578 3708 iterum
1621 3652 1922 3708 dubitando
1949 3670 2072 3724 per-

435 3747 442 3754 ’
492 3753 798 3810 contemur,
839 3762 970 3800 num
1023 3763 1131 3800 una
1169 3745 1394 3815 sanguis
1438 3746 1528 3800 ille
1582 3745 1926 3811 restituatur,
1978 3745 2070 3816 qui

493 3845 642 3893 secta
698 3839 993 3893 identidem
1028 3854 1165 3893 vena
1215 3838 1442 3894 defusus
1475 3846 1581 3904 est,
1609 3853 1823 3893 necnon
1854 3846 1908 3892 et
1945 3855 2073 3893 caro

493 3929 693 3994 omnis,
725 3945 787 3984 ac
821 3930 936 3999 pili,
983 3931 1073 4000 qui
1110 3946 1347 4001 unquam
1372 3931 1519 3986 enati
1569 3939 1715 3994 sunt,
1750 3945 1817 3985 an
1861 3932 1894 3985 ii
1933 3931 2074 3986 dun-

495 4031 664 4086 taxat,
691 4023 783 4093 qui
813 4023 914 4079 sub
938 4026 1144 4079 exitum
1176 4032 1422 4080 nostrum
1448 4023 1783 4080 eﬂloruerint
1803 4063 1818 4083 .
1850 4040 1914 4080 eo
1942 4042 2075 4080 con-

495 4114 729 4186 fugiunt,
763 4127 822 4172 ut
854 4115 965 4172 Deo
1013 4118 1442 4189 permittendum
1475 4134 1600 4173 esse
1627 4117 1832 4181 dicant,
1863 4127 1920 4172 ut
1954 4135 2075 4189 quae

495 4209 652 4274 velit,
673 4208 887 4263 elliciat.
919 4210 988 4262 At
1019 4209 1112 4280 qui
1140 4210 1314 4280 magis
1343 4210 1486 4264 inter
1524 4209 1648 4265 illos
1677 4209 1884 4264 strenui
1925 4218 2072 4276 sunt,

494 4314 564 4352 ne
619 4301 902 4368 sanguinis
953 4299 1166 4369 copiam
1221 4315 1471 4362 omnem,
1500 4299 1594 4368 qui
1637 4315 1702 4354 ex
1751 4301 2076 4370 corporibus

495 4389 701 4442 nostris
727 4391 1049 4460 plerumque
1084 4399 1332 4445 secretus
1363 4398 1470 4454 est,
1522 4390 1577 4443 in
1623 4406 1794 4444 unum
1828 4391 2077 4446 conferre

2172 3199 2205 3268 ὴ
2235 3198 2526 3259 ἀνάστασις,⁹
2565 3196 2813 3264 γίνεται;
2850 3196 3271 3266 ἀποκρίνονται,
3302 3198 3384 3249 ὅτι
3415 3195 3522 3248 τῶν
3573 3197 3774 3265 σωμά-

2167 3308 2298 3351 των,
2327 3283 2400 3344 ὧν
2430 3289 2525 3342 νῦν
2556 3289 2938 3361 περικείμεθα.
2973 3285 3105 3343 Εῐτα
3147 3289 3771 3360 προσεπερωτησάντων

2167 3381 2348 3453 ἡμῶν,
2379 3382 2608 3453 πότερον
2635 3385 2734 3452 τῆς
2775 3383 2965 3446 οὐσίας
2988 3381 3167 3435 αὐτῶν
3199 3382 3346 3453 ὅλης,
3387 3383 3420 3453 ἦ
3453 3381 3601 3450 οὐχί;
3629 3381 3772 3451 πρὶν

2172 3474 2459 3544 βασανίσαι
2503 3475 2753 3542 λέγουσιν
2779 3515 2794 3539 ,
2834 3475 2916 3528 ὅτι
2947 3473 3095 3545 ὅλης.
3153 3473 3279 3528 Ἐὰν
3310 3473 3368 3526 δέ
3402 3474 3770 3543 προσαπορή-

2173 3580 2354 3634 σωμεν
2388 3563 2920 3636 συμπεριφερόμενοι
2963 3566 3031 3634 τῇ
3074 3563 3423 3635 ἀκεραιότητι
3453 3561 3635 3614 αὐτῶν
3659 3603 3676 3626 ,
3715 3564 3771 3615 εἰ

2174 3656 2636 3726 συναναστήσεται
2689 3657 2757 3711 τὰ
2793 3656 3211 3728 ἀπορρεύσαντα
3261 3659 3321 3708 ἐν
3373 3654 3769 3725 φλεϐοτομίαις

2173 3748 2378 3818 αἵματα
2401 3789 2416 3809 ,
2446 3749 2539 3802 καὶ
2589 3741 2643 3803 αἱ
2691 3751 2892 3822 σάρκες
2920 3790 2937 3812 ,
2977 3751 3070 3803 καὶ
3116 3753 3170 3804 αἱ
3209 3751 3394 3820 τρίχες
3426 3749 3484 3800 αι
3532 3746 3766 3802 πώποτε

2173 3842 2491 3911 γενόμεναι,
2542 3842 2574 3911 ἢ
2619 3843 2778 3913 μόναι
2831 3845 2888 3897 αί
2923 3844 3060 3914 πρὸς
3108 3846 3174 3914 τῇ
3211 3843 3374 3913 ἐξόδῳ
3407 3841 3767 3912 θλιϐόμεναι·

2174 3937 2252 3998 είς
2289 3935 2350 3987 τὸ
2399 3934 2477 4006 τῷ
2505 3935 2624 4006 Θεῴ
2674 3937 2849 3989 ποιεῖν
2882 3937 2897 3966 ⁸
2936 3937 2972 3991 ὃ.
3011 3936 3258 4006 βούλεται
3309 3935 3765 4006 προστρέχουσιν.

2175 4025 2236 4077 Ol
2277 4025 2334 4078 δέ
2364 4026 2726 4098 γενναιότεροι
2754 4027 2934 4080 αὐτῶν
2958 4069 2973 4092 ,
3008 4027 3095 4080 ἵνα
3128 4028 3201 4098 μὴ
3245 4027 3658 4096 ἀναγκάζωνται
3689 4026 3770 4080 τὰ

2175 4115 2314 4169 αὐτὰ
2350 4117 2555 4187 αἵματα
2587 4122 2912 4187 συναγαγεῖν
2940 4119 3018 4190 τῷ
3058 4119 3232 4189 λόγῳ,
3269 4119 3304 4173 ἃ
3333 4119 3592 4180 πολλάκις
3623 4120 3769 4171 ἀπο-

2177 4208 2429 4278 κριθῆναι
2458 4209 2569 4262 τῶν
2603 4213 2871 4282 σωμάτων
2903 4211 3060 4282 ἡμῶν
3111 4211 3308 4282 συνέϐη
3328 4252 3342 4274 ,
3392 4211 3526 4280 φασὶ
3557 4214 3619 4263 τὸ
3665 4212 3764 4264 ἐπὶ

2177 4299 2319 4351 τέλει
2364 4299 2520 4370 ήμῶν
2575 4301 2976 4373 ἀναστήσεσθαι
3017 4301 3196 4372 σῶμα.
3248 4300 3764 4371 Προσηπορήσαμεν

2177 4388 2252 4454 δέ,
2293 4391 2380 4444 διὰ
2419 4391 2480 4444 τὸ
2511 4394 2747 4464 τρεπτὴν
2787 4390 2924 4447 εἶναι
2961 4393 3060 4464 τὴν
3094 4392 3412 4463 σωματικὴν
3443 4393 3635 4461 φύσιν,
3666 4394 3763 4446 καὶ

495 4481 746 4535 oratione
774 4497 872 4534 sua
901 4489 1192 4551 cogantur,
1223 4480 1494 4551 ejusmodi
1521 4495 1809 4552 resurgere
1838 4496 2068 4552 corpora

2174 4481 2415 4548 τοιαῦτα,
2442 4481 2629 4555 ὥσπερ
2661 4486 2740 4548 είς
2766 4485 2827 4536 τὸ
2855 4484 3122 4556 ἡμέτερον
3158 4484 3316 4555 σῶμα
3344 4485 3400 4538 al
3438 4483 3635 4555 τροφαὶ
3664 4501 3761 4535 κα-

496 4572 825 4642 prmdicant,
867 4575 1050 4642 qualia
1099 4573 1463 4628 morientibus
1513 4572 1671 4626 nobis
1736 4573 2068 4628 exstiterint.

493 4664 698 4719 Contra
736 4680 875 4735 quos
915 4665 1051 4720 illud
1085 4666 1306 4737 insuper
1337 4665 1650 4734 objicimus,
1690 4679 1814 4717 cum
1848 4665 1921 4720 sit
1946 4679 2069 4719 cor-

496 4772 688 4827 porum
712 4764 907 4810 natura
945 4757 1245 4822 mutabilis,
1284 4757 1745 4827 quemadmodum
1780 4757 1836 4812 in
1872 4771 2073 4826 corpus

573 4917 585 4930 '
621 4914 782 4971 Deest
843 4915 1177 4986 ἐπιτρέπειν.

565 5073 682 5142 (3i)
719 5071 842 5126 Τῶν
885 5073 1223 5142 Ὤριγένους
1266 5069 1549 5142 ἐπιτομῇ.
1604 5069 1704 5124 llic
1736 5079 1823 5125 est
1854 5069 2063 5126 Metho-

495 5141 620 5199 dius
651 5144 740 5196 ille
768 5141 980 5215 Olympi
995 5141 1208 5215 Lyciae,
1245 5141 1440 5215 deinde
1467 5141 1595 5212 Tyri
1617 5143 1942 5215 episcopus,
1969 5143 2063 5210 qui

496 5218 640 5269 inter
662 5210 856 5269 caetera
878 5210 956 5268 De
981 5210 1373 5268 Resurrcctione
1397 5210 1588 5266 contra
1606 5210 1893 5282 Origencm
1928 5228 2066 5280 opus

497 5286 720 5353 scripsit
750 5286 1009 5340 eximium
1035 5303 1050 5352 ;
1089 5294 1144 5338 et
1175 5283 1241 5337 ad
1271 5294 1573 5336 extremum
1606 5284 1917 5337 novissimae
1947 5299 2070 5353 per-

498 5352 818 5419 secutionis,
853 5357 989 5419 sive,
1024 5363 1082 5409 ut
1116 5355 1204 5407 alii
1239 5353 1529 5418 allirmant,
1561 5353 1664 5408 sub
1695 5353 1855 5407 Decio
1883 5361 1938 5407 et
1961 5352 2068 5406 Va-

500 5427 725 5488 leriano,
755 5426 808 5478 in
837 5425 1092 5482 Chalcide
1113 5420 1620 5495 Griecitemartyrio
1643 5433 1937 5478 coronatus
1963 5433 2067 5478 est.

501 5495 626 5548 llaec
656 5496 1015 5567 Hieronymus
1042 5495 1162 5550 Cat.
1189 5496 1287 5548 vir.
1319 5493 1516 5567 illustri
1547 5495 1815 5567 Socrates
1862 5495 1960 5567 lib.’
1993 5510 2067 5554 Vl,

500 5581 622 5634 cap.
662 5568 749 5628 l3,
777 5565 1014 5636 quatuor
1046 5575 1315 5636 recenset,
1363 5565 1456 5634 qui
1492 5566 1756 5618 adversus
1781 5565 2069 5636 Origenem

504 5636 776 5707 prtecipue
798 5635 998 5707 Stylum
1019 5635 1392 5707 exercuerint;
1425 5650 1588 5707 quem
1619 5636 1735 5703 ipse
1758 5635 2071 5707 κακολόγων

500 5703 802 5775 τετρακτύν
836 5703 1180 5774 impudenter
1206 5703 1460 5774 appellat.
1503 5703 1720 5758 Primus
1750 5712 1834 5759 est
1864 5703 2069 5775 Metho-

505 5774 650 5840 dius,
669 5776 941 5833 secundus
963 5775 1683 5842 EustathiusAntiochcnus,
1705 5774 2073 5843 tertiusApol-

2177 4573 2564 4638 τατάττονται,
2597 4576 2689 4630 καὶ
2722 4577 3111 4647 μεταϐάλλουσι
3145 4576 3242 4641 τὰς
3277 4577 3600 4646 ὁμοιότητας
3621 4616 3636 4639 ,
3669 4573 3759 4626 οὖ-

2177 4685 2284 4730 τως
2313 4669 2404 4720 καὶ
2450 4669 2519 4722 τὰ
2543 4669 2791 4739 ἡμέτερα
2819 4667 3049 4738 σώματα
3080 4667 3507 4738 μεταϐάλλονται
3525 4707 3541 4730 ,
3577 4666 3669 4718 καὶ
3698 4666 3758 4718 ἐν

2177 4761 2291 4820 τοῖς
2325 4758 2679 4830 σαρκοϐόροις
2708 4761 2918 4824 οἰωνοῖς
2946 4761 3038 4814 καὶ
3065 4759 3275 4830 θηρίοις
3307 4760 3584 4828 γίγνονται
3616 4759 3752 4830 μέρη

2170 5069 2392 5134 linaris,
2455 5073 2687 5136 quartus
2723 5063 3080 5136 Theophilus.
3167 5060 3361 5120 Addit,
3422 5058 3742 5113 Methodium

2170 5150 2378 5211 postea,
2420 5134 2586 5190 veluti
2616 5134 2888 5211 palinodia
2925 5140 3425 5211 recantatatquem
3461 5139 3743 5211 accusarat

2170 5201 2457 5278 Urigencm
2493 5201 3151 5278 continendasse‘dialogo
3197 5204 3310 5278 illo,
3360 5216 3526 5269 quem
3557 5201 3742 5278 inscri-

2170 5269 2560 5350 ρείιξΞενῶνα.
2593 5275 2697 5329 Sed
2717 5275 2962 5350 Socratis
2975 5269 3394 5350 calaniniamAac
3413 5269 3740 5350 mendacium

2177 5341 2240 5405 ex
2285 5348 2616 5417 Hieronymo
2657 5346 2933 5417 convincit
2973 5344 3264 5417 Βητριιίμὶ
3294 5341 3737 5417 A._§0?,__n._5.

2177 5420 2377 5475 Scribit
2409 5409 2552 5472 eni'm
2585 5417 2672 5468 ille
2700 5415 2851 5482 Apol.
2886 5414 2936 5478 1,
2965 5415 3018 5466 in
3071 5411 3195 5481 Ruf.
3225 5411 3521 5465 Eusebium
3552 5409 3740 5482 Methof

2177 5490 2267 5543 diu
2297 5489 2348 5542 in
2378 5504 2426 5540 vr
2473 5489 2611 5540 libro
2648 5479 2917 5553 Apologia:
2963 5485 3106 5536 istud
3155 5479 3528 5553 exprobrasse
3567 5522 3580 5553 .
3613 5479 3737 5546 Quid

2180 5560 2332 5612 modo
2377 5575 2538 5611 ausus
2585 5566 2664 5608 est
2697 5551 3004 5607 Methodius
3051 5569 3186 5605 nunc
3235 5551 3421 5604 eontra
3479 5551 3737 5620 Origenem

2179 5630 2425 5692 scribere,
2455 5627 2543 5695 qui
2571 5626 2681 5677 hwc
2708 5636 2757 5678 et
2788 5628 2896 5678 haec
2924 5625 2987 5676 de
3024 5622 3274 5695 Origeuis
3295 5623 3518 5695 locutus
3549 5630 3622 5695 est
3651 5620 3734 5695 de-

2175 5691 2440 5770 gmatibus
2505 5696 2658 5760 Quod
2687 5696 2755 5770 ab
2777 5696 2976 5770 Ariano
2995 5695 3211 5770 homine
3228 5693 3396 5762 objici
3414 5691 3546 5748 dicit
3563 5691 3735 5746 claris-

2179 5765 2318 5827 Simo
2353 5779 2406 5826 et
2438 5766 2886 5838 eloquentissimo
2918 5765 3162 5824 martyri.
