4082 6394
304 420 446 477 1089
942 417 1314 476 ADVERSUS
1343 419 1684 476 IML‘RESES
1723 419 1852 476 LIB.

2003 423 2165 479 ΤΟΜ.
2209 424 2341 478 1.-
2384 424 2659 484 ΙΙιΕΠΕδ.
2702 427 2885 484 LXIV.
3425 436 3564 492 1090

296 531 413 586 τῶν
463 531 686 585 ἐκείνων
741 531 1030 604 σωμάτων.
1076 535 1188 588 Καὶ
1235 535 1397 588 πάλιν
1434 538 1618 589 ἐκεῖνα
1651 537 1756 590 ὑπὸ
1793 538 1878 591 ἀνι

1989 545 2239 595 nostrum
2313 540 2572 595 alimenta
2644 541 3006 613 digeruntur,
3072 544 3565 620 similitudinesque

298 623 541 693 θρώπων
584 623 617 693 ἢ
671 625 872 695 ἐτέρων
901 623 1056 688 ζώων
1088 626 1377 698 ἐσθιόμενα
1415 628 1878 698 άντιμεταϐάλλει,

1989 640 2382 702 transmutant,
2413 635 2485 690 ita
2517 647 2569 690 et
2593 652 2823 708 corpora
2849 648 3037 694 nostra
3062 643 3328 708 converti,
3363 653 3416 699 et
3443 661 3564 700 car-

295 715 628 783 καὶγίνεται
655 715 957 786 ἀνθρώπων
993 715 1025 786 ἦ
1061 718 1264 789 ἐτέρων
1292 717 1447 782 ζώων
1486 718 1733 789 σώματα.
1778 721 1878 774 Kal

1987 724 2196 780 nivoris
2235 726 2428 780 avibus
2459 727 2697 798 ferisque
2741 729 2966 799 depasta
3012 747 3302 802 corporum
3344 735 3561 791 illorum

293 807 493 861 τούτου
524 808 617 861 ἐπὶ
649 809 785 861 πολὺ
812 808 1134 879 γιγνομένου
1161 849 1175 875 ,
1212 810 1424 882 ἀνάγκη
1453 811 1515 864 τὸ
1560 812 1694 865 αὐτὸ
1729 812 1878 883 σῶμα

1986 826 2170 887 partes
2213 818 2373 874 edici.
2412 818 2547 886 Quae
2591 822 2809 892 quidem
2852 839 3068 879 rursum
3124 827 3192 879 ab
3249 827 3563 884 hominibus

296 899 563 952 πλειόνων
587 897 890 969 ἀνθρώπων
925 900 1187 964 πολλάκις
1218 902 1472 970 γενέσθαι
1516 903 1700 973 μέρος.
1733 903 1878 968 Τίνος

1988 917 2083 962 aut
2117 909 2240 963 aliis
2291 910 2622 966 animalibus
2653 913 2910 967 devorata
2959 915 3204 969 vicissim
3256 927 3562 983 mutantur,

295 989 395 1046 οὖν
433 991 586 1045 ἔσται
636 993 796 1061 σῶμα
833 993 892 1044 ἐν
938 995 1005 1064 τῇ
1067 993 1392 1062 ἀναστάσεις
1435 995 1546 1048 Καὶ⁸
1583 995 1756 1059 οὕτως
1805 999 1886 1060 εἰς

299 1084 462 1155 βυθὸν
519 1084 786 1156 φλυαρίας
833 1085 982 1155 ἡμᾶς
1037 1086 1265 1155 ἀλόγους
1317 1089 1332 1118 ¹
1389 1087 1731 1158 συμδήσεται
1780 1089 1882 1160 έμ-

299 1178 544 1231 πίπτειν.

1991 1007 2045 1052 et
2069 1001 2346 1054 hominum
2388 1002 2471 1056 vel
2521 1001 2751 1056 aliorum
2783 1003 3097 1058 animalium
3129 1021 3360 1076 corpora
3392 1009 3562 1061 liunt:

1989 1106 2096 1160 qua
2136 1108 2195 1145 re
2228 1093 2428 1163 saepius
2482 1097 2732 1165 repetita,
2778 1112 3003 1153 necesse
3039 1106 3122 1152 est
3173 1099 3313 1152 idem
3362 1115 3564 1170 corpus

1989 1185 2352 1252 complurium
2387 1187 2668 1240 hominum
2709 1188 2910 1257 saepius
2947 1204 3069 1244 esse
3109 1198 3337 1259 partem.
3363 1191 3566 1261 Cujus-

295 1287 425 1327 nam
467 1273 634 1343 igitur
673 1272 728 1326 in
770 1273 1173 1327 resurrectione
1228 1287 1430 1343 corpus
1461 1289 1584 1329 esse
1621 1272 1886 1330 debebit?
1921 1276 1997 1330 Ita
2070 1293 2172 1333 nos
2219 1279 2364 1334 velut
2399 1280 2610 1335 ratione
2647 1280 2893 1336 destituti
2937 1283 2994 1336 in
3033 1283 3331 1339 altissimas
3397 1298 3566 1354 quas-

297 1366 427 1420 dam
461 1382 635 1435 nugas
667 1375 830 1436 atque
858 1366 1090 1436 ineptias
1119 1367 1486 1424 devolvimur.

373 1463 468 1515 II".
513 1464 620 1517 Kal.
665 1463 804 1535 μετὰ
843 1464 1048 1528 ταύτας
1079 1465 1176 1529 τὰς
1207 1465 1440 1536 ἀπορίας
1471 1465 1564 1518 ἐπὶ
1606 1466 1666 1518 τὸ
1702 1465 1882 1519 πάντα

293 1553 500 1608 δυνατὰ
528 1552 667 1610 εἶναι
706 1557 783 1628 τῷ
814 1557 936 1628 Θεῷ
969 1559 1370 1628 καταφεύγουσι
1395 1600 1409 1621 ,
1447 1561 1540 1613 καὶ
1570 1559 1742 1624 λέξεις
1769 1560 1879 1613 τῶν

295 1647 530 1718 Γραφῶν
554 1649 860 1720 δυναμένας
890 1650 1031 1705 κατὰ
1057 1651 1155 1724 τὴν
1185 1653 1472 1725 πρόχειρον
1499 1653 1724 1724 ἐκδοχὴν
1754 1655 1880 1706 ὑπο-

296 1739 516 1794 ϐάλλειν
548 1740 608 1794 τὸ
647 1741 935 1812 νοούμενον
972 1744 1153 1808 αὐτοῖς
1190 1745 1576 1816 προφέρονται.
1628 1739 1752 1797 Οἷον
1781 1745 1880 1815 τὴν

295 1833 356 1885 ὲν
385 1830 462 1904 τῷ
503 1831 761 1905 Ἰεζεκιήλ
780 1851 794 1865 ·
825 1835 935 1889 Kal
964 1835 1201 1906 ἐγένετο
1229 1838 1320 1890 ἐπ’
1346 1837 1450 1907 ἐμὲ
1482 1838 1609 1908 χεὶρ
1635 1838 1878 1905 Κυρίουο

2069 1462 2199 1518 Klll.
2240 1463 2508 1520 Caeterum
2543 1471 2665 1536 post
2713 1466 2832 1520 haec
2870 1479 2902 1518 a
2937 1465 3096 1520 nobis
3131 1467 3344 1536 objecta
3373 1484 3440 1524 eo
3468 1470 3563 1524 de-

1987 1572 2136 1611 mnm
2184 1573 2243 1612 se
2290 1556 2576 1622 referunt,
2625 1565 2684 1610 ut
2729 1559 2913 1613 omnia
2968 1557 3077 1613 Deo
3121 1561 3400 1628 possibilia
3441 1578 3563 1618 esse

1987 1650 2191 1712 dicant,
2229 1658 2391 1722 atque
2436 1650 2504 1704 ad
2556 1652 2868 1720 opinionem
2919 1667 3073 1706 suam
3117 1654 3362 1722 qumdam
3411 1654 3560 1710 Scri-

1987 1753 2161 1813 pturze
2189 1745 2518 1808 testimonia,
2561 1759 2680 1814 qua:
2733 1746 2910 1812 primo
2943 1744 3213 1815 obvioque
3245 1762 3410 1801 sensu
3443 1747 3562 1802 illo-

1988 1849 2108 1886 rum
2158 1835 2484 1888 conlirmare
2537 1835 2731 1904 dogma
2793 1835 3089 1899 videntur,
3148 1839 3562 1894 accommodare

297 1898 445 1986 xui;
481 1898 766 1994 ’Efrirapé
790 1944 867 1996 με
903 1927 968 1980 ἐν
1001 1898 1291 1997 πνεύματι
1314 1969 1328 1993 ,
1371 1898 1687 1996 ναὶ
1707 1898 1784 1997 ire
1812 1927 1878 1980 ἐν

1985 1929 2257 1980 nitttntur.
2291 1926 2464 1992 Quale
2507 1934 2592 1981 est
2612 1898 2932 1982 'Ezechielis
2978 1898 3147 1981 illud:
3195 1927 3262 1981 Et
3307 1929 3452 1998 facta
3483 1940 3560 1983 est

288 2014 461 2083 μέσῳ
490 2016 734 2083 πεδίου,
786 2018 882 2071 καὶ
915 2017 1093 2073 τοῦτο
1135 2016 1216 2090 ἦν
1237 2022 1467 2089 μεστὸν
1505 2020 1733 2073 ὀστέων
1780 2018 1883 2071 ἁν-

295 2109 563 2178 θρώπων.
622 2112 734 2164 Kal
783 2111 1102 2182 περιήγαγέ
1148 2129 1225 2182 με
1261 2113 1355 2166 ἐπ’
1393 2114 1545 2167 αὐτὰ
1582 2112 1882 2167 κυκλόθεν

296 2203 536 2268 κύκλῳο
575 2204 671 2257 καὶ
707 2202 834 2257 ἰδοὺ
885 2203 1087 2258 πολλὰ
1136 2204 1372 2274 σφόδρα
1413 2205 1511 2259 ἐπὶ
1555 2207 1880 2275 προσώπου

295 2293 405 2348 τοῦ
443 2295 686 2348 πεδίου·
723 2295 821 2348 καὶ
854 2294 985 2349 ἰδοὺ
1015 2295 1168 2349 αὐτὰ
1217 2296 1370 2364 ξηρὰ
1418 2298 1574 2355 λίαν.
1613 2299 1719 2352 Kal
1751 2295 1882 2353 εἷπε

296 2385 448 2452 πρὸς
481 2385 592 2455 μέ-
648 2387 743 2440 Υἱὲ
789 2386 1104 2455 ἀνθρώπου
1131 2428 1144 2446 ,
1187 2389 1238 2440 εἰ
1283 2386 1520 2454 ζήσεται
1572 2389 1645 2443 τὰ
1697 2391 1882 2444 ὀστέα

251 2478 258 2482 ’
296 2479 516 2542 ταῦτα;
562 2479 670 2532 Kal
710 2475 916 2533 εἷπονο
951 2480 1132 2547 Κύριε
1169 2482 1201 2533 ό
1234 2480 1404 2546 Θεὸς,
1446 2481 1529 2533 σὺ
1554 2482 1880 2536 ἐπίστασαι

295 2570 506 2624 ταῦτα.
538 2571 650 2624 Καὶ
689 2567 820 2625 εἶπε
845 2571 993 2640 πρὸς
1015 2570 1122 2641 μέ·
1152 2567 1617 2640 Προφήτευσον,
1652 2573 1743 2627 υιὲ
1771 2575 1877 2628 ἀν-

297 2662 551 2730 θρώπου.
585 2662 700 2716 Kal
734 2659 906 2717 εἷπον
945 2664 1093 2731 πρὸς
1117 2663 1271 2718 αὐτά
1293 2681 1310 2696 ·
1343 2663 1418 2718 Τὰ
1457 2664 1639 2718 ὀστέα
1667 2665 1739 2719 τὰ
1774 2665 1880 2735 ξη-

288 2751 372 2819 ρὰ
401 2751 590 2806 ταῦτα
613 2791 627 2816 ,
663 2752 964 2807 ἀκούσατε
1010 2755 1198 2822 λόγον
1247 2756 1470 2823 Κυρίου
1498 2772 1511 2786 ο
1541 2755 1690 2810 Τάδε
1719 2756 1880 2827 λέγει

311 2841 543 2897 Ἇδοναϊ
574 2846 788 2914 Κύριος
836 2845 958 2909 τοῖς
1000 2846 1235 2912 ὀστέοις
1264 2849 1525 2914 τούτοιςο
1573 2849 1728 2902 Ἰδοὺ
1766 2850 1880 2921 ἐγὼ

295 2934 517 3006 εἰσάγω
563 2939 652 3002 εἰς
702 2935 855 3007 ὑμᾶς
910 2939 1147 3008 πνεῦμα
1195 2937 1372 3008 ζωῆς’
1410 2940 1508 2994 καὶ
1567 2941 1740 2996 δώσω
1792 2946 1880 3010 εἰς

295 3024 456 3094 ὑμᾶς
496 3026 716 3094 νεῦρα*
770 3029 868 3082 καὶ
897 3031 1100 3096 ἐπάξω
1143 3033 1234 3102 ἐφ’
1276 3032 1432 3102 ὑμᾶς
1468 3034 1730 3103 σάρκας,
1781 3038 1878 3092 καὶ

296 3117 519 3170 ἐκτενῶ
565 3119 657 3188 ἐφ’
691 3119 849 3190 ὑμᾶς
895 3121 1113 3191 δέρμα·
1150 3124 1248 3178 καὶ
1298 3125 1470 3180 δώσω
1521 3126 1589 3180 τὸ
1641 3128 1880 3198 πνεῦμά

1985 2034 2140 2087 super
2169 2035 2248 2072 me
2272 2034 2458 2072 manus
2479 2016 2724 2080 Domini;
2753 2026 2807 2073 et
2830 2035 2842 2071 :
2863 2017 3061 2071 Eduxit
3089 2036 3168 2073 me
3189 2020 3240 2072 in
3267 2021 3476 2088 spiritu,
3511 2033 3560 2073 et

1983 2111 2158 2178 posuit
2191 2127 2271 2164 me
2295 2111 2346 2162 in
2375 2109 2544 2164 medio
2567 2111 2760 2179 campi,
2790 2120 2840 2164 et
2871 2110 2956 2163 hic
2987 2121 3100 2163 erat
3135 2111 3319 2178 plenus
3352 2113 3558 2166 ossibus

1984 2204 2275 2257 hominum.
2308 2202 2376 2256 Et
2409 2203 2756 2258 circumduxit
2804 2220 2885 2257 me
2915 2202 2984 2257 ad
3013 2220 3075 2256 ea
3118 2219 3210 2270 per
3242 2205 3558 2267 circuitum;

1982 2307 2032 2350 et
2060 2313 2174 2351 ecce
2203 2296 2370 2350 multa
2405 2296 2554 2350 valde
2582 2297 2637 2349 in
2667 2297 2944 2366 superﬁcie
2989 2295 3199 2365 campi;
3226 2306 3273 2350 et
3305 2313 3420 2350 ecce
3447 2299 3558 2364 ipsa

1983 2389 2139 2442 arida
2173 2389 2343 2443 ualde.
2379 2387 2448 2441 Et
2477 2389 2614 2442 dixit
2653 2390 2721 2441 ad
2751 2402 2864 2442 me:
2899 2387 3012 2441 Fili
3042 2388 3290 2454 hominis,
3316 2390 3364 2443 si
3391 2392 3560 2443 vivent

1983 2499 2105 2534 ossa
2149 2483 2256 2535 haec
2277 2484 2302 2534 ?
2327 2479 2395 2534 Et
2430 2481 2543 2534 dixi
2565 2498 2583 2535 :
2616 2480 2841 2533 Domine
2879 2479 3034 2543 Deus.
3072 2491 3125 2533 tu
3158 2485 3264 2535 ista
3303 2484 3461 2537 nosti.
3493 2483 3559 2535 Et

1981 2575 2122 2627 dixit
2141 2575 2209 2627 ad
2241 2589 2350 2628 me:
2374 2573 2718 2644 Prophetiza,
2742 2574 2820 2642 ﬁli
2843 2572 3090 2628 hominis.
3121 2571 3187 2626 Et
3211 2575 3413 2629 locutus
3443 2593 3557 2629 sum

1985 2665 2054 2719 ad
2075 2665 2216 2720 hwc:
2237 2665 2373 2721 Ossa
2392 2666 2569 2728 arida,
2597 2665 2774 2720 audite
2790 2667 2999 2720 verbum
3023 2665 3264 2722 Domini:
3288 2668 3412 2723 Iliec
3428 2670 3555 2723 dicit

1984 2758 2242 2813 Dominus
2270 2758 2404 2813 Deus
2427 2760 2631 2814 ossibus
2653 2761 2769 2813 istis
2789 2777 2806 2813 :
2826 2759 2958 2814 Ecce
2974 2761 3110 2814 enim
3132 2762 3378 2814 inducam
3401 2766 3450 2815 in
3471 2780 3558 2817 ros

1985 2852 2230 2920 spiritum
2262 2852 2400 2914 vitat,
2429 2861 2478 2905 et
2509 2867 2699 2920 ponant
2730 2852 2782 2904 iu
2812 2850 2955 2905 vobis
2984 2867 3205 2915 nervos;
3239 2862 3286 2905 et
3309 2853 3558 2906 inducam

1983 2944 2036 2996 in
2067 2959 2155 2996 vos
2186 2959 2392 3003 carnes,
2437 2951 2485 2996 et
2527 2943 2805 2996 extendam
2851 2958 3004 3011 super
3039 2960 3126 2996 vos
3158 2954 3361 3008 cutem;
3398 2945 3560 3016 536

1981 3042 2031 3087 et
2069 3032 2207 3086 dabo
2237 3035 2481 3100 spiritum
2522 3050 2693 3087 meum
2732 3035 2786 3087 in
2820 3051 2929 3095 vos,
2963 3044 3010 3088 et
3047 3037 3256 3099 vinetis,“
3291 3045 3340 3088 et
3367 3047 3558 3104 ponunt

1982 3143 2069 3180 vos
2104 3126 2158 3179 in
2189 3135 2331 3180 terra
2362 3136 2552 3187 ucstra,
2584 3136 2632 3180 et
2675 3127 2995 3197 cognoscetis
3027 3129 3151 3197 quia
3185 3145 3276 3198 ego
3307 3145 3420 3182 sum
3455 3129 3560 3182 Du-

289 3226 410 3276 μου
445 3209 537 3278 ἐφ’
577 3209 765 3280 ὑμᾶς,
811 3214 907 3266 καὶ
953 3212 1205 3280 ζήσεσθε
1232 3232 1245 3246 ·
1280 3217 1378 3270 καὶ
1424 3217 1685 3288 θήσομαι
1727 3219 1878 3289 ὑμᾶς

1983 3221 2157 3274 minus
2180 3219 2220 3272 ³.
2253 3218 2363 3273 Hoc
2394 3219 2558 3287 igitur
2587 3219 2925 3288 probabilius
2953 3219 3165 3272 cazteris
3189 3221 3557 3274 testimonimn

295 3301 395 3353 ἐπὶ
439 3303 552 3370 τὴν
595 3303 715 3373 γῆν
743 3304 941 3374 ὑμῶν,
975 3306 1073 3361 καὶ
1117 3307 1460 3377 γνώσεσθε,
1496 3310 1584 3364 ὅτι
1621 3310 1736 3382 ἐγώ
1762 3315 1880 3382 εἰμι

293 3391 528 3460 Κύριος.
571 3392 757 3464 Τούτῳ
810 3396 911 3466 μὲν
967 3393 1060 3450 οὖν
1117 3397 1471 3472 πιθανωτέρῳ
1513 3404 1751 3474 χρῶνται
1802 3406 1880 3476 τῷ

297 3483 466 3554 ῥητῷ.
509 3484 612 3538 Καὶ
650 3485 783 3540 ἄλλα
818 3487 874 3539 δὲ
911 3487 1158 3557 λέγουσιν
1190 3491 1520 3560 εύαγγελικά
1550 3511 1562 3524 ·
1623 3490 1734 3550 οἷον
1757 3537 1773 3562 ,
1804 3498 1880 3561 ὡς

294 3577 375 3638 τὸ,
429 3578 581 3631 Ἐκεῖ
619 3579 790 3632 ἔσται
820 3583 853 3634 ό
889 3582 1198 3651 κλαυθμὸς
1235 3584 1332 3638 καὶ
1377 3588 1411 3638 ὁ
1436 3587 1710 3656 βρυγμὸς
1763 3590 1882 3642 τῶν

297 3665 562 3720 ὀδόντων
592 3683 607 3697 ·
657 3669 750 3721 καὶ
781 3669 842 3722 τὸ
861 3709 875 3730 ,
921 3671 1225 3738 Φοϐήθητε
1257 3672 1364 3726 τὸν
1405 3675 1748 3747 δυνάμενον
1780 3680 1877 3732 καὶ

295 3759 509 3828 ψυχὴν
535 3761 632 3813 καὶ
663 3762 834 3831 σῶμα
862 3764 1157 3820 ἀπολέσαι
1205 3767 1276 3820 ἑν
1308 3767 1526 3838 γεέννῃ
1559 3787 1572 3801 ·
1606 3771 1698 3824 καὶ
1727 3771 1790 3824 τὸ
1821 3773 1880 3823 ἐν

297 3848 375 3918 τῷ
403 3847 600 3920 Παύλῳ
624 3865 637 3876 ⁶
681 3853 1049 3918 Ζωοποιήσει
1093 3855 1166 3907 τὰ
1197 3855 1363 3925 ὑμῶν
1393 3859 1638 3927 σώματα
1684 3859 1780 3916 διὰ
1813 3860 1880 3913 τὸ

297 3940 573 3994 ἐνοικοῦν
591 3944 776 3997 αὐτοῦ
797 3944 1032 4014 πνεῦμα
1051 3947 1120 3999 ἐν
1149 3949 1311 4017 ὑμῖν.

369 4035 466 4086 IA'.
494 4034 612 4106 Χρὴ
646 4035 702 4087 δὲ
729 4035 906 4088 πάντα
936 4037 1027 4090 τὸν
1055 4038 1322 4112 φιλαλήθη
1355 4042 1473 4106 κατ’
1509 4043 1671 4096 αὑτὸν
1705 4044 1725 4074 ⁸
1757 4043 1881 4095 τού-

299 4141 408 4189 τοις
436 4125 525 4180 τὸν
550 4126 674 4179 νοῦν
696 4128 1066 4199 ἐπιστήσαντα
1095 4133 1223 4203 περὶ
1247 4134 1345 4203 τῆς
1373 4134 1718 4199 ἀναστάσεως
1741 4136 1883 4203 ἀγω-

298 4219 566 4282 νίσασθαι,
601 4219 773 4273 σῶσαί
809 4239 865 4274 τε
894 4223 987 4275 καὶ
1015 4223 1113 4295 τὴν
1146 4225 1254 4278 τῶν
1286 4227 1527 4298 ἀρχαίων
1560 4229 1876 4300 παράδοσιν,

297 4311 389 4364 καὶ
421 4310 758 4380 φυλάξασθαι
793 4314 1054 4381 ἐμπεσεῖν
1085 4316 1163 4379 εἰς
1197 4315 1464 4388 φλυαρίαν
1498 4319 1728 4389 πτωχῶν
1758 4337 1881 4390 νοη-

301 4401 485 4472 μάτων
510 4445 524 4467 ,
554 4403 830 4457 ἀδυνάτων
868 4421 928 4456 τε
961 4404 1078 4475 ἅμα
1131 4408 1225 4459 καὶ
1253 4407 1388 4460 Θεοῦ
1421 4409 1673 4475 ἀναξίων.
1708 4410 1880 4464 Τοῦτο

297 4490 387 4546 οὖν
437 4496 514 4556 εἰς
560 4493 648 4546 τὸν
697 4494 861 4548 τόπον
908 4495 1254 4566 διαληπτέον,
1304 4500 1386 4552 ὅτι
1422 4500 1538 4552 Πᾶν
1574 4499 1733 4572 σῶμα
1772 4502 1878 4555 ὑπὸ

1982 3321 2087 3373 est,
2119 3327 2240 3380 qua:
2274 3325 2704 3364 commemorare
2751 3309 2965 3370 solent;
3015 3319 3212 3378 praeter
3243 3311 3386 3379 quod
3421 3325 3560 3364 non-

1983 3404 2128 3458 nulla
2162 3420 2228 3458 cx
2253 3402 2560 3473 Evangeliis
2587 3413 2935 3471 expromunt.
2971 3400 3127 3455 Velut
3157 3421 3170 3456 :
3209 3400 3289 3456 Ibi
3326 3404 3422 3455 erit
3462 3403 3552 3471 fle-

1983 3507 2067 3550 tus
2109 3506 2158 3550 et
2201 3496 2402 3550 stridor
2461 3495 2768 3560 dentiunt‘;
2823 3496 2994 3548 item:
3049 3493 3245 3548 Timete
3280 3511 3419 3558 eum,
3470 3496 3560 3565 qui

1979 3598 2145 3657 potest
2181 3599 2226 3640 et
2259 3589 2490 3642 animam
2535 3597 2582 3640 et
2622 3602 2812 3655 corpus
2854 3585 3066 3652 perdere
3107 3588 3163 3639 in
3189 3589 3552 3656 gehennam”;

1983 3692 2095 3734 tum
2126 3680 2255 3732 illud
2290 3695 2355 3732 ex
2385 3677 2589 3732 Paulo:
2636 3675 2932 3746 Vivi/icabit
2963 3676 3214 3729 mortalia
3241 3685 3410 3729 vestra
3444 3692 3560 3729 cor-

1980 3789 2133 3842 pora,
2165 3781 2376 3842 propter
2403 3770 2784 3824 inhabitantem
2814 3773 2928 3838 ejus
2963 3770 3206 3837 spiritum
3234 3770 3286 3822 in
3312 3769 3455 3821 vobis
3478 3769 3520 3822 ‘.

2051 4034 2191 4088 XIV.
2225 4033 2424 4088 Verum
2454 4047 2646 4088 omnes
2671 4049 2766 4088 eos
2797 4048 3024 4088 necesse
3053 4040 3157 4096 est,
3189 4033 3282 4102 qui
3309 4033 3557 4088 veritatis

1982 4126 2166 4178 studio
2192 4127 2487 4190 ducuntur,
2515 4140 2636 4178 enin
2668 4125 2733 4178 ad
2763 4139 2824 4176 ea
2854 4126 3093 4178 animum
3121 4123 3442 4192 adjecerint,
3470 4124 3559 4178 ad-

1982 4232 2174 4271 versus
2199 4217 2331 4271 istos
2359 4215 2425 4269 de
2458 4215 2859 4270 resurrectione
2886 4212 3236 4278 contendere,
3271 4222 3329 4267 ut
3354 4222 3407 4268 et
3436 4231 3557 4284 qua:

1982 4324 2011 4362 a
2031 4309 2300 4363 veteribus
2319 4308 2513 4362 tradita
2533 4318 2679 4372 sunt,
2696 4308 3057 4371 retineantur,
3072 4305 3234 4375 idque
3246 4320 3555 4372 caveamus,

1983 4419 2050 4457 ne
2067 4401 2120 4454 in
2139 4414 2400 4456 sensuum
2417 4399 2859 4454 inanissimorum
2877 4399 3108 4468 ineptias
3126 4398 3526 4453 descendamus
3539 4439 3553 4463 ,

1980 4510 2169 4550 eorum
2206 4493 2438 4559 scilicet,
2473 4507 2594 4562 quae
2627 4506 2804 4562 neque
2837 4490 2951 4545 ﬁeri
2983 4499 3235 4561 possunt,
3277 4502 3331 4546 et
3368 4493 3554 4545 divina

298 4585 508 4653 φύσεως
541 4586 894 4656 συνεχόμενον
921 4587 1018 4658 τῆς
1053 4589 1496 4662 καταταττούσης
1527 4589 1723 4656 ἔξωθέν
1754 4610 1874 4646 τινα

1982 4587 2262 4657 majestate
2283 4593 2409 4640 sunt
2449 4585 2689 4652 indigna.
2715 4582 2984 4650 Quocirca
3015 4584 3095 4638 sic
3130 4582 3195 4637 ad
3219 4599 3342 4638 eum
3376 4584 3557 4638 locum

290 4677 450 4748 δίκην
498 4680 702 4749 τροφῆς
749 4683 830 4743 εἰς
858 4680 1009 4743 αὐτὸ,
1046 4681 1141 4734 καὶ
1188 4682 1590 4756 ἀποκρινούσης
1616 4685 1736 4737 ἀντὶ
1769 4687 1876 4740 τῶν

297 4771 732 4841 ἐπεισαγομένων
761 4771 946 4844 ἕτερα,
975 4773 1164 4846 ὥσπερ
1189 4775 1257 4829 τὰ
1293 4775 1400 4829 τῶν
1425 4775 1609 4845 φυτῶν
1641 4778 1735 4830 καὶ
1766 4779 1874 4832 τῶν

297 4861 470 4926 ζώων,
505 4863 565 4914 τὸ
599 4863 780 4917 ὑλικὸν
820 4865 1180 4935 ὑποκείμενον
1213 4865 1468 4919 οὐδέποτε
1508 4865 1621 4936 ἔχει
1659 4869 1873 4922 ταυτόν.

297 4951 492 5022 Διόπερ
535 4955 594 5006 ού
645 4957 887 5026 ποταμὸς
924 4956 1238 5028 ὠνόμασται
1286 4959 1347 5012 τὸ
1392 4959 1573 5030 σῶμα.
1615 4961 1762 5014 Διότι
1799 4961 1875 5025 ὡς

300 5045 433 5114 πρὸς
485 5046 546 5098 τὸ
596 5047 820 5117 ἀκριῦὲς
855 5048 994 5118 τάχα
1026 5050 1146 5102 οὐδὲ
1197 5050 1290 5103 δύο
1325 5053 1548 5122 ἡμερῶν
1577 5052 1638 5105 τὺ
1663 5053 1878 5124 πρῶτον

299 5135 652 5203 ὑποκείμενον
681 5136 873 5189 ταυτόν
905 5140 1051 5190 ἐστιν
1093 5141 1150 5191 ἐν
1190 5139 1266 5210 τῷ
1297 5140 1509 5212 σώματι
1536 5144 1692 5214 ἡμῶν
1713 5161 1725 5174 ’
1761 5147 1882 5199 καί·

297 5242 438 5294 τοιγε
479 5226 570 5278 τοῦ
611 5220 720 5280 οἷον
767 5227 799 5298 ἢ
832 5228 1067 5291 Παύλου,
1109 5231 1140 5302 ἦ
1204 5231 1409 5302 Πέτρου
1438 5271 1451 5295 ,
1479 5234 1565 5286 ἀεὶ
1592 5234 1685 5288 τοῦ
1715 5237 1879 5290 αὐτοῦ

298 5317 444 5381 ὄντος
469 5359 482 5378 ,
519 5319 578 5370 ού
614 5318 708 5371 τοῦ
754 5320 895 5373 κατὰ
937 5321 1115 5392 ψυχὴν
1157 5323 1318 5392 μόνου
1347 5366 1361 5388 ,
1399 5320 1467 5396 ἦς
1502 5326 1533 5394 ἡ
1571 5325 1727 5378 οὐσία
1756 5325 1878 5380 οὔτε

275 5410 376 5488 ¹ῥεῖ
405 5407 527 5462 καθ’
555 5411 701 5480 ἡμᾶς
726 5451 739 5474 ,
761 5410 872 5464 οὔτ’
904 5413 1326 5484 ὲπεισαγόμενόν
1357 5433 1408 5468 τι
1439 5414 1550 5485 ἔχει
1583 5417 1731 5479 ποτὲ,
1768 5418 1870 5471 κᾶν

278 5499 492 5573 ’ρευστὴ
523 5498 588 5576 ᾖν
623 5503 656 5573 ἡ
692 5503 849 5573 φύσις
877 5504 969 5557 τοῦ
1008 5505 1253 5576 σώματος
1273 5546 1286 5570 ,
1320 5507 1396 5578 τῷ
1427 5509 1486 5561 τὸ
1515 5505 1650 5573 εἶδος
1678 5510 1738 5562 τὸ
1772 5527 1869 5580 χα-

303 5596 623 5667 ρακτηρίζον
661 5597 722 5648 τὸ
761 5596 922 5667 σῶμα
953 5599 1147 5652 ταυτὸν
1179 5595 1346 5653 εἶναι’
1376 5601 1450 5665 ὡς
1491 5601 1584 5654 καὶ
1620 5605 1744 5668 τοὺς
1782 5601 1873 5655 τύ-

369 5778 382 5808 ¹
421 5775 566 5831 Fort.
616 5777 842 5846 ἀλόγως.

300 5847 319 5880 ³
361 5846 545 5903 Matth.
577 5863 633 5914 ι,
659 5849 750 5903 9.8.
828 5851 849 5879 °
885 5849 1044 5904 Rom.
1071 5865 1188 5913 VIII,
1221 5852 1274 5903 ti

953 5781 972 5808 ²
1001 5777 1149 5832 Fort.
1207 5779 1404 5854 αύτῶν.
1468 5781 1736 5854 lnterprcs
1796 5783 1897 5854 leg.

1979 4679 2293 4734 ratiocinari
2348 4679 2636 4732 convenit:
2667 4677 2879 4747 Corpus
2911 4691 3092 4736 omne,
3126 4675 3271 4746 quod
3331 4676 3556 4746 quidem

1979 4781 2174 4826 natura
2220 4772 2554 4834 continetur,
2594 4785 2716 4840 qua:
2753 4769 3102 4824 extrinsecus
3146 4769 3347 4838 aliquid
3377 4769 3424 4823 ei
3462 4769 3558 4822 ali-

1978 4865 2145 4919 menti
2184 4867 2362 4919 instar
2401 4863 2644 4928 asciscit,
2685 4877 2893 4933 proque
2948 4863 3015 4916 iis
3055 4877 3175 4932 qua:
3211 4861 3560 4915 sulliciuntur

1978 4959 2226 5015 excernit
2255 4958 2360 5012 alia
2389 4975 2402 5010 :
2433 4956 2741 5025 cujusmodi
2770 4962 2899 5010 sunt
2936 4956 3184 5024 stirpium
3215 4967 3470 5024 corpora,
3499 4963 3558 5008 et.

1980 5051 2298 5105 animalium
2340 5065 2466 5118 pars
2507 5049 2595 5102 illa
2640 5063 2762 5102 cum
2823 5049 3048 5102 materia
3081 5058 3378 5102 concreta:
3413 5063 3557 5103 nun-

1979 5159 2142 5213 quam
2175 5158 2344 5196 unum
2392 5141 2646 5211 idemque
2698 5156 3000 5195 remanere.
3041 5137 3194 5193 Unde
3246 5153 3353 5191 non
3413 5141 3559 5191 male

1978 5234 2176 5289 ﬂuvius
2225 5234 2445 5303 quidam
2500 5249 2700 5303 corpus
2745 5249 2866 5288 esse
2913 5232 3133 5284 dicitur.
3172 5230 3442 5297 Quoniam
3507 5231 3554 5284 si

1979 5335 2233 5381 accurate
2288 5325 2721 5390 consideremus,
2771 5340 2840 5380 ne
2895 5322 3062 5377 biduo
3121 5321 3339 5393 quidem
3404 5323 3556 5391 prior

1979 5418 2206 5471 materia
2247 5417 2300 5472 in
2345 5416 2669 5485 corporibus
2707 5416 2910 5470 nostris
2942 5415 3130 5470 eadem
3185 5421 3556 5480 constansque

1981 5520 2310 5581 perseverat.
2359 5510 2496 5563 Cum
2551 5509 2765 5563 interim
2815 5507 3018 5564 Paulus
3074 5507 3304 5576 exempli
3345 5505 3552 5575 gratia,

1984 5603 2065 5658 vel
2117 5601 2313 5658 Petrus
2346 5602 2488 5656 idem
2530 5601 2888 5655 nihilominus
2942 5601 3217 5671 persistat,
3250 5614 3356 5651 non
3390 5597 3556 5650 modo

2964 5782 2984 5813 ⁸
3036 5779 3200 5833 matth
3264 5792 3402 5844 vni,
3464 5776 3562 5839 12.,

1947 5779 2059 5838 οὖν.
2155 5781 2175 5814 ³
2210 5781 2406 5840 Ezech.
2462 5798 2681 5846 nxvtt,
2740 5781 2850 5838 l-(i.
