4082 6394
511 332 641 389 1091
1898 332 1954 387 S.
1990 330 2062 385 ΕΓ

2163 329 2334 385 ἷΙΛΝΙΙ
3616 338 3840 396 £099

508 455 551 510 si
586 453 705 522 ejus
768 451 1001 505 animam
1054 460 1288 521 spectes,
1336 450 1497 521 cujus
1542 449 1845 505 substantia
1900 467 2062 522 neque

2177 469 2309 516 πους
2338 450 2519 521 μένειν
2545 454 2671 516 τοὺς
2700 454 2925 519 αὐτοὺς,
2957 458 3031 518 εἰς
3064 456 3086 488 ⁸
3109 456 3207 528 τὴν
3248 458 3508 528 ποιότητα
3536 457 3837 528 Πέτρου

507 544 647 599 ﬂuxa
679 551 764 598 est
815 544 868 596 in
929 542 1119 605 nobis,
1168 557 1343 611 neque
1394 542 1688 611 quidquam
1732 544 2062 598 extrinsecus

2178 542 2272 595 καὶ
2306 541 2514 595 Παύλου
2552 543 2651 615 τὴν
2681 545 2994 615 σωματικὴν
3037 548 3490 617 σιτςαρισιιάνοντας⁹
3531 546 3690 599 καθ’
3736 548 3835 615 ἢν

506 637 785 690 invectum
809 636 1027 705 accipit,
1059 634 1151 691 sed
1184 634 1254 688 ob
1280 634 1330 688 id
1366 642 1645 703 prmterea,
1682 634 1827 705 quod
1858 636 2062 690 tametsi

2180 636 2440 705 ποιότητα
2478 635 2571 688 καὶ
2627 635 2781 688 οὐλαὶ
2836 638 2899 689 ἐκ
2954 637 3159 691 παίδων
3206 638 3594 709 παραμένουσι
3656 640 3832 701 τοίς

505 729 650 782 velut
716 731 770 781 in
826 736 1086 796 perpetua
1140 726 1373 782 ﬂuxione
1429 728 1501 782 sit
1557 735 1750 781 natura
1796 728 2062 797 corporis.

2182 724 2415 795 σώμασι,
2458 728 2551 779 καὶ
2580 727 2715 782 ἄλλα
2744 728 2865 781 τινὰ
2899 728 3179 801 ἰδιώματα,
3210 730 3391 800 φακοί.

505 819 688 873 eadem
725 820 893 872 forma
926 826 1257 888 permaneat,
1289 834 1409 887 qua:
1437 819 1683 887 corporis
1719 820 1889 879 nostri
1919 818 2072 887 quasi
2108 827 2233 871 nota
2271 816 2516 887 quaedam
2550 827 2632 873 est
2665 820 2904 890 propria.
2938 821 3053 876 Non
3093 824 3252 878 aliter
3320 832 3483 895 atque
3550 824 3828 879 eaedeln

505 911 688 979 ﬁgurae
754 919 1007 971 manent,
1061 924 1182 978 qua:
1228 907 1371 962 Petri
1440 908 1697 978 Paulique
1753 924 2045 978 corporum
2112 908 2403 979 qualitates
2452 908 2841 967 conformanda
2877 913 3177 968 exhibent:
3225 930 3320 985 per
3377 930 3549 985 quam
3594 918 3825 970 etiam

504 1001 820 1068 qualitatem
881 1000 1115 1063 accidit,
1166 1008 1227 1053 ut
1281 1007 1334 1054 et
1371 1000 1658 1053 cicatrices
1709 1000 1820 1067 jam
1880 1009 1991 1052 tum
2045 1015 2075 1053 a
2110 1003 2296 1070 pueris
2336 1002 2390 1057 in
2417 1002 2738 1073 corporibus
2797 1012 3171 1075 permaneant,
3207 1008 3421 1077 aliaque
3457 1011 3817 1071 nonnulla,

505 1110 624 1167 quae
670 1096 1013 1163 singulorum
1073 1095 1293 1164 propria
1356 1102 1483 1149 sunt
1528 1108 1540 1144 :
1598 1093 1907 1163 cujusmodi
1958 1110 2017 1146 ει.
2069 1094 2436 1165 tlentigines.

575 1190 655 1244 Ad
697 1191 810 1243 hzec
843 1189 968 1243 licet
1012 1187 1207 1242 similis
1238 1201 1498 1256 corporea
1528 1187 1619 1240 illa
1650 1188 1824 1242 forma
1853 1188 1943 1249 sit,
1968 1203 2062 1257 qua

2244 1190 2349 1241 Καὶ
2373 1190 2462 1242 ἐπὶ
2492 1188 2697 1251 τούτοις
2731 1188 2785 1241 εἴ
2812 1188 2864 1240 τί
2897 1190 3044 1241 ἐστιν
3080 1190 3265 1259 ὅμοιον
3300 1194 3456 1247 τοῦτο
3493 1196 3566 1249 τὸ
3600 1192 3815 1259 εἶδος,

505 1281 698 1336 Petrus
746 1279 1057 1347 Paulusque
1111 1278 1457 1348 potissimum
1498 1280 1874 1341 constituitur,
1913 1278 2062 1347 idque

2174 1280 2294 1333 καθ’
2341 1281 2368 1333 ὃ
2400 1282 2743 1334 εἰδοποιεῖται
2771 1283 2799 1333 ὁ
2832 1282 3033 1352 Πέτρος
3070 1284 3164 1335 καὶ
3197 1287 3223 1337 ὁ
3254 1285 3460 1349 Παῦλος
3485 1328 3501 1353 ,
3547 1288 3623 1340 τὸ
3669 1307 3816 1341 σω-

504 1375 705 1444 ipsum,
734 1373 879 1443 quod
914 1374 968 1425 in
1002 1371 1410 1425 resurrectione
1440 1371 1633 1425 animm
1665 1371 1843 1425 denuo
1882 1370 2062 1423 tribui-

2178 1372 2437 1441 ματικὸν,
2493 1372 2522 1425 δ
2569 1375 2625 1425 ἐν
2658 1378 2723 1445 τῇ
2774 1374 3066 1427 ἀναστάσει
3108 1377 3440 1447 περιτίθεται
3476 1379 3668 1432 πάλιν
3718 1384 3812 1451 τῇ

504 1477 612 1529 tur,
642 1466 735 1520 sed
777 1466 830 1518 in
883 1464 1077 1517 melius
1105 1477 1429 1517 conversum
1464 1480 1477 1515 :
1516 1478 1627 1516 non
1665 1470 1844 1516 tamen
1887 1461 2062 1516 eadem

2177 1462 2320 1532 ψυχῇ
2348 1504 2363 1526 ,
2397 1463 2487 1515 ἐπὶ
2514 1463 2572 1517 τὸ
2606 1467 2853 1535 κρεῖττον
2886 1467 3249 1535 μεταϐάλλον,
3278 1470 3338 1522 ού
3377 1471 3617 1534 πάντως
3656 1474 3814 1525 τόδε

446 1586 450 1592 -
504 1565 589 1610 est
613 1557 700 1609 illa
734 1555 975 1616 materia,
1012 1570 1133 1623 qua:
1166 1555 1382 1624 corpori
1415 1556 1649 1625 primum
1683 1554 1845 1607 insita
1880 1552 2062 1605 fuerat.

2178 1553 2259 1605 ἐτι
2288 1555 2678 1623 ἐντεταγμένον
2719 1557 2778 1609 τὸ
2818 1558 2957 1611 κατὰ
2984 1559 3081 1629 τὴν
3115 1561 3334 1630 πρώτην
3364 1563 3805 1633 ὑποκείμενον.

505 1649 579 1701 Ac
609 1646 1065 1716 quemadmodum
1102 1646 1315 1715 species
1357 1646 1473 1715 ipsa
1505 1646 1571 1699 ad
1611 1646 1861 1699 ultimum
1900 1658 2062 1713 usque

2180 1642 2389 1713 ’Ὠσπερ
2417 1643 2473 1696 δὲ
2504 1644 2565 1697 τὸ
2596 1641 2733 1709 εἶδός
2776 1647 2891 1700 ἐστι
2931 1648 3091 1719 μέχρι
3124 1648 3217 1702 τοῦ
3253 1650 3485 1722 πέρατος
3506 1695 3521 1718 ,
3574 1654 3702 1707 κᾶν
3744 1656 3809 1707 οῖ

510 1739 696 1794 eadem
728 1748 828 1799 est,
859 1738 960 1791 etsi
992 1738 1180 1809 ingens
1215 1739 1552 1808 propriarum
1600 1737 1895 1791 formarum
1931 1747 2062 1791 nota-

2177 1735 2517 1806 χαρακτῆρες
2540 1736 2736 1789 δοκῶσι
2768 1738 2965 1809 πολλὴν
2992 1740 3135 1811 ἔχειν
3164 1742 3547 1815 παραλλαγήνο
3586 1746 3804 1810 οὕτως

505 1846 736 1899 rumque
767 1828 1013 1883 videatur
1058 1845 1181 1884 esse
1238 1828 1572 1885 diversitas:
1609 1829 1767 1900 537
1818 1830 1891 1884 ita
1924 1838 1979 1885 et
2021 1830 2062 1883 ir

2177 1826 2396 1895 νοητέον
2429 1826 2523 1878 καὶ
2556 1827 2647 1879 ἐπὶ
2671 1826 2765 1880 τοῦ
2800 1830 3063 1899 παρόντος
3096 1828 3233 1894 εἶδος
3272 1834 3468 1887 ταυτὸν
3502 1830 3669 1888 εἶναι
3703 1836 3802 1906 τῷ

505 1937 590 1981 eo,
623 1922 689 1974 de
737 1936 844 1989 quo
874 1920 1107 1990 agimus,
1158 1920 1568 1989 intelligendum
1609 1929 1714 1983 est,
1756 1930 2062 1990 prmsenterr

2180 1914 2465 1984 μέλλοντι,
2496 1915 2754 1987 πλείστης
2798 1920 2927 1989 ὅσης
2964 1923 3227 1993 ἐσομένης
3263 1923 3359 1993 τῆς
3388 1926 3483 1977 ἐπὶ
3528 1926 3797 1980 κάλλιον.

504 2013 753 2083 corporis
795 2012 1029 2083 speciem
1057 2011 1301 2066 eamdem
1326 2026 1447 2066 esse
1471 2026 1594 2065 cum
1620 2010 1824 2077 futura,
1860 2026 1981 2065 cum
2012 2025 2062 2065 ec

2179 2003 2499 2075 μεταϐολῆς.
2550 2006 2864 2074 Ἀναγκαῖον
2908 2008 3017 2078 γὰρ
3072 2010 3172 2081 τὴν
3220 2011 3396 2083 ψυχὴν
3449 2016 3510 2067 ἐν
3565 2016 3793 2080 τόποις

501 2115 703 2167 tamen.
736 2115 794 2160 ut
834 2104 1169 2159 incredibilis
1204 2104 1258 2158 in
1290 2105 1483 2158 melius
1506 2104 1576 2158 sit
1611 2103 1793 2159 futura
1821 2105 2062 2159 mutatio.

2178 2100 2511 2164 σωματικοῖς
2550 2097 2897 2169 ὑπάρχουσαν
2950 2102 3248 2173 κεχρῆσθαι
3304 2104 3519 2175 σώμασι
3548 2110 3786 2162 κατ-αλ-

2175 2185 2354 2257 λήλοις
2384 2190 2493 2252 τοῖς
2520 2190 2759 2257 τρόποις.
2779 2192 2888 2244 Καὶ
2910 2191 3097 2265 ὥσπερ
3126 2196 3182 2248 ἐν
3206 2196 3446 2271 Θαλάσσῃ
3476 2198 3580 2271 ζῇν
3614 2203 3786 2271 ἡμεῖς

2176 2278 2428 2349 ἐνύδρους
2458 2282 2779 2351 γενομένους
2827 2286 2875 2336 ει
2910 2285 3103 2357 ἐχρῆν,
3150 2289 3364 2353 πάντως
3393 2290 3459 2343 ἂν
3500 2293 3621 2345 ἔδει
3658 2312 3779 2348 πα-

2179 2373 2485 2443 ραπλησίαν
2515 2374 2659 2445 ἔχειν
2692 2378 2785 2430 καὶ
2808 2376 2903 2448 τὴν
2940 2378 3105 2449 ἄλλην
3139 2381 3333 2450 ἰχθύων
3361 2386 3728 2438 κατάστασιν
3765 2406 3777 2415 ·

2174 2464 2382 2531 οὕτως,
2421 2465 2712 2536 μέλλοντας
2761 2467 3110 2539 κληρονομεῖν
3162 2471 3433 2540 βασιλείαν
3474 2475 3776 2545 οὐρανῶν,

2174 2558 2270 2611 καὶ
2312 2560 2368 2610 ἐν
2402 2558 2588 2622 τόποις
2634 2558 2979 2630 διαφέρουσιν
3012 2562 3250 2627 ἔσεσθαι,
3290 2566 3590 2633 ἀναγκαῖον
3628 2571 3773 2639 χρῆ.

2177 2648 2301 2703 σθαι
2328 2649 2539 2721 σώμασι
2572 2654 2959 2721 πνευματικοῖς
2976 2693 2991 2712 ,
3020 2654 3140 2723 οὐχ).
3165 2655 3258 2709 τοῦ
3282 2657 3453 2720 εἴδους
3481 2659 3578 2711 τοῦ
3616 2680 3769 2732 προ-

2173 2740 2331 2810 τέρου
2363 2741 2779 2813 ἁφανιζομένου,
2820 2745 2922 2799 κᾶν
2949 2747 3040 2799 ἐπὶ
3066 2748 3126 2801 τὸ
3157 2749 3493 2821 ἐνδοξότερον
3521 2752 3768 2823 γένηται

502 2840 683 2893 ritalia
725 2852 945 2909 quoque
994 2851 1224 2907 corpora
1273 2836 1508 2891 habeant
1550 2851 1775 2891 necesse
1804 2844 1912 2900 est,
1965 2851 2062 2889 non

2174 2831 2338 2885 αὑτοῦ
2376 2835 2407 2902 ἡ
2458 2835 2631 2904 τροπή
2659 2850 2673 2864 ’
2713 2834 2900 2908 ὥσπερ
2940 2833 3007 2909 ἦν
3055 2837 3228 2909 Ἰησοῦ
3245 2836 3419 2905 εἶδος,
3458 2841 3555 2896 καὶ
3586 2847 3771 2900 Mevia»

499 2932 648 3004 quod
703 2933 852 3002 prior
904 2930 1285 2999 exstinguatur
1314 2928 1561 2999 species,
1594 2930 1807 2983 tametsi
1851 2929 1905 2982 in
1958 2928 2062 2982 illu-

2176 2925 2346 2988 σέως,
2391 2926 2483 2978 κα)⁵
2530 2925 2735 2995 Ἡλίου,
2774 2929 2871 2999 οὐχ
2908 2930 3089 3001 ἕτερον
3124 2934 3182 2986 ἐν
3219 2937 3284 3004 τῇ
3320 2936 3765 3007 μεταμορφώσεσ

506 3025 678 3080 strius
714 3021 973 3092 quiddam
998 3020 1399 3092 gloriosiusque
1430 3028 1687 3074 mutetur.
1712 3018 2067 3086 Quemadmo—
2097 3023 2138 3081 C
2173 3016 2300 3087 παρ’
2336 3016 2364 3069 ὃ
2394 3013 2480 3081 ἦν.
3244 3038 3254 3050 -

2107 1690 2147 1745 Β

501 2196 733 2252 Necesse
777 2197 919 2252 enim
973 2204 1057 2249 est
1100 2196 1337 2249 animam
1368 2196 1646 2265 corporeis
1678 2197 1730 2249 in
1794 2196 1928 2251 locis
1970 2199 2076 2249 ha:-

510 2300 724 2344 rcntem
769 2289 1156 2343 consentaneis
1181 2288 1284 2341 sibi
1322 2288 1396 2340 uti
1428 2288 1771 2355 corporibus.
1809 2288 1985 2356 Atque
2021 2295 2077 2341 ut

508 2382 556 2436 si
597 2383 649 2434 in
697 2379 1018 2451 aquatilium
1058 2388 1306 2431 naturam
1346 2392 1638 2432 conversos
1661 2378 1823 2431 vitam
1854 2378 1910 2431 in
1940 2378 2076 2431 mari

500 2474 698 2541 degere
758 2487 856 2526 nos
889 2477 1185 2539 Oporteret,
1240 2470 1609 2523 necessarium
1649 2467 1789 2523 foret
1827 2484 1929 2524 nos
1971 2470 2076 2522 alia

500 2580 793 2635 corporum
862 2563 1249 2619 constitutione
1311 2564 1649 2632 pisciumque
1728 2562 1897 2616 simili
1955 2577 2078 2616 esse

506 2657 766 2729 praeditos
816 2674 830 2710 :
885 2657 959 2709 ita
1015 2655 1108 2724 qui
1167 2654 1430 2708 cmlorum
1498 2653 1651 2725 regni
1708 2653 2075 2707 haereditatem

503 2748 706 2801 adituri
734 2752 882 2808 sunt,
910 2760 976 2799 ac
1007 2745 1242 2800 diversis
1268 2745 1323 2798 in
1370 2744 1591 2799 sedibus
1621 2743 1936 2809 habitaturi,
1966 2744 2078 2813 spi-

504 3117 633 3172 dum
663 3115 815 3179 Jesu,
872 3128 935 3169 ac
985 3112 1205 3184 Moysis,
1238 3123 1292 3168 et
1332 3114 1459 3167 Elia:
1488 3113 1696 3182 species
1730 3113 1782 3165 in
1814 3110 2075 3165 transfor-

500 3208 739 3261 maiione
772 3220 880 3259 non
910 3203 1037 3266 alia,
1063 3218 1224 3273 quam
1247 3218 1369 3273 qua:
1394 3202 1548 3257 initio
1581 3209 1721 3264 erat,
1758 3201 2033 3257 exstitit‘.

574 3294 687 3349 XV.
719 3293 836 3348 Non
868 3300 921 3347 te
949 3292 1113 3362 igitur
1145 3291 1407 3354 oﬂ'endat,
1448 3292 1493 3345 si
1524 3292 1646 3361 quis
1679 3291 1907 3360 primam
1938 3289 2062 3343 sub-

2241 3280 2341 3333 IE'.
2371 3281 2461 3351 Μὴ
2495 3281 2800 3353 πρόσκοπτε
2828 3284 3021 3348 τοίνυν,
3068 3286 3115 3338 εἰ
3156 3286 3216 3338 τὸ
3262 3286 3474 3358 πρῶτον
3518 3288 3759 3342 ὑποκεί-

494 3386 698 3456 jectam
721 3383 1004 3437 materiam
1029 3397 1137 3436 non
1158 3382 1400 3436 eamdem
1426 3388 1556 3435 tunc
1580 3381 1814 3435 futuram
1849 3381 2062 3447 dixerit,

2174 3388 2331 3441 μενον
2362 3372 2426 3426 ἄν
2466 3390 2549 3437 τις
2577 3373 2723 3441 λέγοι
2755 3374 2828 3445 μὴ
2878 3374 3091 3428 ἔσεσθαι
3123 3377 3314 3430 ταυτὸν
3355 3376 3499 3443 τότε,
3559 3380 3708 3433 ὅπου
3732 3385 3759 3437 ἑ

500 3492 625 3531 cum
653 3490 722 3530 ne
752 3474 917 3529 biduo
951 3473 1173 3544 quidem
1203 3472 1365 3526 modo
1397 3473 1642 3526 eamdem
1681 3473 1826 3526 illam
1857 3488 2062 3543 perma-

2170 3464 2325 3534 λόγος
2357 3469 2467 3528 τοῖς
2510 3467 2816 3535 ἐφιστὰνειν
2855 3467 3167 3537 δυναμένοις
3194 3468 3481 3531 δείκνυσιν,
3516 3471 3603 3524 ὅτι
3626 3473 3758 3527 οὐδὲ

499 3584 629 3625 nere
661 3581 823 3639 posse
850 3567 991 3620 ratio
1016 3566 1139 3636 ipsa
1166 3565 1431 3628 declaret,
1458 3565 1502 3619 si
1528 3564 1652 3633 quis
1684 3577 1917 3619 mentem
1942 3566 2062 3620 velil

2170 3556 2262 3609 νῦν
2288 3558 2508 3611 δύναται
2544 3559 2636 3612 δύο
2663 3560 2883 3631 ἡμερῶν
2923 3556 3059 3613 εἶναι
3093 3561 3153 3613 τὸ
3185 3561 3399 3631 πρῶτον
3442 3562 3761 3633 ὑποκείμε-

501 3660 810 3714 advertere.
841 3656 1323 3712 Animadversione
1340 3663 1596 3725 praeterea
1615 3654 1836 3724 dignum
1854 3665 1907 3709 et
1935 3655 2062 3711 illud

2168 3666 2276 3705 vov.
2337 3648 2517 3714 Ἀξιον
2548 3650 2605 3703 δὲ
2637 3650 2919 3720 ἐπιστῆναι
2953 3652 3045 3704 καὶ
3075 3651 3137 3703 τὸ
3175 3652 3407 3721 ἐτεροῖον
3442 3651 3546 3721 μὲν
3592 3655 3761 3706 σπεῖ-

498 3757 611 3803 est:
637 3749 913 3805 diversum
955 3747 1214 3803 seminari
1239 3762 1457 3816 corpus,
1479 3746 1862 3815 diversumque
1880 3761 2062 3802 resur-

2164 3741 2377 3814 ρεσθαι,
2405 3744 2638 3815 ἑτεροῖον
2661 3742 2715 3796 δὲ
2740 3743 3077 3797 ἀνίστασθαι.
3110 3743 3414 3812 Σπείρεται
3436 3745 3547 3813 γὰρ
3572 3746 3760 3813 σῶμα

496 3855 642 3911 gere.
662 3838 969 3895 Seminalur
986 3839 1127 3893 enim
1155 3853 1343 3907 corpus
1362 3836 1611 3901 animale,
1626 3846 1858 3907 resurget
1882 3854 2066 3907 corpus

496 3930 737 4000 spiritale
779 3930 820 3985 '.
862 3928 960 3985 His
981 3928 1233 3984 omnibus
1254 3926 1522 3997 ejusmodi
1553 3928 1622 3981 ab
1649 3927 1909 3996 Apostolo
1936 3930 2067 3983 sub-

490 4019 782 4091 jiciuntur,
815 4019 1016 4090 quibus
1052 4033 1154 4074 nos
1186 4025 1459 4072 terrenam
1494 4017 1805 4087 qualitatem
1835 4019 1915 4073 sic
1944 4034 2064 4073 esse

498 4113 770 4182 posituros
819 4110 998 4175 docet,
1039 4116 1099 4165 ut
1139 4108 1257 4179 ipsa
1306 4108 1363 4163 in
1416 4109 1817 4163 resurrectione
1851 4111 2062 4178 species

496 4206 645 4260 salva
667 4202 982 4273 integraque
1003 4207 1342 4272 permaneat:
1363 4198 1477 4254 Hoc
1492 4209 1669 4254 autem
1686 4202 1825 4265 dico,
1844 4203 2057 4271 fratres,

494 4295 742 4363 quoniam
784 4310 909 4348 caro
945 4301 996 4347 et
1038 4291 1250 4362 sanguis
1298 4306 1516 4360 regnum
1547 4290 1646 4345 Dei
1680 4292 1944 4360 possidere
1967 4311 2057 4348 ne-

2167 3832 2750 3902 ψυχικὸηὲγειρεται
2769 3833 2943 3901 σῶμα
2961 3835 3382 3902 πνευματικόν.
3412 3834 3521 3887 Καὶ
3550 3836 3758 3905 ἐπιφέ.

2169 3942 2251 3996 ρει
2283 3926 2446 3977 πᾶσιν
2470 3926 2497 3976 ὁ
2542 3924 2879 3989 Ἀπόστολος,
2913 3926 3095 3995 σχεδὸν
3127 3926 3225 3997 τὴν
3253 3926 3446 3995 γηῖνην
3476 3928 3756 3996 ποιότητα.

2165 4018 2311 4088 ἡμᾶς
2345 4017 2610 4070 διδάσκων
2641 4016 2988 4073 ἀποτίθεσθαι
3019 4018 3232 4088 μέλλειν
3252 4022 3423 4091 ἡμᾶς,
3454 4020 3547 4073 τοῦ
3565 4020 3753 4087 εἴδους

2165 4109 2472 4179 σωζομένου
2525 4109 2665 4163 κατὰ
2704 4109 2803 4181 τὴν
2833 4110 3126 4165 ἀνάστασιν
3150 4128 3164 4143 ·
3226 4111 3406 4165 ΊὈῦτο
3447 4112 3516 4163 δέ
3564 4130 3750 4181 φημι,

2160 4202 2430 4271 ἀδελφοὶ,
2460 4202 2549 4255 ὅτι
2578 4204 2735 4269 σὰρξ
2770 4201 2869 4255 καὶ
2894 4198 3034 4270 αἷμα
3055 4202 3380 4265 ,βασιλείαν
3415 4201 3565 4254 Θεοῦ
3592 4207 3749 4270 κλη-

2155 4296 2492 4366 ρονομῆσαι
2519 4298 2591 4350 οὐ
2612 4296 2915 4357 δύνανται.
2942 4295 3083 4349 οὐδὲ
3103 4298 3140 4363 ἠ
3163 4299 3351 4364 φθορὰ
3376 4295 3490 4363 τὴν
3512 4297 3749 4365 ἀφθαρ-

494 4362 709 4457 queunt,
739 4402 899 4454 neque
922 4384 1186 4451 corruptio
1217 4383 1662 4452 incorruptionem
1695 4384 1740 4439 ³.
1768 4384 1877 4439 Etsi
1913 4387 2057 4441 enim

2163 4362 2327 4465 οοίαιί.
2373 4362 2531 4451 Ἴσως
2561 4387 2659 4457 μὲν
2685 4385 2794 4457 γὰρ
2817 4385 2966 4457 ἔσται
2996 4362 3241 4456 περὶτοῦ
3262 4362 3354 4439 τὸν
3388 4362 3543 4454 ἅγιον
3557 4362 3586 4418 ⁷⁵
3622 4362 3745 4442 δια-

494 4478 727 4532 fortasse
775 4477 1031 4533 eximium
1061 4474 1318 4545 quiddam
1350 4484 1665 4530 sanctorum
1710 4477 1918 4545 corpori
1959 4478 2058 4531 tri-

494 4570 767 4623 buendum
805 4567 932 4629 erit,
965 4573 1023 4620 ut
1055 4565 1109 4619 id
1140 4564 1322 4619 carnis
1355 4564 1473 4632 ipsa
1502 4565 1804 4635 proprietas
1833 4582 2057 4620 conser-

494 4670 602 4722 vet,
627 4674 755 4713 caro
777 4667 957 4712 tamen
984 4657 1217 4727 amplius
1238 4671 1344 4711 non
1370 4658 1492 4718 erit.
1521 4657 1615 4713 sed
1642 4657 1784 4727 quod
1812 4658 1865 4711 in
1890 4674 2054 4713 carne

491 4753 638 4806 velut
682 4751 895 4820 prepria
944 4752 1175 4821 quadam
1219 4758 1345 4802 nota
1383 4757 1499 4802 erat
1542 4750 1904 4817 impressum.
1956 4750 2059 4825 hoc

492 4842 635 4898 idem
666 4842 720 4896 in
754 4842 981 4912 spiritali
1013 4855 1241 4911 corpore
1272 4841 1705 4910 consignandum
1736 4841 1859 4895 erit.

561 4934 717 5001 Quod
759 4948 888 4989 vero
918 4934 981 4985 ad
1013 4948 1107 4986 eos
1147 4930 1447 5000 Scripturae
1476 4932 1623 4985 locos
1647 4933 1861 4997 attinet,
1898 4933 1989 5002 qui
2024 4948 2054 4985 a

491 5022 754 5079 fratribus
789 5023 990 5077 nostris
1021 5021 1375 5090 objiciuntur,
1405 5022 1477 5074 ita
1506 5021 1739 5076 breviter
1766 5036 2055 5079 occurrere

488 5129 802 5185 possumus,
820 5121 981 5182 atque
1002 5112 1269 5182 imprimis
1290 5111 1362 5176 ei,
1382 5127 1540 5181 quem
1560 5126 1621 5165 ex
1640 5110 1918 5167 Ezechiele
1936 5128 2053 5182 pro-

488 5203 691 5259 ferunt.
754 5201 961 5257 Etenim
1007 5202 1053 5257 si
1103 5201 1384 5255 rudiorum
1423 5209 1660 5255 mentem
1720 5216 1784 5255 ac
1830 5218 2053 5272 scopum

487 5292 717 5347 velimus
763 5290 1062 5353 attendere,
1111 5304 1271 5359 quem
1317 5289 1371 5341 in
1411 5288 1686 5357 propheta:
1727 5289 1909 5343 verbis
1950 5290 2052 5343 sibi

487 5392 920 5452 proposuerunt,
966 5395 1310 5450 consequens
1349 5388 1463 5444 est,
1516 5394 1582 5433 ne
1629 5379 1789 5432 ullam
1834 5379 2052 5447 quidem

485 5472 670 5528 carnis
693 5473 1145 5528 resurrectionem
1174 5467 1377 5531 videri,
1414 5468 1506 5523 sed
1537 5472 1741 5524 ossium
1765 5468 2051 5532 duntaxat,

2163 4477 2545 4548 κρατούμενον,
2567 4479 2670 4532 ὑπὸ
2696 4478 2789 4532 τοῦ
2824 4478 3199 4541 ῖδιοποιοῦντός
3232 4494 3361 4531 ποτε
3388 4478 3487 4547 τὴν
3518 4480 3703 4547 σάρκα
3723 4500 3738 4513 ·

2164 4552 2300 4639 σᾶρξ
2345 4568 2402 4621 δέ
2433 4569 2641 4634 οὐκέτι,
2679 4570 2791 4623 ἀλλ’
2830 4570 2966 4640 ὅπερ
2999 4570 3129 4623 ποτέ
3167 4571 3634 4640 ἐχαρακτηρὶζετο
3676 4576 3741 4629 ὲν

2159 4662 2224 4730 τῇ
2254 4662 2439 4730 σαρκὶ,
2486 4660 2643 4714 τούτο
2678 4662 3244 4733 χαρακτηρισθήσεται
3274 4663 3334 4714 ἐν
3370 4662 3450 4732 τῷ
3480 4680 3737 4734 πνευμα-

2156 4750 2293 4821 τικῷ
2326 4750 2557 4821 σώματι.

2226 4924 2335 4979 Καὶ
2370 4927 2506 4997 πρὸς
2547 4925 2615 4979 τὰ
2645 4927 2863 4997 ῥήματα
2894 4926 2950 4980 δὲ
2982 4925 3089 4979 τῶν
3124 4925 3377 4996 Γραφῶν,
3415 4926 3451 4981 ἃ
3496 4932 3729 4998 παρατί-

2156 5015 2336 5069 Θενται
2379 5018 2428 5069 οἱ
2469 5016 2685 5084 ἀδελφοὶ
2730 5016 2906 5086 ἡμῶν,
2957 5015 3129 5069 ταῦτα
3169 5015 3316 5069 ἔστιν
3362 5018 3570 5070 εἰπεῖν’
3633 5023 3728 5075 καὶ

2153 5106 2365 5177 πρῶτον
2386 5108 2441 5159 ἐν
2461 5106 2538 5177 τῷ
2561 5106 2836 5176 Ἰεζεκιὴλ,
2855 5107 2945 5159 ἐπὶ
2966 5106 3027 5158 τὸ
3042 5107 3163 5160 ὅσον
3179 5108 3201 5139 ⁸
3225 5108 3309 5177 ἐφ’
3336 5102 3417 5170 οἷς
3441 5108 3722 5179 βούλονται

2148 5199 2198 5250 οἱ
2223 5196 2575 5266 ἀπλούστεροι
2602 5197 2740 5250 κατὰ
2763 5197 2860 5259 τὰς
2882 5196 3051 5261 λέξεις
3078 5198 3302 5261 ταύτας,
3326 5198 3450 5252 οὐδὲ
3482 5200 3720 5256 ἀνάστα-

2152 5304 2233 5349 σις
2262 5286 2479 5356 σαρκῶν
2501 5287 2671 5351 ἐσται,
2691 5286 2823 5340 ἀλλὰ
2850 5287 3049 5341 όστέων
3074 5289 3254 5359 μόνον,
3281 5290 3377 5342 καὶ
3409 5292 3713 5362 δερμάτων,

2149 5378 2242 5429 καὶ
2263 5376 2485 5447 νεύρων.
2518 5377 2665 5447 ’Ἅμα
2690 5395 2747 5429 τε
2773 5378 2865 5430 καὶ
2896 5378 3235 5433 ὑποδεικτέον
3256 5382 3462 5447 αὐτοῖς,
3492 5384 3579 5437 ὅτι
3601 5402 3710 5439 συν-

2149 5466 2503 5538 αρπάζονται,
2542 5467 2616 5531 ὡς
2652 5468 2724 5539 μὴ
2756 5470 3067 5538 νενοηκότες
3110 5471 3171 5522 τὸ
3198 5473 3612 5544 γεγραμμένον.
3644 5479 3713 5532 Οὐ

561 5632 580 5663 ⁸
615 5630 805 5686 Matth.
834 5648 964 5694 xvii,
993 5630 1029 5684 2
1057 5646 1210 5700 seqq.
1283 5628 1356 5700 Ἴ
1379 5629 1506 5684 Cor.
1546 5646 1635 5694 xv,
1660 5629 1749 5682 44.
1822 5628 1842 5659 ³
1874 5627 2003 5683 ibid.
2054 5628 2062 5679 Ξ

2218 5627 2237 5655 ⁸
2271 5625 2417 5684 Fort.
2448 5628 2591 5692 τούς.
2671 5630 2692 5661 ⁸
2714 5626 2837 5685 For.
2869 5628 3119 5700 περιττὸν
3148 5630 3210 5683 τὸ
3238 5630 3347 5684 τῶν
3375 5632 3572 5700 ἁγίων.
3614 5634 3710 5690 Sed

484 5702 571 5757 hic
611 5703 767 5758 locus
798 5710 1088 5772 corruptus
1110 5697 1212 5757 est.
1282 5697 1463 5754 “Fort.
1492 5700 1612 5753 ἐπεὶ
1649 5699 1791 5752 ὅσον.

648 6350 685 6355 τί
700 6350 1045 6360 ὟἮ-ωή-ῄ
