4082 6394
295 446 438 507 1095

1033 444 1398 506 ADVERSUS
1435 444 1778 502 IIZEIIESES
1817 443 1943 501 LIB.
1980 438 2043 499 11.
2087 444 2249 500 ΤΟΜ.
2291 444 2402 498 I-
2436 443 2711 501 IIIEIIES.
2742 444 2925 500 LXIV.

3424 447 3561 509 1094

295 568 424 638 γὰρ,
458 568 506 619 εἰ
527 565 660 620 ὀστᾶ
684 564 1030 637 ὀνομάζεται,
1059 568 1278 632 πάντως
1302 570 1369 622 τά
1396 569 1529 621 ὀστᾶ
1555 566 1728 621 ταῦτα
1758 584 1875 638 νοη-

1991 566 2341 621 :uticularum
2377 576 2542 637 atque
2577 582 2893 622 nervorum.
2942 567 3048 623 Sed
3074 577 3130 624 et
3160 569 3295 625 illud
3336 570 3561 628 demon-

292 660 442 713 τέον·
473 657 664 727 ὥσπερ
711 659 831 712 οὐδὲ
860 661 917 711 ἐν
951 660 1049 730 τῷ,
1096 660 1534 727 Διεσκορπίσθη
1575 658 1770 711 πάντα
1804 659 1874 711 τὰ

295 749 447 805 ὀστᾶ
462 767 581 819 μου
601 767 613 779 ·
632 751 946 813 καὶ,¹’1ασαί
955 768 1052 820 με,
1066 751 1152 804 ὅτι
1166 750 1463 818 ἐταράχθη
1480 749 1553 803 τὰ
1572 748 1723 803 ὀστᾶ
1733 766 1872 817 μου,

294 842 530 912 φανεροῦ
551 842 701 906 ὄντος
720 844 814 895 τοῦ
834 844 908 914 μὴ
924 842 1177 911 λέγεσθαι
1193 843 1260 896 τά
1274 844 1406 895 ὀστᾶ
1423 841 1561 894 κατὰ
1574 842 1673 912 τὴν
1693 842 1874 911 κοινὴν

296 935 542 1013 εκδοχήν.
562 937 912 1007 Ἑπιφέρεται
928 935 1059 1004 γοῦν
1079 935 1157 1005 τῷ
1168 935 1330 1004 λόγῳο
1348 936 1466 987 ’Ότι
1480 934 1650 987 αὐτοὶ
1663 932 1875 1001 λέγουοη

294 1043 417 1079 σιν·
439 1028 560 1080 Ὅτι
589 1026 743 1095 ξηρὰ
760 1027 966 1097 γέγονε
981 1026 1052 1081 τὰ
1072 1027 1223 1082 ὀστᾶ
1238 1030 1276 1096 ἡ
1278 1027 1408 1096 μῶν
1417 1022 1502 1082 ,τΑ
1512 1027 1581 1097 ρά
1604 1043 1668 1095 γε
1684 1026 1876 1095 λέγου-

298 1136 380 1173 σιν
390 1162 403 1183 ,
421 1119 583 1188 Ξηρὰ
594 1119 799 1189 γέγονε
812 1122 883 1174 τὰ
897 1120 1078 1174 ὀστέα
1093 1120 1280 1190 ἡμῶν,
1298 1120 1541 1182 θέλοντες
1555 1120 1874 1173 ἀνίστασθαι

298 1209 662 1279 συναχθέντα;
722 1210 883 1264 Ἀλλὰ
907 1210 1067 1263 τοῦτο
1095 1212 1397 1282 ἀμήχανον.
1453 1208 1676 1277 Λέγοιεν
1708 1208 1752 1261 δ’
1785 1208 1872 1272 ἂν,

295 1300 447 1371 Ξηρά
475 1300 664 1369 γέγονε
689 1301 757 1355 τὰ
787 1301 946 1354 ὀστέα
988 1301 1166 1371 ἡμῶν,
1207 1304 1265 1353 ὲν
1302 1300 1703 1370 αἰχμαλωσίαις
1731 1300 1877 1367 γενό-

299 1408 471 1461 μενοι,
527 1391 621 1443 καὶ
667 1393 847 1444 πᾶσαν
897 1390 1132 1461 ζωτικὴν
1187 1390 1366 1443 νοτίδα
1414 1389 1871 1460 ἀποϐεϐληκότες.

309 1481 658 1552 Ἐπιφέρουσι
704 1482 835 1550 γοῦν
877 1483 957 1542 τὸ,
999 1483 1333 1535 Ἂπόλωλεν
1372 1482 1411 1548 ὴ
1455 1482 1631 1547 ἐλπὶς
1663 1481 1831 1550 ἡμῶν
1859 1501 1872 1513 ·

295 1571 849 1641 διαπεφωνήκαμεν.
882 1573 1091 1626 Οὐκοῦν
1118 1575 1150 1641 ἡ
1178 1573 1479 1640 ἐπαγγελία
1511 1574 1612 1642 τῆς
1638 1574 1874 1627 ἀναστά-

299 1682 438 1728 σεως
467 1664 560 1716 τοῦ
592 1663 721 1717 λαοῦ
750 1666 896 1717 ἐστιν
921 1664 1028 1717 ἀπὸ
1054 1663 1148 1716 τοῦ
1170 1663 1480 1733 πτώματος,
1508 1665 1599 1717 καὶ
1614 1664 1712 1733 τῆς
1737 1667 1847 1717 οἱον
1860 1670 1881 1704 -“

297 1757 347 1810 εὶ
386 1757 708 1828 νεκρότητος
754 1757 821 1827 ἥν
856 1755 1234 1827 νενέκρωνται,
1272 1755 1359 1809 διὰ
1396 1756 1467 1809 τὰ
1503 1758 1876 1827 ἁμαρτήματα

297 1851 412 1912 τοῖς
437 1848 651 1919 ἐχθροῖς
682 1846 1102 1918 παραδοθέντες.
1138 1849 1248 1900 Καὶ
1272 1850 1318 1900 οἱ
1344 1847 1655 1918 ἁμαρτωλοὶ
1679 1848 1737 1901 δὲ
1771 1849 1876 1902 ὑπὸ

1989 661 2272 715 strandum
2305 661 2441 730 ipsis
2470 669 2574 724 est,
2607 668 2812 717 temere
2842 661 2966 716 illos
2996 663 3052 716 in
3090 678 3333 720 errorem
3364 666 3564 737 abripi,

1985 750 2113 805 dum
2146 752 2339 821 scripti
2368 753 2696 808 sententiam
2724 768 3066 823 nequaquam
3093 757 3424 827 percipiunt.
3452 757 3560 812 Ne-

1977 858 2082 911 que
2104 842 2248 896 enim
2274 858 2397 897 cum
2422 858 2548 897 ossa
2575 844 2952 907 nominantur,
2974 845 3087 899 haec
3119 839 3237 916 ipsa
3253 863 3375 917 qua:
3394 848 3567 904 babe-

1978 949 2100 988 mus
2119 950 2243 989 ossa
2263 950 2360 1004 par
2377 946 2459 990 est
2478 936 2670 1005 accipi,
2689 936 2767 989 uti
2788 952 2961 1006 neque
2978 937 3034 990 in
3056 937 3144 993 his
3158 938 3292 993 locis
3310 939 3401 993 ubi
3427 941 3567 994 scri—

1978 1032 2129 1093 ptum
2151 1032 2262 1078 est:
2291 1024 2541 1093 Dispersa
2563 1035 2687 1079 sunt
2709 1027 2886 1079 omnia
2904 1026 3067 1098 538
3083 1044 3205 1082 ossa
3220 1044 3336 1083 mea
3351 1029 3390 1094 ¹;
3416 1039 3530 1083 tum
3551 1048 3565 1084 :

1978 1114 2124 1170 Sana
2157 1133 2258 1180 me,
2286 1119 2535 1186 quoniam
2564 1118 2881 1172 conturbata
2914 1128 3037 1173 sunt
3069 1137 3193 1176 ossa
3226 1122 3410 1187 mea';
3438 1136 3565 1177 cum

1978 1209 2050 1262 sit
2087 1207 2439 1265 manifestum
2481 1225 2590 1264 non
2626 1210 2928 1265 secundum
2966 1211 3243 1283 vulgarem
3283 1213 3565 1269 notionem

1978 1301 2183 1356 ossium
2219 1317 2419 1357 nomen
2452 1303 2728 1372 usurpari.
2785 1301 3241 1359 Proinderstatim
3278 1306 3464 1361 eadem
3508 1306 3566 1361 in

1977 1395 2227 1448 oratione
2249 1394 2623 1464 subjungitur,
2651 1393 2729 1448 Eo
2759 1395 2897 1464 quod
2920 1396 3023 1463 ipsi
3062 1395 3279 1450 dicunt:
3301 1398 3567 1463 Quoniam

1978 1486 2135 1539 arida
2161 1486 2309 1555 facta
2332 1498 2453 1540 sunt
2480 1502 2601 1540 ossa
2620 1487 2857 1539 nostra‘.
2884 1485 3021 1539 Num
3042 1487 3145 1542 hoc
3167 1488 3331 1558 igitur
3352 1489 3564 1555 dicunt,

1978 1577 2146 1629 Arida
2178 1577 2323 1646 facta
2359 1585 2484 1630 sunt
2512 1594 2634 1631 ossa
2667 1586 2873 1639 nostra,
2911 1576 3054 1646 quod
3094 1578 3280 1632 eadetn
3313 1578 3365 1631 in
3395 1595 3566 1636 unum

1978 1670 2204 1724 collecta
2232 1670 2423 1722 volunt
2451 1670 2771 1738 resurgere?
2807 1670 2966 1738 Atqui
3003 1671 3115 1723 fieri
3149 1670 3291 1725 istud
3325 1686 3435 1725 non
3467 1688 3565 1741 po-

1978 1768 2106 1815 test.
2152 1760 2330 1825 Quare
2365 1758 2518 1814 arida
2554 1760 2687 1815 ideo
2738 1776 2836 1813 sua
2890 1762 3083 1815 dicunt
3122 1778 3268 1826 ossa,
3319 1764 3461 1833 quod
3509 1766 3567 1818 in

1979 1851 2385 1922 captivitatibus
2418 1852 2510 1905 diu
2562 1853 2731 1907 habili
2775 1855 2993 1907 vitalem
3031 1871 3245 1910 omnem
3282 1862 3567 1911 humorem

297 1940 392 1993 τοῦ
424 1914 676 2010 Σωτῆρος
708 1914 956 2007 λέγονται
996 1933 1136 1991 εἶναι
1182 1938 1344 2008 τάφοι
1366 1914 1627 2009 γέμοντες
1672 1939 1882 1992 ὀστέων

1991 1942 2281 1997 amiserint.
2331 1941 2486 1997 Unde
2529 1954 2584 1998 et
2636 1943 2768 1997 illud
2815 1946 3089 2002 inferunt:
3139 1945 3308 2000 Periit
3333 1963 3445 2015 spes
3467 1965 3570 2002 uo-

300 2034 395 2085 καὶ
434 2032 608 2102 πάσης
630 2030 990 2102 ἀκαθαρσίας.
1044 2030 1254 2102 Πρέπει
1296 2030 1353 2084 δὲ
1396 2030 1473 2101 τῷ
1499 2030 1619 2102 Θεῷ
1641 2032 1880 2100 ἀνοίγειν

1991 2044 2127 2089 ttra:
2166 2034 2387 2087 abscissi
2426 2051 2609 2088 sumus
2640 2034 2683 2086 ‘.
2726 2035 2995 2099 Quocirca
3029 2039 3451 2093 resurrectionis
3477 2039 3570 2092 illa

299 2124 369 2177 τά
407 2124 645 2195 μνημεῖα
691 2122 947 2184 ἑκάστου,
989 2124 1083 2176 καὶ
1115 2122 1330 2192 ἐξάγειν
1363 2124 1427 2175 ὲκ
1459 2123 1567 2175 τῶν
1600 2125 1881 2193 μνημείων

1991 2125 2181 2194 populo
2207 2124 2347 2177 facta
2377 2126 2670 2195 promissio
2691 2126 2757 2178 ab
2782 2126 2871 2179 illa
2902 2127 3061 2180 ruina
3106 2143 3168 2181 ac
3204 2129 3349 2182 velut
3371 2144 3569 2183 eneca-

298 2215 450 2285 ἡμᾶς
484 2213 971 2286 ὲζωοποιημένους,
1006 2214 1197 2286 ὥσπερ
1223 2216 1250 2267 ὀ
1281 2213 1470 2285 Σωτὴρ
1510 2213 1603 2267 τὸν
1633 2215 1885 2288 Λάζαρον

1991 2219 2149 2279 tione,
2191 2233 2297 2287 qua
2342 2217 2597 2272 exstincti
2648 2225 2799 2281 sunt,
2840 2233 2965 2273 cum
3013 2229 3237 2290 propter
3270 2222 3475 2276 scelera
3510 2221 3567 2275 in

301 2305 549 2360 εἵλκυσεν
580 2306 706 2373 ἔξω.

1991 2310 2225 2364 hostium
2256 2318 2578 2380 potestatem
2622 2308 2809 2363 traditi
2850 2320 2998 2375 sunt,
3030 2312 3277 2380 quaedam
3309 2320 3392 2366 est
3428 2310 3574 2365 exci-

301 2400 437 2451 tatio
474 2397 675 2452 futura.
732 2396 874 2462 Quin
907 2398 1069 2451 etiam
1125 2406 1441 2466 peccatores
1478 2413 1507 2451 a
1549 2397 1831 2453 Salvatore
1858 2402 2107 2471 sepulcra
2137 2417 2261 2456 esse
2313 2401 2572 2455 dicuntur
2614 2402 2834 2456 ossibus
2859 2412 3020 2473 atque
3049 2403 3195 2456 omni
3229 2403 3573 2459 immunditia

299 2493 483 2564 plena.
518 2490 626 2545 Sed
658 2490 787 2544 illud
819 2489 1016 2543 divinae
1047 2490 1315 2557 majestati
1346 2490 1619 2551 convenit,
1653 2498 1710 2542 ut
1739 2492 2076 2560 singulorum
2103 2493 2352 2561 sepulcra
2382 2490 2692 2562 patefaciet,
2724 2504 2778 2546 et
2808 2507 2909 2546 nos
2939 2492 3006 2546 ad
3045 2493 3209 2547 vitam
3238 2493 3573 2549 instauratos

303 2604 336 2643 e
364 2587 733 2640 monumentis
762 2585 982 2648 educat,
1010 2584 1235 2655 perinde
1265 2600 1327 2639 ac
1356 2583 1621 2638 Lazarum
1659 2583 1804 2639 foras
1838 2584 2090 2639 Salvator
2119 2586 2373 2639 extraxit.

374 2680 490 2745 ις’.
538 2677 611 2730 Τδ
640 2677 718 2742 δὲ,
761 2677 917 2730 Ἐκεῖ
933 2676 1103 2729 ἔσται
1133 2680 1165 2730 ὁ
1194 2676 1518 2746 κλαυθμὸς,
1560 2675 1655 2730 καὶ
1690 2680 1721 2730 ό
1741 2678 1885 2743 βρυ-

2067 2676 2207 2733 XVI.
2243 2676 2360 2731 Jam
2392 2693 2523 2732 vero
2556 2679 2700 2747 quod
2747 2679 2891 2731 hunc
2921 2678 3100 2730 locum
3150 2677 3449 2747 objiciunt:
3488 2678 3577 2733 Ibi

304 2771 452 2841 τμὸς
478 2769 599 2823 τῶν
628 2769 907 2833 ὀδόντων,
936 2768 1072 2839 πρὸς
1097 2768 1293 2831 αὐτοὺς
1318 2769 1641 2839 ἁπορητέον,
1690 2770 1771 2822 ὅτι
1804 2769 1885 2833 Ὠς

1998 2770 2097 2822 erit
2123 2769 2275 2837 ﬂetus
2297 2779 2346 2822 et
2370 2769 2570 2823 stridor
2590 2769 2823 2823 dentium
2841 2770 2885 2830 ³,
2906 2768 2985 2822 sic
3016 2768 3276 2823 adversus
3309 2769 3431 2826 illos
3458 2771 3575 2827 dis-

304 2863 362 2917 έν
382 2860 554 2932 τούτῳ
570 2858 647 2930 τῷ
672 2860 770 2931 βίῳ
791 2862 897 2913 πᾶν
925 2859 1085 2930 μέλος
1109 2859 1189 2923 εἵς
1210 2878 1333 2914 τινα
1353 2861 1541 2931 χρείαν
1567 2862 1596 2914 ὀ
1619 2863 1885 2932 Δημιουρ-

1993 2861 2295 2930 putandum
2326 2869 2435 2915 est:
2471 2862 2607 2915 Cum
2643 2862 2697 2914 in
2727 2861 2825 2913 hac
2849 2861 2957 2913 vita
2991 2860 3293 2913 membrum
3325 2876 3487 2916 omne
3508 2862 3577 2917 ad

306 2955 399 3023 γδς
422 2953 843 3015 κατεσκεύασεν,
866 2952 1038 3015 οὕτως
1065 2955 1156 3006 καὶ
1179 2955 1303 3017 τοὺς
1335 2953 1553 3016 ὀδόντας
1583 2955 1663 3015 εἰς
1690 2955 1751 3007 τὸ
1775 2954 1883 3007 δια-

1996 2968 2154 3006 usum
2187 2953 2425 3022 aliquem
2466 2967 2495 3005 a
2528 2967 2744 3008 summo
2790 2952 2883 3006 illo
2914 2950 3121 3022 Opiﬁce
3162 2954 3233 3007 sit
3271 2953 3574 3016 conditum,

305 3045 601 3098 κόπτεσθαι
657 3044 752 3115 τὴν
797 3043 1022 3115 στερεὰν
1053 3048 1277 3116 τροφήν.
1326 3043 1421 3107 Τίς
1456 3039 1548 3097 οὖν
1584 3044 1743 3115 χρεία
1772 3046 1884 3106 τοῖς

1993 3054 2105 3100 tum
2127 3060 2256 3101 vero
2278 3045 2470 3099 dentes
2490 3044 2670 3099 solido
2693 3043 2816 3097 cibo
2837 3044 3257 3099 comminuendo
3277 3052 3405 3100 sunt
3421 3044 3574 3101 facti.

306 3133 690 3205 κολαζομένοις
718 3134 980 3198 ὀδόντωνς
1007 3136 1080 3187 Οὐ
1113 3135 1221 3206 γὰρ
1255 3138 1332 3197 εἰς
1356 3135 1455 3206 τὴν
1484 3134 1706 3204 γέενναν
1734 3136 1885 3198 ὄντες

1997 3136 2139 3203 Quid
2167 3137 2332 3208 igitur
2360 3137 2619 3199 dentibus
2646 3150 2785 3206 opus
2808 3136 2916 3189 illis
2940 3146 3044 3200 est,
3075 3137 3166 3204 qui
3197 3137 3337 3205 apud
3369 3137 3578 3194 inferos

308 3226 427 3280 κατ’
469 3226 662 3287 αὐτοὺς
705 3224 986 3292 φάγονται.
1038 3224 1147 3275 Καὶ
1189 3223 1449 3285 δεικτέον,
1500 3226 1582 3278 ὅτι
1612 3225 1674 3277 οὐ
1707 3225 1883 3278 πάντα

1992 3229 2351 3285 cruciantur?
2373 3228 2490 3283 Non
2513 3230 2679 3294 enim,
2713 3229 2927 3299 opinor,
2960 3229 3257 3298 quidquam
3284 3230 3395 3283 illic
3420 3244 3579 3284 man-

307 3314 833 3387 παραλαμϐάνεσθαι
875 3314 957 3367 δεῖ
1000 3314 1140 3366 κατὰ
1186 3312 1245 3365 τὸ
1279 3312 1546 3383 κείμενον.
1612 3313 1885 3378 Ὀδόντας

306 3409 454 3479 γοῦν,
481 3407 666 3477 φησὶν,
689 3404 1051 3475 ἁμαρτωλῶν
1072 3405 1471 3473 συνέτριψαςο
1499 3406 1616 3465 καὶ,
1644 3406 1755 3469 Τὰς
1774 3406 1885 3473 μύ-

306 3504 423 3566 λας
464 3498 584 3552 τῶν
626 3499 892 3551 λεόντων
923 3494 1306 3549 συνέθλασεν
1338 3498 1370 3548 ό
1410 3495 1644 3563 Κύριος.
1698 3495 1793 3559 Τίς
1829 3496 1887 3548 δὲ

306 3592 478 3654 οὕτως
493 3589 720 3662 ἠλίθιος,
742 3588 817 3652 ὡς
833 3587 1004 3642 ὑπολα
1013 3587 1257 3657 μϐάνειν,
1276 3588 1357 3640 ὅτι
1376 3586 1559 3658 τηρῶν
1578 3586 1646 3641 τὰ
1663 3586 1888 3659 σώματα

307 3684 416 3738 τῶν
439 3682 779 3754 ἁμαρτωλῶν
801 3681 995 3744 ὀΘεὸς,
1016 3682 1141 3742 τοὺς
1159 3681 1378 3743 ὀδόντας
1406 3679 1584 3733 αὐτῶν
1613 3679 1887 3751 συντρίϐει

313 3774 470 3845 μόνον
497 3792 512 3841 ;
550 3774 760 3844 Ὥσπερ
789 3769 882 3825 οὖν
929 3773 982 3823 εἴ
1005 3788 1108 3833 τις,
1139 3770 1305 3823 θέλων
1325 3771 1497 3825 ταῦτα
1520 3769 1691 3834 οὕτως
1721 3770 1885 3839 ἔχειν,

312 3866 625 3935 θλιϐόμενος
652 3864 864 3917 εἵλκετο
910 3863 995 3913 ἐπ’
1032 3862 1378 3931 ἀλληγορίαν,
1428 3861 1598 3923 οὕτως
1629 3862 1889 3931 ζητητέον

310 3956 420 4010 τῶν
440 3954 813 4024 κολαζομένων
828 3952 917 4005 τὸν
937 3951 1072 4023 βρυγ
1080 3952 1177 4021 μὸν
1196 3951 1304 4003 τῶν
1323 3952 1570 4015 ὀδόντων,
1594 3952 1693 4021 τῆς
1712 3951 1892 4021 ψυχῆς

310 4046 541 4117 δύναμιν
574 4043 882 4116 μασητικὴν
906 4041 1157 4112 ἐχούσης,
1182 4044 1302 4111 ἥτις
1333 4041 1593 4111 ἐν’καιρῷ
1618 4040 1712 4093 τοῦ
1743 4041 1894 4109 ὲλέγ-

310 4158 406 4211 χου
448 4140 582 4209 περί
619 4138 728 4190 τῶν
768 4134 1184 4206 ἁμαρτημάτων
1217 4132 1359 4186 κατὰ
1390 4133 1479 4184 τὸν
1515 4133 1893 4202 συγκρουσμὸν

312 4234 419 4286 τῶν
440 4231 667 4285 ὀδόντων
695 4229 785 4301 (ὡς
833 4226 1121 4300 ἐφρόνησε)
1180 4224 1361 4295 βρύξει
1397 4225 1521 4285 τοὺς
1547 4224 1783 4284 ὀδόντας.
1820 4223 1894 4276 Τὸ

312 4326 390 4389 δὲ,
431 4323 733 4389 Φοϐήθητε
773 4322 879 4374 τὸν
912 4317 1253 4385 δυνάμενον
1288 4316 1384 4369 καὶ
1421 4314 1634 4384 ψυχὴν
1683 4315 1780 4368 καὶ
1828 4314 1895 4367 τὸ

314 4414 488 4484 σῶμα
518 4413 817 4469 ἀπολέσαι
848 4413 918 4465 ἐν
946 4413 1182 4481 γεέννῃ,
1216 4408 1356 4478 τάχα
1386 4406 1483 4477 μὲν
1511 4407 1772 4470 διδάσκει,
1807 4407 1891 4459 ὅτι

2002 3320 2301 3376 ducaturos
2327 3336 2450 3375 esse
2478 3321 2735 3376 dixerint.
2779 3320 2860 3373 Ad
2889 3320 3004 3375 haec
3033 3318 3260 3375 docendi
3295 3328 3446 3386 sunt,
3466 3337 3577 3377 non

1992 3413 2176 3467 omnia
2223 3412 2451 3482 perinde
2504 3411 2822 3483 accipienda
2881 3426 3006 3466 esse
3052 3427 3118 3464 ac
3171 3414 3376 3481 scripta
3423 3423 3572 3469 sunt.

1988 3502 2170 3570 Quare
2216 3500 2324 3555 alio
2370 3501 2490 3554 loco
2529 3502 2791 3569 scriptum
2835 3506 2919 3554 est
2968 3514 2982 3550 :
3022 3497 3212 3551 Dentes
3241 3507 3576 3566 peccatorum

2004 3590 2297 3646 contrivisti
2311 3590 2331 3621 ⁸
2351 3605 2366 3655 ;
2393 3592 2518 3643 item
2539 3605 2552 3640 :
2574 3587 2630 3642 Μ
2635 3588 2749 3643 alas
2768 3589 2973 3643 leonum
2994 3589 3246 3659 confregit
3263 3588 3518 3643 Dominus
3531 3590 3575 3644 ".

2003 3681 2139 3736 Nam
2169 3680 2295 3751 quis
2317 3680 2452 3733 adeo
2471 3679 2701 3734 stolidus
2722 3688 2824 3745 est,
2856 3687 2913 3732 ut
2936 3678 3041 3733 sibi
3068 3679 3392 3748 persuadeat
3408 3679 3577 3735 Deum

1992 3772 2288 3828 reservatis
2330 3779 2676 3840 peccatorum
2703 3766 3026 3836 corporibus
3063 3767 3208 3821 solos
3230 3767 3420 3821 dentes
3443 3781 3579 3821 con-

1992 3863 2211 3918 terere?
2271 3860 2341 3915 Ut
2390 3861 2556 3930 igitur
2578 3860 2670 3929 qui
2715 3859 2827 3913 haec
2868 3860 2941 3911 ita
2994 3875 3053 3913 se
3099 3859 3301 3913 habere
3331 3860 3479 3921 velit,
3519 3858 3575 3913 in

1992 3953 2271 4023 angustias
2305 3949 2608 4019 conjectus,
2638 3947 2704 4001 ad
2736 3949 3085 4018 allegoricum
3118 3963 3341 4002 sensum
3372 3949 3459 4002 vel
3489 3948 3576 4001 in-

1993 4045 2138 4097 vilus
2167 4041 2431 4094 trahitur:
2482 4040 2560 4091 sic
2601 4038 2668 4091 de
2703 4037 2940 4093 stridore
2971 4036 3215 4092 dentium
3253 4036 3310 4089 in
3359 4036 3444 4089 his
3480 4036 3576 4105 qui

1995 4131 2278 4202 suppliciis
2300 4128 2629 4191 alliciuntur,
2662 4114 2953 4195 inquirere.
2972 4125 3112 4179 idem
3139 4133 3393 4194 oportet;
3429 4140 3569 4195 qua-

1996 4234 2155 4279 tenus
2196 4221 2376 4274 anima
2410 4217 2829 4274 commandendi
2878 4217 3196 4270 nonnullam
3237 4217 3343 4269 vim
3391 4218 3576 4281 habet.

1993 4330 2098 4385 qua
2129 4312 2322 4366 ultimo
2354 4310 2447 4365 illo
2486 4309 2683 4380 judicii
2736 4317 3001 4379 tempore,
3048 4324 3173 4362 cum
3221 4308 3289 4363 de
3338 4312 3580 4379 peccatis

1993 4406 2221 4477 quaestio
2254 4405 2562 4468 habebitur,
2587 4403 2815 4473 perinde
2846 4410 2903 4456 ut
2934 4403 3119 4457 collidi
3152 4403 3346 4459 dentes
3376 4405 3576 4463 solent.

315 4504 602 4575 ἀσώματος
652 4506 686 4575 ὴ
732 4503 906 4575 ψυχὴ,
958 4502 1101 4571 τάχα
1149 4500 1206 4552 δὲ
1248 4497 1399 4597 δηλοξ
1455 4499 1549 4550 καὶ
1594 4498 1675 4550 ὅτι
1721 4497 1885 4568 χωρὶς

1999 4500 2072 4552 ita
2104 4508 2217 4551 tum
2244 4498 2503 4552 dentibus
2528 4495 2932 4566 quodammodo
2962 4495 3233 4551 stridebit.
3267 4495 3402 4551 Illud
3427 4512 3578 4559 vero,

317 4596 567 4669 σώματος
597 4596 658 4649 οὐ
700 4594 1092 4665 κολασθήσεται
1116 4608 1129 4622 ο
1175 4589 1305 4661 περὶ
1345 4584 1405 4644 οὗ
1446 4588 1891 4658 φυσιολογοῦντες

314 4690 384 4742 τὰ
437 4689 566 4760 περὶ
617 4687 712 4741 τοῦ
759 4687 954 4751 εἴδους,
1002 4686 1097 4739 καὶ
1140 4683 1234 4738 τοῦ
1282 4682 1497 4754 πρώτου
1531 4681 1891 4753 ὑποκειμένου

316 4783 638 4852 εἰρήκαμεν.

319 4877 436 4930 sine
462 4889 693 4944 corpore
733 4873 915 4927 nullas
943 4885 1135 4941 pmnas
1178 4885 1301 4925 esse
1338 4870 1764 4942 persoluturam.
1821 4869 1898 4924 De

315 4971 516 5042 jectam
551 4969 845 5034 materiam:
883 4967 1222 5033 attinebant,
1278 4966 1441 5036 paulo
1491 4975 1617 5021 ante
1661 4966 1894 5020 naturali

389 5060 502 5114 Kal.
539 5058 604 5115 τὸ
642 5058 793 5131 παρὰ
821 5058 898 5130 τῷ
945 5058 1251 5129 Ἀποστόλῳ
1279 5058 1356 5121 δὲ,
1395 5057 1764 5123 Ζωοποιήσει
1798 5058 1896 5111 καὶ

320 5153 392 5206 τὰ
418 5152 607 5219 θνητὰ
627 5150 797 5221 ἡμῶν
816 5151 1080 5219 σώματα,
1108 5148 1302 5218 θνητοῦ
1329 5149 1478 5213 ὄντος
1504 5149 1597 5203 τοῦ
1624 5148 1897 5219 σώματος,

2002 4591 2200 4645 Timete
2226 4606 2362 4652 eum,
2399 4590 2487 4660 qui
2518 4596 2687 4658 potest
2719 4596 2768 4643 et
2803 4590 3040 4643 animam
3068 4597 3119 4643 et
3153 4605 3341 4658 corpus
3366 4589 3582 4659 perdere

2000 4684 2056 4737 in
2081 4682 2365 4753 gehennam
2381 4681 2426 4738 '.
2478 4679 2616 4735 forte
2656 4680 2709 4734 id
2745 4696 2914 4734 unum
2946 4695 3048 4735 nos
3076 4680 3257 4744 docet,
3299 4691 3578 4749 expertem

2001 4789 2126 4829 esse
2157 4774 2406 4842 corporis
2441 4771 2710 4839 animam;
2760 4779 2855 4826 aut
2893 4772 3026 4826 illud
3063 4773 3310 4842 insuper,
3343 4773 3581 4827 animam

2015 4885 2046 4924 ο
2076 4883 2306 4938 corpore
2335 4883 2458 4938 qua:
2483 4868 2550 4923 ad
2589 4868 2825 4937 speciem
2856 4883 2920 4921 ac
2948 4868 3179 4938 primam
3243 4868 3404 4940 539
3458 4869 3583 4923 sub-

2001 4966 2151 5020 tione
2173 4964 2555 5019 disseruimus.

2074 5057 2143 5111 At
2170 5071 2300 5111 vero
2325 5056 2533 5111 dictum
2555 5053 2689 5109 illud
2707 5053 2985 5124 Apostoli:
3029 5053 3328 5123 Viviﬁcabit
3360 5065 3407 5109 et
3432 5071 3580 5109 mor-

2003 5147 2137 5201 talia
2162 5157 2345 5200 nostra
2371 5132 2655 5214 corpora';
2678 5160 2803 5199 cum
2828 5154 3076 5200 nostrum
3104 5148 3333 5200 mortale
3364 5148 3434 5200 sit
3459 5161 3581 5200 cor-

321 5246 417 5298 καὶ
436 5247 497 5298 οὑ
536 5245 853 5315 μετέχοντος
874 5242 973 5312 τῆς
1005 5240 1263 5313 ἀληθινῆς
1295 5242 1461 5312 ζωῆς,
1507 5241 1728 5295 δύναται
1757 5258 1885 5313 παρ-

2004 5254 2130 5309 pus,
2162 5252 2263 5292 nec
2292 5252 2434 5291 vera:
2453 5238 2579 5290 vita:
2604 5235 2897 5305 particeps,
2916 5235 3062 5289 istud
3093 5235 3271 5305 ipsum
3301 5234 3582 5290 declarare

325 5338 579 5399 ιστάνειν,
593 5337 727 5389 ὅπου
747 5334 810 5388 τὸ
830 5334 1135 5405 σωματικὸν
1167 5328 1410 5399 εῐδοςλπε
1419 5334 1470 5403 p‘t
1491 5325 1552 5385 οὗ
1572 5334 1896 5404 εἰρήκαμεν,

290 5430 293 5433 ’
320 5430 387 5498 τῇ
420 5426 579 5497 φύσει
610 5425 801 5497 θνητὸν
829 5424 909 5487 ὃν,
938 5424 1083 5478 ὅταν
1103 5424 1355 5493 Χριστὸς
1381 5423 1692 5492 φανερωθῇ
1722 5424 1759 5491 ὴ
1784 5422 1895 5489 ζωὴ

323 5514 511 5584 ἡμῶν,
542 5516 634 5568 καὶ
662 5514 793 5567 αὐτὸ
822 5513 1146 5585 μεταϐάλλει
1175 5513 1283 5567 ἀπὸ
1310 5513 1403 5566 τοῦ
1438 5508 1576 5566 εἶναι
1613 5513 1771 5582 σῶμα
1799 5513 1895 5566 θα·-

322 5605 484 5661 νάτου
508 5606 862 5676 ζωοποιηθὲν,
885 5605 971 5660 διὰ
994 5604 1054 5659 τὸ
1075 5604 1299 5675 Πνεῦμα
1318 5604 1379 5657 τὸ
1399 5602 1695 5667 ζωοποιοῦν
1720 5606 1784 5655 ὲκ
1806 5602 1898 5656 τοῦ

2001 5336 2202 5399 potest,
2243 5340 2561 5394 corpoream
2593 5325 2734 5379 hanc
2765 5326 3001 5394 speciem
3027 5324 3095 5380 de
3118 5339 3223 5395 qua
3252 5332 3408 5378 antea
3436 5323 3581 5377 dixi-

2002 5436 2147 5484 Inus,
2182 5434 2303 5489 qua:
2332 5429 2544 5487 natura:
2581 5418 2828 5473 mortalis
2859 5424 2965 5484 est,
3006 5434 3124 5470 cum
3150 5415 3391 5472 Christus
3414 5431 3581 5485 appa-

2002 5513 2167 5567 ruerit
2194 5513 2302 5566 vita
2319 5522 2504 5566 nostra
2524 5512 2589 5575 ¹⁰,
2614 5519 2668 5566 et
2695 5511 2867 5581 ipsam
2890 5511 2957 5565 ab
2972 5526 3036 5566 eo
3058 5519 3221 5573 statu,
3240 5525 3348 5579 quo
3371 5510 3582 5579 peccati

2008 5618 2208 5673 corpus
2246 5611 2382 5665 erat,
2428 5617 2552 5657 esse
2584 5601 2937 5670 mutandam;
2986 5609 3340 5673 posteaquam
3373 5600 3582 5658 sciliCet

396 5763 414 5794 ⁸
440 5760 585 5816 Psal.
619 5760 845 5825 xxr,15.
921 5761 943 5791 ³
969 5758 1113 5815 Psal.
1146 5775 1220 5819 vt.
1245 5760 1297 5813 5.
1374 5757 1608 5812 ³Ειροὴ.
1642 5772 1843 5819 ιιιιινιι,
1877 5759 1885 5810 l

2040 5756 2060 5787 ‘
2094 5757 2224 5812 ibid.
2302 5758 2323 5788 ⁸
2356 5756 2544 5812 Matth.
2578 5771 2693 5812 vni.
2737 5756 2821 5811 12.
2902 5757 2922 5788 ⁸
2948 5755 3091 5814 Psal.
3134 5774 3218 5824 tn,
3249 5756 3283 5812 8
3380 5758 3399 5788 ⁷
3434 5757 3583 5816 Ρρεῖ.

320 5846 460 5899 ml,
494 5832 544 5885 7.
634 5832 655 5863 '
682 5832 872 5887 Matth.
905 5848 957 5897 ιι,
985 5832 1075 5885 26.
1152 5832 1171 5863 ³
1203 5829 1360 5884 Rom.
1404 5846 1518 5892 Vin,
1550 5830 1634 5882 li.

1715 5829 1756 5859 ¹⁰
1789 5830 1903 5883 Col.
1937 5844 2017 5894 Ill,
2052 5828 2106 5881 4.
