4082 6394
510 409 645 466 1095

1886 406 1942 461 S.
1987 407 2324 462 EPIPIIANII

3626 402 3649 452 1
3664 400 3786 456 ('96

509 537 572 583 ab
603 528 814 582 vivilico
862 528 1056 598 spiritu
1093 527 1158 580 ad
1190 528 1355 580 vitam
1409 528 1660 581 restituta
1694 526 1877 592 fuerit,
1913 538 2075 597 atque

2202 528 2540 597 πνευματικὸν
2563 527 2863 594 γεγονέναι.
2897 526 3005 577 Καὶ
3029 526 3119 587 τὸ,
3184 522 3335 590 Ἐρεῖ
3356 521 3423 574 δέ
3458 537 3586 586 τις·
3628 518 3785 583 Πῶς

508 621 558 672 in
607 620 905 688 spiritalem
951 628 1199 672 naturam
1254 619 1548 673 transierit.
1613 616 1879 673 Praeterea
1935 618 2077 672 istud

507 711 683 779 ipsum
707 730 717 763 :
750 707 851 763 Sed
869 708 1003 762 dicet
1028 709 1217 777 aliquis
1239 722 1255 759 :
1277 708 1551 774 Quomodo
1572 720 1845 779 resurgunt
1868 712 2079 774 mortui,

511 812 599 853 aut
628 802 771 871 quali
804 816 920 853 cum
952 817 1164 868 corpore
1197 801 1402 853 veniunt
1424 802 1481 852 ‘2
1530 800 1702 869 palatn
1737 800 1882 854 istud
1906 811 2084 855 osten-

511 894 616 958 dit,
649 895 878 963 primam
907 892 1207 960 subjectam
1232 892 1512 945 materiam
1542 893 1689 946 nullo
1720 892 1879 945 modo
1902 908 2085 945 resur--

514 1001 661 1053 gere.
697 984 826 1037 Nam
864 984 910 1037 si
955 992 1101 1037 recte
1134 986 1474 1053 prapositum
1511 985 1580 1038 ab
1610 985 1872 1053 Apostolo
1904 1000 2086 1038 exent-

513 1077 656 1145 plnm
692 1062 1011 1144 accipimus,
1044 1075 1336 1129 dicendum
1379 1084 1500 1140 est,
1539 1076 1764 1131 seminis
1809 1088 2083 1139 naturam,

513 1182 633 1235 qua:
661 1166 915 1221 frumenti
948 1181 1115 1236 grano
1151 1168 1313 1219 insita
1343 1176 1448 1229 est,
1476 1167 1655 1219 vicina
1691 1175 1942 1237 correpta
1973 1182 2087 1219 ma-

516 1257 678 1317 teria,
725 1263 893 1309 totam
944 1257 1087 1308 illam
1136 1256 1452 1325 pervadere.
1504 1264 1663 1325 atque
1712 1257 1856 1309 illius
1889 1256 2091 1325 pariter

515 1355 767 1416 correpta
812 1348 1012 1415 specie,
1046 1348 1188 1401 vires
1222 1362 1349 1400 suas
1390 1348 1443 1400 in
1483 1347 1557 1407 id.
1590 1346 1736 1416 quod
1768 1356 1892 1399 ante
1922 1357 2088 1407 terra,

518 1452 679 1507 aqua,
714 1454 826 1500 aer,
856 1437 1102 1506 ignisque
1132 1436 1327 1498 fuerat,
1365 1436 1766 1498 transfundere,
1798 1452 2094 1503 earun-que

519 1529 792 1597 superatis
842 1526 1219 1596 qualitatibus,
1270 1528 1323 1580 in
1372 1527 1517 1579 illam
1568 1525 1761 1594 ipsam,
1808 1524 1964 1595 cujus
2012 1536 2094 1580 est

519 1618 735 1683 artifex,
765 1627 1113 1681 convertere;
1145 1627 1307 1687 atque
1339 1616 1441 1671 hoc
1472 1616 1631 1669 modo
1657 1618 1839 1686 perlici
1865 1617 2093 1685 spicam,

520 1728 638 1781 qua:
674 1725 702 1763 a
736 1710 912 1778 priore
942 1721 1112 1777 grano
1140 1708 1335 1760 mirum
1377 1708 1429 1761 in
1466 1706 1707 1770 modum,
1739 1715 1793 1761 et
1822 1707 2095 1778 magnitu-

521 1803 668 1862 dme,
702 1808 755 1852 et
798 1797 990 1867 figura,
1022 1804 1077 1850 et
1105 1799 1369 1851 varietate
1398 1795 1685 1850 dissideat.

1007 1907 1090 1961 Ex
1125 1909 1300 1962 eodem
1336 1908 1546 1962 l’roclo.

598 2001 763 2054 .\'V'li.
800 1999 925 2055 llaec
956 2010 1104 2063 sunt,
1129 2002 1255 2053 utin
1285 1998 1665 2069 compendium
1693 1998 1949 2066 redigam,
1978 2012 2098 2068 quae

525 2107 713 2149 contra
754 2094 1212 2148 resurrectionem
1252 2089 1512 2161 Origenes
1543 2106 1739 2159 magno
1770 2090 1951 2144 studio
1985 2089 2097 2143 dis-

530 2190 735 2246 seruit,
790 2185 843 2237 itt
897 2198 1072 2251 eoque
1123 2189 1443 2250 argumento
1496 2195 1765 2232 summam
1824 2178 2097 2231 tractandi

527 2273 838 2325 \arietatem
866 2269 1131 2323 adhibuit.
1162 2267 1241 2323 Tu
1266 2284 1415 2332 vero,
1445 2283 1564 2337 quae
1584 2267 1842 2336 deinceps
1862 2282 2099 2335 sequun-

526 2374 637 2428 tur,
657 2363 941 2432 diligenter
964 2360 1272 2415 considera.
1306 2359 1416 2415 Hoc
1444 2360 1588 2415 enim
1625 2369 1812 2423 restat,
1843 2368 1899 2413 ut
1925 2361 2101 2413 allatae

526 2471 555 2511 e
586 2455 760 2509 sacris
808 2453 1030 2509 Litteris
1061 2452 1411 2507 auctoritates
1444 2451 1512 2506 ad
1546 2469 1607 2505 ea
1646 2468 1766 2522 qua:
1793 2452 1937 2506 dicta
1974 2461 2101 2507 sunt

529 2547 919 2616 adjungantur,
951 2554 1009 2599 ut
1032 2554 1289 2613 tanquam
1317 2552 1498 2597 statua
1524 2544 1795 2613 quaedam,
1822 2544 1900 2597 sic
1927 2544 2101 2596 oratio

528 2647 715 2692 nostra
762 2637 877 2692 suis
906 2637 1161 2691 omnibus
1209 2636 1561 2706 proportione
1606 2643 1819 2689 servata
1855 2635 2102 2704 partibus

527 2737 807 2792 constans,
847 2728 1098 2782 absoluta
1157 2728 1227 2781 sit
1274 2727 1599 2796 penitusque
1638 2725 1896 2796 perfecta,
1929 2741 2103 2795 neque

530 2820 826 2888 quidquam
887 2819 942 2872 in
997 2819 1086 2872 illa
1136 2817 1203 2872 ad
1254 2818 1479 2886 figuram
1534 2815 2105 2887 pulchritudinemque

528 2910 879 2965 desideretur.
940 2909 1107 2981 Igitur
1145 2907 1599 2979 quemadmodum
1647 2922 1771 2961 cum
1806 2907 1891 2961 his
1934 2924 2105 2962 sacrae

529 2999 743 3055 Littera:
769 3002 1133 3065 consentiant,
1154 3009 1315 3069 atque
1344 2999 1408 3053 ad
1444 3000 1685 3053 melioris
1709 3001 1829 3053 vit'e
1858 3001 2098 3069 comple-

532 3100 775 3145 mentum
823 3091 1095 3145 hominem
1148 3090 1495 3156 conﬁrment,
1528 3092 1776 3144 oratione
1820 3089 2105 3144 declaran-

2180 622 2501 691 ere/portat
2535 623 2586 671 οἱ
2628 618 2847 685 νεκροὶ,
2894 618 3042 680 ποίῳ
3077 615 3144 667 δὲ
3184 614 3409 682 σώματι
3442 614 3786 679 ἕρχονται;

2183 711 2401 780 γυμνῶς
2434 710 2778 780 παρίστησιν,
2822 710 2903 760 ότι
2936 708 2995 759 τὸ
3034 706 3246 776 πρῶτον
3274 706 3643 771 ὑποκείμενον
3673 703 3788 753 οὐκ

2183 808 2562 875 ἀναστήσεται.
2595 806 2657 856 Εἰ
2684 805 2790 874 γὰρ
2814 802 2991 865 καλῶς
3016 801 3279 869 ἐλάϐομεν
3302 798 3361 850 τὸ
3380 796 3783 865 παράδειγμα,

2187 898 2397 969 ῥητέον,
2438 899 2516 949 ὃτι
2558 899 2585 949 6
2630 894 3000 965 σπερματικὸς
3026 894 3201 961 λόγος,
3252 895 3308 943 ὲν
3336 891 3412 960 τῷ
3439 891 3636 956 κόκκῳ
3676 887 3785 938 τοῦ

2188 990 2334 1041 σίτου
2370 989 2701 1059 δραξάμενος
2745 988 2843 1056 τῆς
2895 985 3302 1055 παρακειμένης
3356 981 3507 1049 ὕλης,
3566 981 3665 1031 καί
3711 979 3787 1029 δι’

2187 1082 2314 1149 ὅλης
2345 1082 2511 1148 αὐτῆς
2542 1082 2815 1149 χωρήσας,
2855 1076 3313 1147 περιδραξάμενος
3340 1075 3506 1141 αὐτῆς
3548 1070 3649 1121 τοῦ
3678 1071 3787 1121 αὐ-

2188 1176 2282 1228 τοῦ
2312 1176 2500 1236 εἴδους,
2536 1168 2608 1225 ὧν
2639 1173 2749 1241 ἔχει
2780 1172 3061 1239 δυνάμεων
3094 1168 3365 1236 ἐπιτίθησι
3403 1168 3469 1233 τῇ
3504 1180 3649 1214 ποτε
3679 1165 3787 1228 γῇ,

2192 1269 2286 1321 καὶ
2312 1267 2484 1325 ὕδατι,
2535 1264 2626 1318 καὶ
2656 1264 2798 1333 ἀέρι,
2835 1264 2929 1316 καὶ
2963 1262 3119 1333 πυρὶ,
3157 1262 3383 1329 νικήσας
3408 1258 3505 1318 τὰς
3536 1254 3787 1307 ἐκείνων

2193 1360 2504 1427 ποιότητας,
2541 1356 2862 1427 μεταϐάλλει
2883 1356 2975 1406 ἐπὶ
3000 1354 3201 1422 ταύτην
3226 1348 3291 1420 ἧς
3316 1354 3461 1403 ἐστιν
3486 1349 3660 1408 αὐτὸς
3681 1346 3788 1413 δη-

2198 1452 2470 1523 μιουργός·
2485 1451 2577 1503 καὶ
2592 1448 2759 1510 οὕτως
2786 1446 3192 1517 συμπληροῦται
3210 1447 3238 1496 6
3260 1445 3479 1513 στάχυς,
3498 1442 3582 1502 εἰς
3606 1441 3788 1507 ὑπερ-

2196 1544 2355 1613 ϐολὴν
2401 1542 2671 1612 διαφέρων
2712 1540 2805 1591 τοῦ
2846 1538 2905 1603 ἐξ
2946 1538 3118 1609 ἀρχῆς
3154 1536 3351 1589 κόκκου
3400 1532 3648 1603 μεγέθει,
3682 1531 3790 1582 καὶ

2200 1635 2459 1703 σχήματι,
2485 1633 2577 1685 καὶ
2606 1629 2867 1699 ποικιλίᾳ.

2585 1896 2857 1963 Πρόιιου
2892 1892 2997 1946 τοῦ
3031 1891 3215 1947 αὐτοῦ
3234 1889 3364 1959 (52).

2268 1988 2368 2044 IZ'.
2401 1990 2467 2041 ’Δ
2493 1989 2589 2059 μὲν
2610 1985 2702 2041 οὖν
2729 1986 3009 2057 Ὠριγένης
3036 1986 3115 2047 εἰς
3138 1984 3235 2053 τὴν
3264 1981 3390 2050 περὶ
3418 1976 3789 2037 ἀναστάσεως

2200 2079 2463 2150 ἐγχειρῶν
2483 2080 2862 2150 πραγματείαν
2884 2075 3202 2136 ἐσπούδασε,
3229 2070 3628 2137 ποικιλωτάτην
3656 2069 3786 2117 ἐτει-

2198 2170 2540 2240 δεικνύμενος
2575 2168 2825 2239 Θεωρίαν,
2858 2167 2965 2220 εἰσὶ
2994 2164 3227 2218 τοσαῦτα
3277 2162 3351 2224 ὼς
3396 2162 3453 2212 ὲν
3500 2160 3741 2226 ἐπιτομῇ
3770 2174 3785 2185 ο

2201 2262 2430 2332 ἐνθυμοῦ
2460 2261 2516 2315 δὲ
2562 2260 2652 2313 καὶ
2692 2261 2760 2312 τὰ
2798 2258 3006 2320 τούτοις
3034 2252 3357 2324 ἀναθεωρῶν
3396 2250 3615 2319 ἐφεξῆς.
3656 2249 3786 2301 Λεί-

2202 2371 2361 2406 πεται
2394 2351 2499 2423 γὰρ
2533 2351 2632 2413 τὰς
2661 2350 2767 2403 ἀπὸ
2798 2348 2905 2401 τῶν
2944 2345 3174 2419 Γραφῶν
3204 2344 3286 2396 ἔτι
3315 2343 3450 2413 πρὸς
3478 2343 3591 2403 τοῖς
3622 2342 3785 2411 εἰρη-

2208 2446 2386 2516 μένοις
2442 2443 2743 2515 μαρτυρίας
2789 2438 3156 2511 παραλαὸεῖνο
3221 2436 3286 2489 ἵν’
3329 2434 3515 2503 ῶσπερ
3548 2432 3787 2502 ἀνδριὰς

2206 2539 2378 2591 πάντα
2409 2536 2476 2589 τά
2516 2536 2655 2605 μέρη
2693 2531 3017 2602 συμμέτρως
3062 2531 3091 2581 ό
3123 2528 3278 2595 λόγος
3328 2523 3519 2578 ἑαυτοῦ
3565 2522 3786 2584 λαϐὼν,

2204 2632 2338 2693 ὅλως
2378 2633 2440 2683 ἐκ
2484 2631 2722 2701 πλήρους
2840 2623 3360 2692 κατεσκευασμένος,
3414 2616 3549 2671 ἀλλὰ
3606 2615 3789 2684 μηδὲν

2205 2724 2340 2793 έχων
2367 2723 2542 2784 ἐνδεὲς
2566 2721 2672 2773 τῶν
2703 2723 2781 2782 εἰς
2825 2719 3008 2788 σχῆμα
3035 2718 3128 2769 καὶ
3156 2713 3347 2774 κάλλος
3372 2707 3787 2775 συναγομένων.

2206 2816 2268 2867 Τί
2302 2810 2393 2867 οὖν
2423 2817 2477 2867 αἱ
2512 2813 2724 2883 Γραφαὶ
2756 2811 3036 2881 συνᾴδουσι
3062 2808 3289 2868 τούτοις,
3315 2800 3789 2871 ἐπικρατύνουσαι

2208 2908 2342 2976 πρὸς
2375 2906 2767 2976 συμπλήρωσιν
2792 2902 3062 2971 διαγωγῆς
3106 2900 3411 2971 κρείττονος
3444 2897 3531 2948 τὸν
3562 2893 3787 2963 ἄνθρω-

2208 3018 2326 3060 πον,
2368 2998 2653 3068 φραστέον.
2715 2994 2929 3057 Ταύτας
2974 2994 3080 3063 γάρ
3115 2994 3209 3046 ἐάν
3247 3007 3330 3052 τις
3362 2985 3469 3051 οἷός
3506 3004 3567 3039 τε
3608 2982 3671 3057 ᾗ.
3710 2986 3789 3054 μὴ

2210 3092 2575 3163 παρακόπτων
2602 3086 2695 3141 τοῦ
2727 3087 2956 3150 δέοντος,
2988 3084 3231 3157 ἀκριϐῶς
3264 3084 3422 3147 νοεῖν,
3452 3082 3659 3133 εἴσεται
3684 3081 3789 3151 τὴν

530 3181 660 3235 dum
707 3188 812 3235 est.
858 3180 988 3233 illas
1032 3179 1177 3234 enim
1216 3178 1309 3249 qtti
1350 3178 1608 3247 integras,
1644 3195 1744 3232 nec
1788 3180 2100 3248 Opportunis

2211 3183 2504 3236 ἀνάστασιν
2542 3180 2633 3231 ἐπὶ
2665 3178 2856 3230 τούτου
2893 3176 2969 3248 μὴ
3016 3176 3211 3245 χρῆναι
3252 3170 3792 3242 παραλαμϐάνεσθαι

529 3272 776 3343 partibus
829 3271 1074 3325 defectos
1126 3270 1485 3339 intelligentia
1540 3277 1827 3338 penetrare
1881 3270 2101 3339 potetit,

526 3361 985 3416 resurrectionem
1034 3361 1079 3414 is
1125 3361 1261 3415 sciet
1293 3376 1633 3429 nequaquam
1674 3360 1738 3412 ad
1768 3360 1868 3413 hoc
1903 3376 2103 3430 corpus

2202 3272 2296 3327 τοῦ
2335 3271 2604 3342 σώματος,
2643 3268 2737 3322 an
2772 3267 3153 3330 ἀδυνατοῦντος
3180 3266 3448 3336 ἀτρέπτου
3477 3264 3541 3315 δι’
3582 3263 3793 3326 αἰῶνος

2205 3360 2407 3431 μένειν.
2430 3359 2562 3412 ἀλλά
2589 3359 2679 3411 ἐπὶ
2707 3358 2799 3412 τοῦ
2829 3357 3223 3428 πνευματικοῦ,
3259 3360 3317 3411 έν
3357 3350 3400 3423 ᾧ
3431 3356 3591 3418 αὐτὸς
3616 3357 3645 3406 ό
3690 3359 3793 3410 καὶ

528 3461 781 3522 oportere
811 3452 1027 3515 referri,
1068 3452 1213 3521 quod
1252 3453 1304 3504 in
1336 3454 1726 3521 sempiternum
1762 3450 2100 3505 immutabile

2203 3451 2298 3506 νῦν
2330 3454 2387 3505 ἐν
2419 3451 2593 3522 τούτῳ
2629 3452 3021 3521 διασωζόμενος
3053 3450 3333 3522 χαρακτὴρ
3368 3448 3755 3519 τηρηθήσεται
3777 3467 3792 3479 ·

529 3562 651 3599 esse
684 3560 789 3597 non
832 3546 1061 3613 poterit,
1114 3544 1207 3599 sed
1257 3546 1322 3598 ad
1364 3546 1611 3614 spiritale
1648 3546 1850 3614 potius,
1888 3545 1942 3598 in
1992 3562 2102 3616 quo

528 3638 741 3699 eadem,
802 3653 923 3705 qua:
974 3637 1186 3689 mortali
1243 3635 1372 3690 huic
1424 3638 1584 3701 inest,
1640 3646 1768 3690 nota
1822 3652 1885 3691 ac
1932 3638 2102 3707 figura

532 3727 692 3799 540
713 3726 1127 3781 conservabitur
1154 3745 1166 3778 :
1201 3728 1335 3780 adeo
1362 3736 1413 3779 ul
1443 3727 1819 3796 unusquisque
1841 3738 2105 3793 nostrum,

529 3819 673 3887 quod
704 3819 769 3871 ad
800 3819 1026 3872 fortnam
1062 3819 1308 3887 corporis
1338 3819 1553 3878 attinet.
1589 3818 1727 3872 idem
1760 3818 2006 3879 exsistat.
2048 3826 2108 3871 ut

529 3917 582 3964 et
619 3910 878 3979 Origenes
910 3909 1155 3964 afﬁrmat.
1187 3909 1261 3963 Ita
1285 3911 1426 3964 enim
1457 3908 1692 3962 futuram
1727 3918 1779 3963 et
1808 3910 1893 3963 ille
1919 3926 2107 3964 resur-

530 3998 824 4053 rectionem
847 4000 1149 4053 existimat.
1200 3999 1335 4052 Cum
1361 4000 1503 4053 enim
1530 4016 1727 4067 corpus
1746 4000 1847 4054 hoc
1870 4001 2109 4053 materiae

530 4097 845 4142 concretum
878 4087 1081 4141 ﬂuxum
1116 4089 1205 4151 sit,
1238 4105 1339 4143 nec
1372 4091 1423 4141 itt
1455 4106 1555 4143 suo
1580 4106 1819 4159 unquam
1848 4099 1991 4145 statu
2016 4092 2101 4146 vel

530 4179 854 4234 brevissimo
886 4181 1061 4250 spatio
1100 4182 1399 4235 consistat.
1440 4184 1532 4235 sed
1569 4192 1881 4252 perpetuam
1918 4199 2102 4239 acces-

2202 3543 2267 3595 i’v‘
2287 3542 2516 3605 ἕκαστος
2533 3542 2685 3612 ἡμῶν
2702 3543 2795 3594 καὶ
2816 3543 2953 3595 κατά
2969 3542 3063 3613 τὴν
3082 3541 3293 3612 μορφὴν
3310 3542 3337 3592 ό
3355 3540 3514 3601 αὐτὸς
3530 3536 3587 3611 ᾖ,
3603 3539 3713 3591 καθ
3722 3541 3792 3592 ἀ-

2208 3652 2312 3705 περ
2362 3635 2550 3704 ἐλέχθη
2587 3636 2679 3687 καὶ
2739 3636 3023 3705 Ὦριγένει.
3072 3634 3226 3687 Οὕτω
3263 3633 3371 3703 γάρ
3406 3634 3609 3694 ἐκεῖνος
3653 3632 3794 3684 ἔσει

2212 3730 2332 3781 σθαι
2358 3729 2564 3781 τίθεται
2590 3729 2687 3799 τὴν
2720 3729 3035 3784 ἀνάστασιν.
3080 3727 3334 3780 Ῥευστοῦ
3364 3726 3471 3796 γὰρ
3502 3726 3653 3787 ὄντος
3684 3725 3796 3777 τοῦ

2211 3818 2461 3888 σώματος
2511 3818 2603 3871 τοῦ
2656 3819 2868 3881 ὑ).ικοῦ,
2918 3819 3011 3871 καὶ
3073 3818 3337 3888 μηδέποτε
3386 3818 3637 3887 μένοντος
3698 3818 3796 3884 ἐφ’

2211 3911 2409 3979 ἑαυτῷ,
2438 3910 2538 3963 κᾶν
2576 3911 2636 3962 τὸ
2672 3910 2867 3980 βραχὺ,
2894 3910 3029 3962 ἀλλά
3052 3909 3496 3980 προσγινομένου,
3520 3910 3614 3960 καὶ
3639 3908 3796 3960 ἁπο-

2207 4002 2490 4070 γινομένου
2518 4002 2645 4072 περὶ
2670 4003 2730 4054 τὸ
2758 3999 2896 4064 εἶδος
2922 4002 2981 4054 τὸ
3016 4002 3419 4073 χαρακτηρίξον
3443 4002 3531 4053 τὸν
3560 4000 3796 4070 ἄνθρω-

2208 4110 2327 4156 πον,
2358 4094 2444 4162 ὑφ’
2472 4088 2532 4148 οὗ
2566 4096 2663 4147 κα)⁸
2689 4097 3076 4163 συγκρατεῖται
3100 4094 3161 4145 τὸ
3192 4095 3394 4164 σχῆμα,
3427 4094 3639 4163 ἀνάγκη
3661 4094 3793 4162 ('53)

2214 4225 2227 4237 .
2273 4225 2285 4239 .
2326 4224 2341 4237 .
2386 4226 2399 4239 .
2439 4226 2452 4239 .
2478 4186 2585 4239 τῶν
2611 4187 2913 4258 εἰρημένων
2935 4188 3323 4257 ἐναργέστερον
3351 4186 3450 4237 οὐκ
3474 4184 3789 4248 ἀνέξονται.

532 4272 740 4325 sionem
772 4272 1257 4341 decessionemque
1284 4273 1429 4325 circa
1456 4273 1600 4325 illam
1632 4273 1858 4327 formam
1892 4274 2109 4339 habeat,
2150 4292 2271 4345 qua:
2308 4286 2391 4333 est
2435 4279 2669 4333 hominis
2723 4290 2851 4333 nota
2899 4296 2961 4333 ac
3009 4280 3154 4331 velut
3202 4280 3486 4332 character
3552 4276 3792 4345 quidam

530 4367 803 4434 proprius,
834 4381 862 4419 a
891 4384 999 4437 quo
1031 4368 1200 4436 figura
1232 4367 1345 4437 ipsa
1376 4368 1705 4432 continetur,
1745 4384 1969 4424 necesse
2011 4381 2093 4425 est
2137 4412 2149 4423 .

534 4454 759 4509 minime
790 4457 1158 4509 sustinebunt.

612 4544 808 4599 Verum
851 4555 1053 4615 quanto
1097 4547 1199 4599 hac
1264 4563 1317 4599 Ill
1362 4563 1419 4600 re
1464 4548 1871 4602 contradicendi
1925 4549 2106 4603 studio
2140 4554 2182 4608 Ι)

533 4635 798 4699 ferantur,
824 4652 945 4691 cum
973 4654 1038 4692 ex
1062 4637 1213 4707 ipsis,
1242 4646 1355 4690 tum
1379 4655 1440 4692 ex
1466 4640 1585 4693 aliis
1609 4640 1857 4709 pluribus
1878 4641 2102 4693 demon-

533 4729 695 4782 5trari
723 4735 915 4797 poteSt.
939 4727 1070 4781 Nam
1097 4737 1281 4797 postea
1305 4729 1358 4781 in
1382 4731 1501 4799 ipso
1524 4730 1785 4784 orationis
1808 4745 2099 4798 progressu

533 4820 679 4873 veris
715 4834 778 4873 ac
808 4820 1146 4873 naturalibus
1178 4820 1505 4886 rationibus,
1550 4837 1657 4877 non
1690 4822 1943 4876 inanibus
1975 4837 2105 4876 con-

624 4969 640 4999 ¹
666 4977 684 5029 ί
710 4978 839 5031 Cor.
874 4993 963 5039 xv,
992 4978 1079 5031 '53.

603 5093 712 5162 (32)
744 5093 1016 5162 Πρόκλου
1049 5089 1153 5141 τοῦ
1185 5087 1389 5141 αὑτοῦ.
1413 5161 1417 5162 ί
1441 5088 1690 5162 Mrndosa
1736 5101 1820 5145 est
1851 5093 1965 5146 h;ec
2013 5092 2098 5146 in—

533 5160 777 5231 scriptio.
836 5160 1019 5229 Neqne
1049 5162 1192 5231 enim
1238 5176 1301 5212 ex
1333 5161 1494 5213 ullius
1524 5160 1701 5214 Procli
1734 5162 2103 5231 disputatione

531 5230 659 5301 quai
682 5230 1261 5300 sequunturinscripta
1296 5240 1421 5283 sunt
1448 5271 1463 5293 ,
1498 5234 1588 5284 sed
1618 5248 1681 5284 ex
1716 5230 1957 5299 ejusdem
1989 5234 2103 5286 Me-

533 5304 704 5357 thodii
738 5302 1127 5365 lucubratione,
1159 5316 1320 5367 quam
1361 5302 1623 5354 adversus
1654 5302 1939 5369 Origenem
1987 5305 2105 5355 dia—

536 5374 641 5442 logi
677 5387 827 5425 more
855 5374 1271 5442 conscripserat.
1312 5371 1375 5442 Aln
1408 5388 1515 5440 quo
1544 5373 1823 5439 loquentes
1861 5374 2107 5425 introdu-

534 5437 685 5496 xerat
704 5437 1154 5508 Aglaupltontetn,
1170 5437 1441 5498 Proclum.
1465 5437 1813 5505 Auxentium,
1831 5450 1883 5495 et
1907 5450 2107 5496 semet-

535 5515 733 5581 ipsum.
767 5510 1051 5563 Videinl'ra
1077 5525 1303 5563 numero
1321 5512 1409 5563 40.
1442 5508 1525 5563 Fit
1547 5520 1599 5564 et
1617 5512 1897 5580 Theophili
1917 5522 2099 5580 postea

535 5582 764 5641 mentio;
808 5581 950 5649 qttod
999 5592 1179 5633 tamen
1221 5582 1600 5647 appellativum
1650 5591 1780 5649 puto
1816 5598 1958 5644 esse,
1987 5598 2099 5634 non

534 5653 831 5719 prOprium.
861 5650 1124 5715 Quocirca
1154 5657 1272 5719 post
1298 5649 1545 5719 Origcnis
1570 5656 1726 5704 verba
1752 5668 1781 5705 e
1803 5660 2097 5705 comment.

535 5718 589 5772 in
610 5722 832 5787 primum
861 5720 1129 5773 Psalmum
1154 5718 1409 5781 adducta,
1431 5721 1531 5773 hoc
1560 5722 1677 5788 ipso
1699 5736 1923 5775 numero
1950 5721 2102 5774 dein-

533 5805 661 5860 ceps
690 5788 915 5844 Proetus
940 5805 1035 5843 oro
1059 5789 1288 5857 Origene
1322 5792 1481 5843 verba
1517 5790 1663 5844 facit.
1728 5791 1878 5846 Unde
1909 5792 2100 5845 titulus

2198 4414 2209 4425 .
2261 4416 2272 4426 .
2318 4415 2331 4429 .
2375 4412 2390 4427 .
2423 4374 2627 4427 clarius
2673 4374 2761 4436 iis,
2805 4390 2925 4443 qua:
2958 4385 3081 4428 ante
3142 4381 3564 4428 commemorata
3624 4380 3792 4435 sunt,

2292 4550 2449 4603 Ἀλλά
2474 4550 2676 4619 ταύτην
2727 4552 2823 4619 μὲν
2852 4550 3029 4602 αὐτῶν
3073 4550 3170 4619 τὴν
3202 4549 3529 4618 φιλονεικίαν
3576 4553 3673 4603 καὶ
3714 4554 3796 4608 ἐκ

2204 4642 2409 4693 τούτων
2435 4642 2499 4695 ἄν
2528 4659 2609 4703 τις
2644 4642 2738 4693 καὶ⁹
2764 4640 2821 4704 ἐξ
2849 4642 3049 4711 ἐτέρων
3079 4642 3291 4711 ἐλέγχοι
3315 4640 3590 4692 πλειόνων.
3625 4642 3795 4696 Ἀποο

2204 4732 2449 4801 δείξομεν
2486 4732 2591 4803 γὰρ
2634 4732 2691 4782 ἐν
2720 4735 2830 4794 τοῖς
2862 4732 3008 4802 έξῆς,
3038 4733 3422 4803 προϐαίνοντος
3465 4730 3557 4783 τοῦ
3592 4731 3789 4800 λόγου,

2211 4823 2424 4893 φύσεως
2472 4824 2830 4895 ἀληθεύμασι,
2876 4827 2969 4878 καὶ
3014 4828 3115 4879 οὐκ
3163 4826 3454 4889 εἰκασίαις,
3504 4827 3637 4895 μήτε
3687 4827 3790 4881 τὸν

2207 5087 2452 5160 Πρόκλος
2475 5090 2537 5160 ei
2559 5088 2810 5156 praefixus
2852 5098 2969 5142 erat
3000 5099 3116 5159 post
3148 5090 3242 5142 τοῦ
3276 5090 3461 5145 αὐτοῦ.
3509 5090 3643 5145 Nam
3685 5097 3789 5149 τοῦ

2205 5157 2368 5231 αὑτοῦ
2394 5159 2460 5212 ad
2491 5157 2818 5212 Methodium
2839 5157 3089 5227 pertinet.
3121 5160 3397 5215 Librarius
3417 5167 3789 5231 antetn,quod

2207 5230 2453 5299 Πρόκλου
2485 5244 2677 5281 nomen
2713 5231 2951 5298 legisset,
2982 5233 3222 5285 auctoris
3249 5233 3480 5300 alicujus
3504 5248 3623 5287 esse
3653 5230 3789 5289 cre-

2209 5302 2370 5362 didit,
2400 5316 2523 5352 cum
2564 5300 2980 5369 nitet-loquentis
3020 5316 3265 5369 persona:
3296 5305 3385 5355 sit.

2281 5371 2391 5440 (55)
2434 5370 2549 5436 Ὑφ’
2579 5366 2649 5423 οὗ
2675 5366 3226 5438 καὶίσυγκράτεῖται
3252 5372 3317 5423 τὸ
3347 5371 3572 5440 σχῆμα.
3609 5371 3791 5441 Major

2210 5440 2322 5499 hic,
2361 5450 2418 5492 ut
2440 5442 2653 5506 opinor,
2685 5441 2864 5493 hiatus
2889 5450 2993 5501 est,
3016 5457 3177 5509 qttatn
3206 5443 3367 5509 vulgo
3402 5444 3617 5495 codices
3643 5440 3787 5509 prae-

2210 5509 2405 5563 ferant.
2464 5509 2598 5562 Nam
2653 5510 2697 5561 si
2730 5511 3011 5577 superiora
3056 5512 3229 5564 Procli
3270 5521 3418 5572 sunt,
3450 5523 3507 5564 ut
3545 5528 3666 5565 esse
3700 5515 3785 5565 vi-

2208 5580 2423 5643 dentur,
2449 5578 2666 5651 Origeni
2693 5580 3108 5647 patrocinantis,
3132 5581 3255 5634 cutit
3278 5587 3558 5651 sequentia
3589 5584 3787 5636 adver-

2207 5665 2303 5721 sus
2332 5652 2578 5721 eumdem
2616 5650 2899 5718 Origenetn
2934 5661 3116 5718 aperte
3146 5650 3406 5719 pugnent,
3438 5652 3577 5705 haud
3609 5668 3783 5721 pauca

2208 5719 2506 5841 desi‘dcrari
2537 5735 2760 5776 necesse
2777 5728 2881 5781 est,
2908 5722 3109 5789 quibus
3132 5721 3359 5775 Proclus
3379 5719 3784 5777 causam'suam

2212 5806 2316 5841 ρχιι
2342 5800 2511 5841 lcal'll.

2212 5800 2511 5858 explicat'tt.
