4082 6394
331 442 475 496 1097

999 440 1367 498 ADVERSUS
1404 439 1746 498 HERESES
1787 442 1910 498 LIB.
1948 443 2014 500 ll.
2056 441 2220 501 TOM.
2262 444 2378 503 l.—
2416 443 2689 501 HASRES.
2721 443 2906 501 LXIV.

3442 444 3579 502 1098

341 554 613 626 Ἱερεμίαν
653 554 906 625 δεσμίους
963 556 1106 626 ἡμᾶς
1170 558 1270 625 γῆς
1300 557 1390 610 διὰ
1427 558 1527 628 τὴν
1563 558 1701 630 πρὸς
1755 561 1913 631 σῶμα

2014 562 2236 632 iecturis
2269 563 2650 633 ostendemus;
2681 579 2861 635 neque
2884 563 2954 619 ab
2980 560 3212 619 Ieremia
3241 575 3341 617 nos
3370 563 3585 618 vinctos

330 646 617 700 κοινωνίαν
649 646 951 717 εἰρηκέναι,
989 647 1125 718 μήτε
1155 646 1246 700 τὸν
1271 648 1435 701 Δα6ὶδ
1458 649 1601 703 κατά
1625 648 1785 703 τοῦτο
1812 669 1908 703 πε-

330 738 695 808 πεδημένους.
727 736 909 802 Ἀξιον
928 738 1036 808 γὰρ
1075 737 1250 791 ταῦτα
1272 741 1589 811 προφέρειν,
1616 743 1674 795 ἐν
1695 737 1777 806 οἷς
1802 743 1909 813 μά-

330 831 489 883 λιστα
517 828 795 898 φαίνονται
819 829 1220 893 διαπίπτοντες.
1250 832 1385 899 Περὶ
1411 833 1508 903 μὲν
1527 829 1621 887 οὗν
1655 833 1762 887 τῶν
1786 835 1909 906 δερ-

332 922 573 993 ματίνων
592 921 854 992 χιτώνων,
886 923 979 975 καὶ
1000 923 1082 975 ὅτι
1102 922 1207 993 πρὸ
1234 922 1334 992 τῆς
1356 926 1702 995 κατασκευῆς
1730 926 1911 978 αὐτῶν

328 1014 382 1066 οἱ
427 1013 843 1083 πρωτόπλαστοι
884 1014 1071 1084 διῆγον
1124 1013 1260 1083 μετὰ
1310 1014 1580 1085 σώματος,
1614 1015 1912 1080 ἀθανασίας

330 1105 716 1170 ἀπολαύοντες,
750 1106 830 1159 ἔτι
878 1122 939 1160 τε
973 1107 1069 1159 καὶ
1097 1107 1174 1169 ὼς
1207 1107 1268 1159 οὐ
1298 1106 1518 1161 δύναται
1547 1107 1609 1160 τὸ
1642 1107 1802 1177 σῶμα
1826 1108 1912 1160 δε-

331 1198 488 1267 σμὸς,
511 1198 606 1251 καὶ
624 1196 813 1268 εἱρκτὴ
836 1196 1171 1267 νομίζεσθαι,
1193 1197 1261 1251 τά
1282 1199 1629 1269 προσήκοντα
1654 1199 1844 1264 εἰπὼν,
1868 1194 1913 1253 ὦ

330 1289 521 1360 ἄνδρες
559 1289 809 1342 δικασταὶ
840 1290 1122 1359 (δικαστὰς
1155 1289 1264 1361 γὰρ
1289 1291 1435 1361 ὑμᾶς
1477 1290 1588 1345 τῶν
1624 1292 1820 1361 λόγων,
1867 1288 1914 1346 ὧ

331 1382 589 1452 κράτιστε
632 1381 879 1450 Θεόφιλε,
928 1382 1124 1450 καλῶ),
1154 1382 1425 1454 τρέψομαι
1471 1383 1656 1437 λοιπὸν
1696 1384 1789 1437 ἐπὶ
1844 1385 1913 1439 τά

330 1472 623 1535 ἀκόλουθα,
674 1474 927 1544 καθάπερ
976 1474 1293 1545 ὑπεσχόμην
1341 1474 1453 1529 τῶν
1511 1476 1909 1547 προκειμένων,

331 1565 400 1618 ἵν’
438 1564 850 1636 εὐκρινέστερον
875 1565 1074 1635 ἴδωμεν
1095 1565 1124 1618 ὃ
1153 1565 1473 1637 βουλόμεθα.

2013 666 2171 710 ωτι-ιιι
2192 658 2212 687 ²
2246 664 2466 727 propter
2496 657 2936 712 communionem
2970 669 3093 710 cum
3135 668 3365 723 corpore
3406 655 3581 708 nomi-

2008 757 2168 803 natos
2200 763 2355 814 esse;
2407 764 2582 819 neque
2615 747 2872 803 Davidem
2902 756 3188 818 prepterea
3213 743 3582 815 compeditos'

2010 839 2305 908 appellare.
2360 836 2484 894 Haec
2532 839 2676 892 enim
2719 838 3067 907 potissimum
3108 838 3581 899 commemoranda

2010 939 2159 994 sunt,
2190 930 2245 982 in
2271 929 2470 1000 quibus
2506 929 2739 983 maxime
2774 944 2804 983 a
2832 930 3062 983 veritate
3092 927 3362 1003 excidisse
3390 926 3583 985 viden-

2012 1024 2119 1069 tur.
2177 1016 2251 1071 De
2281 1018 2521 1087 pelliceis
2552 1018 2737 1088 itaque
2784 1017 3008 1082 tunicis,
3052 1025 3219 1087 utque
3264 1018 3581 1087 priusquam
3684 1076 3687 1079 ,

2011 1123 2089 1163 eae
2130 1108 2531 1163 conﬁcerentur
2561 1124 2791 1180 corpore
2836 1110 3046 1179 praediti
3086 1110 3246 1180 primi
3280 1111 3455 1165 nostri
3489 1126 3582 1181 ραν

2006 1208 2191 1256 rentes
2213 1202 2544 1264 exstiterint,
2577 1210 2632 1257 et
2659 1203 3086 1259 immortalitatis
3110 1212 3420 1274 compotes;
3468 1212 3582 1258 tum

2009 1308 2237 1346 nervum
2271 1301 2324 1347 et
2352 1307 2626 1349 carcerem
2659 1294 2845 1349 haberi
2878 1310 2986 1349 non
3035 1310 3196 1366 posse
3240 1311 3461 1366 corpus,
3489 1295 3582 1350 ubi

2013 1393 2275 1454 quantum
2303 1400 2525 1441 necesse
2552 1393 2636 1441 est
2658 1387 3029 1456 disputavero,
3058 1388 3272 1457 judices
3300 1388 3417 1458 (vos
3436 1388 3581 1443 enim

2008 1490 2321 1529 sermonum
2340 1484 2650 1531 nostrorum
2667 1475 3065 1548 judiCes,teque
3082 1479 3133 1532 in
3151 1479 3363 1548 primis,
3382 1478 3583 1547 optime

2008 1564 2327 1635 Theophile,
2376 1568 2717 1637 pronuntio),
2756 1569 2819 1623 ad
2845 1584 2907 1623 ea
2932 1583 3053 1637 qum
3088 1568 3367 1638 proposito
3394 1574 3584 1622 nostro

331 1667 703 1712 consentanea
732 1664 862 1712 sunt
889 1675 943 1712 et
970 1662 1365 1728 consequentia
1395 1675 1502 1725 me,
1538 1667 1598 1713 ut
1634 1660 1912 1731 pollicitus
1950 1675 2091 1725 sum,
2128 1659 2443 1725 conferam,
2498 1670 2555 1715 ut
2581 1661 2633 1715 id
2665 1664 2809 1731 quod
2842 1663 3092 1717 volumus
3152 1661 3357 1717 clarius
3419 1661 3593 1731 inspi-

331 1768 458 1808 cere
481 1752 778 1823 possimus.

404 1841 511 1897 lH'.
555 1842 611 1896 Ὀ
633 1843 741 1896 τῶν
768 1844 905 1900 ὅλων
939 1844 1270 1915 δημιουργὸς
1300 1842 1452 1908 Θεὸς,
1490 1844 1678 1916 ἐπειδὴ
1709 1845 1771 1896 τὸ
1803 1844 1910 1897 πᾶν

2084 1839 2271 1895 XVIII.
2328 1840 2620 1911 Postquam
2670 1841 2863 1896 artifex
2913 1858 3092 1897 rerum
3141 1845 3383 1898 omnium
3440 1845 3583 1901 Deus

331 1932 613 1997 εὐτάκτως
659 1937 1043 2007 συνεστήσατο,
1077 1936 1328 2006 καθάπερ
1358 1937 1599 2007 μεγάλην
1628 1937 1802 2001 πόλιν,
1838 1937 1914 1989 δι-

2014 1937 2182 1985 totam
2218 1932 2360 1985 hanc
2391 1933 2764 1988 universitatis
2793 1934 3285 1998 machinam,velut
3310 1936 3584 2007 ingentem

330 2024 606 2096 εκόσμησε
629 2028 979 2097 προστάσσων
999 2026 1076 2097 τῷ
1097 2026 1261 2097 λόγῳ,
1282 2027 1510 2082 ἕκαστόν
1529 2045 1589 2081 τε
1611 2028 1759 2098 αὐτῷ
1777 2045 1912 2099 συμ-

331 2115 526 2187 φώνως
554 2118 835 2188 ἡρμόσατο
868 2121 1153 2188 στοιχεῖον,
1184 2119 1279 2171 καὶ
1309 2118 1489 2173 πάντα
1518 2118 1672 2183 ζώων
1705 2120 1915 2191 πεπλή-

333 2225 478 2280 ρωτο
503 2209 802 2280 διαφοραῖς,
845 2210 932 2262 ἵνα
958 2210 1180 2274 τελείως
1207 2212 1235 2263 ὁ
1257 2211 1463 2280 κόσμος
1488 2212 1567 2274 εἰς
1592 2210 1787 2274 κάλλος
1813 2213 1913 2264 αύ-

333 2299 494 2371 ξηθῇ,
539 2301 801 2364 παντοίας
831 2300 1047 2369 φύσεως
1081 2286 1429 2372 ζωοτδκήσας
1473 2302 1706 2374 μορφὰς,
1739 2303 1914 2373 ἄστρα

337 2392 435 2461 μὲν
468 2391 608 2445 κατὰ
642 2392 735 2446 τὸν
777 2392 1026 2462 οὐρανὸν,
1079 2393 1173 2444 καὶ
1212 2392 1394 2463 πτηνά
1442 2393 1586 2447 κατά
1631 2393 1723 2446 τὸν
1754 2392 1911 2464 ἀέρα,

330 2483 638 2555 τετράποδα
656 2484 713 2537 δὲ
728 2485 871 2537 κατά
887 2484 986 2556 τὴν
1005 2485 1132 2555 γῆν,
1162 2484 1257 2537 καὶ
1289 2484 1464 2556 νηκτά
1489 2487 1630 2541 κατά
1652 2488 1714 2540 τὸ
1740 2487 1911 2558 ὕδωρο

332 2573 638 2628 τελευταῖον
685 2575 776 2629 τὸν
820 2575 1129 2647 ἄνθρωπον,
1183 2577 1586 2648 προετοιμάσας
1621 2578 1697 2641 ὡς
1738 2579 1914 2633 οἰκίαν

336 2665 483 2735 αὐτῷ
511 2666 805 2736 καλλίστην
852 2667 913 2720 τὸ
956 2669 1085 2730 πᾶν,
1142 2667 1364 2739 μίμημα
1403 2669 1502 2738 τῆς
1536 2669 1668 2732 ἰδίας
1708 2669 1915 2734 εἰκόνος

334 2755 573 2826 ἐμφερὲς
602 2759 680 2820 είς
701 2757 791 2810 τὸν
812 2758 1016 2827 κόσμον
1042 2759 1355 2829 εἰσήγαγεν,
1382 2759 1601 2830 ἄγαλμα
1624 2760 1699 2823 ὡς
1722 2762 1778 2813 ὲν
1802 2761 1913 2832 ναῷ

336 2847 548 2919 φαιδρῷ
571 2848 734 2902 καλὸν
754 2851 875 2911 ταῖς
890 2849 1082 2903 ἑαυτοῦ
1106 2850 1264 2922 χερσὶ
1284 2851 1720 2914 κατασκευάσας.
1758 2852 1915 2905 Ἡπί-

346 2955 501 2992 ﬂuxo
531 2939 660 3012 γὰρ,
690 2942 773 2994 ὅτι
808 2942 1027 3004 πάντως
1060 2942 1196 3007 ὅπερ
1229 2942 1295 2996 ἂν
1326 2946 1391 3013 τῇ
1419 2940 1614 2995 ἑαυτοῦ
1644 2945 1910 3014 τεχνήση-

334 3047 423 3084 ται
452 3031 616 3102 χειρὶ,
648 3031 705 3096 ἐξ
726 3032 972 3103 ἀνάγκης
1002 3032 1153 3085 ἔσται
1174 3032 1461 3099 ἀθάνατον,
1490 3033 1587 3087 ἆτε
1610 3034 1912 3097 ἀθανασίας

337 3122 516 3193 ἔργονο
576 3122 898 3186 Ἀθανασίας
934 3122 1043 3195 γὰρ
1072 3124 1318 3178 ἀθάνατα
1347 3125 1618 3193 γίγνεται,
1656 3125 1912 3196 καθάπερ

337 3213 524 3268 καὶτὰ
557 3214 702 3267 κακά
738 3214 957 3279 κακίας,
984 3214 1079 3267 καὶ
1118 3213 1187 3267 τὰ
1222 3214 1379 3269 ἄδικα
1409 3215 1641 3278 ἀδικίας.
1697 3216 1773 3268 oo
1803 3216 1912 3287 γὰρ

2014 2023 2248 2092 aliquam
2302 2024 2596 2088 civitatem,
2644 2025 2906 2093 praeclaro
2956 2026 3146 2081 ordine
3197 2028 3463 2091 condidit,
3520 2043 3584 2105 ac

2012 2115 2164 2168 vocis
2187 2116 2419 2186 imperio
2446 2118 2754 2182 constituit,
2789 2118 2841 2172 in
2870 2132 3044 2189 eoque
3072 2120 3339 2175 elementa
3370 2122 3583 2193 singula

2013 2204 2293 2273 aptissime
2327 2207 2654 2277 composuit,
2682 2222 2746 2262 ac
2777 2209 2941 2264 variis
2977 2211 3338 2265 animantium
3366 2215 3584 2282 generi-

2012 2297 2115 2354 bus
2151 2300 2444 2370 complevit
2492 2301 2697 2366 omnia,
2750 2309 2809 2353 ut
2845 2299 2935 2355 hic
2968 2300 3207 2358 mundus
3240 2302 3481 2373 perfecte
3516 2306 3582 2360 ad

2013 2406 2227 2445 omnem
2272 2392 2734 2461 pulchritudinem
2796 2393 3171 2460 adolesceret,
3226 2411 3350 2449 cum
3406 2397 3463 2451 in
3518 2412 3584 2452 eo

2012 2484 2357 2538 omnimodas
2384 2495 2593 2537 natura:
2620 2485 2825 2538 formas
2848 2484 2999 2540 vivas
3026 2484 3406 2556 animatasque
3454 2502 3582 2556 pro-

2013 2580 2275 2640 creasset,
2296 2583 2459 2643 atque
2477 2583 2531 2629 et
2553 2574 2607 2627 in
2629 2574 2768 2628 cmlo
2787 2575 3055 2638 sidera,et
3085 2575 3140 2628 in
3163 2589 3287 2629 aere
3310 2577 3582 2640 volucres,

2010 2674 2064 2719 et
2109 2666 2163 2718 in
2204 2672 2351 2720 terra
2380 2665 2782 2735 quadrupedes,
2818 2674 2872 2720 et
2920 2667 2975 2721 in
3010 2668 3167 2736 aquis
3200 2668 3444 2723 natantia
3473 2669 3586 2724 col-

2013 2760 2271 2823 locasset,
2308 2767 2644 2829 postremum
2681 2762 2923 2815 omnium
2958 2761 3254 2827 hominem,
3292 2765 3381 2818 cui
3411 2771 3584 2819 totum

2010 2850 2158 2906 hunc
2187 2852 2448 2906 mundum
2483 2853 2631 2907 velut
2660 2854 2935 2923 egregium
2965 2854 3238 2924 quoddam
3270 2857 3583 2925 praetorium

2012 2950 2320 3012 paraverat,
2377 2944 2456 3000 sic
2504 2952 2763 3014 tanquam
2806 2944 3160 2999 simulacrum
3205 2947 3476 3016 quoddam
3518 2948 3585 3002 ad

2012 3036 2095 3091 sui
2117 3035 2343 3107 cﬁigiem
2367 3052 2687 3107 expressum
2712 3037 2765 3090 in
2792 3038 2977 3092 orbem
3002 3038 3333 3105 introduxit;
3368 3041 3587 3095 acvelut

2010 3128 2346 3194 exquisitum
2376 3129 2592 3198 signum
2623 3129 2875 3184 manibus
2907 3129 3025 3184 suis
3054 3130 3389 3185 elaboratum
3423 3130 3581 3203 54],

2012 3220 2277 3289 praeclaro
2310 3218 2365 3273 in
2405 3220 2606 3290 templo
2630 3218 2934 3275 constituit.
2968 3218 3156 3291 Neque
3184 3222 3329 3276 enim
3363 3222 3584 3293 ignora-

334 3303 683 3375 δικαιοσύνης
713 3304 874 3376 ἔργον
900 3305 962 3358 τὸ
993 3304 1219 3368 ἀδικεῖν,
1245 3305 1380 3359 ἀλλά
1408 3306 1651 3369 ἀδικίας·
1695 3307 1805 3360 οὐδ’
1841 3302 1906 3360 αὖ

2014 3312 2123 3378 bat,
2171 3312 2535 3382 quodcunque
2558 3320 2749 3382 suapte
2777 3326 2938 3365 mauu
2965 3310 3228 3377 ﬁnxisset,
3250 3292 3583 3376 necessario.

336 3397 551 3460 ἀδικίας
598 3398 969 3468 ἀντιστρόφως
998 3397 1059 3450 τὸ
1098 3398 1513 3469 δικαιοπραγεῖν
1554 3397 1736 3469 ἔργον,
1779 3398 1916 3453 ἀλλά

335 3489 711 3560 δικαιοσύνης·
768 3489 959 3560 ὥσπερ
1004 3489 1123 3543 οὐδὲ
1167 3489 1473 3560 ἀφθαρσίας
1502 3488 1562 3541 τὸ
1597 3489 1915 3560 φθείρεσθαι

338 3584 533 3645 ποιεῖν,
566 3581 703 3635 ἀλλά
727 3582 956 3651 φθορᾶς,
985 3581 1046 3634 τὸ
1074 3580 1422 3644 ἀθανατίζειν
1450 3582 1510 3633 οὑ
1543 3581 1768 3652 φθορᾶς,
1799 3581 1915 3634 ἀλλ’

338 3673 667 3743 ἀφθαρσίας.
697 3675 806 3727 Καὶ
830 3673 1151 3743 συλλήϐδην,
1180 3667 1289 3726 οἷον
1308 3672 1375 3725 ἂν
1454 3672 1513 3725 τὸ
1536 3671 1743 3733 ποιοῦν,
1777 3673 1916 3726 κατά

338 3765 429 3817 τὸν
458 3766 619 3819 αὑτὸν
646 3764 818 3828 οὕτως
841 3764 999 3831 λόγον
1018 3764 1176 3818 τοῦτο
1203 3763 1521 3834 ποιούμενον
1555 3764 1570 3794 ¹
1597 3763 1656 3829 ἐξ
1677 3764 1917 3832 ἀνάγκης

339 3856 748 3927 ἀπεργάζεσθαι
782 3856 1088 3923 συμϐαίνει.
1152 3857 1211 3909 ὐ
1238 3856 1293 3909 δὲ
1330 3856 1461 3918 Θεὸς
1500 3856 1595 3908 καὶ
1628 3855 1914 3918 ἀθανασία,

340 3945 437 3998 καὶ
474 3944 611 4017 ζωὴ,
654 3948 748 3999 καὶ
782 3946 1085 4017 ἀφθαρσία·
1131 3946 1290 4017 ἔργον
1326 3946 1385 3999 δὲ
1425 3946 1709 4017 ἄνθρωπος
1756 3946 1913 4000 Θεοῦ.

340 4037 457 4091 Πᾶν
478 4037 534 4090 δὲ
557 4038 619 4090 τὸ
648 4037 754 4089 ὑπὸ
789 4036 1086 4099 ἀθανασίας
1129 4037 1397 4106 ὲργασθὲν
1427 4037 1692 4091 ἀθάνατον
1712 4055 1725 4069 ·
1780 4037 1916 4090 ἀθά-

340 4146 500 4192 νατος
528 4129 637 4200 ἄρα
655 4131 683 4182 ό
711 4128 1017 4197 ἄνθρωπος.
1040 4128 1131 4181 Διὸ
1161 4128 1224 4198 δὴ
1257 4128 1348 4181 τὸν
1373 4128 1471 4198 μὲν
1502 4128 1788 4200 ἄνθρωπον
1818 4130 1915 4182 αύ-

338 4220 644 4292 τούργησεν
671 4223 699 4274 ό
726 4219 880 4282 Θεὸς,
915 4221 982 4272 τὰ
1014 4220 1073 4272 δὲ
1102 4217 1265 4271 λοιπά
1295 4218 1427 4290 γένη
1458 4217 1611 4281 ζώων
1640 4218 1784 4288 ἀέρι,
1820 4218 1915 4271 καὶ

339 4316 435 4385 γῇ,
463 4313 559 4367 καὶ
583 4311 735 4365 ὕδατι
761 4310 1060 4381 προσέταξε
1092 4308 1301 4378 φέρειν.

2012 3411 2200 3473 utpote
2218 3404 2642 3459 immortalitatis
2657 3418 2814 3473 opus,
2836 3403 3143 3459 immortale
3161 3403 3402 3459 futurum
3449 3404 3584 3461 Nam

2012 3493 2082 3547 ab
2111 3493 2520 3547 immortalitate
2550 3492 2877 3546 immortalia
2898 3492 3343 3561 proﬁciscuntur,
3376 3496 3524 3549 velut
3555 3512 3587 3550 a

2011 3584 2217 3636 malitia
2237 3598 2357 3652 quae
2388 3583 2529 3635 mala
2549 3589 2698 3645 sunt,
2731 3590 2785 3636 et
2811 3584 2877 3635 ab
2907 3582 3173 3651 injustitia
3204 3584 3428 3653 injusta.
3469 3585 3589 3642 Non

2012 3674 2155 3727 cnim
2175 3674 2403 3743 justitim
2421 3689 2557 3743 opus
2573 3682 2655 3727 est
2670 3672 2856 3741 injusti
2879 3674 3081 3743 aliquid
3108 3674 3305 3738 facere,
3329 3676 3423 3730 sed
3446 3677 3590 3746 inju-

2016 3764 2196 3828 stitiae,
2213 3780 2390 3834 neque
2407 3780 2474 3818 ex
2496 3763 2727 3817 adverso
2744 3762 2891 3832 juste
2911 3763 3114 3832 aliquid
3132 3778 3290 3833 agere
3311 3764 3590 3833 iniustitia

2013 3860 2120 3917 est,
2142 3851 2507 3922 sedjustitiaa;
2540 3851 2764 3921 perinde
2793 3867 2855 3904 ac
2883 3854 3246 3922 corruptelam
3268 3853 3460 3909 aﬁerre
3479 3870 3586 3910 non

2013 3943 2448 4013 incorruptionis
2481 3952 2586 4006 est,
2620 3942 2715 3998 sed
2748 3944 3117 4012 corruptionis
3146 3946 3447 4015 preprium.
3500 3948 3590 4003 Sic

2014 4036 2318 4089 immortale
2345 4034 2524 4089 facere
2550 4050 2657 4089 non
2685 4036 3075 4103 corruptionis.
3102 4039 3196 4092 sed
3226 4039 3585 4108 incorruptio-

2020 4125 2107 4178 nis
2141 4132 2244 4179 est.
2294 4125 2470 4193 Atque
2516 4131 2576 4176 ut
2625 4139 2735 4177 uno
2780 4126 2946 4179 verbo
2986 4124 3186 4189 dicam.
3228 4129 3388 4198 quale
3418 4139 3502 4186 cst
3538 4130 3589 4188 id

2021 4216 2165 4285 quod
2216 4216 2353 4285 agit»,
2407 4217 2513 4271 tale
2552 4217 2606 4271 id
2645 4215 2857 4271 efﬁcere
2896 4219 3209 4272 necessario
3248 4220 3408 4282 solet,
3445 4223 3591 4291 quod

2020 4308 2087 4363 ab
2117 4324 2183 4363 eo
2220 4309 2561 4378 producitur.
2620 4309 2783 4379 Atqui
2819 4309 2958 4364 Deus
2996 4321 3048 4365 et
3076 4311 3457 4367 immortalitas
3484 4322 3590 4376 est.

339 4414 395 4463 et
420 4407 550 4471 vita,
580 4412 634 4460 et
665 4402 1035 4473 incorruptio;
1075 4401 1239 4455 homo
1268 4413 1399 4455 vero
1433 4399 1527 4455 Dei
1557 4416 1697 4470 opus
1725 4408 1828 4455 est.
1855 4399 2131 4470 Quidquid
2154 4416 2284 4456 vero
2312 4401 2381 4455 ab
2408 4401 2815 4456 immortalitate
2845 4401 3163 4465 fabricatur,
3195 4404 3499 4461 immortale
3522 4408 3589 4460 sit

340 4510 577 4573 oportet.
624 4501 806 4567 Quare
840 4499 1169 4553 immortalis
1199 4506 1284 4553 est
1322 4498 1506 4553 homo.
1536 4497 1829 4567 Propterea
1851 4498 1992 4553 Deus
2021 4498 2294 4553 hominem
2327 4514 2426 4553 sua
2455 4514 2618 4553 manu
2642 4498 2830 4553 ﬁnxit:
2867 4507 3061 4554 caetera
3083 4514 3211 4555 vero
3237 4501 3591 4558 animantium

340 4611 538 4668 genera
568 4610 768 4657 aerem,
806 4601 1006 4648 terram
1036 4603 1089 4647 et
1112 4607 1307 4662 aquam
1343 4592 1510 4660 jussit
1549 4592 1867 4660 producere.

415 4694 734 4765 Ἀνθρωπος
794 4694 851 4747 δὲ
904 4693 1242 4764 ἀληθέστατα
1302 4692 1515 4760 λέγεται
1571 4691 1711 4743 κατά
1761 4690 1914 4759 φύσιν

2095 4688 2360 4743 Caeterum
2391 4688 2575 4750 homo,
2601 4687 2646 4742 si
2677 4687 2797 4756 ejus
2825 4695 3075 4740 naturam
3110 4686 3389 4754 inspicias.
3426 4692 3591 4745 veris-

339 4785 463 4840 οὔτε
519 4787 665 4860 ψυχὴ
719 4789 887 4859 χωρὶς
940 4786 1211 4857 σώματος,
1238 4784 1348 4838 οὔτ’
1409 4780 1474 4838 αὖ
1534 4784 1691 4854 σῶμα
1750 4782 1917 4852 χωρὶς

339 4882 536 4953 ψυχῆς,
569 4881 704 4935 ἀλλά
748 4882 809 4934 τὸ
854 4882 918 4933 ὲκ
949 4880 1258 4941 συστάσεως
1302 4877 1479 4947 ψυχῆς
1517 4877 1612 4928 καὶ
1667 4874 1917 4944 σώματος

341 4977 420 5038 είς
466 4975 593 5044 μίαν
636 4973 734 5043 τὴν
781 4971 875 5025 τοῦ
917 4970 1084 5025 καλοῦ
1144 4970 1355 5041 μορφὴν
1428 4967 1698 5021 συντεθέν.
1755 4964 1917 5019 Ὅθεν

341 5066 589 5119 ἐντεῦθεν
622 5064 886 5119 ἀθάνατον
920 5063 984 5134 δὴ
1026 5063 1118 5115 τὸν
1163 5060 1445 5131 ἄνθρωπον
1484 5058 1763 5128 γεγονέναι
1796 5057 1920 5121 φαί-

344 5175 514 5222 νεται,
566 5157 769 5226 φθορᾶς
812 5155 867 5207 δὲ
903 5156 1120 5222 ἀπάσης
1159 5153 1254 5205 καὶ
1290 5152 1457 5204 νόσων
1511 5150 1687 5211 ἐκτός.
1744 5146 1918 5201 Μάθοι

343 5251 387 5305 δ’
417 5254 481 5307 ἄν
509 5268 593 5314 τις
644 5249 799 5303 τοῦτο
849 5250 943 5301 καὶ
988 5248 1097 5300 ἀπὸ
1143 5247 1240 5316 τῆς
1272 5244 1493 5315 Γραφῆς
1536 5241 1752 5303 ἱκανῶς.
1799 5240 1920 5292 Ἐπῖ

344 5342 453 5414 γὰρ
507 5341 616 5396 τῶν
675 5340 847 5395 ἄλλων
871 5381 886 5406 ,
951 5339 1125 5391 ὁπόσα
1184 5336 1392 5407 χρόνων
1454 5330 1922 5403 μετακοσμοῦνται

344 5430 647 5494 διαπολαῖς
684 5431 921 5501 ἡϐῶντα,
965 5429 1059 5481 καὶ
1104 5427 1473 5497 γηράσκοντα,
1532 5421 1919 5491 Ἐξαγαγέτω,

346 5523 584 5593 λέγεται,
614 5523 688 5575 τὰ
719 5521 908 5574 ὕδατα
936 5518 1151 5587 ἑρπετὰ
1184 5516 1400 5586 ψυχῶν
1438 5513 1659 5575 ζωσῶν,
1693 5513 1791 5565 καὶ
1820 5529 1923 5564 πε-

348 5615 512 5669 τεινὰ
543 5613 839 5681 πετόμενα
870 5609 967 5663 ἐπὶ
1000 5608 1109 5675 τῆς
1140 5607 1274 5676 γῆς,
1308 5605 1460 5660 κατὰ
1502 5604 1569 5657 τὸ
1619 5603 1923 5669 στερέωμα

349 5707 454 5762 τοῦ
487 5704 746 5774 οὐρανοῦ
764 5719 775 5730 ·
802 5704 916 5767 καὶ,
934 5699 1294 5770 Ἐξαγαγέτω
1314 5698 1352 5765 ή
1382 5696 1457 5768 γῆ
1490 5694 1703 5765 ψυχὴν
1727 5691 1921 5753 ζῶσαν

2022 4782 2159 4837 sime
2184 4796 2309 4836 esse
2329 4782 2532 4835 dicitur
2558 4794 2666 4832 non
2694 4779 2942 4848 corporis
2963 4792 3156 4846 expers
3186 4779 3387 4840 anima,
3420 4794 3592 4849 neque

2022 4886 2224 4940 corpus
2266 4870 2446 4922 anima
2491 4868 2847 4933 destitutum;
2907 4865 3002 4921 sed
3046 4865 3099 4919 id
3151 4866 3295 4935 quod
3334 4868 3386 4920 in
3428 4885 3591 4923 uuam

2020 4961 2235 5030 pulchri
2263 4960 2497 5028 bonique
2529 4957 2759 5011 formam
2788 4973 2856 5012 ex
2886 4957 3083 5011 anima:
3108 4966 3160 5011 et
3188 4960 3433 5027 corporis
3457 4975 3591 5013 cou-

2018 5052 2302 5122 junctione
2347 5050 2636 5106 conﬂatur.
2695 5049 2774 5103 Ex
2807 5065 2916 5120 quo
2946 5050 3164 5119 quidem
3212 5051 3391 5121 colligi
3434 5066 3593 5121 posse

2021 5145 2259 5209 videtur,
2285 5142 2646 5196 immortalem
2672 5141 2942 5195 hominem
2962 5155 3085 5195 esse
3114 5140 3340 5201 factum.
3364 5154 3463 5194 nec
3486 5159 3591 5196 null

2021 5246 2075 5290 et
2123 5236 2495 5304 corruptionis
2540 5234 2754 5299 omnis,
2821 5247 2884 5286 ac
2928 5233 3243 5287 morborum
3292 5242 3591 5301 expertem.

2020 5324 2198 5394 Atque
2221 5325 2324 5379 hoc
2352 5325 2530 5394 ipsum
2563 5337 2733 5377 sacra)
2759 5322 2978 5376 Littera:
3006 5323 3219 5378 abunde
3247 5339 3347 5377 nos
3371 5324 3589 5377 docent.

2018 5413 2154 5468 Nam
2184 5415 2241 5467 in
2276 5414 2523 5483 reliquis,
2553 5428 2675 5481 quae
2710 5421 3017 5481 temporum
3044 5419 3248 5464 mutata
3277 5411 3471 5479 spatiis
3496 5412 3591 5465 ad-

2018 5508 2260 5562 olescere
2284 5522 2349 5560 ac
2370 5520 2764 5561 consenescere
2793 5506 2999 5559 solent:
3038 5502 3364 5568 Producunt,
3392 5504 3589 5573 inquit.

2019 5614 2171 5668 aqua:
2192 5597 2405 5660 reptil‘ia
2428 5599 2727 5650 animarum
2746 5597 3021 5649 viventium
3043 5604 3090 5648 et
3111 5595 3340 5648 volucres
3358 5595 3590 5650 volantes

2020 5707 2176 5760 super
2207 5699 2424 5757 terram,
2446 5692 2608 5759 juxta
2631 5689 3023 5759 ﬁrmamentum
3051 5690 3221 5743 cazli".
3257 5686 3416 5743 Item:
3452 5685 3589 5742 Pro-

422 5870 441 5904 ι
475 5870 598 5926 (lor.
660 5868 719 5920 τὸ
740 5885 851 5920 ποι.
928 5869 948 5898 ³
981 5864 1112 5920 Thr.
1142 5879 1225 5928 ιιι,
1250 5862 1339 5917 54.
1419 5861 1439 5894 ³
1462 5860 1610 5918 Psal.
1637 5875 1795 5927 chv,
1826 5859 1879 5912 7.

2014 5857 2145 5914 Gen.
2188 5874 2228 5921 ι,
2262 5855 2349 5912 20.

632 5961 901 6021 PATROL.
936 5959 1053 6020 Gn.
1102 5955 1265 6018 XLI.

3234 5944 3311 6005 35
