4082 6394
518 441 675 499 ηοω

1906 440 1974 495 ’8.
2014 437 2355 495 ΕΡΙΙῚΙΛΝΙΙ

3640 438 3808 498 1138

536 558 696 610 ducat
750 562 888 609 terra
942 556 1174 609 animum
1224 556 1470 609 viventem
1534 554 1811 609 secundum
1858 554 2106 622 speciem:

2218 552 2366 606 κατὰ
2388 552 2560 622 γένος
2588 552 2939 621 τετράποδα,
2970 552 3067 607 καί
3093 552 3327 621 ἑρπετὰ,
3362 552 3458 605 καί
3477 553 3670 620 θηρία
3703 550 3817 621 τῆς

534 648 928 717 quadrupedia,
1000 648 1215 716 reptilia
1270 657 1318 700 ct
1374 649 1564 701 bestias
1630 660 1781 701 terror
1826 648 2112 701 secundum

520 757 693 810 genus
719 741 757 795 ⁸.
800 739 897 794 Ubi
925 740 991 792 ad
1028 740 1299 793 hominem
1336 749 1651 807 pervmtmn
1684 750 1767 795 est
1790 779 1806 803 ,
1855 756 1959 793 non
1993 756 2113 809 pcr-

535 830 660 886 inde
686 844 742 884 ut
777 832 829 884 in
862 830 984 884 aliis
1013 829 1184 884 dixit:
1243 828 1509 883 Producat
1542 842 1719 883 terra:
1754 839 1869 891 aut.
1909 828 2113 882 Produ-

538 932 663 975 cant
703 938 890 991 aquw:
927 933 1037 984 aut,
1076 920 1236 974 Fiant
1278 922 1621 973 turninaria’.
1667 919 1792 981 Sed,
1822 902 2109 974 Faciamus

524 1014 795 1068 lwminem
828 1014 896 1065 ad
930 1014 1231 1081 imaginem,
1271 1023 1319 1066 et
1346 1012 1750 1066 similitudinem
1775 1024 2014 1066 nostram
2060 1022 2110 1066 et

532 1108 713 1177 premit
742 1105 993 1173 piscibus.
1020 1115 1066 1158 et
1098 1104 1403 1158 volatilibus
1434 1105 1569 1166 crrli,
1599 1114 1650 1157 et
1682 1104 1937 1158 universis
1956 1120 2110 1173 pecu-

520 1198 745 1251 -dibus'.
792 1198 872 1257 Et,
908 1198 1120 1265 Accepit
1162 1195 1297 1249 Deus
1330 1196 1394 1250 de
1415 1198 1539 1249 limo
1571 1206 1744 1258 terrm,
1779 1206 1827 1248 et
1858 1196 2109 1263 formavit

522 1290 792 1345 Lhominem
818 1290 858 1341 ⁵.

606 1381 790 1437 XVIII.
833 1383 1009 1450 Atque
1063 1390 1120 1434 ut
1172 1381 1409 1435 hominis
1465 1396 1494 1433 a
1544 1381 1757 1435 ueteris
1808 1380 2108 1435 discrimen

536 1476 711 1544 magis
744 1488 808 1527 ac
843 1473 1012 1541 magis
1044 1473 1241 1526 intueri
1270 1473 1510 1541 possitis,
1543 1480 1919 1541 quantumque
1956 1480 2109 1526 aute-

534 1570 696 1623 cellat
726 1568 1002 1628 omnibus,
1025 1574 1078 1619 et
1107 1572 1165 1618 ut
1191 1565 1493 1619 secundum
1526 1571 1650 1632 post
1683 1564 1907 1629 angelos
1934 1563 2112 1632 digni-

514 1661 665 1715 tatis
716 1660 893 1713 locum
946 1658 1202 1710 obtinens
1251 1657 1659 1709 immortalitate
1705 1658 1778 1709 sit
1829 1656 2107 1723 praeditus,

535 1766 632 1820 age
662 1749 806 1803 istud
840 1748 1015 1818 ipsum
1044 1748 1225 1800 denuo
1258 1762 1320 1799 ex
1372 1762 1501 1800 vera
1530 1756 1584 1800 et
1611 1746 1912 1800 orthodoxa
1942 1747 2111 1800 ratio-

532 1859 602 1898 ne
634 1842 998 1910 disputemus.
1036 1838 1198 1909 542
1243 1836 1450 1892 Etenim
1495 1838 1709 1892 exteris
1737 1838 1953 1908 quidem
1986 1838 2107 1891 ani-

2215 644 2323 714 γῆς
2358 645 2507 698 κατὰ
2546 645 2737 715 γένος.
2794 646 2919 697 Ἐπὶ
2960 645 3015 699 δὲ
3053 645 3150 697 τοῦ
3201 644 3486 716 ἀνθρώπου
3531 645 3819 707 ὡσαύτως

2214 737 2465 799 ἐκείνοις,
2510 736 2871 806 Ἔξαγαγέτω
2898 738 2935 804 ἠ
2960 736 3055 806 γῆ.
3090 737 3305 790 οὐκέτεο
3343 738 3397 808 ἢ,
3427 737 3819 806 Ὲξίιγίιςνέτω

2214 830 2285 882 τὰ
2340 829 2559 881 ὓδατα’
2615 828 2670 899 ἢ,
2724 829 3165 895 Γενηθήτωσαν
3210 828 3545 898 φωστῆρες.
3613 829 3817 891 Ἀλλὰ,

2213 922 2561 989 Ποιήσωμεν
2576 920 2889 989 ἄνθρωπον
2908 923 3034 973 κατ’
3060 922 3279 984 εἰκόνα,
3315 922 3413 975 καὶ
3434 923 3569 977 καθ’
3593 923 3795 991 ὁμοίω

2212 1030 2317 1066 σιν
2356 1013 2671 1082 ἡμετέραν,
2707 1014 2803 1067 καὶ
2854 1013 3205 1082 ἀρχέτωσαν
3244 1014 3351 1068 τῶν
3409 1017 3661 1083 ἰχθύων,
3713 1018 3817 1070 καὶ

2211 1105 2331 1158 τῶν
2383 1104 2669 1158 πετεινῶν
2724 1105 2829 1159 τοῦ
2882 1108 3163 1173 οὐρανοῦ,
3213 1107 3309 1160 καὶ
3371 1107 3623 1161 πάντων
3694 1109 3815 1161 τῶν

2218 1198 2481 1267 κτηνὼνσ
2524 1200 2654 1281 καὶ,
2722 1200 2973 1253 Ἔλαϐεν
3010 1203 3043 1253 ό
3102 1202 3241 1267 Θεὸς
3308 1201 3462 1270 χοῦν
3522 1201 3649 1254 ἀπὸ
3702 1196 3813 1270 τῆς

2212 1291 2344 1362 γῆς,
2374 1292 2468 1343 καὶ
2500 1290 2733 1342 ἔπλασε
2772 1288 2878 1342 τὸν
2910 1290 3241 1358 ἄνθρωπον.

2282 1385 2389 1437 IH'.
2430 1383 2539 1435 Kal.
2572 1384 2659 1435 ἴνα
2698 1382 2761 1454 δὴ
2818 1382 3015 1453 μᾶλλον
3050 1385 3143 1437 καὶ
3188 1384 3345 1453 ὑμεῖς
3389 1383 3490 1453 τὴν
3528 1383 3819 1453 διαφορὰν

2210 1475 2493 1546 αἴσθησθε,
2528 1475 2603 1537 ὼς
2630 1475 2764 1527 ὅλων
2789 1476 2884 1527 καί
2921 1476 3086 1527 παντὶ
3142 1475 3251 1527 τῶν
3286 1475 3455 1528 ἄλλων
3493 1474 3818 1545 διαφέρων,

2212 1566 2305 1619 καὶ
2335 1568 2392 1619 ἐν
2435 1565 2663 1634 δευτέρᾳ
2706 1567 2837 1634 τιμῇ
2887 1563 2993 1614 τῶν
3022 1563 3266 1631 ἀγγέλων
3308 1561 3753 1630 ἐγκαταλεχθεῖς
3794 1564 3819 1613 ό

2209 1656 2492 1731 ἄνθρωπος
2535 1656 2847 1727 εὑρίσκεται
2896 1655 3161 1718 ἀθάνατος
3203 1653 3298 1716 ὢν,
3340 1655 3467 1723 φέρε
3518 1656 3673 1705 κατὰ
3721 1654 3821 1704 τὸν

2209 1749 2384 1820 ἁληθῆ
2412 1750 2571 1802 πάλιν
2608 1748 2700 1802 καὶ
2730 1748 3007 1819 όρθόδοξον
3048 1748 3139 1801 καὶ
3176 1746 3335 1800 τοῦτο
3378 1745 3625 1800 διαλάϐοι)
3651 1745 3821 1813 λογι-

2212 1842 2369 1913 σμόν.
2394 1842 2532 1904 ’Τοῖς
2565 1840 2663 1911 μὲν
2690 1840 2798 1911 γὰρ
2831 1841 2937 1893 ἀπὸ
2967 1840 3063 1910 τῆς
3097 1840 3348 1909 εἰσπνοῆς
3393 1836 3486 1890 τοῦ
3523 1837 3678 1890 κατά
3716 1839 3821 1889 τὸν

534 1935 811 1989 nantibus
837 1948 901 1986 ex
934 1933 1080 1986 illius
1116 1932 1364 2001 spiritus,
1414 1930 1506 2000 qui
1542 1947 1636 2000 per
1656 1945 1843 1983 aerem
1874 1931 2106 1985 diﬂ'usus

2211 1935 2348 2005 ἀέρα
2388 1933 2695 2003 πνεύματος
2739 1932 3097 2003 ὲμψυχῶσθαι
3131 1934 3149 1962 ’⁷
3186 1931 3340 2001 ἐδόθη
3381 1929 3441 1982 τὺ
3472 1928 3598 1999 ζῇν,
3635 1928 3724 1998 τῷ
3755 1929 3819 1980 δὲ

518 2034 615 2079 est
641 2022 979 2085 immissione
1001 2023 1183 2076 anima
1208 2030 1295 2077 est
1318 2022 1536 2091 vitaque
1566 2037 1850 2075 concessa.
1887 2020 2103 2075 llomiui

522 2130 662 2170 -vero
714 2113 950 2183 idipsum
1006 2128 1071 2167 ex
1124 2112 1416 2166 immortali
1455 2122 1615 2181 atque
1648 2112 1934 2165 excellenti
1971 2111 2103 2165 sub-

524 2207 732 2263 stantia
760 2206 1020 2260 tributum
1045 2224 1056 2258 :
1084 2203 1367 2273 lnspiravit
1390 2206 1527 2256 enim
1548 2202 1685 2256 Deus
1714 2204 1763 2255 in
1787 2203 1975 2271 facient
1992 2204 2105 2271 ejus

521 2301 856 2367 spiraculum
889 2299 1052 2361 vitaz;
1080 2307 1128 2351 et
1165 2297 1337 2365 factus
1381 2304 1457 2350 est
1492 2296 1643 2347 homo
1668 2296 1731 2348 in
1764 2297 1997 2348 animant
2029 2298 2105 2347 vi-

529 2399 728 2445 rentem
747 2390 788 2443 ⁵.
816 2387 940 2443 Illis
977 2388 1185 2442 servire
1232 2395 1394 2457 atque
1430 2386 1658 2455 imperio
1697 2386 1946 2450 subesse,
1980 2384 2106 2438 huic

528 2483 799 2539 dominari
827 2492 991 2553 atque
1026 2481 1311 2551 imperium
1361 2495 1619 2534 exercere
1652 2479 1966 2532 mandatum
1998 2485 2101 2533 est.

528 2577 625 2632 Illa
664 2576 913 2630 diversas
944 2581 1263 2627 naturarum
1296 2571 1498 2641 efﬁgies
1546 2570 1862 2639 formasque
1910 2570 2103 2623 sortita

528 2678 695 2734 Iunt;
729 2673 999 2737 quotquot.
1024 2664 1113 2719 Dei
1145 2665 1303 2732 jussu
1334 2663 1506 2717 solida
1543 2670 1596 2717 et
1632 2661 1984 2731 aspectabilis
2010 2674 2105 2711 na-

524 2769 651 2816 tura
682 2759 956 2829 produxit.
987 2756 1121 2809 Huic
1153 2756 1243 2809 Dei
1272 2754 1440 2808 indita
1465 2752 1763 2808 similitudo
1794 2760 1877 2805 est
1907 2750 1972 2804 ad
1996 2752 2105 2819 pri-

529 2868 672 2907 tnant
702 2849 872 2909 illam,
901 2858 954 2902 ct
992 2848 1324 2915 unigenitam
1359 2843 1536 2897 Patris
1561 2844 1852 2912 imaginem
1887 2841 2105 2910 penitus

519 2956 787 3013 expressa
827 2955 842 2991 :
872 2936 1019 2992 Fecit
1062 2939 1201 2991 enim
1236 2936 1374 2989 Deus
1402 2935 1702 2996 hominem;
1735 2933 1802 2985 ad
1826 2934 2104 3001 imaginem

514 3034 627 3089 .Dei
656 3033 780 3103 fecit
810 3032 1007 3086 illum'.
1031 3028 1181 3085 Unde
1208 3036 1262 3083 et
1289 3028 1639 3081 simulacrum
1660 3040 1839 3089 suum,
1866 3034 2106 3093 utquam

528 3126 765 3179 maxime
814 3122 1030 3177 ﬁrmum
1080 3136 1143 3175 ac
1186 3120 1381 3174 stabile
1412 3130 1576 3182 esset,
1610 3132 1797 3171 curam
1834 3117 2101 3179 adhibuit,

529 3232 666 3272 neve
713 3217 1064 3285 corruptione
1098 3214 1295 3267 tentari
1332 3212 1489 3265 facile
1523 3219 1726 3280 posset.
1767 3210 1990 3279 perinde
2022 3216 2103 3260 at-

527 3323 637 3377 que
664 3307 854 3361 eﬁict's
901 3324 929 3360 a
962 3323 1021 3361 se
1064 3306 1262 3357 statuis
1310 3304 1600 3355 consulere
1633 3302 1870 3354 artiﬁces
1904 3301 2099 3355 solent.
2133 3301 2175 3323 “

531 3396 635 3463 Qui
667 3413 771 3449 non
809 3395 968 3449 modo
993 3395 1411 3449 simulacrorum
1448 3408 1673 3444 suorum
1710 3389 2101 3459 pulchritudini

528 3503 595 3544 ac
644 3487 825 3542 decori
879 3487 1122 3549 student,
1162 3493 1219 3537 Iit
1249 3485 1448 3537 eximia
1480 3484 1660 3551 specie
1705 3498 1768 3536 ac
1818 3483 2103 3551 magniﬁca

529 3582 662 3640 sint.
689 3580 781 3631 sed
813 3577 975 3631 etiam
1006 3576 1490 3638 immortalitatem,
1519 3573 1698 3642 quoad
1732 3583 1980 3642 possunt,
2007 3573 2103 3627 iis-

528 3672 652 3726 dem
686 3671 817 3739 ipsis
854 3668 1093 3722 tribuere
1125 3674 1417 3731 conantur,
1448 3672 1508 3717 ut
1534 3680 1696 3734 quam
1725 3664 2103 3734 longissimum

528 3760 583 3817 in
640 3768 854 3828 tempus
907 3760 1113 3828 integra
1181 3757 1514 3826 minimeque
1566 3756 1835 3809 dissoluta
1893 3770 2105 3824 perma-

529 3860 711 3908 neant.
748 3852 802 3904 Id
850 3850 994 3920 quod
1039 3848 1285 3903 Phidiam
1332 3850 1473 3902 inter
1500 3856 1725 3901 czeteros
1762 3846 1958 3901 fecisse
1992 3863 2106 3902 meo

528 3952 763 4000 Inorant.
792 3942 891 3997 llic
919 3943 1089 4007 enim,
1125 3957 1247 3996 cum
1276 3938 1541 4011 Olympici
1569 3938 1722 3995 lovis
1749 3940 2103 3994 simulacrum

524 4037 776 4093 ﬁnxisset
826 4052 893 4089 ex
930 4035 1116 4101 ebore,
1146 4034 1323 4089 oleum
1362 4032 1429 4087 ad
1479 4033 1644 4102 pedes
1698 4039 1824 4085 ante
1868 4038 2103 4085 statuam

523 4130 687 4199 jussit
712 4126 937 4190 edundi,
968 4141 1079 4198 quo
1114 4124 1420 4178 immortale
1448 4122 1594 4177 illam
1628 4129 1893 4191 quantum
1922 4131 2104 4192 posset

521 4220 775 4276 eliceret.

589 4314 729 4367 Cum
760 4312 924 4377 igitur
963 4308 1017 4363 in
1052 4309 1121 4364 iis
1154 4307 1435 4377 Operibus,
1470 4322 1591 4375 quae
1630 4306 1882 4360 inanibus
1915 4306 2102 4360 elabo-

524 4406 784 4462 raverint.
813 4400 1056 4456 artiﬁces
1100 4399 1205 4454 ista
1258 4397 1590 4461 moliantur;
1622 4412 1804 4450 nonne
1836 4405 2103 4466 priestan-

524 4497 770 4552 tissimus
795 4495 883 4548 ille
906 4492 1086 4561 opifex
1121 4489 1284 4553 Deus,
1316 4491 1409 4559 qui
1442 4490 1523 4543 vel
1554 4505 1618 4544 ex
1653 4490 1822 4543 nihilo
1851 4504 2103 4558 procrea-

2210 2027 2267 2093 ἐξ
2288 2026 2458 2096 αὐτῆς
2477 2026 2576 2096 τῆς
2604 2026 2869 2080 ἀθανάτου
2896 2028 2989 2079 καὶ
3014 2025 3377 2096 διαφερούσης
3395 2022 3612 2086 οὐσίας.
3685 2024 3818 2074 ’Er-

2208 2120 2480 2187 egdono'e
2492 2118 2602 2187 γὰρ
2622 2120 2654 2171 ό
2676 2118 2818 2183 Θεὸς
2838 2120 2924 2181 εἰς
2945 2118 3012 2171 τὸ
3040 2117 3363 2185 πρόσωπον
3382 2113 3568 2167 αὐτοῦ
3594 2113 3816 2179 πνοὴν

2208 2210 2385 2280 ζωῆς·
2424 2213 2521 2265 καὶ
2566 2212 2805 2281 ἐγένετο
2849 2210 3161 2279 ἅνθρωπος
3200 2210 3290 2277 εἰς
3328 2210 3539 2278 ψυχὴν
3570 2206 3816 2268 ζῶσαν.

2208 2302 2318 2354 Καὶ
2344 2304 2456 2365 τοῖς
2482 2301 2581 2372 μὲν
2608 2301 2879 2354 δουλεύειν
2922 2304 3017 2355 καὶ
3047 2301 3311 2373 ἄρχεσθαι
3340 2301 3685 2371 προσετάγη,
3722 2297 3817 2368 τῷ

2207 2391 2262 2443 δὲ
2297 2393 2486 2463 ἄρχειν
2525 2393 2620 2445 καὶ
2656 2392 2951 2455 δεσπόζειν.
2984 2394 3093 2445 Καὶ
3118 2394 3229 2454 τοῖς
3266 2390 3365 2461 μὲν
3401 2389 3639 2460 διάφορα
3665 2390 3815 2459 σχή-

2212 2503 2354 2555 ματα
2386 2485 2597 2553 φύσεων
2640 2484 2889 2549 δίδονται,
2933 2486 3027 2537 καὶ
3075 2483 3299 2553 μορφαὶ,
3352 2482 3551 2542 ὁπόσας
3587 2483 3625 2548 ἡ
3672 2498 3813 2532 στε-

2213 2576 2428 2646 ρέμνιος
2463 2577 2554 2627 καὶ
2585 2576 2752 2646 ὁρατὴ
2804 2574 2964 2642 φύσις
2995 2573 3306 2633 κελεύοντος
3344 2569 3438 2623 τοῦ
3471 2568 3609 2621 Θεοῦ
3641 2570 3813 2636 ἐγέν-

2208 2684 2359 2737 νησε,
2392 2666 2467 2735 τῷ
2498 2666 2550 2717 δὲ
2583 2666 2810 2728 Οεοειδὲς
2849 2666 2942 2717 καὶ
2976 2664 3293 2725 θεοείκελον,
3322 2662 3415 2715 καὶ
3446 2663 3623 2714 πάντα
3659 2660 3814 2730 πρὸς

2208 2759 2420 2830 ἐκείνην
2443 2758 2902 2829 ἀπηκριϐωμένον
2939 2758 3037 2827 τὴν
3070 2755 3422 2827 πρωτότυπον
3451 2752 3542 2804 τοῦ
3572 2753 3814 2821 Πατρὸς

2208 2854 2301 2905 καὶ
2351 2852 2613 2923 μονογενῆ
2663 2853 2862 2904 εἰκόνα⁶
2924 2850 3209 2917 Ἐποίησε
3264 2851 3372 2918 γὰρ
3411 2850 3443 2901 ό
3490 2846 3637 2911 Θεὸς
3686 2845 3815 2901 τὸν

2207 2944 2521 3011 ἄνθρωπον
2538 2962 2550 2974 ν
2589 2944 2715 2999 κατ’
2740 2943 2945 2997 εἰκόνα
2972 2942 3119 2995 Θεοῦ
3141 2942 3432 3006 ἐποίησεν
3454 2937 3663 2991 αὐτόν.
3702 2936 3814 2990 Διδ

2208 3033 2303 3090 καὶ
2348 3033 2614 3103 ἐμέλησεν
2676 3030 2822 3101 αὐτῷ
2870 3032 2967 3101 τῆς
3025 3029 3117 3083 τοῦ
3164 3030 3423 3099 σφετέρου
3472 3026 3812 3097 ἀγάλματος

2207 3126 2483 3198 διαμονῆς,
2522 3125 2608 3178 ἴνα
2650 3124 2723 3195 μὴ
2752 3123 3020 3176 εὐάλωτον
3117 3122 3259 3194 πρὸς
3288 3119 3615 3189 διαφθοράν·
3653 3118 3811 3172 καθ-

2209 3220 2352 3293 άπερ
2378 3220 2471 3272 καὶ
2515 3218 2622 3271 τῶν
2665 3218 3002 3287 ἀνδριάντων
3028 3218 3139 3279 τοῖς
3180 3214 3548 3285 δημιουργοῖς.
3574 3213 3652 3265 Οὐ
3684 3212 3811 3280 γὰρ

2211 3314 2368 3383 μόνον
2402 3311 2629 3373 κάλλους
2678 3310 2783 3362 τῶν
2831 3308 3160 3379 ἀγαλμάτων
3191 3307 3373 3364 αὐτοῖς
3416 3305 3509 3357 καὶ
3551 3304 3653 3373 τῆς
3702 3304 3809 3356 εὑ-

2207 3404 2471 3477 πρεπείας
2514 3401 2691 3455 αὐτῶν
2745 3400 3151 3470 πεφρόντισται,
3188 3399 3335 3460 ὅπως
3380 3393 3481 3448 ὦσι
3527 3394 3809 3465 περικαλ-

2205 3498 2316 3561 λεῖς
2362 3498 2395 3567 ἦ
2437 3496 2892 3567 μεγαλοπρεπεῖς,
2930 3492 3064 3546 ἀλλά
3104 3491 3198 3545 καὶ
3227 3491 3325 3559 τῆς
3358 3491 3436 3550 εἰς
3472 3488 3532 3542 τὸ
3566 3488 3809 3540 δυνατὸν

2208 3589 2389 3657 σφίσιν
2424 3588 2608 3648 αὐτοῖς
2646 3585 2945 3647 ἀθανασίας
2973 3584 3081 3636 τῶν
3116 3580 3612 3652 δημιουργημάτων
3653 3580 3809 3649 πρό-

2206 3692 2353 3728 νοιαν
2384 3675 2674 3738 ποιεῖσθαι,
2707 3677 2787 3737 είς
2817 3674 2907 3725 τὸν
2957 3673 3275 3744 μακραίωνα
3306 3671 3495 3740 χρόνον
3527 3670 3809 3732 διασώζε-

2208 3767 2329 3819 σθαι
2369 3768 2441 3837 μὴ
2476 3767 2728 3836 λυόμενα,
2770 3765 3022 3835 καθάπερ
3061 3764 3155 3817 καὶ
3196 3763 3427 3826 Φειδίας.
3458 3756 3626 3823 «Ἰῦτος
3658 3760 3809 3832 γὰρ,

2209 3859 2349 3930 μετά
2378 3860 2439 3912 τὸ
2488 3858 2895 3913 κατασκευάσαι
2921 3857 2982 3910 τὸ
3026 3859 3247 3909 Πισαῖον
3290 3856 3505 3909 εἴδωλον
3559 3853 3641 3923 (ἐξ
3687 3854 3807 3907 ὲλέο

2207 3969 2404 4021 φαντος
2420 3951 2475 4004 δὲ
2497 3950 2654 4004 τοῦτο
2680 3946 2796 4021 ἦν),
2818 3950 2995 4004 ἔλαιον
3016 3948 3289 4018 ὲκχεῖσθαι
3321 3946 3650 4019 προσέταξεν
3679 3946 3808 4017 (34)

2205 4042 2348 4111 ἀμφὶ
2369 4044 2494 4105 τοὺς
2514 4042 2680 4106 πόδας
2707 4040 3017 4112 ἔμπροσθεν
3042 4040 3136 4093 τοῦ
3161 4039 3493 4110 ἀγάλματος,
3520 4036 3809 4093 ἀθάνατον

2206 4136 2286 4197 εἰς
2315 4133 2542 4205 δύναμιν
2575 4133 2867 4203 φυλάσσειν
2902 4133 2921 4161 ⁸
2949 4132 3101 4184 αὑτό.

2274 4303 2386 4357 Καὶ
2418 4304 2598 4357 τοίνυν
2631 4306 2680 4357 εί
2708 4304 2819 4358 τῶν
2842 4307 3214 4376 χειροτμήτων
3236 4304 3409 4369 οὕτως
3440 4304 3807 4376 δημιουργοὶ,

2205 4398 2232 4448 ό
2263 4395 2397 4459 Θεὸς
2422 4397 2450 4448 ὁ
2475 4396 2877 4465 ἀριστοτέχνας,
2920 4397 2977 4460 ὃς
3007 4398 3183 4449 πάντα
3219 4395 3439 4449 δύναται
3474 4398 3566 4448 καὶ
3597 4397 3657 4461 ἐξ
3691 4399 3807 4451 οὐκ

2204 4487 2373 4540 ὄντων
2399 4489 2594 4552 ποιεῖν,
2635 4488 2696 4541 οὐ
2735 4487 2934 4559 μᾶλλον
2961 4490 3021 4541 τὸ
3066 4489 3285 4559 ἄγαλμα
3314 4488 3373 4539 τὸ
3416 4487 3636 4555 λογικὸν
3662 4489 3795 4542 ὲαυ

524 4608 583 4646 re
616 4598 790 4660 potest
821 4587 1028 4651 omnia,
1060 4600 1214 4640 suam
1246 4583 1391 4637 illam
1422 4584 1635 4636 ratione
1677 4582 1958 4651 praeditam
1990 4582 2101 4636 eili-

2211 4579 2297 4632 τοῦ
2323 4580 2411 4634 τὸν
2458 4581 2738 4652 ἄνθρωπον
2766 4580 3067 4652 ἀνώλεθρον
3108 4582 3201 4633 καὶ
3242 4580 3506 4633 ἀθάνατον
3554 4575 3695 4631 εἶναι
3738 4580 3806 4633 τὸ

521 4682 684 4752 giem,
714 4678 964 4734 videlicet
990 4675 1288 4737 hominem,
1316 4672 1491 4726 multo
1521 4672 1693 4742 magis
1719 4673 2103 4742 sempiternam

521 4782 574 4829 et
627 4770 990 4829 immortalem
1042 4766 1257 4837 penitus
1310 4764 1735 4833 necessarioque
1781 4763 2105 4818 fabricavit?

522 4866 605 4921 An
654 4867 837 4935 potius
885 4860 1247 4931 ignominiosa
1278 4858 1414 4913 adeo
1461 4857 1785 4912 dissolutam
1828 4856 2102 4924 corrumpi

2204 4672 2466 4743 παράπαν
2499 4672 2558 4737 ἐξ
2584 4675 2801 4746 ἀπάσης
2830 4675 3075 4743 ἀνάγκης
3099 4674 3499 4744 ἐμηχανήσατο,
3524 4670 3642 4724 ἀλλ’
3666 4673 3805 4727 εἷα-

2204 4780 2294 4816 σεν
2329 4763 2502 4826 οὓτως
2534 4765 2836 4833 ἀτιμότατα
2886 4765 3147 4835 λυόμενον
3195 4764 3401 4835 ὀλέθρῳ
3447 4762 3807 4833 παραδοῦναι

2201 4854 2295 4906 καὶ
2318 4854 2512 4925 φθορᾷ,
2544 4855 2947 4927 ὂδιαφερόντως
2972 4856 3169 4925 ἠξίωσε
3196 4859 3314 4918 ταῖς
3341 4854 3533 4908 ἑαυτοῦ
3556 4855 3805 4925 ποιῆσαι

521 4966 573 5013 et
617 4956 841 5012 interire
892 4951 1186 5024 permisit?
1219 4950 1395 5020 Atque
1426 4964 1544 5003 eam
1598 4948 1816 5017 quidem
1849 4946 2098 5016 efﬁgiem,

2211 4944 2377 5015 (ερσὶ,
2428 4946 2549 4999 κατ’
2600 4946 2781 4999 εἰκόνα
2831 4947 3242 5017 μορφοποιήσας
3304 4947 3455 5013 αὐτο,
3515 4947 3609 4999 καὶ
3662 4950 3804 5001 καθ’

521 5065 683 5119 quam
728 5047 984 5103 manibus
1034 5042 1307 5114 perpolire
1371 5041 1487 5095 suis
1546 5039 1805 5109 singulari
1861 5038 2095 5107 quadam

522 5142 730 5196 ratione
760 5140 1017 5208 dignatus
1058 5142 1165 5199 est,
1198 5148 1360 5205 quam
1397 5130 1465 5185 ad
1504 5130 1793 5199 imaginem
1840 5144 1993 5183 suam
2034 5143 2098 5183 ac

520 5232 953 5293 similitudinem,
993 5228 1141 5284 velut
1180 5224 1365 5279 tnundi
1414 5224 1643 5277 alterum
1697 5220 1961 5275 mundum
2001 5237 2097 5275 ex-

2202 5038 2457 5108 όμοίωσιν
2479 5039 2576 5109 τὴν
2611 5037 2825 5102 ἑαυτοῦ,
2854 5038 2947 5092 τὸν
2982 5039 3182 5109 κόσμον
3212 5038 3305 5092 τοῦ
3352 5040 3575 5109 κόσμου,
3612 5040 3685 5093 δι’
3728 5038 3802 5096 οὗ

2204 5129 2407 5198 κόσμος
2449 5130 2700 5197 ἐγένετο;
2748 5132 2861 5183 Οὐκ
2897 5130 3042 5182 ἐστιν
3088 5131 3283 5183 εἰπεῖν.
3332 5131 3520 5203 Ἀπῄει
3559 5131 3671 5202 γὰρ
3711 5138 3799 5190 εἰς

2202 5220 2513 5292 ἀφροσύνην
2540 5221 2848 5293 ἐπαρθέντα
2884 5221 3150 5293 φρονῆσαι
3182 5222 3360 5275 τοῦτο.

521 5326 761 5395 pressit:
796 5322 957 5392 cujus
1003 5318 1239 5387 denique
1284 5330 1450 5371 causa
1498 5313 1735 5368 mundus
1777 5322 1861 5368 est
1897 5313 2091 5367 factus.
2135 5310 2249 5366 Dici
2280 5313 2426 5368 istud
2460 5315 2686 5369 omnino
2716 5330 2825 5369 non
2855 5322 3056 5384 potest.
3094 5312 3350 5369 Proxime
3399 5314 3545 5369 enim
3587 5315 3656 5367 ad
3704 5315 3795 5369 in-

518 5422 728 5477 saniam
764 5418 1073 5482 accederet,
1099 5431 1137 5485 ει
1177 5414 1195 5467 i
1228 5414 1280 5468 id
1310 5428 1450 5467 vana
1478 5410 1737 5480 opinione
1766 5409 1987 5464 inﬂatus
2019 5409 2245 5465 auderet
2274 5426 2541 5466 asserere.

590 5577 606 5609 ¹
629 5577 765 5639 Gen.
808 5592 847 5640 I,
874 5574 966 5630 24.
1078 5574 1100 5604 ¹
1129 5570 1259 5628 ibid.
1298 5570 1385 5626 M.
1481 5567 1658 5624 ‘ibid.
1683 5566 1773 5621 26.

519 5648 539 5682 ‘
572 5647 632 5703 Ρ.
668 5648 977 5715 φυλάσσων.

588 5762 699 5835 (54)
740 5763 981 5835 "ligato?
1001 5756 1725 5835 sulsiaqcuapooérafsr.
1749 5753 1972 5835 _Piinius_
1994 5755 2087 5835 lib.

519 5826 608 5894 ετξ
639 5826 762 5899 cap,
805 5831 993 5901 47,118
1024 5826 1178 5888 oleo:
1223 5826 1579 5883 Existimetur
1626 5837 1675 5881 et
1707 5827 1879 5881 oleum
1920 5826 2088 5881 vindi-

1894 5564 1914 5596 ‘
1937 5562 2071 5621 Gen.
2106 5579 2169 5632 tl,
2204 5566 2255 5620 7.

2367 5530 2635 5625 “ibidem.
2745 5570 2766 5600 ⁸
2796 5569 2931 5625 Gen.
2971 5586 3008 5636 I,
3035 5568 3105 5623 27
3198 5567 3219 5599 ⁷
3252 5568 3381 5625 Cor.
3443 5567 3771 5639 ὲψυχεῖσθαι

2199 5754 2367 5807 cando
2394 5770 2427 5806 α
2457 5754 2599 5807 carie
2634 5753 2764 5806 utile
2800 5769 2932 5807 esse.
2990 5750 3141 5807 Certe
3168 5757 3517 5809 simu'acrum
3556 5748 3783 5805 Saturn;

2195 5824 2374 5878 Roma:
2403 5826 2543 5879 intus
2578 5824 2689 5879 oleo
2730 5824 2981 5893 repletum
3008 5834 3105 5878 est.
