4082 6394
321 489 457 548 HO!

971 487 1341 539 ADVEKSUS
1378 486 1724 539 HASRESES
1761 486 1887 538 LIB.

2041 484 2207 541 ΤΟΜ.
2248 487 2288 540 1.
2330 508 2401 527 -νυ
2436 485 2710 541 ΙΙᾸΕΒΕΞ.
2753 486 2935 544 LXIV.

3444 488 3584 548 MOI

390 611 493 666 18'.
539 608 679 663 Ἀλλ’
715 607 846 672 ἴσως
872 606 948 680 μὴ
984 608 1380 677 ἐπιστήσαντες
1412 607 1639 672 ἑαυτοὺς
1673 610 1810 681 πρὸς
1834 610 1902 664 τὰ

2074 608 2217 666 XIX.
2259 610 2365 665 Sed
2394 626 2514 681 qure
2540 610 2805 667 hactenus
2836 610 3115 683 proposita
3149 617 3299 675 sunt,
3330 624 3365 666 ο
3393 611 3590 683 Aglao-

316 702 590 777 λεχθέντα,
619 696 664 756 ὦ
707 700 1042 771 Ἀγλαοφῶν,
1072 699 1254 766 λέξετε
1275 716 1287 729 ·
1317 700 1428 753 Καὶ
1460 700 1597 766 πῶς,
1628 702 1678 754 εἰ
1711 700 1912 756 ἀθάνα-

316 814 410 850 τον
441 792 510 867 ἦν
542 797 607 848 ὲκ
652 792 920 863 γενέσεως
957 792 1080 845 καθ’
1112 792 1258 863 ὑμᾶς
1298 791 1362 844 τὸ
1407 790 1565 859 ζῶον,
1618 794 1910 864 γεγένηται

319 889 536 961 θνητὸν,
591 887 752 942 ὁπότε
787 885 848 939 τὸ
894 885 1163 940 ἀθάνατον
1204 886 1638 957 ἁμεταστρὸφως
1689 886 1849 940 τοῦτο
1882 887 1912 940 ὅ

318 981 469 1033 ἐστιν
520 972 660 1031 εἶναι
703 975 828 1049 χρὴ,
872 975 945 1047 μὴ
996 975 1357 1046 μεταπίπτον,
1402 974 1436 1045 ἢ
1489 975 1909 1047 ἐξανιστάμενον

318 1073 400 1134 εἰς
435 1069 531 1142 τὴν
571 1066 815 1138 αἰσχίονα
850 1067 943 1120 καὶ
968 1065 1167 1138 θνητὴν
1196 1064 1394 1135 φύσιν;
1441 1064 1745 1136 Ἀμήχανον
1777 1065 1907 1137 γὰρ,

319 1161 444 1215 ἐπεὶ
487 1160 588 1214 οὐκ
627 1158 774 1212 ἔστιν
817 1159 1102 1213 ἀθάνατον.
1150 1156 1393 1228 Ἐπειδὴ,
1423 1155 1583 1221 λέξω,
1616 1158 1909 1227 γενόμενον

318 1253 664 1319 αὐτεξούσιον
695 1251 833 1323 πρὸς
869 1252 970 1323 τὴν
999 1250 1209 1322 αἵρεσιν
1250 1248 1344 1302 τοῦ
1371 1247 1563 1315 καλοῦ,
1589 1249 1683 1303 καὶ
1721 1249 1909 1305 τοῦτον

317 1347 409 1401 τὸν
437 1345 636 1417 θεσμὸν
684 1343 922 1416 εἰληφὼς
953 1336 1007 1396 δ’
1031 1341 1322 1414 μισόκαλος
1365 1341 1596 1405 ἐπιστὰς
1639 1341 1909 1397 ἐϐάσκανε

319 1438 529 1508 φθόνος.
549 1438 607 1490 Ὀ
631 1434 740 1507 γὰρ
761 1434 895 1499 Θεὸς
918 1434 1097 1487 ἔκτισε
1128 1434 1219 1487 τὸν
1249 1434 1533 1507 ἄνθρωπον
1560 1433 1654 1488 ἐπὶ
1697 1433 1910 1505 ἀφθαρο

322 1529 432 1602 σία,
468 1529 563 1582 καὶ
590 1527 897 1597 εἰκόνα’τῆς
927 1526 1060 1589 ἰδίας
1105 1526 1406 1597 ἁϊδιότητος
1443 1525 1694 1597 εποίησεν
1724 1526 1905 1578 αὐτόν.

319 1622 429 1675 Kal
461 1621 571 1690 γὰρ
598 1622 629 1673 ό
658 1619 801 1684 Θεὸς
826 1615 1086 1671 θάνατον
1115 1619 1225 1671 οὐκ
1257 1617 1569 1685 ἐποίησεν,
1600 1615 1744 1671 οὐδὲ
1782 1616 1911 1683 τέρ-

319 1731 491 1769 πεται
527 1714 618 1767 ἐπ’
665 1712 932 1779 ἀπωλείᾳ
978 1710 1223 1772 ζώντων.
1274 1711 1477 1778 Φθόνφ
1515 1711 1583 1764 δὲ
1623 1711 1909 1765 διαϐόλου

320 1803 574 1867 θάνατος
601 1801 891 1868 εἰσῆλθεν
913 1802 999 1867 εὶς
1030 1801 1139 1853 τὸν
1169 1801 1405 1871 κόσμον
1424 1818 1437 1831 ·
1471 1800 1724 1873 καθάπερ
1757 1802 1848 1855 καὶ
1875 1803 1908 1873 ἠ

322 1896 489 1967 Σοφία
517 1896 838 1967 Σαλομῶνος
864 1895 978 1966 (55)
1018 1898 1299 1966 μαρτυρεῖ.
1338 1896 1448 1949 Καὶ
1480 1895 1647 1950 πόθεν
1676 1898 1705 1949 6
1743 1895 1906 1949 θάνα-

321 2006 429 2053 τος.
473 1989 630 2053 πάλιν
662 1988 726 2060 δὴ
752 1987 1005 2057 λέγεσθαι
1029 1988 1265 2060 ἀνάγκη,
1290 1989 1339 2041 εἰ
1363 1988 1437 2059 μὴ
1471 1988 1699 2043 θάνατον
1724 1989 1908 2059 εποίη-

323 2098 413 2135 σεν
438 2084 465 2132 6
500 2078 653 2144 Θεὸς,
672 2082 719 2133 εἰ
750 2078 858 2132 ἀπὸ
884 2079 977 2132 τοῦ
1011 2078 1229 2148 φθόνου,
1254 2080 1348 2133 καὶ
1374 2080 1492 2143 πῶς
1529 2082 1557 2133 6
1588 2079 1782 2150 φθόνος
1809 2080 1909 2148 τῆς

323 2172 626 2244 βουλήσεως
656 2172 853 2243 μᾶλλον
880 2174 1069 2242 ἴσχυσε
1105 2172 1199 2225 τοῦ
1224 2172 1380 2226 Θεοῦ.
1398 2172 1559 2226 Ἀλλὰ
1599 2171 1757 2225 τοῦτο
1781 2171 1910 2224 δύσ-

323 2281 502 2334 φημον
538 2261 801 2334 λέξωμεν.
865 2262 1035 2317 Πόθεν
1065 2264 1094 2316 ὁ
1122 2263 1350 2333 φθόνος;
1385 2265 1413 2316 ὁ
1438 2262 1733 2331 ἀντιλέγων
1770 2262 1908 2332 ἐρεῖ.

325 2357 384 2409 Εἰ
408 2356 517 2427 γὰρ
540 2354 647 2409 ἀπὸ
676 2354 769 2408 τοῦ
789 2354 1059 2422 διαὸόλου,
1085 2357 1178 2409 καὶ
1203 2354 1291 2408 διὰ
1315 2354 1368 2408 τί
1398 2353 1642 2418 διάϐολος
1670 2352 1909 2423 ἐγένετο,

323 2454 369 2504 εἰ
403 2450 620 2519 ἐγένετο
641 2465 656 2514 ;

2012 700 2179 769 phon,
2212 701 2395 756 minus
2425 710 2634 755 attento
2682 699 2915 755 forsitan
2946 700 3131 755 animo
3172 699 3593 757 considerantes

2009 792 2247 860 objicere
2275 792 2381 847 ista
2414 791 2667 861 poteritis
2701 810 2714 846 :
2739 792 3134 856 Si_immortale
3164 792 3233 847 ab
3261 792 3469 864 origine
3490 807 3592 848 sua

2010 884 2214 938 animal
2263 884 2398 939 illud
2450 884 2746 947 exstiterit,
2775 884 2869 954 qui
2915 884 3135 938 tandem
3185 884 3414 941 mortale
3466 900 3593 942 esse

2009 974 2221 1044 potuit;
2257 990 2382 1029 cum
2416 973 2684 1045 quidquid
2718 982 2803 1030 est
2836 973 3165 1040 immortale,
3202 975 3306 1030 hoc
3335 976 3480 1047 quod
3507 985 3595 1033 est

2009 1068 2189 1137 ipsum
2238 1074 2505 1137 perpetuo
2537 1083 2660 1123 esse
2690 1066 2904 1130 debeat,
2942 1083 3043 1124 nec
3078 1068 3133 1123 in
3164 1068 3412 1126 viliorem
3442 1084 3593 1124 mor-

2011 1162 2283 1231 talemque
2309 1169 2561 1215 naturam
2588 1160 2972 1232 degenerando
2995 1161 3452 1234 transeat?5ﬁ,3
3482 1161 3594 1218 Hoc

2009 1253 2156 1307 enim
2207 1251 2324 1307 fleri
2370 1253 2581 1322 nequit,
2625 1252 2830 1323 alioqui
2885 1254 3194 1309 immortale
3245 1270 3353 1307 non
3406 1254 3591 1308 fuerit.

2011 1342 2118 1397 Sed
2148 1357 2249 1413 ego
2276 1342 2375 1397 tibi
2408 1358 2631 1398 causam
2663 1344 2743 1398 rei
2786 1343 2950 1413 hujus
2986 1347 3249 1414 aperiam.
3274 1344 3410 1400 Cum
3444 1344 3591 1400 enim

2010 1434 2079 1489 ad
2111 1434 2240 1489 boni
2276 1436 2545 1491 delectum
2582 1436 2799 1490 arbitrii
2824 1436 3076 1492 libertate
3096 1444 3243 1492 esset
3265 1437 3590 1502 instructus,

2009 1541 2074 1581 ac
2122 1527 2294 1597 legem
2338 1527 2489 1581 illam
2534 1527 2859 1597 accepisset,
2896 1529 3135 1597 pessima
3166 1544 3291 1583 eum
3334 1544 3591 1600 superve-

2011 1618 2168 1673 niens
2214 1617 2563 1673 labefactavit
2615 1619 2840 1674 invidia.
2879 1620 3159 1690 Siquidem
3212 1620 3357 1677 Deus
3393 1637 3589 1677 corru-

2012 1710 2200 1779 ptione
2226 1720 2506 1765 carentem
2535 1712 2813 1767 hominem
2842 1714 3071 1777 creavit,
3099 1722 3154 1769 et
3180 1715 3247 1769 ad
3271 1715 3595 1770 :eternitatis

2011 1817 2125 1856 sua:
2165 1801 2424 1871 produxit
2456 1803 2783 1874 imaginem:
2813 1803 2953 1859 Deus
2976 1807 3112 1859 enim
3146 1816 3364 1861 mortem
3395 1823 3497 1860 non
3514 1808 3590 1876 fe-

2011 1894 2105 1955 cit,
2135 1909 2227 1947 nec
2257 1893 2550 1947 delectatur
2598 1896 2652 1947 in
2695 1896 2988 1962 perditione
3037 1898 3336 1951 viventium.
3382 1897 3593 1953 Invidia
3706 1926 3725 1941 ο

2008 1998 2124 2036 vero
2156 1982 2358 2036 diaboli
2390 2000 2532 2038 mors
2564 1986 2779 2039 intravit
2815 1986 2871 2039 in
2899 1986 3177 2053 mundum,
3213 1996 3270 2041 ut
3308 2004 3406 2058 per
3439 1988 3593 2044 Salo-

2006 2092 2221 2131 monem
2255 2076 2530 2147 Sapientia
2555 2082 2843 2134 testatur’.
2882 2078 2986 2134 Sed
3018 2080 3285 2137 undenam
3315 2098 3464 2139 mors
3486 2098 3583 2138 ex-

2006 2169 2210 2223 Stiterit
2258 2169 2612 2237 repetendum
2662 2173 2976 2225 necessario
2998 2173 3181 2228 mobis
3226 2181 3332 2239 est,
3365 2178 3408 2229 si
3448 2174 3599 2245 Deus,

2006 2262 2154 2315 illam
2184 2275 2293 2315 non
2322 2260 2550 2325 fecerit;
2583 2278 2708 2315 nam
2738 2263 2784 2317 si
2818 2264 2885 2317 ab
2913 2264 3114 2318 invidia
3166 2266 3465 2335 profectam
3507 2269 3593 2323 die

2008 2353 2175 2419 xeris,
2221 2352 2499 2423 quomodo
2549 2355 2769 2408 tandem
2823 2354 3023 2409 invidia
3074 2356 3257 2412 divina
3315 2361 3592 2416 voluntate

2011 2447 2132 2516 plus
2172 2446 2379 2500 valuit?
2412 2446 2517 2499 Sed
2552 2447 2654 2500 hoc
2690 2448 2838 2502 dictu
2877 2448 3067 2503 infelix
3099 2450 3594 2523 detestandumque

324 2544 571 2596 dicamus
606 2558 620 2594 :
655 2537 927 2592 undenam
964 2537 1164 2592 invidia
1196 2537 1438 2608 profecta
1462 2538 1532 2592 sit
1560 2537 1906 2593 adversarius
1944 2537 2156 2608 quzerit.
2191 2534 2328 2592 Nam
2381 2537 2427 2592 si
2472 2552 2503 2591 a
2541 2537 2757 2593 diabolo
2787 2542 3143 2611 respondeas,
3202 2558 3303 2599 cur
3367 2547 3593 2601 omnino

324 2635 575 2694 diabolus
594 2634 832 2696 exstitit,
860 2631 903 2685 si
930 2633 1226 2701 productus
1253 2641 1337 2687 est
1366 2633 1695 2702 aliquando?

387 2726 434 2776 K
447 2730 477 2779 '.
494 2727 601 2779 Καὶ
623 2728 651 2779 6
668 2727 903 2797 ποιήσας
920 2724 1084 2778 αὐτόν
1097 2726 1243 2778 ἐστιν
1261 2724 1431 2788 αἴτιος
1445 2723 1540 2778 τοῦ
1560 2721 1699 2780 εἶναι
1716 2725 1906 2779 κακόν.

2078 2714 2198 2774 XX.
2221 2717 2300 2772 Ac
2321 2716 2568 2788 profecto
2586 2718 2679 2788 qui
2699 2719 2847 2773 illum
2863 2722 3112 2777 condidit
3130 2734 3325 2797 auctor
3344 2732 3472 2785 mali
3500 2733 3594 2790 de-

335 2817 495 2871 Ἀλλά
525 2816 765 2880 ἀναίτιος
792 2818 970 2888 πάντη
1005 2817 1192 2871 κακῶν
1225 2820 1372 2870 ἐστιν
1395 2820 1422 2871 ὁ
1450 2818 1582 2881 Θεός
1600 2834 1614 2848 ·
1647 2818 1911 2887 ἀγένητος

2013 2809 2099 2863 bet
2130 2809 2319 2863 videri.
2349 2810 2514 2879 Atqui
2543 2813 2810 2865 malorum
2843 2827 3008 2868 causa
3038 2814 3182 2872 Deus
3206 2834 3327 2875 esse
3356 2838 3463 2877 non
3491 2841 3590 2896 po-

328 2911 436 2982 ἄρα
472 2912 499 2963 ὁ
524 2910 784 2974 διάϐολος.
817 2911 929 2964 Καὶ
978 2911 1024 2962 εὶ
1070 2909 1350 2980 ἀγένητος,
1388 2911 1481 2964 καὶ
1535 2909 1771 2982 ἀπαθὴς,
1818 2910 1911 2963 καὶ

2013 2909 2148 2956 test:
2184 2915 2358 2971 quare
2377 2902 2444 2954 ab
2470 2901 2624 2955 nullo
2645 2902 2943 2971 productus
2963 2914 3048 2960 est
3072 2906 3341 2965 diabolus.
3362 2911 3516 2978 Quod
3546 2916 3594 2971 si

327 3001 650 3074 ἀνώλεθρος,
676 3003 771 3057 καὶ
802 3002 1075 3074 ἀνενδεὴς.
1108 3002 1199 3074 Τῷ
1220 3004 1329 3075 γάρ
1367 3004 1617 3074 ἀγενήτῳ
1649 3002 1708 3067 ἐξ
1746 3002 1911 3070 ἀνάγ-

2013 2993 2088 3047 ita
2118 3002 2223 3058 est,
2250 3009 2426 3062 neque
2461 2994 2573 3063 pati
2603 2993 2901 3063 quidquam
2932 3007 3134 3066 potest,
3163 3010 3217 3055 et
3238 3004 3590 3075 exitii‘penu-

330 3110 431 3163 κης
474 3093 689 3164 ἁπάσης
739 3092 911 3146 ταῦτα
960 3094 1225 3167 ὑπάρχειν
1270 3094 1399 3165 χρή.
1455 3094 1513 3146 'U
1561 3094 1616 3147 δὲ
1664 3092 1909 3156 διάϐολος

2016 3084 2219 3153 riteque
2243 3092 2326 3138 est
2345 3084 2522 3138 omnis
2540 3099 2757 3153 expers.
2776 3084 2909 3139 Nam
2929 3088 3071 3157 quod
3090 3106 3368 3162 nunquam
3387 3097 3594 3165 produ-

329 3187 702 3256 καταργεῖται,
736 3186 830 3238 καὶ
872 3185 1181 3247 κολάζεται.
1216 3185 1288 3237 Τὸ
1321 3185 1378 3238 δὲ
1408 3185 1770 3256 κολαζόμενον
1800 3186 1908 3255 ἄρα

2015 3183 2163 3228 ctum
2219 3184 2325 3242 est,
2372 3176 2500 3229 huic
2547 3175 2729 3229 inesse
2768 3176 2884 3230 hinc
2923 3180 3104 3234 omnia
3147 3196 3499 3244 neceSSeest.
3525 3190 3595 3245 Αι

328 3276 650 3339 ἀλλοιοῦται,
704 3277 799 3330 καὶ
856 3275 1075 3345 πάσχει.
1116 3275 1349 3339 Ἀπαθὲς
1401 3276 1459 3329 δὲ
1511 3276 1571 3328 τὸ
1615 3276 1907 3346 ἀγένητονο

2017 3266 2217 3320 diaboli
2249 3275 2480 3321 conatus
2512 3268 2565 3320 in
2598 3267 2828 3321 nihilum
2876 3271 3159 3339 redigitur,
3202 3276 3451 3350 idemque
3496 3299 3595 3353 pu-

327 3371 426 3424 οὐκ
476 3369 583 3443 ἄρα
611 3370 894 3440 ἀγένητος,
942 3367 1079 3421 ἀλλὰ
1121 3368 1346 3438 γενητὸς
1388 3370 1417 3421 6
1447 3367 1728 3431 διάϐολος·
1757 3370 1805 3420 εἰ
1852 3369 1909 3420 δὲ

331 3464 571 3535 γενητὸς,
605 3464 699 3516 καὶ
741 3465 849 3516 πᾶν
887 3462 949 3515 τὸ
979 3462 1343 3533 γεγενημένον
1390 3461 1498 3515 ἀπό
1543 3478 1688 3524 τινος
1740 3462 1915 3532 ἀρχῆς

327 3556 564 3624 ἐγένετο,
596 3555 689 3608 καὶ
727 3554 875 3608 ἔστιν
906 3553 1071 3607 αὐτοῦ
1110 3552 1444 3624 δημιουργὸς
1486 3552 1581 3605 καὶ
1612 3551 1706 3605 τοῦ
1734 3551 1915 3604 διαϐό-

328 3646 441 3699 λου.
476 3646 583 3698 Καὶ
615 3646 843 3716 πότερον
888 3644 1142 3706 κάκεῖνος
1174 3641 1435 3712 ἀγένητος
1479 3642 1648 3702 ἐστιν,
1689 3639 1722 3709 ἢ
1756 3656 1916 3711 γενη-

327 3741 454 3806 τός;
496 3738 658 3792 Ἀλλὰ
689 3739 752 3791 τὸ
777 3736 1041 3807 ἀγένητον
1064 3732 1201 3788 εἶναι
1237 3735 1396 3805 μόνον
1429 3732 1670 3785 νοεῖσθαι
1691 3734 1797 3805 χρὴ
1824 3733 1914 3785 τὸν

326 3831 488 3885 Θεόνο
521 3830 642 3883 οὐδὲ
666 3829 774 3900 γὰρ
809 3826 946 3883 εἶναι
978 3829 1040 3881 τὸ
1067 3826 1283 3881 σύνολον
1316 3826 1426 3897 (56)
1453 3825 1589 3887 ὅλως
1619 3826 1684 3877 ἐκ
1713 3824 1915 3887 παντὸς

328 3923 408 3984 εἰς
435 3920 497 3974 τὸ
521 3920 781 3990 παράπαν
801 3918 987 3988 ἔτερος
1014 3916 1342 3987 δημιουργὸς
1368 3915 1507 3987 πλὴν
1532 3913 1699 3967 αὑτοῦ
1722 3931 1735 3945 ο
1769 3913 1916 3982 Ἐγὼ

328 4010 581 4081 πρῶτος,
622 4009 721 4063 καὶ
741 4008 857 4076 ἐγὼ
882 4008 1033 4076 μετὰ
1060 4007 1267 4069 ταῦτα,
1304 4006 1402 4058 καὶ
1434 4004 1602 4071 πλὴν
1633 4004 1779 4072 ἐμοῦ
1808 4003 1917 4057 ἅλ-

328 4107 440 4169 λος
467 4103 579 4156 οὐκ
615 4100 750 4154 ἔστι
780 4098 945 4163 Θεός.
987 4097 1122 4150 Οὐδὲ
1155 4096 1654 4167 μετασκευάζεσθαι
1687 4095 1767 4147 δεῖ
1789 4113 1840 4147 τι
1874 4096 1912 4157 ¹,

328 4196 362 4267 ἢ
385 4194 663 4259 κτίζεσθαι
687 4190 838 4263 παρὰ
854 4188 954 4261 τὴν
974 4188 1137 4242 αὐτοῦ
1157 4188 1379 4241 δύναται
1396 4186 1613 4259 βουλήν.
1632 4186 1743 4239 Καὶ
1764 4186 1869 4256 γὰρ
1888 4188 1916 4239 6

329 4288 457 4351 Υἱὸς
484 4286 639 4339 οὐδὲν
664 4284 757 4353 ἀφ’
784 4280 978 4336 ἑαυτοῦ
1013 4279 1273 4335 δύνασθαι
1304 4281 1477 4332 ποιεῖν
1510 4278 1781 4348 ὁμολογεῖ,
1809 4278 1917 4331 ἐὰν

327 4378 409 4450 μὴ
430 4377 636 4447 βλέπῃ
665 4376 772 4430 τὸν
783 4374 1014 4441 Πατέρα
1035 4372 1344 4426 ποιοῦντα.
1370 4373 1440 4423 Ἃ
1462 4370 1574 4440 γὰρ
1600 4368 1697 4433 ἂν,
1728 4368 1912 4440 φησὶν,

329 4474 364 4526 ό
388 4469 591 4538 Πατὴρ
621 4466 785 4536 ποιῇ,
833 4466 1023 4519 ταῦτα
1052 4463 1152 4517 καὶ
1188 4466 1221 4517 ὁ
1255 4464 1297 4515 Υ
1296 4461 1385 4528 ἰὸς
1413 4461 1589 4516 ποιεῖ.
1639 4461 1774 4514 Οὐδὲ
1811 4461 1916 4531 μήν

327 4581 382 4618 τι
412 4562 689 4633 πολέμιον,
739 4559 773 4632 ἣ
808 4556 1115 4622 ἀντιδοξοῦν
1165 4555 1402 4626 αὑτῷ,ἢ
1447 4553 1691 4608 ἀντίθεόν
1735 4555 1910 4607 ἐστιν·

329 4656 474 4723 ἐπεὶ,
502 4654 608 4709 κᾶν
642 4654 690 4707 ει
716 4650 1062 4722 ἀντέπρασσέ
1080 4667 1131 4702 τι
1156 4649 1233 4720 τῷ
1263 4648 1402 4718 Θεῷ,
1427 4645 1703 4700 ἐπαύσατο
1730 4647 1796 4700 ἂν
1816 4645 1911 4699 τοῦ

2018 3360 2188 3412 nitur.
2231 3358 2386 3424 Quod
2446 3368 2625 3414 autem
2676 3360 2920 3429 punitur,
2970 3374 3214 3422 mutatur
3254 3386 3318 3425 ac
3368 3375 3593 3442 patitur.

2014 3451 2178 3520 Atqui
2215 3453 2324 3521 pati
2356 3452 2487 3504 nihil
2516 3458 2697 3520 potest
2726 3454 2869 3522 quod
2897 3458 3254 3524 productione
3281 3473 3451 3519 caret.
3471 3466 3594 3523 Non

2018 3542 2179 3611 igitur
2212 3541 2593 3612 productionis
2621 3561 2851 3617 expers;
2885 3547 2978 3602 sed
3010 3552 3310 3618 productus
3340 3556 3595 3627 aliquan-

2015 3635 2085 3687 do
2119 3634 2389 3689 diubolus.
2427 3634 2547 3689 Jam
2576 3652 2708 3693 vero
2736 3654 2859 3693 cum
2888 3649 2940 3694 et
2970 3642 3269 3710 productus
3296 3648 3387 3704 ille
3420 3651 3511 3714 sit,
3540 3663 3596 3708 et

2017 3728 2282 3797 quidquid
2314 3729 2642 3797 productum
2664 3738 2769 3795 est,
2804 3732 2873 3786 ab
2928 3734 3109 3805 aliquo
3160 3738 3429 3811 principio
3464 3759 3593 3812 pro-

2016 3822 2238 3875 ductum
2272 3823 2368 3883 sit,
2404 3838 2748 3893 consequens
2770 3833 2854 3880 est
2875 3826 3110 3895 aliquem
3142 3844 3347 3896 esse,.a
3377 3850 3486 3904 quo
3522 3840 3596 3892 sit

2018 3925 2338 3985 procreatus
2368 3915 2637 3971 diabolus.
2671 3916 2994 3971 Utrumnam
3027 3920 3195 3989 igitur
3244 3925 3408 3979 etiam
3462 3943 3592 3997 pro-

2015 4005 2215 4059 ductus
2245 4005 2335 4058 ille
2358 4004 2481 4069 fuit,
2505 4019 2573 4059 an
2602 4006 2831 4076 produci
2863 4024 2969 4062 non
3000 4012 3213 4080 potuit?
3238 4030 3422 4070 verum
3448 4021 3592 4088 quod

2017 4094 2396 4164 productionis
2426 4103 2511 4148 est
2541 4111 2759 4165 expers,
2785 4112 2885 4166 par
2915 4106 2998 4153 est
3024 4116 3191 4155 unum
3220 4102 3484 4162 duntaxat
3512 4111 3596 4163 in-

2016 4186 2185 4255 telligi
2219 4184 2408 4238 Deum.
2444 4183 2630 4254 Neque
2662 4187 2805 4241 enim
2841 4189 2983 4244 ullus
3014 4205 3136 4246 esse
3164 4204 3344 4262 potest
3369 4202 3594 4255 omnino

2016 4284 2215 4346 praeter
2253 4276 2405 4330 illum
2451 4277 2628 4347 ipsum
2671 4277 2872 4348 opifex.
2912 4279 3026 4351 Ego
3052 4285 3279 4352 primus,
3312 4288 3510 4360 inquit,
3542 4304 3593 4349 et

2015 4385 2108 4439 ego
2148 4369 2483 4432 novissimus,
2517 4380 2565 4423 et
2598 4378 2791 4438 praeter
2835 4388 2915 4426 me
2953 4390 3058 4427 non
3105 4386 3184 4430 est
3224 4380 3362 4434 alius
3393 4381 3591 4439 Deus'.

2018 4459 2126 4514 Sed
2163 4476 2339 4531 neque
2365 4461 2692 4516 commutari
2723 4463 3001 4534 quidpiam
3031 4482 3094 4522 ac
3127 4478 3322 4538 praeter
3353 4476 3471 4543 ejus
3505 4494 3592 4531 vo-

2016 4551 2281 4607 luntatem
2322 4553 2600 4621 procreari
2653 4563 2852 4624 potest.
2887 4556 3096 4612 Etenim
3124 4559 3293 4619 Filius
3314 4566 3449 4619 nihil
3500 4586 3593 4637 per

2018 4659 2141 4699 sese
2168 4642 2348 4699 facere
2375 4659 2537 4714 posse
2565 4648 2875 4715 confitetur,
2903 4650 3008 4704 nisi
3053 4653 3106 4705 id
3140 4652 3357 4710 Patrem
3390 4659 3582 4727 facien-

330 4743 491 4815 εἶναι,
525 4746 778 4817 λυθείσης
800 4741 965 4797 αὑτοῦ
994 4744 1061 4812 τῇ
1094 4740 1189 4794 τοῦ
1219 4739 1352 4793 Θεοῦ
1379 4739 1602 4810 δυνάμει
1633 4738 1727 4791 καὶ
1769 4737 1911 4806 ἰσχύϊ

2021 4744 2121 4790 tem
2155 4735 2364 4789 viderit.
2396 4736 2529 4801 Quae
2571 4737 2732 4800 enim,
2767 4738 2964 4809 inquit,
3011 4741 3171 4797 Pater
3204 4745 3352 4813 facit,
3391 4749 3502 4804 haec
3544 4762 3592 4805 et

330 4842 427 4912 τῆς
456 4839 784 4900 συστάσεως.
811 4835 901 4906 Τῷ
928 4834 1038 4905 γὰρ
1059 4834 1340 4904 ποιήσαντι
1363 4830 1521 4884 λῦσαι
1548 4830 1694 4902 μόνῳ
1723 4830 1817 4883 καὶ
1844 4829 1912 4881 τὰ

330 4933 573 4986 ἀθάνατα
600 4928 844 4982 δυνατόν.

2019 4824 2199 4879 Filius
2230 4824 2418 4895 facit".
2457 4824 2642 4896 Neque
2683 4844 2812 4883 vero
2864 4830 3143 4887 inimicum
3189 4837 3467 4906 quiddam,
3500 4852 3591 4898 aut

2020 4932 2330 4988 repugnans
2368 4933 2433 4972 ac
2464 4916 2574 4972 Deo
2618 4923 2956 4975 contrarium
3012 4934 3135 4980 est:
3167 4929 3212 4982 si
3266 4932 3392 5000 quid
3444 4936 3591 4990 enim

331 5030 499 5086 esset,
529 5020 675 5091 quod
704 5018 814 5074 Deo
843 5016 1146 5079 resisteret,
1177 5028 1299 5071 esse
1344 5014 1569 5067 omnino
1612 5011 1909 5073 desineret,
1950 5024 2015 5063 eo
2046 5009 2193 5080 quod
2227 5009 2410 5063 divina
2436 5011 2639 5063 virtute
2668 5025 2733 5065 ac
2766 5013 2963 5069 robore
3030 5018 3210 5074 omnis
3268 5021 3414 5078 illius
3457 5034 3590 5080 con-

331 5112 547 5166 ειίιυιῖο
589 5110 999 5165 dissolveretur.
1032 5106 1246 5176 Quippe
1278 5103 1429 5160 solus
1460 5104 1550 5159 ille
1584 5104 1667 5158 vel
1695 5117 1759 5158 ea
1789 5118 1912 5172 qua:
1954 5111 2082 5157 sunt
2112 5101 2439 5154 immortalia
2474 5102 2775 5157 dissolvere
2804 5112 3001 5174 potest,
3032 5109 3126 5177 qui
3154 5112 3418 5168 condidit.

404 5204 532 5258 KA'.
570 5202 635 5255 Τί
668 5199 759 5254 οὖν
791 5203 820 5254 6
847 5200 1091 5263 διάϐολος
1126 5198 1371 5263 λέξεται;
1403 5195 1625 5266 Πνεῦμα
1663 5196 1790 5267 περὶ
1815 5193 1913 5265 τὴν

332 5294 463 5368 ὓλην
493 5295 635 5366 ἔχον,
663 5292 914 5363 καθάπερ
942 5290 1157 5362 ἐλέχθη,
1196 5284 1242 5342 ὦ
1280 5287 1617 5359 Ἀθηναγόρα
1652 5288 1787 5359 (57),
1815 5303 1910 5355 γε-

2093 5191 2257 5264 544
2290 5190 2436 5246 XXI.
2478 5194 2746 5257 Quidnam
2782 5196 2948 5267 igitur
2970 5200 3186 5255 tandem
3211 5201 3485 5261 diabolum
3508 5222 3589 5266 es-

2020 5302 2079 5341 se
2110 5285 2396 5340 dicemus?
2427 5283 2689 5356 Spiritum
2720 5288 2990 5357 videlicet,
3012 5291 3105 5362 qui
3136 5292 3283 5349 circa
3312 5299 3591 5355 materiam

402 5450 579 5537 '\Cor.
639 5448 701 5520 δή
731 5464 803 5501 τι.
882 5448 903 5478 ³
941 5446 1068 5517 Sap.
1098 5462 1138 5512 ι,
1166 5446 1254 5499 15.
1332 5444 1352 5475 ³
1383 5442 1486 5501 lsa.
1522 5459 1666 5507 xmv,
1699 5441 1752 5496 6.
1825 5439 2099 5506 ‘Joan.v,
2132 5440 2218 5497 l9.

403 5603 516 5674 (35)
566 5602 845 5676 Καθάπερ
894 5602 993 5676 καὶ
1020 5603 1078 5676 Δἡ
1133 5599 1321 5676 Σοφίᾳ
1368 5595 1791 5676 Σα.λομῶγος.“
1806 5595 1911 5666 lgi-

2013 5594 2344 5676 Methodium
2362 5597 2669 5676 scripsisse
2697 5599 2774 5676 τῷ
2806 5601 3176 5676 μ’ᾼθηναγὸρᾳ.
3240 5606 3321 5663 Ex
3348 5608 3588 5669 Athena.

334 5664 425 5746 mi-
455 5664 748 5746 sapientja;
780 5664 917 5726 liber
942 5664 1230 5746 Salomoni
1247 5670 1317 5725 ab
1343 5664 1730 5739 antiquissimo
1752 5664 1912 5721 Patre
2011 5681 2178 5746 gorae,
2220 5667 2422 5746 inquit,
2469 5664 2756 5746 sententia
2786 5664 3040 5746 diabolus
3088 5664 3314 5746 spiritus
3337 5664 3589 5743 estfe’tﬁe.

336 5739 613 5797 tribuitur.
650 5742 787 5797 Vide
818 5750 873 5797 et
903 5758 1058 5796 num.
1090 5739 1180 5796 56.

2009 5736 2326 5824 Quodapud
2343 5736 2578 5824 "Paulum
2600 5738 2941 5824 Leopardum
3086 5736 3175 5801 xix
3208 5736 3587 5824 Emend.,cap.

329 5818 336 5832 '
384 5814 518 5888 ~(56)
551 5814 708 5888 Οὐδε
734 5813 845 5881 γὰρ
870 5809 1027 5888 εἶναι
1056 5810 1120 5888 τι)
1149 5812 1436 5888 σύνολον,
1476 5806 1911 5888 Ριιτιιιηιὶῃιεεει·

2013 5806 2043 5859 9
2093 5816 2301 5888 postea
2341 5807 2678 5888 reperimus;
2712 5806 2821 5879 'qui
2852 5821 2911 5888 et
2947 5816 3306 5888 Athenagoran
3332 5837 3396 5873 ex
3433 5806 3570 5877 Uror:

365 5877 428 5937 [te
451 5885 602 5938 lorus
624 5877 855 5937 videtur.
882 5880 986 5936 Sed
1014 5881 1525 5949 hltjusscntentiani
1548 5877 1905 5949 reddidimus.

408 5955 521 6021 (57)
550 5952 828 6021 Καθάπερ
865 5946 1107 6021 ἐλέχθη,
1147 5946 1195 6006 ὦ
1232 5952 1604 6019 Ἀθηναγόρα.
1650 5947 1911 6018 Suspicor

2007 5891 2101 5960 pro
2125 5876 2324 5960 Christ.
2358 5876 2839 5960 verba_cit.at,_quaa
2863 5876 3557 5960 hletliodiusvdescripserat
3572 5911 3587 5947 :

2022 5946 2295 6001 Ἐναντίον
2330 5947 2392 6000 τὸ
2420 5949 2549 6017 περὶ
2580 5950 2677 6022 τὴν
2706 5946 2838 6021 ὓλην
2868 5953 2989 6023 ἕχον
3031 5958 3267 6026 πνεῦμα,
3298 5946 3587 6025 γενόμενον
