4082 6394
521 382 652 438 1071

1935 392 1990 444 8.
2034 391 2372 447 EPIPIIANII

3626 402 3784 456 1072

516 511 624 550 non
664 495 989 566 permansit.
1023 495 1236 553 Etenim
1261 499 1333 554 ob
1365 500 1618 555 eximiam
1661 503 2009 557 sanctitatem
2041 520 2051 556 ε

2154 531 2168 566 ι
2197 507 2370 570 τέλος.
2398 507 2495 559 Διά
2526 507 2634 579 γὰρ
2661 509 2720 560 τὸ
2758 507 3090 578 ὲξοχώτατον
3115 510 3218 580 τῆς
3265 511 3546 583 ἁγιότητος
3595 515 3785 570 αὐτοῦ

512 583 900 650 eruditionem,
957 602 1228 641 summam
1269 597 1352 643 est
1389 590 1441 642 in
1466 591 1728 645 invidiam
1793 593 2084 657 adductus.

511 689 682 744 eaque
734 692 820 731 res
876 679 1227 747 magistratus
1280 697 1342 734 ae
1405 683 1686 752 pra-lectos
1742 674 2087 758 majorem'in

513 766 734 819 modum
770 767 938 819 acuit.
979 765 1117 821 Tum
1174 769 1304 823 illud
1362 787 1489 825 vero
1538 773 1741 827 diaboli
1793 775 2087 830 calliditate

513 856 882 926 improbitatis
927 861 1165 916 artifices
1210 864 1503 917 commenti
1545 873 1696 927 sunt,
1727 877 1784 920 ut
1821 867 1889 920 ad
1916 869 2087 937 turpi—

510 947 716 1000 tudinis
769 951 1150 1004 nccessitatem
1221 951 1498 1006 hominem
1557 955 1859 1025 adigerent,
1921 967 2083 1028 atque

510 1039 778 1108 ejusmodi
818 1056 1032 1111 poenam
1086 1051 1412 1112 statuerent,
1451 1054 1509 1099 ut
1565 1046 1631 1100 ad
1694 1049 1838 1104 illius
1864 1052 2083 1120 corpori

508 1139 759 1198 stuprum
798 1130 1137 1185 inferendum
1180 1131 1496 1202 IEthiopem
1548 1147 1950 1205 compararent.
2000 1138 2082 1192 Ad

506 1217 621 1272 hare
647 1218 908 1289 Origenes
942 1219 1348 1276 fraudulentum
1383 1224 1514 1278 illud
1546 1225 1750 1280 diaboli
1787 1229 2079 1283 consilium

506 1327 618 1366 non
655 1313 959 1376 sustinens,
1023 1329 1209 1367 vocem
1266 1315 1409 1368 illam
1459 1317 1649 1383 edidit,
1703 1335 1810 1387 qua
1867 1321 2080 1376 duobus

506 1406 616 1461 illis
649 1407 966 1476 propositis.
1010 1410 1323 1462 sacrilicare
1355 1412 1564 1465 maluit.
1615 1411 1934 1483 Quanquam
1969 1431 2076 1469 non

502 1500 726 1548 omnino
754 1507 945 1566 sponte
993 1498 1124 1551 illml
1157 1514 1255 1552 sua
1285 1502 1605 1570 prwstiliase
1633 1504 1796 1574 vulgo
1827 1504 2031 1559 dicitur
2059 1525 2072 1573 ;

501 1588 597 1644 sed
633 1591 723 1643 ubi
751 1591 916 1644 semel
953 1591 1053 1644 boc
1083 1607 1142 1646 se
1179 1608 1303 1648 esse
1341 1592 1609 1648 facturum
1658 1612 1920 1653 assensus
1970 1607 2072 1662 est,

499 1681 626 1735 thus
657 1683 710 1734 in
743 1698 960 1735 manum
996 1682 1142 1738 illius
1178 1683 1496 1754 impositum
1530 1683 1582 1739 in
1622 1688 1931 1757 subjectum
1967 1703 2075 1742 ara:

496 1776 675 1828 focum
711 1778 1023 1832 excussisse
1051 1779 1282 1846 gentiles
1315 1789 1588 1834 asserunt.
1627 1781 1740 1836 lloc
1773 1783 1934 1838 modo
1958 1792 2012 1841 et
2041 1799 2070 1838 a

2191 603 2284 656 καὶ
2312 603 2410 672 τῆς
2432 602 2785 674 προπαιδείας
2805 603 2897 656 ἐπὶ
2927 603 3176 657 πλεῖστον
3201 604 3392 673 φθόνον
3415 605 3746 678 διεϐέϐλητο
3766 626 3782 639 ·

2190 696 2284 747 καὶ
2319 695 2517 764 μᾶλλον
2550 694 2710 749 τοῦτο
2754 694 3041 766 παρώξυνε
3077 697 3203 759 τοὺς
3245 697 3384 750 κατὰ
3424 698 3613 771 καιρὸν
3641 701 3781 753 τότε

2187 787 2284 858 τὴν
2306 786 2719 857 ὲξουσιαστικὴν
2749 787 2924 858 ἀρχὴν
2949 787 3254 852 διέποντας.
3281 791 3684 862 Κακομηχανίᾳ
3713 793 3781 845 δὲ

2185 877 2465 948 διαδολικῇ
2506 877 2808 946 ἐπενόησαν
2837 879 2885 931 οἱ
2927 879 3027 948 τῆς
3053 879 3252 942 κακίας
3285 881 3511 952 ἐργάται
3535 883 3772 952 αἰσχρό-

2185 986 2323 1038 τητα
2352 968 2431 1039 τῷ
2489 969 2644 1040 ἀνδρὶ
2681 969 2969 1040 ἐπινοῆσαι
2991 1011 3004 1032 ,
3065 972 3160 1024 καὶ
3192 973 3460 1043 τιμωρίαν
3503 975 3779 1046 τοιαύτην

2183 1060 2379 1131 ὁρίσαι,
2413 1063 2492 1124 εἰς
2530 1063 2876 1132 παράχρησιν
2917 1062 2980 1133 δὴ
3019 1063 3114 1116 τοῦ
3149 1063 3316 1117 αὑτοῦ
3362 1064 3631 1135 σώματος,
3662 1068 3777 1119 Δί-

2183 1151 2345 1204 θίοπα
2380 1151 2529 1222 αὐτῷ
2561 1153 2997 1224 παρασκευάσαι.
3037 1155 3096 1207 ’0
3117 1155 3196 1214 δὲ,
3227 1155 3301 1226 μὴ
3328 1156 3508 1228 φέρων
3535 1157 3633 1227 τὴν
3660 1159 3776 1227 τῆς

2181 1240 2493 1312 διαδολικῆς
2526 1242 2807 1313 ἐνεργείας
2854 1243 3131 1305 ἐπίνοιαν,
3172 1243 3367 1316 ἔρρηξε
3406 1245 3608 1316 φωνὴν,
3648 1247 3776 1301 τῶν

2182 1333 2507 1403 ἀμφοτέρων
2556 1333 2930 1403 προτεθέντων
2975 1334 3126 1405 αὐτῷ
3174 1334 3548 1405 πραγμάτων,
3593 1334 3773 1389 θῦσαι

2185 1421 2383 1491 μᾶλλον
2413 1423 2686 1492 ἑλόμενος.
2730 1423 2805 1475 Οὐ
2834 1423 2941 1492 μὴν
2966 1423 3023 1476 δὲ
3059 1423 3285 1494 ἑκουσίᾳ
3320 1423 3513 1497 γνώμῃ
3552 1425 3773 1495 μᾶλλον

2179 1509 2335 1564 τοῦτο
2355 1510 2693 1575 ἐπετέλεσεν,
2719 1511 2792 1575 ὠς
2817 1510 2982 1572 πολὺς
3004 1510 3187 1582 ᾅδεται
3213 1511 3396 1580 λόγος·
3429 1514 3540 1566 ἀλλ’
3562 1515 3770 1586 ἐπειδὴ

2177 1604 2317 1667 ὅλως
2375 1603 2798 1677 καθωμολόγησε
2857 1604 3016 1657 τοῦτο
3072 1605 3296 1676 πρᾶξαι,
3357 1605 3609 1675 βαλόντες
3659 1608 3771 1660 ἐπὶ

2177 1699 2334 1768 χεῖρα
2361 1695 2524 1749 αὑτοῦ
2559 1696 2797 1760 λίϐανον,
2822 1699 2900 1760 εἰς
2926 1697 3024 1767 τὴν
3057 1697 3152 1750 τοῦ
3187 1696 3372 1767 βωμοῦ
3407 1698 3584 1768 πυρὰν
3617 1699 3768 1752 καθ-

2177 1789 2336 1858 ἧκαν.
2373 1789 2484 1842 Καὶ
2513 1788 2685 1852 οὕτως
2715 1788 2809 1842 τοῦ
2839 1791 3137 1860 μαρτυρίου
3164 1789 3273 1842 ἀπὸ
3310 1789 3419 1842 τῶν
3447 1789 3763 1858 κρινάντων

495 1867 745 1938 martyrii
801 1867 969 1936 gloria
1022 1868 1402 1924 confessorum
1488 1880 1920 1944 martyrumque,
1974 1892 2045 1947 qu

2171 1880 2517 1950 όμολογητῶν
2555 1897 2616 1933 τε
2665 1881 2758 1933 καὶ
2813 1879 3102 1952 μαρτύρων
3144 1878 3426 1950 ἀπεϐλήθη
3467 1879 3586 1931 τότε
3607 1920 3624 1944 ,
3656 1882 3762 1934 καὶ

493 1958 644 2014 illius
675 1960 1011 2028 temporibus
1051 1971 1228 2027 erant,
1271 1961 1483 2030 judicio
1535 1961 1757 2030 excidit,
1791 1974 1846 2020 et
1873 1968 1942 2022 ab
1975 1967 2071 2022 Ec-

491 2049 656 2104 clesia
706 2048 954 2118 dejectus
996 2059 1098 2106 est.
1146 2051 1357 2106 Accidit
1408 2053 1513 2108 hoc
1557 2054 1932 2125 Alexandria};
1976 2059 2067 2112 ubi

494 2155 620 2193 cum
649 2141 1095 2211 exprobrantium
1129 2143 1362 2198 ludibria
1388 2143 1530 2200 ferre
1557 2160 1667 2201 non
1699 2149 2066 2216 posset,il|ine

492 2232 646 2298 abiit,
679 2242 732 2286 et
762 2234 814 2287 in
858 2232 1167 2299 Palaestina,
1202 2235 1316 2290 sive
1343 2234 1530 2292 Judaaa
1561 2237 1895 2295 domicilium
1936 2255 2067 2296 con-

492 2326 686 2380 stituit.
723 2324 883 2380 Forte
916 2328 1146 2396 contigit
1195 2337 1254 2382 ut
1288 2327 1722 2402 Hierosolymam
1760 2330 2063 2401 profectus,

493 2428 551 2472 ut
579 2427 695 2473 erat
739 2434 1020 2475 sacrarum
1073 2421 1376 2476 litterarum
1431 2423 1681 2493 egregius
1718 2425 2062 2481 eteruditis-

487 2513 661 2566 simus
692 2511 982 2582 interpres,
1019 2513 1086 2566 ab
1122 2515 1469 2570 sacerdotum
1534 2515 1764 2586 collegio
1808 2515 1956 2585 (nam
2012 2529 2065 2572 et

486 2603 602 2672 ipse
624 2645 640 2666 ,
679 2603 994 2673 priusquam
1040 2604 1394 2668 sacrificaret,
1420 2604 1486 2660 ad
1510 2605 1798 2660 sacerdotii
1832 2607 2060 2676 gradum

484 2697 796 2765 pervenisse
825 2695 1069 2766 dicitur),
1120 2696 1184 2750 ad
1229 2698 1391 2752 verba
1427 2698 1480 2751 in
1530 2698 1770 2753 Ecclesia
1807 2697 2057 2755 facienda

484 2787 891 2842 sollicitaretur.
950 2787 1196 2859 Cumque
1252 2789 1322 2844 ab
1371 2789 1459 2854 iis,
1496 2789 1573 2843 uti
1609 2788 1746 2854 dixi,
1779 2789 1873 2858 qui
1927 2800 2055 2845 tunc

483 2879 878 2940 sacerdotalem
911 2881 966 2934 in
995 2881 1238 2937 Ecclesia
1273 2881 1592 2952 dignitatem
1631 2882 1971 2946 obtinebant.
2001 2885 2054 2938 vi

485 2971 873 3040 propemodum
916 2973 982 3027 ad
1030 2973 1082 3027 id
1120 2973 1388 3043 agendum
1445 2974 1837 3044 impelleretur,
1870 2975 1960 3029 ille
1997 2975 2052 3028 in

479 3065 642 3135 pedes
668 3079 1029 3136 consm'gens,
1069 3066 1293 3136 reliquis
1337 3066 1588 3119 versibus
1642 3066 2050 3134 przetermissis,

554 3248 568 3277 ³
591 3222 650 3302 FZ
681 3249 1134 3320 προτρεπομένων
1162 3248 1239 3300 δέ.

2171 1971 2280 2025 ἀπὸ
2323 1971 2420 2041 τῆς
2474 1971 2800 2038 Ἐκκλησίας
2855 1970 3080 2040 ὲξεώθη.
3137 1971 3225 2023 Ἐν
3271 1968 3648 2041 ’Δλεξανδρείᾳ
3689 1971 3759 2024 δὲ

2170 2059 2327 2112 τοῦτο
2357 2059 2627 2121 ὑποστὰς,
2679 2059 2881 2128 καὶμὴ
2927 2058 3221 2128 δυνάμενος
3247 2057 3344 2127 τὴν
3396 2057 3505 2110 τῶν
3550 2058 3758 2110 ὀνειδι-

2171 2150 2372 2214 ζόντων
2414 2149 2612 2221 χλεύην
2661 2149 2867 2219 φέρειν,
2906 2149 3241 2219 ἀνεχώρησε,
3281 2151 3373 2202 καὶ
3415 2149 3512 2220 τὴν
3541 2149 3757 2202 Παλαι-

2171 2241 2379 2309 στίνην,
2419 2241 2664 2294 τουτέστι
2693 2242 2790 2312 τῆς
2830 2241 3091 2304 Ἰουδαίας
3119 2245 3393 2294 κατοικεῖν
3419 2243 3520 2312 γῆν
3550 2242 3751 2299 εἵλετο.

2181 2329 2444 2384 Ἀνελθὼν
2475 2331 2603 2400 γοῦν
2629 2333 2708 2395 είς
2745 2332 2813 2384 τὰ
2855 2331 3230 2401 Ἱεροσόλυμα,
3265 2333 3356 2384 καὶ
3399 2334 3476 2396 ὼς
3505 2331 3754 2397 τοιοῦτος

2166 2421 2438 2492 ἐξηγητὴς
2464 2421 2556 2474 καὶ
2587 2422 2786 2489 λόγιος,
2812 2423 3178 2493 προετρέπετο
3201 2424 3306 2476 ἀπὸ
3333 2424 3425 2476 τοῦ
3453 2425 3748 2496 ίερατείου.

2164 2514 2300 2566 Φασὶ
2342 2513 2450 2584 γὰρ
2492 2512 2653 2566 αὑτὸν
2691 2515 2784 2566 καὶ
2828 2514 3223 2584 πρεσϐυτερίου
3266 2516 3634 2587 κατηξιῶσθαι
3679 2518 3752 2571 τὸ

2165 2607 2294 2677 πρὶν
2315 2646 2329 2668 ,
2361 2605 2524 2675 πρινὴ
2558 2604 2652 2658 τοῦ
2695 2604 2875 2660 θῦσαι.
2912 2607 3350 2676 Προτρεπόμενοι
3373 2609 3410 2670 ³,
3445 2608 3519 2671 ὡς
3566 2609 3705 2680 ἔφην
3728 2649 3749 2672 ,

2163 2701 2324 2754 αὑτὸν
2363 2699 2454 2751 ἐπὶ
2514 2699 2612 2768 τῆς
2654 2697 2976 2768 Ἐκκλησίας
3025 2699 3228 2760 εἰπεῖν,
3264 2699 3356 2750 καὶ
3401 2699 3568 2752 πολλὰ
3607 2718 3748 2754 κατ-

2162 2791 2586 2858 αναγκασάντων
2607 2787 2906 2861 τηνικαῦτα
2935 2789 2992 2840 ὲν
3015 2787 3406 2858 Ἱεροσολύμοις
3437 2790 3536 2859 τὴν
3572 2791 3740 2861 ἱερω-

2162 2883 2326 2952 σύνην
2365 2882 2462 2952 τῆς
2521 2881 2685 2951 ἁγίας
2745 2879 3066 2950 Ἐκκλησίας
3115 2880 3446 2944 διεπόντων,
3499 2883 3748 2946 ἀναστὰς

2159 2976 2252 3026 ἐπὶ
2292 2973 2461 3036 πόδας
2495 2972 2558 3025 τὸ
2592 2972 2754 3044 ῥητὸν
2805 2972 2963 3040 μόνον
2997 2968 3090 3022 τοῦ
3128 2969 3346 3040 ψαλμοῦ
3390 2971 3484 3024 τοῦ
3537 2991 3743 3027 τεσσα-

2162 3065 2425 3136 ρακοστοῦ
2471 3065 2660 3118 ὲνάτου
2691 3063 2897 3129 εἰπὼν,
2935 3062 3032 3133 τὴν
3064 3063 3244 3116 πᾶσαν
3272 3064 3560 3136 διαστολὴν
3596 3084 3747 3137 παρ-

474 3428 648 3508 minit.
667 3428 832 3508 ntqui
855 3444 952 3482 nos
970 3427 1330 3498 Epiphanium
1361 3428 1706 3497 Oppouimus,
1731 3443 1840 3496 quo
1872 3442 2048 3508 neque
2076 3431 2116 3487 C
2151 3425 2312 3506 cujus
2341 3432 2625 3504 tantopere
2659 3422 2811 3508 illum
2842 3422 3168 3508 paenituisse
3198 3425 3425 3506 scirent,
3446 3441 3528 3508 ‘ne
3553 3424 3737 3508 horni-

473 3499 836 3567 antiquiorcut
868 3508 1168 3567 auctorem,
1220 3514 1395 3567 neque
1434 3514 1736 3565 graviorem
1768 3499 2046 3566 requirere

471 3565 766 3632 debemus;
825 3570 916 3638 qui
971 3568 1038 3622 de
1083 3565 1321 3636 Origene
1357 3572 1501 3620 velut
1547 3565 1876 3638 compertam
1935 3583 2043 3620 rem

472 3640 802 3706 minimeque
847 3635 1070 3692 dubiam
1134 3635 1264 3691 illud
1337 3638 1511 3706 ipsum
1567 3639 1766 3691 retulit.
1828 3635 1884 3690 In
1934 3653 2044 3706 quo

472 3723 799 3778 magnopere
850 3708 1256 3777 pnlitleratldllttt
1295 3707 1436 3760 istud
1486 3716 1590 3772 est,
1643 3707 1857 3778 quoties
1897 3707 2045 3778 ejus-

471 3776 614 3833 modi
646 3776 1127 3848 aliquid’proponit
1150 3778 1501 3846 Epiphanius.
1529 3779 1672 3846 quod
1697 3776 1762 3830 ad
1786 3777 2040 3848 alicujus.

471 3850 633 3902 etiam
654 3847 892 3917 alioquin
913 3847 1173 3908 haeretici,
1195 3863 1257 3901 ac
1276 3848 1466 3901 nefarii
1488 3849 1744 3917 hominis,
1783 3847 2040 3900 invidiam

472 3916 936 3988 ignominiamque
979 3919 1252 3986 pertinet,
1311 3918 1384 3979 id,
1415 3919 1459 3971 si
1491 3916 1669 3970 dubia:
1713 3919 2042 3988 minimeque

472 3989 777 4042 constantis
805 3992 961 4042 fama:
993 3990 1085 4048 sit,
1117 3989 1376 4041 nonnulla
1415 4003 1537 4040 cum
1581 3989 1932 4042 excusatione
1979 4004 2042 4042 ac

470 4059 769 4113 titubanter
809 4060 877 4111 ab
927 4059 1016 4110 illo
1055 4059 1386 4128 significari;
1441 4069 1602 4128 atque
1639 4058 1740 4110 hoc
1786 4059 2038 4126 inprimis

471 4130 673 4195 caveri,
711 4144 776 4182 ne
808 4129 1012 4181 incerta
1049 4127 1608 4181 re’commemorauda
1646 4137 1847 4181 certam
1877 4128 2039 4182 alicui

473 4199 752 4252 infamiam
784 4215 845 4252 ac
893 4201 1130 4252 dedecus
1165 4200 1423 4267 imponat.
1464 4195 1577 4248 lloc
1605 4213 1736 4251 vero
1767 4198 1885 4250 loco
1914 4199 2038 4250 nul-

473 4269 577 4322 lam
625 4269 930 4322 istiusmodi
967 4269 1272 4321 cautionem
1318 4267 1584 4328 adhibuit,
1641 4268 1758 4328 sed,
1805 4283 1927 4320 eum
1972 4269 2039 4322 de

467 4341 620 4408 lapsu
655 4348 708 4393 et
742 4341 943 4408 injecto
969 4342 1124 4392 thure
1146 4345 1445 4396 constaret,
1472 4339 1582 4408 hoc
1603 4352 1768 4390 unum
1791 4337 2033 4406 excepit,

465 4407 608 4478 qtiod
639 4412 681 4463 si
707 4407 891 4462 verum
919 4419 1022 4472 est,
1045 4410 1109 4461 ad
1135 4408 1527 4462 sublevandum
1551 4407 1840 4476 Origcnem
1867 4409 2034 4478 valet,

465 4477 1077 4547 nonnullorumjactari
1121 4478 1487 4540 sermonibus,
1535 4492 1876 4547 nequaquam
1909 4477 2034 4530 Ori-

466 4566 652 4615 geneai
687 4552 861 4620 ipsum
887 4546 1022 4603 thus
1054 4549 1378 4620 adolevisse,
1407 4549 1500 4603 sed
1531 4563 1654 4620 cum
1690 4547 1810 4615 ejus
1850 4546 2035 4616 digitis

464 4629 609 4674 esset
641 4618 986 4689 impositum,
1012 4620 1064 4672 in
1107 4619 1409 4686 subjectum
1442 4632 1549 4670 ara:
1587 4618 1763 4689 focum
1796 4631 1836 4689 a7
1857 4619 2033 4685 genti-

469 4691 608 4744 libus
641 4688 933 4743 cxctissum
973 4688 1160 4742 fuisse.
1225 4689 1377 4753 Quod
1419 4688 1581 4758 igitur
1612 4688 1664 4740 in
1699 4688 2029 4758 sacriticium

465 4777 528 4812 ac
559 4762 815 4828 majorem
866 4759 1088 4813 sceleris
1135 4769 1342 4827 partem
1372 4757 1713 4811 consenserit
1741 4757 2027 4824 Origenes.

465 4806 2107 4900 statim;anima:remunerasse;"agragas;v

465 4901 568 4954 hoc
600 4908 667 4954 ab
701 4902 870 4954 invito
898 4900 1108 4953 facinus
1130 4900 1372 4967 ejusdem
1404 4914 1565 4952 manu
1597 4898 2034 4951 administratum

466 4973 648 5030 fuerit,
686 4972 735 5024 id
770 4986 898 5024 vero
924 4971 1209 5024 dubitavit.
1246 4970 1438 5022 Czeteri
1465 4969 1557 5038 qui
1586 4972 1666 5021 vel
1696 4969 2035 5037 antiquiores

466 5042 806 5110 Epiphanio,
885 5044 987 5094 vel.
1020 5041 1167 5094 illius
1210 5039 1470 5108 temporis
1540 5053 1806 5110 suppares
1856 5050 2032 5104 erant,

466 5108 662 5179 partim
686 5112 935 5180 Origenis
968 5126 1154 5164 amore
1182 5110 1634 5180 dissimularunt,
1669 5108 1864 5177 partim
1887 5110 2034 5178 quod

467 5182 532 5234 ad
591 5198 700 5234 rctn
744 5181 968 5234 minimc
1019 5182 1256 5244 faceret,
1321 5179 1612 5234 scribendo
1673 5181 2033 5247 praetermise-

462 5258 608 5303 runt.
684 5254 858 5319 Atque
919 5251 1182 5304 Eusebius
1228 5251 1477 5318 quidem,
1542 5258 1730 5318 utpote
1777 5249 2030 5318 Origenis

461 5322 780 5383 admirator,
829 5325 1081 5374 consulto
1117 5330 1174 5373 ut
1207 5321 1502 5385 omitteret,
1549 5320 1746 5374 fecisse
1784 5320 2027 5385 videtur;

462 5407 586 5444 nam
619 5393 752 5445 nihil
785 5408 971 5446 eorum
1018 5392 1208 5454 tacuit,
1244 5406 1363 5459 qua:
1395 5390 1459 5442 ad
1505 5391 1649 5444 illius
1680 5392 2030 5444 commenda-

462 5464 664 5515 tionem
686 5502 699 5524 ,
730 5464 863 5516 n.bil
894 5463 1092 5524 attulit,
1111 5462 1258 5531 quod
1287 5461 1352 5514 ad
1380 5461 1726 5514 minuendam
1743 5461 2026 5514 existima-

461 5534 662 5586 tionem
701 5534 920 5586 valeret.
960 5532 1172 5601 Reliqui
1208 5540 1316 5585 tam
1347 5531 1613 5594 fautores,
1646 5547 1808 5599 qumn
1836 5531 2029 5583 adver-

459 5603 590 5656 sarii
614 5603 883 5672 Origenis,
903 5619 1026 5656 cum
1052 5608 1118 5656 de
1144 5605 1324 5671 impiis
1349 5601 1467 5670 ejus
1491 5603 1835 5671 dogmatibus
1861 5611 2024 5671 atque

457 5675 737 5727 erroribus
766 5674 819 5726 in
851 5685 1126 5729 certamen
1157 5674 1689 5742 disputationemque
1719 5674 2017 5733 venissent,

457 5742 616 5813 facile
647 5752 1024 5813 contempsere
1057 5753 1274 5797 caetera.
1327 5745 1406 5797 Ac
1440 5743 1684 5812 profecto
1718 5743 1785 5795 de
1813 5759 1878 5797 eo
1909 5745 2020 5794 cri-

454 5812 602 5870 mine
630 5813 780 5870 sileri
835 5812 878 5870 a7
913 5816 1280 5870 sanctissimis
1305 5815 1436 5870 viris
1463 5813 1836 5884 aequissimum
1885 5813 2018 5878 fuit,

2152 3497 2238 3550 nis
2275 3496 2548 3549 memoriae
2592 3493 2879 3553 insultare.
2925 3494 3331 3616 obtrectarigue
3378 3496 3514 3550 velle
3545 3499 3737 3566 potius

2152 3581 2310 3616 uuam
2335 3579 2552 3616 errores
2575 3561 2838 3616 damnare
2858 3564 3195 3616 viderentur.
3266 3580 3295 3616 e
3320 3565 3466 3616 aliis.
3492 3582 3732 3616 onerum

2149 3581 2310 3634 quam
2335 3579 2552 3619 errores
2575 3561 2838 3618 damnare
2858 3564 3195 3619 viderentur.
3220 3561 3295 3618 De
3320 3565 3466 3626 aliis,
3492 3561 3732 3634 quorum

2148 3637 2350 3704 scripta
2405 3651 2514 3689 non
2562 3635 3206 3704 exslant,pronuntiare
3253 3636 3472 3691 nonnisi
3531 3647 3734 3692 temere

2148 3702 2464 3774 possumus.
2494 3705 2674 3757 Altera
2707 3705 2758 3757 in
2790 3702 3083 3758 Annalibus
3115 3704 3430 3772 conjectura
3465 3720 3569 3759 non
3605 3710 3733 3774 plus

2148 3777 2410 3840 veritatis,
2437 3777 2619 3828 minus
2651 3775 2814 3827 etiam
2850 3775 3249 3842 probabilitatis
3278 3775 3463 3832 habet.
3519 3775 3730 3830 Falsis-

2146 3848 2342 3899 sitnum
2373 3848 2516 3899 enim
2553 3853 2634 3897 est
2662 3845 2921 3914 intextam
2957 3844 3094 3898 hanc
3129 3845 3435 3914 Epiphanio
3470 3847 3727 3902 laciniam

2143 3932 2286 3972 esse.
2334 3930 2458 3968 cum
2496 3930 2671 3984 neque
2718 3913 2784 3968 de
2819 3916 2958 3984 stylo
3005 3916 3122 3983 ipso
3152 3913 3388 3969 dubitari
3421 3917 3614 3985 pOSsit.
3671 3927 3728 3972 et

2144 3987 2343 4064 quibus
2376 3987 2426 4064 id
2454 3985 3070 4064 argumentisedicitur,
3096 3986 3390 4064 levia_sint,
3416 3987 3720 4064 imo_nu_l_la.

2144 4055 2501 4125 Epiphanius,
2529 4055 2722 4125 inquit,
2754 4055 2888 4109 libro
2916 4055 2986 4107 De
3015 4058 3276 4110 mensuris
3305 4073 3366 4108 ac
3401 4058 3724 4121 ponderibus

2141 4124 2300 4196 plane
2321 4128 2595 4178 contraria
2620 4124 2820 4196 docuit.
2858 4126 3058 4178 Scribit
3076 4129 3222 4179 enim
3247 4142 3257 4177 :
3282 4126 3561 4179 Floruisse
3597 4128 3722 4182 Ori-

2138 4199 2315 4266 geuem
2345 4212 2378 4248 a
2412 4195 2732 4266 temporibus
2764 4197 2903 4248 beati
2929 4213 3090 4263 usque
3122 4196 3190 4248 ad
3228 4196 3438 4250 Gallum
3477 4208 3523 4250 et
3562 4198 3723 4252 i’olu-

2139 4265 2372 4320 sianum.
2411 4265 2509 4320 Ubi
2546 4281 2666 4328 \ox,
2700 4266 2902 4335 ﬂoruit,
2934 4281 3039 4318 non
3068 4267 3205 4320 idem
3236 4277 3319 4322 est
3346 4282 3410 4320 ac
3447 4269 3592 4324 vixit.
3622 4270 3721 4323 sed

2138 4339 2478 4405 splendorem
2513 4351 2579 4389 ex
2614 4337 2864 4408 doctrina
2900 4337 3512 4408 quaasitumsignilicat.
3559 4340 3636 4392 Ac
3667 4342 3717 4394 si

2139 4408 2474 4490 tum‘lapsus.
2510 4419 2654 4485 esset
2687 4407 2977 4490 Origenes,
3005 4407 3307 4490 hominum
3353 4407 3603 4490 floruisse
3631 4411 3721 4490 di:

2137 4483 2284 4531 ceret
2322 4476 2679 4546 Epiphanius.
2729 4477 2921 4530 Verum
2954 4477 3222 4546 ἀκμάζειν
3252 4489 3306 4532 et
3349 4478 3536 4546 ﬂorere
3569 4482 3716 4546 apud

2136 4549 2501 4618 clironologos
2524 4547 2657 4600 nihil
2679 4546 2822 4600 aliud
2841 4555 2943 4610 est,
2957 4562 3119 4618 quam
3139 4548 3510 4601 commemlari
3531 4554 3715 4618 vulgo,

2134 4619 2270 4670 etin
2305 4617 2486 4686 aliqua
2519 4625 2743 4686 propter
2786 4617 3146 4671 eruditionem
3195 4626 3289 4682 aut
3329 4619 3582 4672 virtutem
3617 4617 3719 4675 no-

2136 4687 2299 4740 minis
2334 4688 2583 4741 claritate
2611 4688 2840 4741 versari.
2874 4686 3025 4741 lianc
3052 4703 3184 4741 vero
3211 4691 3475 4742 doctrinae
3509 4689 3712 4744 famam

2139 4773 2202 4810 ac
2237 4758 2581 4826 splendorem
2611 4756 2831 4826 Origeni
2863 4774 3039 4826 neque
3075 4759 3226 4826 prior
3261 4759 3351 4810 illa
3387 4760 3716 4816 idololatria:

2137 4831 2316 4897 culpa,
2351 4844 2514 4897 quam
2565 4829 2883 4895 pmnitentia
2926 4830 3180 4889 diluerat,
3223 4829 3433 4896 eripere
3479 4830 3711 4898 debuit;

2135 4914 2310 4967 neque
2343 4897 2614 4967 posterior
2646 4907 2727 4950 tot
2757 4915 2818 4950 ac
2861 4907 2969 4950 tam
3006 4898 3385 4966 multiplicium
3418 4897 3714 4954 haeresiuni

2136 4968 2358 5022 infamia
2397 4969 2571 5036 potuit
2599 4968 2925 5036 opprimere.
2962 4967 3164 5021 Deinde
3194 4969 3329 5022 falso
3359 4969 3578 5024 Decium
3611 4987 3713 5038 pro

2133 5041 2336 5092 Severo
2376 5041 2465 5092 hic
2500 5046 2818 5106 usurpatum
2847 5040 2915 5090 ab
2951 5037 3252 5107 Epiphanio
3288 5042 3446 5107 paulo
3468 5048 3592 5094 ante
3610 5037 3711 5093 do-

2131 5110 2363 5162 cuimus.
2401 5108 2711 5163 Secundum
2743 5109 2855 5179 hate
2879 5109 3218 5179 Augustinus
3245 5110 3402 5179 nobis
3427 5111 3707 5178 objicitur,

2130 5181 2223 5248 qui
2259 5194 2382 5232 cum
2412 5181 2478 5234 de
2507 5180 2740 5248 Origene
2774 5175 3075 5232 bmnia'sit
3125 5195 3191 5233 ex
3243 5175 3549 5249 Epiphanio
3581 5175 3704 5234 mué

2132 5257 2338 5310 tuatus,
2382 5249 2449 5304 de
2503 5249 2825 5316 turpissimo
2877 5250 2972 5302 illo
3018 5250 3173 5318 lapsu
3221 5253 3446 5304 verbum
3495 5251 3706 5304 nullum

2131 5321 2381 5388 aspersit.
2419 5320 2524 5374 Sed
2553 5329 2734 5372 utrum
2763 5321 2865 5373 hoc
2887 5319 3170 5389 Epiplianii
3189 5321 3450 5374 Adversus
3481 5322 3704 5375 Itwreses

2131 5391 2466 5444 luculentum
2489 5405 2627 5460 opus
2646 5392 2712 5444 ab
2729 5393 3034 5459 Augustino
3060 5392 3259 5444 lectum
3279 5395 3462 5454 fuerit,
3485 5403 3708 5461 propter

2127 5477 2220 5513 eas
2242 5476 2438 5514 causas
2461 5461 2697 5514 dubitari
2726 5473 2921 5531 potest,
2950 5477 3072 5530 qua:
3095 5478 3149 5514 ιιι
3174 5463 3512 5532 praefatione,
3537 5478 3703 5531 quam

2129 5533 2277 5602 operi
2320 5533 2422 5602 ipsi
2465 5533 2816 5602 praefuimus.
2865 5534 2930 5585 ad
2965 5536 3221 5587 lectorem
3271 5534 3520 5600 pluribus
3574 5545 3704 5586 sunt

2127 5616 2156 5652 a
2189 5601 2356 5654 nobis
2375 5605 2651 5670 expositae.
2696 5601 2919 5656 Frustra
2952 5603 3139 5670 igitur,
3196 5614 3253 5656 ut
3281 5603 3501 5672 quidem
3535 5618 3704 5672 appa-

2125 5681 2226 5732 ret,
2260 5672 2552 5726 sollicitata
2601 5683 2685 5725 est
2720 5674 2773 5726 in
2827 5677 3118 5729 annalibus
3170 5677 3502 5726 narrationis
3556 5679 3703 5728 illius

2123 5744 2391 5811 istiusque
2422 5745 2524 5796 loci
2573 5742 2726 5805 fides,
2764 5760 2886 5797 cum
2917 5746 3064 5797 trulla
3105 5745 3173 5799 ad
3215 5760 3334 5799 eain
3367 5744 3705 5800 labefactan-

2122 5816 2246 5866 dam
2279 5812 2414 5869 satis
2443 5813 2596 5868 iirma
2630 5819 2766 5868 ratio
2793 5816 2863 5870 sit
2894 5816 3079 5869 allata.
