4082 6394
345 401 482 454 ΙΟἹῦ

1047 398 1418 455 ADVERSUS
1454 396 1794 453 llAiliESES
1837 399 1963 454 LIB.
2002 397 2066 454 II.
2100 400 2266 455 TOM.
2311 400 2425 456 l.—
2467 400 2737 459 ΗᾹΞῙΙΕΞ.
2782 400 2964 455 LXIV.

3462 401 3596 456 1οη
3640 433 3642 436 -

345 518 532 579 ἐλθὼν,
559 518 632 582 ὼς
669 518 816 587 λέγει
864 519 893 570 ὁ
923 519 1157 588 ψαλμδς,
1189 517 1272 584 Τῷ
1304 518 1372 572 δὲ
1395 517 1721 588 ἁμαρτωλῷ
1751 513 1911 571 εἶπεν

2025 527 2318 588 postquam
2371 519 2517 574 hunc
2581 535 2751 574 unum
2817 535 2847 572 e
2896 519 3106 589 psalmo
3173 515 3594 587 quadragesimo

343 612 378 662 ὁ
404 614 581 677 Θεός·
621 611 747 665 Ἵνα
784 613 842 665 τί
876 611 958 665 σὺ
989 611 1240 680 ἐκδιηγῆ
1279 612 1350 666 τὰ
1381 610 1744 680 δικαιώματά
1779 628 1919 680 μου,

322 702 442 755 καὶ
472 701 917 772 ἀναλαμϐάνεις
942 703 1056 770 τὴν
1095 703 1391 771 διαθήκην
1417 721 1537 773 μου
1573 703 1672 756 διὰ
1703 704 1923 772 στόμα-

338 798 442 860 τός
471 811 626 858 σου;
658 795 862 862 πτύξας
876 797 936 849 τὸ
969 795 1170 866 βιϐλίον
1202 796 1496 861 ἐπέδωκεν,
1526 796 1748 850 ἐκάθισε
1785 796 1923 866 μετά

339 886 619 957 κλαυθμοῦ
680 889 774 941 καὶ
827 888 1115 960 δακρύων,
1167 890 1385 942 πάντων
1431 889 1567 960 ὁμοῦ
1623 891 1720 942 σὺν
1771 890 1922 960 αὐτῷ

343 977 660 1034 κλαιόντων.

410 1071 450 1122 Γ
451 1077 485 1117 ’.
530 1073 639 1124 Καὶ
681 1071 819 1142 μετά
863 1073 1052 1143 χρόνον
1100 1073 1430 1127 ἀπεντεῦθεν
1461 1076 1923 1146 προτρεπομένων

339 1164 501 1216 αὐτὸν
545 1164 790 1228 πολλῶν,
831 1167 926 1220 καὶ
977 1165 1390 1234 ἀναγκαζόντων
1419 1209 1433 1233 ,
1464 1167 1774 1239 Ἀμϐροσίῳ
1815 1168 1921 1221 τινὶ

341 1255 615 1325 συντυχὼν
643 1256 750 1310 τῶν
784 1257 1059 1326 διαφανῶν
1085 1262 1144 1314 ἐν
1170 1259 1360 1324 αὐλαῖς
1412 1259 1714 1330 βασιλικαῖς
1744 1261 1921 1331 (τινὲς

338 1347 393 1404 δὲ
439 1352 627 1404 τοῦτον
674 1349 765 1406 τὸν
819 1351 1142 1423 Ἀμὸρόσιον
1182 1351 1390 1422 ἔφασαν
1433 1353 1484 1405 οἱ
1527 1351 1626 1422 μὲν
1656 1353 1918 1423 Μαρκίω-

339 1445 546 1514 νιστὴν,
603 1444 652 1496 οἱ
699 1443 756 1496 δὲ.
818 1442 1236 1512 Σαϐελλιανόν)⁶
1298 1444 1577 1514 κατήχησε
1635 1441 1766 1511 γοῦν
1826 1442 1919 1495 τὸν

337 1535 498 1588 αὐτὸν
548 1536 655 1588 ἀπὸ
695 1535 795 1605 τῆς
828 1536 1092 1606 αἱρέσεως
1140 1534 1403 1599 ἐκκλῖναι,
1441 1534 1536 1588 καὶ
1583 1533 1918 1604 ἀναθεματί-

339 1644 459 1692 σαι,
527 1629 622 1681 καὶ
682 1627 783 1700 τὴν
876 1629 1059 1682 πίστιν
1147 1625 1506 1692 ἀναλέξασθαι
1586 1627 1688 1697 τῆς
1759 1626 1918 1695 ἁγίας

335 1719 470 1774 Θεοῦ
526 1721 874 1792 Ἐκκλησίας.
917 1721 974 1773 Ὀ
1019 1721 1076 1773 δὲ
1122 1718 1518 1790 προειρημένος
1561 1717 1916 1789 Ἀμϐρόσιος,

335 1813 522 1884 ἐπειδὴ
575 1814 684 1867 ἀπὸ
744 1813 944 1884 πολλῆς
1007 1813 1268 1884 αἱρέσεως
1325 1811 1577 1882 ὑπῆρχε,
1637 1813 1728 1864 καὶ
1777 1812 1918 1884 ἀνὴρ

333 1905 511 1974 λόγιος
556 1908 647 1960 καὶ
709 1907 995 1968 σπουδαῖος
1052 1905 1181 1975 περὶ
1231 1905 1329 1967 τὰς
1380 1902 1530 1966 θείας
1583 1901 1917 1973 ἀναγνώσεις

333 1996 442 2050 τῶν
474 1996 634 2050 θείων
679 1997 945 2068 Γραφῶν,
976 1995 1065 2049 διὰ
1106 1995 1200 2066 τὴν
1239 1996 1297 2048 ἐν
1337 1997 1460 2059 ταῖς
1503 1995 1672 2057 θείαις
1713 1993 1915 2064 βίϐλοις

337 2086 614 2156 βαθύτητά
641 2085 748 2139 τῶν
777 2088 1085 2158 νοημάτων,
1107 2087 1308 2155 ἠξίωσε
1335 2086 1425 2138 τὸν
1447 2085 1609 2139 αὐτὸν
1632 2086 1916 2156 Ὠριγένην

336 2180 539 2250 φράσαι
586 2179 752 2250 αὐτῷ.
810 2179 868 2232 ὐ
919 2179 977 2232 δὲ
1029 2179 1350 2250 βουλόμενος
1399 2182 1480 2244 εὶς
1524 2179 1734 2232 ἐκείνου
1796 2179 1911 2249 (‘28)

335 2272 578 2341 καθῆκον
610 2271 704 2324 καὶ
745 2271 1062 2342 προτροπὴν
1093 2271 1274 2342 πάσης
1322 2271 1566 2342 Γραφῆς,
1597 2270 1672 2335 ὡς
1716 2273 1911 2336 εἰπεῖν,

332 2365 607 2434 ἑρμηνεὺς
628 2362 879 2430 γενέσθαι
914 2363 1009 2416 καὶ
1050 2361 1443 2434 ἐξηγήσασθαι,
1480 2363 1772 2435 ἐπετήδευε
1818 2363 1914 2416 καὶ

332 2456 392 2509 ἐν
422 2459 490 2526 τῇ
520 2455 681 2528 Τύρῳ
710 2455 811 2526 τῆς
840 2455 1111 2526 Φοινίκης,
1137 2455 1211 2519 ὡς
1250 2456 1406 2525 λόγος
1430 2457 1566 2528 ἔχει,
1595 2456 1915 2511 εἰκοσιοκτὼ

332 2546 427 2617 ἔτη
450 2548 696 2619 πολιτείᾳ
732 2548 831 2618 μὲν
873 2546 1309 2620 ὑπερϐαλλούσῃ,
1344 2548 1438 2601 καὶ
1469 2551 1653 2620 σχολῇ,
1687 2549 1779 2602 καὶ
1809 2567 1912 2604 κα-

337 2641 514 2711 μάτῳ,
544 2640 638 2694 τοῦ
671 2641 771 2710 μὲν
805 2639 1134 2713 Ἀμϐροσίου
1163 2640 1231 2693 τά
1257 2641 1395 2713 πρὸς
1419 2641 1623 2714 τροφὴν
1651 2639 1799 2712 αὐτῷ
1829 2659 1910 2708 τε,

333 2733 429 2784 καὶ
477 2735 589 2796 τοῖς
642 2733 1005 2803 ὁξυγράφοις,
1061 2737 1154 2788 καὶ
1209 2737 1320 2797 τοῖς
1357 2734 1723 2807 ὑπηρετοῦσιν
1765 2733 1913 2804 αὐτῷ

332 2821 720 2893 ἐπαρκοῦντος,
764 2822 972 2894 χάρτην
997 2841 1056 2876 τε
1094 2825 1188 2877 καὶ¹
1221 2824 1288 2878 τὰ
1329 2823 1464 2878 ἄλλα
1486 2825 1595 2878 τῶν
1628 2825 1915 2896 ἀναλωμά-

332 2927 459 2975 των,
487 2910 581 2964 καὶ
606 2909 702 2963 τοῦ
743 2913 1048 2982 Ὠριγένους
1073 2913 1130 2966 ἐν
1163 2931 1222 2967 τε
1259 2915 1590 2985 ἀγρυπνίαις
1619 2917 1714 2970 καὶ
1747 2917 1910 2989 σχολῇ

335 3002 570 3076 μεγίστῃ
597 3002 685 3055 τὸν
714 3003 959 3073 κάματον
987 3004 1078 3058 τὸν
1107 3006 1236 3077 περὶ¹
1271 3007 1373 3075 τῆς
1407 3007 1628 3078 Γραφῆς
1666 3007 1913 3062 διανύον-

331 3111 441 3157 τος.
460 3094 622 3148 Ὅθεν
643 3097 706 3148 τὸ
733 3096 948 3167 πρῶτον
977 3099 1141 3151 αὐτοῦ
1172 3099 1446 3170 ἐπιμελῶς
1462 3100 1572 3171 (29)
1599 3101 1914 3172 ἐφιλοτιμή-

333 3203 463 3240 σατο
497 3191 822 3280 συναγαγεῖν
854 3188 962 3242 τῶν
983 3189 1043 3254 ἒξ
1076 3192 1407 3262 ἑρμηνειῶν,
1436 3193 1658 3258 Ἀκύλα,
1685 3194 1912 3265 Συμμάο
1940 3224 1982 3280 C

328 3294 448 3349 χου,
473 3278 582 3333 τῶν
612 3296 668 3332 τε
705 3279 1222 3350 Ἐϐδομηκονταδύο,
1246 3283 1338 3336 καὶ
1360 3282 1735 3349 Θεοδοτίωνος,
1766 3285 1913 3354 Πέμ-

328 3378 471 3441 πτης
515 3388 598 3435 τε,
654 3372 749 3425 καὶ
780 3372 985 3442 Ἕκτης
1037 3373 1323 3438 ἐκδόσεως,
1362 3375 1500 3445 μετά
1556 3375 1912 3447 παραθέσεως

328 3461 567 3532 ἑκάστης
625 3461 822 3529 λέξεως
861 3464 1190 3534 Ἐϐραϊκῆς,
1244 3467 1337 3518 καὶ
1388 3467 1567 3519 αὐτῶν
1619 3465 1754 3537 ὁμοῦ
1803 3465 1910 3520 τῶν

329 3555 607 3625 στοιχείων
630 3573 643 3586 ·
673 3557 737 3607 ἐκ
762 3556 1108 3628 παραλλήλου
1131 3557 1188 3610 δέ
1209 3558 1468 3630 ἄντικρυς
1487 3559 1715 3631 δευτέρᾳ
1743 3559 1908 3612 σελίδι

328 3645 610 3718 χρώμενος
667 3650 808 3701 κατά
835 3648 1082 3702 σύνθεσιν
1135 3649 1428 3723 Έὸραῖκὴν
1472 3652 1568 3721 μὲν
1606 3655 1672 3722 τῇ
1723 3652 1904 3718 λέξει,

340 3739 633 3809 Ἐλληνικῷ
666 3739 722 3792 δὲ
755 3739 834 3810 τῷ
863 3743 1187 3814 γράμματι,
1219 3743 1414 3814 ἐτέραν
1441 3744 1603 3797 πάλιν
1638 3745 1906 3816 πεποίηκε

329 3828 595 3882 σύνθεσιν.

403 3989 417 4017 ¹
453 3986 596 4042 Psal.
624 4003 773 4054 XLIX,
801 3987 888 4041 l6.

402 4140 514 4213 (9.8)
558 4143 610 4195 '0
645 4143 712 4195 δὲ
736 4142 1237 4213 βουλόμενοςηεὶς
1264 4140 1520 4213 ἐκείνου.
1554 4138 1795 4213 _Ytilgata
1826 4147 1910 4213 est

328 4209 554 4266 historia
603 4215 690 4266 illa
735 4214 801 4266 de
846 4228 1064 4266 secessu
1111 4212 1293 4280 Tyrio,
1344 4209 1520 4278 deque
1545 4210 1616 4262 28
1643 4211 1802 4263 annis
1837 4210 1909 4263 ibi

328 4286 621 4338 transactis
665 4286 732 4337 ah
772 4284 1026 4352 Origene,
1072 4296 1195 4352 cuin
1227 4295 1415 4352 sacros
1453 4280 1687 4352 codices
1736 4281 1908 4352 inter-

330 4363 654 4422 pretaretur.
697 4350 970 4419 Qualn‘cx
1003 4353 1104 4406 hoc
1138 4351 1420 4421 Epiphanii
1447 4351 1593 4422 loco,
1625 4359 1688 4422 et
1711 4365 1777 4403 ex
1809 4350 1904 4403 Μ).

328 4419 405 4478 De
429 4425 586 4491 pomi.
612 4442 673 4478 ac
696 4441 859 4477 mens.
895 4419 1214 4491 chronologi
1241 4419 1415 4490 atque
1446 4419 1694 4476 historici
1725 4428 1905 4474 trans-

330 4497 592 4549 tulerunt.
625 4495 730 4549 Sed
762 4496 875 4547 haec
909 4494 1101 4546 vellem
1138 4492 1225 4545 isti
1261 4491 1575 4546 accuratius
1609 4492 1902 4560 expendis-

326 4573 470 4642 sent,
503 4582 565 4619 ac
596 4582 720 4642 cum
748 4565 919 4642 gestis
942 4561 1216 4642 Origenis,
1241 4570 1295 4616 et
1322 4561 1542 4642 Eusebii
1564 4562 1659 4614 lib.
1691 4575 1743 4642 vi
1767 4575 1906 4642 eon—
1932 4589 1975 4642 Β

329 4630 602 4690 tulissent.
637 4630 924 4690 Non'enim
958 4630 1274 4688 dubitamus
1327 4633 1460 4701 quin
1516 4646 1668 4685 mera
1716 4630 1896 4684 fabula

326 4707 434 4769 sit,
475 4707 638 4776 idque
662 4705 827 4760 certis
857 4703 1385 4776 atqueevidcnlibus
1408 4701 1744 4776 argumentis
1773 4717 1901 4776 pos-

329 4777 403 4828 sit
432 4772 665 4830 ostendi.
704 4776 835 4829 Nam
875 4772 989 4828 lucc
1021 4775 1075 4827 in
1110 4772 1310 4842 Tyrum
1348 4773 1614 4843 profectio
1649 4773 1902 4842 contigit,

330 4856 388 4916 ut
421 4854 654 4899 testatur
694 4846 1051 4916 Epiphanius,
1087 4854 1208 4913 post
1234 4843 1485 4916 Origenis
1512 4844 1750 4916 lapsum,
1776 4859 1900 4896 cum

328 4915 437 4984 iam
475 4913 761 4987 presbyter
798 4913 1084 4987 ordinatus
1123 4926 1292 4968 esset.
1321 4985 1330 4987 _
1361 4914 1479 4987 Non
1512 4913 1654 4987 illud
1674 4913 1787 4987 jam
1818 4928 1906 4987 re:-

329 4982 490 5055 peto,
552 4982 806 5057 Ori'geuis
864 4986 1229 5057 calamitatem
1283 4985 1454 5038 videri
1492 5000 1565 5057 ex
1614 4982 1904 5057 Epipbanii

328 5054 506 5109 mente
553 5054 674 5108 διιιῖ
706 5057 870 5110 Decio
907 5056 1300 5118 collocandum,
1349 5054 1537 5125 paucis
1585 5065 1709 5107 ante
1756 5055 1903 5125 illius

327 5127 533 5178 obitmn
566 5129 746 5181 annis.
800 5125 1093 5195 Fingamus
1133 5126 1226 5178 diu
1257 5123 1384 5180 ante
1413 5125 1730 5193 contigisse.
1776 5123 1903 5178 'Duo

326 5212 392 5249 ex
427 5195 660 5249 Eusebio
691 5207 836 5250 certa
866 5205 993 5248 sunt
1021 5215 1032 5250 :
1101 5195 1386 5264 Origenem
1411 5211 1476 5249 eo
1509 5203 1752 5263 tempore
1783 5211 1902 5262 pre-

326 5265 606 5336 sbyterum
639 5270 898 5321 Caesarea:
922 5283 1043 5321 esse
1091 5265 1315 5328 factum,
1367 5282 1476 5334 quo
1507 5265 1745 5320 Zcbinus
1775 5264 1902 5318 Phi-

328 5338 434 5389 Icto
463 5345 676 5390 mortuo
710 5339 1104 5390 Antiochenam
1148 5338 1330 5388 sedem
1371 5337 1627 5399 obtinuit,
1675 5352 1798 5388 cuin
1846 5337 1902 5390 in

325 5406 588 5460 Graeciam
628 5423 723 5476 per
755 5407 1100 5460 Palatstinam
1131 5408 1234 5459 itcr
1269 5407 1485 5466 faceret,
1520 5406 1666 5474 quod
1702 5406 1794 5459 lib.
1825 5422 1898 5470 γι,

326 5491 446 5544 cap.
471 5477 558 5541 i7,
579 5487 784 5532 narrat.
818 5479 946 5530 Item
972 5477 1612 5545 postannuniAlexaudri
1629 5476 1898 5530 decimum

327 5548 628 5602 Caesaream
693 5548 1088 5617 prol‘ugicntem
1145 5546 1340 5617 ibidem
1391 5546 1598 5599 diutius
1629 5547 1896 5617 _haas,isse.

327 5618 482 5687 Apud
510 5614 802 5672 Eusebium
836 5614 888 5670 in
921 5616 1180 5678 Chronico
1203 5615 1451 5670 Zebenus
1482 5627 1603 5685 post
1621 5614 1900 5687 Philetum

328 5686 703 5743 Antiochenus
750 5691 1041 5757 episcopus
1079 5687 1252 5740 l'actus
1280 5695 1385 5745 est.
1439 5702 1583 5740 anno
1605 5686 1899 5740 Alexandri

328 5774 417 5821 vn,
444 5764 535 5827 qui
565 5761 863 5813 estChrtsti
881 5758 1012 5819 228,
1037 5773 1158 5810 cum
1182 5758 1680 5827 Origenesaunum
1703 5765 1903 5827 ageret

328 5825 475 5882 ηιιιῖ
546 5831 738 5883 Aunus
779 5844 908 5883 vero
951 5829 1196 5883 decimus
1230 5825 1542 5886 Alexandri,
1583 5826 1785 5880 Christi
1817 5835 1901 5879 est

326 5900 448 5964 231,
473 5898 721 5972 Origcuis
745 5915 865 5954 λι.ιί
889 5916 902 5966 ;
931 5916 958 5952 a
987 5916 1095 5969 quo
1131 5902 1194 5954 ad
1219 5899 1339 5969 ejus
1373 5898 1601 5960 obitum,
1635 5896 1724 5967 qui
1757 5913 1899 5951 anno

2026 624 2172 663 nono
2199 610 2380 663 locum
2412 609 2718 666 attulisset:
2745 607 3016 664 Peccatori
3045 619 3221 662 autem
3247 607 3386 661 dixit
3417 606 3558 664 Deus
3579 624 3599 662 :

2026 701 2204 768 Quare
2231 713 2287 756 tu
2312 720 2534 757 enarra:
2560 703 2808 772 justitias
2849 719 3012 767 meas,
3063 710 3112 756 et
3170 701 3398 755 assumis
3441 709 3603 756 testa-

2025 805 2253 849 mentum
2284 811 2454 849 meum
2491 812 2582 864 per
2612 811 2670 848 os
2702 804 2850 847 tuum
2885 793 2944 846 ’ί
2976 791 3360 862 complicatum
3402 791 3602 846 librum

2025 888 2286 953 reddidit,
2327 888 2573 958 flensque
2625 893 2680 941 et
2731 887 3042 956 lacrymaus
3089 883 3312 946 resedit,
3348 881 3604 938 flentibus

2024 995 2147 1033 cum
2180 995 2246 1033 eo
2286 980 2377 1049 qui
2415 980 2643 1033 aderant
2673 976 2970 1032 universis.

2096 1071 2183 1127 Ill.
2223 1073 2470 1129 Postluec
2506 1074 2692 1128 multis
2723 1071 3091 1135 hortantibus,
3125 1070 3234 1125 imo
3258 1069 3604 1139 cogentibus,

2024 1165 2664 1236 etAmbrosiicujusilam
2692 1165 2794 1219 viri
2841 1163 3004 1234 526
3025 1163 3168 1217 inter
3191 1161 3464 1230 palatinos
3497 1159 3609 1228 pri-

2024 1260 2182 1313 marii
2243 1259 2619 1313 familiaritate
2681 1273 2814 1312 usus
2871 1260 3061 1325 (quem
3097 1255 3346 1310 nonnulli
3376 1252 3610 1306 Marcio-

2023 1354 2242 1416 nistam,
2293 1352 2382 1405 alii
2445 1350 2813 1405 Sabellianum
2852 1347 3020 1403 fuisse
3070 1343 3437 1412 memorant),
3475 1342 3612 1398 huic

2022 1443 2150 1514 ipsi,
2190 1453 2250 1495 ut
2289 1443 2539 1496 haeresim
2571 1440 2812 1510 ejuraret
2852 1455 2916 1492 ac
2950 1438 3258 1502 damnaret,
3311 1444 3473 1506 atque
3503 1433 3606 1488 Ec-

2023 1536 2207 1590 clesia:
2242 1535 2532 1589 catholicae
2555 1533 2717 1586 ﬁdem
2746 1533 3190 1602 amplecteretur,
3219 1535 3410 1583 auctor
3439 1527 3607 1582 exsti-

2020 1629 2110 1682 tit.
2145 1627 2471 1682 Ambrosius
2502 1640 2653 1689 vero,
2707 1640 2831 1678 cum
2877 1623 2932 1676 in
2979 1622 3228 1676 literesim
3277 1631 3606 1689 magnopere

2020 1721 2336 1790 implicatus
2383 1719 2655 1774 hactenus
2689 1718 2901 1779 fuisset,
2947 1723 3000 1769 et
3029 1703 3277 1770 eruditus
3302 1710 3503 1782 alioqui
3540 1723 3605 1764 ac

2023 1813 2334 1868 divinarum
2393 1812 2700 1866 litterarum
2761 1809 3032 1879 imprimis
3098 1805 3381 1862 studiosus
3433 1809 3603 1867 esset,

1946 1873 1992 1934 Β
2025 1912 2248 1973 propter
2275 1902 2701 1965 sententiarum,
2727 1917 2848 1972 qua:
2877 1901 3070 1955 iisdem
3095 1900 3270 1954 sacris
3317 1897 3608 1954 codicibus

2018 1997 2393 2059 continentur,
2427 1994 2884 2066 profunditatem,
2929 1992 2997 2048 ab
3025 1993 3256 2064 Origene
3281 1989 3610 2062 postulavit,

2021 2098 2081 2142 ut
2107 2103 2172 2144 ea
2205 2088 2313 2143 sibi
2353 2086 2807 2158 interpretatione
2857 2100 2958 2142 sua
2997 2084 3348 2155 patefaceret.
3396 2080 3499 2148 Qui
3544 2089 3605 2136 ut

2017 2181 2260 2235 hortanti
2285 2180 2597 2242 Ambrosio,
2631 2194 2732 2248 pro
2781 2193 2847 2232 eo
2894 2185 3057 2247 atque
3112 2176 3190 2230 illi
3241 2173 3600 2246 congruebat,

2022 2272 2392 2336 satisfaceret,
2427 2272 2740 2326 universam
2783 2269 3124 2340 Scripturam
3151 2267 3602 2338 interpretatione

2017 2382 2116 2422 sua
2158 2375 2212 2420 et
2243 2366 2588 2435 expositione
2630 2363 2910 2419 declarare
2963 2364 3223 2420 instituit.
3256 2360 3601 2432 Proindeque

2017 2458 2074 2512 in
2135 2457 2270 2513 urbe
2319 2454 2487 2529 Tyro,
2531 2472 2654 2527 quae
2711 2455 3003 2511 thnicia:
3059 2463 3175 2520 est,
3227 2454 3420 2525 viginti
3477 2462 3601 2509 octo

2017 2565 2192 2605 annos
2237 2549 2521 2606 excellenti
2564 2548 2801 2620 quadam
2854 2548 2978 2602 vita:
3015 2547 3224 2602 ratione
3269 2547 3322 2601 in
3375 2548 3488 2601 otio
3538 2561 3600 2600 ac

2015 2641 2423 2697 commentandi
2458 2641 2646 2697 labore
2685 2641 2990 2710 transegit;
3020 2654 3145 2695 cum
3193 2651 3247 2694 et
3275 2638 3600 2694 Ambrosius

2016 2749 2138 2804 quae
2191 2733 2258 2787 ad
2321 2732 2578 2788 alendum
2645 2733 2823 2803 ipsum
2889 2747 2996 2786 una
3059 2747 3182 2786 cum
3238 2731 3500 2792 librariis,
3536 2743 3600 2784 ac

2015 2826 2227 2882 caeteris
2262 2825 2604 2880 administris
2661 2823 2974 2879 necessaria
3050 2835 3242 2887 erant,
3289 2836 3499 2876 necnon
3545 2827 3607 2874 et

2018 2921 2266 2974 chartam
2298 2933 2362 2972 ac
2389 2919 2630 2988 reliquos
2654 2927 2905 2986 sumptus
2930 2916 3161 2986 benigne
3184 2915 3557 2985 suppeditaret
3579 2957 3618 2982 ,_

2016 3020 2070 3067 et
2102 3011 2368 3081 Origenes
2408 3010 2620 3080 magnis
2674 3009 2874 3080 vigiliis
2921 3009 3235 3078 ingentique
3291 3009 3411 3062 otio
3451 3009 3620 3064 hunc-

2016 3103 2338 3159 enarrandae
2392 3101 2696 3172 Scripturae
2726 3102 2969 3157 laborem
2999 3087 3446 3171 prosequeretur.
3472 3099 3597 3155 Pri-

2018 3212 2164 3249 mmu
2196 3196 2245 3250 ei
2281 3196 2522 3250 studium
2564 3194 2664 3248 fuit
2696 3210 2792 3249 sex
2828 3193 2883 3249 in
2921 3210 3089 3248 unum
3115 3193 3598 3263 interpretationes

2021 3284 2302 3340 conferre:
2330 3286 2561 3354 Aquilm,
2592 3285 2927 3357 Symmachi,
2959 3282 3313 3355 Septuaginta
3339 3284 3595 3351 duorum,

2022 3376 2437 3442 Theodotionis,
2470 3391 2577 3430 una
2618 3392 2743 3430 cum
2793 3376 3032 3432 editione
3066 3375 3266 3441 Quinta
3303 3391 3369 3432 ac
3399 3375 3593 3432 Sexta:

2018 3469 2220 3539 quibus
2299 3469 2545 3539 singulas
2629 3468 2924 3523 Hebraicas
3004 3467 3279 3523 dictiones
3352 3469 3591 3540 propriis

2019 3560 2307 3615 elementis
2339 3563 2677 3632 perscriptas
2731 3560 2941 3615 addidit
2979 3580 2991 3615 :
3031 3571 3148 3615 tum
3209 3580 3277 3619 ex
3336 3563 3594 3634 adverso,

2020 3654 2189 3706 altera
2231 3653 2284 3706 in
2335 3653 2530 3722 pagina
2585 3662 2906 3707 contextum
2955 3652 3188 3708 alterum
3230 3652 3357 3709 fecit
3387 3671 3452 3711 ex
3483 3653 3610 3711 lies

2016 3744 2221 3800 hraicis
2254 3743 2591 3800 dictionibus
2625 3743 2828 3799 Graecis
2865 3745 3060 3800 litteris
3085 3748 3361 3802 exaratis-

2019 4139 2226 4214 Christi
2251 4141 2356 4214 25-1
2391 4142 2610 4207 acetdit,
2643 4144 2772 4198 anui
2826 4155 2955 4199 sunt
2983 4159 3095 4198 non
3145 4143 3327 4214 plures
3357 4143 3447 4197 25.
3484 4142 3597 4196 Me-

2017 4211 2384 4283 minit_hujus
2433 4215 2688 4269 secunda:
2735 4215 2790 4268 in
2838 4211 3183 4269 Palaestinam
3240 4214 3592 4283 profectionis

2020 4280 2160 4334 idem
2195 4281 2462 4338 Eusebius
2496 4284 2550 4337 in
2573 4283 2854 4348 Chronico,
2892 4286 2958 4339 ad
2989 4301 3190 4338 annum
3217 4280 3473 4338 A'ntouini
3509 4301 3588 4340 XI.

2023 4348 2216 4405 Verum
2249 4365 2373 4407 ante
2408 4355 2511 4407 hoc
2545 4364 2777 4423 tempus,
2821 4356 3073 4409 hortante
3099 4355 3407 4417 Amhrosio,
3437 4370 3590 4408 eom-

2016 4425 2314 4493 mcntarios
2348 4424 2402 4476 in
2432 4440 2641 4477 sacram
2667 4423 2997 4493 Scripturam
3017 4424 3390 4486 elucubrasse,
3426 4425 3590 4493 idque

2009 4493 2206 4564 partim
2233 4492 2515 4564 Caesareae.
2559 4496 2754 4564 partim
2786 4492 2918 4551 alibi
2954 4495 3173 4555 fecisse,
3211 4512 3320 4550 non
3354 4492 3590 4550 obscure

2006 4561 2277 4632 significat
2309 4561 2596 4624 Eusebius.
2640 4580 2761 4633 cap.
2797 4566 2884 4629 i7,
2940 4567 3031 4620 ubi
3089 4565 3278 4619 eodem
3323 4575 3586 4635 tempore,

2008 4649 2119 4701 quo
2163 4642 2387 4688 auctore
2413 4635 2702 4689 Ambrosio
2744 4636 2798 4688 in
2831 4637 3251 4690 commentando
3283 4643 3398 4691 erat
3422 4652 3588 4689 occu-

2007 4711 2188 4772 patus,
2213 4705 2647 4774 proficiscentem
2680 4706 2828 4759 illum
2853 4707 2906 4760 in
2950 4704 3214 4760 Graaciam
3249 4715 3436 4759 narrat
3464 4706 3586 4759 Cae-

2007 4789 2177 4829 sarea:
2220 4775 2532 4829 ordinatqu
2567 4791 2688 4830 esse
2721 4779 3119 4846 presbyterum.
3173 4776 3442 4846 Quocirca
3478 4776 3585 4830 fal-

2006 4859 2125 4918 sum
2186 4855 2275 4918 est
2321 4846 2606 4915 Origenem
2671 4845 2815 4901 totos
2864 4845 2935 4901 ‘28
2986 4862 3161 4900 annos
3199 4845 3342 4918 Tyri
3391 4861 3587 4902 conse-

2004 4915 2172 4986 disse,
2206 4916 2388 4984 ibique
2414 4919 2930 4972 commentariorum
2988 4915 3260 4986 ingentem
3293 4917 3437 4970 illam
3469 4933 3587 4972 mo-

2005 4985 2111 5040 lem
2134 4986 2392 5042 edidisse.
2427 4987 2540 5040 lloc
2564 4990 2706 5041 enim
2731 4985 3087 5049 Alexandrite,
3112 4987 3393 5049 Caesarem,
3419 4988 3585 5041 Athe-

2005 5055 2114 5129 nis,
2135 5057 2732 5129 diversis_temporibus
2762 5061 2892 5128 egit,
2917 5060 2992 5112 uti
3017 5074 3137 5129 cap.
3167 5061 3231 5112 18
3259 5058 3449 5129 scribit
3481 5058 3594 5112 Eu—-

2005 5127 2212 5199 sebius.
2249 5127 2334 5199 De
2361 5127 2525 5198 Tyrio
2567 5127 2977 5199 secessu’nulla
3005 5127 3257 5199 est'apud
3286 5128 3578 5184 Eusebium

2002 5197 2149 5265 quod
2181 5198 2374 5269 sciam,
2407 5199 2628 5269 mentio.
2663 5197 3184 5269 Hieromduntaxat,
3205 5199 3376 5269 Epist.
3508 5199 3597 5253 De-

2003 5267 2266 5341 erroribus
2297 5270 2444 5341 Orig.
2482 5270 2548 5322 ad
2581 5267 2792 5323 Panum.
2816 5312 2826 5333 ,
2850 5267 3091 5334 Centum,
3121 5267 3318 5341 inquit,
3348 5271 3582 5340 quadra-

2001 5339 2150 5410 ginta
2188 5340 2316 5391 anni
2347 5354 2505 5406 prope
2527 5348 2669 5410 sunt,
2713 5356 2776 5392 ea:
2803 5357 2904 5410 quo
2943 5339 3466 5410 Origenes‘mortuus
3503 5350 3580 5394 est

2007 5407 2169 5476 Tyri:
2219 5411 2365 5481 quod
2400 5411 2540 5463 idem
2593 5409 2646 5462 in
2687 5407 2931 5481 Catalog.
2971 5407 3152 5480 script.
3185 5412 3311 5467 θεοί.
3342 5427 3582 5465 commc-

2003 5490 2200 5551 morat.
2250 5479 2657 5551 Verisimilecst
2689 5483 2849 5551 igitur
2882 5479 3193 5550 Urigeuem,
3227 5498 3353 5536 cum
3385 5482 3437 5534 in
3477 5481 3579 5534 lle-

2004 5548 2484 5622 ciipersecutione
2518 5548 2729 5604 aﬂecta'
2742 5553 2858 5620 jam
2902 5548 3060 5606 aetate
3096 5553 3283 5622 lapsus
3323 5562 3490 5616 esset,
3526 5555 3579 5606 in

2003 5618 2346 5692 Palaestinam
2382 5623 2698 5692 recessisse,
2733 5618 2798 5677 ac
2825 5622 2950 5692 Tyri
2983 5618 3258 5677 mortuum
3289 5638 3433 5677 esse.

2077 5690 2186 5762 (‘21))
2220 5693 2390 5762 Ὅθεν
2415 5690 2755 5762 τὸπρῶτον
2783 5690 2985 5746 αὐτοῦ·
3007 5692 3300 5762 ἐπιμελῶς
3361 5693 3579 5760 Agitue

2003 5758 2088 5812 his
2140 5760 2390 5830 Origenis
2443 5760 2776 5815 editionibus
2833 5758 3250 5818 accuratissime
3303 5758 3441 5816 libro
3502 5762 3575 5815 Le

2001 5830 2159 5897 pomi.
2190 5844 2236 5883 et
2257 5847 2440 5901 meum,
2476 5832 2562 5885 ubi
2595 5849 2713 5900 qua:
2733 5831 3003 5897 Μακαρία,
3029 5845 3081 5886 et
3101 5833 3324 5901 Octapla
3347 5833 3572 5898 fuerint,

2001 5903 2242 5970 exponit.
2283 5899 2413 5956 Vide
2443 5917 2563 5972 qua:
2596 5899 2666 5957 ad
2698 5919 2756 5958 ιι.
2787 5903 2850 5958 19
2881 5902 3079 5960 ibidem
3108 5899 3481 5964 observamus.
