4082 6394
445 352 585 409 ιοιε

515 463 673 519 llunc
713 465 765 519 in
798 466 1017 521 modum
1052 480 1327 523 volumina
1366 468 1479 532 illa,
1507 482 1629 540 quae
1660 466 1897 538 Hexapla
1934 465 2019 522 di-
2046 482 2096 540 Α

444 565 671 622 cuntur,
705 558 1019 629 composuit
1057 578 1070 613 :
1102 573 1224 629 quae
1256 568 1453 630 prmter
1497 558 1715 617 Graecas
1752 559 2021 617 editiones

444 649 583 704 duas
601 649 825 718 insuper
844 648 1093 705 Hebraici
1118 654 1388 709 sermonis
1402 653 1687 709 columnas
1715 653 2019 716 continent,

446 740 675 795 alteram
715 739 997 797 Hebraicis
1036 742 1193 813 ipsis,
1237 744 1462 798 alteram
1498 742 1707 798 Graecis
1737 744 2023 798 elementis

446 834 817 903 conscriptam
850 852 862 886 :
886 834 1022 887 adeo
1044 846 1101 889 ut
1120 834 1285 890 Vetus
1309 852 1470 891 omne
1486 836 1893 891 Testamentum
1913 843 2022 888 tam

448 922 711 995 llexaplis
743 926 1042 995 ejusmodi,
1072 942 1235 998 quam
1271 928 1473 999 duplici
1507 927 1898 983 llebraicorum
1926 942 2023 980 vo-

447 1016 771 1071 cabulorum
823 1027 1081 1074 contextu
1146 1022 1600 1091 comprehensum
1642 1020 1823 1077 fuerit.
1886 1020 2022 1077 Cum

447 1105 553 1161 hoc
578 1115 751 1162 totum
801 1124 941 1179 opus
972 1124 1186 1164 summo
1220 1111 1310 1166 ille
1352 1127 1476 1181 cum
1509 1111 1693 1166 labore
1737 1110 2025 1182 studioque

448 1196 794 1266 perfecisset,
840 1215 950 1254 non
1003 1209 1265 1271 perpetuo
1322 1201 1558 1256 nominis
1617 1201 1701 1258 sui
1752 1217 1815 1256 ac
1843 1203 2027 1273 gloriae

449 1288 819 1359 integritatem
866 1293 1117 1360 retinuit,
1172 1294 1266 1349 sed
1325 1304 1476 1350 tanta
1523 1296 1784 1350 doctrinae
1824 1297 1906 1351 vis
1964 1311 2027 1350 ac

455 1380 613 1449 copia
647 1382 819 1437 ruinae
848 1384 927 1439 illi
964 1400 1028 1440 ac
1072 1384 1404 1442 calamitatis
1460 1387 1805 1442 occasionem
1856 1387 2023 1443 dedit.

450 1469 589 1526 Nam
637 1487 784 1537 cum,
821 1486 880 1530 ut
928 1476 1032 1531 sibi
1089 1485 1472 1547 proposuerat,
1505 1478 1709 1532 nullam
1746 1494 2027 1535 sacrarum

450 1562 758 1619 litterarum
791 1574 1021 1633 partem,
1068 1584 1232 1639 quam
1268 1584 1374 1621 nou
1420 1570 1739 1640 explicaret,
1779 1571 2031 1625 omittere

451 1657 633 1721 vellet,
659 1658 712 1712 in
737 1657 930 1729 ingens
948 1674 1004 1713 se
1024 1670 1305 1729 peccatum
1323 1660 1619 1724 commisit,
1636 1674 1699 1713 ac
1717 1659 2032 1715 mortiferas

452 1745 719 1814 quasdam
744 1760 907 1801 voces
930 1748 1375 1817 exposuit:uude
1408 1747 1843 1819 Origenistarum
1882 1759 2031 1805 secta

1874 349 1929 406 S.
1974 347 2315 405 EPIPHANII

3564 341 3722 401 1035

2204 466 2291 528 Ὠς
2322 460 2460 518 εῖναι
2508 463 2605 534 μὲν
2644 460 2817 518 ταῦτα
2858 461 2955 517 καὶ
3000 460 3283 515 καλεῖσθαι
3322 456 3579 525 Ἑξαπλᾶ,
3611 460 3720 514 ἐπὶ

2121 556 2220 621 τάς
2251 555 2573 627 Ἑλληνικάς
2616 554 2913 627 ἑρμηνείας
2937 553 3031 607 δύο
3069 552 3205 623 ὁμοῦ
3242 554 3572 625 παραθέσεις
3606 551 3719 622 τῆς

2134 649 2430 721 Ἐδραῖκῆς
2487 646 2680 718 φύσει,
2741 647 2807 700 δι’
2874 644 3179 718 Ἑϐραϊκῶν
3225 644 3319 698 καὶ
3374 643 3716 715 Ἑλληνικῶν

2126 741 2401 811 στοιχείων
2427 759 2438 770 ·
2467 741 2608 795 ὥστε
2647 736 2785 793 εἶναι
2814 740 2911 811 τήν
2945 740 3126 792 πᾶσαν
3158 737 3401 791 Παλαιὰν
3425 739 3715 807 Διαθήκήν

2123 835 2189 887 δι’
2217 833 2497 899 Ἐξαπλῶν
2519 834 2889 904 καλουμένων,
2912 833 3007 888 καὶ
3035 831 3121 885 διὰ
3143 832 3249 885 τῶν
3271 830 3363 885 δύο
3398 830 3713 902 Ἐϐραῖκῶν

2129 928 2409 999 ῥημάτων.
2449 928 2664 998 Ταύτην
2711 926 2846 997 ὁμοῦ
2876 928 3055 980 πᾶσαν
3096 924 3196 996 τήν
3250 924 3635 995 πραγματείαν
3682 923 3714 976 ὁ

2128 1018 2269 1088 ἀνὴρ
2325 1017 2467 1088 μετὰ
2521 1018 2770 1087 καμάτου
2832 1016 3259 1086 πεφιλπίμητο*
3318 1015 3431 1070 ἀλλ’
3479 1016 3579 1069 οὑκ
3627 1016 3715 1079 είς

2130 1110 2283 1174 τέλος
2322 1110 2383 1162 τὸ
2419 1111 2575 1173 κλέος
2607 1109 2771 1187 αὑτοῦ
2806 1109 3066 1164 άσὸεστον
3100 1108 3336 1179 διήνυσε.
3379 1106 3717 1178 Συμὸέῦηκε

2129 1203 2241 1274 γὰρ
2275 1202 2424 1273 αὑτῷ
2454 1202 2515 1255 τὸ
2548 1203 2650 1272 τῆς
2680 1202 3035 1274 πολυπειρίας
3059 1202 3139 1265 είς
3177 1201 3318 1272 μέγα
3355 1200 3575 1271 πτῶμα.
3617 1199 3721 1264 Ἐξ

2130 1294 2296 1349 αὑτοῦ
2328 1296 2438 1367 γὰρ
2466 1295 2560 1349 τοῦ
2609 1296 2813 1349 σκοποῦ
2849 1295 3169 1367 βουλόμενος
3214 1294 3378 1365 μηδὲν
3408 1292 3517 1346 τῶν
3545 1292 3722 1346 θείων

2132 1387 2363 1458 Γραφῶν
2407 1388 2566 1441 ἐάσαι
2598 1389 3022 1459 ἀνερμήνευτον.
3052 1387 3133 1450 είς
3184 1384 3477 1455 ἐπαγωγὴν
3516 1382 3725 1436 ἐαυτὸν

2134 1481 2453 1552 περιέϐαλεν
2485 1481 2790 1552 ἁμαρτίας,
2823 1482 2916 1535 καὶ
2958 1482 3232 1550 θανάσιμα
3270 1478 3578 1549 ἐξηγήσατο
3614 1476 3725 1547 ῥή-

2138 1586 2313 1639 ματα·
2350 1570 2406 1635 ἐξ
2448 1562 2619 1643 οὗπερ
2649 1572 2698 1623 οἱ
2750 1570 3152 1640 Ὠριγενιασταὶ
3208 1567 3562 1638 καλούμενοι,
3611 1565 3727 1635 οὑχ

2134 1662 2184 1713 oi
2216 1660 2424 1732 πρῶτοι
2445 1662 2483 1725 ⁸,
2519 1662 2568 1715 oi
2617 1662 2717 1731 τήν
2750 1662 3158 1733 αἰσχρουργίαν.
3185 1661 3261 1713 Od
3293 1658 3401 1729 γὰρ
3443 1657 3551 1727 ἔχω
3583 1655 3731 1727 περὶ

2138 1751 2360 1804 ἐκείνων
2402 1752 2614 1820 λέγειν,
2664 1752 2741 1816 ὼς
2788 1753 2884 1805 καὶ
2928 1752 3029 1822 ήδη
3077 1753 3368 1822 προεῖπον,
3417 1749 3466 1800 εί
3512 1750 3578 1800 ἐκ
3613 1745 3732 1800 τοῦ

453 1836 734 1907 proﬂuxit,
767 1853 876 1893 non
907 1840 1251 1909 superiorum
1294 1840 1532 1906 illorum,
1563 1842 1659 1911 qui
1694 1841 1894 1912 insigni
1918 1853 2032 1896 tur-

2152 1842 2455 1923 Ὠριγένους
2487 1842 2582 1896 τοῦ
2614 1844 2707 1897 καὶ
2726 1842 3083 1914 Ἀδαμαντίου
3108 1842 3374 1913 ἐσχήκασι
3392 1840 3488 1909 τὴν
3511 1838 3730 1909 ἀρχὴν,

455 1929 701 2000 pitudine
754 1938 902 1987 sunt.
960 1929 1034 1985 De
1092 1932 1200 1987 illis
1246 1932 1413 1994 enim,
1456 1940 1515 1985 ut
1555 1942 1681 1987 ante
1710 1933 1842 1997 dixi,
1896 1935 2029 1987 certi

455 2020 592 2076 nihil
626 2020 894 2078 amrmare
923 2037 1147 2093 possum
1167 2062 1181 2085 ,
1212 2032 1393 2079 utrum
1426 2024 1494 2078 ab
1523 2024 1847 2079 Adamantio
1871 2023 2029 2095 527

455 2110 712 2182 Origene,
762 2125 830 2166 an
888 2113 958 2167 ab
1006 2113 1190 2183 aliquo
1236 2114 1364 2179 alio,
1405 2114 1497 2185 qui
1540 2122 1593 2168 et
1626 2112 1888 2185 Origenes
1919 2117 2035 2185 ipse

457 2202 757 2271 diceretur,
808 2205 1023 2259 initium
1084 2208 1412 2277 acceperint.
1462 2206 1731 2261 Caeterum
1785 2208 2033 2262 eumdem

459 2296 614 2351 illum
662 2296 950 2367 Origenem
1004 2308 1233 2353 narrant
1279 2299 1534 2369 quiddam
1566 2301 1618 2353 in
1650 2300 2036 2369 corpusculum

460 2389 805 2461 excogitasse
859 2406 1055 2457 suum;
1113 2396 1227 2447 sive
1278 2407 1506 2447 nervum
1569 2391 1695 2446 sibi.
1725 2400 1785 2445 ut
1813 2391 2035 2463 quidam

458 2480 797 2549 existimant,
840 2483 1114 2547 inciderit,
1146 2499 1256 2556 quo
1286 2500 1345 2540 se
1380 2485 1760 2540 illecebrarum
1793 2486 2040 2539 molestia

463 2572 746 2643 liberaret,
791 2591 969 2646 neque
1002 2577 1256 2648 turpibus
1299 2577 1547 2647 corporis
1603 2577 1842 2633 motibus
1898 2579 2043 2632 velut

462 2666 718 2722 incendio
747 2667 987 2738 quodam
1012 2678 1269 2726 aestuaret
1298 2688 1311 2736 ;
1348 2670 1482 2732 sive,
1512 2669 1654 2740 quod
1696 2670 1785 2723 alii
1812 2670 2041 2732 malunt,
2060 2651 2075 2665 ’

463 2757 865 2814 medicamento
918 2759 1102 2831 aliquo
1147 2761 1395 2832 partibus
1435 2761 1545 2816 illis
1585 2761 1841 2830 imposito
1874 2761 2043 2814 resic-

463 2850 623 2904 carit.
645 2848 787 2906 Sunt
839 2852 930 2922 qui
983 2852 1087 2906 alia
1121 2852 1369 2923 quaedam
1419 2852 1497 2908 illi
1562 2852 1822 2913 tribuant,
1878 2851 2045 2906 veluti

462 2939 610 3010 quod
640 2942 705 2997 ad
728 2942 1027 3013 iuvandam
1058 2943 1377 2998 memoriam
1406 2943 1727 2997 medicatam
1753 2942 2045 3013 quamdam

2138 1935 2172 2005 ἢ
2198 1934 2382 2007 ἕτερόν
2428 1951 2551 1988 τινα
2593 1934 2833 2005 ἀρχηγὸν
2867 1935 3186 2005 ἐσχήκασιν,
3239 1933 3516 2003 Ὤριγένην
3557 1930 3730 1999 λεγό·

2145 2043 2320 2096 μενον.
2341 2028 2478 2080 Φασὶ
2501 2027 2556 2080 δέ
2582 2026 2677 2080 καὶ¹
2711 2026 2897 2080 τοῦτον
2922 2026 3015 2079 τὸν
3052 2025 3335 2098 Ὠριγένην
3366 2022 3731 2093 ἐπινενοηκέ-

2143 2134 2232 2171 ναι
2255 2118 2431 2188 ὲαυτῷ
2466 2117 2603 2171 κατὰ
2640 2118 2700 2171 τὸ
2734 2119 3028 2188 σωμάτιον.
3060 2120 3123 2171 Ui
3160 2118 3259 2189 μὲν
3285 2116 3500 2185 λέγουσι
3523 2113 3731 2186 νεῦρον

2144 2210 2585 2282 άποτετμηκέναι
2620 2210 2708 2263 διὰ
2748 2210 2809 2263 τὸ
2844 2210 2917 2282 μή
2955 2210 3114 2281 ήδονῇ
3143 2207 3448 2279 ὀχλεῖσθαι,
3495 2204 3628 2276 μηδὲ
3661 2205 3733 2257 ἐν

2143 2304 2262 2363 ταῖς
2306 2303 2552 2373 κινήσεσι
2608 2306 2727 2367 ταῖς
2790 2304 3126 2373 σωματικαῖς
3170 2298 3461 2370 φλέγεσθαι
3515 2313 3576 2351 τε
3623 2294 3733 2349 καὶ

2146 2392 2562 2464 πυρϐολεῖσθαι·
2595 2394 2744 2449 ἄλλοι
2772 2395 2828 2447 δὲ
2858 2393 2977 2464 οὑχί
3006 2409 3191 2462 φασιν,
3212 2390 3347 2444 ἀλλὰ
3376 2388 3634 2458 ἐπενόησέ
3664 2403 3733 2440 τι

2148 2487 2437 2556 φάρμακον
2484 2486 2748 2539 ἐπιθεῖναι
2780 2488 2891 2550 τοῖς
2935 2486 3179 2557 μορίοις,
3225 2483 3319 2536 καὶ
3356 2480 3730 2551 ἀποξηρᾶναι.

2147 2578 2370 2649 ’Έτεροι
2399 2579 2455 2632 δὲ
2495 2580 2587 2632 καὶ
2626 2579 2759 2633 ἄλλα
2792 2582 2871 2642 είς
2903 2578 3064 2633 αὑτὸν
3096 2577 3387 2647 ἀναφέρειν
3426 2574 3731 2645 τολμῶσιν,

2146 2668 2221 2730 ὠς
2252 2670 2333 2722 ὅτι
2379 2670 2471 2723 καὶ
2512 2670 2740 2741 βοτάνην
2786 2670 2909 2724 τινὰ
2946 2670 3179 2743 εὕρηκεν
3228 2666 3472 2740 ίατρικὴν
3504 2665 3733 2735 μνήμης

2148 2760 2330 2814 ἕνεκα.
2364 2763 2475 2817 Καὶ
2511 2763 2577 2816 τὰ
2623 2764 2720 2833 μὲν
2764 2764 3044 2835 ὑπέρογκα
3084 2764 3224 2833 ὑπὲρ
3262 2759 3427 2814 αὑτοῦ
3459 2757 3737 2827 λεγόμενα.

2150 2851 2292 2905 πάνυ
2336 2855 2813 2926 πεπιστεύκαμεν
2867 2857 3017 2925 ὅμως
3059 2855 3126 2907 τὰ
3171 2853 3441 2923 λεγόμενα
3487 2849 3733 2915 ἐξειπεῖν

2150 2943 2211 2995 οὑ
2243 2945 2635 3016 παρελίπομεν.

464 3032 691 3087 herbam
747 3037 1035 3105 repererit.
1101 3035 1233 3101 Qua:
1271 3035 1436 3106 igitur
1488 3035 1715 3106 grandia
1769 3034 1837 3088 de
1873 3034 1967 3087 illo
1997 3049 2061 3088 ac
2092 3036 2377 3105 magniﬁca
2427 3039 2755 3109 produntur,
2796 3054 2906 3092 non
2957 3038 3181 3093 omnino
3238 3037 3343 3092 (ide
3398 3043 3559 3107 digna
3596 3046 3734 3088 cen-

465 3142 675 3185 semus.
736 3127 1110 3187 Nihilominus
1168 3146 1290 3201 qua:
1335 3131 1614 3185 communi
1659 3146 1910 3185 sermone
1939 3131 2390 3200 percrebuerunt,
2430 3134 2711 3205 prwtcrire
2742 3134 3039 3189 noluimus.

540 3222 627 3278 IV.
672 3224 829 3291 Quod
860 3226 925 3280 ad
962 3226 1212 3282 haeresim
1242 3226 1388 3281 illam
1421 3227 1635 3291 attinet,
1672 3225 1831 3295 cujus
1860 3233 2049 3279 auctor

2227 3227 2300 3282 A'.
2344 3230 2407 3282 Ἡ
2452 3230 2509 3283 δέ
2559 3230 2618 3294 ἐξ
2650 3229 2813 3283 αὑτοῦ
2846 3228 2992 3299 φῦσα
3027 3230 3258 3299 αἵρεσις,
3300 3226 3513 3297 πρῶτον
3541 3224 3640 3295 μὲν
3667 3222 3729 3277 ἐν

468 3314 594 3381 fuit,
624 3332 688 3372 ca
731 3318 968 3387 primum
1018 3320 1071 3372 in
1106 3317 1342 3390 Egypto
1370 3326 1686 3389 propagata,
1720 3317 1882 3373 hodie
1910 3319 2052 3372 inter

468 3410 795 3479 pracipuos,
848 3418 1012 3480 atque
1054 3424 1152 3465 eos
1199 3408 1432 3463 maxime
1464 3408 1631 3479 viget,
1665 3406 1758 3477 qui
1791 3408 2050 3463 monasti-

474 3515 601 3554 cum
636 3501 761 3555 vita:
794 3516 965 3570 genus
1011 3501 1194 3571 specie
1226 3502 1345 3571 ipsa
1373 3499 1695 3570 proﬁtentur
1719 3519 1731 3553 :
1758 3500 1957 3570 quippe
1994 3515 2056 3555 se

470 3598 527 3643 et
566 3590 621 3645 in
660 3590 988 3646 solitudines
1026 3589 1375 3656 abdiderunt,
1409 3597 1463 3645 et
1513 3596 1885 3660 paupertatem
1930 3605 2051 3660 pro-

476 3682 698 3737 ﬁtentur
731 3698 745 3736 :
780 3682 1043 3753 pestifera
1080 3682 1169 3735 illa
1212 3680 1454 3751 quidem,
1486 3695 1551 3734 ac
1603 3689 1816 3736 veteres
1864 3695 2058 3737 omncs

475 3777 824 3848 improbitate
856 3790 1143 3847 superans,
1195 3788 1427 3845 quarum
1472 3787 1689 3829 errores
1740 3773 2055 3844 complecti-

476 3878 590 3923 tur.
626 3867 759 3923 Nam
790 3868 916 3923 licet
952 3866 1163 3921 nullum
1191 3864 1556 3920 sectatoribus
1589 3865 1706 3921 suis
1740 3881 1899 3921 usum
1941 3873 2061 3921 tur—

479 3961 748 4035 pitudinis
780 3960 1044 4029 imponat.
1083 3955 1376 4013 absurdam
1408 3964 1590 4012 tamen
1631 3957 1956 4029 impiamque
1994 3959 2062 4016 de

482 4054 595 4108 Deo
630 4049 960 4107 sententiam
1006 4063 1102 4118 per
1124 4060 1393 4102 sununam
1426 4047 1816 4117 turpitudinem
1846 4048 2057 4105 inserit.

482 4142 561 4197 Ex
598 4142 702 4197 hoc
729 4140 874 4195 enim
907 4137 1055 4192 fonte
1074 4136 1281 4191 erroris
1311 4136 1395 4191 sui
1430 4152 1617 4192 ansam
1640 4138 1805 4195 Arius
1833 4139 2059 4208 accepit,

483 4247 549 4285 ac
606 4229 802 4301 reliqui
846 4227 1103 4295 deinceps
1150 4240 1361 4291 omnes,
1412 4227 1559 4282 velut
1606 4227 1857 4284 Anomuei
1908 4237 1963 4284 et
2009 4229 2063 4284 id

482 4339 656 4395 genus
682 4323 796 4376 alii.

557 4415 835 4487 Principio
866 4432 933 4471 eo
957 4416 1277 4472 temeritatis
1302 4430 1628 4486 progressus
1653 4423 1757 4477 est,
1776 4420 1836 4467 ut
1859 4421 2068 4468 asserat

487 4508 829 4581 unigenitum
866 4508 1061 4563 Filium
1100 4507 1315 4562 Patrem
1348 4506 1529 4561 videre
1558 4522 1664 4560 non
1690 4520 1870 4575 posse,
1891 4519 2068 4574 neque

2152 3324 2219 3391 τῇ
2250 3322 2358 3374 τῶν
2384 3323 2699 3391 Αἰγυπτίων
2728 3323 2882 3393 χώρα
2920 3322 3256 3393 ὑπάρχουσα,
3294 3320 3362 3373 τὰ
3391 3318 3485 3373 νῦν
3508 3317 3566 3370 δὲ
3596 3316 3731 3388 παρ’

2155 3416 2339 3479 αὐτοῖς
2358 3417 2472 3478 τοῖς
2498 3415 2875 3485 ἐξοχωτάτοις,
2894 3417 2990 3469 καὶ
3020 3413 3235 3467 δοκοῦσι
3266 3412 3356 3465 τὸν
3382 3412 3590 3483 μονήρη
3615 3409 3734 3478 βίον

2155 3506 2529 3577 ἀναδέχεσθαι,
2558 3508 2710 3579 παρὰ
2737 3510 2849 3570 τοῖς
2888 3507 3049 3577 φύσει
3092 3505 3233 3560 κατά
3261 3504 3494 3575 ἐρημίας
3518 3503 3734 3572 ἀναχω-

2160 3599 2314 3669 ροῦσί
2364 3618 2423 3653 τε
2475 3601 2568 3655 καὶ
2596 3600 2693 3671 τὴν
2736 3602 3121 3670 ἀκτήμοσὺνην
3159 3597 3461 3669 ἑλομένοις,
3486 3594 3632 3661 δεινή
3671 3608 3733 3644 τε

2159 3692 2255 3743 καὶ
2280 3690 2441 3762 αὕτη,
2489 3693 2584 3745 καὶ
2620 3691 2808 3745 πασῶν
2839 3690 2948 3744 τῶν
2979 3690 3224 3743 παλαιῶν
3257 3686 3653 3760 μοχθηροτέρα,
3696 3684 3734 3753 ἡ

2160 3782 2255 3833 καὶ
2286 3783 2382 3835 σὺν
2420 3781 2649 3846 ἐκείνοις
2688 3782 2759 3835 τά
2804 3784 2968 3852 ὃμοια
3009 3779 3301 3852 φρονοῦσα.
3346 3777 3463 3831 Κᾶν
3495 3775 3602 3847 γὰρ
3647 3773 3736 3827 αἰ-

2164 3874 2436 3945 σχρότητα
2462 3874 2727 3927 ἐπιτελεῖν
2762 3875 2823 3928 οὑ
2859 3873 3265 3945 παρασκευάζει
3293 3872 3420 3933 τοὺς
3454 3870 3590 3939 αὑτῇ
3626 3883 3735 3937 μα-

2164 3965 2590 4036 θητευομένους,
2632 3965 2750 4019 ἀλλ’
2792 3961 2886 4018 οὖν
2932 3981 2997 4033 γε
3037 3963 3103 4016 δι’
3148 3961 3503 4033 αἰσχρότητος
3558 3956 3737 4024 δεινὴν

2167 4056 2421 4109 ὑπόνοιαν
2464 4058 2543 4118 είς
2583 4056 2712 4108 αὑτὸ
2743 4056 2803 4109 τὸ
2841 4056 2993 4108 Θεῖον
3041 4054 3353 4124 ἐνσκήπτει.
3402 4050 3500 4103 Ἐκ
3546 4046 3737 4101 τούτου

2165 4145 2275 4216 γάρ
2331 4147 2424 4199 καὶ
2472 4148 2500 4199 6
2554 4147 2771 4217 Ἄρειος
2812 4144 2910 4209 τὰς
2950 4142 3251 4215 προφάσεις
3285 4139 3509 4208 εἴληφε,
3548 4136 3640 4189 xui.
3687 4134 3737 4186 οἱ

2165 4234 2420 4305 καθεξῆς,
2444 4235 2712 4305 ’Δνόμοιοί
2739 4252 2799 4288 τε
2828 4234 2921 4287 καὶ
2951 4232 3122 4286 ἄλλοι.

2237 4415 2439 4468 Φάσκει
2468 4414 2576 4486 γὰρ
2598 4408 2772 4481 οὗτος,
2801 4413 3072 4485 τολμήσας
3091 4412 3250 4482 δῆθεν
3277 4407 3415 4462 κατὰ
3447 4406 3542 4476 τὴν
3566 4402 3742 4474 ἀρχὴν

2168 4505 2367 4574 λέγειν,
2407 4506 2620 4577 πρῶτον
2650 4506 2769 4576 μὲν,
2804 4506 2885 4559 ὅτι
2909 4507 2938 4558 6
2958 4504 3085 4565 Υἱὸς
3114 4505 3141 4555 6
3178 4498 3468 4571 μονογενὴς
3494 4497 3622 4566 ὀρᾷν
3651 4493 3743 4548 τὸν

491 4602 757 4672 Spiritum
793 4598 1012 4663 Filium,
1074 4615 1249 4669 neque
1304 4599 1527 4668 angelos
1574 4595 1857 4667 Spiritum,
1893 4610 2049 4665 uequt

2174 4597 2394 4668 Πατέρα
2420 4596 2482 4648 οὑ
2518 4593 2770 4649 δύναται·
2812 4594 2947 4649 ἀλλὰ
2982 4593 3104 4647 οὔτε
3134 4592 3195 4645 τὸ
3228 4588 3450 4659 Πνεῦμα
3488 4587 3579 4639 τὸν
3614 4584 3744 4638 Υίὸν

488 4691 742 4747 homines
790 4690 1033 4761 angelos.
1063 4689 1241 4760 Atque
1293 4690 1381 4744 hic
1436 4691 1646 4761 primus
1700 4688 1846 4743 illius
1884 4688 2072 4757 lapsus

490 4782 615 4837 fuit.
647 4779 726 4836 ita
774 4782 922 4837 enim
973 4798 1039 4838 ex
1106 4780 1284 4837 Patris
1341 4779 1647 4835 substantia
1706 4776 1902 4831 Filium
1950 4790 2073 4830 esse

488 4882 704 4943 censet,
750 4882 808 4929 ut
838 4874 1200 4929 nihilominus
1239 4880 1461 4927 creatus
1517 4870 1701 4925 fuerit.
1728 4869 1899 4935 Quem
1946 4868 2074 4938 qui-

490 4968 615 5024 dem
647 4968 764 5023 sola
799 4966 855 5022 id
888 4967 1060 5038 gratia
1089 4972 1444 5022 consecutum
1492 4962 1789 5027 existimat,
1821 4969 1879 5015 ut
1903 4958 2076 5014 Filius

492 5060 793 5115 diceretur.
829 5056 936 5113 Sed
996 5057 1119 5112 aliis
1179 5057 1337 5127 longe
1393 5054 1740 5127 gravioribus
1791 5051 2075 5108 erroribus

494 5151 806 5225 implicatus
843 5158 948 5205 est.
993 5147 1130 5203 Nam
1164 5149 1400 5202 animam
1450 5144 1689 5201 hominis
1717 5151 1844 5200 ante
1876 5157 2078 5214 corpus

484 5245 776 5300 exstitisse
802 5250 976 5315 putat,
1011 5250 1067 5298 et
1116 5241 1336 5297 easdem
1377 5241 1600 5310 angelos
1628 5254 1771 5304 esse,
1824 5238 2081 5293 virtutes-

498 5353 607 5409 que
654 5338 988 5408 superiores,
1048 5352 1171 5408 quaa
1226 5334 1369 5408 quod
1426 5342 1649 5406 peccata
1682 5330 2077 5393 contraxerint,

503 5431 759 5503 supplicii
790 5446 955 5486 causa
989 5431 1044 5485 in
1079 5429 1183 5484 hoc
1210 5443 1414 5499 corpus
1442 5427 1667 5482 inclusa:
1697 5436 1861 5493 sunt;
1888 5423 2076 5495 proin-

500 5523 679 5595 deque
706 5526 772 5577 ad
808 5536 999 5593 poenas
1026 5520 1345 5578 subeundas
1387 5537 1419 5576 a
1466 5518 1578 5576 Deo
1615 5518 1867 5589 relegari,
1904 5526 1963 5571 ut
1990 5515 2080 5570 hic

497 5614 689 5689 iudicii
723 5615 923 5686 prioris
978 5614 1388 5671 damnationem
1425 5613 1751 5671 sustineant.
1792 5608 1966 5677 Quam
2009 5607 2082 5664 ob

595 5775 616 5806 ί
646 5771 833 5832 Hanca
866 5782 949 5832 est
976 5773 1170 5829 oratio.

2169 4684 2393 4739 δύναται
2419 4684 2735 4749 θεάσασθαι,
2760 4684 2880 4738 οὕτε
2907 4684 3013 4756 μὴν
3034 4682 3254 4752 ἄγγελοι
3276 4681 3335 4734 τὸ
3353 4678 3597 4750 Πνεῦμα,
3620 4674 3749 4729 οὔτε

2170 4778 2220 4830 oi
2258 4777 2534 4847 ἄνθρωποι
2558 4778 2683 4841 τοὺς
2719 4776 3005 4846 ἀγγέλους.
3045 4778 3155 4829 Καὶ
3178 4775 3315 4845 αὕτη
3353 4771 3547 4842 πρώτη
3578 4768 3747 4822 αὑτοῦ

2172 4873 2206 4941 ή
2241 4871 2465 4934 πτῶσις.
2506 4871 2601 4923 Ἐκ
2632 4868 2742 4940 γὰρ
2793 4871 2893 4940 τῆς
2930 4867 3116 4931 οὐσίας
3156 4865 3251 4919 τοῦ
3304 4862 3518 4933 Πατρδς
3559 4860 3750 4915 τοῦτον

2173 4964 2506 5032 εἰσηγεῖται,
2548 4961 2762 5014 κτιστὸν
2802 4960 2860 5013 δὲ
2910 4959 3046 5029 ἅμα.
3099 4956 3355 5009 Βούλεται
3398 4953 3454 5006 δὲ
3493 4951 3568 5015 ὡς
3609 4950 3753 5003 κατὰ

2174 5056 2333 5126 χάριν
2360 5055 2451 5107 τὸν
2494 5054 2621 5107 Υίὸν
2652 5054 2813 5107 αὑτὸν
2855 5051 3135 5107 καλεῖσθαι
3171 5050 3369 5118 λέγειν.
3406 5046 3530 5100 Εἰσὶ
3570 5044 3625 5097 δὲ
3658 5044 3752 5096 καὶ

2174 5144 2332 5199 ἄλλαι
2370 5143 2533 5196 αὑτοῦ
2576 5142 2809 5205 πτώσεις
2857 5141 3094 5213 μείζους.
3141 5138 3251 5208 Τὴν
3285 5134 3462 5205 ψυχήν
3497 5131 3605 5201 γάρ
3654 5130 3757 5197 τὴν

2176 5235 2517 5307 ἀνθρωπείαν
2548 5236 2695 5304 λέγει
2736 5232 3134 5306 προϋπάρχειν,
3166 5228 3431 5297 ἀγγέλους
3463 5224 3520 5277 δὲ
3552 5222 3756 5281 ταύτας

2179 5324 2348 5390 εἶναι,
2404 5328 2497 5380 καὶ
2528 5327 2787 5396 δυνάμεις
2824 5327 2962 5390 ἄνω,
3006 5328 3064 5377 ἐν
3109 5320 3403 5393 ἁμαρτίαις
3441 5316 3500 5370 δέ
3537 5312 3754 5384 ἀμπλα-

2186 5420 2453 5491 κησάσας,
2486 5421 2580 5473 καὶ
2611 5419 2799 5471 τούτου
2830 5419 3013 5471 ἕνεκεν
3040 5418 3118 5479 είς
3146 5415 3301 5467 τοῦτο
3326 5414 3386 5467 τὸ
3416 5413 3575 5483 σῶμα
3598 5425 3754 5465 κατα-

2188 5511 2598 5583 κεκλεισμένας.
2652 5511 2980 5581 Πεπέμφθαι
3032 5509 3088 5562 δὲ
3129 5508 3239 5562 άπὸ
3291 5506 3427 5560 Θεοῦ
3466 5508 3546 5569 εἰς
3583 5522 3753 5576 τιμω-

2192 5606 2352 5677 ρίαν,
2385 5606 2533 5669 ὃπως
2586 5603 2820 5659 ἐνταῦθα
2875 5602 3109 5676 πρώτην
3145 5600 3327 5672 κρίσιν
3390 5598 3756 5664 ὑποδέξονται.
