  <div class='ocr_page' id='page_1' title='image "/cluster/home/n/w/nwhite01/storage/ocr_20150623/41/nnc1.0046978747/618.png"; bbox 0 0 4082 6394; ppageno 0'>
   <div class='ocr_carea' id='block_1_1' title="bbox 346 330 479 386">
    <p class='ocr_par' dir='ltr' id='par_1_1' title="bbox 346 330 479 386">
     <span class='ocr_line' id='line_1_1' title="bbox 346 330 479 386; baseline 0.008 -2"><span class='ocrx_word' id='word_1_1' title='bbox 346 330 479 386; x_wconf 71' lang='grc'><strong>1071</strong></span> 
     </span>
    </p>
   </div>
   <div class='ocr_carea' id='block_1_2' title="bbox 1006 333 1911 397">
    <p class='ocr_par' dir='ltr' id='par_1_2' title="bbox 1006 335 1909 397">
     <span class='ocr_line' id='line_1_2' title="bbox 1006 335 1909 397; baseline 0.007 -8"><span class='ocrx_word' id='word_1_2' title='bbox 1006 335 1377 393; x_wconf 79' lang='lat' dir='ltr'><strong>ADVERSUS</strong></span> <span class='ocrx_word' id='word_1_3' title='bbox 1416 336 1762 397; x_wconf 62' lang='lat' dir='ltr'><strong>llIERESES</strong></span> <span class='ocrx_word' id='word_1_4' title='bbox 1798 341 1909 397; x_wconf 84' lang='lat' dir='ltr'><strong>LIB</strong></span> 
     </span>
    </p>
   </div>
   <div class='ocr_carea' id='block_1_3' title="bbox 2011 333 2905 397">
    <p class='ocr_par' dir='ltr' id='par_1_3' title="bbox 2016 333 2905 394">
     <span class='ocr_line' id='line_1_3' title="bbox 2016 333 2905 394; baseline -0.009 0"><span class='ocrx_word' id='word_1_5' title='bbox 2016 383 2026 394; x_wconf 95' lang='lat'><strong>.</strong></span> <span class='ocrx_word' id='word_1_6' title='bbox 2069 337 2231 392; x_wconf 81' lang='grc' dir='ltr'>ΤΟΜ.</span> <span class='ocrx_word' id='word_1_7' title='bbox 2265 336 2389 392; x_wconf 89' lang='grc'><strong>1.-</strong></span> <span class='ocrx_word' id='word_1_8' title='bbox 2412 334 2685 389; x_wconf 67' lang='grc' dir='ltr'><strong>ΙΙιΈΙῖΕΞ.</strong></span> <span class='ocrx_word' id='word_1_9' title='bbox 2722 333 2905 387; x_wconf 81' lang='lat' dir='ltr'><strong>LXIV.</strong></span> 
     </span>
    </p>
   </div>
   <div class='ocr_carea' id='block_1_4' title="bbox 3439 329 3581 386">
    <p class='ocr_par' dir='ltr' id='par_1_4' title="bbox 3439 329 3581 386">
     <span class='ocr_line' id='line_1_4' title="bbox 3439 329 3581 386; baseline 0.021 -3"><span class='ocrx_word' id='word_1_10' title='bbox 3439 329 3581 386; x_wconf 72' lang='lat'><strong>1078</strong></span> 
     </span>
    </p>
   </div>
   <div class='ocr_carea' id='block_1_5' title="bbox 345 448 1911 530">
    <p class='ocr_par' dir='ltr' id='par_1_5' title="bbox 345 451 1908 530">
     <span class='ocr_line' id='line_1_5' title="bbox 345 451 1908 530; baseline 0.006 -29"><span class='ocrx_word' id='word_1_11' title='bbox 345 451 560 522; x_wconf 83' lang='grc' dir='ltr'><strong>Διόπερ,</strong></span> <span class='ocrx_word' id='word_1_12' title='bbox 598 454 749 520; x_wconf 76' lang='grc' dir='ltr'>φησὶ,</span> <span class='ocrx_word' id='word_1_13' title='bbox 785 455 879 508; x_wconf 80' lang='grc' dir='ltr'>καὶ</span> <span class='ocrx_word' id='word_1_14' title='bbox 913 455 1082 525; x_wconf 82' lang='grc' dir='ltr'><strong>δέμας</strong></span> <span class='ocrx_word' id='word_1_15' title='bbox 1119 456 1380 527; x_wconf 79' lang='grc' dir='ltr'>κέκληται</span> <span class='ocrx_word' id='word_1_16' title='bbox 1409 459 1469 511; x_wconf 85' lang='grc' dir='ltr'>τὸ</span> <span class='ocrx_word' id='word_1_17' title='bbox 1506 461 1687 530; x_wconf 85' lang='grc' dir='ltr'>σῶμα,</span> <span class='ocrx_word' id='word_1_18' title='bbox 1726 462 1814 514; x_wconf 87' lang='grc' dir='ltr'><strong>διά</strong></span> <span class='ocrx_word' id='word_1_19' title='bbox 1847 460 1908 512; x_wconf 85' lang='grc' dir='ltr'>τὸ</span> 
     </span>
    </p>
   </div>
   <div class='ocr_carea' id='block_1_6' title="bbox 2011 448 3580 530">
    <p class='ocr_par' dir='ltr' id='par_1_6' title="bbox 2011 448 3580 524">
     <span class='ocr_line' id='line_1_6' title="bbox 2011 448 3580 524; baseline -0.006 -12"><span class='ocrx_word' id='word_1_20' title='bbox 2011 472 2251 522; x_wconf 86' lang='lat' dir='ltr'><strong>causam,</strong></span> <span class='ocrx_word' id='word_1_21' title='bbox 2282 456 2379 522; x_wconf 90' lang='lat' dir='ltr'><strong>ait,</strong></span> <span class='ocrx_word' id='word_1_22' title='bbox 2420 463 2476 512; x_wconf 88' lang='lat' dir='ltr'><strong>et</strong></span> <span class='ocrx_word' id='word_1_23' title='bbox 2514 469 2713 523; x_wconf 90' lang='lat' dir='ltr'><strong>corpus</strong></span> <span class='ocrx_word' id='word_1_24' title='bbox 2757 454 2926 524; x_wconf 83' lang='grc' dir='ltr'><strong>δέμας</strong></span> <span class='ocrx_word' id='word_1_25' title='bbox 2967 450 3251 522; x_wconf 83' lang='lat' dir='ltr'><strong>appellari,</strong></span> <span class='ocrx_word' id='word_1_26' title='bbox 3278 448 3422 520; x_wconf 89' lang='lat' dir='ltr'><strong>quod</strong></span> <span class='ocrx_word' id='word_1_27' title='bbox 3456 464 3580 504; x_wconf 73' lang='lat' dir='ltr'><strong>cor-</strong></span> 
     </span>
    </p>
   </div>
   <div class='ocr_carea' id='block_1_7' title="bbox 343 540 1911 621">
    <p class='ocr_par' dir='ltr' id='par_1_7' title="bbox 343 540 1911 621">
     <span class='ocr_line' id='line_1_7' title="bbox 343 540 1911 621; baseline 0.007 -29"><span class='ocrx_word' id='word_1_28' title='bbox 343 540 580 593; x_wconf 81' lang='grc' dir='ltr'><strong>δεδέσθαι</strong></span> <span class='ocrx_word' id='word_1_29' title='bbox 633 544 731 614; x_wconf 79' lang='grc' dir='ltr'>τὴν</span> <span class='ocrx_word' id='word_1_30' title='bbox 767 544 945 616; x_wconf 77' lang='grc' dir='ltr'>ψυχὴν</span> <span class='ocrx_word' id='word_1_31' title='bbox 987 547 1045 599; x_wconf 90' lang='grc' dir='ltr'><strong>ἐν</strong></span> <span class='ocrx_word' id='word_1_32' title='bbox 1090 545 1170 616; x_wconf 82' lang='grc' dir='ltr'>τῷ</span> <span class='ocrx_word' id='word_1_33' title='bbox 1216 547 1465 619; x_wconf 76' lang='grc' dir='ltr'>σώματιο</span> <span class='ocrx_word' id='word_1_34' title='bbox 1524 550 1621 621; x_wconf 84' lang='grc' dir='ltr'>τὴν</span> <span class='ocrx_word' id='word_1_35' title='bbox 1678 550 1911 605; x_wconf 83' lang='grc' dir='ltr'>παλαιὰν</span> 
     </span>
    </p>
   </div>
   <div class='ocr_carea' id='block_1_8' title="bbox 354 628 1912 710">
    <p class='ocr_par' dir='ltr' id='par_1_8' title="bbox 354 628 1912 710">
     <span class='ocr_line' id='line_1_8' title="bbox 354 628 1912 710; baseline 0.008 -30"><span class='ocrx_word' id='word_1_36' title='bbox 354 628 618 697; x_wconf 83' lang='grc' dir='ltr'><strong>Ἐλλήνων</strong></span> <span class='ocrx_word' id='word_1_37' title='bbox 652 632 865 702; x_wconf 86' lang='grc' dir='ltr'><strong>μυθώδη</strong></span> <span class='ocrx_word' id='word_1_38' title='bbox 896 634 1146 688; x_wconf 81' lang='grc' dir='ltr'><strong>ὑπόνοιαν</strong></span> <span class='ocrx_word' id='word_1_39' title='bbox 1164 638 1595 710; x_wconf 78' lang='grc' dir='ltr'><strong>φανταζόμενος.</strong></span> <span class='ocrx_word' id='word_1_40' title='bbox 1622 642 1715 703; x_wconf 84' lang='grc' dir='ltr'><strong>Εἰς</strong></span> <span class='ocrx_word' id='word_1_41' title='bbox 1742 640 1912 694; x_wconf 80' lang='grc' dir='ltr'>ταῦτα</span> 
     </span>
    </p>
   </div>
   <div class='ocr_carea' id='block_1_9' title="bbox 341 718 1912 802">
    <p class='ocr_par' dir='ltr' id='par_1_9' title="bbox 341 718 1912 802">
     <span class='ocr_line' id='line_1_9' title="bbox 341 718 1912 802; baseline 0.008 -29"><span class='ocrx_word' id='word_1_42' title='bbox 341 718 398 773; x_wconf 84' lang='grc' dir='ltr'>δὲ</span> <span class='ocrx_word' id='word_1_43' title='bbox 419 723 511 772; x_wconf 74' lang='grc' dir='ltr'>καὶ</span> <span class='ocrx_word' id='word_1_44' title='bbox 541 721 741 797; x_wconf 82' lang='grc' dir='ltr'>μύθους</span> <span class='ocrx_word' id='word_1_45' title='bbox 774 723 1274 798; x_wconf 82' lang='grc' dir='ltr'>ἐκτίθεται.Ψυχὴν</span> <span class='ocrx_word' id='word_1_46' title='bbox 1303 729 1432 801; x_wconf 83' lang='grc' dir='ltr'>γὰρ,</span> <span class='ocrx_word' id='word_1_47' title='bbox 1455 734 1608 802; x_wconf 81' lang='grc' dir='ltr'>φησὶ,</span> <span class='ocrx_word' id='word_1_48' title='bbox 1641 731 1729 784; x_wconf 89' lang='grc' dir='ltr'><strong>διά</strong></span> <span class='ocrx_word' id='word_1_49' title='bbox 1757 731 1912 785; x_wconf 86' lang='grc' dir='ltr'>τοῦτο</span> 
     </span>
    </p>
   </div>
   <div class='ocr_carea' id='block_1_10' title="bbox 343 810 1330 891">
    <p class='ocr_par' dir='ltr' id='par_1_10' title="bbox 343 810 1330 891">
     <span class='ocr_line' id='line_1_10' title="bbox 343 810 1330 891; baseline 0.013 -29"><span class='ocrx_word' id='word_1_50' title='bbox 343 810 632 877; x_wconf 81' lang='grc' dir='ltr'><strong>καλοῦμεν,</strong></span> <span class='ocrx_word' id='word_1_51' title='bbox 654 813 742 867; x_wconf 81' lang='grc' dir='ltr'><strong>διά</strong></span> <span class='ocrx_word' id='word_1_52' title='bbox 764 815 825 868; x_wconf 86' lang='grc' dir='ltr'>τὸ</span> <span class='ocrx_word' id='word_1_53' title='bbox 852 816 1057 875; x_wconf 80' lang='grc' dir='ltr'>ἀνωθεν</span> <span class='ocrx_word' id='word_1_54' title='bbox 1082 818 1330 891; x_wconf 76' lang='grc' dir='ltr'>ἐψύχθαι.</span> 
     </span>
    </p>
   </div>
   <div class='ocr_carea' id='block_1_11' title="bbox 411 987 1912 1060">
    <p class='ocr_par' dir='ltr' id='par_1_11' title="bbox 411 987 1912 1060">
     <span class='ocr_line' id='line_1_11' title="bbox 411 987 1912 1060; baseline 0.009 -23"><span class='ocrx_word' id='word_1_55' title='bbox 411 987 728 1060; x_wconf 84' lang='grc' dir='ltr'>Μαρτυρίας</span> <span class='ocrx_word' id='word_1_56' title='bbox 747 991 801 1045; x_wconf 88' lang='grc' dir='ltr'>δὲ</span> <span class='ocrx_word' id='word_1_57' title='bbox 824 993 965 1047; x_wconf 86' lang='grc' dir='ltr'><strong>κατά</strong></span> <span class='ocrx_word' id='word_1_58' title='bbox 982 994 1071 1049; x_wconf 79' lang='grc' dir='ltr'>τὸν</span> <span class='ocrx_word' id='word_1_59' title='bbox 1100 995 1228 1049; x_wconf 83' lang='grc' dir='ltr'>ἴδιον</span> <span class='ocrx_word' id='word_1_60' title='bbox 1255 995 1379 1050; x_wconf 86' lang='grc' dir='ltr'>νοῦν</span> <span class='ocrx_word' id='word_1_61' title='bbox 1400 997 1784 1053; x_wconf 83' lang='grc' dir='ltr'>ἐπιπλάττεται</span> <span class='ocrx_word' id='word_1_62' title='bbox 1804 998 1912 1053; x_wconf 88' lang='grc' dir='ltr'>ἀπὸ</span> 
     </span>
    </p>
   </div>
   <div class='ocr_carea' id='block_1_12' title="bbox 342 1076 1912 1159">
    <p class='ocr_par' dir='ltr' id='par_1_12' title="bbox 342 1076 1912 1159">
     <span class='ocr_line' id='line_1_12' title="bbox 342 1076 1912 1159; baseline 0.01 -32"><span class='ocrx_word' id='word_1_63' title='bbox 342 1076 450 1129; x_wconf 87' lang='grc' dir='ltr'><strong>τῶν</strong></span> <span class='ocrx_word' id='word_1_64' title='bbox 474 1078 630 1134; x_wconf 90' lang='grc' dir='ltr'>θείων</span> <span class='ocrx_word' id='word_1_65' title='bbox 664 1082 918 1153; x_wconf 87' lang='grc' dir='ltr'>Γραφῶν,</span> <span class='ocrx_word' id='word_1_66' title='bbox 955 1087 1053 1158; x_wconf 84' lang='grc' dir='ltr'>οὐχ</span> <span class='ocrx_word' id='word_1_67' title='bbox 1097 1087 1270 1152; x_wconf 81' lang='grc' dir='ltr'>οὕτως</span> <span class='ocrx_word' id='word_1_68' title='bbox 1303 1088 1559 1159; x_wconf 86' lang='grc' dir='ltr'>ἐχούσας,</span> <span class='ocrx_word' id='word_1_69' title='bbox 1589 1089 1708 1143; x_wconf 86' lang='grc' dir='ltr'>οὐδέ</span> <span class='ocrx_word' id='word_1_70' title='bbox 1743 1089 1912 1153; x_wconf 80' lang='grc' dir='ltr'>οὕτως</span> 
     </span>
    </p>
   </div>
   <div class='ocr_carea' id='block_1_13' title="bbox 343 1169 1910 1256">
    <p class='ocr_par' dir='ltr' id='par_1_13' title="bbox 343 1169 1910 1256">
     <span class='ocr_line' id='line_1_13' title="bbox 343 1169 1910 1256; baseline 0.018 -33"><span class='ocrx_word' id='word_1_71' title='bbox 343 1169 646 1243; x_wconf 84' lang='grc' dir='ltr'>δεδομένας.</span> <span class='ocrx_word' id='word_1_72' title='bbox 662 1177 734 1229; x_wconf 87' lang='grc' dir='ltr'>Τὸ</span> <span class='ocrx_word' id='word_1_73' title='bbox 753 1177 861 1251; x_wconf 90' lang='grc' dir='ltr'><strong>γάρ</strong></span> <span class='ocrx_word' id='word_1_74' title='bbox 881 1182 1075 1246; x_wconf 73' lang='grc' dir='ltr'>εἰπεῖν,</span> <span class='ocrx_word' id='word_1_75' title='bbox 1100 1185 1250 1253; x_wconf 78' lang='grc' dir='ltr'>φησὶ,</span> <span class='ocrx_word' id='word_1_76' title='bbox 1268 1182 1357 1236; x_wconf 88' lang='grc' dir='ltr'>τὸν</span> <span class='ocrx_word' id='word_1_77' title='bbox 1388 1185 1704 1256; x_wconf 80' lang='grc' dir='ltr'>Προφήτην,</span> <span class='ocrx_word' id='word_1_78' title='bbox 1724 1182 1910 1253; x_wconf 78' lang='grc' dir='ltr'>Πρινὴ</span> 
     </span>
    </p>
   </div>
   <div class='ocr_carea' id='block_1_14' title="bbox 343 1264 1909 1347">
    <p class='ocr_par' dir='ltr' id='par_1_14' title="bbox 343 1264 1909 1347">
     <span class='ocr_line' id='line_1_14' title="bbox 343 1264 1909 1347; baseline 0.015 -32"><span class='ocrx_word' id='word_1_79' title='bbox 343 1268 778 1336; x_wconf 75' lang='grc' dir='ltr'>ταπεινωθῆναι</span> <span class='ocrx_word' id='word_1_80' title='bbox 808 1288 905 1341; x_wconf 84' lang='grc' dir='ltr'><strong>με,</strong></span> <span class='ocrx_word' id='word_1_81' title='bbox 944 1272 1059 1342; x_wconf 72' lang='grc' dir='ltr'><strong>ἐγὼ</strong></span> <span class='ocrx_word' id='word_1_82' title='bbox 1090 1274 1564 1344; x_wconf 68' lang='grc' dir='ltr'>ἐπλημμέλησα,</span> <span class='ocrx_word' id='word_1_83' title='bbox 1619 1264 1909 1347; x_wconf 68' lang='grc' dir='ltr'><strong>ὲεαὺτῆς,</strong></span> 
     </span>
    </p>
   </div>
   <div class='ocr_carea' id='block_1_15' title="bbox 344 1355 1913 1437">
    <p class='ocr_par' dir='ltr' id='par_1_15' title="bbox 344 1355 1913 1437">
     <span class='ocr_line' id='line_1_15' title="bbox 344 1355 1913 1437; baseline -0.002 -16"><span class='ocrx_word' id='word_1_84' title='bbox 344 1355 497 1421; x_wconf 72' lang='grc' dir='ltr'>φησὶ,</span> <span class='ocrx_word' id='word_1_85' title='bbox 528 1358 626 1428; x_wconf 82' lang='grc' dir='ltr'>τῆς</span> <span class='ocrx_word' id='word_1_86' title='bbox 662 1360 840 1431; x_wconf 71' lang='grc' dir='ltr'>ψυχῆς</span> <span class='ocrx_word' id='word_1_87' title='bbox 867 1365 896 1416; x_wconf 89' lang='grc' dir='ltr'>ὁ</span> <span class='ocrx_word' id='word_1_88' title='bbox 928 1362 1105 1433; x_wconf 83' lang='grc' dir='ltr'><strong>λόγος,</strong></span> <span class='ocrx_word' id='word_1_89' title='bbox 1136 1364 1211 1429; x_wconf 86' lang='grc' dir='ltr'>ὡς</span> <span class='ocrx_word' id='word_1_90' title='bbox 1241 1366 1352 1419; x_wconf 87' lang='grc' dir='ltr'>ἄνω</span> <span class='ocrx_word' id='word_1_91' title='bbox 1381 1367 1438 1419; x_wconf 90' lang='grc' dir='ltr'><strong>ἐν</strong></span> <span class='ocrx_word' id='word_1_92' title='bbox 1470 1366 1683 1437; x_wconf 80' lang='grc' dir='ltr'>οὐρανῷ</span> <span class='ocrx_word' id='word_1_93' title='bbox 1705 1366 1913 1437; x_wconf 85' lang='grc' dir='ltr'>ἐπλημ-</span> 
     </span>
    </p>
   </div>
   <div class='ocr_carea' id='block_1_16' title="bbox 345 1445 1914 1531">
    <p class='ocr_par' dir='ltr' id='par_1_16' title="bbox 345 1445 1914 1531">
     <span class='ocr_line' id='line_1_16' title="bbox 345 1445 1914 1531; baseline 0.006 -29"><span class='ocrx_word' id='word_1_94' title='bbox 345 1445 567 1516; x_wconf 82' lang='grc' dir='ltr'>μέλησε,</span> <span class='ocrx_word' id='word_1_95' title='bbox 606 1453 769 1524; x_wconf 81' lang='grc' dir='ltr'>πρινὴ</span> <span class='ocrx_word' id='word_1_96' title='bbox 805 1456 863 1507; x_wconf 85' lang='grc' dir='ltr'><strong>ἐν</strong></span> <span class='ocrx_word' id='word_1_97' title='bbox 892 1454 971 1525; x_wconf 85' lang='grc' dir='ltr'>τῷ</span> <span class='ocrx_word' id='word_1_98' title='bbox 996 1456 1204 1527; x_wconf 83' lang='grc' dir='ltr'>σώματι</span> <span class='ocrx_word' id='word_1_99' title='bbox 1225 1458 1681 1512; x_wconf 85' lang='grc' dir='ltr'><strong>τεταπεινῶσθαι·</strong></span> <span class='ocrx_word' id='word_1_100' title='bbox 1718 1460 1812 1513; x_wconf 74' lang='grc' dir='ltr'>καὶ</span> <span class='ocrx_word' id='word_1_101' title='bbox 1835 1459 1914 1531; x_wconf 86' lang='grc' dir='ltr'>τῷ</span> 
     </span>
    </p>
   </div>
   <div class='ocr_carea' id='block_1_17' title="bbox 346 1536 1914 1620">
    <p class='ocr_par' dir='ltr' id='par_1_17' title="bbox 346 1536 1914 1620">
     <span class='ocr_line' id='line_1_17' title="bbox 346 1536 1914 1620; baseline 0.022 -34"><span class='ocrx_word' id='word_1_102' title='bbox 346 1536 551 1603; x_wconf 83' lang='grc' dir='ltr'>είπείν,</span> <span class='ocrx_word' id='word_1_103' title='bbox 597 1543 789 1611; x_wconf 77' lang='grc' dir='ltr'>φησὶν,</span> <span class='ocrx_word' id='word_1_104' title='bbox 830 1545 1248 1616; x_wconf 71' lang='grc' dir='ltr'>Ἐπίστρεψον,</span> <span class='ocrx_word' id='word_1_105' title='bbox 1294 1550 1465 1617; x_wconf 64' lang='grc' dir='ltr'>ψυχή</span> <span class='ocrx_word' id='word_1_106' title='bbox 1505 1569 1643 1618; x_wconf 81' lang='grc' dir='ltr'>μου.</span> <span class='ocrx_word' id='word_1_107' title='bbox 1687 1553 1771 1617; x_wconf 77' lang='grc' dir='ltr'>εὶς</span> <span class='ocrx_word' id='word_1_108' title='bbox 1800 1551 1914 1620; x_wconf 70' lang='grc' dir='ltr'><strong>τὴν</strong></span> 
     </span>
    </p>
   </div>
   <div class='ocr_carea' id='block_1_18' title="bbox 343 1625 1914 1709">
    <p class='ocr_par' dir='ltr' id='par_1_18' title="bbox 343 1625 1914 1709">
     <span class='ocr_line' id='line_1_18' title="bbox 343 1625 1914 1709; baseline 0.011 -33"><span class='ocrx_word' id='word_1_109' title='bbox 343 1625 694 1684; x_wconf 74' lang='grc' dir='ltr'>ἀνάπαυσιν</span> <span class='ocrx_word' id='word_1_110' title='bbox 721 1648 859 1699; x_wconf 85' lang='grc' dir='ltr'>σου,</span> <span class='ocrx_word' id='word_1_111' title='bbox 894 1634 969 1699; x_wconf 82' lang='grc' dir='ltr'>ὡς</span> <span class='ocrx_word' id='word_1_112' title='bbox 1008 1638 1102 1690; x_wconf 92' lang='grc' dir='ltr'><strong>τοῦ</strong></span> <span class='ocrx_word' id='word_1_113' title='bbox 1146 1638 1650 1709; x_wconf 84' lang='grc' dir='ltr'>ἀνδραγαθήσαντος</span> <span class='ocrx_word' id='word_1_114' title='bbox 1684 1639 1914 1693; x_wconf 87' lang='grc' dir='ltr'>ἐνταῦθα</span> 
     </span>
    </p>
   </div>
   <div class='ocr_carea' id='block_1_19' title="bbox 343 1717 1914 1803">
    <p class='ocr_par' dir='ltr' id='par_1_19' title="bbox 343 1717 1914 1803">
     <span class='ocr_line' id='line_1_19' title="bbox 343 1717 1914 1803; baseline 0.011 -35"><span class='ocrx_word' id='word_1_115' title='bbox 343 1717 401 1768; x_wconf 89' lang='grc' dir='ltr'><strong>ἐν</strong></span> <span class='ocrx_word' id='word_1_116' title='bbox 428 1718 763 1795; x_wconf 82' lang='grc' dir='ltr'>ἀγαθοεργίᾳ</span> <span class='ocrx_word' id='word_1_117' title='bbox 800 1726 1215 1799; x_wconf 80' lang='grc' dir='ltr'>ἐπιστρέφοντος</span> <span class='ocrx_word' id='word_1_118' title='bbox 1248 1731 1328 1792; x_wconf 83' lang='grc' dir='ltr'><strong>είς</strong></span> <span class='ocrx_word' id='word_1_119' title='bbox 1353 1732 1454 1803; x_wconf 85' lang='grc' dir='ltr'>τὴν</span> <span class='ocrx_word' id='word_1_120' title='bbox 1477 1731 1588 1784; x_wconf 84' lang='grc' dir='ltr'><strong>ἀνω</strong></span> <span class='ocrx_word' id='word_1_121' title='bbox 1608 1732 1914 1785; x_wconf 81' lang='grc' dir='ltr'>ἀνάπαυσιν</span> 
     </span>
    </p>
   </div>
   <div class='ocr_carea' id='block_1_20' title="bbox 2014 542 3585 620">
    <p class='ocr_par' dir='ltr' id='par_1_20' title="bbox 2014 542 3585 620">
     <span class='ocr_line' id='line_1_20' title="bbox 2014 542 3585 620; baseline -0.008 -17"><span class='ocrx_word' id='word_1_122' title='bbox 2014 550 2133 620; x_wconf 88' lang='lat' dir='ltr'><strong>pori</strong></span> <span class='ocrx_word' id='word_1_123' title='bbox 2186 548 2389 619; x_wconf 88' lang='lat' dir='ltr'><strong>illigata</strong></span> <span class='ocrx_word' id='word_1_124' title='bbox 2447 546 2519 602; x_wconf 92' lang='lat' dir='ltr'><strong>sit</strong></span> <span class='ocrx_word' id='word_1_125' title='bbox 2570 547 2770 600; x_wconf 84' lang='lat' dir='ltr'><strong>anima.</strong></span> <span class='ocrx_word' id='word_1_126' title='bbox 2818 544 2877 598; x_wconf 93' lang='lat' dir='ltr'><strong>In</strong></span> <span class='ocrx_word' id='word_1_127' title='bbox 2927 560 3037 613; x_wconf 89' lang='lat' dir='ltr'><strong>quo</strong></span> <span class='ocrx_word' id='word_1_128' title='bbox 3062 554 3239 597; x_wconf 88' lang='lat' dir='ltr'><strong>vetera</strong></span> <span class='ocrx_word' id='word_1_129' title='bbox 3267 542 3585 596; x_wconf 72' lang='lat' dir='ltr'><strong>Graecorum</strong></span> 
     </span>
    </p>
   </div>
   <div class='ocr_carea' id='block_1_21' title="bbox 2013 631 3580 709">
    <p class='ocr_par' dir='ltr' id='par_1_21' title="bbox 2013 631 3580 709">
     <span class='ocr_line' id='line_1_21' title="bbox 2013 631 3580 709; baseline -0.01 -13"><span class='ocrx_word' id='word_1_130' title='bbox 2013 641 2225 696; x_wconf 86' lang='lat' dir='ltr'><strong>somnia</strong></span> <span class='ocrx_word' id='word_1_131' title='bbox 2272 655 2337 693; x_wconf 89' lang='lat' dir='ltr'><strong>ac</strong></span> <span class='ocrx_word' id='word_1_132' title='bbox 2395 654 2569 709; x_wconf 90' lang='lat' dir='ltr'><strong>nugas</strong></span> <span class='ocrx_word' id='word_1_133' title='bbox 2609 638 2822 692; x_wconf 75' lang='lat' dir='ltr'><strong>retexit.</strong></span> <span class='ocrx_word' id='word_1_134' title='bbox 2855 636 2997 703; x_wconf 87' lang='lat' dir='ltr'><strong>Quin</strong></span> <span class='ocrx_word' id='word_1_135' title='bbox 3030 632 3323 689; x_wconf 88' lang='lat' dir='ltr'><strong>nonnullas</strong></span> <span class='ocrx_word' id='word_1_136' title='bbox 3343 631 3409 685; x_wconf 90' lang='lat' dir='ltr'><strong>ad</strong></span> <span class='ocrx_word' id='word_1_137' title='bbox 3432 646 3580 685; x_wconf 89' lang='lat' dir='ltr'><strong>eam-</strong></span> 
     </span>
    </p>
   </div>
   <div class='ocr_carea' id='block_1_22' title="bbox 2013 720 3579 785">
    <p class='ocr_par' dir='ltr' id='par_1_22' title="bbox 2013 720 3579 785">
     <span class='ocr_line' id='line_1_22' title="bbox 2013 720 3579 785; baseline -0.009 0"><span class='ocrx_word' id='word_1_138' title='bbox 2013 730 2137 785; x_wconf 85' lang='lat' dir='ltr'><strong>dem</strong></span> <span class='ocrx_word' id='word_1_139' title='bbox 2166 728 2490 785; x_wconf 85' lang='lat' dir='ltr'><strong>sententiam</strong></span> <span class='ocrx_word' id='word_1_140' title='bbox 2525 727 2738 781; x_wconf 79' lang='lat' dir='ltr'><strong>fabulas</strong></span> <span class='ocrx_word' id='word_1_141' title='bbox 2765 725 3158 780; x_wconf 77' lang='lat' dir='ltr'><strong>accommodat.</strong></span> <span class='ocrx_word' id='word_1_142' title='bbox 3184 720 3317 775; x_wconf 84' lang='lat' dir='ltr'><strong>Nam</strong></span> <span class='ocrx_word' id='word_1_143' title='bbox 3343 720 3579 774; x_wconf 90' lang='lat' dir='ltr'><strong>animam</strong></span> 
     </span>
    </p>
   </div>
   <div class='ocr_carea' id='block_1_23' title="bbox 2013 812 3581 891">
    <p class='ocr_par' dir='ltr' id='par_1_23' title="bbox 2013 812 3581 891">
     <span class='ocr_line' id='line_1_23' title="bbox 2013 812 3581 891; baseline -0.009 -13"><span class='ocrx_word' id='word_1_144' title='bbox 2013 819 2178 891; x_wconf 74' lang='lat'><strong>528</strong></span> <span class='ocrx_word' id='word_1_145' title='bbox 2208 820 2279 874; x_wconf 91' lang='lat' dir='ltr'><strong>ob</strong></span> <span class='ocrx_word' id='word_1_146' title='bbox 2311 819 2387 884; x_wconf 90' lang='lat' dir='ltr'><strong>id,</strong></span> <span class='ocrx_word' id='word_1_147' title='bbox 2434 818 2630 889; x_wconf 84' lang='lat' dir='ltr'><strong>inquit,</strong></span> <span class='ocrx_word' id='word_1_148' title='bbox 2657 817 2833 889; x_wconf 82' lang='grc' dir='ltr'>ψυχὴν</span> <span class='ocrx_word' id='word_1_149' title='bbox 2874 816 3128 880; x_wconf 86' lang='lat' dir='ltr'><strong>dicimus,</strong></span> <span class='ocrx_word' id='word_1_150' title='bbox 3183 813 3328 885; x_wconf 87' lang='lat' dir='ltr'><strong>quod</strong></span> <span class='ocrx_word' id='word_1_151' title='bbox 3366 812 3581 868; x_wconf 73' lang='lat' dir='ltr'><strong>omlitus</strong></span> 
     </span>
    </p>
   </div>
   <div class='ocr_carea' id='block_1_24' title="bbox 2012 910 2315 965">
    <p class='ocr_par' dir='ltr' id='par_1_24' title="bbox 2012 910 2315 965">
     <span class='ocr_line' id='line_1_24' title="bbox 2012 910 2315 965; baseline -0.003 0"><span class='ocrx_word' id='word_1_152' title='bbox 2012 911 2188 965; x_wconf 87' lang='lat' dir='ltr'><strong>aﬁlata</strong></span> <span class='ocrx_word' id='word_1_153' title='bbox 2222 910 2315 965; x_wconf 94' lang='lat' dir='ltr'><strong>sit.</strong></span> 
     </span>
    </p>
   </div>
   <div class='ocr_carea' id='block_1_25' title="bbox 2082 993 3582 1069">
    <p class='ocr_par' dir='ltr' id='par_1_25' title="bbox 2082 993 3582 1069">
     <span class='ocr_line' id='line_1_25' title="bbox 2082 993 3582 1069; baseline -0.005 -15"><span class='ocrx_word' id='word_1_154' title='bbox 2082 1000 2165 1057; x_wconf 82' lang='lat' dir='ltr'><strong>Ad</strong></span> <span class='ocrx_word' id='word_1_155' title='bbox 2213 1000 2332 1055; x_wconf 72' lang='lat' dir='ltr'><strong>haec</strong></span> <span class='ocrx_word' id='word_1_156' title='bbox 2382 1007 2562 1056; x_wconf 90' lang='lat' dir='ltr'><strong>certas</strong></span> <span class='ocrx_word' id='word_1_157' title='bbox 2609 998 2678 1053; x_wconf 91' lang='lat' dir='ltr'><strong>ad</strong></span> <span class='ocrx_word' id='word_1_158' title='bbox 2730 998 3005 1069; x_wconf 81' lang='lat' dir='ltr'><strong>Opinionis</strong></span> <span class='ocrx_word' id='word_1_159' title='bbox 3062 997 3214 1053; x_wconf 63' lang='lat' dir='ltr'><strong>falsae</strong></span> <span class='ocrx_word' id='word_1_160' title='bbox 3266 993 3582 1067; x_wconf 66' lang='lat' dir='ltr'><strong>prasidium</strong></span> 
     </span>
    </p>
   </div>
   <div class='ocr_carea' id='block_1_26' title="bbox 2013 1089 3581 1162">
    <p class='ocr_par' dir='ltr' id='par_1_26' title="bbox 2013 1089 3581 1162">
     <span class='ocr_line' id='line_1_26' title="bbox 2013 1089 3581 1162; baseline -0.005 -16"><span class='ocrx_word' id='word_1_161' title='bbox 2013 1094 2369 1149; x_wconf 85' lang='lat' dir='ltr'><strong>auctoritates</strong></span> <span class='ocrx_word' id='word_1_162' title='bbox 2403 1090 2577 1157; x_wconf 82' lang='lat' dir='ltr'><strong>aﬁert,</strong></span> <span class='ocrx_word' id='word_1_163' title='bbox 2601 1106 2739 1161; x_wconf 90' lang='lat' dir='ltr'><strong>quas</strong></span> <span class='ocrx_word' id='word_1_164' title='bbox 2770 1090 3070 1162; x_wconf 87' lang='lat' dir='ltr'><strong>Scripturis</strong></span> <span class='ocrx_word' id='word_1_165' title='bbox 3096 1089 3271 1147; x_wconf 89' lang='lat' dir='ltr'><strong>sacris</strong></span> <span class='ocrx_word' id='word_1_166' title='bbox 3295 1101 3581 1160; x_wconf 82' lang='lat' dir='ltr'><strong>perperam</strong></span> 
     </span>
    </p>
   </div>
   <div class='ocr_carea' id='block_1_27' title="bbox 2013 1178 3585 1255">
    <p class='ocr_par' dir='ltr' id='par_1_27' title="bbox 2013 1178 3585 1255">
     <span class='ocr_line' id='line_1_27' title="bbox 2013 1178 3585 1255; baseline -0.006 -18"><span class='ocrx_word' id='word_1_167' title='bbox 2013 1184 2263 1255; x_wconf 83' lang='lat' dir='ltr'><strong>afﬁngit:</strong></span> <span class='ocrx_word' id='word_1_168' title='bbox 2296 1199 2418 1254; x_wconf 70' lang='lat' dir='ltr'><strong>qua:</strong></span> <span class='ocrx_word' id='word_1_169' title='bbox 2463 1198 2565 1238; x_wconf 91' lang='lat' dir='ltr'><strong>nec</strong></span> <span class='ocrx_word' id='word_1_170' title='bbox 2614 1184 2687 1238; x_wconf 92' lang='lat' dir='ltr'><strong>ita</strong></span> <span class='ocrx_word' id='word_1_171' title='bbox 2722 1198 2845 1238; x_wconf 85' lang='lat' dir='ltr'><strong>sese</strong></span> <span class='ocrx_word' id='word_1_172' title='bbox 2896 1183 3118 1247; x_wconf 86' lang='lat' dir='ltr'><strong>habent,</strong></span> <span class='ocrx_word' id='word_1_173' title='bbox 3142 1197 3206 1235; x_wconf 88' lang='lat' dir='ltr'><strong>ae</strong></span> <span class='ocrx_word' id='word_1_174' title='bbox 3234 1181 3394 1251; x_wconf 89' lang='lat' dir='ltr'><strong>longe</strong></span> <span class='ocrx_word' id='word_1_175' title='bbox 3426 1178 3585 1231; x_wconf 88' lang='lat' dir='ltr'><strong>aliter</strong></span> 
     </span>
    </p>
   </div>
   <div class='ocr_carea' id='block_1_28' title="bbox 2014 1273 3580 1345">
    <p class='ocr_par' dir='ltr' id='par_1_28' title="bbox 2014 1273 3580 1345">
     <span class='ocr_line' id='line_1_28' title="bbox 2014 1273 3580 1345; baseline -0.006 -13"><span class='ocrx_word' id='word_1_176' title='bbox 2014 1287 2144 1332; x_wconf 90' lang='lat' dir='ltr'><strong>sunt</strong></span> <span class='ocrx_word' id='word_1_177' title='bbox 2193 1276 2367 1332; x_wconf 66' lang='lat' dir='ltr'><strong>editae.</strong></span> <span class='ocrx_word' id='word_1_178' title='bbox 2420 1276 2576 1342; x_wconf 81' lang='lat' dir='ltr'><strong>Quod</strong></span> <span class='ocrx_word' id='word_1_179' title='bbox 2627 1276 2772 1330; x_wconf 89' lang='lat' dir='ltr'><strong>enim</strong></span> <span class='ocrx_word' id='word_1_180' title='bbox 2826 1290 2857 1328; x_wconf 91' lang='lat' dir='ltr'><strong>a</strong></span> <span class='ocrx_word' id='word_1_181' title='bbox 2910 1274 3177 1345; x_wconf 85' lang='lat' dir='ltr'><strong>Propheta</strong></span> <span class='ocrx_word' id='word_1_182' title='bbox 3206 1273 3413 1327; x_wconf 89' lang='lat' dir='ltr'><strong>dictum</strong></span> <span class='ocrx_word' id='word_1_183' title='bbox 3447 1276 3580 1331; x_wconf 91' lang='lat' dir='ltr'><strong>est,</strong></span> 
     </span>
    </p>
   </div>
   <div class='ocr_carea' id='block_1_29' title="bbox 2015 1363 3586 1439">
    <p class='ocr_par' dir='ltr' id='par_1_29' title="bbox 2015 1363 3586 1439">
     <span class='ocr_line' id='line_1_29' title="bbox 2015 1363 3586 1439; baseline -0.003 -18"><span class='ocrx_word' id='word_1_184' title='bbox 2015 1367 2335 1439; x_wconf 77' lang='lat' dir='ltr'><strong>Priusquam</strong></span> <span class='ocrx_word' id='word_1_185' title='bbox 2387 1366 2718 1429; x_wconf 81' lang='lat' dir='ltr'><strong>humiliarer,</strong></span> <span class='ocrx_word' id='word_1_186' title='bbox 2772 1384 2863 1437; x_wconf 85' lang='lat' dir='ltr'><strong>ego</strong></span> <span class='ocrx_word' id='word_1_187' title='bbox 2927 1367 3196 1435; x_wconf 79' lang='lat' dir='ltr'><strong>deliqui‘,</strong></span> <span class='ocrx_word' id='word_1_188' title='bbox 3235 1363 3396 1419; x_wconf 86' lang='lat' dir='ltr'><strong>verba</strong></span> <span class='ocrx_word' id='word_1_189' title='bbox 3460 1373 3586 1416; x_wconf 77' lang='lat' dir='ltr'><strong>esse</strong></span> 
     </span>
    </p>
   </div>
   <div class='ocr_carea' id='block_1_30' title="bbox 2014 1452 3583 1529">
    <p class='ocr_par' dir='ltr' id='par_1_30' title="bbox 2014 1452 3583 1529">
     <span class='ocr_line' id='line_1_30' title="bbox 2014 1452 3583 1529; baseline -0.004 -17"><span class='ocrx_word' id='word_1_190' title='bbox 2014 1461 2210 1512; x_wconf 71' lang='lat' dir='ltr'><strong>anima:</strong></span> <span class='ocrx_word' id='word_1_191' title='bbox 2232 1459 2404 1529; x_wconf 83' lang='lat' dir='ltr'><strong>ipsius</strong></span> <span class='ocrx_word' id='word_1_192' title='bbox 2428 1458 2678 1518; x_wconf 89' lang='lat' dir='ltr'><strong>alIirmat,</strong></span> <span class='ocrx_word' id='word_1_193' title='bbox 2704 1474 2827 1511; x_wconf 87' lang='lat' dir='ltr'><strong>cum</strong></span> <span class='ocrx_word' id='word_1_194' title='bbox 2860 1458 2918 1511; x_wconf 92' lang='lat' dir='ltr'><strong>in</strong></span> <span class='ocrx_word' id='word_1_195' title='bbox 2957 1458 3098 1511; x_wconf 76' lang='lat' dir='ltr'><strong>cmlo</strong></span> <span class='ocrx_word' id='word_1_196' title='bbox 3126 1464 3285 1511; x_wconf 83' lang='lat' dir='ltr'><strong>antea</strong></span> <span class='ocrx_word' id='word_1_197' title='bbox 3315 1452 3583 1522; x_wconf 86' lang='lat' dir='ltr'><strong>deliquis-</strong></span> 
     </span>
    </p>
   </div>
   <div class='ocr_carea' id='block_1_31' title="bbox 2014 1544 3584 1621">
    <p class='ocr_par' dir='ltr' id='par_1_31' title="bbox 2014 1544 3584 1621">
     <span class='ocr_line' id='line_1_31' title="bbox 2014 1544 3584 1621; baseline -0.004 -16"><span class='ocrx_word' id='word_1_198' title='bbox 2014 1561 2120 1613; x_wconf 86' lang='lat' dir='ltr'><strong>set,</strong></span> <span class='ocrx_word' id='word_1_199' title='bbox 2155 1566 2317 1621; x_wconf 91' lang='lat' dir='ltr'><strong>quam</strong></span> <span class='ocrx_word' id='word_1_200' title='bbox 2353 1551 2419 1604; x_wconf 89' lang='lat' dir='ltr'><strong>ad</strong></span> <span class='ocrx_word' id='word_1_201' title='bbox 2458 1550 2562 1605; x_wconf 90' lang='lat' dir='ltr'><strong>hoc</strong></span> <span class='ocrx_word' id='word_1_202' title='bbox 2608 1564 2811 1619; x_wconf 86' lang='lat' dir='ltr'><strong>corpus</strong></span> <span class='ocrx_word' id='word_1_203' title='bbox 2854 1548 3203 1618; x_wconf 85' lang='lat' dir='ltr'><strong>abjiceretur.</strong></span> <span class='ocrx_word' id='word_1_204' title='bbox 3247 1544 3404 1612; x_wconf 86' lang='lat' dir='ltr'><strong>Quod</strong></span> <span class='ocrx_word' id='word_1_205' title='bbox 3453 1558 3584 1598; x_wconf 91' lang='lat' dir='ltr'><strong>vero</strong></span> 
     </span>
    </p>
   </div>
   <div class='ocr_carea' id='block_1_32' title="bbox 2015 1637 3584 1710">
    <p class='ocr_par' dir='ltr' id='par_1_32' title="bbox 2015 1637 3584 1710">
     <span class='ocr_line' id='line_1_32' title="bbox 2015 1637 3584 1710; baseline -0.003 -16"><span class='ocrx_word' id='word_1_206' title='bbox 2015 1640 2141 1694; x_wconf 88' lang='lat' dir='ltr'><strong>alibi</strong></span> <span class='ocrx_word' id='word_1_207' title='bbox 2189 1641 2451 1710; x_wconf 91' lang='lat' dir='ltr'><strong>scriptum</strong></span> <span class='ocrx_word' id='word_1_208' title='bbox 2502 1650 2607 1705; x_wconf 90' lang='lat' dir='ltr'><strong>est,</strong></span> <span class='ocrx_word' id='word_1_209' title='bbox 2660 1638 2990 1702; x_wconf 78' lang='lat' dir='ltr'><strong>Convertere,</strong></span> <span class='ocrx_word' id='word_1_210' title='bbox 3037 1639 3217 1692; x_wconf 81' lang='lat' dir='ltr'><strong>anima</strong></span> <span class='ocrx_word' id='word_1_211' title='bbox 3258 1654 3396 1699; x_wconf 74' lang='lat' dir='ltr'><strong>mea,</strong></span> <span class='ocrx_word' id='word_1_212' title='bbox 3428 1637 3484 1689; x_wconf 71' lang='lat' dir='ltr'><strong>in</strong></span> <span class='ocrx_word' id='word_1_213' title='bbox 3510 1651 3584 1689; x_wconf 80' lang='lat' dir='ltr'><strong>re-</strong></span> 
     </span>
    </p>
   </div>
   <div class='ocr_carea' id='block_1_33' title="bbox 2013 1729 3585 1803">
    <p class='ocr_par' dir='ltr' id='par_1_33' title="bbox 2013 1729 3585 1803">
     <span class='ocr_line' id='line_1_33' title="bbox 2013 1729 3585 1803; baseline -0.003 -17"><span class='ocrx_word' id='word_1_214' title='bbox 2013 1734 2186 1803; x_wconf 83' lang='lat' dir='ltr'><strong>quiem</strong></span> <span class='ocrx_word' id='word_1_215' title='bbox 2209 1742 2355 1787; x_wconf 85' lang='lat' dir='ltr'><strong>tuam</strong></span> <span class='ocrx_word' id='word_1_216' title='bbox 2380 1737 2422 1797; x_wconf 78' lang='grc'>³,</span> <span class='ocrx_word' id='word_1_217' title='bbox 2446 1749 2515 1789; x_wconf 91' lang='lat' dir='ltr'><strong>eo</strong></span> <span class='ocrx_word' id='word_1_218' title='bbox 2543 1732 2889 1788; x_wconf 81' lang='lat' dir='ltr'><strong>referendum</strong></span> <span class='ocrx_word' id='word_1_219' title='bbox 2934 1740 3107 1803; x_wconf 76' lang='lat' dir='ltr'><strong>putat,</strong></span> <span class='ocrx_word' id='word_1_220' title='bbox 3144 1731 3288 1801; x_wconf 84' lang='lat' dir='ltr'><strong>quod</strong></span> <span class='ocrx_word' id='word_1_221' title='bbox 3323 1729 3416 1799; x_wconf 82' lang='lat' dir='ltr'><strong>qui</strong></span> <span class='ocrx_word' id='word_1_222' title='bbox 3446 1735 3585 1784; x_wconf 88' lang='lat' dir='ltr'><strong>stre-</strong></span> 
     </span>
    </p>
   </div>
   <div class='ocr_carea' id='block_1_34' title="bbox 341 1808 1911 1895">
    <p class='ocr_par' dir='ltr' id='par_1_34' title="bbox 341 1808 1911 1894">
     <span class='ocr_line' id='line_1_34' title="bbox 341 1808 1911 1894; baseline 0.007 -30"><span class='ocrx_word' id='word_1_223' title='bbox 341 1808 430 1875; x_wconf 68' lang='grc' dir='ltr'><strong>θιὰ</strong></span> <span class='ocrx_word' id='word_1_224' title='bbox 482 1815 581 1881; x_wconf 79' lang='grc' dir='ltr'>τὴν</span> <span class='ocrx_word' id='word_1_225' title='bbox 638 1818 803 1870; x_wconf 75' lang='grc' dir='ltr'>αὑτοῦ</span> <span class='ocrx_word' id='word_1_226' title='bbox 859 1820 956 1889; x_wconf 81' lang='grc' dir='ltr'>τῆς</span> <span class='ocrx_word' id='word_1_227' title='bbox 1009 1822 1272 1890; x_wconf 79' lang='grc' dir='ltr'>ἐργασίας</span> <span class='ocrx_word' id='word_1_228' title='bbox 1317 1822 1754 1894; x_wconf 82' lang='grc' dir='ltr'>δικαιοπραγίαν.</span> <span class='ocrx_word' id='word_1_229' title='bbox 1801 1823 1911 1876; x_wconf 78' lang='lat' dir='ltr'><strong>Kal.</strong></span> 
     </span>
    </p>
   </div>
   <div class='ocr_carea' id='block_1_35' title="bbox 2011 1808 3584 1895">
    <p class='ocr_par' dir='ltr' id='par_1_35' title="bbox 2014 1819 3584 1895">
     <span class='ocr_line' id='line_1_35' title="bbox 2014 1819 3584 1895; baseline -0.004 -17"><span class='ocrx_word' id='word_1_230' title='bbox 2014 1840 2123 1880; x_wconf 92' lang='lat' dir='ltr'><strong>nue</strong></span> <span class='ocrx_word' id='word_1_231' title='bbox 2163 1832 2326 1895; x_wconf 91' lang='lat' dir='ltr'><strong>atque</strong></span> <span class='ocrx_word' id='word_1_232' title='bbox 2366 1824 2582 1895; x_wconf 76' lang='lat' dir='ltr'><strong>egregie</strong></span> <span class='ocrx_word' id='word_1_233' title='bbox 2616 1839 2676 1879; x_wconf 88' lang='lat' dir='ltr'><strong>se</strong></span> <span class='ocrx_word' id='word_1_234' title='bbox 2716 1824 2772 1877; x_wconf 89' lang='lat' dir='ltr'><strong>in</strong></span> <span class='ocrx_word' id='word_1_235' title='bbox 2809 1824 2911 1878; x_wconf 87' lang='lat' dir='ltr'><strong>hoc</strong></span> <span class='ocrx_word' id='word_1_236' title='bbox 2961 1822 3167 1877; x_wconf 85' lang='lat' dir='ltr'><strong>mundo</strong></span> <span class='ocrx_word' id='word_1_237' title='bbox 3218 1819 3470 1892; x_wconf 78' lang='lat' dir='ltr'><strong>gesserit,</strong></span> <span class='ocrx_word' id='word_1_238' title='bbox 3512 1819 3584 1872; x_wconf 92' lang='lat' dir='ltr'><strong>ob</strong></span> 
     </span>
    </p>
   </div>
   <div class='ocr_carea' id='block_1_36' title="bbox 343 1902 1916 1981">
    <p class='ocr_par' dir='ltr' id='par_1_36' title="bbox 343 1902 1916 1981">
     <span class='ocr_line' id='line_1_36' title="bbox 343 1902 1916 1981; baseline 0.01 -28"><span class='ocrx_word' id='word_1_239' title='bbox 343 1902 513 1956; x_wconf 83' lang='grc' dir='ltr'>πολλά</span> <span class='ocrx_word' id='word_1_240' title='bbox 544 1906 691 1959; x_wconf 81' lang='grc' dir='ltr'>ἔστιν</span> <span class='ocrx_word' id='word_1_241' title='bbox 735 1909 867 1964; x_wconf 83' lang='grc' dir='ltr'>ἄλλα</span> <span class='ocrx_word' id='word_1_242' title='bbox 906 1912 1127 1965; x_wconf 87' lang='grc' dir='ltr'>τοιαῦτα</span> <span class='ocrx_word' id='word_1_243' title='bbox 1152 1914 1351 1981; x_wconf 85' lang='grc' dir='ltr'>λέγειν.</span> <span class='ocrx_word' id='word_1_244' title='bbox 1392 1915 1465 1967; x_wconf 86' lang='grc' dir='ltr'><strong>Τὸ</strong></span> <span class='ocrx_word' id='word_1_245' title='bbox 1496 1915 1616 1968; x_wconf 85' lang='grc' dir='ltr'>κατ’</span> <span class='ocrx_word' id='word_1_246' title='bbox 1636 1916 1819 1969; x_wconf 80' lang='grc' dir='ltr'>εἰκόνα</span> <span class='ocrx_word' id='word_1_247' title='bbox 1855 1916 1916 1968; x_wconf 85' lang='grc' dir='ltr'><strong>δέ</strong></span> 
     </span>
    </p>
   </div>
   <div class='ocr_carea' id='block_1_37' title="bbox 342 1997 1917 2078">
    <p class='ocr_par' dir='ltr' id='par_1_37' title="bbox 342 1997 1917 2078">
     <span class='ocr_line' id='line_1_37' title="bbox 342 1997 1917 2078; baseline 0.011 -33"><span class='ocrx_word' id='word_1_248' title='bbox 342 2007 504 2062; x_wconf 82' lang='grc' dir='ltr'>φησιν</span> <span class='ocrx_word' id='word_1_249' title='bbox 532 1997 927 2055; x_wconf 81' lang='grc' dir='ltr'>ἀπολωλεκέναι</span> <span class='ocrx_word' id='word_1_250' title='bbox 958 2004 1049 2056; x_wconf 88' lang='grc' dir='ltr'>τὸν</span> <span class='ocrx_word' id='word_1_251' title='bbox 1079 2006 1269 2076; x_wconf 83' lang='grc' dir='ltr'>Ἀδάμ.</span> <span class='ocrx_word' id='word_1_252' title='bbox 1303 2006 1599 2072; x_wconf 83' lang='grc' dir='ltr'>Ἐντεῦθεν,</span> <span class='ocrx_word' id='word_1_253' title='bbox 1629 2010 1785 2078; x_wconf 81' lang='grc' dir='ltr'>φησὶ,</span> <span class='ocrx_word' id='word_1_254' title='bbox 1821 2007 1917 2061; x_wconf 80' lang='grc' dir='ltr'>καὶ</span> 
     </span>
    </p>
   </div>
   <div class='ocr_carea' id='block_1_38' title="bbox 339 2086 1915 2172">
    <p class='ocr_par' dir='ltr' id='par_1_38' title="bbox 339 2086 1915 2172">
     <span class='ocr_line' id='line_1_38' title="bbox 339 2086 1915 2172; baseline 0.008 -33"><span class='ocrx_word' id='word_1_255' title='bbox 339 2086 465 2149; x_wconf 85' lang='grc' dir='ltr'>τοὺς</span> <span class='ocrx_word' id='word_1_256' title='bbox 505 2089 736 2157; x_wconf 80' lang='grc' dir='ltr'>χιτῶνας</span> <span class='ocrx_word' id='word_1_257' title='bbox 775 2094 900 2157; x_wconf 77' lang='grc' dir='ltr'>τοὺς</span> <span class='ocrx_word' id='word_1_258' title='bbox 930 2093 1288 2166; x_wconf 73' lang='grc' dir='ltr'>δερματίνους</span> <span class='ocrx_word' id='word_1_259' title='bbox 1337 2100 1781 2169; x_wconf 77' lang='grc' dir='ltr'>ἐπισημήνασθαι</span> <span class='ocrx_word' id='word_1_260' title='bbox 1815 2099 1915 2172; x_wconf 83' lang='grc' dir='ltr'>τὴν</span> 
     </span>
    </p>
   </div>
   <div class='ocr_carea' id='block_1_39' title="bbox 340 2175 1916 2261">
    <p class='ocr_par' dir='ltr' id='par_1_39' title="bbox 340 2175 1916 2261">
     <span class='ocr_line' id='line_1_39' title="bbox 340 2175 1916 2261; baseline 0.004 -25"><span class='ocrx_word' id='word_1_261' title='bbox 340 2175 601 2250; x_wconf 74' lang='grc' dir='ltr'>Γραφὴν,</span> <span class='ocrx_word' id='word_1_262' title='bbox 657 2184 737 2236; x_wconf 84' lang='grc' dir='ltr'>ὅτι</span> <span class='ocrx_word' id='word_1_263' title='bbox 806 2186 1120 2253; x_wconf 81' lang='grc' dir='ltr'>Ἐποίησεν</span> <span class='ocrx_word' id='word_1_264' title='bbox 1166 2189 1407 2256; x_wconf 82' lang='grc' dir='ltr'>αὐτοῖς,</span> <span class='ocrx_word' id='word_1_265' title='bbox 1448 2191 1612 2261; x_wconf 82' lang='grc' dir='ltr'>φησὶ,</span> <span class='ocrx_word' id='word_1_266' title='bbox 1662 2190 1916 2261; x_wconf 84' lang='grc' dir='ltr'>χιτῶνας</span> 
     </span>
    </p>
   </div>
   <div class='ocr_carea' id='block_1_40' title="bbox 338 2267 1914 2352">
    <p class='ocr_par' dir='ltr' id='par_1_40' title="bbox 338 2267 1914 2352">
     <span class='ocr_line' id='line_1_40' title="bbox 338 2267 1914 2352; baseline 0.01 -34"><span class='ocrx_word' id='word_1_267' title='bbox 338 2267 764 2339; x_wconf 79' lang='grc' dir='ltr'>δερματίνους,</span> <span class='ocrx_word' id='word_1_268' title='bbox 824 2276 921 2329; x_wconf 78' lang='grc' dir='ltr'>καὶ</span> <span class='ocrx_word' id='word_1_269' title='bbox 980 2277 1272 2333; x_wconf 79' lang='grc' dir='ltr'><strong>ἐνέδυσεν</strong></span> <span class='ocrx_word' id='word_1_270' title='bbox 1313 2284 1577 2346; x_wconf 75' lang='grc' dir='ltr'>αὐτοὺς,</span> <span class='ocrx_word' id='word_1_271' title='bbox 1624 2282 1685 2335; x_wconf 85' lang='grc' dir='ltr'>τὸ</span> <span class='ocrx_word' id='word_1_272' title='bbox 1733 2282 1914 2352; x_wconf 88' lang='grc' dir='ltr'>σῶμα,</span> 
     </span>
    </p>
   </div>
   <div class='ocr_carea' id='block_1_41' title="bbox 340 2359 1916 2444">
    <p class='ocr_par' dir='ltr' id='par_1_41' title="bbox 340 2359 1916 2444">
     <span class='ocr_line' id='line_1_41' title="bbox 340 2359 1916 2444; baseline 0.012 -35"><span class='ocrx_word' id='word_1_273' title='bbox 340 2359 523 2427; x_wconf 82' lang='grc' dir='ltr'>φησὶν,</span> <span class='ocrx_word' id='word_1_274' title='bbox 556 2363 693 2418; x_wconf 85' lang='grc' dir='ltr'>ἐστί.</span> <span class='ocrx_word' id='word_1_275' title='bbox 738 2366 846 2417; x_wconf 81' lang='grc' dir='ltr'><strong>Καὶ</strong></span> <span class='ocrx_word' id='word_1_276' title='bbox 877 2367 1043 2438; x_wconf 85' lang='grc' dir='ltr'>πολλή</span> <span class='ocrx_word' id='word_1_277' title='bbox 1081 2369 1163 2433; x_wconf 89' lang='grc' dir='ltr'><strong>τίς</strong></span> <span class='ocrx_word' id='word_1_278' title='bbox 1208 2371 1323 2423; x_wconf 91' lang='grc' dir='ltr'>ἐστι</span> <span class='ocrx_word' id='word_1_279' title='bbox 1356 2373 1485 2443; x_wconf 83' lang='grc' dir='ltr'>παρ’</span> <span class='ocrx_word' id='word_1_280' title='bbox 1532 2372 1695 2425; x_wconf 84' lang='grc' dir='ltr'>αὐτοῦ</span> <span class='ocrx_word' id='word_1_281' title='bbox 1721 2376 1754 2442; x_wconf 84' lang='grc' dir='ltr'>ἠ</span> <span class='ocrx_word' id='word_1_282' title='bbox 1793 2374 1916 2444; x_wconf 76' lang='grc' dir='ltr'>ᾀδο-</span> 
     </span>
    </p>
   </div>
   <div class='ocr_carea' id='block_1_42' title="bbox 342 2452 1914 2537">
    <p class='ocr_par' dir='ltr' id='par_1_42' title="bbox 342 2452 1914 2537">
     <span class='ocr_line' id='line_1_42' title="bbox 342 2452 1914 2537; baseline 0.01 -35"><span class='ocrx_word' id='word_1_283' title='bbox 342 2452 478 2521; x_wconf 87' lang='grc' dir='ltr'>μένη</span> <span class='ocrx_word' id='word_1_284' title='bbox 511 2453 699 2525; x_wconf 78' lang='grc' dir='ltr'>χλεύη.</span> <span class='ocrx_word' id='word_1_285' title='bbox 746 2456 857 2525; x_wconf 86' lang='grc' dir='ltr'>Τήν</span> <span class='ocrx_word' id='word_1_286' title='bbox 884 2475 945 2511; x_wconf 92' lang='grc' dir='ltr'><strong>τε</strong></span> <span class='ocrx_word' id='word_1_287' title='bbox 994 2460 1102 2513; x_wconf 89' lang='grc' dir='ltr'><strong>τῶν</strong></span> <span class='ocrx_word' id='word_1_288' title='bbox 1139 2462 1346 2534; x_wconf 78' lang='grc' dir='ltr'>νεκρῶν</span> <span class='ocrx_word' id='word_1_289' title='bbox 1387 2464 1680 2518; x_wconf 82' lang='grc' dir='ltr'>ἀνάστασιν</span> <span class='ocrx_word' id='word_1_290' title='bbox 1722 2466 1914 2537; x_wconf 85' lang='grc' dir='ltr'>ἐλλιπῆ</span> 
     </span>
    </p>
   </div>
   <div class='ocr_carea' id='block_1_43' title="bbox 339 2543 1916 2625">
    <p class='ocr_par' dir='ltr' id='par_1_43' title="bbox 339 2543 1916 2625">
     <span class='ocr_line' id='line_1_43' title="bbox 339 2543 1916 2625; baseline 0.013 -35"><span class='ocrx_word' id='word_1_291' title='bbox 339 2543 593 2607; x_wconf 85' lang='grc' dir='ltr'>ποιεῖται,</span> <span class='ocrx_word' id='word_1_292' title='bbox 752 2546 850 2616; x_wconf 84' lang='grc' dir='ltr'>μὲν</span> <span class='ocrx_word' id='word_1_293' title='bbox 881 2547 1024 2618; x_wconf 84' lang='grc' dir='ltr'>λόγῳ</span> <span class='ocrx_word' id='word_1_294' title='bbox 1066 2551 1345 2621; x_wconf 89' lang='grc' dir='ltr'>παριστῶν</span> <span class='ocrx_word' id='word_1_295' title='bbox 1370 2552 1594 2625; x_wconf 83' lang='grc' dir='ltr'>ταύτην,</span> <span class='ocrx_word' id='word_1_296' title='bbox 1632 2554 1708 2625; x_wconf 81' lang='grc' dir='ltr'>πὴ</span> <span class='ocrx_word' id='word_1_297' title='bbox 1737 2554 1793 2607; x_wconf 80' lang='grc' dir='ltr'>δὲ</span> <span class='ocrx_word' id='word_1_298' title='bbox 1830 2554 1916 2621; x_wconf 77' lang='grc' dir='ltr'><strong>ἐξ·</strong></span> 
     </span>
    </p>
   </div>
   <div class='ocr_carea' id='block_1_44' title="bbox 337 2631 1914 2718">
    <p class='ocr_par' dir='ltr' id='par_1_44' title="bbox 337 2631 1914 2718">
     <span class='ocr_line' id='line_1_44' title="bbox 337 2631 1914 2718; baseline 0.013 -36"><span class='ocrx_word' id='word_1_299' title='bbox 337 2634 670 2704; x_wconf 81' lang='grc' dir='ltr'>ἀρνούμενος</span> <span class='ocrx_word' id='word_1_300' title='bbox 699 2631 1027 2703; x_wconf 77' lang='grc' dir='ltr'>τελεώτατα,</span> <span class='ocrx_word' id='word_1_301' title='bbox 1051 2641 1238 2695; x_wconf 79' lang='grc' dir='ltr'>ἄλλοτε</span> <span class='ocrx_word' id='word_1_302' title='bbox 1268 2643 1440 2698; x_wconf 78' lang='grc' dir='ltr'>δὲκαὶ</span> <span class='ocrx_word' id='word_1_303' title='bbox 1470 2647 1634 2718; x_wconf 86' lang='grc' dir='ltr'>μέρος</span> <span class='ocrx_word' id='word_1_304' title='bbox 1658 2646 1716 2710; x_wconf 83' lang='grc' dir='ltr'>ἐξ</span> <span class='ocrx_word' id='word_1_305' title='bbox 1744 2648 1914 2718; x_wconf 78' lang='grc' dir='ltr'>αὐτῆς</span> 
     </span>
    </p>
   </div>
   <div class='ocr_carea' id='block_1_45' title="bbox 338 2722 1911 2807">
    <p class='ocr_par' dir='ltr' id='par_1_45' title="bbox 338 2722 1911 2807">
     <span class='ocr_line' id='line_1_45' title="bbox 338 2722 1911 2807; baseline 0.011 -34"><span class='ocrx_word' id='word_1_306' title='bbox 338 2722 676 2782; x_wconf 85' lang='grc' dir='ltr'>ἀνίστασθαι.</span> <span class='ocrx_word' id='word_1_307' title='bbox 722 2729 1039 2802; x_wconf 83' lang='grc' dir='ltr'>Ἀλληγορεί</span> <span class='ocrx_word' id='word_1_308' title='bbox 1088 2733 1145 2784; x_wconf 84' lang='grc' dir='ltr'>δὲ</span> <span class='ocrx_word' id='word_1_309' title='bbox 1190 2735 1373 2787; x_wconf 86' lang='grc' dir='ltr'>λοιπὸν</span> <span class='ocrx_word' id='word_1_310' title='bbox 1411 2736 1621 2807; x_wconf 77' lang='grc' dir='ltr'>ὅσαπερ</span> <span class='ocrx_word' id='word_1_311' title='bbox 1667 2738 1911 2800; x_wconf 78' lang='grc' dir='ltr'>δύναται,</span> 
     </span>
    </p>
   </div>
   <div class='ocr_carea' id='block_1_46' title="bbox 339 2813 1916 2892">
    <p class='ocr_par' dir='ltr' id='par_1_46' title="bbox 339 2813 1916 2892">
     <span class='ocr_line' id='line_1_46' title="bbox 339 2813 1916 2892; baseline 0.012 -28"><span class='ocrx_word' id='word_1_312' title='bbox 339 2813 429 2866; x_wconf 86' lang='grc' dir='ltr'><strong>τόν</strong></span> <span class='ocrx_word' id='word_1_313' title='bbox 477 2833 535 2868; x_wconf 90' lang='grc' dir='ltr'><strong>τε</strong></span> <span class='ocrx_word' id='word_1_314' title='bbox 582 2820 909 2890; x_wconf 80' lang='grc' dir='ltr'>παράδεισον</span> <span class='ocrx_word' id='word_1_315' title='bbox 936 2866 951 2888; x_wconf 93' lang='grc'><strong>,</strong></span> <span class='ocrx_word' id='word_1_316' title='bbox 999 2824 1068 2877; x_wconf 83' lang='grc' dir='ltr'><strong>τά</strong></span> <span class='ocrx_word' id='word_1_317' title='bbox 1111 2842 1170 2877; x_wconf 90' lang='grc' dir='ltr'><strong>τε</strong></span> <span class='ocrx_word' id='word_1_318' title='bbox 1216 2827 1404 2879; x_wconf 75' lang='grc' dir='ltr'>τούτου</span> <span class='ocrx_word' id='word_1_319' title='bbox 1437 2827 1640 2892; x_wconf 78' lang='grc' dir='ltr'>ὕδατα,</span> <span class='ocrx_word' id='word_1_320' title='bbox 1702 2831 1794 2882; x_wconf 79' lang='grc' dir='ltr'>καὶ</span> <span class='ocrx_word' id='word_1_321' title='bbox 1845 2830 1916 2883; x_wconf 90' lang='grc' dir='ltr'><strong>τά</strong></span> 
     </span>
    </p>
   </div>
   <div class='ocr_carea' id='block_1_47' title="bbox 340 2906 1915 2992">
    <p class='ocr_par' dir='ltr' id='par_1_47' title="bbox 340 2906 1915 2992">
     <span class='ocr_line' id='line_1_47' title="bbox 340 2906 1915 2992; baseline 0.011 -35"><span class='ocrx_word' id='word_1_322' title='bbox 340 2906 523 2959; x_wconf 67' lang='grc' dir='ltr'>ἐπάνω</span> <span class='ocrx_word' id='word_1_323' title='bbox 555 2910 662 2963; x_wconf 89' lang='grc' dir='ltr'><strong>τῶν</strong></span> <span class='ocrx_word' id='word_1_324' title='bbox 699 2914 968 2983; x_wconf 76' lang='grc' dir='ltr'>οὐρανῶν,</span> <span class='ocrx_word' id='word_1_325' title='bbox 1017 2916 1111 2967; x_wconf 77' lang='grc' dir='ltr'>καὶ</span> <span class='ocrx_word' id='word_1_326' title='bbox 1148 2919 1207 2969; x_wconf 88' lang='grc' dir='ltr'>τὸ</span> <span class='ocrx_word' id='word_1_327' title='bbox 1238 2916 1380 2988; x_wconf 77' lang='grc' dir='ltr'>ὕδωρ</span> <span class='ocrx_word' id='word_1_328' title='bbox 1408 2919 1469 2970; x_wconf 88' lang='grc' dir='ltr'>τὸ</span> <span class='ocrx_word' id='word_1_329' title='bbox 1517 2920 1773 2972; x_wconf 85' lang='grc' dir='ltr'>ὑποκάτω</span> <span class='ocrx_word' id='word_1_330' title='bbox 1813 2922 1915 2992; x_wconf 80' lang='grc' dir='ltr'>τῆς</span> 
     </span>
    </p>
   </div>
   <div class='ocr_carea' id='block_1_48' title="bbox 340 2998 1912 3081">
    <p class='ocr_par' dir='ltr' id='par_1_48' title="bbox 340 2998 1912 3081">
     <span class='ocr_line' id='line_1_48' title="bbox 340 2998 1912 3081; baseline 0.01 -33"><span class='ocrx_word' id='word_1_331' title='bbox 340 2998 461 3064; x_wconf 77' lang='grc' dir='ltr'>γῆς.</span> <span class='ocrx_word' id='word_1_332' title='bbox 502 2998 684 3052; x_wconf 85' lang='grc' dir='ltr'>Ταῦτα</span> <span class='ocrx_word' id='word_1_333' title='bbox 734 3002 789 3055; x_wconf 87' lang='grc' dir='ltr'>δὲ</span> <span class='ocrx_word' id='word_1_334' title='bbox 842 3005 934 3056; x_wconf 79' lang='grc' dir='ltr'>καὶ</span> <span class='ocrx_word' id='word_1_335' title='bbox 971 3006 1041 3057; x_wconf 79' lang='grc' dir='ltr'><strong>τὰ</strong></span> <span class='ocrx_word' id='word_1_336' title='bbox 1080 3005 1290 3070; x_wconf 82' lang='grc' dir='ltr'>τούτοις</span> <span class='ocrx_word' id='word_1_337' title='bbox 1337 3008 1498 3078; x_wconf 85' lang='grc' dir='ltr'>ὅμοια</span> <span class='ocrx_word' id='word_1_338' title='bbox 1546 3009 1799 3081; x_wconf 83' lang='grc' dir='ltr'>φλυαρῶν</span> <span class='ocrx_word' id='word_1_339' title='bbox 1851 3012 1912 3064; x_wconf 80' lang='grc' dir='ltr'>οὐ</span> 
     </span>
    </p>
   </div>
   <div class='ocr_carea' id='block_1_49' title="bbox 339 3086 1914 3165">
    <p class='ocr_par' dir='ltr' id='par_1_49' title="bbox 339 3086 1914 3165">
     <span class='ocr_line' id='line_1_49' title="bbox 339 3086 1914 3165; baseline 0.012 -27"><span class='ocrx_word' id='word_1_340' title='bbox 339 3086 621 3145; x_wconf 85' lang='grc' dir='ltr'>διαλείπει.</span> <span class='ocrx_word' id='word_1_341' title='bbox 662 3095 801 3165; x_wconf 82' lang='grc' dir='ltr'>Ἤδη</span> <span class='ocrx_word' id='word_1_342' title='bbox 829 3096 885 3149; x_wconf 84' lang='grc' dir='ltr'><strong>δέ</strong></span> <span class='ocrx_word' id='word_1_343' title='bbox 920 3097 1012 3149; x_wconf 72' lang='grc' dir='ltr'>καὶ</span> <span class='ocrx_word' id='word_1_344' title='bbox 1052 3098 1109 3149; x_wconf 91' lang='grc' dir='ltr'><strong>ἐν</strong></span> <span class='ocrx_word' id='word_1_345' title='bbox 1135 3098 1311 3162; x_wconf 79' lang='grc' dir='ltr'>ἄλλοις</span> <span class='ocrx_word' id='word_1_346' title='bbox 1345 3102 1455 3153; x_wconf 79' lang='grc' dir='ltr'>τισὶ</span> <span class='ocrx_word' id='word_1_347' title='bbox 1484 3102 1667 3165; x_wconf 89' lang='grc' dir='ltr'>τόποις</span> <span class='ocrx_word' id='word_1_348' title='bbox 1692 3102 1760 3156; x_wconf 85' lang='grc' dir='ltr'>τὰ</span> <span class='ocrx_word' id='word_1_349' title='bbox 1802 3121 1914 3156; x_wconf 86' lang='grc' dir='ltr'>τοι-</span> 
     </span>
    </p>
   </div>
   <div class='ocr_carea' id='block_1_50' title="bbox 338 3178 1688 3263">
    <p class='ocr_par' dir='ltr' id='par_1_50' title="bbox 338 3178 1688 3263">
     <span class='ocr_line' id='line_1_50' title="bbox 338 3178 1688 3263; baseline 0.011 -32"><span class='ocrx_word' id='word_1_350' title='bbox 338 3178 478 3235; x_wconf 89' lang='grc' dir='ltr'>αῦτα</span> <span class='ocrx_word' id='word_1_351' title='bbox 506 3185 633 3256; x_wconf 78' lang='grc' dir='ltr'>περὶ</span> <span class='ocrx_word' id='word_1_352' title='bbox 663 3187 828 3239; x_wconf 81' lang='grc' dir='ltr'>αὐτοῦ</span> <span class='ocrx_word' id='word_1_353' title='bbox 863 3191 1191 3261; x_wconf 87' lang='grc' dir='ltr'>μνησθέντες</span> <span class='ocrx_word' id='word_1_354' title='bbox 1212 3190 1688 3263; x_wconf 76' lang='grc' dir='ltr'>διεξεληλύθαμεν.</span> 
     </span>
    </p>
   </div>
   <div class='ocr_carea' id='block_1_51' title="bbox 2018 1900 3580 1982">
    <p class='ocr_par' dir='ltr' id='par_1_51' title="bbox 2018 1900 3580 1982">
     <span class='ocr_line' id='line_1_51' title="bbox 2018 1900 3580 1982; baseline -0.006 -15"><span class='ocrx_word' id='word_1_355' title='bbox 2018 1913 2280 1982; x_wconf 68' lang='lat' dir='ltr'><strong>praeclara</strong></span> <span class='ocrx_word' id='word_1_356' title='bbox 2302 1928 2399 1967; x_wconf 90' lang='lat' dir='ltr'><strong>sua</strong></span> <span class='ocrx_word' id='word_1_357' title='bbox 2427 1912 2573 1967; x_wconf 77' lang='lat' dir='ltr'><strong>facta</strong></span> <span class='ocrx_word' id='word_1_358' title='bbox 2599 1913 2875 1981; x_wconf 82' lang='lat' dir='ltr'><strong>vitamque</strong></span> <span class='ocrx_word' id='word_1_359' title='bbox 2892 1927 2958 1965; x_wconf 81' lang='lat' dir='ltr'><strong>ex</strong></span> <span class='ocrx_word' id='word_1_360' title='bbox 2974 1900 3185 1981; x_wconf 83' lang='lat' dir='ltr'><strong>jnstitia</strong></span> <span class='ocrx_word' id='word_1_361' title='bbox 3204 1917 3580 1978; x_wconf 83' lang='lat' dir='ltr'><strong>temperatam,</strong></span> 
     </span>
    </p>
   </div>
   <div class='ocr_carea' id='block_1_52' title="bbox 2016 2002 3585 2074">
    <p class='ocr_par' dir='ltr' id='par_1_52' title="bbox 2016 2002 3585 2074">
     <span class='ocr_line' id='line_1_52' title="bbox 2016 2002 3585 2074; baseline -0.004 -17"><span class='ocrx_word' id='word_1_362' title='bbox 2016 2003 2086 2059; x_wconf 89' lang='lat' dir='ltr'><strong>ad</strong></span> <span class='ocrx_word' id='word_1_363' title='bbox 2114 2019 2424 2074; x_wconf 82' lang='lat' dir='ltr'><strong>supremam</strong></span> <span class='ocrx_word' id='word_1_364' title='bbox 2448 2004 2595 2057; x_wconf 87' lang='lat' dir='ltr'><strong>illam</strong></span> <span class='ocrx_word' id='word_1_365' title='bbox 2619 2003 3008 2072; x_wconf 65' lang='lat' dir='ltr'><strong>calestemque</strong></span> <span class='ocrx_word' id='word_1_366' title='bbox 3038 2002 3279 2072; x_wconf 87' lang='lat' dir='ltr'><strong>requiem</strong></span> <span class='ocrx_word' id='word_1_367' title='bbox 3310 2014 3432 2056; x_wconf 89' lang='lat' dir='ltr'><strong>sese</strong></span> <span class='ocrx_word' id='word_1_368' title='bbox 3453 2013 3585 2053; x_wconf 83' lang='lat' dir='ltr'><strong>con-</strong></span> 
     </span>
    </p>
   </div>
   <div class='ocr_carea' id='block_1_53' title="bbox 2015 2093 3583 2163">
    <p class='ocr_par' dir='ltr' id='par_1_53' title="bbox 2015 2093 3583 2163">
     <span class='ocr_line' id='line_1_53' title="bbox 2015 2093 3583 2163; baseline -0.004 -11"><span class='ocrx_word' id='word_1_369' title='bbox 2015 2107 2209 2154; x_wconf 85' lang='lat' dir='ltr'><strong>vertat.</strong></span> <span class='ocrx_word' id='word_1_370' title='bbox 2236 2097 2511 2153; x_wconf 78' lang='lat' dir='ltr'><strong>Sexcenta</strong></span> <span class='ocrx_word' id='word_1_371' title='bbox 2533 2097 2600 2152; x_wconf 92' lang='lat' dir='ltr'><strong>ad</strong></span> <span class='ocrx_word' id='word_1_372' title='bbox 2628 2112 2753 2153; x_wconf 92' lang='lat' dir='ltr'><strong>eum</strong></span> <span class='ocrx_word' id='word_1_373' title='bbox 2775 2096 2993 2151; x_wconf 93' lang='lat' dir='ltr'><strong>modum</strong></span> <span class='ocrx_word' id='word_1_374' title='bbox 3009 2093 3425 2151; x_wconf 89' lang='lat' dir='ltr'><strong>commemorari</strong></span> <span class='ocrx_word' id='word_1_375' title='bbox 3452 2107 3583 2163; x_wconf 85' lang='lat' dir='ltr'><strong>pos-</strong></span> 
     </span>
    </p>
   </div>
   <div class='ocr_carea' id='block_1_54' title="bbox 2017 2186 3595 2262">
    <p class='ocr_par' dir='ltr' id='par_1_54' title="bbox 2017 2186 3595 2262">
     <span class='ocr_line' id='line_1_54' title="bbox 2017 2186 3595 2262; baseline -0.004 -15"><span class='ocrx_word' id='word_1_376' title='bbox 2017 2200 2165 2247; x_wconf 88' lang='lat' dir='ltr'><strong>sunt.</strong></span> <span class='ocrx_word' id='word_1_377' title='bbox 2216 2191 2352 2247; x_wconf 86' lang='lat' dir='ltr'><strong>lllud</strong></span> <span class='ocrx_word' id='word_1_378' title='bbox 2408 2206 2571 2262; x_wconf 91' lang='lat' dir='ltr'><strong>porro</strong></span> <span class='ocrx_word' id='word_1_379' title='bbox 2618 2190 2835 2256; x_wconf 64' lang='lat' dir='ltr'><strong>divina,</strong></span> <span class='ocrx_word' id='word_1_380' title='bbox 2869 2189 3014 2260; x_wconf 92' lang='lat' dir='ltr'><strong>quod</strong></span> <span class='ocrx_word' id='word_1_381' title='bbox 3050 2188 3303 2250; x_wconf 84' lang='lat' dir='ltr'><strong>habebat,</strong></span> <span class='ocrx_word' id='word_1_382' title='bbox 3332 2186 3595 2256; x_wconf 73' lang='lat' dir='ltr'><strong>imaginis</strong></span> 
     </span>
    </p>
   </div>
   <div class='ocr_carea' id='block_1_55' title="bbox 2016 2278 3581 2352">
    <p class='ocr_par' dir='ltr' id='par_1_55' title="bbox 2016 2278 3581 2352">
     <span class='ocr_line' id='line_1_55' title="bbox 2016 2278 3581 2352; baseline -0.004 -14"><span class='ocrx_word' id='word_1_383' title='bbox 2016 2284 2186 2339; x_wconf 84' lang='lat' dir='ltr'><strong>decus</strong></span> <span class='ocrx_word' id='word_1_384' title='bbox 2213 2282 2483 2337; x_wconf 81' lang='lat' dir='ltr'><strong>Adamum</strong></span> <span class='ocrx_word' id='word_1_385' title='bbox 2516 2282 2825 2352; x_wconf 81' lang='lat' dir='ltr'><strong>perdidisse</strong></span> <span class='ocrx_word' id='word_1_386' title='bbox 2852 2289 3062 2336; x_wconf 89' lang='lat' dir='ltr'><strong>narrat.</strong></span> <span class='ocrx_word' id='word_1_387' title='bbox 3090 2279 3227 2334; x_wconf 86' lang='lat' dir='ltr'><strong>Hinc</strong></span> <span class='ocrx_word' id='word_1_388' title='bbox 3251 2286 3356 2344; x_wconf 89' lang='lat' dir='ltr'><strong>est,</strong></span> <span class='ocrx_word' id='word_1_389' title='bbox 3384 2278 3581 2347; x_wconf 89' lang='lat' dir='ltr'><strong>inquit,</strong></span> 
     </span>
    </p>
   </div>
   <div class='ocr_carea' id='block_1_56' title="bbox 2016 2370 3580 2445">
    <p class='ocr_par' dir='ltr' id='par_1_56' title="bbox 2016 2370 3580 2445">
     <span class='ocr_line' id='line_1_56' title="bbox 2016 2370 3580 2445; baseline -0.004 -16"><span class='ocrx_word' id='word_1_390' title='bbox 2016 2375 2163 2445; x_wconf 91' lang='lat' dir='ltr'><strong>quod</strong></span> <span class='ocrx_word' id='word_1_391' title='bbox 2194 2375 2544 2443; x_wconf 89' lang='lat' dir='ltr'><strong>pellicearum</strong></span> <span class='ocrx_word' id='word_1_392' title='bbox 2593 2376 2906 2429; x_wconf 83' lang='lat' dir='ltr'><strong>tunicarum</strong></span> <span class='ocrx_word' id='word_1_393' title='bbox 2945 2374 2998 2427; x_wconf 91' lang='lat' dir='ltr'><strong>in</strong></span> <span class='ocrx_word' id='word_1_394' title='bbox 3030 2372 3312 2442; x_wconf 85' lang='lat' dir='ltr'><strong>Scriptura</strong></span> <span class='ocrx_word' id='word_1_395' title='bbox 3340 2370 3401 2424; x_wconf 87' lang='lat' dir='ltr'><strong>ﬁt</strong></span> <span class='ocrx_word' id='word_1_396' title='bbox 3430 2383 3580 2423; x_wconf 59' lang='lat' dir='ltr'><strong>meno</strong></span> 
     </span>
    </p>
   </div>
   <div class='ocr_carea' id='block_1_57' title="bbox 2018 2461 3599 2537">
    <p class='ocr_par' dir='ltr' id='par_1_57' title="bbox 2018 2461 3599 2537">
     <span class='ocr_line' id='line_1_57' title="bbox 2018 2461 3599 2537; baseline -0.002 -17"><span class='ocrx_word' id='word_1_397' title='bbox 2018 2466 2092 2521; x_wconf 93' lang='lat' dir='ltr'><strong>tio</strong></span> <span class='ocrx_word' id='word_1_398' title='bbox 2124 2485 2135 2520; x_wconf 94' lang='lat'>:</span> <span class='ocrx_word' id='word_1_399' title='bbox 2166 2463 2319 2520; x_wconf 85' lang='lat' dir='ltr'><strong>Fecit</strong></span> <span class='ocrx_word' id='word_1_400' title='bbox 2377 2466 2485 2519; x_wconf 75' lang='lat' dir='ltr'><strong>illis</strong></span> <span class='ocrx_word' id='word_1_401' title='bbox 2531 2467 2741 2519; x_wconf 77' lang='lat' dir='ltr'><strong>tunicas</strong></span> <span class='ocrx_word' id='word_1_402' title='bbox 2790 2464 3057 2534; x_wconf 72' lang='lat' dir='ltr'><strong>pellicem,</strong></span> <span class='ocrx_word' id='word_1_403' title='bbox 3095 2474 3144 2518; x_wconf 86' lang='lat' dir='ltr'><strong>et</strong></span> <span class='ocrx_word' id='word_1_404' title='bbox 3174 2463 3343 2517; x_wconf 82' lang='lat' dir='ltr'><strong>induit</strong></span> <span class='ocrx_word' id='word_1_405' title='bbox 3368 2465 3507 2532; x_wconf 71' lang='lat' dir='ltr'><strong>ipso:</strong></span> <span class='ocrx_word' id='word_1_406' title='bbox 3539 2461 3599 2537; x_wconf 61' lang='grc' dir='ltr'><strong>ξ.-</strong></span> 
     </span>
    </p>
   </div>
   <div class='ocr_carea' id='block_1_58' title="bbox 2015 2555 3599 2627">
    <p class='ocr_par' dir='ltr' id='par_1_58' title="bbox 2015 2555 3599 2627">
     <span class='ocr_line' id='line_1_58' title="bbox 2015 2555 3599 2627; baseline -0.003 -17"><span class='ocrx_word' id='word_1_407' title='bbox 2015 2556 2170 2623; x_wconf 86' lang='lat' dir='ltr'><strong>Quod</strong></span> <span class='ocrx_word' id='word_1_408' title='bbox 2198 2557 2267 2611; x_wconf 87' lang='lat' dir='ltr'><strong>de</strong></span> <span class='ocrx_word' id='word_1_409' title='bbox 2291 2571 2521 2627; x_wconf 90' lang='lat' dir='ltr'><strong>corpore</strong></span> <span class='ocrx_word' id='word_1_410' title='bbox 2554 2556 2772 2627; x_wconf 84' lang='lat' dir='ltr'><strong>accipit.</strong></span> <span class='ocrx_word' id='word_1_411' title='bbox 2801 2556 3038 2609; x_wconf 87' lang='lat' dir='ltr'><strong>Omnino</strong></span> <span class='ocrx_word' id='word_1_412' title='bbox 3067 2555 3274 2608; x_wconf 88' lang='lat' dir='ltr'><strong>inﬁnita</strong></span> <span class='ocrx_word' id='word_1_413' title='bbox 3321 2555 3423 2607; x_wconf 92' lang='lat' dir='ltr'><strong>alia</strong></span> <span class='ocrx_word' id='word_1_414' title='bbox 3457 2562 3599 2608; x_wconf 88' lang='lat' dir='ltr'><strong>sunt-</strong></span> 
     </span>
    </p>
   </div>
   <div class='ocr_carea' id='block_1_59' title="bbox 2014 2645 3587 2720">
    <p class='ocr_par' dir='ltr' id='par_1_59' title="bbox 2014 2645 3587 2720">
     <span class='ocr_line' id='line_1_59' title="bbox 2014 2645 3587 2720; baseline -0.003 -19"><span class='ocrx_word' id='word_1_415' title='bbox 2014 2648 2084 2703; x_wconf 90' lang='lat' dir='ltr'><strong>ab</strong></span> <span class='ocrx_word' id='word_1_416' title='bbox 2115 2664 2183 2704; x_wconf 91' lang='lat' dir='ltr'><strong>eo</strong></span> <span class='ocrx_word' id='word_1_417' title='bbox 2210 2648 2495 2704; x_wconf 80' lang='lat' dir='ltr'><strong>decantata</strong></span> <span class='ocrx_word' id='word_1_418' title='bbox 2542 2649 2813 2720; x_wconf 78' lang='lat' dir='ltr'><strong>dogmata,</strong></span> <span class='ocrx_word' id='word_1_419' title='bbox 2844 2649 2960 2702; x_wconf 89' lang='lat' dir='ltr'><strong>risu</strong></span> <span class='ocrx_word' id='word_1_420' title='bbox 3005 2661 3075 2702; x_wconf 87' lang='lat' dir='ltr'><strong>ac</strong></span> <span class='ocrx_word' id='word_1_421' title='bbox 3116 2646 3348 2700; x_wconf 88' lang='lat' dir='ltr'><strong>ludibrio</strong></span> <span class='ocrx_word' id='word_1_422' title='bbox 3397 2645 3587 2714; x_wconf 83' lang='lat' dir='ltr'><strong>digna.</strong></span> 
     </span>
    </p>
   </div>
   <div class='ocr_carea' id='block_1_60' title="bbox 2013 2737 3607 2794">
    <p class='ocr_par' dir='ltr' id='par_1_60' title="bbox 2013 2737 3607 2794">
     <span class='ocr_line' id='line_1_60' title="bbox 2013 2737 3607 2794; baseline -0.004 -1"><span class='ocrx_word' id='word_1_423' title='bbox 2013 2739 2149 2794; x_wconf 84' lang='lat' dir='ltr'><strong>Nam</strong></span> <span class='ocrx_word' id='word_1_424' title='bbox 2198 2746 2259 2794; x_wconf 87' lang='lat' dir='ltr'><strong>et</strong></span> <span class='ocrx_word' id='word_1_425' title='bbox 2299 2746 2639 2794; x_wconf 86' lang='lat' dir='ltr'><strong>mortuorum</strong></span> <span class='ocrx_word' id='word_1_426' title='bbox 2696 2737 3152 2791; x_wconf 86' lang='lat' dir='ltr'><strong>resurrectionem</strong></span> <span class='ocrx_word' id='word_1_427' title='bbox 3209 2750 3457 2788; x_wconf 82' lang='lat' dir='ltr'><strong>mancam</strong></span> <span class='ocrx_word' id='word_1_428' title='bbox 3521 2747 3607 2787; x_wconf 77' lang='lat' dir='ltr'><strong>ac&#39;</strong></span> 
     </span>
    </p>
   </div>
   <div class='ocr_carea' id='block_1_61' title="bbox 2013 2822 3587 2896">
    <p class='ocr_par' dir='ltr' id='par_1_61' title="bbox 2013 2822 3587 2896">
     <span class='ocr_line' id='line_1_61' title="bbox 2013 2822 3587 2896; baseline -0.004 -13"><span class='ocrx_word' id='word_1_429' title='bbox 2013 2829 2278 2883; x_wconf 78' lang='lat' dir='ltr'><strong>delectam</strong></span> <span class='ocrx_word' id='word_1_430' title='bbox 2313 2827 2532 2882; x_wconf 90' lang='lat' dir='ltr'><strong>asserit.</strong></span> <span class='ocrx_word' id='word_1_431' title='bbox 2562 2826 2736 2893; x_wconf 85' lang='lat' dir='ltr'><strong>Quam</strong></span> <span class='ocrx_word' id='word_1_432' title='bbox 2768 2828 2987 2896; x_wconf 87' lang='lat' dir='ltr'><strong>quidem</strong></span> <span class='ocrx_word' id='word_1_433' title='bbox 3040 2826 3237 2895; x_wconf 82' lang='lat' dir='ltr'><strong>partim</strong></span> <span class='ocrx_word' id='word_1_434' title='bbox 3292 2823 3472 2878; x_wconf 79' lang='lat' dir='ltr'><strong>verbis</strong></span> <span class='ocrx_word' id='word_1_435' title='bbox 3503 2822 3587 2876; x_wconf 80' lang='lat' dir='ltr'><strong>al-</strong></span> 
     </span>
    </p>
   </div>
   <div class='ocr_carea' id='block_1_62' title="bbox 2015 2918 3583 2990">
    <p class='ocr_par' dir='ltr' id='par_1_62' title="bbox 2015 2918 3583 2990">
     <span class='ocr_line' id='line_1_62' title="bbox 2015 2918 3583 2990; baseline -0.005 -15"><span class='ocrx_word' id='word_1_436' title='bbox 2015 2922 2217 2988; x_wconf 88' lang='lat' dir='ltr'><strong>ﬁrmat,</strong></span> <span class='ocrx_word' id='word_1_437' title='bbox 2251 2920 2447 2990; x_wconf 87' lang='lat' dir='ltr'><strong>partim</strong></span> <span class='ocrx_word' id='word_1_438' title='bbox 2496 2918 2743 2972; x_wconf 72' lang='lat' dir='ltr'><strong>funditus</strong></span> <span class='ocrx_word' id='word_1_439' title='bbox 2796 2918 2955 2971; x_wconf 90' lang='lat' dir='ltr'><strong>tollit.</strong></span> <span class='ocrx_word' id='word_1_440' title='bbox 2999 2918 3149 2971; x_wconf 85' lang='lat' dir='ltr'><strong>Alias</strong></span> <span class='ocrx_word' id='word_1_441' title='bbox 3197 2930 3326 2970; x_wconf 85' lang='lat' dir='ltr'><strong>vero</strong></span> <span class='ocrx_word' id='word_1_442' title='bbox 3375 2922 3583 2985; x_wconf 89' lang='lat' dir='ltr'><strong>partem</strong></span> 
     </span>
    </p>
   </div>
   <div class='ocr_carea' id='block_1_63' title="bbox 2013 2996 3611 3081">
    <p class='ocr_par' dir='ltr' id='par_1_63' title="bbox 2013 2996 3611 3081">
     <span class='ocr_line' id='line_1_63' title="bbox 2013 2996 3611 3081; baseline -0.004 -14"><span class='ocrx_word' id='word_1_443' title='bbox 2013 2996 2280 3067; x_wconf 77' lang='lat' dir='ltr'><strong>duntaxat</strong></span> <span class='ocrx_word' id='word_1_444' title='bbox 2300 3010 2538 3066; x_wconf 91' lang='lat' dir='ltr'><strong>hominis</strong></span> <span class='ocrx_word' id='word_1_445' title='bbox 2565 3011 2792 3065; x_wconf 83' lang='lat' dir='ltr'><strong>excitari</strong></span> <span class='ocrx_word' id='word_1_446' title='bbox 2808 3019 2981 3081; x_wconf 90' lang='lat' dir='ltr'><strong>putat.</strong></span> <span class='ocrx_word' id='word_1_447' title='bbox 3000 3008 3236 3063; x_wconf 85' lang='lat' dir='ltr'><strong>Demum.</strong></span> <span class='ocrx_word' id='word_1_448' title='bbox 3250 3021 3611 3079; x_wconf 39' lang='lat' dir='ltr'><strong>quaecunque“</strong></span> 
     </span>
    </p>
   </div>
   <div class='ocr_carea' id='block_1_64' title="bbox 2014 3097 3609 3173">
    <p class='ocr_par' dir='ltr' id='par_1_64' title="bbox 2014 3097 3609 3173">
     <span class='ocr_line' id='line_1_64' title="bbox 2014 3097 3609 3173; baseline -0.007 -17"><span class='ocrx_word' id='word_1_449' title='bbox 2014 3110 2211 3173; x_wconf 87' lang='lat' dir='ltr'><strong>potest,</strong></span> <span class='ocrx_word' id='word_1_450' title='bbox 2245 3102 2312 3156; x_wconf 91' lang='lat' dir='ltr'><strong>ad</strong></span> <span class='ocrx_word' id='word_1_451' title='bbox 2352 3100 2643 3171; x_wconf 89' lang='lat' dir='ltr'><strong>allegorias</strong></span> <span class='ocrx_word' id='word_1_452' title='bbox 2682 3099 2964 3160; x_wconf 81' lang='lat' dir='ltr'><strong>transfert,</strong></span> <span class='ocrx_word' id='word_1_453' title='bbox 2994 3100 3139 3152; x_wconf 87' lang='lat' dir='ltr'><strong>velut</strong></span> <span class='ocrx_word' id='word_1_454' title='bbox 3171 3097 3504 3168; x_wconf 89' lang='lat' dir='ltr'><strong>paradisum,</strong></span> <span class='ocrx_word' id='word_1_455' title='bbox 3531 3104 3609 3150; x_wconf 66' lang='lat' dir='ltr'><strong>et:</strong></span> 
     </span>
    </p>
   </div>
   <div class='ocr_carea' id='block_1_65' title="bbox 1936 3190 3601 3265">
    <p class='ocr_par' dir='ltr' id='par_1_65' title="bbox 1936 3190 3601 3265">
     <span class='ocr_line' id='line_1_65' title="bbox 1936 3190 3601 3265; baseline -0.002 -18"><span class='ocrx_word' id='word_1_456' title='bbox 1936 3190 1980 3247; x_wconf 89' lang='lat' dir='ltr'><strong><em>C</em></strong></span> <span class='ocrx_word' id='word_1_457' title='bbox 2013 3210 2185 3265; x_wconf 88' lang='lat' dir='ltr'><strong>aquas</strong></span> <span class='ocrx_word' id='word_1_458' title='bbox 2232 3210 2355 3265; x_wconf 64' lang='lat' dir='ltr'><strong>qua:</strong></span> <span class='ocrx_word' id='word_1_459' title='bbox 2404 3193 2459 3247; x_wconf 91' lang='lat' dir='ltr'><strong>in</strong></span> <span class='ocrx_word' id='word_1_460' title='bbox 2489 3208 2554 3248; x_wconf 88' lang='lat' dir='ltr'><strong>eo</strong></span> <span class='ocrx_word' id='word_1_461' title='bbox 2586 3201 2745 3257; x_wconf 89' lang='lat' dir='ltr'><strong>sunt,</strong></span> <span class='ocrx_word' id='word_1_462' title='bbox 2784 3207 3014 3263; x_wconf 68' lang='lat' dir='ltr'><strong>quaeque</strong></span> <span class='ocrx_word' id='word_1_463' title='bbox 3047 3201 3103 3247; x_wconf 92' lang='lat' dir='ltr'><strong>et</strong></span> <span class='ocrx_word' id='word_1_464' title='bbox 3132 3205 3297 3263; x_wconf 89' lang='lat' dir='ltr'><strong>supra</strong></span> <span class='ocrx_word' id='word_1_465' title='bbox 3330 3190 3601 3244; x_wconf 66' lang='lat' dir='ltr'><strong>caelestes.</strong></span> 
     </span>
    </p>
   </div>
   <div class='ocr_carea' id='block_1_66' title="bbox 342 3276 3588 3358">
    <p class='ocr_par' dir='ltr' id='par_1_66' title="bbox 342 3276 3588 3358">
     <span class='ocr_line' id='line_1_66' title="bbox 342 3276 3588 3358; baseline 0.002 -30"><span class='ocrx_word' id='word_1_466' title='bbox 342 3276 526 3341; x_wconf 83' lang='lat' dir='ltr'><strong>orbes,</strong></span> <span class='ocrx_word' id='word_1_467' title='bbox 556 3286 609 3331; x_wconf 92' lang='lat' dir='ltr'><strong>et</strong></span> <span class='ocrx_word' id='word_1_468' title='bbox 639 3280 746 3333; x_wconf 91' lang='lat' dir='ltr'><strong>sub</strong></span> <span class='ocrx_word' id='word_1_469' title='bbox 785 3289 932 3334; x_wconf 88' lang='lat' dir='ltr'><strong>terra</strong></span> <span class='ocrx_word' id='word_1_470' title='bbox 967 3284 1323 3339; x_wconf 78' lang='lat' dir='ltr'><strong>collocantur.</strong></span> <span class='ocrx_word' id='word_1_471' title='bbox 1350 3284 1475 3339; x_wconf 65' lang='lat' dir='ltr'><strong>Haec</strong></span> <span class='ocrx_word' id='word_1_472' title='bbox 1524 3294 1581 3339; x_wconf 90' lang='lat' dir='ltr'><strong>et</strong></span> <span class='ocrx_word' id='word_1_473' title='bbox 1605 3285 1692 3341; x_wconf 90' lang='lat' dir='ltr'><strong>his</strong></span> <span class='ocrx_word' id='word_1_474' title='bbox 1743 3286 1944 3341; x_wconf 86' lang='lat' dir='ltr'><strong>similia</strong></span> <span class='ocrx_word' id='word_1_475' title='bbox 1980 3292 2175 3358; x_wconf 84' lang='lat' dir='ltr'><strong>nugari</strong></span> <span class='ocrx_word' id='word_1_476' title='bbox 2222 3304 2329 3342; x_wconf 89' lang='lat' dir='ltr'><strong>non</strong></span> <span class='ocrx_word' id='word_1_477' title='bbox 2364 3286 2585 3352; x_wconf 88' lang='lat' dir='ltr'><strong>desinit,</strong></span> <span class='ocrx_word' id='word_1_478' title='bbox 2653 3300 2886 3357; x_wconf 89' lang='lat' dir='ltr'><strong>quorutn</strong></span> <span class='ocrx_word' id='word_1_479' title='bbox 2934 3284 3261 3338; x_wconf 89' lang='lat' dir='ltr'><strong>mentionem</strong></span> <span class='ocrx_word' id='word_1_480' title='bbox 3305 3280 3416 3350; x_wconf 87' lang='lat' dir='ltr'><strong>jam</strong></span> <span class='ocrx_word' id='word_1_481' title='bbox 3462 3280 3588 3336; x_wconf 87' lang='lat' dir='ltr'><strong>aliis</strong></span> 
     </span>
    </p>
   </div>
   <div class='ocr_carea' id='block_1_67' title="bbox 340 3365 937 3439">
    <p class='ocr_par' dir='ltr' id='par_1_67' title="bbox 340 3365 937 3439">
     <span class='ocr_line' id='line_1_67' title="bbox 340 3365 937 3439; baseline 0.012 -20"><span class='ocrx_word' id='word_1_482' title='bbox 340 3365 397 3422; x_wconf 85' lang='lat' dir='ltr'><strong>in</strong></span> <span class='ocrx_word' id='word_1_483' title='bbox 425 3369 557 3423; x_wconf 88' lang='lat' dir='ltr'><strong>locis</strong></span> <span class='ocrx_word' id='word_1_484' title='bbox 586 3372 937 3439; x_wconf 87' lang='lat' dir='ltr'><strong>aspersimus.</strong></span> 
     </span>
    </p>
   </div>
   <div class='ocr_carea' id='block_1_68' title="bbox 412 3464 1915 3541">
    <p class='ocr_par' dir='ltr' id='par_1_68' title="bbox 412 3464 1915 3541">
     <span class='ocr_line' id='line_1_68' title="bbox 412 3464 1915 3541; baseline 0.005 -25"><span class='ocrx_word' id='word_1_485' title='bbox 412 3465 485 3516; x_wconf 67' lang='grc' dir='ltr'>δ’.</span> <span class='ocrx_word' id='word_1_486' title='bbox 527 3465 691 3517; x_wconf 80' lang='grc' dir='ltr'>Οὐδὲν</span> <span class='ocrx_word' id='word_1_487' title='bbox 713 3466 769 3518; x_wconf 84' lang='grc' dir='ltr'>δὲ</span> <span class='ocrx_word' id='word_1_488' title='bbox 805 3467 899 3520; x_wconf 80' lang='grc' dir='ltr'>καὶ</span> <span class='ocrx_word' id='word_1_489' title='bbox 926 3469 1020 3520; x_wconf 86' lang='grc' dir='ltr'><strong>νῦν</strong></span> <span class='ocrx_word' id='word_1_490' title='bbox 1056 3468 1288 3540; x_wconf 84' lang='grc' dir='ltr'>λυπήσει</span> <span class='ocrx_word' id='word_1_491' title='bbox 1315 3464 1470 3531; x_wconf 80' lang='grc' dir='ltr'>αὖθις</span> <span class='ocrx_word' id='word_1_492' title='bbox 1499 3469 1557 3523; x_wconf 84' lang='grc' dir='ltr'><strong>ἐν</strong></span> <span class='ocrx_word' id='word_1_493' title='bbox 1581 3472 1653 3541; x_wconf 77' lang='grc' dir='ltr'>τῇ</span> <span class='ocrx_word' id='word_1_494' title='bbox 1676 3472 1794 3524; x_wconf 85' lang='grc' dir='ltr'>κατ’</span> <span class='ocrx_word' id='word_1_495' title='bbox 1822 3470 1915 3524; x_wconf 82' lang='grc' dir='ltr'><strong>αὐ·-</strong></span> 
     </span>
    </p>
   </div>
   <div class='ocr_carea' id='block_1_69' title="bbox 338 3554 1914 3632">
    <p class='ocr_par' dir='ltr' id='par_1_69' title="bbox 338 3554 1914 3632">
     <span class='ocr_line' id='line_1_69' title="bbox 338 3554 1914 3632; baseline 0.004 -24"><span class='ocrx_word' id='word_1_496' title='bbox 338 3554 438 3627; x_wconf 82' lang='grc' dir='ltr'>τὴν</span> <span class='ocrx_word' id='word_1_497' title='bbox 471 3558 681 3627; x_wconf 86' lang='grc' dir='ltr'>αἱρέσει</span> <span class='ocrx_word' id='word_1_498' title='bbox 711 3559 841 3628; x_wconf 81' lang='grc' dir='ltr'>περὶ</span> <span class='ocrx_word' id='word_1_499' title='bbox 868 3559 967 3629; x_wconf 81' lang='grc' dir='ltr'>τῆς</span> <span class='ocrx_word' id='word_1_500' title='bbox 1009 3560 1176 3613; x_wconf 82' lang='grc' dir='ltr'>αὐτοῦ</span> <span class='ocrx_word' id='word_1_501' title='bbox 1212 3560 1563 3632; x_wconf 83' lang='grc' dir='ltr'>περιπετείας</span> <span class='ocrx_word' id='word_1_502' title='bbox 1592 3562 1692 3614; x_wconf 73' lang='grc' dir='ltr'>καὶ-</span> <span class='ocrx_word' id='word_1_503' title='bbox 1722 3562 1914 3614; x_wconf 84' lang='grc' dir='ltr'>ὑποθέ-</span> 
     </span>
    </p>
   </div>
   <div class='ocr_carea' id='block_1_70' title="bbox 342 3647 1911 3719">
    <p class='ocr_par' dir='ltr' id='par_1_70' title="bbox 342 3647 1911 3719">
     <span class='ocr_line' id='line_1_70' title="bbox 342 3647 1911 3719; baseline 0.005 -21"><span class='ocrx_word' id='word_1_504' title='bbox 342 3662 479 3709; x_wconf 88' lang='grc' dir='ltr'>σεως</span> <span class='ocrx_word' id='word_1_505' title='bbox 499 3647 884 3719; x_wconf 89' lang='grc' dir='ltr'>διηγήσασθαι,</span> <span class='ocrx_word' id='word_1_506' title='bbox 915 3653 1011 3704; x_wconf 76' lang='grc' dir='ltr'>καὶ</span> <span class='ocrx_word' id='word_1_507' title='bbox 1041 3651 1099 3716; x_wconf 85' lang='grc' dir='ltr'>ἐξ</span> <span class='ocrx_word' id='word_1_508' title='bbox 1127 3651 1289 3706; x_wconf 84' lang='grc' dir='ltr'>αὐτοῦ</span> <span class='ocrx_word' id='word_1_509' title='bbox 1329 3652 1437 3705; x_wconf 84' lang='grc' dir='ltr'><strong>τῶν</strong></span> <span class='ocrx_word' id='word_1_510' title='bbox 1461 3652 1552 3704; x_wconf 77' lang='grc' dir='ltr'><strong>ὑπ’</strong></span> <span class='ocrx_word' id='word_1_511' title='bbox 1586 3652 1747 3706; x_wconf 85' lang='grc' dir='ltr'>αὐτοῦ</span> <span class='ocrx_word' id='word_1_512' title='bbox 1778 3654 1911 3706; x_wconf 84' lang='grc' dir='ltr'>ὑπο-</span> 
     </span>
    </p>
   </div>
   <div class='ocr_carea' id='block_1_71' title="bbox 343 3737 1913 3815">
    <p class='ocr_par' dir='ltr' id='par_1_71' title="bbox 343 3737 1913 3815">
     <span class='ocr_line' id='line_1_71' title="bbox 343 3737 1913 3815; baseline 0.004 -26"><span class='ocrx_word' id='word_1_513' title='bbox 343 3737 691 3809; x_wconf 74' lang='grc' dir='ltr'>ϐαλλομένων</span> <span class='ocrx_word' id='word_1_514' title='bbox 726 3740 824 3810; x_wconf 84' lang='grc' dir='ltr'>τὴν</span> <span class='ocrx_word' id='word_1_515' title='bbox 865 3744 1178 3814; x_wconf 84' lang='grc' dir='ltr'>ἀνατροπὴν</span> <span class='ocrx_word' id='word_1_516' title='bbox 1217 3742 1565 3815; x_wconf 86' lang='grc' dir='ltr'>ποιήσασθαι.</span> <span class='ocrx_word' id='word_1_517' title='bbox 1600 3742 1776 3813; x_wconf 85' lang='grc' dir='ltr'>Πολλὴ</span> <span class='ocrx_word' id='word_1_518' title='bbox 1806 3744 1913 3814; x_wconf 79' lang='grc' dir='ltr'>γὰρ</span> 
     </span>
    </p>
   </div>
   <div class='ocr_carea' id='block_1_72' title="bbox 342 3829 1911 3906">
    <p class='ocr_par' dir='ltr' id='par_1_72' title="bbox 342 3829 1911 3906">
     <span class='ocr_line' id='line_1_72' title="bbox 342 3829 1911 3906; baseline 0.004 -26"><span class='ocrx_word' id='word_1_519' title='bbox 342 3830 375 3898; x_wconf 87' lang='grc' dir='ltr'><strong>ή</strong></span> <span class='ocrx_word' id='word_1_520' title='bbox 408 3829 598 3883; x_wconf 84' lang='grc' dir='ltr'>τούτου</span> <span class='ocrx_word' id='word_1_521' title='bbox 626 3831 850 3903; x_wconf 74' lang='grc' dir='ltr'>ὕστερον</span> <span class='ocrx_word' id='word_1_522' title='bbox 880 3834 1145 3906; x_wconf 86' lang='grc' dir='ltr'>γενομένη</span> <span class='ocrx_word' id='word_1_523' title='bbox 1194 3836 1411 3898; x_wconf 83' lang='grc' dir='ltr'>ἀτοπία,</span> <span class='ocrx_word' id='word_1_524' title='bbox 1443 3836 1547 3888; x_wconf 75' lang='grc' dir='ltr'>καὶ·</span> <span class='ocrx_word' id='word_1_525' title='bbox 1570 3836 1911 3906; x_wconf 78' lang='grc' dir='ltr'>ἐπιτήδευσις</span> 
     </span>
    </p>
   </div>
   <div class='ocr_carea' id='block_1_73' title="bbox 341 3924 1910 3999">
    <p class='ocr_par' dir='ltr' id='par_1_73' title="bbox 341 3924 1910 3999">
     <span class='ocr_line' id='line_1_73' title="bbox 341 3924 1910 3999; baseline 0.005 -26"><span class='ocrx_word' id='word_1_526' title='bbox 341 3924 868 3994; x_wconf 79' lang='grc' dir='ltr'>παραπεποιημένης</span> <span class='ocrx_word' id='word_1_527' title='bbox 912 3927 1149 3992; x_wconf 86' lang='grc' dir='ltr'>ἐννοίας,</span> <span class='ocrx_word' id='word_1_528' title='bbox 1198 3928 1294 3980; x_wconf 83' lang='grc' dir='ltr'><strong>καὶ</strong></span> <span class='ocrx_word' id='word_1_529' title='bbox 1346 3927 1452 3992; x_wconf 79' lang='grc' dir='ltr'><strong>ἔξω</strong></span> <span class='ocrx_word' id='word_1_530' title='bbox 1504 3927 1767 3999; x_wconf 77' lang='grc' dir='ltr'>βεϐηκυῖα</span> <span class='ocrx_word' id='word_1_531' title='bbox 1812 3929 1910 3998; x_wconf 80' lang='grc' dir='ltr'>τῆς</span> 
     </span>
    </p>
   </div>
   <div class='ocr_carea' id='block_1_74' title="bbox 339 4012 1913 4089">
    <p class='ocr_par' dir='ltr' id='par_1_74' title="bbox 339 4012 1913 4089">
     <span class='ocr_line' id='line_1_74' title="bbox 339 4012 1913 4089; baseline 0.004 -24"><span class='ocrx_word' id='word_1_532' title='bbox 339 4012 615 4083; x_wconf 84' lang='grc' dir='ltr'>ἀληθείας.</span> <span class='ocrx_word' id='word_1_533' title='bbox 652 4014 835 4079; x_wconf 79' lang='grc' dir='ltr'>Ἔδοξε</span> <span class='ocrx_word' id='word_1_534' title='bbox 874 4016 981 4088; x_wconf 91' lang='grc' dir='ltr'><strong>γάρ</strong></span> <span class='ocrx_word' id='word_1_535' title='bbox 1010 4017 1153 4070; x_wconf 90' lang='grc' dir='ltr'><strong>κατά</strong></span> <span class='ocrx_word' id='word_1_536' title='bbox 1194 4020 1458 4089; x_wconf 80' lang='grc' dir='ltr'>αἱρέσεων</span> <span class='ocrx_word' id='word_1_537' title='bbox 1506 4019 1697 4071; x_wconf 88' lang='grc' dir='ltr'>πασῶν</span> <span class='ocrx_word' id='word_1_538' title='bbox 1735 4018 1913 4087; x_wconf 83' lang='grc' dir='ltr'>λέγειν</span> 
     </span>
    </p>
   </div>
   <div class='ocr_carea' id='block_1_75' title="bbox 339 4105 1913 4180">
    <p class='ocr_par' dir='ltr' id='par_1_75' title="bbox 339 4105 1913 4180">
     <span class='ocr_line' id='line_1_75' title="bbox 339 4105 1913 4180; baseline 0.003 -24"><span class='ocrx_word' id='word_1_539' title='bbox 339 4105 448 4157; x_wconf 88' lang='grc' dir='ltr'><strong>τῶν</strong></span> <span class='ocrx_word' id='word_1_540' title='bbox 480 4106 585 4176; x_wconf 81' lang='grc' dir='ltr'>πρὸ</span> <span class='ocrx_word' id='word_1_541' title='bbox 614 4105 799 4169; x_wconf 81' lang='grc' dir='ltr'>αὐτοῦ,</span> <span class='ocrx_word' id='word_1_542' title='bbox 835 4109 931 4160; x_wconf 73' lang='grc' dir='ltr'>καὶ</span> <span class='ocrx_word' id='word_1_543' title='bbox 982 4108 1307 4179; x_wconf 85' lang='grc' dir='ltr'>ἀνατρέπειν</span> <span class='ocrx_word' id='word_1_544' title='bbox 1358 4110 1627 4179; x_wconf 86' lang='grc' dir='ltr'>ἐκάστην·</span> <span class='ocrx_word' id='word_1_545' title='bbox 1689 4108 1913 4180; x_wconf 76' lang='grc' dir='ltr'>ὕστερον</span> 
     </span>
    </p>
   </div>
   <div class='ocr_carea' id='block_1_76' title="bbox 338 4192 1914 4272">
    <p class='ocr_par' dir='ltr' id='par_1_76' title="bbox 338 4192 1914 4272">
     <span class='ocr_line' id='line_1_76' title="bbox 338 4192 1914 4272; baseline 0.004 -24"><span class='ocrx_word' id='word_1_546' title='bbox 338 4195 395 4249; x_wconf 83' lang='grc' dir='ltr'>δὲ</span> <span class='ocrx_word' id='word_1_547' title='bbox 430 4198 523 4249; x_wconf 78' lang='grc' dir='ltr'>καὶ</span> <span class='ocrx_word' id='word_1_548' title='bbox 560 4197 941 4269; x_wconf 84' lang='grc' dir='ltr'>αὐτὸςαῖρεσιν</span> <span class='ocrx_word' id='word_1_549' title='bbox 968 4201 1027 4252; x_wconf 82' lang='grc' dir='ltr'>οὐ</span> <span class='ocrx_word' id='word_1_550' title='bbox 1056 4200 1152 4270; x_wconf 81' lang='grc' dir='ltr'>τὴν</span> <span class='ocrx_word' id='word_1_551' title='bbox 1180 4199 1448 4269; x_wconf 80' lang='grc' dir='ltr'>τυχοῦσαν</span> <span class='ocrx_word' id='word_1_552' title='bbox 1470 4200 1673 4272; x_wconf 80' lang='grc' dir='ltr'>ταύτην</span> <span class='ocrx_word' id='word_1_553' title='bbox 1705 4192 1783 4271; x_wconf 77' lang='grc' dir='ltr'><strong>τῷ</strong></span> <span class='ocrx_word' id='word_1_554' title='bbox 1814 4202 1914 4272; x_wconf 87' lang='grc' dir='ltr'>βίῳ</span> 
     </span>
    </p>
   </div>
   <div class='ocr_carea' id='block_1_77' title="bbox 338 4287 1916 4365">
    <p class='ocr_par' dir='ltr' id='par_1_77' title="bbox 338 4287 1916 4365">
     <span class='ocr_line' id='line_1_77' title="bbox 338 4287 1916 4365; baseline 0.003 -24"><span class='ocrx_word' id='word_1_555' title='bbox 338 4290 592 4360; x_wconf 79' lang='grc' dir='ltr'>ἐξήμεσε.</span> <span class='ocrx_word' id='word_1_556' title='bbox 626 4291 735 4344; x_wconf 75' lang='grc' dir='ltr'><strong>Καὶ</strong></span> <span class='ocrx_word' id='word_1_557' title='bbox 764 4290 979 4361; x_wconf 84' lang='grc' dir='ltr'>πρῶτον</span> <span class='ocrx_word' id='word_1_558' title='bbox 1016 4291 1113 4362; x_wconf 84' lang='grc' dir='ltr'>μὲν</span> <span class='ocrx_word' id='word_1_559' title='bbox 1143 4287 1235 4345; x_wconf 80' lang='grc' dir='ltr'>οὖν</span> <span class='ocrx_word' id='word_1_560' title='bbox 1270 4292 1339 4345; x_wconf 88' lang='grc' dir='ltr'><strong>τά</strong></span> <span class='ocrx_word' id='word_1_561' title='bbox 1369 4294 1460 4345; x_wconf 78' lang='grc' dir='ltr'><strong>ὑπ’</strong></span> <span class='ocrx_word' id='word_1_562' title='bbox 1485 4292 1649 4347; x_wconf 82' lang='grc' dir='ltr'>αὐτοῦ</span> <span class='ocrx_word' id='word_1_563' title='bbox 1684 4294 1916 4365; x_wconf 77' lang='grc' dir='ltr'>ρηθέντα</span> 
     </span>
    </p>
   </div>
   <div class='ocr_carea' id='block_1_78' title="bbox 338 4380 1911 4454">
    <p class='ocr_par' dir='ltr' id='par_1_78' title="bbox 338 4380 1911 4454">
     <span class='ocr_line' id='line_1_78' title="bbox 338 4380 1911 4454; baseline 0.003 -21"><span class='ocrx_word' id='word_1_564' title='bbox 338 4382 418 4444; x_wconf 87' lang='grc' dir='ltr'><strong>είς</strong></span> <span class='ocrx_word' id='word_1_565' title='bbox 439 4380 664 4452; x_wconf 77' lang='grc' dir='ltr'>ἔλεγχον</span> <span class='ocrx_word' id='word_1_566' title='bbox 686 4382 787 4452; x_wconf 84' lang='grc' dir='ltr'>τῆς</span> <span class='ocrx_word' id='word_1_567' title='bbox 818 4381 985 4435; x_wconf 86' lang='grc' dir='ltr'>αὑτοῦ</span> <span class='ocrx_word' id='word_1_568' title='bbox 1018 4384 1549 4454; x_wconf 79' lang='grc' dir='ltr'>παραπεποιημένης</span> <span class='ocrx_word' id='word_1_569' title='bbox 1578 4385 1911 4438; x_wconf 88' lang='grc' dir='ltr'>ἐπιπλάστου</span> 
     </span>
    </p>
   </div>
   <div class='ocr_carea' id='block_1_79' title="bbox 2088 3462 3616 3537">
    <p class='ocr_par' dir='ltr' id='par_1_79' title="bbox 2088 3462 3616 3537">
     <span class='ocr_line' id='line_1_79' title="bbox 2088 3462 3616 3537; baseline -0.002 -19"><span class='ocrx_word' id='word_1_570' title='bbox 2088 3463 2154 3518; x_wconf 88' lang='lat' dir='ltr'><strong>V.</strong></span> <span class='ocrx_word' id='word_1_571' title='bbox 2196 3464 2311 3520; x_wconf 88' lang='lat' dir='ltr'><strong>lloc</strong></span> <span class='ocrx_word' id='word_1_572' title='bbox 2357 3481 2486 3521; x_wconf 86' lang='lat' dir='ltr'><strong>vero</strong></span> <span class='ocrx_word' id='word_1_573' title='bbox 2521 3467 2793 3537; x_wconf 89' lang='lat' dir='ltr'><strong>loco,quo</strong></span> <span class='ocrx_word' id='word_1_574' title='bbox 2836 3464 3100 3519; x_wconf 84' lang='lat' dir='ltr'><strong>adversus</strong></span> <span class='ocrx_word' id='word_1_575' title='bbox 3151 3464 3291 3517; x_wconf 90' lang='lat' dir='ltr'><strong>hanc</strong></span> <span class='ocrx_word' id='word_1_576' title='bbox 3335 3462 3616 3518; x_wconf 49' lang='lat' dir='ltr'><strong>haeresim.</strong></span> 
     </span>
    </p>
   </div>
   <div class='ocr_carea' id='block_1_80' title="bbox 2014 3557 3605 3630">
    <p class='ocr_par' dir='ltr' id='par_1_80' title="bbox 2014 3557 3605 3630">
     <span class='ocr_line' id='line_1_80' title="bbox 2014 3557 3605 3630; baseline -0.002 -16"><span class='ocrx_word' id='word_1_577' title='bbox 2014 3561 2285 3629; x_wconf 66' lang='lat' dir='ltr'><strong>praicipue</strong></span> <span class='ocrx_word' id='word_1_578' title='bbox 2335 3560 2700 3630; x_wconf 87' lang='lat' dir='ltr'><strong>disputamus,</strong></span> <span class='ocrx_word' id='word_1_579' title='bbox 2748 3559 3065 3614; x_wconf 83' lang='lat' dir='ltr'><strong>temerarias</strong></span> <span class='ocrx_word' id='word_1_580' title='bbox 3113 3558 3257 3610; x_wconf 89' lang='lat' dir='ltr'><strong>illius</strong></span> <span class='ocrx_word' id='word_1_581' title='bbox 3303 3557 3605 3626; x_wconf 74' lang='lat' dir='ltr'><strong>Opiniones</strong></span> 
     </span>
    </p>
   </div>
   <div class='ocr_carea' id='block_1_81' title="bbox 2013 3648 3613 3722">
    <p class='ocr_par' dir='ltr' id='par_1_81' title="bbox 2013 3648 3613 3722">
     <span class='ocr_line' id='line_1_81' title="bbox 2013 3648 3613 3722; baseline -0.003 -18"><span class='ocrx_word' id='word_1_582' title='bbox 2013 3666 2078 3705; x_wconf 90' lang='lat' dir='ltr'><strong>ac</strong></span> <span class='ocrx_word' id='word_1_583' title='bbox 2103 3650 2360 3722; x_wconf 87' lang='lat' dir='ltr'><strong>dogmata</strong></span> <span class='ocrx_word' id='word_1_584' title='bbox 2402 3659 2649 3722; x_wconf 86' lang='lat' dir='ltr'><strong>repetere</strong></span> <span class='ocrx_word' id='word_1_585' title='bbox 2673 3667 2782 3707; x_wconf 93' lang='lat' dir='ltr'><strong>non</strong></span> <span class='ocrx_word' id='word_1_586' title='bbox 2814 3651 3183 3721; x_wconf 87' lang='lat' dir='ltr'><strong>gravabimur,</strong></span> <span class='ocrx_word' id='word_1_587' title='bbox 3212 3657 3266 3704; x_wconf 87' lang='lat' dir='ltr'><strong>et</strong></span> <span class='ocrx_word' id='word_1_588' title='bbox 3298 3650 3368 3703; x_wconf 86' lang='lat' dir='ltr'><strong>ab</strong></span> <span class='ocrx_word' id='word_1_589' title='bbox 3393 3648 3613 3704; x_wconf 63' lang='lat' dir='ltr'><strong>eodem-</strong></span> 
     </span>
    </p>
   </div>
   <div class='ocr_carea' id='block_1_82' title="bbox 2015 3739 3585 3808">
    <p class='ocr_par' dir='ltr' id='par_1_82' title="bbox 2015 3739 3585 3808">
     <span class='ocr_line' id='line_1_82' title="bbox 2015 3739 3585 3808; baseline -0.001 -16"><span class='ocrx_word' id='word_1_590' title='bbox 2015 3739 2133 3808; x_wconf 91' lang='lat' dir='ltr'><strong>ipso</strong></span> <span class='ocrx_word' id='word_1_591' title='bbox 2154 3741 2511 3795; x_wconf 87' lang='lat' dir='ltr'><strong>conﬁetarum</strong></span> <span class='ocrx_word' id='word_1_592' title='bbox 2554 3740 2622 3795; x_wconf 93' lang='lat' dir='ltr'><strong>ab</strong></span> <span class='ocrx_word' id='word_1_593' title='bbox 2656 3756 2721 3797; x_wconf 90' lang='lat' dir='ltr'><strong>eo</strong></span> <span class='ocrx_word' id='word_1_594' title='bbox 2750 3740 3052 3795; x_wconf 83' lang='lat' dir='ltr'><strong>fabularum</strong></span> <span class='ocrx_word' id='word_1_595' title='bbox 3086 3740 3461 3795; x_wconf 80' lang='lat' dir='ltr'><strong>refutationem</strong></span> <span class='ocrx_word' id='word_1_596' title='bbox 3500 3754 3585 3792; x_wconf 55' lang='lat' dir='ltr'><strong>aro</strong></span> 
     </span>
    </p>
   </div>
   <div class='ocr_carea' id='block_1_83' title="bbox 2011 3831 3584 3904">
    <p class='ocr_par' dir='ltr' id='par_1_83' title="bbox 2011 3831 3584 3904">
     <span class='ocr_line' id='line_1_83' title="bbox 2011 3831 3584 3904; baseline -0.002 -18"><span class='ocrx_word' id='word_1_597' title='bbox 2011 3847 2246 3888; x_wconf 84' lang='lat' dir='ltr'><strong>cessere.</strong></span> <span class='ocrx_word' id='word_1_598' title='bbox 2288 3832 2529 3904; x_wconf 86' lang='lat' dir='ltr'><strong>Longius</strong></span> <span class='ocrx_word' id='word_1_599' title='bbox 2562 3834 2762 3903; x_wconf 91' lang='lat' dir='ltr'><strong>quippe</strong></span> <span class='ocrx_word' id='word_1_600' title='bbox 2818 3833 3076 3901; x_wconf 83' lang='lat' dir='ltr'><strong>deinceps</strong></span> <span class='ocrx_word' id='word_1_601' title='bbox 3124 3832 3357 3886; x_wconf 90' lang='lat' dir='ltr'><strong>hominis</strong></span> <span class='ocrx_word' id='word_1_602' title='bbox 3389 3831 3584 3885; x_wconf 88' lang='lat' dir='ltr'><strong>absur-</strong></span> 
     </span>
    </p>
   </div>
   <div class='ocr_carea' id='block_1_84' title="bbox 2011 3923 3584 3994">
    <p class='ocr_par' dir='ltr' id='par_1_84' title="bbox 2011 3923 3584 3994">
     <span class='ocr_line' id='line_1_84' title="bbox 2011 3923 3584 3994; baseline -0.001 -15"><span class='ocrx_word' id='word_1_603' title='bbox 2011 3924 2170 3989; x_wconf 88' lang='lat' dir='ltr'><strong>ditas,</strong></span> <span class='ocrx_word' id='word_1_604' title='bbox 2203 3940 2599 3994; x_wconf 85' lang='lat' dir='ltr'><strong>pravarumque</strong></span> <span class='ocrx_word' id='word_1_605' title='bbox 2633 3923 2953 3994; x_wconf 91' lang='lat' dir='ltr'><strong>opinionum</strong></span> <span class='ocrx_word' id='word_1_606' title='bbox 2996 3935 3048 3977; x_wconf 79' lang='lat' dir='ltr'><strong>et</strong></span> <span class='ocrx_word' id='word_1_607' title='bbox 3095 3940 3124 3975; x_wconf 92' lang='lat' dir='ltr'><strong>a</strong></span> <span class='ocrx_word' id='word_1_608' title='bbox 3157 3923 3382 3976; x_wconf 74' lang='lat' dir='ltr'><strong>veritate</strong></span> <span class='ocrx_word' id='word_1_609' title='bbox 3408 3937 3584 3977; x_wconf 86' lang='lat' dir='ltr'><strong>remo-</strong></span> 
     </span>
    </p>
   </div>
   <div class='ocr_carea' id='block_1_85' title="bbox 2011 4012 3583 4083">
    <p class='ocr_par' dir='ltr' id='par_1_85' title="bbox 2011 4012 3583 4083">
     <span class='ocr_line' id='line_1_85' title="bbox 2011 4012 3583 4083; baseline 0 -17"><span class='ocrx_word' id='word_1_610' title='bbox 2011 4014 2348 4068; x_wconf 88' lang='lat' dir='ltr'><strong>tissimarum</strong></span> <span class='ocrx_word' id='word_1_611' title='bbox 2382 4013 2659 4069; x_wconf 74' lang='lat' dir='ltr'><strong>affectatio</strong></span> <span class='ocrx_word' id='word_1_612' title='bbox 2706 4029 2996 4083; x_wconf 82' lang='lat' dir='ltr'><strong>progressa</strong></span> <span class='ocrx_word' id='word_1_613' title='bbox 3050 4022 3154 4067; x_wconf 88' lang='lat' dir='ltr'><strong>est.</strong></span> <span class='ocrx_word' id='word_1_614' title='bbox 3194 4013 3296 4077; x_wconf 80' lang='lat' dir='ltr'><strong>Qui</strong></span> <span class='ocrx_word' id='word_1_615' title='bbox 3338 4027 3460 4065; x_wconf 90' lang='lat' dir='ltr'><strong>cum</strong></span> <span class='ocrx_word' id='word_1_616' title='bbox 3489 4012 3583 4066; x_wconf 90' lang='lat' dir='ltr'><strong>ad-</strong></span> 
     </span>
    </p>
   </div>
   <div class='ocr_carea' id='block_1_86' title="bbox 2012 4103 3609 4175">
    <p class='ocr_par' dir='ltr' id='par_1_86' title="bbox 2012 4103 3609 4175">
     <span class='ocr_line' id='line_1_86' title="bbox 2012 4103 3609 4175; baseline -0.002 -17"><span class='ocrx_word' id='word_1_617' title='bbox 2012 4119 2203 4158; x_wconf 89' lang='lat' dir='ltr'><strong>versus</strong></span> <span class='ocrx_word' id='word_1_618' title='bbox 2254 4105 2564 4175; x_wconf 86' lang='lat' dir='ltr'><strong>superiores</strong></span> <span class='ocrx_word' id='word_1_619' title='bbox 2624 4120 2817 4160; x_wconf 87' lang='lat' dir='ltr'><strong>omnes</strong></span> <span class='ocrx_word' id='word_1_620' title='bbox 2867 4104 3102 4158; x_wconf 59' lang='lat' dir='ltr'><strong>haereses</strong></span> <span class='ocrx_word' id='word_1_621' title='bbox 3155 4103 3481 4171; x_wconf 89' lang='lat' dir='ltr'><strong>disputasse,</strong></span> <span class='ocrx_word' id='word_1_622' title='bbox 3519 4118 3609 4160; x_wconf 28' lang='lat' dir='ltr'><strong>ac.</strong></span> 
     </span>
    </p>
   </div>
   <div class='ocr_carea' id='block_1_87' title="bbox 2014 4195 3586 4264">
    <p class='ocr_par' dir='ltr' id='par_1_87' title="bbox 2014 4195 3586 4264">
     <span class='ocr_line' id='line_1_87' title="bbox 2014 4195 3586 4264; baseline -0.001 -15"><span class='ocrx_word' id='word_1_623' title='bbox 2014 4195 2257 4264; x_wconf 88' lang='lat' dir='ltr'><strong>singulas</strong></span> <span class='ocrx_word' id='word_1_624' title='bbox 2300 4196 2561 4251; x_wconf 80' lang='lat' dir='ltr'><strong>evertisse</strong></span> <span class='ocrx_word' id='word_1_625' title='bbox 2611 4195 2763 4250; x_wconf 86' lang='lat' dir='ltr'><strong>visus</strong></span> <span class='ocrx_word' id='word_1_626' title='bbox 2798 4195 2890 4261; x_wconf 91' lang='lat' dir='ltr'><strong>sit,</strong></span> <span class='ocrx_word' id='word_1_627' title='bbox 2923 4203 3111 4264; x_wconf 88' lang='lat' dir='ltr'><strong>postea</strong></span> <span class='ocrx_word' id='word_1_628' title='bbox 3144 4202 3321 4247; x_wconf 89' lang='lat' dir='ltr'><strong>tamen</strong></span> <span class='ocrx_word' id='word_1_629' title='bbox 3349 4209 3501 4248; x_wconf 90' lang='lat' dir='ltr'><strong>suam</strong></span> <span class='ocrx_word' id='word_1_630' title='bbox 3530 4205 3586 4248; x_wconf 90' lang='lat' dir='ltr'><strong>et</strong></span> 
     </span>
    </p>
   </div>
   <div class='ocr_carea' id='block_1_88' title="bbox 2014 4286 3602 4358">
    <p class='ocr_par' dir='ltr' id='par_1_88' title="bbox 2014 4286 3602 4358">
     <span class='ocr_line' id='line_1_88' title="bbox 2014 4286 3602 4358; baseline -0.001 -19"><span class='ocrx_word' id='word_1_631' title='bbox 2014 4286 2130 4355; x_wconf 90' lang='lat' dir='ltr'><strong>ipse</strong></span> <span class='ocrx_word' id='word_1_632' title='bbox 2164 4287 2435 4352; x_wconf 65' lang='lat' dir='ltr'><strong>haaresim,</strong></span> <span class='ocrx_word' id='word_1_633' title='bbox 2466 4297 2520 4343; x_wconf 89' lang='lat' dir='ltr'><strong>et</strong></span> <span class='ocrx_word' id='word_1_634' title='bbox 2548 4287 2766 4358; x_wconf 84' lang='lat' dir='ltr'><strong>quidem</strong></span> <span class='ocrx_word' id='word_1_635' title='bbox 2813 4286 2957 4341; x_wconf 91' lang='lat' dir='ltr'><strong>haud</strong></span> <span class='ocrx_word' id='word_1_636' title='bbox 3001 4287 3278 4358; x_wconf 89' lang='lat' dir='ltr'><strong>vulgarem</strong></span> <span class='ocrx_word' id='word_1_637' title='bbox 3310 4287 3365 4341; x_wconf 92' lang='lat' dir='ltr'><strong>in</strong></span> <span class='ocrx_word' id='word_1_638' title='bbox 3394 4288 3602 4341; x_wconf 57' lang='lat' dir='ltr'><strong>orbem.</strong></span> 
     </span>
    </p>
   </div>
   <div class='ocr_carea' id='block_1_89' title="bbox 2012 4377 3581 4442">
    <p class='ocr_par' dir='ltr' id='par_1_89' title="bbox 2012 4377 3581 4442">
     <span class='ocr_line' id='line_1_89' title="bbox 2012 4377 3581 4442; baseline 0.001 -13"><span class='ocrx_word' id='word_1_639' title='bbox 2012 4384 2281 4431; x_wconf 88' lang='lat' dir='ltr'><strong>terrarum</strong></span> <span class='ocrx_word' id='word_1_640' title='bbox 2330 4378 2592 4433; x_wconf 89' lang='lat' dir='ltr'><strong>evomuit.</strong></span> <span class='ocrx_word' id='word_1_641' title='bbox 2646 4377 2801 4433; x_wconf 85' lang='lat' dir='ltr'><strong>Libet</strong></span> <span class='ocrx_word' id='word_1_642' title='bbox 2851 4392 3003 4442; x_wconf 89' lang='lat' dir='ltr'><strong>vero,</strong></span> <span class='ocrx_word' id='word_1_643' title='bbox 3057 4379 3123 4432; x_wconf 90' lang='lat' dir='ltr'><strong>ad</strong></span> <span class='ocrx_word' id='word_1_644' title='bbox 3154 4378 3581 4433; x_wconf 88' lang='lat' dir='ltr'><strong>commentitiam</strong></span> 
     </span>
    </p>
   </div>
   <div class='ocr_carea' id='block_1_90' title="bbox 337 4466 1911 4548">
    <p class='ocr_par' dir='ltr' id='par_1_90' title="bbox 337 4470 1909 4546">
     <span class='ocr_line' id='line_1_90' title="bbox 337 4470 1909 4546; baseline 0.004 -25"><span class='ocrx_word' id='word_1_645' title='bbox 337 4470 544 4535; x_wconf 88' lang='grc' dir='ltr'>ἐννοίας</span> <span class='ocrx_word' id='word_1_646' title='bbox 568 4470 961 4542; x_wconf 85' lang='grc' dir='ltr'>παραθήσομαι</span> <span class='ocrx_word' id='word_1_647' title='bbox 979 4489 993 4502; x_wconf 87' lang='grc'><strong>·</strong></span> <span class='ocrx_word' id='word_1_648' title='bbox 1022 4473 1212 4525; x_wconf 79' lang='grc' dir='ltr'>ἔπειτα</span> <span class='ocrx_word' id='word_1_649' title='bbox 1246 4473 1303 4526; x_wconf 84' lang='grc' dir='ltr'>δὲ</span> <span class='ocrx_word' id='word_1_650' title='bbox 1336 4474 1430 4526; x_wconf 78' lang='grc' dir='ltr'>καὶ</span> <span class='ocrx_word' id='word_1_651' title='bbox 1454 4475 1521 4528; x_wconf 91' lang='grc' dir='ltr'><strong>τά</strong></span> <span class='ocrx_word' id='word_1_652' title='bbox 1549 4474 1715 4528; x_wconf 81' lang='grc' dir='ltr'>αὐτοῦ</span> <span class='ocrx_word' id='word_1_653' title='bbox 1742 4475 1909 4546; x_wconf 80' lang='grc' dir='ltr'>ῥηθη-</span> 
     </span>
    </p>
   </div>
   <div class='ocr_carea' id='block_1_91' title="bbox 2011 4466 3599 4548">
    <p class='ocr_par' dir='ltr' id='par_1_91' title="bbox 2011 4466 3599 4540">
     <span class='ocr_line' id='line_1_91' title="bbox 2011 4466 3599 4540; baseline 0.001 -21"><span class='ocrx_word' id='word_1_654' title='bbox 2011 4466 2159 4520; x_wconf 90' lang='lat' dir='ltr'><strong>illius</strong></span> <span class='ocrx_word' id='word_1_655' title='bbox 2206 4467 2516 4538; x_wconf 88' lang='lat' dir='ltr'><strong>opinionem</strong></span> <span class='ocrx_word' id='word_1_656' title='bbox 2558 4468 3010 4533; x_wconf 88' lang='lat' dir='ltr'><strong>convincendam,</strong></span> <span class='ocrx_word' id='word_1_657' title='bbox 3052 4486 3173 4540; x_wconf 75' lang='lat' dir='ltr'><strong>quae</strong></span> <span class='ocrx_word' id='word_1_658' title='bbox 3225 4470 3294 4524; x_wconf 91' lang='lat' dir='ltr'><strong>ab</strong></span> <span class='ocrx_word' id='word_1_659' title='bbox 3339 4482 3406 4525; x_wconf 88' lang='lat' dir='ltr'><strong>eo</strong></span> <span class='ocrx_word' id='word_1_660' title='bbox 3434 4470 3599 4524; x_wconf 79' lang='lat' dir='ltr'><strong>dicta.</strong></span> 
     </span>
    </p>
   </div>
   <div class='ocr_carea' id='block_1_92' title="bbox 339 4560 1904 4633">
    <p class='ocr_par' dir='ltr' id='par_1_92' title="bbox 339 4560 1904 4633">
     <span class='ocr_line' id='line_1_92' title="bbox 339 4560 1904 4633; baseline 0.003 -20"><span class='ocrx_word' id='word_1_661' title='bbox 339 4560 543 4631; x_wconf 87' lang='grc' dir='ltr'>σόμενα</span> <span class='ocrx_word' id='word_1_662' title='bbox 589 4565 685 4632; x_wconf 79' lang='grc' dir='ltr'>τῆς</span> <span class='ocrx_word' id='word_1_663' title='bbox 722 4563 879 4633; x_wconf 85' lang='grc' dir='ltr'>ήμῶν</span> <span class='ocrx_word' id='word_1_664' title='bbox 925 4562 1275 4633; x_wconf 85' lang='grc' dir='ltr'>μετριότητος</span> <span class='ocrx_word' id='word_1_665' title='bbox 1316 4562 1595 4628; x_wconf 81' lang='grc' dir='ltr'>ὑποδείξω.</span> <span class='ocrx_word' id='word_1_666' title='bbox 1640 4567 1750 4619; x_wconf 75' lang='grc' dir='ltr'><strong>Καὶ</strong></span> <span class='ocrx_word' id='word_1_667' title='bbox 1788 4566 1904 4619; x_wconf 84' lang='grc' dir='ltr'>ἐστι</span> 
     </span>
    </p>
   </div>
   <div class='ocr_carea' id='block_1_93' title="bbox 337 4652 1906 4727">
    <p class='ocr_par' dir='ltr' id='par_1_93' title="bbox 337 4652 1906 4727">
     <span class='ocr_line' id='line_1_93' title="bbox 337 4652 1906 4727; baseline 0.002 -23"><span class='ocrx_word' id='word_1_668' title='bbox 337 4652 486 4716; x_wconf 82' lang='grc' dir='ltr'>τάδε,</span> <span class='ocrx_word' id='word_1_669' title='bbox 514 4654 721 4724; x_wconf 84' lang='grc' dir='ltr'>ὅσαπερ</span> <span class='ocrx_word' id='word_1_670' title='bbox 764 4655 821 4706; x_wconf 88' lang='grc' dir='ltr'><strong>ἐν</strong></span> <span class='ocrx_word' id='word_1_671' title='bbox 863 4652 940 4723; x_wconf 81' lang='grc' dir='ltr'>τῷ</span> <span class='ocrx_word' id='word_1_672' title='bbox 972 4652 1172 4724; x_wconf 83' lang='grc' dir='ltr'>πρώτῳ</span> <span class='ocrx_word' id='word_1_673' title='bbox 1220 4653 1419 4725; x_wconf 79' lang='grc' dir='ltr'>ψαλμῷ</span> <span class='ocrx_word' id='word_1_674' title='bbox 1461 4656 1789 4727; x_wconf 85' lang='grc' dir='ltr'>εἰσηγήσατο</span> <span class='ocrx_word' id='word_1_675' title='bbox 1826 4656 1906 4726; x_wconf 78' lang='grc' dir='ltr'>τῷ</span> 
     </span>
    </p>
   </div>
   <div class='ocr_carea' id='block_1_94' title="bbox 340 4743 1908 4818">
    <p class='ocr_par' dir='ltr' id='par_1_94' title="bbox 340 4743 1908 4818">
     <span class='ocr_line' id='line_1_94' title="bbox 340 4743 1908 4818; baseline 0.004 -23"><span class='ocrx_word' id='word_1_676' title='bbox 340 4743 462 4814; x_wconf 81' lang='grc' dir='ltr'>βίῳ.</span> <span class='ocrx_word' id='word_1_677' title='bbox 526 4746 614 4798; x_wconf 85' lang='grc' dir='ltr'>Ἐν</span> <span class='ocrx_word' id='word_1_678' title='bbox 648 4745 798 4818; x_wconf 73' lang='grc' dir='ltr'>πάσῃ</span> <span class='ocrx_word' id='word_1_679' title='bbox 844 4746 950 4818; x_wconf 86' lang='grc' dir='ltr'><strong>γὰρ</strong></span> <span class='ocrx_word' id='word_1_680' title='bbox 996 4746 1184 4818; x_wconf 85' lang='grc' dir='ltr'>Γραφῇ</span> <span class='ocrx_word' id='word_1_681' title='bbox 1241 4746 1329 4800; x_wconf 80' lang='grc' dir='ltr'>ἀεὶ</span> <span class='ocrx_word' id='word_1_682' title='bbox 1372 4746 1720 4812; x_wconf 85' lang='grc' dir='ltr'>ὀλισθαίνων,</span> <span class='ocrx_word' id='word_1_683' title='bbox 1768 4748 1908 4802; x_wconf 83' lang='grc' dir='ltr'>κατὰ</span> 
     </span>
    </p>
   </div>
   <div class='ocr_carea' id='block_1_95' title="bbox 339 4834 1908 4911">
    <p class='ocr_par' dir='ltr' id='par_1_95' title="bbox 339 4834 1908 4911">
     <span class='ocr_line' id='line_1_95' title="bbox 339 4834 1908 4911; baseline 0.003 -24"><span class='ocrx_word' id='word_1_684' title='bbox 339 4834 483 4899; x_wconf 81' lang='grc' dir='ltr'>λέξιν</span> <span class='ocrx_word' id='word_1_685' title='bbox 514 4838 571 4889; x_wconf 88' lang='grc' dir='ltr'><strong>ἐν</strong></span> <span class='ocrx_word' id='word_1_686' title='bbox 592 4840 704 4900; x_wconf 84' lang='grc' dir='ltr'>τοῖς</span> <span class='ocrx_word' id='word_1_687' title='bbox 726 4838 1045 4905; x_wconf 77' lang='grc' dir='ltr'>ἀναγκαίοις</span> <span class='ocrx_word' id='word_1_688' title='bbox 1068 4838 1394 4909; x_wconf 80' lang='grc' dir='ltr'>παρέπεσεν.</span> <span class='ocrx_word' id='word_1_689' title='bbox 1425 4839 1638 4911; x_wconf 82' lang='grc' dir='ltr'>Ἐπειδὴ</span> <span class='ocrx_word' id='word_1_690' title='bbox 1662 4840 1718 4891; x_wconf 86' lang='grc' dir='ltr'><strong>δέ</strong></span> <span class='ocrx_word' id='word_1_691' title='bbox 1746 4840 1908 4907; x_wconf 77' lang='grc' dir='ltr'>ὄγκος</span> 
     </span>
    </p>
   </div>
   <div class='ocr_carea' id='block_1_96' title="bbox 342 4927 1876 5001">
    <p class='ocr_par' dir='ltr' id='par_1_96' title="bbox 342 4927 1876 5001">
     <span class='ocr_line' id='line_1_96' title="bbox 342 4927 1876 5001; baseline 0.003 -22"><span class='ocrx_word' id='word_1_692' title='bbox 342 4927 507 4990; x_wconf 85' lang='grc' dir='ltr'>πολύς</span> <span class='ocrx_word' id='word_1_693' title='bbox 544 4930 691 4981; x_wconf 75' lang='grc' dir='ltr'>ἐστι’</span> <span class='ocrx_word' id='word_1_694' title='bbox 744 4929 960 4997; x_wconf 87' lang='grc' dir='ltr'>λέγεται</span> <span class='ocrx_word' id='word_1_695' title='bbox 999 4928 1109 4999; x_wconf 69' lang='grc' dir='ltr'>γὰρ</span> <span class='ocrx_word' id='word_1_696' title='bbox 1152 4930 1744 5001; x_wconf 55' lang='grc' dir='ltr'>πολλὴνλπεποιηκέναι</span> <span class='ocrx_word' id='word_1_697' title='bbox 1780 4932 1876 4984; x_wconf 85' lang='grc' dir='ltr'>σύν</span> 
     </span>
    </p>
   </div>
   <div class='ocr_carea' id='block_1_97' title="bbox 338 5016 1907 5091">
    <p class='ocr_par' dir='ltr' id='par_1_97' title="bbox 338 5016 1907 5091">
     <span class='ocr_line' id='line_1_97' title="bbox 338 5016 1907 5091; baseline 0.004 -24"><span class='ocrx_word' id='word_1_698' title='bbox 338 5016 509 5083; x_wconf 80' lang='grc' dir='ltr'>ταξιν.</span> <span class='ocrx_word' id='word_1_699' title='bbox 546 5017 640 5079; x_wconf 78' lang='grc' dir='ltr'><strong>Εἰς</strong></span> <span class='ocrx_word' id='word_1_700' title='bbox 673 5018 909 5089; x_wconf 83' lang='grc' dir='ltr'>ἐκάστην</span> <span class='ocrx_word' id='word_1_701' title='bbox 940 5019 1048 5088; x_wconf 89' lang='grc' dir='ltr'><strong>γάρ</strong></span> <span class='ocrx_word' id='word_1_702' title='bbox 1084 5018 1324 5089; x_wconf 83' lang='grc' dir='ltr'>Γραφὴν,</span> <span class='ocrx_word' id='word_1_703' title='bbox 1360 5019 1435 5082; x_wconf 89' lang='grc' dir='ltr'>ὡς</span> <span class='ocrx_word' id='word_1_704' title='bbox 1475 5020 1630 5090; x_wconf 77' lang='grc' dir='ltr'>ἔφην,</span> <span class='ocrx_word' id='word_1_705' title='bbox 1666 5022 1726 5072; x_wconf 86' lang='grc' dir='ltr'>οὐ</span> <span class='ocrx_word' id='word_1_706' title='bbox 1767 5038 1907 5091; x_wconf 79' lang='grc' dir='ltr'>παρ·</span> 
     </span>
    </p>
   </div>
   <div class='ocr_carea' id='block_1_98' title="bbox 337 5109 1907 5184">
    <p class='ocr_par' dir='ltr' id='par_1_98' title="bbox 337 5109 1907 5184">
     <span class='ocr_line' id='line_1_98' title="bbox 337 5109 1907 5184; baseline 0.004 -25"><span class='ocrx_word' id='word_1_707' title='bbox 337 5109 576 5180; x_wconf 77' lang='grc' dir='ltr'>ῃτήσατο</span> <span class='ocrx_word' id='word_1_708' title='bbox 624 5109 796 5162; x_wconf 69' lang='grc' dir='ltr'>εἰπεῖν</span> <span class='ocrx_word' id='word_1_709' title='bbox 825 5109 861 5163; x_wconf 82' lang='grc' dir='ltr'><strong>ἀ</strong></span> <span class='ocrx_word' id='word_1_710' title='bbox 889 5110 1035 5181; x_wconf 64' lang='grc' dir='ltr'><strong>ωὒτῷ</strong></span> <span class='ocrx_word' id='word_1_711' title='bbox 1066 5110 1230 5175; x_wconf 76' lang='grc' dir='ltr'>ἔδοξε.</span> <span class='ocrx_word' id='word_1_712' title='bbox 1263 5112 1373 5164; x_wconf 67' lang='grc' dir='ltr'><strong>Καὶ</strong></span> <span class='ocrx_word' id='word_1_713' title='bbox 1397 5111 1497 5164; x_wconf 85' lang='grc' dir='ltr'>ὅσα</span> <span class='ocrx_word' id='word_1_714' title='bbox 1528 5112 1626 5182; x_wconf 84' lang='grc' dir='ltr'>μὲν</span> <span class='ocrx_word' id='word_1_715' title='bbox 1649 5113 1707 5165; x_wconf 79' lang='grc' dir='ltr'><strong>ἐν</strong></span> <span class='ocrx_word' id='word_1_716' title='bbox 1741 5130 1907 5184; x_wconf 89' lang='grc' dir='ltr'>προσ-</span> 
     </span>
    </p>
   </div>
   <div class='ocr_carea' id='block_1_99' title="bbox 335 5199 1903 5273">
    <p class='ocr_par' dir='ltr' id='par_1_99' title="bbox 335 5199 1903 5273">
     <span class='ocr_line' id='line_1_99' title="bbox 335 5199 1903 5273; baseline 0.004 -23"><span class='ocrx_word' id='word_1_717' title='bbox 335 5199 595 5269; x_wconf 87' lang='grc' dir='ltr'>ομιλίαις,</span> <span class='ocrx_word' id='word_1_718' title='bbox 621 5200 714 5251; x_wconf 76' lang='grc' dir='ltr'>καὶ</span> <span class='ocrx_word' id='word_1_719' title='bbox 749 5199 836 5252; x_wconf 90' lang='grc' dir='ltr'><strong>διά</strong></span> <span class='ocrx_word' id='word_1_720' title='bbox 868 5201 977 5253; x_wconf 88' lang='grc' dir='ltr'><strong>τῶν</strong></span> <span class='ocrx_word' id='word_1_721' title='bbox 1006 5202 1326 5273; x_wconf 89' lang='grc' dir='ltr'>προοιμίων,</span> <span class='ocrx_word' id='word_1_722' title='bbox 1359 5203 1439 5265; x_wconf 87' lang='grc' dir='ltr'><strong>είς</strong></span> <span class='ocrx_word' id='word_1_723' title='bbox 1464 5202 1568 5273; x_wconf 79' lang='grc' dir='ltr'><strong>ήθη</strong></span> <span class='ocrx_word' id='word_1_724' title='bbox 1596 5221 1655 5256; x_wconf 88' lang='grc' dir='ltr'><strong>τε</strong></span> <span class='ocrx_word' id='word_1_725' title='bbox 1694 5205 1787 5257; x_wconf 78' lang='grc' dir='ltr'>καὶ</span> <span class='ocrx_word' id='word_1_726' title='bbox 1823 5207 1903 5268; x_wconf 83' lang='grc' dir='ltr'><strong>εἰς</strong></span> 
     </span>
    </p>
   </div>
   <div class='ocr_carea' id='block_1_100' title="bbox 338 5284 1901 5363">
    <p class='ocr_par' dir='ltr' id='par_1_100' title="bbox 338 5284 1901 5363">
     <span class='ocr_line' id='line_1_100' title="bbox 338 5284 1901 5363; baseline 0.005 -25"><span class='ocrx_word' id='word_1_727' title='bbox 338 5286 527 5357; x_wconf 81' lang='grc' dir='ltr'>φύσεις</span> <span class='ocrx_word' id='word_1_728' title='bbox 551 5284 704 5351; x_wconf 79' lang='grc' dir='ltr'>ζώων</span> <span class='ocrx_word' id='word_1_729' title='bbox 744 5305 804 5339; x_wconf 83' lang='grc' dir='ltr'><strong>τε</strong></span> <span class='ocrx_word' id='word_1_730' title='bbox 864 5289 959 5341; x_wconf 73' lang='grc' dir='ltr'><strong>καὶ</strong></span> <span class='ocrx_word' id='word_1_731' title='bbox 989 5289 1111 5343; x_wconf 70' lang='grc' dir='ltr'>τῶνι</span> <span class='ocrx_word' id='word_1_732' title='bbox 1136 5290 1310 5345; x_wconf 71' lang='grc' dir='ltr'>ἄλλων</span> <span class='ocrx_word' id='word_1_733' title='bbox 1347 5290 1580 5362; x_wconf 72' lang='grc' dir='ltr'>εἴρηται,</span> <span class='ocrx_word' id='word_1_734' title='bbox 1610 5291 1772 5362; x_wconf 84' lang='grc' dir='ltr'>μέσος</span> <span class='ocrx_word' id='word_1_735' title='bbox 1810 5311 1901 5363; x_wconf 82' lang='grc' dir='ltr'>φε-</span> 
     </span>
    </p>
   </div>
   <div class='ocr_carea' id='block_1_101' title="bbox 338 5376 1903 5450">
    <p class='ocr_par' dir='ltr' id='par_1_101' title="bbox 338 5376 1903 5450">
     <span class='ocr_line' id='line_1_101' title="bbox 338 5376 1903 5450; baseline 0.004 -20"><span class='ocrx_word' id='word_1_736' title='bbox 338 5379 563 5450; x_wconf 84' lang='grc' dir='ltr'>ρόμενος</span> <span class='ocrx_word' id='word_1_737' title='bbox 613 5376 870 5441; x_wconf 83' lang='grc' dir='ltr'>πολλάκις</span> <span class='ocrx_word' id='word_1_738' title='bbox 915 5379 1170 5450; x_wconf 89' lang='grc' dir='ltr'>χαρίεντα</span> <span class='ocrx_word' id='word_1_739' title='bbox 1216 5380 1544 5450; x_wconf 73' lang='grc' dir='ltr'>διηγήσατοο</span> <span class='ocrx_word' id='word_1_740' title='bbox 1577 5383 1677 5435; x_wconf 84' lang='grc' dir='ltr'>ὅσα</span> <span class='ocrx_word' id='word_1_741' title='bbox 1716 5383 1776 5435; x_wconf 84' lang='grc' dir='ltr'>δὲ</span> <span class='ocrx_word' id='word_1_742' title='bbox 1822 5385 1903 5446; x_wconf 84' lang='grc' dir='ltr'><strong>είς</strong></span> 
     </span>
    </p>
   </div>
   <div class='ocr_carea' id='block_1_102' title="bbox 335 5469 1902 5544">
    <p class='ocr_par' dir='ltr' id='par_1_102' title="bbox 335 5469 1902 5544">
     <span class='ocr_line' id='line_1_102' title="bbox 335 5469 1902 5544; baseline -0.004 -20"><span class='ocrx_word' id='word_1_743' title='bbox 335 5469 578 5540; x_wconf 87' lang='grc' dir='ltr'>δόγματα</span> <span class='ocrx_word' id='word_1_744' title='bbox 610 5469 949 5540; x_wconf 72' lang='grc' dir='ltr'>ἐδογμάτισε,</span> <span class='ocrx_word' id='word_1_745' title='bbox 984 5473 1079 5523; x_wconf 65' lang='grc' dir='ltr'><strong>καῖ</strong></span> <span class='ocrx_word' id='word_1_746' title='bbox 1107 5472 1233 5543; x_wconf 76' lang='grc' dir='ltr'>περὶ</span> <span class='ocrx_word' id='word_1_747' title='bbox 1260 5473 1511 5537; x_wconf 87' lang='grc' dir='ltr'>πίστεως,</span> <span class='ocrx_word' id='word_1_748' title='bbox 1534 5476 1628 5527; x_wconf 78' lang='grc' dir='ltr'>καὶ</span> <span class='ocrx_word' id='word_1_749' title='bbox 1662 5477 1902 5544; x_wconf 76' lang='grc' dir='ltr'>μείζονος</span> 
     </span>
    </p>
   </div>
   <div class='ocr_carea' id='block_1_103' title="bbox 336 5560 1904 5636">
    <p class='ocr_par' dir='ltr' id='par_1_103' title="bbox 336 5560 1904 5636">
     <span class='ocr_line' id='line_1_103' title="bbox 336 5560 1904 5636; baseline 0.003 -20"><span class='ocrx_word' id='word_1_750' title='bbox 336 5560 590 5630; x_wconf 81' lang='grc' dir='ltr'>θεωρίας,</span> <span class='ocrx_word' id='word_1_751' title='bbox 623 5561 732 5615; x_wconf 90' lang='grc' dir='ltr'><strong>τῶν</strong></span> <span class='ocrx_word' id='word_1_752' title='bbox 766 5562 981 5617; x_wconf 85' lang='grc' dir='ltr'>πάντων</span> <span class='ocrx_word' id='word_1_753' title='bbox 1008 5562 1329 5617; x_wconf 85' lang='grc' dir='ltr'>ἀτοπώτατα</span> <span class='ocrx_word' id='word_1_754' title='bbox 1354 5563 1463 5619; x_wconf 86' lang='grc' dir='ltr'><strong>τῶν</strong></span> <span class='ocrx_word' id='word_1_755' title='bbox 1484 5566 1590 5636; x_wconf 86' lang='grc' dir='ltr'>πρὸ</span> <span class='ocrx_word' id='word_1_756' title='bbox 1614 5566 1779 5620; x_wconf 86' lang='grc' dir='ltr'>αὑτοῦ</span> <span class='ocrx_word' id='word_1_757' title='bbox 1810 5569 1904 5621; x_wconf 75' lang='grc' dir='ltr'>καὶ</span> 
     </span>
    </p>
   </div>
   <div class='ocr_carea' id='block_1_104' title="bbox 411 5736 1970 5811">
    <p class='ocr_par' dir='ltr' id='par_1_104' title="bbox 411 5736 1970 5811">
     <span class='ocr_line' id='line_1_104' title="bbox 411 5736 1970 5811; baseline 0.001 -15"><span class='ocrx_word' id='word_1_758' title='bbox 411 5737 431 5773; x_wconf 85' lang='grc'><strong><em>⁸</em></strong></span> <span class='ocrx_word' id='word_1_759' title='bbox 461 5736 606 5811; x_wconf 80' lang='lat' dir='ltr'><strong>Psal.</strong></span> <span class='ocrx_word' id='word_1_760' title='bbox 633 5754 827 5807; x_wconf 82' lang='lat' dir='ltr'><strong>cxvm,</strong></span> <span class='ocrx_word' id='word_1_761' title='bbox 852 5739 940 5795; x_wconf 78' lang='lat'><strong>67.</strong></span> <span class='ocrx_word' id='word_1_762' title='bbox 1016 5741 1036 5771; x_wconf 78' lang='grc'>³</span> <span class='ocrx_word' id='word_1_763' title='bbox 1058 5738 1201 5796; x_wconf 85' lang='lat' dir='ltr'><strong>Psal.</strong></span> <span class='ocrx_word' id='word_1_764' title='bbox 1238 5754 1381 5807; x_wconf 75' lang='lat' dir='ltr'><strong>cxtv,</strong></span> <span class='ocrx_word' id='word_1_765' title='bbox 1423 5741 1470 5795; x_wconf 88' lang='lat'><strong>7.</strong></span> <span class='ocrx_word' id='word_1_766' title='bbox 1550 5743 1571 5774; x_wconf 84' lang='grc'>³</span> <span class='ocrx_word' id='word_1_767' title='bbox 1595 5742 1728 5797; x_wconf 85' lang='lat' dir='ltr'><strong>Gen.</strong></span> <span class='ocrx_word' id='word_1_768' title='bbox 1768 5755 1852 5808; x_wconf 86' lang='grc' dir='ltr'>ιιι,</span> <span class='ocrx_word' id='word_1_769' title='bbox 1881 5742 1970 5798; x_wconf 80' lang='lat' dir='ltr'><strong>2t.</strong></span> 
     </span>
    </p>
   </div>
   <div class='ocr_carea' id='block_1_105' title="bbox 2012 4561 3595 4633">
    <p class='ocr_par' dir='ltr' id='par_1_105' title="bbox 2012 4561 3595 4633">
     <span class='ocr_line' id='line_1_105' title="bbox 2012 4561 3595 4633; baseline 0.003 -20"><span class='ocrx_word' id='word_1_770' title='bbox 2012 4569 2140 4613; x_wconf 91' lang='lat' dir='ltr'><strong>sunt</strong></span> <span class='ocrx_word' id='word_1_771' title='bbox 2165 4563 2341 4633; x_wconf 89' lang='lat' dir='ltr'><strong>primo</strong></span> <span class='ocrx_word' id='word_1_772' title='bbox 2373 4563 2494 4617; x_wconf 93' lang='lat' dir='ltr'><strong>loco</strong></span> <span class='ocrx_word' id='word_1_773' title='bbox 2523 4561 2793 4632; x_wconf 85' lang='lat' dir='ltr'><strong>subjicere</strong></span> <span class='ocrx_word' id='word_1_774' title='bbox 2818 4602 2835 4629; x_wconf 92' lang='lat'><strong>,</strong></span> <span class='ocrx_word' id='word_1_775' title='bbox 2862 4563 3057 4618; x_wconf 89' lang='lat' dir='ltr'><strong>deinde</strong></span> <span class='ocrx_word' id='word_1_776' title='bbox 3077 4579 3196 4632; x_wconf 67' lang='lat' dir='ltr'><strong>quae</strong></span> <span class='ocrx_word' id='word_1_777' title='bbox 3225 4564 3294 4616; x_wconf 90' lang='lat' dir='ltr'><strong>ab</strong></span> <span class='ocrx_word' id='word_1_778' title='bbox 3320 4564 3595 4618; x_wconf 80' lang='lat' dir='ltr'><strong>tenuitate</strong></span> 
     </span>
    </p>
   </div>
   <div class='ocr_carea' id='block_1_106' title="bbox 2013 4652 3591 4719">
    <p class='ocr_par' dir='ltr' id='par_1_106' title="bbox 2013 4652 3591 4719">
     <span class='ocr_line' id='line_1_106' title="bbox 2013 4652 3591 4719; baseline -0.001 -13"><span class='ocrx_word' id='word_1_779' title='bbox 2013 4662 2200 4707; x_wconf 90' lang='lat' dir='ltr'><strong>nostra</strong></span> <span class='ocrx_word' id='word_1_780' title='bbox 2234 4653 2499 4709; x_wconf 83' lang='lat' dir='ltr'><strong>adversus</strong></span> <span class='ocrx_word' id='word_1_781' title='bbox 2533 4654 2685 4709; x_wconf 93' lang='lat' dir='ltr'><strong>illum</strong></span> <span class='ocrx_word' id='word_1_782' title='bbox 2727 4654 2954 4710; x_wconf 90' lang='lat' dir='ltr'><strong>dicenda</strong></span> <span class='ocrx_word' id='word_1_783' title='bbox 2996 4652 3217 4719; x_wconf 78' lang='lat' dir='ltr'><strong>fuerint,</strong></span> <span class='ocrx_word' id='word_1_784' title='bbox 3265 4655 3475 4709; x_wconf 76' lang='lat' dir='ltr'><strong>atlerre.</strong></span> <span class='ocrx_word' id='word_1_785' title='bbox 3506 4656 3591 4709; x_wconf 41' lang='lat' dir='ltr'><strong>Ea.</strong></span> 
     </span>
    </p>
   </div>
   <div class='ocr_carea' id='block_1_107' title="bbox 2013 4744 3589 4817">
    <p class='ocr_par' dir='ltr' id='par_1_107' title="bbox 2013 4744 3589 4817">
     <span class='ocr_line' id='line_1_107' title="bbox 2013 4744 3589 4817; baseline 0.002 -21"><span class='ocrx_word' id='word_1_786' title='bbox 2013 4760 2143 4797; x_wconf 90' lang='lat' dir='ltr'><strong>vero</strong></span> <span class='ocrx_word' id='word_1_787' title='bbox 2169 4753 2319 4808; x_wconf 86' lang='lat' dir='ltr'><strong>sunt,</strong></span> <span class='ocrx_word' id='word_1_788' title='bbox 2349 4760 2470 4815; x_wconf 72' lang='lat' dir='ltr'><strong>qua:</strong></span> <span class='ocrx_word' id='word_1_789' title='bbox 2511 4744 2577 4799; x_wconf 91' lang='lat' dir='ltr'><strong>ad</strong></span> <span class='ocrx_word' id='word_1_790' title='bbox 2629 4746 2863 4817; x_wconf 89' lang='lat' dir='ltr'><strong>primum</strong></span> <span class='ocrx_word' id='word_1_791' title='bbox 2906 4746 3173 4817; x_wconf 88' lang='lat' dir='ltr'><strong>psalmum</strong></span> <span class='ocrx_word' id='word_1_792' title='bbox 3235 4747 3289 4799; x_wconf 91' lang='lat' dir='ltr'><strong>in</strong></span> <span class='ocrx_word' id='word_1_793' title='bbox 3344 4745 3589 4800; x_wconf 81' lang='lat' dir='ltr'><strong>medium</strong></span> 
     </span>
    </p>
   </div>
   <div class='ocr_carea' id='block_1_108' title="bbox 2013 4834 3582 4907">
    <p class='ocr_par' dir='ltr' id='par_1_108' title="bbox 2013 4834 3582 4907">
     <span class='ocr_line' id='line_1_108' title="bbox 2013 4834 3582 4907; baseline 0.003 -20"><span class='ocrx_word' id='word_1_794' title='bbox 2013 4834 2257 4890; x_wconf 82' lang='lat' dir='ltr'><strong>adduxit.</strong></span> <span class='ocrx_word' id='word_1_795' title='bbox 2320 4835 2453 4891; x_wconf 86' lang='lat' dir='ltr'><strong>Nam</strong></span> <span class='ocrx_word' id='word_1_796' title='bbox 2512 4853 2635 4893; x_wconf 91' lang='lat' dir='ltr'><strong>cum</strong></span> <span class='ocrx_word' id='word_1_797' title='bbox 2696 4838 2753 4892; x_wconf 92' lang='lat' dir='ltr'><strong>in</strong></span> <span class='ocrx_word' id='word_1_798' title='bbox 2805 4838 2956 4893; x_wconf 90' lang='lat' dir='ltr'><strong>omni</strong></span> <span class='ocrx_word' id='word_1_799' title='bbox 2989 4838 3271 4907; x_wconf 89' lang='lat' dir='ltr'><strong>Scriptura</strong></span> <span class='ocrx_word' id='word_1_800' title='bbox 3320 4849 3582 4907; x_wconf 84' lang='lat' dir='ltr'><strong>perpetuo</strong></span> 
     </span>
    </p>
   </div>
   <div class='ocr_carea' id='block_1_109' title="bbox 2014 4925 3579 5001">
    <p class='ocr_par' dir='ltr' id='par_1_109' title="bbox 2014 4925 3579 5001">
     <span class='ocr_line' id='line_1_109' title="bbox 2014 4925 3579 5001; baseline 0.001 -20"><span class='ocrx_word' id='word_1_801' title='bbox 2014 4925 2178 4997; x_wconf 75' lang='lat'><strong>529</strong></span> <span class='ocrx_word' id='word_1_802' title='bbox 2210 4926 2281 4981; x_wconf 93' lang='lat' dir='ltr'><strong>sit</strong></span> <span class='ocrx_word' id='word_1_803' title='bbox 2301 4927 2510 4999; x_wconf 84' lang='lat' dir='ltr'><strong>lapsus,</strong></span> <span class='ocrx_word' id='word_1_804' title='bbox 2542 4928 2595 4983; x_wconf 89' lang='lat' dir='ltr'><strong>in</strong></span> <span class='ocrx_word' id='word_1_805' title='bbox 2625 4930 2917 5001; x_wconf 64' lang='lat' dir='ltr'><strong>praecipuis</strong></span> <span class='ocrx_word' id='word_1_806' title='bbox 2963 4946 3025 4984; x_wconf 89' lang='lat' dir='ltr'><strong>ac</strong></span> <span class='ocrx_word' id='word_1_807' title='bbox 3054 4932 3379 4985; x_wconf 90' lang='lat' dir='ltr'><strong>necessariis</strong></span> <span class='ocrx_word' id='word_1_808' title='bbox 3407 4931 3579 4999; x_wconf 88' lang='lat' dir='ltr'><strong>potis-</strong></span> 
     </span>
    </p>
   </div>
   <div class='ocr_carea' id='block_1_110' title="bbox 2012 5020 3577 5093">
    <p class='ocr_par' dir='ltr' id='par_1_110' title="bbox 2012 5020 3577 5093">
     <span class='ocr_line' id='line_1_110' title="bbox 2012 5020 3577 5093; baseline 0.001 -20"><span class='ocrx_word' id='word_1_809' title='bbox 2012 5020 2243 5075; x_wconf 86' lang='lat' dir='ltr'><strong>simum:</strong></span> <span class='ocrx_word' id='word_1_810' title='bbox 2275 5022 2508 5093; x_wconf 90' lang='lat' dir='ltr'><strong>singulis</strong></span> <span class='ocrx_word' id='word_1_811' title='bbox 2555 5039 2693 5093; x_wconf 91' lang='lat' dir='ltr'><strong>pene</strong></span> <span class='ocrx_word' id='word_1_812' title='bbox 2731 5025 3063 5079; x_wconf 90' lang='lat' dir='ltr'><strong>dictionibus</strong></span> <span class='ocrx_word' id='word_1_813' title='bbox 3106 5026 3340 5079; x_wconf 86' lang='lat' dir='ltr'><strong>aberrat.</strong></span> <span class='ocrx_word' id='word_1_814' title='bbox 3380 5023 3577 5078; x_wconf 85' lang='lat' dir='ltr'><strong>Verum</strong></span> 
     </span>
    </p>
   </div>
   <div class='ocr_carea' id='block_1_111' title="bbox 2012 5111 3580 5186">
    <p class='ocr_par' dir='ltr' id='par_1_111' title="bbox 2012 5111 3580 5186">
     <span class='ocr_line' id='line_1_111' title="bbox 2012 5111 3580 5186; baseline 0.003 -21"><span class='ocrx_word' id='word_1_815' title='bbox 2012 5111 2146 5165; x_wconf 86' lang='lat' dir='ltr'><strong>illud</strong></span> <span class='ocrx_word' id='word_1_816' title='bbox 2179 5127 2245 5167; x_wconf 89' lang='lat' dir='ltr'><strong>eo</strong></span> <span class='ocrx_word' id='word_1_817' title='bbox 2267 5112 2518 5179; x_wconf 78' lang='lat' dir='ltr'><strong>facimus,</strong></span> <span class='ocrx_word' id='word_1_818' title='bbox 2548 5114 2695 5185; x_wconf 90' lang='lat' dir='ltr'><strong>quod</strong></span> <span class='ocrx_word' id='word_1_819' title='bbox 2738 5116 3063 5186; x_wconf 90' lang='lat' dir='ltr'><strong>scriptorum</strong></span> <span class='ocrx_word' id='word_1_820' title='bbox 3110 5116 3327 5171; x_wconf 87' lang='lat' dir='ltr'><strong>illorum</strong></span> <span class='ocrx_word' id='word_1_821' title='bbox 3384 5116 3580 5182; x_wconf 85' lang='lat' dir='ltr'><strong>ingens</strong></span> 
     </span>
    </p>
   </div>
   <div class='ocr_carea' id='block_1_112' title="bbox 2009 5203 3575 5279">
    <p class='ocr_par' dir='ltr' id='par_1_112' title="bbox 2009 5203 3575 5279">
     <span class='ocr_line' id='line_1_112' title="bbox 2009 5203 3575 5279; baseline 0.003 -23"><span class='ocrx_word' id='word_1_822' title='bbox 2009 5203 2259 5273; x_wconf 66' lang='lat' dir='ltr'><strong>quredam</strong></span> <span class='ocrx_word' id='word_1_823' title='bbox 2289 5207 2463 5261; x_wconf 89' lang='lat' dir='ltr'><strong>moles</strong></span> <span class='ocrx_word' id='word_1_824' title='bbox 2488 5218 2593 5264; x_wconf 94' lang='lat' dir='ltr'><strong>est.</strong></span> <span class='ocrx_word' id='word_1_825' title='bbox 2627 5208 2761 5263; x_wconf 87' lang='lat' dir='ltr'><strong>Nam</strong></span> <span class='ocrx_word' id='word_1_826' title='bbox 2794 5207 3004 5262; x_wconf 88' lang='lat' dir='ltr'><strong>inﬁnita</strong></span> <span class='ocrx_word' id='word_1_827' title='bbox 3035 5209 3324 5279; x_wconf 90' lang='lat' dir='ltr'><strong>scripsisse</strong></span> <span class='ocrx_word' id='word_1_828' title='bbox 3353 5208 3575 5273; x_wconf 89' lang='lat' dir='ltr'><strong>dicitur,</strong></span> 
     </span>
    </p>
   </div>
   <div class='ocr_carea' id='block_1_113' title="bbox 2008 5294 3577 5370">
    <p class='ocr_par' dir='ltr' id='par_1_113' title="bbox 2008 5294 3577 5370">
     <span class='ocr_line' id='line_1_113' title="bbox 2008 5294 3577 5370; baseline 0.005 -22"><span class='ocrx_word' id='word_1_829' title='bbox 2008 5311 2132 5349; x_wconf 89' lang='lat' dir='ltr'><strong>cum</strong></span> <span class='ocrx_word' id='word_1_830' title='bbox 2180 5294 2247 5349; x_wconf 90' lang='lat' dir='ltr'><strong>ad</strong></span> <span class='ocrx_word' id='word_1_831' title='bbox 2280 5296 2528 5369; x_wconf 88' lang='lat' dir='ltr'><strong>singulos</strong></span> <span class='ocrx_word' id='word_1_832' title='bbox 2574 5298 2869 5370; x_wconf 69' lang='lat' dir='ltr'><strong>Scriptura:</strong></span> <span class='ocrx_word' id='word_1_833' title='bbox 2895 5299 3085 5363; x_wconf 90' lang='lat' dir='ltr'><strong>libros,</strong></span> <span class='ocrx_word' id='word_1_834' title='bbox 3131 5315 3251 5370; x_wconf 70' lang='lat' dir='ltr'><strong>qua:</strong></span> <span class='ocrx_word' id='word_1_835' title='bbox 3303 5300 3407 5354; x_wconf 88' lang='lat' dir='ltr'><strong>sibi</strong></span> <span class='ocrx_word' id='word_1_836' title='bbox 3438 5300 3577 5356; x_wconf 83' lang='lat' dir='ltr'><strong>vide-</strong></span> 
     </span>
    </p>
   </div>
   <div class='ocr_carea' id='block_1_114' title="bbox 2010 5388 3577 5463">
    <p class='ocr_par' dir='ltr' id='par_1_114' title="bbox 2010 5388 3577 5463">
     <span class='ocr_line' id='line_1_114' title="bbox 2010 5388 3577 5463; baseline 0.006 -24"><span class='ocrx_word' id='word_1_837' title='bbox 2010 5396 2205 5441; x_wconf 89' lang='lat' dir='ltr'><strong>rentur</strong></span> <span class='ocrx_word' id='word_1_838' title='bbox 2251 5388 2469 5446; x_wconf 78' lang='lat' dir='ltr'><strong>cllutire</strong></span> <span class='ocrx_word' id='word_1_839' title='bbox 2525 5408 2635 5446; x_wconf 92' lang='lat' dir='ltr'><strong>non</strong></span> <span class='ocrx_word' id='word_1_840' title='bbox 2679 5394 3026 5449; x_wconf 85' lang='lat' dir='ltr'><strong>dubitaverit.</strong></span> <span class='ocrx_word' id='word_1_841' title='bbox 3059 5394 3324 5449; x_wconf 64' lang='lat' dir='ltr'><strong>Caeterum</strong></span> <span class='ocrx_word' id='word_1_842' title='bbox 3360 5410 3481 5463; x_wconf 67' lang='lat' dir='ltr'><strong>qua:</strong></span> <span class='ocrx_word' id='word_1_843' title='bbox 3522 5396 3577 5449; x_wconf 88' lang='lat' dir='ltr'><strong>in</strong></span> 
     </span>
    </p>
   </div>
   <div class='ocr_carea' id='block_1_115' title="bbox 2010 5481 3576 5556">
    <p class='ocr_par' dir='ltr' id='par_1_115' title="bbox 2010 5481 3576 5556">
     <span class='ocr_line' id='line_1_115' title="bbox 2010 5481 3576 5556; baseline 0.006 -25"><span class='ocrx_word' id='word_1_844' title='bbox 2010 5481 2356 5535; x_wconf 89' lang='lat' dir='ltr'><strong>sermonibus</strong></span> <span class='ocrx_word' id='word_1_845' title='bbox 2410 5482 2477 5536; x_wconf 93' lang='lat' dir='ltr'><strong>ad</strong></span> <span class='ocrx_word' id='word_1_846' title='bbox 2532 5484 2791 5554; x_wconf 87' lang='lat' dir='ltr'><strong>populum</strong></span> <span class='ocrx_word' id='word_1_847' title='bbox 2847 5485 3071 5551; x_wconf 88' lang='lat' dir='ltr'><strong>habitis,</strong></span> <span class='ocrx_word' id='word_1_848' title='bbox 3098 5501 3161 5541; x_wconf 86' lang='lat' dir='ltr'><strong>ac</strong></span> <span class='ocrx_word' id='word_1_849' title='bbox 3192 5486 3471 5556; x_wconf 87' lang='lat' dir='ltr'><strong>prooemiis</strong></span> <span class='ocrx_word' id='word_1_850' title='bbox 3508 5486 3576 5541; x_wconf 86' lang='lat' dir='ltr'><strong>de</strong></span> 
     </span>
    </p>
   </div>
   <div class='ocr_carea' id='block_1_116' title="bbox 2012 5572 3580 5651">
    <p class='ocr_par' dir='ltr' id='par_1_116' title="bbox 2012 5572 3580 5651">
     <span class='ocr_line' id='line_1_116' title="bbox 2012 5572 3580 5651; baseline 0.004 -24"><span class='ocrx_word' id='word_1_851' title='bbox 2012 5572 2277 5640; x_wconf 85' lang='lat' dir='ltr'><strong>moribus,</strong></span> <span class='ocrx_word' id='word_1_852' title='bbox 2311 5583 2364 5631; x_wconf 91' lang='lat' dir='ltr'><strong>et</strong></span> <span class='ocrx_word' id='word_1_853' title='bbox 2394 5576 2710 5633; x_wconf 87' lang='lat' dir='ltr'><strong>animalium</strong></span> <span class='ocrx_word' id='word_1_854' title='bbox 2738 5588 2956 5647; x_wconf 86' lang='lat' dir='ltr'><strong>natura,</strong></span> <span class='ocrx_word' id='word_1_855' title='bbox 2981 5579 3300 5651; x_wconf 66' lang='lat' dir='ltr'><strong>ueterisque</strong></span> <span class='ocrx_word' id='word_1_856' title='bbox 3328 5578 3381 5634; x_wconf 90' lang='lat' dir='ltr'><strong>id</strong></span> <span class='ocrx_word' id='word_1_857' title='bbox 3403 5594 3580 5651; x_wconf 85' lang='lat' dir='ltr'><strong>genus</strong></span> 
     </span>
    </p>
   </div>
  </div>
