4082 6394
464 282 601 339 1079
1881 282 1936 337 S.
1972 282 2282 337 ΕΡΙΡΙΙΑΝΙ
3568 272 3727 329 1080

463 398 742 466 disseruit,
773 400 947 456 media
976 401 1210 471 quadam
1243 400 1506 456 insistens
1560 401 1645 453 via
1692 401 1828 455 scite
1879 411 2040 469 atque

2150 401 2264 470 μετ’
2298 401 2460 453 αὑτὸν
2498 398 2828 469 εὑρίσκεται,
2866 397 3002 467 πλὴν
3043 397 3147 449 τῶν
3186 398 3242 449 ὲν
3278 395 3398 456 ταῖς
3435 392 3723 462 αἱρέσεσιν

463 490 736 558 eleganter
756 490 1072 560 plerumque
1101 492 1413 561 disputavit.
1440 491 1570 557 Qua:
1595 508 1721 545 vero
1735 492 1800 545 de
1816 491 2029 561 dogma-

2150 492 2551 563 ιίσχρουργιῶν.

463 580 606 637 tibus
663 582 1023 646 elucubravit,
1078 583 1252 654 deque
1287 583 1410 646 ﬁde,
1460 599 1523 637 ac
1554 585 1779 653 reliquis
1833 586 2024 652 majori
2060 586 2523 657 contemplatione
2566 583 2765 653 dignis,
2802 583 2960 653 longe
2994 588 3205 634 caeteris
3243 592 3431 633 eorum
3464 575 3724 629 omnium

370 732 375 739 ,
462 678 726 737 decretis.
787 678 879 747 qui
946 686 1038 732 aut
1092 686 1525 741 antecesserunt,
1578 687 1672 732 aut
1722 688 1841 749 post
1888 680 2040 733 illum
2102 680 2450 747 exstiterunt,
2504 679 2772 750 ineptiora
2836 684 2891 731 et
2948 674 3267 731 absurdiora
3327 672 3611 731 videntur,
3671 669 3723 721 si

371 791 376 799 -
462 769 726 824 duntaxat
771 770 1000 825 aliarum
1044 770 1320 825 haereseon
1375 769 1573 839 ﬂagitia
1632 786 1693 824 ac
1747 770 2018 827 fuaditates
2054 772 2311 841 excipias.

375 979 383 985 -
465 964 583 1009 tum
626 957 930 1026 amplexus,
961 955 1421 1024 quemadmodum
1456 966 1616 1011 antea
1657 958 1838 1011 docui.
1876 955 1957 1012 0b
1988 958 2039 1012 id

530 864 606 917 Ac
637 861 852 916 videtur
899 878 1031 916 sane
1073 871 1125 916 et
1160 871 1468 918 ascetarum
1505 865 1647 919 idem
1693 866 1783 919 ille
1823 867 2041 921 institu-

2225 864 2408 929 Ἔδοξε
2444 863 2553 933 γὰρ
2596 862 2689 915 καὶ
2736 859 2992 929 ἀσκητῶν
3045 857 3159 928 βίον
3192 854 3583 926 ὲπανῃρῆσθαι,
3637 854 3724 917 ὡς

2150 957 2245 1008 καὶ
2278 955 2388 1008 ἄνω
2454 970 2543 1023 μοι
2593 951 3010 1023 προδεδήλωται.
3071 949 3161 1001 Διὸ
3215 947 3437 1000 καὶτὸν
3487 946 3723 1017 θώρακα

465 1048 811 1102 stomachum
841 1049 1002 1117 iillius
1036 1047 1217 1102 ferunt
1248 1056 1468 1117 propter
1497 1048 1825 1116 exquisitam
1856 1064 2046 1117 quam-

2150 1046 2314 1101 αὑτοῦ
2353 1046 2484 1115 φασί
2513 1062 2655 1107 τινες
2688 1044 2795 1098 ἀπὸ
2826 1042 3132 1111 ὑπερϐολῆς
3168 1040 3458 1102 πολιτείας,
3498 1038 3726 1100 ἀσιτίας

467 1140 593 1194 dam
632 1140 758 1194 vita:
790 1142 1076 1203 rationem,
1111 1149 1164 1193 et
1190 1140 1449 1205 inediam,
1483 1148 1644 1210 atque
1688 1142 1757 1194 ab
1784 1142 2041 1195 animatis

2150 1154 2205 1190 τε
2249 1139 2342 1190 καὶ
2377 1137 2589 1207 ἀποχῆς
2619 1136 2898 1207 ἐμψύχων,
2934 1133 3296 1187 πεπτωκέναι.
3345 1132 3477 1203 Φέρε
3516 1131 3580 1202 δὴ
3618 1126 3727 1183 οὖν

468 1233 728 1287 omnibus
769 1232 1186 1301 temperantiam
1225 1234 1555 1287 concidisse.
1608 1231 1714 1287 Sed
1741 1233 1851 1301 jam
1889 1234 2035 1286 illius

2150 1231 2315 1292 αὑτὰς
2341 1230 2440 1293 τάς
2466 1227 2631 1281 αὑτοῦ
2664 1228 2836 1293 λέξεις
2872 1224 3297 1298 παραθησόμεθα
3344 1226 3405 1277 ἐκ
3434 1223 3525 1277 τοῦ
3562 1223 3727 1294 πρώ-

470 1324 635 1378 verba
684 1324 1028 1394 proferamus
1082 1340 1149 1379 ex
1210 1324 1331 1394 ejus
1378 1324 1444 1378 ad
1491 1327 1725 1392 priorem
1770 1324 2034 1393 psalmum

2150 1340 2231 1375 του
2268 1322 2513 1392 ψαλμοῦ,
2558 1323 2651 1376 καὶ
2707 1321 2814 1373 τῶν
2863 1323 2920 1372 ὲν
2978 1319 3127 1389 αὐτῷ
3164 1316 3436 1387 θεωριῶν,
3491 1316 3586 1368 καὶ¹
3635 1307 3728 1366 ὧν

468 1415 877 1470 commentariis
909 1414 1251 1485 deprompta,
1293 1424 1347 1470 et
1392 1432 1458 1471 ex
1502 1414 2038 1471 considerationibus

2150 1414 2491 1484 ἐδογμάτισεν
2519 1414 2701 1476 αὐτοῖς
2728 1415 2838 1475 τοῖς
2868 1412 3043 1479 λόγοις
3064 1426 3075 1438 ·
3110 1411 3195 1463 ἴνα
3227 1409 3299 1479 μή
3330 1424 3474 1469 τινες
3514 1406 3729 1458 εἴπωσι

470 1506 536 1559 ad
586 1507 834 1561 eumdem
893 1507 1078 1569 editis,
1131 1507 1556 1577 dogmatumque
1599 1506 2036 1569 tractationibus,

2150 1506 2208 1558 τὰ
2240 1507 2357 1559 κατ’
2390 1506 2554 1559 αὐτοῦ
2592 1506 2681 1574 ὑφ’
2713 1504 2868 1575 ἡμῶν
2898 1504 3161 1571 λεγόμενα
3190 1498 3725 1569 σεσυκοφαντῆσθαι.

468 1595 693 1650 totidem
720 1599 917 1665 quibus
952 1598 1173 1667 scripsit
1216 1598 1305 1651 ille
1344 1598 1548 1661 verbis,
1580 1612 1649 1651 ne
1680 1598 1804 1665 quis
1844 1613 1945 1652 nos
1976 1597 2039 1650 il-

2150 1597 2251 1649 Καὶ
2301 1596 2397 1666 οὐχ
2434 1597 2516 1649 ὃτι
2563 1595 2780 1657 πάντως
2829 1594 2987 1664 μόνον
3032 1595 3089 1645 ἐν
3144 1592 3221 1661 τῷ
3265 1590 3465 1662 πρώτῳ
3510 1589 3728 1659 ψαλμῷ

468 1687 577 1741 lius
610 1688 773 1743 dictis
819 1690 1149 1743 calumniam
1180 1688 1375 1743 fecisse
1408 1688 1577 1742 dicat.
1621 1688 1799 1758 Atque
1830 1703 1894 1742 ex
1937 1688 2038 1741 hoc

2150 1688 2363 1754 ἐξέπεσε
2396 1689 2493 1757 τῆς
2526 1687 2803 1756 ἀληθείας,
2842 1686 2915 1749 ὡς
2947 1685 3204 1746 πολλάκις
3238 1680 3411 1747 εἷπον,
3452 1681 3586 1735 ἀλλὰ
3618 1683 3728 1734 καὶ

471 1779 810 1848 potissimum
840 1781 959 1835 loco
990 1782 1290 1836 transferre
1325 1781 1631 1847 voluimus;
1662 1797 1772 1835 non
1806 1780 1952 1850 quod
1982 1782 2035 1833 in

469 1870 557 1925 bis
584 1871 850 1927 duntaxat
885 1872 950 1925 ad
990 1874 1227 1942 priorem
1260 1874 1529 1943 psalmum
1566 1872 1975 1929 commentariis
2005 1888 2036 1926 a

471 1962 696 2016 veritate
735 1962 1012 2027 ceciderit,
1064 1970 1123 2016 ut
1156 1979 1396 2034 persaepe
1441 1972 1673 2019 testatus
1713 1979 1866 2030 sum;
1912 1978 2036 2017 nam

470 2051 526 2106 in
572 2052 826 2107 omnibus
856 2054 1015 2123 plane
1064 2054 1379 2118 aberravit;
1428 2054 1524 2109 sed
1555 2054 1699 2125 quod
1749 2055 2036 2109 innumera

466 2146 583 2201 sint
618 2147 686 2202 ab
718 2164 785 2202 eo
824 2148 1156 2203 monimenta
1188 2150 1399 2212 relicta,
1432 2150 1709 2205 nonnullis
1742 2166 1808 2205 ex
1854 2165 1920 2205 eo
1946 2150 2039 2204 illo

468 2242 682 2309 psalmo
731 2242 998 2308 collectis,
1052 2260 1121 2297 ex
1175 2259 1281 2297 una
1322 2252 1417 2298 aut
1478 2245 1668 2307 altera,
1726 2245 1807 2299 vel
1860 2244 2038 2299 tribus

469 2336 619 2383 certe
652 2331 873 2385 vocibus
916 2346 1134 2386 omnem
1171 2333 1318 2389 illius
1348 2335 1401 2388 in
1452 2334 1559 2395 his,
1600 2350 1719 2404 quae
1762 2334 1830 2389 ad
1880 2334 2037 2389 fidem

470 2418 766 2486 pertinent,
809 2420 1211 2490 improbitatem
1244 2424 1550 2492 aperiemus
1579 2441 1594 2478 :
1627 2438 1691 2477 ac
1723 2425 2040 2478 necessario

468 2508 658 2562 eadem
691 2510 891 2579 quibus
935 2511 1026 2566 ille
1077 2528 1209 2567 usus
1251 2522 1334 2568 est
1375 2515 1536 2569 verba
1578 2514 1899 2570 referemus.
1943 2514 2041 2569 Est

472 2598 639 2667 igitur
672 2602 1107 2673 uniuscujusque
1144 2604 1402 2660 dictionis
1434 2607 1579 2660 velut
1615 2608 1789 2661 solum
1818 2622 1881 2660 ac
1914 2606 2039 2659 fun-

471 2691 786 2745 damentum
826 2692 1162 2761 hujusmodi,
1202 2704 1259 2749 ut
1309 2696 1474 2760 illud,
1525 2697 1768 2752 studiose
1802 2698 2036 2762 auditor,

472 2782 766 2854 intelligas,
799 2786 1247 2843 manifestissime
1270 2787 1465 2843 Filium
1495 2788 1589 2844 Dei
1628 2799 1935 2845 creaturam
1971 2792 2039 2845 ab

2140 1780 2198 1829 ὲν
2247 1778 2451 1850 ἑκάστῃ
2493 1777 2773 1849 ἐξηγήσει.
2824 1776 2921 1829 Διά
2975 1776 3029 1827 δὲ
3064 1776 3155 1827 τὸν
3197 1775 3357 1842 ὄγκον
3404 1772 3503 1841 τῆς
3544 1771 3725 1825 αὐτοῦ

2138 1870 2524 1940 πραγματείας
2580 1870 2688 1922 ἀπὺ
2730 1867 2823 1921 τοῦ
2877 1864 3271 1937 προειρημένου
3317 1862 3530 1933 ψαλμοῦ
3586 1862 3725 1913 συλ-

2140 1962 2391 2028 λέξαντες
2444 1961 2697 2022 ὲνταῦοα,
2739 1962 2846 2015 ἀπὸ
2894 1961 2994 2029 τῆς
3047 1958 3257 2029 μιᾶς,ἢ
3309 1957 3422 2019 δύο,
3467 1956 3499 2026 ἢ
3544 1955 3726 2026 τριῶν

2140 2052 2354 2119 λέξεων,
2405 2055 2466 2108 τὸ
2494 2057 2601 2108 πᾶν
2649 2053 2710 2107 τὸ
2761 2054 2888 2124 περὶ
2914 2052 3010 2122 τὴν
3042 2052 3221 2105 πίστιν
3264 2050 3363 2119 τῆς
3412 2049 3723 2118 μοχθηρίας

2138 2145 2303 2197 αὐτοῦ
2357 2144 2813 2213 ἀποκαλύψωμεν.
2858 2144 2968 2195 Καὶ
3013 2142 3206 2195 ταυτόν
3238 2157 3295 2193 τε
3340 2141 3513 2192 εἰπεῖν
3540 2139 3722 2205 ἀναγ-

2141 2238 2310 2301 καίως
2361 2235 2825 2307 ἐπιμελησόμεθα.
2902 2236 3010 2288 Καὶ
3062 2234 3207 2286 ἐστιν
3265 2231 3425 2294 εὐθὺς
3477 2229 3723 2298 ἑκάστης

2143 2333 2337 2397 λέξεως
2368 2332 2428 2386 τὸ
2471 2332 2684 2400 ὲδάφιον
2726 2330 2918 2393 οὕτως,
2951 2330 3097 2392 ὅπως
3128 2326 3327 2397 γνῴης,
3370 2319 3414 2377 ὦ
3461 2322 3722 2393 φιλόκαλε

2142 2426 2407 2497 άκροατά,
2439 2426 2521 2478 ὅτι
2548 2425 2903 2495 φανερώτατα
2927 2422 3018 2474 τὸν
3052 2420 3181 2472 Υἱὸν
3217 2416 3311 2471 τοῦ
3337 2415 3470 2469 Θεοῦ
3515 2415 3723 2482 κτίσμα

2144 2518 2487 2588 ἐδογμάτισε.
2538 2517 2646 2569 Καὶ
2695 2516 2803 2569 ἀπὸ
2857 2515 2953 2585 τῆς
3007 2513 3133 2583 περὶ
3191 2510 3284 2564 τοῦ
3335 2507 3465 2562 Υἰοῦ
3518 2505 3723 2576 τόλμης

2144 2610 2345 2681 γνῴης,
2376 2612 2456 2664 ὅτι
2499 2612 2592 2664 καὶ
2620 2593 2680 2663 τὸ
2713 2608 2934 2677 Πνεῦμα
2976 2606 3036 2659 τὸ
3070 2605 3220 2673 ἆγιον
3249 2602 3463 2655 κτιστδν
3492 2599 3722 2668 εἰσηγή-

2148 2718 2295 2755 σατο.
2343 2704 2461 2755 Ἀπ’
2508 2703 2680 2773 ἀρχῆς
2713 2697 2803 2753 οὖν
2846 2699 3188 2767 ἀναλέξωμεν
3224 2696 3315 2748 τὸν
3347 2693 3579 2765 ψαλμὸν,
3617 2690 3721 2753 ἓως

2144 2794 2319 2863 αὐτῆς
2349 2794 2446 2863 τῆς
2478 2793 2695 2857 λέξεως,
2726 2792 2801 2854 ὡς
2832 2790 2992 2852 αὐτὸς
3032 2786 3307 2859 Ὠριγὲνης
3339 2784 3463 2853 ἔφη.

473 2875 567 2930 illo
627 2880 946 2947 praedicari;
990 2890 1043 2937 et
1081 2899 1147 2937 ex
1196 2884 1288 2937 illa
1345 2886 1399 2938 in
1437 2883 1633 2939 Filium
1672 2887 1975 2941 temeritate
2050 2902 2351 2958 cognoscas
2395 2889 2559 2942 etiam
2603 2886 2867 2956 Spiritum
2915 2892 3167 2939 sanctum
3207 2887 3450 2935 creatum
3511 2874 3579 2928 ab
3628 2886 3720 2925 co—

473 2971 595 3027 dem
619 2977 858 3031 censeri.
893 2978 1163 3046 Quocirca
1226 2982 1495 3052 psalmum
1550 2982 1701 3037 illum
1742 2984 1811 3037 ab
1872 2983 2029 3037 initio
2088 2990 2439 3056 repetemus,
2504 2982 2845 3052 totidemque
2909 2978 3132 3041 verbis,
3196 2976 3397 3046 quibus
3460 2968 3722 3026 Orioencs

474 3066 715 3137 scripsit.

476 3182 562 3237 Ea:
615 3183 859 3254 Origenis
913 3186 1305 3239 commentariis
1355 3186 1423 3238 ad
1478 3186 1739 3255 psalmum
1792 3188 2039 3256 primum.
2070 3198 2116 3259 c

546 3294 640 3351 Vl.
679 3297 907 3352 Clausus
952 3297 1383 3368 obsignatasque
1433 3296 1749 3368 Scripturas
1796 3315 1917 3354 esse
1964 3315 2052 3355 sa—

476 3404 604 3445 cras
636 3389 819 3443 divina
849 3397 1117 3455 testantur
1145 3391 1401 3455 oracula;
1438 3390 1599 3459 idque
1629 3389 1847 3446 Davidis
1876 3392 2050 3455 clave,

478 3495 543 3534 ac
575 3479 800 3534 forsitan
831 3487 886 3532 et
916 3479 1115 3549 sigillo,
1149 3478 1214 3534 de
1243 3494 1352 3549 quo
1383 3479 1647 3549 scriptum
1682 3492 1765 3535 est
1797 3498 1810 3537 :
1846 3479 2052 3551 Figura

481 3572 647 3642 sigilli
679 3572 936 3625 sanctitas
974 3571 1198 3624 Domino
1227 3572 1264 3622 ί.
1296 3568 1451 3637 Quod
1482 3571 1549 3625 de
1576 3572 1781 3626 virtute
1815 3572 1929 3637 Dei,
1957 3572 2051 3642 qui

478 3676 542 3718 ea
567 3661 794 3731 largitus
836 3669 942 3726 est,
991 3661 1219 3731 intelligi
1269 3662 1453 3726 debet,
1490 3678 1611 3732 quae
1658 3663 1911 3718 videlicet
1957 3678 2053 3733 per

481 3755 717 3822 Sigillum
764 3752 1138 3807 adumbratur.
1178 3752 1338 3823 530
1367 3755 1579 3809 htenun
1619 3755 1837 3809 clausas
1890 3761 2052 3823 atque

479 3844 795 3911 obsrgnatas
839 3856 962 3897 esse
993 3840 1308 3911 Scripturas
1339 3858 1578 3899 Joannes
1629 3845 1683 3897 in
1725 3843 2051 3913 Apocalypsi

480 3933 722 3986 declarat
753 3933 837 3987 bis
865 3931 1076 3987 verbis:
1103 3930 1171 3984 Et
1202 3931 1384 4001 angelo
1419 3930 1688 3995 Ecclesiaz,
1717 3948 1832 4001 qua!
1869 3931 2052 3984 Phila-

480 4021 703 4090 delphia:
734 4030 831 4085 est,
873 4021 1040 4075 scribe
1070 4038 1087 4074 :
1117 4020 1245 4075 llwc
1272 4021 1399 4075 dicit
1440 4021 1688 4086 Sanctus,
1737 4022 1918 4084 Verus,
1963 4025 2051 4092 qui

480 4112 634 4164 habet
659 4112 855 4165 clavem
887 4110 1096 4177 David;
1123 4112 1212 4183 qui
1247 4113 1438 4181 aperit,
1465 4123 1514 4166 et
1545 4129 1692 4166 nemo
1722 4112 1971 4175 claudet;
2002 4123 2052 4164 et

481 4204 702 4263 claudit,
733 4213 782 4258 et
824 4220 971 4257 nemo
1000 4206 1215 4273 aperiet.
1252 4202 1390 4258 Novi
1426 4220 1583 4271 opera
1616 4214 1743 4268 tua;
1776 4205 1930 4273 posui
1969 4203 2052 4272 [o-

481 4310 564 4345 res
608 4310 787 4347 coram
828 4304 875 4347 te
905 4306 1138 4364 apertas,
1183 4310 1312 4363 quas
1349 4311 1497 4349 nemo
1530 4294 1775 4347 claudere
1818 4295 2049 4363 potest'.

484 4385 688 4440 Deinde
714 4387 876 4455 paulo
908 4395 1028 4455 post
1058 4404 1071 4440 :
1110 4385 1175 4438 Et
1199 4387 1305 4439 vidi
1332 4385 1399 4440 ad
1427 4387 1697 4441 dexteram
1730 4385 1958 4441 sedentis
1999 4386 2053 4439 in

2360 3185 2485 3238 Τῶν
2528 3184 2857 3253 Ὡριγένους
2890 3185 2975 3247 είς
3009 3179 3117 3233 τόν
3158 3184 3208 3232 a’
3240 3177 3504 3246 ψαλμόν.

2224 3302 2312 3366 ς’.
2356 3297 2680 3350 Κεκλεῑσθαι
2728 3295 2820 3348 καὶ
2867 3291 3229 3364 ὲσφραγίσθαι
3274 3291 3371 3352 τὰς
3400 3289 3550 3352 Θείας
3584 3287 3719 3357 Γραο

2153 3392 2256 3456 φὰς
2287 3392 2334 3443 οί
2364 3389 2497 3443 θεῖοί
2538 3405 2670 3456 φασι
2712 3387 2857 3455 λόγοι
2905 3388 2971 3456 τῇ
3017 3384 3187 3437 κλειδὶ
3221 3382 3316 3436 τοῦ
3349 3380 3533 3440 Δαϐὶδ,
3582 3379 3719 3449 τάχα

2150 3482 2207 3534 δὲ
2251 3481 2343 3533 καὶ
2386 3479 2660 3549 σφραγῖδι,
2698 3478 2823 3547 περὶ
2870 3472 2938 3547 ἦς
2974 3476 3187 3544 είρηται
3235 3472 3335 3536 τὸ,
3378 3470 3720 3538 Ἐκτύπωμα

2151 3570 2477 3641 σφραγῖδος
2516 3571 2782 3639 ἀγίιισμα
2835 3567 3063 3633 Κυρίῳ·
3109 3565 3357 3617 τουτέστι
3386 3564 3451 3632 τῇ
3498 3560 3718 3628 δυνάμει

2150 3665 2244 3717 τοῦ
2300 3663 2591 3726 δεδωκότος
2623 3662 2791 3723 αὑτὰς
2824 3658 2980 3723 Θεοῦ,
3024 3660 3091 3728 τῇ
3139 3655 3244 3708 ὑπὸ
3285 3656 3386 3725 τῆς
3432 3651 3719 3722 σφραγῖδος

2150 3754 2472 3826 δηλουμένη.
2514 3753 2649 3824 Περὶ
2679 3752 2777 3822 μὲν
2809 3745 2902 3803 οὖν
2939 3750 3032 3803 τοῦ
3062 3746 3367 3801 κεκλεῖσθαι
3404 3744 3494 3798 καὶ
3520 3745 3718 3813 ἐσφρα-

2151 3846 2336 3914 γίσθαι
2387 3848 2414 3897 ὁ
2473 3844 2723 3913 Ἰωάννης
2766 3842 3104 3895 ἀναδιδάσκει
3157 3840 3216 3890 ὲν
3255 3840 3320 3907 τῇ
3362 3834 3719 3903 Ἀποκαλύψει

2151 3939 2356 4006 λέγων·
2400 3936 2507 3990 Kal
2541 3934 2621 3999 τῷ
2651 3936 2881 4004 ἀγγέλῳ
2918 3932 3026 3999 τῆς
3052 3931 3120 3984 ἐν
3151 3928 3549 3996 Φιλαδελφείᾳ
3590 3928 3719 3979 Ἔλ-

2152 4028 2414 4095 κλησίας
2452 4025 2712 4094 γράψον
2754 4023 2897 4077 Τάδε
2935 4022 3095 4091 λέγει
3133 4025 3165 4074 ό
3193 4021 3393 4088 ’Ἄγιος
3428 4023 3461 4073 ὀ
3499 4020 3723 4093 1441'th-

2151 4120 2278 4185 νὸς,
2324 4126 2357 4174 ό
2387 4118 2545 4187 ἔχων
2590 4116 2703 4184 τὴν
2744 4117 2916 4169 κλεῖν
2966 4113 3071 4167 τοῦ
3109 4112 3321 4167 Δαϐίδ·
3363 4114 3396 4164 ὁ
3448 4110 3723 4179 ἀνοίγων,

2153 4211 2250 4263 καὶ
2306 4208 2503 4273 οὐδεὶς
2565 4208 2829 4270 κλείσει,
2896 4206 2997 4259 καὶ
3064 4206 3309 4268 κλείων,
3362 4201 3463 4255 καὶ
3524 4200 3723 4266 οὐδεὶς

2153 4303 2399 4366 ἀνοίξει.
2453 4298 2595 4355 Οἶδά
2623 4315 2739 4353 σου
2776 4300 2851 4353 τὰ
2887 4298 3060 4368 ἔργα·
3096 4297 3224 4351 ἰδοὺ
3273 4295 3502 4349 δέδωκα
3540 4296 3723 4361 θύραν

2152 4393 2407 4447 ἐνώπιόν
2460 4407 2574 4445 σου
2629 4389 3042 4461 ἀνεῳγμένην,
3096 4387 3178 4454 ’ἣν
3225 4387 3424 4452 οὐδεὶς
3479 4386 3724 4440 δύναται

486 4479 673 4530 throno
705 4477 894 4531 librum
919 4478 1171 4546 scriptum
1199 4478 1338 4531 intus
1370 4487 1419 4530 et
1456 4494 1489 4530 a
1520 4486 1683 4547 tergo,
1719 4478 2051 4548 obsignatum

2156 4486 2393 4539 κλεῖσαι
2442 4483 2664 4549 αὑτήν·
2719 4487 2812 4536 καὶ
2862 4484 2979 4552 μετ’
3028 4481 3213 4549 ὀλίγα·
3264 4481 3371 4533 Kal
3423 4474 3585 4531 εἶδον
3624 4477 3724 4530 ἐπὶ

483 4572 769 4642 signaculis
819 4582 1029 4639 septem.
1084 4568 1151 4623 Et
1200 4568 1307 4623 vidi
1353 4569 1596 4639 angelum
1642 4569 2051 4639 proclamantem

2158 4578 2272 4645 τὴν
2310 4578 2513 4640 δεξιὰν
2556 4548 2662 4629 τοῦ
2697 4548 3033 4643 καθημένου
3077 4548 3176 4625 έπι
3227 4573 3332 4625 τὸν
3380 4572 3594 4639 θρόνον
3628 4569 3726 4632 ,σι-

484 4680 602 4717 voce
626 4679 816 4731 magna
843 4677 861 4714 :
884 4662 1016 4726 Quis
1068 4670 1144 4714 est
1177 4660 1364 4728 dignus
1397 4662 1599 4730 aperire
1634 4659 1822 4712 librum
1863 4668 1911 4711 et
1948 4658 2058 4712 sol-

484 4773 598 4809 vere
629 4754 900 4823 signacula
933 4752 1085 4821 ejus?
1119 4751 1188 4804 Et
1227 4769 1374 4805 nemo
1400 4760 1601 4820 poterat
1637 4752 1692 4803 in
1723 4750 1869 4814 cuzlo,
1899 4766 2058 4818 neque

485 4849 538 4899 in
571 4857 730 4904 terra.
761 4862 923 4914 neque
942 4844 1118 4898 subter
1136 4853 1329 4899 terram
1349 4844 1550 4911 aperire
1575 4844 1786 4905 librum,
1806 4858 1896 4895 nec
1921 4842 2057 4909 aspi-

485 4954 597 4991 cere
627 4938 795 4990 illztm.
830 4936 897 4989 Et
928 4936 1140 5003 ﬂebam,
1181 4935 1428 5004 quoniam
1475 4949 1622 4986 nemo
1656 4932 1844 5001 dignus
1873 4934 2053 4986 inven-

490 5041 570 5081 tus
619 5036 696 5080 est
750 5029 953 5094 aperire
1006 5026 1221 5089 librant,
1263 5042 1421 5095 neque
1482 5026 1711 5092 aspicere
1756 5023 1927 5077 illum.
1990 5023 2055 5075 Et

487 5135 622 5170 unus
656 5116 719 5170 de
745 5116 1035 5170 senioribus
1062 5114 1198 5167 dixit
1225 5116 1389 5168 mihi:
1413 5114 1541 5167 Noli
1571 5115 1695 5183 ﬂere
1731 5130 1748 5167 :
1782 5130 1896 5167 ecce
1935 5114 2055 5167 vicit

489 5213 565 5263 leo
595 5210 657 5263 de
693 5210 833 5262 tribu
875 5208 1039 5271 Juda,
1088 5208 1244 5261 radix
1291 5206 1478 5271 David,
1530 5207 1731 5275 aperire
1763 5206 1975 5270 librum,
2008 5215 2059 5259 et

489 5313 679 5369 septem
713 5302 990 5371 signacula
1027 5303 1140 5367 ejus
1167 5300 1205 5352 ³.
1238 5299 1311 5352 De
1347 5300 1463 5353 sola
1496 5315 1621 5354 vera
1674 5298 2054 5369 obsignatione

489 5396 563 5445 ita
592 5394 830 5462 loquitur
862 5392 1028 5447 Isaias
1059 5411 1070 5447 :
1100 5391 1167 5444 Et
1193 5401 1343 5445 erunt
1366 5391 1507 5444 vobis
1535 5390 1687 5445 verba
1711 5391 1819 5445 lucc
1851 5393 2050 5455 omnia,

489 5487 625 5539 sicut
648 5502 908 5541 sermones
938 5485 1059 5539 libri
1082 5485 1236 5554 hujus
1261 5485 1543 5554 obsignati,
1571 5500 1722 5553 quem
1744 5486 1790 5539 si
1815 5482 2052 5536 dederint

566 5642 578 5671 ¹
616 5640 785 5697 Exod.
821 5656 1008 5707 xan,
1036 5640 1123 5695 58.
1170 5642 1190 5670 ³
1244 5640 1412 5709 Apoc.
1453 5655 1530 5705 ιιι,
1569 5640 1619 5693 ’1.
1700 5639 1719 5669 ³
1752 5639 1919 5708 Apoc.
1954 5653 2005 5702 v,
2039 5638 2136 5691 1-5

2159 4671 2328 4721 ϐλίον
2373 4667 2775 4737 γεγραμμένον
2818 4666 3042 4719 ἔσωθεν
3106 4664 3203 4717 καὶ
3267 4663 3535 4724 ὄπισθεν,
3589 4676 3726 4711 κατ-

2156 4758 2635 4828 εσφραγισμένον
2665 4756 2991 4824 σφραγῖσιν
3010 4755 3178 4808 ἑπτά.
3214 4747 3512 4807 Καϊεῖδον
3553 4751 3726 4820 ἅγγε-

2156 4852 2271 4902 λον
2345 4846 2597 4916 ἰσχυρὸν
2663 4846 3051 4914 κηρύσσοντα
3089 4843 3259 4914 φωνῇ
3284 4841 3517 4913 μεγάλῃ
3544 4858 3559 4871 ’
3632 4840 3728 4902 Τίς

2159 4942 2324 5006 ἇίῖιος
2359 4939 2589 5003 ἀνοῖξαι
2619 4939 2683 4991 τὸ
2706 4938 2967 5003 βιϐλίον,
2998 4938 3095 4992 καὶ
3125 4936 3309 4990 λῦσαι
3348 4934 3452 4999 τὰς
3482 4931 3725 5001 σφραγῖο

2158 5031 2267 5098 δας
2309 5030 2530 5093 avrai");
2564 5030 2675 5083 Kal
2721 5029 2922 5094 οὐδεὶς
2974 5027 3233 5094 ἠδύνατο
3265 5026 3334 5077 ἐν
3362 5023 3441 5088 τῷ
3472 5020 3724 5091 οὐρανῷ,

2159 5124 2297 5175 οὔτε
2328 5122 2425 5175 ἐπὶ
2450 5121 2559 5189 τῆς
2596 5120 2729 5191 γῆς,
2754 5122 2891 5174 οὔτε
2917 5117 3192 5172 ὑποκάτω
3218 5116 3326 5183 τῆς
3353 5115 3466 5184 γῆς
3496 5113 3726 5177 ἀνοῖξαι

2160 5214 2226 5267 τὸ
2258 5214 2519 5278 βιϐλίον,
2567 5215 2705 5267 οὔτε
2725 5212 2981 5277 βλέπειν
3003 5212 3166 5265 αὑτό.
3204 5210 3312 5265 Kal
3343 5209 3606 5268 ἔκλαιον,
3637 5205 3726 5259 ὅτι

2161 5303 2355 5368 οὐδεὶς
2396 5302 2564 5369 ἄξιος
2608 5304 2820 5372 εὑρέθη
2881 5300 3113 5364 ἀνοῖξαι
3159 5299 3225 5352 τὸ
3273 5298 3544 5362 βιϐλίον,
3589 5297 3724 5349 οὔτε

2155 5391 2411 5455 βλέπειν
2448 5395 2612 5447 αὐτό.
2657 5393 2764 5448 Kal
2793 5386 2881 5456 εἷς
2926 5391 2994 5444 ἐκ
3038 5387 3156 5443 τῶν
3186 5386 3598 5455 πρεσϐυτέρων
3625 5384 3723 5439 ,λέο

2160 5501 2248 5552 γει
2285 5472 2416 5555 μοι·
2477 5484 2575 5553 Μὴ
2604 5483 2771 5540 κλαῖε
2794 5500 2807 5515 ι
2848 5481 2975 5536 ιδοὺ
3005 5480 3290 5548 ἐνίκησεν
3330 5479 3362 5532 ό
3396 5474 3552 5531 λέων
3582 5476 3615 5531 ὁ
3657 5473 3728 5529 ἐκ
