4082 6394
375 350 503 407 1081

1058 359 1425 417 ADVERSUS
1465 362 1802 420 HASRESES
1840 365 1949 420 LlB

2059 405 2072 418 .
2111 364 2275 421 ΤΟΜ.
2318 367 2432 420 1.-
2464 364 2736 418 ΗᾸΞΙὶΕΞ.
2776 363 2958 420 LXIV.

3460 363 3599 419 1082

375 461 481 531 τῆς
511 461 715 534 φυλῆς
754 467 966 533 Ἰούδα,
1011 473 1050 539 ἡ
1085 471 1217 538 ῥίζα
1244 473 1442 537 Δαϐὶδ,
1487 475 1718 541 ἀνοῖξαι
1751 477 1818 530 τό
1844 478 1941 541 βι-

2057 476 2242 531 iomini
2285 477 2471 530 scienti
2513 475 2738 536 litteras,
2785 475 3057 527 dicentes:
3085 471 3212 542 Lege
3260 473 3406 536 ista;
3448 482 3495 526 et
3526 489 3610 527 re-

335 607 346 613 -
374 555 543 608 ϐλίον
583 558 683 612 καὶ
734 558 841 625 τὰς
888 561 1038 614 ἑπτὰ
1079 563 1406 633 σφραγῖδας
1447 567 1652 619 αὐτοῦ.
1706 569 1841 640 Περὶ
1883 569 1941 621 δὲ

375 646 462 698 τοῦ
493 649 854 719 ὲσφραγίσθαι
885 653 1045 721 μόνον
1071 651 1100 702 ὁ
1138 653 1359 716 Ἡσαΐας
1387 654 1558 719 οὓτως
1579 673 1594 687 ·
1638 658 1748 710 Kal
1774 659 1944 711 ἔσται

375 739 511 806 ὑμῖν
539 739 610 794 τὰ
642 741 880 810 ῥήματα
922 744 1109 798 ταῦτα
1153 746 1368 809 πάντα,
1405 747 1486 812 ὡς
1531 751 1584 800 ol
1632 749 1798 818 λόγοι
1837 749 1944 801 τοῦ

375 829 609 889 βιϐλίου
643 831 860 885 τούτου
892 832 998 885 τοῦ
1023 833 1526 902 ἐσφραγισμένοι),
1560 834 1592 886 ὃ
1625 835 1734 887 ἐὰν
1759 833 1946 888 δῶσιν

376 921 516 973 αὐτὸ
557 921 840 990 ἀνθρώπῳ
866 925 1240 994 ἐπισταμένῳ
1283 925 1609 996 γράμματα,
1639 927 1938 996 λέγοντες·

384 1009 692 1079 Ἀνάγνωθι
738 1014 952 1068 ταῦτα’
1010 1017 1108 1070 καὶ
1166 1016 1322 1084 ἐρεῖ·
1385 1019 1466 1070 Οὐ
1505 1017 1760 1086 δύναμαι
1805 1017 1947 1071 ἁνα-

380 1102 623 1172 ιινῶναι·
655 1106 1048 1176 ἐσφράγισται
1087 1107 1218 1177 γάρ.
1263 1108 1373 1162 Kal
1398 1108 1716 1174 δοθήσεται
1753 1109 1820 1162 τὸ
1847 1110 1946 1173 ,ϐι-

377 1194 544 1246 ϐλίον
591 1195 765 1248 τοῦτο
809 1199 896 1263 είς
939 1198 1140 1266 χεζοας
1169 1197 1482 1267 ἀνθρώπου
1509 1199 1596 1268 μὴ
1629 1199 1948 1267 ἐπισταμέ-

377 1302 484 1337 νου
530 1285 858 1356 γράμματα,
915 1288 1012 1341 καὶ
1049 1289 1200 1357 ἐρεῐο
1247 1293 1368 1343 Οὐκ
1408 1291 1728 1358 ἐπίσταμαι
1770 1288 1949 1359 γράμ-

377 1392 549 1442 ματα.
598 1378 783 1430 Ταῦτα
804 1379 912 1450 γὰρ
941 1381 1000 1433 οὐ
1049 1381 1208 1450 μόνον
1245 1383 1371 1452 περὶ
1397 1383 1496 1452 τῆς
1533 1381 1950 1450 Ἀποκαλύψεως

388 1464 635 1518 Ἰωάννου
658 1469 750 1519 καὶ
786 1467 876 1521 τοῦ
926 1470 1149 1524 Ἡσαΐου
1178 1470 1460 1540 νομιστέον
1496 1470 1768 1538 λέγεσθαι,
1814 1470 1950 1524 ἀλλὰ

379 1556 471 1608 καὶ
518 1559 644 1628 περὶ
678 1560 859 1630 πάσης
894 1560 1043 1624 θείας
1081 1562 1303 1633 Γραφῆς
1353 1562 1824 1632 ὁμολογουμένως,
1855 1561 1950 1616 καὶ

381 1649 530 1719 παρὰ
558 1652 668 1713 τοῖς
709 1651 944 1722 μετρίως
979 1653 1186 1707 ἐπαΐειν
1213 1653 1386 1721 λόγων
1423 1652 1581 1706 θείων
1614 1652 1948 1723 δυναμένοις,

379 1735 825 1806 πεπληρωμένοις
875 1741 1211 1810 αἰνιγμάτων
1262 1741 1356 1794 καὶ
1415 1739 1762 1813 παραϐολῶν,
1823 1757 1949 1793 σκο-

2041 565 2344 634 spondebit:
2371 565 2493 620 Non
2521 581 2733 634 possunt
2764 565 2966 632 legere;
2997 572 3071 614 est
3113 563 3250 615 enim
3288 560 3611 627 obsignatas.

2045 657 2112 710 Et
2139 656 2355 710 dabitur
2386 656 2518 710 liber
2547 657 2630 708 hic
2658 658 2712 708 in
2749 672 2936 707 manus
2965 655 3189 706 hominis
3229 653 3501 706 nescientis
3527 652 3616 706 lit-

2044 756 2219 812 teras;
2257 759 2308 802 et
2350 749 2483 802 dicet
2516 765 2534 802 :
2578 747 2770 801 Nescio
2814 747 3016 799 litteras
3045 747 3088 798 ¹.
3139 743 3263 798 Ιίίεο
3313 745 3455 799 enim
3508 759 3616 798 non

2045 839 2111 892 ad
2144 839 2510 910 Apocalypsin
2555 839 2732 893 solum
2765 836 3015 900 Joannis,
3056 843 3151 888 aut
3181 833 3330 888 Isaiae
3363 834 3617 888 vaticinia

2043 930 2318 998 pertinere
2345 932 2642 1000 putandum
2675 937 2781 993 est,
2813 929 2906 984 sed
2941 928 3006 983 de
3044 927 3298 982 universa
3331 926 3616 996 Scriptura

2047 1035 2202 1075 sacra
2251 1022 2470 1090 penitus
2524 1020 2840 1089 accipienda
2894 1025 3042 1073 sunt.
3090 1017 3246 1083 Quod
3304 1028 3436 1071 sane
3472 1014 3613 1084 apud

2046 1110 2168 1164 illos
2215 1111 2270 1166 in
2321 1111 2578 1165 confesso
2633 1118 2756 1172 est,
2806 1111 2899 1180 qui
2954 1109 3262 1163 divinarum
3310 1104 3615 1160 litter’arum

2049 1201 2297 1253 notitiam
2337 1202 2420 1254 vel
2457 1199 2804 1254 mediocriter
2858 1199 3095 1253 assecuti
3143 1206 3292 1252 sunt.
3327 1197 3456 1261 Quae
3499 1194 3620 1264 qui-

2047 1291 2168 1344 dem
2198 1291 2548 1360 aznigmatum
2582 1290 2902 1352 involucris,
2932 1305 2995 1343 ac
3024 1290 3320 1358 parabolis,
3363 1288 3619 1341 tenebro-

2047 1383 2234 1451 sisque
2276 1381 2642 1441 sermonibus,
2695 1395 2759 1434 ac
2815 1380 3048 1434 diversis
3095 1379 3218 1433 aliis
3267 1377 3620 1433 obscuritatis

2048 1472 2360 1541 generibus,
2405 1486 2526 1540 quae
2570 1471 2808 1524 hominis
2856 1471 3075 1538 ingenio
3121 1468 3340 1523 dillicile
3373 1482 3623 1536 compre-

2051 1561 2386 1625 henduntur,
2433 1562 2649 1616 referta
2684 1570 2830 1615 sunt.
2871 1561 3025 1627 Quod
3055 1568 3108 1616 et
3147 1563 3399 1616 Salvator
3433 1571 3620 1615 osteno

2050 1653 2178 1707 dere
2218 1654 2426 1717 volens,
2475 1654 2678 1707 clavem
2729 1653 2867 1722 apud
2921 1653 3145 1707 Seribas
3203 1660 3257 1706 et
3321 1650 3624 1704 Pharisaeos

2051 1756 2172 1796 esse
2203 1740 2360 1804 dixit,
2403 1742 2495 1810 qui
2529 1749 2589 1794 ut
2626 1743 2771 1796 viam
2810 1741 2874 1796 ad
2903 1741 3256 1811 aperiendum
3292 1740 3623 1800 invenirent,

382 1825 566 1878 τεινῶν
605 1843 664 1880 τε
715 1827 911 1896 λόγων,
956 1831 1049 1882 καὶ
1095 1829 1270 1883 ἄλλων
1320 1830 1577 1884 ποικίλων
1615 1831 1772 1884 είδῶν
1815 1833 1944 1884 dca-

2057 1833 2272 1886 minime
2287 1833 2702 1887 contenderent.
2736 1833 2822 1895 Et,
2871 1832 2956 1886 Va:
2987 1833 3151 1897 vobis,
3187 1833 3385 1902 inquit,
3420 1831 3627 1899 legispe-

381 1916 556 1984 φείας,
601 1917 918 1988 δυσλήπτων
951 1924 1015 1991 τῇ
1064 1921 1380 1995 ἀνθρωπίνῃ
1425 1922 1605 1992 φύσει.
1651 1924 1828 1995 Ὅπερ
1867 1924 1947 1976 διο

381 2007 532 2074 δάξαι
564 2009 880 2080 βουλόμενος
929 2012 1024 2064 καὶ
1054 2015 1082 2065 ὁ
1123 2013 1310 2084 Σωτήρ
1345 2031 1531 2084 φησιν,
1564 2014 1641 2078 ὼς
1673 2015 1771 2084 τῆς
1800 2015 1947 2068 κλει-

2056 1924 2200 1986 ritis,
2245 1925 2493 1993 quoniam
2540 1924 2741 1977 tulistis
2789 1923 2985 1976 clavem
3025 1925 3278 1986 scientiae,
3323 1937 3482 1989 neque
3524 1919 3625 1990 ipsi

2053 2019 2318 2079 intrastis,
2341 2028 2388 2071 et
2419 2020 2674 2071 intrantes
2700 2034 2801 2070 non
2830 2019 3131 2084 permittitis
3161 2016 3359 2087 ingredi
3384 2016 3425 2069 '.

381 2099 466 2163 δὸς
517 2100 681 2172 οῦσης
715 2103 863 2174 παρὰ
893 2107 1004 2166 τοῖς
1058 2104 1439 2174 γραμματεῦσι
1473 2106 1566 2159 καὶ
1597 2107 1932 2177 Φαρισαίοις,
1969 2109 2068 2162 οὐκ
2116 2110 2536 2178 ἀγωνιζομένοις
2583 2110 2680 2180 τὴν
2708 2109 2825 2161 ὁδὸν
2875 2110 3054 2180 εὑρεῖν
3103 2109 3196 2162 τοῦ
3240 2107 3466 2174 ἀνοῖξαι,
3541 2104 3627 2185 τὸ,

382 2193 525 2247 Οὐαὶ
593 2195 734 2264 ὑμῖν
782 2194 906 2260 τοῖς
947 2194 1244 2264 νομικοῖς·
1292 2195 1378 2248 ὅτι
1420 2195 1602 2263 ἤρατε
1645 2195 1758 2264 τὴν
1798 2196 2008 2253 κλεῖδα
2044 2197 2151 2264 τῆς
2208 2198 2504 2267 γνώσεως,
2553 2199 2722 2254 αὐτοὶ
2775 2201 2885 2252 οὐκ
2933 2199 3265 2266 είσήλθετε,
3324 2198 3424 2252 καί
3482 2196 3626 2264 τοὺς

381 2287 834 2356 εἰσερχομένους
862 2287 972 2340 οὐκ
1012 2286 1219 2354 ἀφίετε
1253 2287 1571 2342 εἰσελθεῖν.

447 2386 520 2436 Z'.
560 2381 742 2434 Ταῦτα
773 2380 830 2432 δὲ
859 2381 989 2450 ἡμῖν
1033 2380 1092 2430 ὲν
1122 2379 1391 2450 προοιμίῳ
1420 2379 1690 2441 λέλεκται,
1730 2383 1812 2443 είς
1855 2381 1952 2452 μὲ-

388 2490 562 2544 γιστον
611 2470 819 2540 ἀγῶνα,
876 2470 970 2524 καὶ
1020 2469 1466 2539 ὁμολογουμένως
1507 2471 1647 2541 ὑπὲρ
1676 2474 1825 2542 ἡμᾶς
1858 2471 1954 2524 καὶ

385 2565 478 2636 τὴν
503 2563 618 2642 ἕξιν
651 2561 830 2632 ἡμῶν,
862 2558 1326 2630 ἀναγκαζομένοις
1355 2560 1459 2612 ὑπὸ
1487 2561 1587 2632 τῆς
1626 2561 1824 2633 πολλῆς
1859 2579 1951 2614 σου

385 2654 760 2726 φιλομαθείας,
791 2653 884 2706 καὶ
911 2651 1346 2722 δυσωπουμένοις
1387 2653 1488 2706 ὑπὸ
1521 2656 1616 2724 τῆς
1653 2654 1953 2726 χρηστότη-

385 2764 472 2810 τος
505 2749 599 2800 ita).
629 2747 728 2817 τῆς
763 2745 1112 2816 μετριότητος
1157 2761 1273 2808 σου,
1321 2745 1434 2816 ἱερὲ
1479 2745 1790 2816 ’Λμϐρόσιε,
1821 2765 1953 2801 κατ-

385 2837 576 2892 ελθεῖν.
611 2836 718 2890 Καὶ
746 2837 827 2890 ὅτι
855 2853 919 2905 γε
951 2837 1042 2889 ἐπὶ
1079 2835 1210 2890 πολὺ
1256 2837 1615 2907 ἀναδυόμενόν
1651 2856 1738 2909 με,
1779 2838 1866 2896 διὰ
1894 2839 1955 2892 τὸ

384 2929 574 2982 εῖδέναι
607 2928 697 2981 τὸν
740 2927 981 2981 κίνδυνον
1025 2929 1086 2981 οὑ
1139 2928 1298 2998 μόνον
1328 2927 1422 2982 τοῦ
1472 2928 1650 2998 λέγειν
1684 2933 1813 3000 περὶ
1846 2929 1954 2984 τῶν

387 3019 576 3088 ἁγίων,
626 3019 762 3074 ἀλλὰ
813 3017 994 3089 πολλῷ
1031 3019 1212 3072 πλεῖον
1259 3020 1353 3072 τοῦ
1403 3021 1657 3090 γράφειν,
1712 3023 1806 3074 καὶ
1843 3023 1954 3084 τοῖς

387 3111 501 3181 μεθ’
553 3111 700 3181 ἡμᾶς
729 3109 1071 3175 καταλιπεῖν,
1103 3110 1460 3174 παντοδαπῶς
1508 3112 1826 3182 κατεπᾴδων
1865 3130 1956 3180 φι-
1983 3096 2027 3154 C

387 3200 574 3265 λικῶς,
606 3201 701 3255 καὶ
737 3201 877 3255 κατὰ
923 3202 1204 3273 προκοπὴν
1235 3203 1484 3274 θεότητος
1517 3206 1596 3269 είς
1632 3205 1790 3258 τοῦτο
1818 3206 1956 3276 ἢγα-

387 3291 480 3360 γές
516 3308 582 3362 με
606 3309 622 3322 ’
673 3291 881 3362 μάρτυς
930 3291 1022 3345 ἔσο
1067 3310 1158 3361 μοι
1188 3294 1325 3365 πρὸς
1367 3294 1500 3349 Θεὸν
1533 3293 1652 3365 μεθ’
1693 3296 1814 3349 ὅλου
1862 3295 1958 3349 τοῦ

387 3381 520 3452 βίου,
553 3383 647 3435 καὶ
683 3381 942 3452 περὶτῶν
981 3384 1439 3453 ὑπηγορευμένων
1476 3385 1876 3456 ἐξεταζομένων
1911 3387 1954 3450 ¹,

390 3473 510 3543 ποίᾳ
537 3490 596 3525 τε
626 3473 880 3542 προθέσει
906 3473 1062 3527 τοῦτο
1090 3476 1405 3546 γεγένηται.
1449 3479 1560 3530 Καὶ
1606 3479 1680 3549 πὴ
1736 3480 1832 3547 μὲν
1869 3480 1958 3531 ὲν-

392 3567 742 3635 τυγχάνομεν,
797 3567 872 3631 πὴ
932 3567 986 3619 δὲ
1037 3568 1158 3636 ἦτοι
1211 3568 1509 3640 βιαζόμεθα
1555 3570 1874 3642 βιαιότερον,
1922 3572 1956 3643 ἢ

388 3655 645 3725 δοκοῦμέν
687 3674 735 3709 τι
766 3656 964 3725 λέγειν.
1009 3659 1427 3731 Ἐξιχνεύσαμεν
1464 3661 1523 3715 δὲ
1557 3662 1617 3715 τὸ
1644 3664 1962 3734 γεγραμμέ-

390 3764 473 3799 νον
504 3746 565 3798 οὑ
591 3748 1055 3818 καταφρονοῦντες
1085 3749 1204 3816 τοῦ,
1236 3751 1366 3805 Ὅτε
1389 3752 1588 3822 λέγεις
1611 3754 1742 3821 περὶ
1787 3756 1956 3816 Θεοῦ,

390 3835 559 3902 κρίνῃ
587 3835 705 3889 ὑπὸ
745 3837 912 3904 Θεοῦ,
954 3839 1133 3902 καλῶς
1189 3840 1501 3911 εἰρημένου.
1550 3843 1660 3896 Καὶ
1709 3844 1788 3907 τὸ,
1822 3845 1961 3911 Περὶ

391 3925 537 3979 Θεοῦ
583 3926 682 3979 καὶ
729 3927 960 3997 τάληθῆ
1021 3931 1242 3998 λέγειν,
1285 3931 1569 3999 κίνδυνος
1621 3936 1692 3987 οὐ
1722 3937 1957 4002 μικρός.

403 4017 684 4087 Ἀξιοῦμεν
747 4019 948 4083 τοίνυν,
1004 4022 1125 4073 ἐπεὶ
1177 4022 1342 4092 μηδὲν
1406 4025 1577 4094 χωρὶς
1619 4025 1754 4078 Θεοῦ
1799 4026 1962 4080 καλὸν

391 4104 531 4162 εἶναι
558 4108 802 4175 δύναται,
835 4112 929 4163 καὶ
965 4112 1196 4181 μάλιστα
1227 4115 1410 4186 νόησις
1443 4117 1673 4186 Γραφῶν
1714 4117 1965 4171 θεοπνεύ-

393 4216 554 4263 στων,
588 4201 758 4262 ὅπως,
793 4201 870 4272 τῷ
907 4202 1082 4275 Πατρὶ
1112 4205 1220 4258 τῶν
1252 4205 1387 4258 ὅλων
1434 4207 1552 4278 Θεῷ
1591 4208 1679 4260 διὰ
1722 4209 1815 4262 τοῦ
1849 4211 1963 4265 Σωο

2112 2379 2225 2433 Vll.
2269 2377 2394 2432 Haec
2431 2393 2459 2431 a
2490 2379 2647 2434 nobis
2675 2380 2826 2433 velut
2849 2377 3111 2449 praat'andi
3137 2378 3312 2448 gratia
3354 2380 3630 2448 proposita

2049 2479 2198 2534 sunt,
2248 2471 2340 2539 qui
2399 2471 2450 2523 in
2505 2470 2804 2523 maximum
2850 2479 3150 2533 certamen,
3198 2471 3450 2540 quodque
3489 2471 3632 2528 vires

2049 2573 2266 2618 nostras
2320 2578 2383 2616 ac
2423 2561 2577 2632 531
2616 2563 2932 2617 facultatem
2983 2563 3104 2617 sine
3157 2563 3264 2615 ulla
3295 2562 3634 2620 dubitatione

2052 2666 2278 2726 Superat
2316 2655 2384 2709 ab
2426 2655 2629 2724 ingenti
2679 2663 2797 2718 tuo,
2837 2655 3090 2709 Ambrosi
3128 2654 3212 2708 vir
3253 2657 3630 2719 sanctissime,

2055 2763 2185 2817 erga
2219 2747 2429 2800 litteras
2468 2745 2651 2800 studio
2683 2745 2942 2800 concitati
2983 2745 3208 2812 fuimus,
3232 2753 3286 2801 et
3316 2755 3376 2801 ut
3412 2747 3467 2801 in
3499 2748 3632 2803 illud

2053 2839 2514 2893 descenderemus
2571 2837 2909 2891 humanitate
2963 2845 3056 2891 tua
3131 2853 3192 2892 ac
3263 2837 3634 2894 moderatione

2048 2930 2318 3005 perpulsi.
2352 2927 2805 2998 Quandoquidem
2839 2930 2931 2983 diu
2970 2943 3075 2990 me,
3103 2937 3379 2999 comperta
3404 2929 3633 2999 periculi

2057 3021 2459 3092 magnitudine,
2488 3033 2854 3085 recusantem,
2893 3037 3002 3074 non
3042 3021 3204 3075 modo
3245 3021 3527 3091 disputare
3565 3022 3633 3078 de

2058 3118 2232 3172 sacris
2277 3115 2534 3179 Litteris,
2599 3118 2780 3170 sedet
2823 3116 2995 3168 multo
3038 3115 3210 3183 magis
3262 3114 3522 3177 scribere,
3573 3130 3637 3169 ac

2059 3207 2294 3278 posteris
2329 3206 2663 3275 relinquere,
2715 3203 2889 3258 modis
2938 3203 3194 3257 omnibus
3248 3211 3412 3271 atque
3449 3202 3635 3256 illece-

2059 3297 2176 3352 bris
2217 3296 2552 3359 demulsisti,
2600 3301 2654 3350 et
2697 3293 2764 3347 ad
2810 3294 2912 3347 hoc
2958 3293 3286 3362 quibusdam
3334 3291 3638 3348 divinitati

2059 3385 2540 3456 progressionibus
2593 3381 2890 3437 adduxisti.
2947 3381 3027 3434 Tu
3083 3382 3248 3451 igitur
3290 3381 3446 3436 testis
3500 3381 3637 3436 mihi

2059 3477 2200 3547 apud
2227 3477 2398 3533 Deum
2427 3476 2560 3539 eris,
2606 3483 2721 3536 tum
2755 3489 2881 3528 cum
2915 3474 2981 3529 de
3015 3473 3128 3526 vita
3171 3487 3289 3526 mea
3323 3488 3385 3527 ac
3416 3473 3639 3543 scriptis

2059 3567 2318 3637 inquiret,
2353 3581 2593 3636 quonam
2620 3565 2789 3620 animi
2809 3565 3041 3620 consilio
3069 3564 3141 3619 sit
3173 3564 3303 3618 illud
3327 3577 3356 3617 a
3396 3580 3483 3619 me
3509 3580 3638 3618 sus-

2061 3666 2302 3728 ceptum.
2365 3657 2446 3711 Ac
2480 3671 2871 3726 nonnunquam
2911 3655 3133 3725 quidem
3165 3655 3446 3709 veritatem
3488 3670 3641 3710 asse-

2067 3748 2310 3818 quimur,
2340 3761 2736 3816 nonnunquam
2769 3754 2864 3799 aut.
2888 3745 3182 3800 violentius
3207 3745 3639 3815 perrumpimus,

2062 3846 2158 3892 aut
2190 3839 2375 3894 dicere
2418 3839 2624 3908 aliquid
2657 3838 2927 3892 videmur.
2976 3835 3149 3891 Porro
3178 3836 3324 3906 quod
3374 3836 3639 3904 scriptmn

2061 3936 2146 3984 est
2175 3928 2583 3998 vestigavimus,
2618 3943 2728 3982 non
2771 3928 2845 3982 ita
2884 3935 2943 3980 ut
2972 3927 3233 3998 praeclare
3266 3924 3400 3979 illud
3430 3926 3642 3979 dictum

2064 4028 2536 4075 contemneremus
2569 4038 2582 4072 :
2615 4019 2744 4073 Cum
2784 4019 2848 4072 de
2883 4019 2993 4073 Deo
3027 4018 3186 4082 dicis,
3227 4035 3261 4072 a
3303 4017 3413 4072 Deo
3427 4017 3642 4086 judica-

2064 4112 2160 4165 ris.
2191 4111 2318 4165 Item
2350 4110 2482 4166 illud
2513 4129 2525 4164 :
2559 4109 2636 4164 De
2666 4111 2772 4164 Deo
2803 4111 2962 4164 etiam
3001 4127 3120 4164 vera
3155 4110 3344 4175 dicere,
3402 4126 3506 4164 non
3537 4124 3642 4162 me-

2065 4201 2240 4255 diocre
2279 4202 2568 4269 periculum
2616 4211 2715 4256 est.
2775 4200 3140 4266 Quamobrem
3175 4216 3298 4255 cum
3339 4201 3476 4254 nihil
3525 4200 3645 4254 sine

391 4291 553 4361 τῆρος
589 4291 746 4362 ἡμῶν
776 4293 869 4344 καὶ
900 4293 1224 4367 ἀρχιερέως,
1273 4296 1535 4367 γεννητοῦ
1579 4297 1714 4351 Θεοῦ
1749 4298 1956 4369 προσιέ-

2069 4292 2181 4348 Deo
2236 4309 2360 4349 esse
2397 4294 2568 4363 possit
2619 4293 2918 4362 egregium,
2980 4291 3393 4361 praesertimque
3431 4291 3642 4347 divina-

390 4396 496 4444 ναι,
551 4381 793 4451 αἰτήσεις
834 4379 1049 4451 δοθῆναι
1088 4383 1219 4452 ἡμῖν
1268 4383 1483 4453 πρῶτον
1539 4382 1720 4446 καλῶς
1759 4383 1962 4452 ζητεῖν.

401 4468 708 4524 Ἐπίκειται
756 4470 864 4542 γὰρ
897 4473 1009 4536 τοῖς
1060 4472 1312 4544 ζητοῦσιν
1340 4474 1643 4544 ἐπαγγελία
1688 4475 1782 4528 τοῦ
1821 4475 1967 4547 εὑρί-

394 4578 542 4615 σκειν
568 4579 580 4591 ⁸
619 4563 760 4632 τάχα
795 4562 914 4616 οὐδὲ
952 4561 1048 4634 τὴν
1094 4565 1268 4634 ἀρχὴν
1303 4567 1383 4628 είς
1427 4565 1724 4636 ζητοῦντας
1754 4565 1966 4633 λογιζο-

399 4654 574 4726 μένων
608 4654 760 4725 παρὰ
779 4653 898 4724 Θεῷ
929 4654 1039 4706 τῶν
1067 4657 1166 4726 οὐχ
1199 4655 1304 4726 ὁδῷ
1338 4658 1429 4710 ἐπὶ
1457 4656 1616 4711 τοῦτο
1647 4657 1962 4728 προϊόντων.

394 4746 546 4810 Ἕως
569 4739 685 4798 ὦδε
724 4743 796 4797 τὰ
818 4746 933 4799 ἀπὸ
968 4745 1324 4814 Ὠριγένους.

2069 4397 2190 4436 rum
2227 4381 2553 4437 Litterarum
2601 4380 2989 4450 intelligentia;
3035 4380 3132 4433 abs
3167 4387 3220 4433 te
3269 4378 3432 4432 etiam
3475 4384 3642 4445 atque

2072 4475 2238 4529 etiam
2290 4473 2545 4544 petimus,
2591 4479 2652 4526 ut
2699 4470 2980 4540 parehtcm
3030 4470 3273 4524 omnium
3323 4468 3490 4523 Deum
3549 4483 3642 4537 per

2077 4565 2412 4620 Salvatorem
2441 4572 2688 4618 nostrum
2722 4577 2786 4617 ac
2824 4562 3157 4633 pontiﬁcem,
3198 4562 3440 4632 genitura
3473 4559 3642 4614 Deum

2071 4659 2364 4714 obsecrare
2404 4657 2562 4718 velis,
2597 4656 2762 4725 idque
2811 4655 2879 4707 ab
2911 4669 2977 4708 eo
3019 4653 3176 4708 nobis
3221 4655 3536 4722 impetrare,
3585 4657 3642 4704 ut

2071 4748 2342 4819 imprimis
2405 4755 2554 4801 recte
2615 4761 2860 4816 quaerere
2908 4745 3201 4815 possimus.
3265 4743 3644 4808 Quaerentibus

397 4837 539 4891 enim
576 4839 856 4907 proposita
890 4849 974 4894 est
1015 4841 1339 4910 assequendi
1385 4842 1700 4910 promissio.
1751 4842 1826 4895 Ac
1871 4841 2062 4896 nescio
2092 4855 2161 4894 an
2189 4839 2284 4910 qui
2315 4838 2383 4893 ad
2435 4838 2567 4892 illud
2621 4838 2708 4892 via
2765 4853 2830 4891 ac
2874 4839 3086 4891 ratione
3145 4836 3370 4890 minime
3408 4846 3643 4890 conten-

397 4929 554 4992 dunt,
595 4930 738 4983 inter
777 4945 873 4986 eos
903 4932 994 5000 qui
1033 4941 1286 5000 quarunt
1325 4933 1468 5002 apud
1502 4930 1668 4987 Deum
1720 4948 1827 4986 non
1870 4933 2194 4988 habeantur.
2227 4929 2495 4984 Hactenus
2530 4929 2772 4999 Origenis
2805 4928 2979 4981 verba.

467 5019 550 5078 H'.
602 5022 768 5093 Ἀρχή
807 5039 895 5092 μοι
923 5024 1101 5092 λέγειν
1136 5026 1277 5097 πρὸς
1312 5027 1404 5078 τὸν
1444 5025 1730 5096 κομπώδη,
1759 5027 1854 5079 καὶ
1879 5026 1959 5078 δος

2135 5023 2270 5077 Vill.
2325 5023 2604 5076 Adversus
2644 5030 2989 5090 arrogantem
3039 5017 3184 5072 hunc
3235 5017 3535 5082 hominem,
3593 5027 3644 5069 et

395 5116 555 5185 κήσει
603 5115 783 5181 σοφὸν,
834 5117 928 5170 καὶ
959 5118 1255 5189 ὲρευνητὴν
1285 5119 1390 5172 τῶν
1421 5120 1820 5190 ἁνερευνήτων,
1875 5121 1956 5172 καί

2063 5116 2319 5184 opinione
2373 5114 2458 5168 sui
2500 5114 2771 5175 innatum,
2816 5125 3114 5178 eorumque
3176 5123 3294 5177 quae
3332 5107 3658 5175 investigari

397 5207 730 5279 ὲκϐιϐαστὴν
773 5210 878 5263 τῶν
918 5213 1275 5283 ἐπουρανίων,
1318 5213 1528 5266 τουτονί⁸
1574 5213 1664 5267 τὸν
1704 5212 1968 5284 φλυαρίας

399 5298 755 5370 ἐμπλήσαντα
784 5298 872 5351 τὸν
923 5298 1058 5369 βίον,
1085 5300 1160 5362 ὡς
1189 5301 1284 5353 καὶ
1319 5302 1348 5352 ὁ
1374 5301 1636 5369 κρείττων
1662 5299 1817 5369 ἡμῶν
1849 5298 1968 5351 κατ’

398 5389 564 5443 αὑτοῦ
597 5390 805 5461 εἴρηκε,
844 5391 1057 5461 πρῶτον
1092 5392 1218 5462 περὶ
1249 5391 1504 5460 γεννητοῦ
1534 5389 1687 5443 Θεοῦ.
1737 5390 1845 5442 Καὶ
1886 5391 1965 5441 ὅτι

405 5481 503 5550 μὲν
533 5481 807 5550 ὁμολεξίαι
835 5497 891 5533 τε
929 5481 1020 5534 καὶ
1047 5482 1359 5552 ὁμωνυμίαι
1407 5479 1598 5533 πολλαὶ
1645 5482 1702 5533 ὲν
1749 5480 1825 5550 τῷ
1869 5480 1968 5552 βίῳ

401 5575 527 5637 εἰσὶ,
563 5575 740 5644 πάντη
771 5573 928 5627 τοῦτο
957 5574 1113 5653 δῆλόν
1147 5577 1282 5628 ἐστι.
1320 5575 1428 5627 Καὶ
1462 5575 1510 5624 εί
1547 5573 1645 5644 μὲν
1677 5573 1780 5626 ὑπὸ
1807 5573 1964 5626 ἄλλου

487 5733 504 5764 ⁸
535 5731 594 5789 F.
627 5731 1015 5802 ἐξεταζομένῳ.
1095 5734 1114 5762 ¹
1150 5733 1250 5787 Isa.
1288 5747 1435 5798 xxix,
1471 5731 1676 5796 Η,1⁶2.

2065 5213 2369 5274 nequeunt,
2419 5211 2808 5260 scrutatorem.
2853 5200 2946 5268 qui
3005 5198 3175 5252 castos
3216 5199 3365 5268 ipsos
3420 5205 3644 5266 praeter-

2067 5313 2290 5367 gressus
2321 5307 2440 5361 est,
2483 5297 2687 5364 quique
2719 5293 3058 5363 ineptissima
3093 5289 3420 5359 loquacitate
3457 5287 3646 5340 orbem

2074 5397 2341 5444 terrarum
2366 5389 2630 5459 implevit,
2657 5383 3114 5457 quemadmodum
3147 5384 3303 5453 longe
3327 5380 3484 5435 nobis
3508 5393 3643 5447 prae-

2074 5470 2307 5536 stantior
2333 5481 2476 5535 alius
2505 5480 2559 5534 in
2597 5480 2747 5532 illum
2783 5488 2943 5532 antea
2975 5477 3133 5540 dixit,
3164 5475 3337 5545 prima
3369 5472 3436 5528 de
3457 5472 3646 5543 genito

2072 5573 2182 5629 Deo
2223 5572 2510 5627 tractanda
2559 5570 2860 5639 disputatio
2892 5576 2996 5624 est.
3035 5567 3092 5622 In
3123 5580 3234 5638 quo
3277 5563 3412 5620 illud
3458 5565 3644 5620 obser-

1757 5733 1774 5762 ³
1805 5729 1937 5787 Luc.
1979 5745 2055 5800 ιι,
2086 5732 2174 5786 52.
