4082 6394
480 267 611 317 1083

1902 285 1959 339 S.
2003 284 2342 341 ΕΡΙΡΙΙΛΝΙΙ

3604 290 3761 347 1084

481 374 711 429 randum
752 393 857 441 est.
890 376 1322 455 quamplurimas
1369 390 1422 442 in
1479 392 1715 447 humana
1760 408 2040 452 consuetu-

2162 402 2194 471 ἡ
2228 400 2370 465 λέξις
2396 401 2632 471 ἐλέγετο,
2662 398 2728 472 ἦν
2758 404 2952 466 εἰπεῖν,
2994 405 3076 456 ὅτι
3110 402 3251 456 κατὰ
3293 403 3458 474 ὀρθὴν
3500 402 3756 457 διάνοιαι

482 468 600 524 line
639 470 1027 531 similitudines
1056 493 1247 531 vocum
1285 487 1338 533 et
1384 480 1764 555 homonymias
1803 505 1962 557 esse;
2002 491 2055 544 id

479 562 615 629 quod
660 564 936 629 omnibus,
993 568 1207 638 opinor,
1250 580 1339 627 est
1373 575 1744 632 manifestum.
1781 581 1858 635 Ac
1893 582 1937 635 si
1986 583 2055 638 ab

476 648 580 701 alio
612 652 869 720 quopiam
920 658 1249 713 vocabulum
1294 661 1425 714 illud
1475 681 1853 736 usurparetur,
1905 682 2054 726 recto

473 752 534 792 ac
580 743 797 797 sincero
855 747 1037 799 animo
1091 753 1502 819 pronuntiatum
1560 774 1681 812 esse
1729 762 2050 818 existimare

476 844 776 898 possemus.
818 836 976 891 Nunc
1019 856 1141 894 cum
1191 845 1245 897 in
1290 846 1414 901 aliis
1451 848 1725 919 plerisque
1780 854 1914 909 locis
1962 855 2055 910 de-

475 925 895 992 prehendamus,
933 933 1269 1003 unigenitum
1324 936 1490 992 Deum
1523 956 1550 992 a
1580 952 1801 1012 paterna
1854 946 2052 1001 divini-

476 1020 582 1068 tate
613 1023 775 1085 atque
806 1020 1112 1075 substantia
1145 1027 1213 1078 ab
1242 1028 1430 1082 eodem
1468 1041 1697 1088 auctore
1756 1038 2050 1107 segregari,

472 1121 683 1160 necnon
707 1117 760 1163 et
779 1111 1041 1179 Spiritum
1061 1126 1335 1183 sanctum,
1362 1134 1647 1194 propterea
1667 1130 1912 1199 γενητόν,
1949 1133 2051 1185 hoc

471 1207 554 1251 est
584 1203 895 1258 productum
950 1204 1139 1274 Deum,
1194 1209 1402 1267 idcirco
1433 1216 1637 1271 dixisse
1680 1219 1833 1273 illum
1892 1236 2053 1291 appa-

472 1295 572 1348 ret,
620 1291 762 1357 quod
803 1303 1048 1349 creatum
1099 1307 1386 1356 statueret.
1431 1302 1589 1369 Quod
1635 1309 1779 1362 enim
1820 1313 2050 1380 argutiis

472 1378 868 1438 circumvenire
904 1402 1001 1441 nos
1033 1389 1147 1443 suis
1194 1406 1257 1445 ac
1298 1394 1479 1448 dicere
1529 1400 1779 1453 nonnulli
1824 1404 2047 1467 volunt,

473 1464 614 1520 idem
637 1484 757 1525 esse
793 1477 1018 1546 γενητόν
1044 1493 1166 1531 cum
1192 1483 1452 1555 γεννητῷ,
1484 1486 1642 1559 532
1668 1505 1787 1543 cum
1835 1492 1901 1546 de
1943 1464 2051 1547 Deo

472 1559 671 1627 agitur,
737 1581 1079 1638 nequaquam
1141 1575 1470 1631 audiendum
1528 1595 1642 1643 est,
1696 1584 1789 1637 sed
1848 1588 2049 1641 creatis

472 1648 730 1708 duntaxat
771 1657 823 1710 in
863 1662 1045 1716 rebus.
1085 1664 1241 1719 Aliud
1300 1670 1442 1723 enim
1492 1682 1574 1725 est
1618 1677 1863 1747 γενητόν,
1901 1680 2047 1731 aliud

2160 492 2257 546 καὶ
2288 493 2445 547 τοῦτο
2473 496 2684 565 εἴρηται
2706 511 2717 524 ·
2754 495 2917 548 ὁπότε
2951 495 3008 547 δὲ
3045 497 3103 547 ἐν
3132 495 3347 558 πολλοῖς
3367 493 3554 557 τόποις
3580 492 3755 562 εὖροι

2160 604 2259 657 μεν
2309 586 2470 640 αὑτὸν
2495 587 2585 639 τὸν
2633 589 2895 658 μονογενῆ
2948 588 3083 640 Θεὸν
3134 586 3595 657 ἁπαλλοτριοῦντα
3642 586 3753 654 τῆς
3798 612 3801 615 ·

2154 679 2248 732 τοῦ
2281 680 2493 751 Πατρὸς
2537 680 2790 751 θεότητός
2816 698 2876 733 τε
2908 681 3002 733 καὶ
3048 679 3253 742 οὐσίας,
3286 678 3421 748 ὁμοῦ
3448 694 3506 729 τε
3550 678 3647 731 καὶ
3686 676 3748 730 τὸ

2156 772 2379 842 Πνεῦμα
2407 772 2470 825 τὸ
2518 773 2694 839 ἆγιον,
2740 773 2929 826 τούτου
2979 772 3138 843 χάριν
3187 772 3248 824 τὸ
3292 773 3311 801 ⁵
3343 770 3567 839 γενητὸν
3605 767 3749 821 Θεὸν
3796 798 3799 799 ν

2156 862 2437 932 εἰρηκέναι
2467 863 2629 915 αὑτὸν
2681 864 2853 931 σαφές
2889 865 3057 926 ἐστιν,
3096 864 3180 915 ὅτι
3230 861 3445 914 κτιστὸν
3474 860 3745 931 ὁρίζεται.

2166 955 2258 1017 Ὠς
2328 956 2436 1026 γάρ
2485 973 2632 1018 τινες
2684 957 2831 1027 ἡμᾶς
2884 955 3163 1025 βούλονται
3224 952 3334 1024 (50)
3401 951 3745 1020 σοφίζεσθαι,

2155 1046 2249 1097 καὶ
2291 1045 2471 1113 λέγειν
2526 1048 2641 1099 ἴσον
2687 1047 2746 1099 τὸ
2795 1046 3020 1115 γενητὸν
3069 1042 3206 1098 εἶναι
3251 1044 3328 1115 τῷ
3374 1042 3641 1112 γεννητῷ,
3680 1042 3748 1093 οὐ

2154 1137 2526 1207 παραδεκτέον
2578 1138 2635 1190 δὲ
2684 1137 2777 1190 ἐπὶ⁵
2826 1136 2959 1190 Θεοῦ
3015 1136 3229 1204 λέγειν,
3282 1134 3395 1188 ἀλλ’
3447 1134 3479 1203 ἢ
3530 1134 3624 1185 ἐπὶ
3674 1130 3751 1183 τὰ

2154 1229 2429 1299 κτίσματα
2486 1230 2666 1300 μόνον.
2721 1230 2948 1299 Ἕτερον
3002 1230 3112 1299 γάρ
3162 1230 3277 1280 ἐστι
3332 1226 3595 1296 γενητὸν,
3644 1223 3751 1275 καὶ

2152 1321 2340 1390 ἕτερον
2362 1322 2637 1391 γεννητόν.
2672 1322 2745 1374 Τὸ
2776 1321 2904 1390 γοῦν
2936 1321 3063 1391 παρ’
3098 1319 3263 1373 αὑτοῦ
3298 1319 3458 1388 ῥηθὲν
3496 1320 3613 1385 ἤτοι
3646 1332 3753 1383 γε-

2152 1411 2313 1481 νητὸν
2370 1409 2539 1473 Θεὸν,
2604 1411 2820 1480 πρῶτον
2880 1409 3206 1479 ἐρωτῶμεν,
3271 1408 3441 1468 ποίοις
3503 1405 3751 1475 τρόποις

2152 1506 2396 1559 ἔκτισται
2427 1508 2454 1558 6
2494 1504 2641 1575 παρὰ
2679 1504 2761 1557 σοὶ
2790 1503 2876 1557 διὰ
2905 1503 3003 1573 τῆς
3031 1501 3228 1567 λέξεως
3260 1500 3463 1568 ταύτης
3491 1495 3755 1566 τιμῶμε-

2152 1613 2235 1657 νος
2266 1596 2429 1658 Θεό;;
2492 1593 2614 1656 Πῶς
2646 1594 2701 1647 δὲ
2740 1592 2819 1645 ἔτι
2860 1590 3231 1661 προσκυνητὸς
3276 1589 3447 1650 ἔσται,
3491 1588 3539 1638 εἰ
3580 1586 3752 1637 ἔσται

2159 1687 2409 1756 ποιητόςς
2458 1685 2656 1753 ’Λςρελε
2686 1683 2793 1754 γὰρ
2818 1684 2915 1754 τὴν
2954 1682 3159 1752 μέμψιν
3190 1680 3289 1750 τὴν
3317 1679 3466 1748 παρὰ
3489 1675 3566 1745 τῷ
3591 1676 3749 1743 ἁγίῳ

472 1748 744 1849 γεννητόν.
798 1752 950 1814 Quod
1010 1756 1175 1823 igitur
1234 1759 1303 1813 ab
1347 1776 1413 1815 eo
1440 1764 1642 1816 dictum
1679 1777 1760 1819 est
1809 1769 2033 1838 γενητόν

2173 1748 2479 1847 nionem
2537 1748 2629 1830 ἐπὶ
2691 1748 2805 1838 rei;
3017 1748 3190 1826 κτίσιν
3233 1748 3578 1837 θεολογοῦσι·
3636 1768 3747 1819 καὶ

471 1830 577 1887 hoc
628 1845 711 1891 est
752 1846 1063 1905 productum
1123 1847 1289 1903 Deum
1344 1851 1578 1919 primum
1634 1855 1763 1908 illud
1809 1830 2054 1911 sciscite:

469 1939 614 1981 mur.
664 1928 894 1995 Quinam
947 1937 1120 1989 creari
1156 1942 1331 2006 potuit
1376 1943 1442 2008 is,
1487 1946 1579 2013 qui
1621 1962 1650 1996 a
1695 1954 1745 2000 te
1784 1944 2053 2015 ejusmodi

472 2017 750 2072 vocabulo
781 2019 1007 2076 honoris
1038 2038 1202 2079 causa
1244 2028 1476 2084 allicitur
1502 2032 1688 2088 Deus?
1726 2036 2054 2093 Adorandus

469 2120 601 2160 vero
647 2111 921 2177 quomodo
967 2113 1183 2169 tandem
1236 2120 1361 2186 erit,
1419 2121 1462 2175 si
1513 2121 1690 2179 lactus
1746 2127 1867 2181 est?
1918 2126 2053 2181 Volo

466 2200 611 2251 enim
645 2200 789 2253 illam
821 2202 1070 2273 Apostoli
1098 2210 1584 2277 reprehensionem
1613 2232 1919 2283 removeas,
1940 2237 2048 2290 qua

467 2304 562 2344 eos
611 2294 963 2363 prosequitur
991 2299 1083 2366 qui
1119 2303 1317 2357 creatis
1366 2306 1529 2360 rebus
1558 2308 1900 2363 divinitatem
1949 2311 2045 2364 tri—

467 2384 696 2439 buerent
726 2388 763 2440 ¹.
794 2390 871 2441 Ac
910 2390 1068 2443 talem
1102 2394 1233 2447 milii
1282 2394 1450 2449 Deum
1488 2400 1730 2453 exhiberi
1760 2404 1899 2465 volo.
1952 2407 2045 2475 qui

466 2480 785 2538 adoratione
815 2484 1015 2553 dignus
1045 2488 1115 2541 sit
1154 2490 1289 2556 :qui
1338 2489 1478 2543 idem
1525 2502 1670 2546 recta
1725 2496 2047 2568 sinceraque

465 2572 591 2637 ﬁde,
638 2590 758 2645 qua:
800 2579 1019 2647 quidem
1061 2580 1306 2634 Creatori
1357 2581 1480 2644 soli,
1530 2599 1639 2637 non
1682 2586 1807 2640 item
1845 2592 2045 2645 creatis

464 2668 536 2722 ab
579 2670 674 2723 illo
724 2671 888 2726 rebus
936 2673 1312 2728 adorationem
1357 2674 1620 2745 impertit,
1666 2690 1884 2736 creatus
1945 2684 2044 2737 ali-

464 2762 687 2829 quando
733 2774 1045 2819 censeatur.
1099 2763 1215 2821 Hoc
1266 2767 1312 2821 si
1355 2768 1733 2826 demonstrare
1776 2778 2041 2844 potueris,

463 2860 580 2906 tum
645 2854 862 2910 demum
928 2859 1161 2917 mendax
1216 2859 1352 2914 illud
1422 2872 1576 2917 tuum
1632 2866 2042 2939 conﬁctumque

2160 1870 2338 1933 ἐπίδος
2384 1887 2471 1940 μοι
2518 1866 2649 1920 Θεὸν
2689 1864 3161 1936 προσκυνούμενον
3204 1862 3418 1915 κτιστὸν
3444 1858 3588 1913 κατὰ
3625 1858 3747 1928 τὴν

2157 1963 2352 2032 εὐσεϐῆ
2415 1962 2614 2023 πίστιν,
2670 1959 2769 2029 τὴν
2819 1958 3019 2028 μηκέτι
3074 1956 3248 2009 κτίσει
3299 1949 3743 2021 προσκυνοῦσαν,

2156 2052 2291 2106 ἀλλὰ
2324 2052 2401 2121 τῷ
2447 2051 2722 2103 κτίσαντι·
2778 2048 2873 2100 καὶ
2917 2048 3063 2099 ἔσται
3110 2044 3261 2115 παρὰ
3310 2042 3391 2094 σοὶ
3437 2039 3655 2105 εὔλογος
3701 2039 3741 2107 ἡ

2153 2143 2245 2198 τοῦ
2286 2142 2700 2213 πεπλανημένου
2732 2159 2824 2195 σου
2873 2141 3030 2207 λόγου
3065 2137 3171 2191 ἀπὸ
3209 2137 3309 2205 τῆς
3330 2135 3438 2188 τῶν
3468 2131 3742 2199 Πατέρων

2151 2234 2429 2297 εὐσεϐείας
2478 2233 2789 2287 ἀκολουθία.
2853 2232 3011 2284 Ἀλλὰ
3060 2232 3121 2283 οὐ
3163 2228 3268 2299 μὴν
3312 2226 3530 2279 δύνασαι
3570 2222 3743 2275 τοῦτο

2152 2327 2520 2397 παραστῆσαι.
2559 2326 2620 2377 El
2666 2325 2723 2377 δὲ
2763 2326 2856 2376 καὶ
2898 2322 3130 2392 ἐτόλμας
3174 2317 3509 2386 ἀποσυλῆσαὶ
3539 2314 3735 2375 ποθεν,

2150 2419 2244 2471 κα)¹
2276 2417 2584 2487 βιάσασθαι,
2621 2416 2740 2468 οὐδὲ
2788 2417 2846 2467 ἐν
2881 2413 3056 2481 τούτῳ
3084 2411 3176 2463 τὸν
3217 2409 3435 2476 εὖλογον
3468 2404 3738 2473 λογισμὸν

2146 2508 2257 2561 τῶν
2293 2507 2560 2561 Θεοσεῦῶν
2590 2504 3085 2577 παρεκτρέπεινεῑς
3107 2501 3373 2570 τοσαύτην
3397 2496 3733 2565 φαυλότζηταν

2146 2592 2462 2668 ὧθεήλατε.
2509 2596 2888 2666 Ἀντιμάχεται
2918 2594 3024 2665 γάρ
3062 2609 3144 2644 σοι
3201 2591 3292 2644 καὶ
3342 2588 3403 2641 τὸ
3449 2587 3733 2657 φρόνημα,

2147 2689 2239 2743 καὶ
2281 2691 2310 2741 ό
2350 2688 2539 2761 λόγος,
2578 2687 2690 2739 Πᾶν
2734 2683 2843 2756 γὰρ
2872 2684 2933 2736 τὸ
2974 2682 3189 2735 κτιστὸν
3228 2680 3289 2733 οὐ
3330 2675 3735 2745 προσκυνητὸν,

2142 2782 2218 2844 ὡς
2266 2781 2421 2851 ἔφην,
2466 2780 2528 2832 El
2574 2778 2630 2831 δὲ
2686 2778 2821 2839 ὅλως
2880 2773 3253 2847 προσκυνητὸν
3300 2769 3509 2824 πολλῶν
3552 2766 3745 2822 ἄλλων

2144 2872 2500 2943 ὑπαρχόντων
2527 2869 2782 2929 κτιστῶν,
2836 2868 2989 2920 οὐδὲν
3033 2866 3097 2918 ἂν
3127 2864 3315 2917 διοίσει
3359 2861 3420 2913 τὸ
3462 2859 3734 2927 καὶήμᾶς

461 2945 654 3017 dogma
703 2949 900 3003 rationi
950 2961 1400 3017 consentaneum,
1448 2971 1548 3009 nec
1588 2958 1656 3011 ab
1689 2959 2039 3028 antiquorum

2146 2963 2285 3034 μετὰ
2326 2962 2420 3015 τοῦ
2455 2963 2575 3025 ἐνὸς
2621 2959 2841 3014 κτιστοῦ
2872 2958 2940 3011 τὰ
2967 2957 3062 3010 ὅλα
3102 2954 3429 3027 προσκυνεῖν
3469 2949 3741 3002 σύνδουλα

461 3035 685 3094 Patrum
714 3042 914 3111 pietate
948 3045 1184 3100 alienum
1206 3060 1327 3099 esse
1350 3046 1644 3104 videbitur.
1674 3048 1877 3106 Verum
1903 3069 2037 3111 nun-

2145 3052 2295 3117 ὖντα,
2332 3051 2427 3105 καὶ
2452 3053 2517 3122 τῇ
2542 3051 2677 3120 αὺτῇ
2711 3049 2901 3119 ἀγωγῇ
2935 3047 3034 3117 τῆς
3071 3043 3367 3115 ὀνομασίας
3400 3042 3727 3093 ὑποπεπτωο

460 3148 624 3202 quam
670 3134 800 3188 illud
842 3136 1003 3191 nobis
1052 3139 1337 3195 ostendes.
1387 3143 1468 3195 Ac
1518 3144 1731 3198 tametsi
1776 3144 2043 3199 interver-
2070 3116 2112 3172 (δ
2148 3145 2301 3198 κότα.
3570 3229 3601 3239 η
3648 3228 3660 3238 ⁸

459 3236 577 3284 tere
606 3230 852 3299 quzedam
892 3241 945 3287 et
979 3233 1046 3287 ad
1096 3241 1244 3288 tuam
1283 3237 1606 3291 sententiam
1634 3254 1918 3308 perperam
1949 3240 2366 3295 accommodare
2393 3254 2563 3295 ausus
2598 3237 2795 3303 fueris,
2824 3251 2934 3290 non
2965 3236 3020 3289 in
3083 3233 3189 3288 hoc
3251 3239 3435 3285 tamen
3508 3229 3722 3298 religio-

458 3336 645 3378 sorum
684 3327 1034 3395 conjunctam
1082 3344 1207 3383 cum
1252 3340 1400 3385 recta
1438 3333 1649 3387 ratione
1699 3335 2030 3390 sententiam
2060 3336 2128 3390 ad
2177 3342 2385 3390 tantam
2444 3335 2789 3405 pravitatem,
2843 3329 3128 3384 hominum
3169 3324 3578 3425 furiosus-inim.
3622 3322 3722 3425 de:

459 3422 714 3485 torquere
743 3417 965 3486 poteris.
1002 3415 1135 3471 Nam
1190 3428 1243 3473 et
1273 3435 1470 3475 sensus
1534 3422 1631 3475 tibi
1695 3424 2022 3497 refragatur,
2066 3435 2121 3481 et
2162 3427 2323 3480 ratio.
2367 3425 2579 3481 Etenim
2625 3420 2894 3494 quidquid
2931 3428 3181 3474 creatum
3216 3426 3322 3483 est,
3365 3415 3603 3474 adorari,
3666 3420 3737 3466 ut

458 3509 594 3569 dixi.
620 3527 729 3565 non
776 3520 972 3581 potest.
1022 3511 1119 3567 Sin
1169 3511 1490 3572 adoratione
1536 3519 1757 3589 dignum
1804 3523 2029 3577 omnino
2068 3523 2307 3589 videtur,
2343 3540 2468 3579 cum
2510 3523 2617 3576 alia
2648 3518 3053 3592 quamplurima
3103 3523 3288 3570 creata
3335 3515 3478 3579 sint,
3542 3511 3726 3581 profe-

457 3614 549 3659 cto
586 3605 720 3659 nihil
753 3611 998 3672 interest,
1066 3609 1199 3679 quin
1236 3620 1291 3665 et
1310 3612 1419 3667 ’nos
1453 3628 1578 3667 cum
1612 3614 1775 3670 unico
1818 3625 2069 3673 creatore
2140 3626 2342 3674 caatera
2395 3622 2687 3677 adoremus
2739 3621 2956 3686 omnia,
3014 3633 3136 3689 qua!
3190 3614 3375 3673 servili
3438 3609 3722 3669 nobiscum

368 3679 383 3697 ’
456 3699 768 3756 conditione
794 3702 1089 3774 eademque
1111 3706 1348 3763 nominis
1375 3710 1584 3765 ratione
1611 3712 1979 3768 continentur.

532 3790 620 3844 IX.
663 3792 774 3862 Age
828 3810 956 3848 vero
994 3796 1275 3854 videamus
1324 3800 1378 3853 in
1427 3810 1667 3871 quatuor
1700 3802 2029 3876 Evangeliis,

2202 3802 2278 3855 6'-
2342 3795 2570 3873 Ἰὁωμεν
2623 3801 2679 3854 δὲ
2721 3800 2811 3855 διὰ
2865 3801 2973 3855 τῶν
3026 3805 3309 3872 τεσσάρων
3352 3799 3715 3868 Εὑαγγελίων.

456 3885 661 3955 quibus
711 3885 875 3938 vitam
920 3901 1135 3943 omnem
1189 3900 1437 3946 nostram
1496 3892 1727 3949 Verbum
1773 3895 1917 3953 Deus
1969 3898 2036 3952 ad

458 3992 562 4032 nos
582 3980 807 4031 veniens
855 3978 1227 4036 administrari
1266 3985 1460 4051 voluit,
1512 3988 1750 4041 nuncubi
1785 3988 2038 4045 Christus

460 4068 537 4123 ita
572 4070 789 4124 locutus
839 4072 911 4126 sit
940 4090 954 4126 :
986 4071 1125 4127 Deus
1169 4092 1249 4128 me
1297 4080 1517 4143 creavit,
1548 4080 1653 4143 vel,
1702 4080 1863 4135 Pater
1892 4099 2036 4137 meus

456 4158 652 4212 creavit
708 4174 806 4212 me.
867 4160 975 4213 Aut
1032 4170 1217 4217 utrum
1280 4162 1443 4219 Pater
1510 4168 1564 4219 in
1616 4167 1727 4221 ullo
1797 4184 2036 4237 unquam

458 4246 752 4321 Evangelio
798 4254 1274 4320 pronuntiaverit:
1315 4255 1427 4327 Ego
1477 4262 1648 4313 εγεαυὶ
1708 4257 1933 4325 Filium,
1986 4273 2036 4315 et

457 4341 583 4395 misi
630 4342 699 4396 ad
751 4360 861 4399 vos.
898 4343 1003 4399 Sed
1037 4344 1106 4400 de
1142 4346 1228 4401 his
1260 4347 1547 4403 hactenus.
1591 4349 1726 4405 Nam
1776 4351 1923 4422 quod
1967 4354 2036 4407 ad

458 4435 777 4489 testimonia
810 4436 1065 4505 pertinet,
1116 4452 1216 4493 nos
1245 4443 1647 4511 quamplurima
1676 4459 1818 4514 saepe
1844 4445 2037 4500 adver-

2131 3894 2198 3946 δι’
2226 3886 2300 3946 ὧν
2332 3892 2427 3963 τὴν
2476 3894 2656 3946 πᾶσαν
2701 3893 2856 3965 ἡμῶν
2904 3892 3049 3965 ζωὴν
3094 3892 3445 3963 ᾠκονόμησεν
3483 3890 3654 3943 ἐλθὼν
3696 3893 3716 3940 ἐ

2132 3986 2264 4050 Θεὸς
2308 3987 2509 4054 Λόγος,
2546 3986 2700 4039 εἵπου
2744 3988 2964 4058 εἴρηκεν
3002 3987 3031 4038 6
3072 3985 3339 4056 Χριστός·
3378 3985 3439 4037 '0
3480 3984 3621 4048 Θεός
3645 4000 3719 4051 με

2136 4080 2416 4141 ἔκτισεν,
2473 4081 2531 4150 ἢ,
2581 4081 2633 4131 '0
2678 4080 2879 4147 Πατήρ
2919 4097 3040 4148 μου
3088 4079 3292 4133 ἕκτισέ
3336 4097 3429 4148 με.
3494 4078 3714 4147 Ἴδωμει

2134 4174 2191 4226 δὲ
2220 4175 2314 4226 καὶ
2337 4175 2357 4205 ⁵
2386 4176 2414 4226 6
2442 4174 2631 4245 Πατὴρ
2666 4174 2981 4245 ἀπεφήνατο
3010 4175 3067 4225 ἐν
3095 4173 3176 4226 ἐνὶ
3198 4173 3305 4226 τῶν
3351 4170 3715 4240 Εὑαγγελίων,

2141 4266 2223 4319 ὅτι
2256 4267 2508 4320 "gmw
2532 4266 2638 4319 τὸν
2668 4266 2819 4329 my,
2848 4266 2946 4319 καὶ
2978 4250 3520 4334 ἀπέστωὶκᾱὺμῖν.
3563 4262 3721 4315 Ἀλλά

2142 4359 2272 4428 περὶ
2328 4358 2518 4411 τούτου
2566 4358 2671 4421 ἕως
2725 4350 2828 4410 ὧδε
2879 4358 2949 4411 τὰ
2991 4358 3086 4411 νῦν
3151 4358 3342 4427 ἐχέτω.
3408 4356 3544 4427 Περὶ
3609 4356 3710 4424 γὰε

2147 4449 2463 4520 μαρτυριῶν
2517 4449 2777 4512 πολλάκις
2828 4449 3097 4522 περὶτῶν
3134 4450 3197 4502 τὸ
3246 4449 3451 4518 κτίσμα
3490 4464 3709 4520 παρεισο

459 4542 557 4581 sus
601 4527 723 4583 illos
770 4530 1075 4594 attulimus,
1107 4530 1200 4599 qui
1232 4541 1540 4587 creaturam
1586 4536 1742 4590 nobis
1776 4536 2034 4591 obtrude-

2145 4514 2382 4607 αγόντων
2405 4540 2572 4594 πολλὰ
2621 4514 2933 4610 ἐξεθέμεθα.
2978 4539 3143 4593 Οὐδὲν
3171 4540 3229 4593 δὲ
3264 4514 3494 4610 λυπῆσει
3527 4514 3619 4593 καὶ
3657 4540 3721 4591 ἐν

458 4618 611 4674 bant.
646 4617 792 4673 Nihil
820 4626 1001 4673 tamen
1034 4620 1089 4674 in
1134 4626 1423 4691 praesentia
1448 4625 1624 4694 palam
1667 4626 1843 4683 facere
1880 4629 2031 4699 pige-

456 4704 558 4772 bit,
591 4723 754 4777 quam
795 4707 954 4763 facile
1009 4710 1259 4782 redargui
1312 4730 1466 4768 error
1512 4716 1600 4771 ille
1635 4719 1824 4786 possit,
1870 4727 2032 4789 atque

457 4797 533 4851 ita
582 4799 856 4853 hominem
901 4802 1077 4867 illum,
1118 4805 1212 4874 qui
1243 4805 1465 4874 sapiens
1513 4808 1618 4862 sibi
1658 4810 1896 4874 videtur,
1939 4829 2032 4882 ag-

459 4890 632 4960 gredi.
660 4891 865 4957 Potest,
894 4893 968 4946 mi
1000 4894 1185 4960 homo,
1211 4904 1431 4952 creatus
1463 4898 1553 4954 ille
1579 4916 1701 4956 esse
1728 4903 1821 4971 qui
1852 4902 1989 4957 dixit
2013 4923 2025 4959 :

461 4979 572 5049 Ego
609 4982 662 5035 in
698 4981 859 5037 Patre
891 4994 940 5039 et
972 4984 1134 5039 Pater
1163 4987 1218 5041 in
1250 5004 1332 5043 me
1359 4991 1502 5055 est’;
1534 5000 1626 5046 et:
1656 4993 1822 5048 Ambo
1865 5012 2027 5051 unum

455 5075 717 5128 wmus’?
750 5074 936 5133 Potest
974 5093 1102 5134 vero
1141 5078 1393 5137 diversus
1441 5098 1584 5150 esse,
1622 5084 1718 5154 qui
1761 5088 2027 5156 aequalem

2137 4630 2216 4700 τῷ
2259 4632 2487 4702 παρόντι
2524 4631 2692 4697 δεῖξαι
2727 4632 2794 4684 ,τὸ
2831 4632 3096 4702 εὔληπτον
3135 4632 3229 4685 τοῦ
3277 4632 3454 4698 λόγου,
3504 4632 3597 4684 καὶ
3636 4633 3721 4685 εξ-

2138 4725 2258 4776 πείν
2316 4725 2451 4794 πρὸς
2507 4724 2696 4777 τοῦτον
2756 4726 2846 4778 τὸν
2899 4724 3245 4793 ἐθελόσοφον,
3317 4720 3457 4786 Πῶς⁴
3495 4724 3721 4778 δύναται

2137 4815 2374 4879 κτιστὸς,
2406 4810 2452 4869 ὦ
2490 4810 2666 4881 οὗτος,
2712 4813 2852 4870 εἶναι
2884 4819 2912 4869 6
2940 4817 3113 4887 λέγων
3134 4832 3147 4845 ·
3208 4816 3348 4884 Ἐγὼ
3381 4817 3452 4869 ἐν
3493 4815 3571 4882 τῷ
3598 4819 3717 4868 Πα-

2134 4909 2248 4976 τρὶ,
2279 4910 2378 4963 καὶ
2409 4913 2441 4963 ό
2479 4910 2680 4978 Πατὴρ
2712 4910 2781 4963 ἐν
2802 4911 2951 4980 ἐμοι·
2996 4911 3108 4971 καὶ,
3142 4913 3206 4962 Οἱ
3246 4909 3354 4962 δύο
3382 4908 3451 4961 ἓν
3487 4910 3716 4976 ἐσμεν;

2135 5000 2260 5063 Πῶς
2289 5001 2346 5052 δέ
2373 5001 2596 5055 δύναται
2640 5002 2797 5066 ἄλλος
2832 4996 2973 5054 εἶναι’
3010 5002 3037 5053 6
3072 5001 3169 5072 τὴν
3212 4999 3332 5071 ἴσην
3376 5001 3540 5069 τιμὴν
3579 4999 3715 5069 πρὸς

2133 5092 2349 5159 Πατρὸς
2390 5091 2563 5158 ἔχωνς
2613 5093 2820 5159 Οὐδεὶς
2856 5092 2967 5164 γὰρ
3006 5088 3129 5146 οἶδε
3157 5093 3264 5146 τὸν
3310 5092 3465 5155 Flor,
3494 5095 3544 5146 εὶ
3567 5092 3651 5161 μὴ
3680 5094 3715 5144 ό

527 5232 543 5260 ι
574 5228 732 5287 Rom.
770 5248 809 5298 ι,
833 5231 925 5289 25.
1001 5235 1020 5267 ⁸
1048 5233 1205 5291 Joan.
1229 5253 1339 5302 xxv,
1369 5240 1464 5308 10;
1496 5257 1549 5307 χ,
1581 5239 1669 5295 50.
1749 5242 1770 5274 ³
1803 5240 1964 5299 Joan.
1989 5261 2040 5311 x,

2145 5286 2157 5298 .
2233 5245 2471 5319 ‘Fucqi.
2549 5250 2831 5323 l‘Leg.el.

527 5392 639 5461 (30)
680 5391 774 5457 Ὡς
806 5391 934 5466 γάρΔ
956 5409 1115 5460 τινες
1155 5393 1309 5463 ἡμᾶς
1345 5398 1695 5461 βούλονται.
1743 5399 2016 5466 Quantum

456 5461 572 5517 haec
601 5465 863 5540 vocabula
904 5462 1013 5517 duo
1030 5461 1378 5540 jeynrév'et
1434 5470 1689 5540 γεννητόν
1746 5461 2017 5525 scribendi

456 5534 951 5607 pronuntiandique
990 5534 1248 5591 aﬂinitate
1295 5534 1594 5607 conjuncta
1620 5551 1767 5605 sunt,
1805 5550 2017 5596 tantum

454 5603 867 5677 signilicatiotlis
911 5620 1013 5659 usu
1049 5620 1111 5677 ac
1142 5603 1472 5677 preprietate
1519 5603 1761 5665 distant.
1791 5611 1901 5666 Nec
1934 5621 2019 5668 est

453 5673 563 5728 ulla
611 5688 736 5742 vox,
790 5674 844 5728 in
882 5690 990 5745 qua
1035 5673 1338 5733 uberiorem
1388 5679 1678 5735 cavillandi
1722 5689 1776 5738 et
1810 5683 2019 5739 calum-

2124 5402 2313 5457 niandi
2349 5407 2628 5461 materiam
2661 5408 2807 5461 nacti
2830 5406 2940 5461 sint
2964 5408 3172 5469 Ariani,
3215 5417 3276 5461 ut
3305 5422 3370 5461 ex
3413 5408 3709 5460 Anommo-

2124 5488 2262 5547 rum
2288 5475 2483 5547 haeresi
2532 5477 2671 5530 infra
2728 5477 3021 5531 constabit.
3070 5476 3203 5530 Nam
3244 5478 3468 5547 γενητός
3508 5478 3705 5545 factum

2125 5545 2414 5628 signiﬁcat,
2432 5548 2910 5628 quodcreatarum
2931 5545 3413 5628 rei-iunpropriuin
3438 5558 3521 5603 est
3539 5565 3553 5609 ;
3585 5564 3708 5628 γεν-

2125 5614 2292 5689 νητόν
2314 5614 2704 5689 vero—genitum
2726 5627 2829 5684 est,
2858 5620 3002 5689 quod
3029 5614 3167 5675 Filio
3198 5614 3470 5675 catholica
3502 5614 3705 5673 veritas

2131 5684 2341 5743 tribuit.
