4082 6394
302 354 323 409 Ι
334 353 438 411 085

963 351 1332 411 ΑῡνΕιιδυδ
1369 352 1713 410 HERESES
1746 354 1872 410 LIB.

2020 355 2182 413 TOM.
2228 357 2342 412 l.—
2381 356 2653 415 HIERES.
2689 356 2873 415 LXIV.

3420 353 3556 411 1036

297 464 538 536 Πατὴρ,
591 466 734 522 οὐδὲ
790 467 900 523 τὸν
953 468 1186 538 Πατέρα
1234 471 1286 523 sl
1338 470 1426 541 μὴ
1484 475 1517 526 ὁ
1565 472 1718 537 Υἱός.
1772 470 1880 524 Καὶ

1998 488 2107 527 :um
2143 472 2305 528 Patre
2335 473 2598 530 honorem
2626 474 2909 529 obtineat?
2938 472 3107 530 Nemo
3129 476 3268 529 enim
3294 479 3433 531 novit
3462 476 3558 532 Fi-

296 561 377 624 τὸ,
422 560 485 613 '0
525 558 800 628 ἑωρακὼς
840 560 964 630 ἐμὲ,
1008 560 1229 631 ἑώρακε
1255 563 1364 617 τὸν
1399 562 1649 632 Πατέρα.
1698 562 1866 617 Πάλιν

297 654 356 706 δὲ
402 651 665 717 ὡσαύτως
708 653 809 706 ὅσα
843 652 991 724 αύτῷ
1033 654 1161 726 περὶ
1209 648 1560 719 ἀναστάσεως
1602 653 1877 726 ἀμφιϐάλσ

296 747 469 810 λεται,
514 744 896 815 ἐπιλαϐόμενοι
926 748 1025 819 τῆς
1056 747 1402 811 ἀκολουθίας,
1451 744 1607 811 αὖθις
1645 747 1879 820 ἐροῦμεν

298 843 364 893 ὲκ
393 838 503 891 τῶν
536 838 700 892 αὐτοῦ
751 839 961 910 ῥητῶνο
1014 840 1123 895 ἀπὸ
1172 842 1300 912 μιᾶς
1344 840 1401 894 δὲ
1442 839 1641 905 λέξεως
1671 838 1733 892 τὸ
1769 840 1879 891 πᾶν

300 930 397 1001 τῆς
449 928 677 1002 γνώμης
738 930 904 985 αὐτοῦ
955 932 1332 1004 ἀποδείξομεν,
1375 934 1470 986 καὶ
1536 932 1597 985 τὸ
1650 930 1879 985 ἄπιστον

302 1024 401 1094 τῆς
454 1022 610 1095 δόξης
653 1023 749 1078 τοῦ
792 1024 955 1078 αὐτοῦ
1022 1025 1292 1096 δόγματος
1338 1022 1780 1095 ἀποκαλύψομεν.
1814 1022 1880 1075 Ei

304 1116 399 1170 καὶ
442 1116 529 1169 διὰ
571 1116 810 1181 πλάτους
852 1117 1002 1189 αύτῷ
1043 1120 1259 1191 εἴρηται
1296 1117 1557 1181 πολλάκις
1601 1115 1729 1187 περὶ
1754 1113 1884 1168 ’τού-

304 1223 438 1272 του,
495 1206 592 1259 καὶ
628 1208 687 1260 ὲν
755 1207 978 1272 πολλαῖς
1052 1208 1255 1280 βίϐλοις
1296 1208 1698 1279 πεφλυάρηται,
1737 1205 1888 1276 ὅμως

302 1296 402 1367 τὴν
465 1294 673 1364 ἔλεγξιν
720 1297 1133 1369 παραθήσομαι,
1190 1299 1283 1367 ἀφ’
1314 1292 1388 1351 ὧν
1445 1299 1504 1351 ὲν
1554 1296 1634 1368 τῷ
1688 1292 1891 1364 πρώτῳ

302 1390 504 1462 ψαλμῷ
543 1391 848 1463 ἐξηγήσατο
890 1392 1031 1446 κατά
1074 1394 1174 1465 τὴν
1203 1392 1500 1447 ἀνάστασιν
1530 1391 1631 1461 τῆς
1668 1388 1891 1461 βεϐαίας

305 1482 521 1547 ἐλπίδος
557 1483 717 1555 ἡμῶν
751 1486 1213 1540 πεπιστευκότων.

1977 563 2129 627 lium,
2162 565 2266 619 nisi
2312 564 2497 627 Pater,
2525 582 2684 633 neque
2728 564 2962 629 Patrem,
3005 567 3109 620 nisi
3141 565 3313 620 Filius
3337 569 3380 622 '.
3418 567 3558 622 Tum

1978 656 2111 710 illud
2147 655 2293 722 :Qui
2331 656 2466 710 videt
2510 673 2612 719 me,
2660 655 2794 710 videt
2847 665 2896 710 et
2942 657 3152 711 Patren:
3178 658 3221 712 ³.
3253 658 3384 724 Quze
3430 674 3560 714 vero

1978 746 2240 802 adversus
2284 749 2739 803 resurrectionem
2782 749 2850 802 ab
2885 750 3072 804 eodem
3105 750 3375 820 disputata
3411 761 3561 820 sunt,

1980 846 2200 894 servato
2230 839 2444 901 ordine,
2477 854 2542 894 ex
2576 840 2827 910 ipsismet
2855 840 3000 895 illius
3023 841 3207 898 verbis
3238 845 3398 912 paulo
3432 854 3557 915 post

1980 928 2270 987 aﬂ‘eremus
2290 974 2304 997 ,
2341 930 2501 1003 533
2531 940 2694 1003 atque
2727 948 2793 987 ex
2826 932 2989 988 unica
3032 948 3166 989 voce
3199 942 3368 990 totam
3413 938 3562 993 illius

1982 1024 2310 1080 sententiam
2365 1024 2699 1094 aperiemus,
2747 1031 2802 1079 et
2823 1032 3086 1093 quantum
3146 1026 3217 1081 sit
3265 1028 3319 1082 in
3362 1044 3427 1083 eo
3472 1029 3566 1084 do-

1982 1123 2163 1187 gmate
2186 1114 2525 1172 inﬁdelitatis
2551 1115 3002 1173 monstrabimus.
3030 1116 3351 1188 Quanquam
3380 1129 3564 1176 autem

1986 1207 2092 1262 hoc
2125 1216 2509 1277 argumentum
2538 1223 2681 1277 saepe
2710 1209 2802 1264 ille
2833 1208 3053 1281 cepiose
3094 1214 3430 1276 tractaverit,
3462 1229 3562 1267 va—

1990 1298 2200 1368 riisque
2226 1299 2280 1353 in
2312 1298 2473 1355 libris
2502 1299 2749 1370 ingentes
2778 1316 2953 1371 nugas
2975 1301 3253 1369 eﬂ'utierit,
3280 1302 3348 1359 iis
3377 1311 3561 1359 tamen

1993 1393 2061 1447 ad
2090 1394 2242 1447 illum
2274 1391 2632 1449 refellendum
2674 1409 2770 1448 ero
2806 1403 3122 1459 contentus,
3155 1410 3278 1466 quae
3320 1396 3377 1451 in
3415 1412 3569 1452 com-

1993 1484 2280 1539 mentariis
2314 1485 2368 1538 in
2401 1484 2635 1554 priorem
2672 1486 2962 1555 psalmum,
3011 1486 3274 1543 adversus
3307 1489 3430 1545 Illos
3457 1490 3570 1546 dis-

307 1578 503 1645 seruit,
533 1579 626 1649 qui
660 1583 1121 1637 resurrectionem
1165 1589 1316 1635 certa
1353 1581 1513 1636 nobis
1551 1596 1647 1652 spe
1688 1581 1993 1652 ﬁduciaque
2030 1579 2364 1651 propositam
2396 1595 2520 1635 esse
2548 1579 2651 1635 sibi
2682 1580 3055 1649 persuadent.l

378 1668 433 1720 I’.
474 1667 585 1721 Καὶ
613 1667 759 1722 ἔστιν
802 1670 878 1734 ώς
909 1669 1091 1740 λέγει’
1125 1667 1227 1725 Διὰ
1269 1669 1446 1724 τοῦτο
1479 1673 1590 1725 οὐκ
1622 1671 1888 1735 ἀναστή-

307 1774 521 1814 σονται
570 1760 820 1829 ἀσεϐεῖς.
857 1762 928 1815 ἐν
981 1762 1192 1831 κρίσει.
1247 1757 1382 1815 Εἶτα
1437 1762 1512 1825 ώς
1569 1761 1690 1825 ἔθος
1741 1763 1890 1815 ἐστὶν

2068 1656 2136 1724 Χ.
2182 1668 2275 1724 Est
2306 1677 2483 1723 autem
2512 1668 2604 1724 hic
2635 1670 2822 1725 locus:
2854 1669 3139 1741 Propterea
3167 1690 3270 1727 non
3303 1686 3571 1746 resurgth

1997 1762 2145 1831 impii
2198 1762 2253 1814 in
2284 1760 2489 1830 judicio
2515 1761 2556 1813 ‘.
2603 1758 2806 1817 Deinde
2849 1762 3310 1833 quemadmodum
3354 1769 3570 1825 collatis

309 1851 462 1924 αὐτῷ
506 1853 613 1907 ἀπὸ
659 1852 767 1907 τῶν
816 1853 1078 1906 ἐκδόσεων
1135 1852 1464 1921 φαντάζειν,
1515 1852 1715 1923 ὁμοίως
1763 1852 1895 1922 φησι

1998 1852 2334 1907 editionibus
2370 1851 2556 1907 fucum
2602 1851 2782 1908 facere
2812 1853 2969 1918 solet,
3004 1855 3077 1909 ita
3112 1856 3288 1927 inquit
3322 1858 3574 1915 Theodo-

310 1942 624 2011 θεοδοτίων,
665 1945 895 2009 Ἀκύλας
915 1986 929 2006 ,
952 1942 1277 2015 Σύμμαχος.
1308 1938 1441 1997 Εἶτα
1468 1944 1718 2015 ἐπιφέρει
1746 1944 1887 1997 κατὰ

310 2030 419 2086 τῶν
451 2032 581 2088 υίῶν
601 2035 700 2106 τῆς
724 2034 980 2107 ἀληθείας
1006 2032 1348 2098 σκωπτωδῶς
1377 2049 1392 2065 ·

1998 1930 2095 2005 tio,
2132 1942 2331 2013 Aquila
2372 1949 2425 1997 et
2464 1941 2849 2013 Symmachus.
2884 1940 3020 1996 Tum
3058 1944 3277 2000 detnum
3309 1949 3572 2008 adversus

1996 2034 2244 2090 veritatis
2276 2034 2415 2090 ﬁlios
2457 2033 2763 2090 cavillando
2789 2034 2893 2090 ista
2922 2035 3178 2106 subjicit:

1583 2147 1668 2202 Ex
1690 2147 1931 2219 Origenis
1948 2151 2343 2205 commentario.

397 2266 695 2328 Ἐντεῦθεν,
733 2267 897 2338 φησὶν
923 2309 937 2331 ,
965 2267 1013 2320 οἱ
1053 2266 1410 2338 ἁπλούστεροι
1449 2266 1559 2319 τῶν
1597 2283 1890 2320 πεπιστευ-

256 2368 261 2369 ⁷
313 2358 487 2414 κότων
536 2359 846 2431 ὁρμώμενοι
897 2359 1175 2430 νομίζουσι
1218 2360 1345 2422 τοὺς
1382 2360 1599 2422 ἀσεϐεῖς
1625 2360 1724 2429 τῆς
1758 2361 1890 2412 ἀνα-

316 2453 559 2516 στάσεως
608 2452 681 2523 μὴ
728 2450 1055 2516 τεύξασθαι,
1102 2451 1194 2505 καὶ
1231 2452 1331 2522 τῆς
1376 2451 1525 2516 Θείας
1552 2451 1784 2524 κρίσεως
1817 2452 1891 2523 μὴ

314 2542 724 2607 καταξιοῖωθαι,
755 2541 806 2595 τί
840 2541 1083 2604 νοοῦντες
1111 2541 1213 2617 τὴν
1243 2541 1537 2596 ἀνάστασιν
1557 2582 1571 2606 ,
1602 2543 1696 2596 καὶ
1722 2559 1890 2595 ποτα-

315 2633 428 2704 πὴν
458 2633 556 2703 τὴν
583 2633 763 2703 κρίσιν
791 2632 1203 2703 φανταζόμενοι,
1227 2633 1287 2686 ού
1315 2634 1454 2687 πάνυ
1484 2634 1891 2704 σαφηνίζοντες.

2070 2265 2267 2336 Hujus,
2304 2266 2505 2337 inquit,
2538 2266 2641 2321 loci
2673 2266 3002 2324 auctoritate
3030 2268 3177 2335 freti,
3211 2270 3576 2341 simpliciores

1997 2360 2221 2429 quidam
2270 2375 2336 2415 ex
2374 2358 2627 2414 ﬁdelibus
2673 2367 2875 2430 negant
2926 2360 3102 2415 malos
3150 2365 3575 2429 resurrectionis

1995 2457 2276 2519 compotes
2304 2449 2540 2517 futuros,
2567 2457 2662 2505 aut
2694 2449 2787 2507 Dei
2814 2450 3027 2521 judicio
3046 2452 3373 2523 dignandos,
3398 2472 3576 2528 neque

1996 2539 2308 2608 cuiusmodi
2348 2543 2828 2609 resurrectionem,
2860 2551 2953 2597 aut
2979 2545 3141 2615 quale
3173 2546 3277 2601 sibi
3302 2546 3573 2615 judicium

2002 2632 2233 2704 ﬁngant,
2268 2641 2455 2704 aperte
2491 2633 2625 2690 satis
2662 2636 2998 2705 exprimunt.
3040 2638 3119 2693 Ac
3167 2631 3294 2693 licet
3324 2655 3478 2695 suam
3509 2644 3578 2697 de

316 2725 439 2778 Κᾶν
478 2724 671 2789 δόξωσι
710 2726 838 2797 περὶ
867 2725 1071 2779 τούτων
1105 2725 1499 2795 ἀποφαίνεσθαι
1533 2769 1548 2789 ,
1598 2729 1631 2797 ἡ
1666 2726 1895 2797 βάσανος

2002 2724 2088 2779 his
2116 2725 2447 2779 sententiam
2478 2724 2695 2794 aperire
2732 2724 3040 2793 videantur,
3084 2728 3202 2798 ipsa
3237 2730 3362 2785 illos
3400 2731 3582 2801 inqui—

320 2817 518 2879 αύτοὺς
552 2815 812 2885 διελέγξει
836 2855 851 2879 ,
891 2818 951 2870 τὸ
987 2816 1112 2886 ἑξῆς
1145 2815 1452 2881 ἀκολούθως
1480 2816 1673 2881 σώζειν
1706 2817 1767 2870 ού
1804 2817 1895 2870 δυ-

2005 2815 2135 2869 sitio
2170 2815 2484 2882 convincet,
2518 2814 2883 2886 ostendetque
2928 2832 3030 2872 nec
3059 2818 3204 2888 quod
3234 2835 3584 2892 consequens

323 2906 618 2979 ναμένους,
661 2906 736 2977 μὴ
778 2907 1189 2977 κεκρατηκότας
1227 2908 1318 2960 τὸν
1364 2909 1494 2979 περὶ
1547 2908 1895 2972 ἀναστάσεως

2004 2914 2087 2962 est
2121 2921 2187 2961 ac
2230 2906 2516 2962 cohaerens
2557 2907 2764 2962 servari
2797 2908 2866 2962 ab
2896 2908 3005 2963 illis
3039 2923 3222 2979 posse,
3255 2926 3357 2967 nec
3397 2928 3586 2967 resur-

323 2998 419 3050 καὶ
463 2997 693 3067 κρίσεως
731 2997 949 3067 τρόπον.
991 2998 1115 3051 Ἐὰν
1157 2995 1250 3053 οὖν
1292 2999 1716 3070 πυνθανώμεθα,
1757 3000 1895 3064 τίνος

2005 2996 2272 3052 rectionis
2304 3011 2369 3051 ac
2412 2996 2610 3067 judicii
2664 2997 2886 3052 modum
2935 3007 2990 3053 et
3032 2999 3296 3055 rationem
3335 3002 3585 3074 intelligi.

324 3088 620 3151 ἀνάστασις
649 3089 888 3155 γίνεται;
942 3092 1369 3162 ἀποκρίνονται.
1412 3093 1613 3162 φησὶν,
1662 3094 1745 3146 ὅτι
1795 3094 1895 3147 τῶν

2008 3086 2180 3159 Igitur
2208 3089 2256 3143 si
2304 3088 2712 3158 interrogemus
2746 3089 3033 3158 cujusnam
3066 3091 3137 3146 sit
3182 3090 3368 3145 futura
3404 3108 3592 3147 resur—

328 3183 619 3253 σωμάτων,
655 3176 728 3235 ὧν
762 3184 1123 3255 περικείμεθα
1163 3184 1277 3238 νῦν.
1315 3180 1448 3237 Εἶτα
1476 3201 1895 3256 προσεπερωτη-

2006 3179 2211 3234 rectio:
2249 3192 2567 3249 corporum,
2605 3181 2957 3249 respondent,
2987 3196 3109 3248 quae
3138 3197 3239 3238 nos
3270 3182 3429 3238 modo
3477 3184 3593 3238 cir-

329 3275 537 3329 σάντων
576 3273 763 3345 ἡμῶν,
812 3275 1038 3346 πότερον
1071 3276 1171 3346 τῆς
1222 3276 1410 3340 ούσίας
1456 3276 1584 3348 ὅλης
1628 3276 1895 3347 αύτῶν,ἦ

2009 3269 2294 3325 cumdant.
2351 3270 2690 3326 lnstantibus
2736 3271 2931 3336 nobis,
2977 3274 3145 3327 totius
3198 3273 3416 3328 illorum
3463 3275 3597 3330 sub-

328 3366 449 3439 ούχί
477 3385 493 3433 ;
528 3367 658 3438 πρὶν
690 3366 978 3436 βασανίσαι
1016 3368 1266 3437 λέγουσιν
1292 3410 1306 3431 ,
1340 3370 1421 3422 ὅτι
1454 3368 1555 3439 τῆς
1584 3368 1731 3438 ὅλης.
1784 3368 1910 3423 Ἐὰν

328 3459 389 3513 δὲ
417 3460 928 3531 προσαπορήσωμεν
981 3462 1512 3533 συμπεριφερόμενοι
1540 3463 1607 3533 τῇ
1656 3460 1913 3533 ἀκεραιό-

330 3564 455 3619 τητι
481 3548 691 3612 αὐτῶν,
737 3550 830 3602 καὶ
874 3549 1026 3603 οὐδὲν
1075 3550 1204 3622 περὶ
1234 3549 1328 3603 τοῦ
1374 3549 1605 3623 ῥευστὴν
1646 3547 1783 3604 εἶναι
1813 3549 1913 3619 τὴν

332 3637 521 3689 οὐσίαν
552 3634 896 3703 ἐξετάζοντες
919 3676 934 3701 ,
964 3639 1013 3691 εί
1047 3638 1505 3708 συναναστήσεται
1543 3637 1613 3689 τὰ
1639 3634 1913 3709 ἀπορρεύ-

338 3745 505 3783 σαντα
536 3729 593 3781 ὲν
624 3728 1009 3799 φλεϐοτομίαις
1042 3730 1269 3800 αἵματα,
1302 3728 1399 3783 καὶ
1421 3729 1479 3783 αἱ
1519 3731 1830 3783 ὲκτακεῖσαι
1857 3727 1916 3779 ὲν

336 3821 512 3882 νόσοις
541 3820 741 3891 σάρκες
761 3860 775 3883 ,
811 3821 905 3874 καὶ
930 3821 1113 3893 τρίχες
1144 3826 1315 3875 πᾶσαι
1353 3823 1409 3874 αἱ
1441 3820 1661 3875 πώποτε
1690 3819 1916 3891 γενόμε-

336 3930 426 3966 ναι
447 3953 463 3977 ,
501 3912 535 3984 ἢ
567 3915 724 3984 μόναι
755 3915 811 3967 αἱ
857 3914 994 3986 πρὸς
1036 3918 1102 3986 τῇ
1134 3915 1297 3985 ἐξόδῳ
1327 3914 1669 3985 θλιϐόμεναι⁶
1699 3912 1789 3965 ὁτὲ
1819 3912 1918 3982 μὲν

341 4004 745 4075 προσκόπτουσι
782 4006 877 4059 καὶ
920 4008 987 4076 τῇ
1042 4007 1304 4078 γινομένῃ
1350 4007 1629 4072 ἐξετάσει,
1681 4005 1918 4074 οἰόμενοι

340 4093 449 4148 δεῖν
501 4096 813 4168 ἐπιτρέπειν
864 4096 941 4167 τῷ
967 4097 1122 4169 Θεῷ,
1170 4098 1200 4149 ὃ
1247 4097 1496 4168 βούλεται
1539 4097 1668 4169 περὶ
1715 4095 1920 4149 τούτων

2013 3363 2231 3417 stantia:
2259 3377 2437 3418 necne
2461 3362 2641 3416 futura
2676 3363 2778 3416 sit:
2813 3372 3103 3432 antequam
3136 3364 3425 3435 diligenter
3450 3364 3597 3420 istud

2013 3470 2075 3507 ex
2086 3452 2396 3522 penderint.
2421 3453 2591 3508 totius
2611 3452 2726 3507 fore
2744 3454 3119 3522 pronuntiant.
3148 3454 3305 3520 Quod
3328 3456 3374 3509 si
3406 3470 3509 3510 nos
3529 3455 3599 3510 ad

2013 3546 2231 3600 illorum
2256 3544 2658 3614 simplicitatem
2682 3545 3195 3609 accommodantes,
3235 3560 3413 3616 neque
3450 3544 3604 3616 quid-

2015 3653 2178 3709 quam
2207 3637 2275 3693 de
2304 3635 2449 3692 ﬂuxa
2477 3651 2543 3691 ac
2588 3635 2838 3691 mutabili
2871 3651 3163 3707 corporum
3191 3647 3387 3692 natura
3413 3636 3604 3708 dispu-

2019 3735 2222 3794 tantes,
2254 3727 2557 3784 dubitando
2588 3742 2811 3781 rursum
2862 3727 3296 3797 interrogemus,
3328 3743 3459 3781 num
3492 3742 3604 3782 una

2019 3823 2243 3897 sanguis
2292 3821 2383 3877 ille
2423 3821 2606 3875 omnis
2642 3827 2921 3890 resurgat,
2954 3819 3045 3890 qui
3106 3828 3255 3875 secta
3307 3820 3605 3875 identidem

2024 3929 2161 3968 vena
2194 3912 2506 3977 deﬂuxerit,
2538 3927 2602 3967 ac
2638 3910 2904 3982 quidquid
2938 3918 3199 3982 praeterea
3236 3911 3422 3966 carnis
3458 3926 3610 3965 mor-

2027 4004 2224 4061 borum
2254 4006 2337 4060 vis
2383 4005 2776 4075 absumpserit,
2802 4019 3017 4058 necnon
3049 4011 3104 4058 et
3134 4004 3231 4074 pili
3272 4018 3487 4068 omnes,
3513 4002 3609 4073 qui

2025 4111 2267 4166 unquam
2299 4097 2446 4151 enati
2472 4105 2622 4161 sunt,
2652 4111 2721 4150 an
2746 4096 2781 4149 ii
2813 4096 3110 4160 duntaxat,
3134 4098 3228 4165 qui
3264 4097 3369 4152 sub
3397 4096 3610 4151 obitum

341 4191 550 4243 ποιεῖν·
599 4188 689 4243 ὁτὲ
740 4189 827 4253 δὲ,
862 4189 1144 4253 δοκοῦντες
1189 4190 1675 4259 συγκαταϐαίνειν.
1708 4189 1805 4254 τὰς
1832 4190 1895 4241 επ

2022 4198 2272 4245 nostrum
2319 4188 2656 4243 eﬁloruerint
2690 4206 2703 4242 :
2746 4203 3145 4258 nonnunquam
3193 4187 3261 4242 ad
3294 4203 3415 4244 eam
3455 4203 3609 4259 quae-

340 4284 488 4338 τέλει
516 4281 717 4353 ταύτης
747 4283 847 4353 τῆς
892 4281 1035 4351 ζωῆς
1067 4281 1260 4353 τρίχας
1302 4280 1467 4351 φασὶν
1513 4283 1647 4353 ἡμῖν
1694 4299 1893 4336 συνανα

2026 4283 2263 4339 stionem
2314 4280 2619 4346 oﬂ‘endunt,
2658 4296 2724 4336 ac
2756 4278 2869 4336 Deo
2900 4280 3324 4351 permittendum
3359 4278 3498 4336 essé'
3527 4279 3614 4335 di-

346 4374 659 4447 στήσεσθαι.
702 4375 765 4427 Οἱ
795 4374 851 4426 δὲ
880 4372 1245 4444 γενναιότεροι
1274 4372 1474 4441 αὐτῶν,
1513 4372 1600 4425 ἵνα
1644 4371 1718 4443 μὴ
1755 4372 1895 4441 ἀναγ

2028 4379 2182 4438 cunt,
2197 4379 2259 4424 ut
2278 4370 2541 4441 quidquid
2559 4370 2792 4425 voluerit
2816 4369 2884 4424 de
2898 4384 2961 4423 ea
2986 4369 3315 4436 constituat;
3334 4366 3612 4427 interdum

344 4441 618 4532 κάξωνται
651 4467 718 4520 τά
740 4441 948 4536 αἵματα
981 4441 1304 4533 συναγαγεῖν
1336 4465 1413 4535 τῷ
1441 4464 1603 4534 λόγῳ,
1631 4441 1699 4517 τά
1724 4464 1895 4517 πολλά

2029 4479 2182 4529 vero,
2197 4464 2345 4519 velut
2362 4463 2734 4527 assentiendo,
2754 4462 2902 4517 solos
2920 4463 3042 4517 illos
3067 4461 3348 4516 nobiscum
3368 4475 3614 4516 resurre-

345 4575 435 4622 κις
461 4557 827 4629 ἀποκριθέντα
861 4556 968 4609 τῶν
1003 4556 1271 4625 σωμάτων
1295 4555 1451 4626 ἡμῶν
1470 4595 1485 4620 ,
1514 4556 1609 4609 καὶ
1638 4556 1741 4619 τὰς
1764 4571 1895 4626 μετα

2033 4563 2224 4611 cturos
2257 4571 2381 4611 esse
2426 4555 2569 4625 pilos
2602 4562 2878 4619 asserunt,
2923 4569 3061 4624 quos
3107 4554 3210 4609 sub
3246 4554 3371 4608 vitae
3405 4554 3614 4608 exitum

349 4649 648 4712 ϐαλλούσας
675 4649 882 4720 σάρκας
920 4651 978 4702 ὲν
1010 4648 1185 4711 νόσοις
1232 4649 1245 4679 ¹
1290 4647 1551 4719 ἱδρῶτας,
1592 4647 1626 4719 ἢ
1673 4648 1791 4700 οἵαν
1833 4647 1895 4718 δή

2037 4648 2416 4704 habuerimus.
2441 4647 2511 4701 At
2540 4647 2633 4717 qui
2666 4648 2841 4719 magis
2870 4646 3012 4701 inter
3042 4646 3168 4700 illos
3206 4644 3417 4701 strenui
3459 4650 3611 4711 sunt,

352 4759 483 4795 ποτε
539 4742 710 4814 ὓλην,
761 4743 893 4811 φασὶ
946 4740 1015 4794 τά
1064 4741 1157 4793 ἐπὶ
1209 4739 1352 4794 τέλει
1402 4739 1558 4811 ἡμῶν
1610 4737 1895 4794 ἀνίστασθε

2038 4757 2109 4797 ne
2157 4740 2442 4812 sanguinis
2490 4740 2703 4810 capiam
2751 4754 2969 4794 omnem
2994 4780 3010 4807 ,
3041 4738 3137 4809 qui
3178 4753 3247 4793 ex
3290 4736 3614 4808 corporibus

355 4834 599 4908 σώματα.
2039 4831 2247 4887 nostris
2298 4830 2620 4901 plerumque
2664 4826 2828 4900 534
2863 4835 3109 4884 secretus
3145 4833 3263 4893 est,
3319 4826 3617 4895 itidemque

354 4944 575 4985 carnem
618 4942 858 4990 omnem,
887 4942 1009 4998 quae
1039 4942 1134 4998 per
1174 4928 1396 4983 morbos
1427 4926 1480 4981 in
1522 4927 1801 4987 sudorem,
1837 4934 1933 4979 aut
1970 4925 2133 4980 aliam
2167 4924 2441 4996 ejusmodi
2480 4924 2768 4979 materiam
2831 4922 2987 4986 abiit,
3056 4921 3112 4976 in
3154 4935 3322 4976 unum
3365 4916 3619 4974 conferre

356 5036 455 5079 sua
487 5022 735 5076 oratione
778 5028 1064 5091 cogantur,
1102 5021 1283 5091 qualia
1323 5021 1427 5076 sub
1457 5029 1688 5075 mortem
1721 5022 2055 5086 exstiterint,
2090 5033 2379 5091 resurgere
2422 5031 2655 5089 corpora
2688 5022 2876 5072 nostra
2913 5013 3230 5086 praedicant.

430 5137 527 5191 IA'.
570 5134 753 5188 Ταῦτά
784 5135 900 5188 ἐστι
948 5134 1017 5188 τὰ
1043 5134 1139 5187 τοῦ
1170 5133 1572 5206 προειρημένου
1616 5132 1895 5201 ὲθελοσόφο

2106 5128 2200 5185 XI.
2245 5129 2338 5185 Hae
2384 5127 2643 5199 opinione
2702 5139 2798 5182 sua
2847 5122 3108 5192 sapientis
3175 5119 3322 5173 illius
3376 5117 3618 5172 hominis

359 5226 738 5299 ὲπαπορητικὰ
775 5226 913 5298 πρὸς
944 5226 1044 5298 τὴν
1084 5227 1339 5299 ἀλήθειαν
1384 5226 1644 5291 λεξείδια’
1685 5225 1721 5279 δι
1771 5227 1895 5293 ἀναγ

2041 5222 2307 5278 adversus
2336 5222 2625 5276 veritatem
2659 5219 2954 5290 pr0positae
2987 5211 3408 5284 objectiunculaa
3446 5218 3574 5264 sunt
3601 5226 3615 5264 :

363 5320 533 5384 καίως
579 5318 901 5391 παρεθέμην
948 5321 1027 5381 εἰς
1059 5318 1402 5391 παράστασιν
1441 5318 1553 5381 τοῖς
1596 5316 1895 5387 βουλομένω

2035 5329 2157 5383 qua:
2183 5312 2315 5367 mihi
2346 5310 2663 5367 necessario
2689 5307 3026 5381 proferenda:
3072 5306 3312 5369 fuerunt,
3355 5313 3415 5357 ut
3453 5318 3615 5373 quam

362 5410 559 5465 ειδέναι
586 5408 677 5461 τὸν
707 5408 883 5461 πάντα
922 5407 1045 5461 νοῦν
1082 5406 1261 5461 αὐτῶν
1298 5406 1396 5478 τῆς
1432 5406 1560 5477 περὶ
1592 5405 1895 5459 ἀναστάσειι

2038 5406 2131 5461 ille
2172 5403 2240 5460 de
2272 5404 2681 5461 resurrectione
2710 5417 2903 5473 parum
2946 5414 3080 5456 sane
3131 5412 3196 5451 ac
3228 5395 3461 5452 ﬁdeliter
3492 5410 3619 5450 sen-

371 5500 645 5563 ἀπιστίας.
682 5499 792 5553 Καὶ
831 5498 942 5570 γὰρ
983 5499 1076 5552 καὶ
1103 5498 1237 5552 ἄλλα
1275 5497 1387 5567 ἔχει
1420 5497 1539 5568 μεθ’
1574 5497 1735 5568 ἕτερα
1775 5496 1895 5549 πολ)

2042 5495 2203 5559 serit,
2232 5496 2353 5566 ejus
2382 5495 2460 5551 rei
2498 5494 2865 5566 intelligenda:
2891 5492 3105 5563 cupidis
3135 5490 3359 5561 planum
3392 5488 3620 5542 omnino

368 5592 429 5647 ἐν
464 5589 637 5664 ταύτῃ
668 5592 734 5661 τῇ
784 5589 877 5643 τοῦ
927 5588 1145 5660 ψαλμοῦ
1200 5587 1513 5660 ἀκολουθίᾳ.
1557 5587 1758 5642 Φάσκει
1804 5589 1895 5657 γάρ

2043 5587 2302 5643 facerem.
2324 5587 2461 5644 Nam
2489 5594 2545 5644 et
2567 5587 2672 5644 alia
2693 5588 2762 5644 ad
2786 5587 3039 5643 eumdem
3064 5583 3335 5655 psalmum
3361 5578 3621 5649 deinceps

450 5746 466 5775 ⁹
494 5746 652 5807 Deest
679 5749 778 5813 εἰς.
813 5813 816 5817 ἢ
858 5750 877 5780 ²
908 5746 1093 5802 Matth.
1129 5762 1202 5809 χι,
1235 5746 1324 5800 Ἥ.
1403 5746 1421 5776 ³
1449 5743 1606 5800 Joan.
1636 5760 1746 5811 xw,
1775 5742 1827 5799 9.
1906 5742 1925 5774 ⁸
1953 5740 2099 5800 Psal.
2138 5756 2178 5807 t,
2202 5741 2256 5798 5.
