4082 6394
451 307 587 359 1087

1877 303 1936 360 S.
1975 299 2313 357 El’lPllANll

3581 293 3745 349 MSS

451 420 518 472 ad
553 419 696 474 hunc
726 419 946 474 modum
988 418 1233 476 disserit.
1265 418 1357 475 Sic
1388 437 1535 476 enim
1569 422 1848 489 loquitur:
1888 419 2028 474 Pro-

2145 419 2235 472 Διὰ
2255 416 2431 470 τοῦτο
2457 417 2567 469 οὐκ
2593 413 3041 478 ἀναστήσονται
3066 416 3119 467 οὶ
3144 413 3380 479 ἀσεϐεῖς
3402 414 3472 467 ἐν
3495 416 3734 482 κρίσει-

451 520 629 576 ptem:
669 526 772 562 non
816 522 1086 582 resurgent
1118 512 1268 578 impii
1305 512 1358 565 in
1374 512 1602 581 judicio.
1633 512 1772 566 Tum
1811 528 1907 567 eos
1947 528 2034 567 re-

451 601 718 670 darguere
770 603 979 673 pergit,
1013 603 1104 673 qui
1152 613 1357 659 certam
1405 621 1529 661 esse
1576 605 2032 660 resurrectionem

452 691 757 757 deliniant,
814 702 868 749 et
899 695 1221 751 excitandos
1255 695 1322 749 ad
1377 697 1543 749 vitam
1600 705 1846 750 mortuos
1902 711 2035 750 con—

453 785 620 839 stanti
647 801 744 856 spe
775 801 839 839 ac
873 786 975 841 ﬁde
1011 787 1352 856 profitentur.
1377 787 1528 854 Quos
1558 788 1778 857 quidem
1804 788 2033 842 nimium

455 877 548 932 ille
578 877 859 948 simplices
887 887 1062 948 putat,
1089 895 1153 934 ac
1187 881 1356 934 multa
1380 881 1643 936 adversus
1676 881 1799 935 illos
1824 881 2035 936 nefaria

455 969 807 1039 depromens,
844 980 899 1026 et
948 972 1248 1041 supliistica
1284 973 1519 1042 quadam
1553 973 1899 1028 cavillatione
1937 988 2034 1043 ag-

457 1063 736 1132 grediens,
764 1079 941 1132 neque
985 1064 1283 1134 quidquam
1316 1081 1383 1119 ex
1411 1063 1724 1118 Christiana
1763 1064 1864 1120 fide
1897 1065 2035 1134 peti-

458 1165 597 1218 tum,
631 1154 727 1208 sed
762 1156 1274 1212 ratiocinationibus
1309 1155 1619 1220 collectum,
1657 1157 1790 1210 nihil
1830 1171 1936 1210 non
1966 1157 2036 1210 ad

457 1260 574 1309 eos,
617 1247 818 1316 quibus
862 1249 1186 1316 persuadere
1227 1249 1507 1318 potuerit,
1544 1248 1870 1304 evertendos
1903 1248 2036 1304 affe-

459 1352 704 1403 rens,ex
753 1339 818 1393 iis
864 1338 998 1408 ipsis
1045 1356 1166 1409 qua:
1197 1340 1522 1395 naturaliter
1567 1340 1726 1395 nobis
1755 1341 2034 1404 eveniunt,

459 1429 513 1485 id
561 1433 778 1502 assequi
823 1444 1054 1488 conatus
1099 1441 1218 1499 est,
1280 1443 1341 1488 ut
1376 1435 1797 1488 resurrectionis
1836 1443 2038 1489 nostra:

459 1540 583 1578 cum
621 1541 716 1596 spe
758 1535 906 1580 certa
940 1526 1293 1594 conjunctam
1339 1527 1738 1597 professionem
1793 1527 2038 1582 funditus

459 1617 826 1689 tolleret.Ego
854 1635 984 1674 vero
1013 1619 1080 1674 iis
1108 1619 1243 1689 ipsis
1269 1621 1362 1689 qui
1385 1629 1511 1674 ante
1539 1637 1625 1675 me
1655 1620 1710 1674 in
1732 1635 1855 1675 eum
1889 1621 2040 1674 labo-

458 1713 572 1764 rém
621 1710 1010 1774 incubuerunt,
1053 1723 1108 1767 et
1151 1713 1412 1767 oratoriis
1459 1712 1748 1768 lenociniis
1799 1711 2035 1767 fucatam

2146 507 2428 563 Ἐντεῦθεν
2482 507 2539 560 δέ
2595 506 3026 577 ἐπιλαμϐάνεται
3056 507 3148 560 καὶ
3180 507 3437 560 ἐπέκεινα
3478 506 3589 559 τῶν
3618 506 3745 576 τὴν

2135 602 2352 673 ἀσφαλῆ
2377 601 2674 654 ἀνάστασιν
2703 599 3013 672 δριζὸντων,
3044 601 3140 654 καὶ
3173 601 3272 672 τὴν
3307 601 3530 672 βεϐαίαν
3564 603 3740 656 ἐλπί-

2133 693 2200 747 δα
2245 694 2343 764 τῆς
2392 693 2502 745 τῶν
2556 692 2764 763 νεκρῶν
2803 691 3154 754 ἀναστάσεως
3203 693 3567 746 πιστευόντων
3595 737 3610 758 ,
3645 694 3741 756 ὡς

2135 785 2410 856 ἀκεραίων
2441 775 2608 836 ὄντων
2630 827 2643 848 ,
2699 784 2867 837 πολλά
2900 781 3148 855 μοχθηρά
3185 783 3454 850 ἐπειπὼν,
3485 786 3585 839 καὶ
3635 803 3742 838 σο-

2136 877 2390 946 φιστικήν
2428 893 2548 928 τινα
2583 876 2838 928 ὑπόνοιαν
2873 876 3328 948 ὑφηγησάμενος,
3363 875 3423 928 οῦ
3452 894 3504 930 τι
3532 894 3733 929 πιστι-

2137 971 2232 1023 κδν
2251 1011 2264 1032 ,
2307 969 2440 1022 ἀλλὰ
2472 969 2876 1037 συλλογιστικὸν
2898 1009 2910 1032 ,
2949 970 3057 1021 πᾶν
3088 967 3266 1022 ὁτιοῦν
3303 970 3382 1032 είς
3412 986 3731 1040 καταστρο-

2137 1060 2241 1130 φὴν
2272 1060 2380 1113 τῶν
2411 1059 2559 1130 αὐτῷ
2595 1059 2946 1119 πεισθέντων.
2987 1061 3050 1112 ἐκ
3087 1059 3192 1111 τῶν
3223 1058 3362 1113 κατὰ
3395 1061 3553 1130 φύσιν
3589 1063 3733 1130 ἡμῖν

2139 1152 2545 1224 συμϐαινόντων
2597 1152 2896 1223 ἀνατρέψαι
2932 1152 3194 1222 ἐπειράθη
3228 1153 3327 1223 τῆς
3364 1153 3534 1222 αὐτῆς
3587 1153 3732 1205 ἀνα-

2139 1245 2382 1310 στάσεως
2427 1245 2584 1314 ήμῶν
2632 1245 2690 1296 ἐν
2740 1243 2970 1313 ἀληθείᾳ
3009 1243 3216 1306 ἐλπίδος
3260 1242 3358 1314 τὴν
3404 1243 3730 1313 ὁμολογίαν.

2149 1338 2288 1407 Ἐγὼ
2317 1337 2372 1390 δέ
2403 1337 2511 1389 τῶν
2539 1335 2722 1400 καλῶς
2755 1335 2855 1406 ἤδη
2883 1335 3260 1404 κεκμηκότων,
3291 1335 3382 1387 καὶ
3404 1334 3735 1387 δικαιότατα

2137 1429 2553 1501 ἀνατρεψάντων
2586 1428 2683 1499 τὴν
2718 1429 2897 1480 πᾶσαν
2952 1425 3117 1479 αὑτοῦ
3166 1427 3593 1498 ἐπινενοημένην
3634 1429 3739 1498 ρηο

2136 1524 2359 1596 τορικὴν
2398 1524 2735 1594 κακουργίαν
2778 1523 2852 1594 μὴ
2892 1524 2948 1576 ἐν
2982 1523 3158 1595 τόλμῃ
3193 1523 3424 1577 καλλίων
3463 1524 3740 1594 βουλόμε-

2138 1635 2227 1680 νος
2261 1612 2419 1679 εἶναι,
2459 1609 2546 1668 οἷα
2574 1614 2638 1686 δὴ
2671 1614 2876 1686 βραχὺς
2910 1615 3201 1686 ὑπάρχων,
3248 1615 3577 1686 ἀρκεσθῆναι
3613 1615 3738 1668 ἐνό-

2144 1725 2276 1780 μισα
2305 1707 2484 1771 καλῶς
2511 1707 2652 1777 ἐχειν
2686 1710 2800 1770 τοῖς
2835 1707 2939 1760 ὑπὸ
2985 1707 3078 1760 τοῦ
3112 1696 3411 1778 μακαρίτου
3432 1707 3736 1774 Μεθοδίου,

458 1804 697 1859 hominis
721 1805 1019 1874 nequitiam
1051 1806 1376 1874 justissimis
1405 1806 1712 1862 rationibus
1733 1807 2031 1871 diluerunt,

2145 1801 2217 1862 είς
2249 1801 2339 1854 τὸν
2370 1800 2507 1868 Περὶ
2538 1799 2931 1864 ἀναστάσεως
2976 1798 3166 1867 λόγον,
3223 1799 3364 1852 κατά
3410 1799 3505 1852 τοῦ
3556 1801 3736 1854 αὐτοῦ

459 1897 808 1966 ρτωειιιηιὶοι·
832 1897 1003 1952 videri
1035 1915 1379 1970 nequaquam
1411 1898 1694 1963 affectans,
1725 1908 1912 1969 utpote
1939 1899 2032 1968 qui

459 1988 721 2042 mediocri
752 1991 854 2044 sim
888 1990 1102 2060 ingenio
1139 1992 1426 2062 praeditus,
1481 1999 1799 2046 contentum
1849 2007 1935 2046 me
1967 1992 2034 2048 iis

456 2094 580 2134 esse
617 2089 869 2150 oportere
919 2083 1138 2150 putavi,
1196 2099 1316 2153 qua:
1365 2084 1557 2138 beatus
1616 2080 1922 2136 Methodius
1977 2079 2036 2133 in

2152 1894 2455 1964 Ὠριγένους
2489 1893 2819 1964 εἰρημένοις.
2863 1893 3052 1945 Ἀτινα
3110 1893 3346 1947 ἐνταῦθα
3388 1894 3529 1946 κατὰ
3579 1894 3740 1959 λέξιν

2140 1986 2549 2058 παραθήσομαι.
2585 1985 2694 2038 Καὶ
2729 1985 2843 2038 ἐστι
2870 1985 2938 2038 τὰ
2967 1985 3070 2038 ὑπὸ
3101 1985 3364 2040 Μεθοδίου
3402 1983 3572 2049 οὕτως
3595 2026 3615 2050 ,
3655 1986 3738 2049 ὡς

2142 2080 2235 2133 καὶ
2272 2080 2434 2144 αὐτὸς
2472 2079 2656 2145 ἔταξα.

457 2176 729 2239 oratione,
795 2192 958 2247 quam
1020 2178 1094 2233 De
1128 2179 1508 2233 resurrectione
1563 2178 1806 2248 scripsit,
1847 2176 2112 2231 adversus
2149 2176 2399 2231 eumdem
2425 2174 2712 2244 Origeuem
2757 2174 3037 2230 disseruit.
3072 2175 3202 2242 Qua:
3257 2175 3476 2248 quidem
3519 2177 3606 2232 hic
3662 2176 3751 2230 ad.

457 2273 681 2327 verbum
717 2276 900 2328 omnia
942 2277 1325 2331 transcribam.
1357 2275 1448 2330 Sic
1490 2276 1657 2347 igitur
1712 2271 2042 2335 Methodius,
2085 2280 2146 2327 ut
2171 2271 2315 2326 infra
2348 2272 2615 2342 scriptum
2647 2279 2761 2333 est,
2795 2271 3052 2342 loquitur.

603 2409 841 2477 Epitome
878 2410 1184 2482 dogmatum
1221 2411 1471 2480 Origenis'
1506 2426 1570 2465 ex
1607 2409 1896 2465 Methodio.

526 2521 644 2578 XII.
680 2522 794 2577 lloc
827 2523 994 2593 igitur
1029 2523 1148 2578 loco
1169 2525 1262 2595 qui
1297 2541 1362 2580 ex
1399 2524 1650 2581 fidelibus
1681 2524 2042 2594 simpliciores

459 2622 587 2668 sunt
623 2613 855 2668 maxime
903 2613 1061 2679 freti,
1115 2616 1314 2685 impios
1364 2624 1562 2686 negant
1618 2615 2042 2671 resurrectionis

458 2716 740 2776 compotes
772 2707 1010 2772 futuros,
1054 2725 1233 2778 neque
1274 2711 1404 2781 quid
1435 2726 1531 2781 per
1574 2710 2038 2766 resurrectionem

459 2799 787 2869 intelligant,
833 2801 969 2857 satis
1015 2804 1310 2872 explicant.
1347 2802 1481 2858 Nam
1535 2805 1638 2859 etsi
1670 2819 1824 2859 suam
1858 2805 1922 2858 de
1956 2804 2042 2859 bis

459 2894 792 2947 sententiam
831 2896 1191 2966 pronuntiare
1241 2896 1557 2959 vidcantur,
1604 2913 1669 2951 ex
1705 2897 1819 2967 ipsa
1856 2905 2039 2950 tamen

459 2985 816 3055 inquisitione
867 2987 1144 3042 constabit
1195 2988 1418 3043 minime
1479 2989 1624 3054 illos,
1679 3003 1801 3058 quae
1849 3003 2041 3042 consc-

2169 2407 2292 2461 Τῶν
2324 2407 2664 2476 Ὠριγένους
2695 2407 2944 2476 ἐπιτομὴ
2977 2407 3090 2476 (3i)
3130 2407 3198 2460 ἑκ
3233 2405 3349 2460 τῶν
3386 2407 3716 2462 Μεθοδίσυ.

2212 2521 2312 2575 IB'.
2362 2519 2644 2573 Ἐντεῦθεν
2675 2522 2724 2573 οἱ
2756 2521 3112 2590 ἀπλούστεροι
3142 2519 3252 2572 τῶν
3283 2520 3744 2574 πεπιστευκότων

2139 2611 2448 2685 ὁρμώμενοι
2475 2651 2489 2673 ,
2525 2611 2805 2681 νομίζουσι
2841 2613 2968 2675 τοὺς
3004 2613 3217 2676 ἀσεϐεῖς
3250 2611 3350 2681 τῆς
3380 2613 3744 2678 ἀναστάσεως

2143 2707 2216 2777 μὴ
2243 2705 2543 2769 τεύξεσθαι,
2566 2705 2619 2758 τί
2657 2705 2904 2771 νοοῦντες
2934 2706 3031 2778 τὴν
3069 2707 3363 2760 ἀνάστασιν
3389 2747 3403 2770 ,
3435 2708 3526 2760 καὶ
3559 2725 3772 2762 ποτα-.

2139 2797 2245 2868 πὴν
2273 2797 2371 2867 τὴν
2400 2796 2578 2865 κρίσιν
2606 2795 3022 2866 φανταζόμενοι,
3051 2797 3113 2849 οῦ
3147 2797 3288 2850 πάνυ
3321 2795 3739 2866 σαφηνίζοντες.

2141 2889 2261 2942 Κᾶν
2301 2889 2408 2959 γὰρ
2440 2887 2658 2941 δοκοῦσι
2687 2889 2816 2959 περὶ
2853 2888 3059 2942 τούτων
3089 2888 3516 2958 ἀποφαίνεσθαι,
3552 2890 3587 2959 ἡ
3618 2890 3746 2959 βά-

2142 2999 2298 3044 σανος
2329 2981 2526 3044 αὐτοὺς
2563 2979 2825 3048 διελέγξει
2849 3021 2863 3044 ,
2921 2981 2991 3034 τά
3031 2982 3160 3051 ἑξῆς
3187 2981 3493 3045 ἀκολούθως
3532 2983 3746 3046 σώζειν

457 3079 682 3146 quentia
719 3085 872 3140 sunt,
907 3095 1066 3147 posse
1093 3095 1333 3134 servare.
1374 3080 1555 3146 Quare
1594 3081 1638 3136 si
1677 3096 1772 3136 eos
1807 3080 2039 3134 interro-

2146 3079 2220 3151 μὴ
2250 3079 2599 3150 δυναμένους.
2639 3079 2764 3131 Ἐὰν
2791 3073 2884 3132 οὖν
2922 3078 3340 3149 πυνθανώμεθα,
3377 3079 3519 3142 τίνος
3545 3079 3746 3133 αὐτῶν

459 3187 668 3241 gemus.
701 3172 988 3242 cujusnam
1020 3173 1349 3228 resurrectio
1391 3173 1571 3226 futura
1605 3173 1708 3227 sit:
1741 3187 2032 3242 corporum

460 3261 621 3331 535
658 3264 864 3331 utique,
900 3264 1246 3332 respondent,
1274 3263 1472 3332 quibus
1518 3263 1678 3316 modo
1711 3262 2034 3317 circumdati

461 3369 673 3408 smnus.
711 3352 816 3409 Sed
848 3355 1182 3410 instantibus
1228 3356 1385 3409 nobis
1432 3357 1670 3410 totius-ue
1720 3355 2040 3409 substantiae

461 3461 633 3499 necne
662 3462 783 3501 esse
804 3445 996 3501 debeat
1025 3465 1036 3499 :
1071 3458 1360 3518 antequam
1389 3447 1676 3517 diligenter
1704 3447 2036 3516 expendant,

461 3535 631 3590 totius
670 3553 794 3591 esse
819 3537 1106 3592 deﬁniunt.
1139 3537 1292 3603 Quod
1327 3539 1378 3594 si
1411 3553 1513 3592 nos
1541 3538 1607 3593 ad
1657 3537 1869 3592 illormn
1909 3539 2039 3594 sim-

461 3627 763 3696 plicitatem
811 3630 1291 3684 accommodantes
1353 3629 1550 3683 iterum
1592 3628 1893 3683 dubitando
1921 3645 2043 3699 per-

406 3722 414 3728 ’
463 3728 769 3785 contemur,
810 3737 941 3775 num
994 3737 1102 3774 una
1139 3721 1366 3790 sanguis
1409 3721 1500 3775 illc
1553 3721 1897 3787 restituatur,
1949 3720 2042 3790 qui

465 3820 613 3868 secta
669 3814 964 3868 identidem
999 3828 1136 3867 vena
1186 3813 1414 3870 defusus
1447 3821 1552 3878 est,
1580 3828 1794 3868 necnon
1825 3821 1879 3868 et
1916 3829 2045 3868 caro

464 3905 664 3969 omnis,
697 3921 759 3959 ac
793 3905 906 3974 pili,
954 3906 1045 3975 qui
1081 3921 1318 3976 unquam
1343 3907 1491 3962 enati
1540 3913 1686 3970 sunt,
1721 3921 1789 3960 an
1833 3907 1865 3960 ii
1904 3907 2046 3961 dun-

467 4005 635 4062 taxat,
661 3999 754 4068 qui
784 3999 886 4054 sub
909 4001 1116 4054 exitum
1147 4007 1394 4056 nostrum
1419 3998 1754 4055 efﬂoruerint
1774 4039 1789 4059 .
1821 4016 1886 4055 eo
1913 4017 2047 4055 cou-

467 4090 700 4161 fugiunt,
734 4101 793 4146 ut
824 4090 936 4147 Deo
985 4093 1413 4164 permittendum
1447 4109 1571 4149 esse
1598 4093 1803 4157 dicant,
1834 4102 1892 4148 ut
1925 4110 2047 4165 quae

466 4185 618 4249 velit,
644 4183 858 4238 efficiat.
890 4185 960 4238 At
991 4185 1085 4255 qui
1112 4187 1286 4256 magis
1315 4186 1458 4240 inter
1495 4185 1619 4240 illos
1649 4186 1856 4240 strenui
1896 4193 2044 4251 sunt,

465 4289 535 4328 nc
591 4276 874 4343 sanguian
924 4275 1138 4345 cupiam
1193 4275 1565 4344 onmem,qui
1608 4290 1673 4329 ex
1723 4277 2048 4346 corporibus

466 4366 672 4418 nostris
699 4367 1021 4436 plerumque
1055 4374 1304 4421 secretus
1335 4374 1442 4429 est,
1494 4366 1548 4419 in
1595 4382 1765 4420 unum
1799 4367 2049 4422 conferre

2143 3174 2176 3242 ἡ
2205 3172 2497 3234 ἀνάστασις
2537 3170 2784 3240 γίνεται;
2822 3171 3243 3240 ἀποκρίνονται,
3273 3173 3355 3224 ὅτι
3387 3171 3494 3224 τῶν
3541 3172 3746 3241 σωμά-

2137 3283 2269 3326 των,
2298 3258 2372 3319 ὦν
2401 3264 2497 3317 νῦν
2528 3265 2910 3336 περικείμεθα.
2944 3260 3077 3318 Είτα
3119 3265 3742 3336 προσεπερωτησάντων

2139 3359 2170 3424 ἡ
2181 3357 2319 3427 μῶν,
2351 3358 2580 3428 πότερον
2608 3359 2706 3427 τῆς
2747 3357 2937 3421 οὐσίας
2960 3356 3140 3410 αὐτῶν
3171 3357 3318 3429 ὅλης,
3359 3358 3393 3428 ἥ
3425 3345 3570 3426 οὐχίξ
3598 3356 3746 3426 πρὶν

2143 3448 2430 3519 βασανίσαι
2475 3450 2726 3518 λέγουσιν
2751 3490 2766 3514 ,
2806 3451 2888 3503 ὅτι
2919 3448 3067 3520 ὅλης.
3125 3448 3251 3503 Ἐὰν
3283 3448 3340 3502 δὲ
3374 3449 3743 3519 προσαπορή-

2143 3555 2325 3609 σωμεν
2359 3539 2892 3611 συμπεριφερόμενοι
2935 3541 3003 3610 τῇ
3045 3539 3396 3610 ἀκεραιότητι
3426 3537 3605 3591 αὐτῶν
3629 3579 3644 3603 ,
3679 3540 3742 3590 εἰ

2145 3631 2608 3701 συναναστήσεται
2660 3632 2729 3686 τὰ
2765 3631 3183 3703 ἀπορρεύσαντα
3233 3635 3293 3684 ἐν
3347 3630 3740 3702 φλεϐοτομίαις

2144 3723 2387 3793 αἵματα,
2418 3725 2511 3777 καὶ
2561 3717 2616 3778 αἱ
2663 3726 2864 3796 σάρκες
2891 3767 2909 3789 ,
2948 3727 3041 3779 καὶ
3087 3728 3141 3779 αί
3181 3727 3366 3796 τρίχες
3401 3726 3458 3778 αἱ
3506 3723 3737 3778 miratore

2144 3817 2463 3887 γενόμεναι,
2514 3818 2546 3887 ἦ
2591 3819 2749 3889 μόναι
2803 3821 2860 3873 αἱ
2895 3819 3032 3890 πρὸς
3079 3821 3145 3891 τῇ
3183 3819 3348 3889 ἐξόδῳ
3379 3817 3694 3888 θλιϐόμεναι
3720 3835 3737 3848 ·

2146 3912 2224 3974 είς
2261 3910 2322 3963 τὸ
2371 3910 2448 3981 τῷ
2477 3911 2596 3982 Θεῷ
2646 3913 2821 3965 ποιεῖν
2854 3913 2869 3942 ¹
2908 3914 2944 3967 ὃ.
2983 3912 3230 3982 βούλεται
3281 3912 3736 3983 προστρέχουσιν.

2147 3999 2208 4052 Οἱ
2250 4000 2306 4053 δέ
2337 4002 2698 4074 γενναιότεροι
2726 4003 2906 4056 αὐτῶν
2931 4045 2946 4070 ,
2980 4004 3067 4056 ἵνα
3100 4004 3174 4075 μὴ
3217 4004 3630 4073 ἀναγκάζωνται
3662 4001 3742 4055 τὰ

2147 4091 2287 4144 αὐτά
2323 4093 2527 4164 αἵματα
2559 4099 2884 4164 συναγαγεῖν
2912 4095 2990 4166 τῷ
3031 4095 3204 4165 λόγῳ,
3241 4096 3277 4150 ἃ
3306 4096 3563 4158 πολλάκις
3593 4097 3742 4147 ἀπο-

2149 4184 2402 4255 κριθῆναι
2430 4185 2542 4238 τῶν
2576 4189 2844 4258 σωμάτων
2875 4187 3032 4259 ὴμῶν
3082 4187 3281 4260 συνέϐη
3301 4229 3315 4252 ,
3366 4189 3498 4257 φασὶ
3530 4190 3589 4240 τὸ
3638 4187 3739 4239 ἐπὶ

2149 4275 2291 4327 τέλει
2336 4275 2492 4346 ἡμῶν
2548 4278 2948 4350 ἀναστήσεσθαι
2990 4277 3168 4349 σῶμα.
3221 4278 3740 4349 Προσηπορήσαμεν

2149 4365 2224 4430 δὲ,
2265 4367 2352 4420 διὰ
2392 4368 2453 4421 τὸ
2483 4371 2720 4441 τρεπτὴν
2759 4367 2897 4423 εἶναι
2934 4371 3033 4442 τὴν
3067 4369 3386 4441 σωματικὴν
3416 4371 3606 4438 φύσιν,
3639 4369 3742 4421 καὶ

465 4457 718 4510 oratione
745 4473 844 4511 sua
872 4465 1164 4527 cogantur,
1194 4456 1465 4527 ejusmodi
1493 4470 1780 4527 resurgere
1809 4472 2039 4528 corpora

2146 4458 2388 4524 τοιαῦτα,
2415 4459 2602 4532 ὥσπερ
2634 4463 2713 4525 είς
2739 4461 2800 4514 τὸ
2829 4461 3096 4533 ἡμέτερον
3131 4461 3290 4532 σῶμα
3317 4462 3374 4515 αἱ
3411 4460 3605 4533 τροφαὶ
3637 4477 3741 4512 κα-

467 4548 797 4618 praedicant,
838 4551 1021 4619 qualia
1069 4549 1434 4604 morientibus
1484 4549 1642 4603 nobis
1708 4549 2040 4605 exstiterint.

465 4641 669 4695 Contra
708 4657 847 4712 quos
886 4641 1022 4696 illud
1057 4642 1278 4714 insuper
1308 4641 1622 4712 obiicimus,
1662 4655 1786 4694 cum
1820 4641 1893 4697 sit
1917 4657 2041 4696 cor-

467 4748 660 4804 porum
683 4741 878 4787 natura
916 4734 1217 4799 mutabilis,
1256 4733 1717 4804 quemadmodum
1752 4734 1808 4788 in
1844 4747 2045 4804 corpus

544 4893 556 4907 '
591 4891 754 4948 Deest
815 4891 1148 4963 ἐπιτρέπειν.

537 5051 654 5119 (51)
691 5048 813 5103 Τῶν
856 5050 1194 5120 Ὠριγένους
1235 5047 1520 5120 ᾼὲπιτομή.
1575 5047 1676 5104 Hic
1709 5056 1795 5103 est
1825 5047 2036 5105 Metho-

467 5118 591 5176 tlius
623 5121 712 5174 ille
740 5118 1179 5192 OlympiiLyciae,
1217 5118 1412 5192 deinde
1439 5119 1567 5191 Tyri
1590 5121 1915 5192 episcopus,
1942 5121 2037 5188 qui

467 5195 612 5247 inter
633 5188 829 5246 caetera
850 5188 926 5245 De
952 5191 1344 5245 Resurrectione
1369 5188 1560 5244 contra
1578 5188 1882 5260 Origeuém'
1900 5206 2039 5258 opus

468 5263 692 5331 scripsit
722 5263 980 5317 eximium
1007 5281 1021 5328 ;
1060 5273 1116 5316 et
1146 5261 1212 5316 ad
1242 5271 1545 5315 extremum
1579 5263 1890 5316 novissimae
1920 5277 2043 5331 per-

470 5330 789 5404 secutionis,
825 5334 961 5404 sive,
995 5340 1054 5387 ut
1087 5333 1176 5404 alii
1210 5331 1501 5396 afﬁrmant,
1533 5333 1636 5404 sub
1666 5332 1826 5386 Decio
1855 5340 1910 5386 et
1934 5330 2040 5385 Va-

471 5405 697 5474 leriano,
726 5403 779 5456 in
809 5403 1064 5474 Chalcide
1085 5401 1306 5456 Griecize
1321 5403 1592 5474 martyrio
1616 5412 1909 5474 coronatus
1935 5411 2040 5457 est.

471 5473 597 5526 llaec
629 5473 986 5545 Hieronymus
1013 5473 1134 5528 Cat.
1160 5475 1259 5526 vir.
1290 5471 1488 5545 illustri
1533 5474 1787 5545 Socrates
1835 5473 1932 5526 lib:
1965 5489 2040 5534 vt,

472 5559 594 5612 cap.
633 5546 720 5606 15,
749 5555 986 5614 quatuor
1018 5554 1287 5607 recenset,
1335 5544 1429 5613 qui
1464 5545 1728 5598 adversus
1753 5544 2042 5612 Origenem

475 5614 748 5686 praecipue
774 5614 1364 5686 stylumexercuerint;
1397 5629 1560 5686 quem
1592 5615 1707 5682 ipse
1731 5614 2044 5686 κακολόγων

472 5684 772 5753 τετρακτύν
807 5683 1151 5753 impudenter
1178 5684 1432 5754 appellat.
1474 5683 1692 5738 Primus
1722 5692 1807 5739 est
1838 5683 2042 5737 Metho-

476 5755 621 5820 dius,
641 5755 913 5811 secundus
935 5755 1656 5822 EustathiusAntiocbenus,
1678 5755 2046 5824 tertiusApol-

2149 4551 2537 4614 τατάττονται,
2570 4553 2662 4606 καὶ
2695 4554 3084 4623 μεταϐάλλουσι
3118 4553 3214 4618 τὰς
3250 4554 3571 4624 ὁμοιότητας
3593 4593 3606 4616 ,
3644 4549 3741 4603 οῦ-

2149 4661 2256 4708 τως
2286 4646 2376 4697 καὶ
2423 4645 2492 4698 τά
2516 4645 2765 4716 ἡμέτερα
2792 4645 3022 4715 σώματα
3053 4645 3513 4715 μεταϐάλλονται,
3549 4642 3643 4696 καὶ
3677 4643 3742 4694 ἐν

2149 4738 2263 4799 τοῖς
2298 4736 2652 4808 σαρκοϐὁροις
2681 4739 2890 4801 οἰωνοῖς
2919 4738 3012 4790 καὶ
3039 4737 3248 4809 θηρίοις
3280 4737 3557 4806 γίγνονται
3587 4736 3736 4807 μέρη

2142 5048 2366 5113 liuaris,
2427 5052 2660 5114 quartus
2696 5041 3053 5114 Theophilus.
3140 5038 3334 5098 Addit,
3395 5037 3731 5092 Methodium

2143 5129 2351 5189 postea,
2392 5113 2558 5170 veluti
2588 5113 2862 5189 paliuodia
2899 5118 3398 5189 recantatahquem
3433 5116 3734 5188 accusarat

2143 5179 2430 5258 Urigeuetn
2466 5179 3125 5258 continettdassedialogo
3171 5182 3284 5258 illo,
3334 5194 3498 5248 quem
3531 5179 3734 5258 inscri-

2143 5247 2534 5330 νεὶίξεενῶνα.
2566 5254 2670 5308 Sed
2690 5254 2935 5330 Socratis
2947 5247 3368 5330 calu'ninianrac
3387 5247 3732 5330 nli‘endaciuip

2150 5318 2213 5385 ex
2258 5327 2589 5397 Hieronymo
2629 5325 2908 5397 convincit
2945 5323 3238 5397 l1argni_us_
3267 5319 3481 5397 A._e_50?
3504 5335 3645 5397 ,__n._
3673 5318 3731 5373 5.

2150 5400 2350 5454 Seribit
2382 5387 2525 5451 enim
2558 5396 2645 5448 ille
2673 5395 2825 5461 Apol.
2862 5393 2910 5458 1,
2939 5394 2992 5445 in
3046 5391 3168 5461 Ruf.
3197 5390 3493 5444 Eusebium
3524 5387 3736 5461 hlethuf

2151 5470 2240 5523 dio
2269 5470 2321 5522 in
2350 5483 2400 5522 vt
2447 5469 2584 5520 libro
2621 5457 2891 5533 Apologia:
2937 5465 3080 5516 istud
3129 5457 3500 5533 'exprobrasse
3539 5501 3553 5533 .
3589 5457 3732 5524 Quid

2153 5540 2305 5593 modo
2351 5554 2511 5592 ausus
2559 5546 2637 5589 est
2670 5530 2978 5588 Methodius
3025 5549 3160 5585 nunc
3209 5530 3394 5585 eontra
3453 5530 3733 5599 Origenem

2152 5610 2399 5673 scribere,
2429 5607 2517 5678 qui
2545 5607 2655 5678 hare
2682 5616 2732 5678 et
2762 5609 2871 5678 [nec
2899 5605 2977 5678 de
2999 5602 3250 5678 Origenis
3270 5603 3491 5678 iocatus
3522 5598 3598 5678 est
3629 5598 3730 5678 du-

2149 5670 2414 5751 gmatibus
2433 5670 2457 5734 ἔν
2478 5677 2632 5742 Quod
2661 5677 2729 5751 ab
2751 5677 2951 5751 Ariauo
2969 5670 3185 5751 homine
3202 5672 3371 5742 objici
3389 5670 3518 5729 dicit
3535 5670 3732 5724 claris-

2153 5746 2291 5809 snno
2326 5759 2380 5808 ct
2413 5748 2860 5819 eloquentissimo
2892 5746 3136 5806 iii-.irtyri.
