4082 6394
315 430 454 487 1089

949 428 1322 486 ADVERSUS
1350 429 1692 486 II/ERESES
1731 431 1859 487 LIB.
1905 433 1967 488 II.
2010 433 2172 490 ΤΟΜ.
2216 435 2349 490 I.—
2392 436 2666 496 ιιιΕιιΕδ.
2710 439 2892 496 LXIV.

3431 447 3570 504 “‘90

307 540 420 596 τῶν
471 541 694 595 ἐκείνων
748 541 1036 614 σωμάτων.
1084 546 1194 598 Καὶ
1242 545 1404 600 πάλιν
1441 549 1626 600 ἐκεῖνα
1659 547 1763 601 ὑπὸ
1800 549 1885 601 ἀνι

1997 556 2246 606 nostrum
2321 552 2580 606 alimenta
2651 552 3013 624 digeruntur,
3078 557 3572 632 similitudinesque

309 633 549 704 Θρώπων
591 633 625 702 ἢ
679 634 880 705 ἑτέρων
908 633 1063 699 ζώων
1095 636 1384 708 ἐσθιόμενα
1423 638 1892 708 ἁντιμεταΰάλλει,

307 725 636 793 καὶγίνεται
662 725 965 796 ἀνθρώπων
999 726 1032 796 ἦ
1069 728 1271 800 ἐτέρων
1300 727 1454 792 ζώων
1493 729 1741 799 σώματα.
1787 732 1896 784 Καὶ

305 817 500 870 τούτου
531 818 625 871 ἐπὶ
657 819 792 871 πολὺ
819 819 1141 889 γιγνομένου
1167 859 1182 886 ,
1219 821 1431 893 ἀνάγκη
1460 822 1522 875 τὸ
1567 823 1700 876 αὐτὸ
1736 823 1896 894 σῶμα

307 908 571 962 πλειόνων
594 907 898 979 ἀνθρώπων
931 910 1194 974 πολλάκις
1225 913 1478 980 γενέσθαι
1523 913 1706 984 μέρος.
1740 914 1896 979 Τίνος

307 999 402 1055 οὖν
441 1001 594 1055 ἔσται
643 1002 803 1072 σῶμα
839 1004 898 1054 ὲν
945 1006 1012 1076 τῇ
1073 1004 1399 1071 ἀναστάσει;
1442 1006 1553 1059 Καὶ
1589 1005 1764 1070 οὕτως
1811 1010 1892 1071 εἰς

311 1093 469 1164 βυθὸν
526 1093 794 1166 φλυαρίας
839 1095 988 1165 ἡμᾶς
1043 1097 1271 1165 ἀλόγους
1325 1099 1338 1128 ³
1396 1097 1737 1169 συμϐήσεται
1786 1101 1889 1171 ἑμ-

311 1187 552 1241 πίπτειν.

1995 651 2389 714 transmutant,
2420 646 2492 701 ita
2524 659 2576 702 et
2600 663 2830 720 corpora
2855 660 3044 706 nostra
3069 655 3334 721 conveni,
3369 665 3422 711 et
3449 673 3570 712 ear-

1994 735 2203 791 nivoris
2243 737 2435 792 avibus
2466 738 2704 810 ferisque
2748 740 2973 811 depasta
3019 759 3308 814 corporum
3351 747 3568 803 illorum

1993 837 2177 898 partes
2221 829 2380 885 eﬂici.
2419 829 2554 897 Qum
2598 833 2816 902 quidem
2858 851 3075 890 rursum
3130 838 3200 891 ab
3255 839 3569 896 hominibus

1995 927 2089 973 aut
2124 921 2246 974 aliis
2297 921 2628 978 animalibus
2660 924 2917 978 devorata
2967 926 3210 980 vicissim
3262 939 3568 994 mutantur,

1997 1018 2052 1063 et
2075 1011 2353 1064 hominum
2395 1013 2478 1066 vel
2527 1013 2758 1067 aliorum
2791 1015 3103 1068 animalium
3135 1031 3366 1086 corpora
3398 1020 3568 1072 liunt:

1995 1117 2103 1170 qua
2143 1119 2202 1156 re
2235 1105 2434 1174 szepius
2489 1109 2739 1175 repetita,
2785 1123 3010 1164 necesse
3045 1117 3128 1162 est
3179 1110 3320 1164 idem
3368 1127 3570 1181 corpus

1995 1196 2359 1264 complurium
2394 1197 2674 1250 hominum
2716 1199 2916 1268 saepius
2954 1215 3074 1255 esse
3115 1209 3344 1271 partem.
3370 1203 3572 1273 Cujus-

307 1297 433 1336 nam
476 1282 640 1353 igitur
681 1282 735 1336 in
777 1283 1179 1338 resurrectione
1234 1297 1437 1354 corpus
1468 1300 1591 1339 esse
1628 1283 1892 1340 debebit?
1927 1287 2004 1341 Ita
2077 1304 2178 1343 nos
2225 1290 2370 1344 velut
2405 1291 2617 1346 ratione
2654 1291 2899 1346 destituti
2944 1295 3000 1347 in
3039 1294 3337 1350 altissimas
3404 1309 3572 1365 quas-

309 1376 434 1430 dam
468 1391 642 1445 nugas
674 1385 836 1446 atque
865 1376 1096 1445 ineptias
1125 1377 1493 1434 devolvimur.

379 1473 476 1524 II".
520 1474 627 1526 Καὶ
672 1474 810 1544 μετά
850 1474 1054 1537 ταύτας
1085 1476 1184 1540 τὰς
1213 1475 1447 1547 ἀπορίας
1478 1475 1571 1528 ἐπὶ
1613 1477 1673 1528 τὸ
1708 1476 1888 1529 πάντα

305 1563 508 1618 δυνατά
535 1561 674 1620 εἶναι
713 1567 789 1638 τῷ
821 1567 942 1638 Θεῷ
975 1569 1376 1638 καταφεύγουσι
1403 1610 1416 1630 ,
1453 1571 1546 1624 καὶ
1577 1569 1748 1635 λέξεις
1775 1571 1885 1624 τῶν

306 1656 536 1727 Γραφῶν
561 1659 866 1730 δυναμένας
897 1660 1037 1715 κατά
1064 1662 1161 1734 τὴν
1191 1663 1478 1735 πρόχειρον
1505 1663 1730 1734 ἐκδοχὴν
1761 1665 1886 1717 ὑπο⁴

307 1749 522 1802 ϐάλλειν
555 1749 614 1803 τὸ
653 1751 941 1822 νοούμενον
979 1754 1159 1818 αὐτοῖς
1197 1755 1582 1826 προφέρονται.
1634 1750 1758 1807 Οἴον
1787 1755 1886 1826 τὴν

305 1842 363 1894 ἐν
392 1839 469 1912 τῷ
510 1841 768 1914 Ἰεζεκιήλ
787 1861 800 1875 °
833 1845 942 1899 Kal
971 1845 1207 1916 ἐγένετο
1235 1847 1326 1900 ἐπ’
1352 1847 1456 1917 ἐμὲ
1488 1848 1616 1918 χεὶρ
1641 1848 1884 1915 Κῳίουο

307 1931 423 1996 καὶ,
487 1933 772 2004 Ἐξήγαγέ
797 1954 874 2005 με
908 1937 974 1990 ἐν
1007 1939 1297 2007 πνεύματι
1320 1979 1334 2004 ,
1377 1938 1475 1992 καὶ
1516 1938 1693 2007 ἔθηκέ
1713 1956 1790 2008 με
1818 1937 1889 1990 ἐν

298 2023 468 2092 μέσῳ
497 2025 706 2079 πεδίου
726 2069 741 2092 ,
792 2027 888 2080 καὶ
921 2027 1098 2082 τοῦτο
1142 2026 1222 2100 ἦν
1243 2032 1474 2099 μεστὸν
1511 2030 1738 2083 ὀστέων
1786 2029 1889 2082 ἀν·-

306 2117 569 2187 θρώπων.
628 2121 740 2173 Kal
788 2121 1109 2191 περιήγατέ
1155 2139 1232 2191 με
1268 2123 1362 2176 ἐπ’
1399 2123 1551 2177 αὐτὰ
1587 2122 1888 2176 κυκλόθεν

305 2213 542 2277 κύκλῳ·
581 2213 678 2267 καὶ
713 2211 840 2266 ἰδοὺ
891 2213 1093 2268 πολλὰ
1142 2215 1378 2284 σφόδρα
1419 2215 1517 2270 ἐπὶ
1561 2218 1886 2285 προσώπου

305 2303 410 2357 τοῦ
449 2304 692 2357 πεδίου·
730 2305 826 2358 καὶ
860 2304 991 2358 ἰδοὺ
1021 2305 1174 2359 αὐτὰ
1223 2306 1377 2374 ξηρὰ
1424 2308 1580 2365 λίαν.
1617 2309 1726 2363 Καὶ
1757 2306 1888 2363 εἷπε

305 2394 454 2462 πρὸς
487 2393 598 2464 μέ·
653 2395 749 2449 Υἱὲ
795 2395 1110 2464 ἀνθρώπου
1137 2438 1150 2456 .
1193 2399 1245 2451 εὶ
1288 2396 1526 2464 ζήσεται
1578 2399 1651 2454 τὰ
1703 2401 1888 2455 ὀστέα

263 2488 268 2491 ’
305 2487 521 2552 ταῦτα;
569 2488 677 2542 Καὶ
715 2485 921 2542 εἷπον
958 2490 1138 2556 Κύριε
1175 2492 1207 2543 ό
1240 2490 1411 2556 Θεὸς,
1453 2491 1535 2544 σὺ
1561 2493 1886 2547 ἐπίστασαι

304 2579 513 2633 ταῦτα.
544 2580 656 2633 Kal
695 2576 826 2634 εἷπε
851 2579 999 2650 πρός
1021 2581 1128 2650 μέ’
1157 2577 1623 2650 Προφήτευσον,
1658 2584 1749 2638 υἱὲ
1777 2586 1883 2639 άν-

305 2671 557 2739 θρώπου.
591 2671 705 2725 Kal
740 2669 913 2726 εἷπον
951 2674 1099 2741 πρὸς
1123 2673 1277 2728 αὑτά
1299 2690 1316 2706 ο
1349 2673 1424 2728 Τὰ
1463 2674 1644 2729 ὀστέα
1673 2676 1745 2730 τὰ
1780 2676 1886 2745 ξη-

297 2760 378 2828 ρὰ
407 2760 596 2814 ταῦτα
619 2800 633 2825 ,
669 2761 970 2816 ἀκούσατε
1017 2765 1204 2833 λόγον
1252 2766 1476 2833 Kvplov
1504 2782 1517 2796 ·
1547 2765 1696 2821 Τάδε
1725 2767 1886 2838 λέγει

318 2851 549 2906 Ἀδοναῖ
580 2855 794 2923 Κύριος
842 2855 964 2919 τοῖς
1007 2856 1241 2922 ὀστέοις
1269 2859 1531 2924 τούτοις·
1578 2859 1734 2913 Ἰδοὺ
1772 2860 1886 2931 ἐγὼ

303 2943 524 3014 εἰσάγω
570 2948 658 3011 εἰς
708 2945 862 3017 ὑμᾶς
917 2948 1153 3018 πνεῦμα
1201 2947 1378 3017 ζὶυῆς·
1416 2951 1514 3004 καὶ
1573 2951 1746 3006 δώσω
1797 2956 1886 3020 εὶς

302 3033 462 3102 ὑμᾶς
502 3035 722 3103 νεῦρα·
777 3038 875 3091 καὶ
904 3040 1106 3105 ἐπάξω
1149 3042 1240 3111 ἐφ’
1281 3042 1438 3112 ὑμᾶς
1474 3044 1735 3113 σάρκας,
1786 3048 1883 3102 καὶ

303 3126 526 3180 ἐκτενῶ
571 3128 664 3197 ἐφ’
698 3129 854 3199 ὑμᾶς
901 3131 1120 3201 δέρμα’
1156 3134 1254 3188 καὶ
1305 3134 1476 3190 δώσω
1528 3137 1595 3190 τὸ
1647 3139 1886 3209 πνεῦμά

2075 1473 2205 1529 XIII.
2247 1474 2514 1531 Cancrum
2549 1482 2672 1547 post
2720 1477 2838 1531 haec
2876 1491 2908 1530 a
2942 1476 3102 1532 nobis
3138 1479 3351 1548 objecta
3380 1495 3446 1535 eo
3474 1482 3570 1536 de-

1993 1583 2142 1621 mum
2190 1583 2249 1623 se
2297 1567 2584 1632 referunt,
2631 1576 2691 1622 ut
2736 1570 2920 1624 omnia
2975 1569 3083 1624 Deo
3127 1572 3406 1640 possibilia
3447 1590 3569 1630 esse

1992 1660 2197 1724 dicant,
2235 1669 2398 1732 atque
2443 1661 2511 1716 ad
2563 1663 2875 1732 opinionem
2925 1679 3078 1718 suam
3122 1666 3368 1734 quaedam
3417 1665 3566 1722 Scri-

1993 1763 2167 1823 plura:
2195 1756 2524 1819 testimonia,
2568 1771 2686 1825 quae
2739 1757 2915 1824 primo
2949 1756 3219 1827 obvioque
3251 1773 3416 1813 sensu
3448 1759 3568 1814 illo-

1994 1860 2114 1898 rum
2165 1845 2490 1899 conlirmare
2543 1846 2738 1915 dogma
2800 1847 3095 1911 videntur,
3154 1850 3568 1905 accommodare

1991 1939 2264 1991 nituntur.
2298 1937 2470 2003 Quale
2513 1945 2598 1992 est
2636 1936 2938 1994 Ezechielis
2984 1937 3153 1992 illud:
3201 1939 3268 1993 Et
3313 1941 3458 2008 facta
3488 1952 3567 1994 est

1991 2045 2147 2098 super
2175 2045 2254 2082 me
2278 2045 2464 2083 manus
2485 2027 2731 2091 Domini;
2760 2037 2814 2084 et
2836 2047 2847 2082 :
2869 2028 3067 2082 Eduxit
3095 2047 3174 2084 me
3194 2033 3247 2083 in
3273 2033 3482 2099 spiritu,
3517 2045 3566 2085 et

1989 2123 2164 2189 posuit
2197 2137 2277 2175 me
2301 2122 2352 2174 in
2381 2121 2550 2176 medio
2573 2123 2767 2190 campi,
2797 2131 2845 2175 et
2877 2121 2962 2175 hic
2992 2133 3106 2175 erat
3141 2123 3325 2190 plenus
3358 2125 3564 2177 ossibus

1989 2215 2282 2268 hominum.
2314 2213 2382 2267 Et
2415 2215 2762 2270 circumduxit
2810 2231 2891 2268 me
2921 2214 2990 2268 ad
3019 2231 3080 2268 ea
3123 2231 3215 2282 per
3248 2216 3564 2280 circuitum;

1988 2317 2038 2362 et
2066 2324 2180 2362 ecce
2209 2307 2376 2361 multa
2411 2307 2560 2361 valde
2588 2309 2643 2360 iu
2673 2308 2950 2377 superﬁcie
2994 2307 3206 2376 campi;
3232 2317 3278 2362 et
3311 2324 3426 2362 ecce
3453 2311 3564 2375 ipsa

1989 2399 2145 2453 arida
2178 2400 2349 2454 valde.
2386 2398 2454 2452 Et
2483 2399 2619 2453 dixit
2659 2402 2727 2452 ad
2757 2413 2870 2453 me:
2905 2399 3018 2452 Fili
3048 2399 3296 2465 hominis,
3322 2401 3369 2454 si
3397 2403 3565 2455 virent

1989 2509 2111 2545 ossa
2154 2493 2307 2545 htec?
2333 2491 2401 2545 Et
2436 2493 2549 2545 dixi
2571 2509 2589 2546 :
2623 2491 2847 2544 Domine
2885 2490 3040 2554 Deus,
3078 2503 3131 2545 tu
3165 2496 3270 2546 ista
3308 2496 3467 2548 nosti.
3499 2495 3565 2547 Ει

1987 2585 2127 2638 dixit
2147 2585 2214 2638 ad
2246 2600 2356 2639 me:
2380 2583 2723 2655 Prophetiza,
2747 2585 2826 2653 fili
2848 2584 3096 2640 hominis.
3126 2583 3192 2638 Et
3216 2586 3418 2641 locutus
3449 2605 3563 2641 sum

1991 2676 2058 2730 ad
2081 2675 2190 2730 hwc
2204 2695 2221 2730 :
2243 2676 2378 2732 Ossa
2398 2677 2574 2740 arida,
2602 2676 2780 2731 audite
2796 2678 3004 2732 verbum
3028 2677 3268 2733 Domini:
3293 2680 3418 2734 Iltcc
3433 2681 3561 2735 dicit

1989 2768 2248 2824 Dominus
2276 2769 2410 2824 Deus
2432 2771 2636 2825 ossibus
2659 2772 2774 2824 istis
2794 2787 2811 2824 :
2831 2770 2962 2825 Ecce
2979 2772 3116 2825 enim
3138 2774 3383 2826 inducam
3406 2777 3456 2827 in
3476 2791 3564 2829 vos

1991 2863 2235 2930 spiritum
2267 2863 2406 2925 vitm,
2435 2871 2484 2916 et
2514 2878 2705 2931 ponam
2736 2863 2788 2914 in
2818 2861 2960 2916 vobis
2989 2878 3210 2927 nervos;
3245 2873 3292 2916 et
3315 2865 3564 2918 inducam

1988 2954 2042 3006 in
2073 2969 2160 3007 vos
2191 2970 2397 3014 carnes,
2442 2962 2491 3006 et
2533 2954 2810 3007 extendam
2856 2969 3010 3022 super
3044 2971 3131 3008 vos
3163 2966 3366 3020 cutem;
3404 2956 3566 3028 536

1987 3053 2037 3096 et
2075 3043 2212 3096 dabo
2243 3045 2486 3111 spiritum
2527 3061 2698 3098 meum
2737 3046 2792 3098 in
2825 3062 2935 3106 vos,
2969 3056 3015 3099 et
3052 3047 3261 3111 vinetis;
3297 3057 3345 3100 et
3372 3059 3564 3116 ponunt

1988 3153 2074 3190 vos
2109 3137 2163 3190 iu
2195 3146 2336 3190 terra
2367 3147 2558 3198 vestra,
2589 3147 2638 3191 et
2681 3138 3000 3208 cognoscetis
3032 3141 3156 3209 quia
3190 3156 3281 3209 ego
3311 3157 3426 3194 sum
3460 3140 3565 3194 Do-

297 3235 417 3284 _uov
451 3217 543 3287 ἐρ’
582 3219 771 3290 ὑμᾶς,
817 3223 914 3276 καὶ
960 3221 1211 3290 ζήσεσθε
1238 3242 1250 3255 ’
1286 3227 1384 3280 καὶ
1430 3227 1691 3298 θήσομαι
1732 3229 1884 3299 ὑμᾶς

1989 3231 2162 3284 minus
2185 3231 2225 3283 ³.
2257 3229 2367 3284 Hoc
2400 3230 2564 3298 igitur
2593 3230 2930 3298 probabilius
2959 3231 3171 3284 caeteris
3193 3232 3562 3286 testimonium

301 3309 401 3362 ἐπὶ
445 3311 559 3379 τὴν
602 3313 720 3382 γῆν
749 3314 948 3384 ὑμῶν,
981 3316 1078 3370 καὶ
1123 3317 1466 3387 γνώσεσθε,
1502 3319 1590 3374 ὅτι
1627 3320 1742 3392 ἐγώ
1767 3325 1885 3392 εἰμι

300 3400 534 3468 Κύριος.
577 3402 763 3473 Τούτῳ
816 3405 917 3475 μὲν
974 3403 1066 3461 οὗν
1123 3407 1478 3482 πιθανωτέρῳ
1519 3413 1756 3484 χρῶνται
1807 3416 1886 3486 τῷ

303 3493 472 3563 ῥητῷ.
515 3493 618 3548 Καὶ
655 3494 788 3550 ἄλλα
824 3497 880 3549 δὲ
917 3497 1164 3567 λέγουσιν
1195 3501 1526 3571 εύαγγελικά
1556 3521 1568 3534 °
1629 3501 1739 3559 οἷον
1762 3547 1779 3572 ,
1810 3508 1885 3572 ὡς

301 3587 381 3648 τὸ,
436 3588 587 3640 Ἐκεῖ
625 3589 797 3642 ἔσται
826 3593 860 3644 ό
895 3593 1204 3661 κλαυθμὸς
1241 3595 1338 3648 καὶ
1383 3599 1416 3648 ὁ
1441 3597 1716 3666 βρυγμὸς
1768 3600 1887 3653 τῶν

303 3674 568 3730 ὀδόντων
598 3693 612 3707 ’
663 3679 755 3731 καὶ
786 3679 848 3732 τὸ
867 3720 880 3740 ,
928 3680 1230 3749 Φοϐήθητε
1262 3682 1370 3736 τὸν
1410 3685 1754 3758 δυνάμενον
1785 3691 1882 3743 καὶ

300 3768 515 3838 ψυχὴν
541 3771 638 3823 καὶ
669 3771 840 3841 σῶμα
868 3774 1162 3830 ἀπολέσαι
1211 3777 1281 3830 ἐν
1313 3777 1532 3848 γεέννῃ
1565 3797 1578 3811 ⁸
1611 3782 1704 3834 καὶ
1732 3781 1794 3834 τὸ
1827 3783 1884 3833 ἐν

301 3857 380 3927 τῷ
409 3858 606 3929 Παύλῳ
630 3875 642 3886 ·
687 3862 1054 3927 Ζωοποιήσει
1099 3865 1170 3918 τὰ
1203 3865 1368 3934 ὑμῶν
1398 3869 1642 3937 σώματα
1689 3869 1785 3925 διὰ
1819 3871 1884 3924 τὸ

301 3949 579 4004 ἐνοικοῦν
597 3954 782 4006 αὑτοῦ
802 3953 1038 4024 πνεῦμα
1057 3957 1126 4008 ἐν
1155 3959 1316 4027 ὑμῖν.

375 4045 472 4096 IA'.
499 4043 618 4114 Χρὴ
651 4045 708 4096 δὲ
735 4045 912 4098 πάντα
942 4047 1033 4099 τὸν
1061 4048 1326 4121 φιλαλήθη
1360 4052 1478 4115 κατ’
1515 4053 1676 4106 αὑτὸν
1711 4054 1730 4084 ¹
1763 4053 1886 4106 τού-

303 4151 414 4199 τοις
441 4135 531 4190 τὸν
557 4135 680 4188 νοῦν
701 4138 1072 4208 ἐπιστήσαντα
1101 4143 1228 4212 περὶ
1252 4144 1350 4213 τῆς
1378 4144 1724 4209 ἀναστάσεως
1747 4147 1888 4214 ἀγω-

301 4228 572 4291 νίσασθαι,
607 4229 779 4282 σῶσαί
814 4248 871 4283 τε
899 4232 993 4284 καὶ
1020 4233 1118 4304 τὴν
1151 4235 1258 4288 τῶν
1291 4237 1532 4308 ἀρχαίων
1565 4239 1881 4310 παράδοσιν,

301 4320 394 4374 καὶ
427 4319 764 4389 φυλάξασθαι
799 4323 1059 4391 ἐμπεσεῖν
1090 4325 1168 4388 εἰς
1202 4325 1469 4398 φλυαρίαν
1506 4329 1733 4400 πτωχῶν
1763 4347 1886 4400 νοη-

304 4410 490 4481 μάτων
515 4454 528 4475 ,
559 4412 835 4466 ἀδυνάτων
873 4430 933 4465 τε
966 4413 1082 4484 ἅμα
1135 4417 1230 4468 καὶ
1259 4416 1393 4470 Θεοῦ
1427 4419 1679 4485 ἀναξίων.
1713 4420 1885 4474 Τοῦτο

301 4499 392 4556 οὖν
441 4505 520 4566 εἰς
565 4503 654 4556 τὸν
703 4503 866 4558 τόπον
913 4503 1259 4576 διαληπτέον,
1309 4509 1392 4561 ὅτι
1426 4510 1543 4562 Πᾶν
1579 4509 1738 4581 σῶμα
1777 4513 1883 4565 ὑπὸ

1987 3331 2092 3384 est,
2124 3337 2245 3390 quae
2279 3336 2709 3375 commemorare
2756 3321 2970 3382 solent;
3020 3330 3217 3389 praeter
3247 3323 3391 3391 quod
3427 3337 3566 3375 non-

1988 3415 2134 3468 nulla
2167 3430 2233 3468 ex
2258 3412 2564 3484 Evangeliis
2592 3424 2940 3482 expromunt.
2975 3411 3132 3467 Velut
3163 3433 3175 3468 :
3213 3413 3294 3468 Ibi
3330 3415 3427 3467 erit
3467 3415 3558 3484 ﬂe-

1988 3518 2072 3560 tus
2114 3516 2163 3560 et
2207 3507 2406 3560 stridor
2466 3507 2772 3572 dentium‘;
2827 3507 3000 3560 item:
3053 3505 3250 3560 Timete
3285 3523 3424 3570 eum,
3475 3509 3564 3576 qui

1985 3609 2150 3668 potest
2186 3609 2232 3651 et
2263 3600 2496 3652 animam
2540 3609 2586 3652 et
2627 3613 2817 3666 corpus
2859 3596 3072 3664 perdere
3113 3599 3167 3650 in
3194 3599 3557 3668 gehennam";

1988 3702 2100 3744 tum
2131 3691 2260 3742 illud
2295 3705 2360 3743 ex
2389 3688 2556 3741 Paulo
2582 3707 2594 3743 ε
2640 3686 2937 3757 Viviﬁcabit
2968 3687 3218 3740 mortalia
3245 3697 3415 3741 uestra
3449 3703 3564 3741 cor-

1985 3799 2138 3852 pora,
2169 3792 2380 3852 propter
2408 3781 2788 3835 inhabitantem
2819 3785 2932 3850 ejus
2967 3781 3211 3849 spiritum
3239 3781 3290 3833 in
3317 3781 3460 3833 vobis
3483 3780 3524 3833 ⁶.

2055 4045 2196 4099 XIV.
2230 4045 2428 4099 Verum
2459 4059 2651 4099 omnes
2676 4060 2770 4099 cos
2801 4060 3028 4100 necesse
3058 4052 3162 4108 est,
3194 4045 3286 4114 qui
3315 4044 3563 4099 veritatis

1987 4137 2171 4189 studio
2197 4137 2492 4200 ducuntur,
2519 4151 2641 4190 cmn
2673 4136 2738 4189 ad
2767 4150 2828 4188 ea
2859 4138 3098 4190 animum
3125 4135 3446 4204 adjecerint,
3473 4136 3564 4189 ad-

1987 4243 2179 4282 versus
2205 4227 2336 4281 istos
2363 4226 2429 4280 de
2463 4226 2863 4281 resurrectione
2890 4224 3239 4290 contendere,
3276 4234 3334 4278 ut
3358 4233 3412 4280 et
3440 4242 3561 4295 qua:

1987 4334 2016 4372 a
2036 4320 2304 4373 veteribus
2324 4318 2519 4372 tradita
2538 4329 2683 4383 sunt,
2700 4319 3062 4382 retineantur,
3077 4317 3238 4386 idque
3250 4331 3559 4384 eaveamus,

1987 4429 2056 4467 ne
2071 4412 2124 4464 in
2145 4425 2404 4466 sensuum
2421 4410 2864 4464 inanissimorum
2882 4411 3112 4479 ineptias
3131 4409 3557 4474 descendamus,

1984 4520 2174 4560 eorum
2211 4503 2442 4569 scilicet,
2478 4518 2598 4572 qua:
2632 4517 2808 4572 neque
2841 4501 2955 4556 fieri
2986 4509 3239 4572 possunt,
3281 4513 3336 4556 et
3373 4503 3558 4555 divina

301 4594 512 4662 φύσεως
545 4595 899 4666 συνεχόμενον
926 4597 1023 4667 τῆς
1058 4599 1501 4672 καταταττούσης
1531 4599 1728 4665 ἔξωθέν
1759 4621 1879 4656 τινα

1988 4597 2266 4668 majestate
2287 4603 2414 4650 sunt
2454 4595 2694 4662 indigna.
2719 4592 2988 4660 Quocirca
3020 4595 3100 4649 sic
3134 4593 3200 4648 ad
3223 4611 3346 4649 eum
3380 4595 3561 4648 lowm

293 4686 454 4757 δίκην
503 4689 708 4758 τροφῆς
755 4691 835 4752 εἰς
862 4689 1014 4752 αὐτὸ,
1051 4690 1146 4742 καὶ
1193 4691 1594 4765 ἀποκρινούσης
1621 4695 1740 4748 ἀντὶ
1774 4696 1881 4750 τῶν

300 4780 738 4850 ἐπεισαγομένων
767 4780 951 4853 ἕτερα,
980 4781 1168 4855 ὥσπερ
1194 4785 1262 4838 τά
1298 4784 1406 4838 τῶν
1430 4785 1614 4854 φυτῶν
1646 4787 1739 4840 καὶ
1771 4789 1879 4842 τῶν

301 4869 474 4934 ζώων,
510 4871 569 4923 τὸ
604 4872 786 4924 ὑλικὸν
825 4873 1184 4943 ὑποκείμενον
1217 4874 1474 4929 οὐδέποτε
1513 4875 1626 4946 ἔχει
1663 4879 1877 4932 ταυτόν.

300 4960 496 5031 Διόπερ
539 4963 599 5015 οὑ
650 4965 892 5034 ποταμὸς
928 4965 1243 5036 ὠνόμασται
1291 4969 1352 5021 τὸ
1397 4969 1577 5040 σῶμα.
1619 4971 1766 5024 Διότι
1803 4971 1880 5035 ὡς

303 5054 438 5123 πρὸς
489 5055 550 5106 τὸ
600 5056 826 5126 ἀκριὸὲς
859 5057 999 5127 τάχα
1030 5059 1151 5111 οὐδὲ
1201 5059 1294 5112 δύο
1329 5062 1552 5131 ἡμερῶν
1581 5061 1642 5115 τὸ
1667 5064 1882 5134 πρῶτον

301 5143 656 5212 ὑποκείμενον
686 5145 878 5197 ταυτόν
910 5149 1055 5198 ἐστιν
1097 5149 1154 5200 ἐν
1194 5148 1270 5218 τῷ
1302 5149 1514 5220 σώματι
1540 5153 1696 5224 ἡμῶν
1717 5171 1729 5184 ·
1765 5156 1886 5208 καί-

299 5250 443 5302 τοιγε
483 5235 574 5286 τοῦ
615 5229 725 5288 οἷον
772 5235 804 5306 ἢ
836 5237 1071 5299 Παύλου,
1113 5239 1144 5310 ἢ
1207 5241 1413 5311 Πέτρου
1442 5280 1456 5304 ,
1484 5244 1570 5295 ἀεὶ
1596 5243 1689 5296 τοῦ
1719 5246 1882 5299 αὐτοῦ

299 5325 449 5389 ὄντος
473 5368 486 5388 ,
523 5328 582 5379 ού
619 5327 712 5380 τοῦ
759 5328 900 5381 κατά
941 5329 1118 5400 ψυχὴν
1161 5331 1323 5402 μόνου
1352 5375 1365 5397 ,
1403 5329 1472 5404 ἦς
1506 5336 1537 5403 ἡ
1576 5334 1731 5387 οὐσία
1759 5335 1882 5390 οὔτε

274 5419 380 5496 ,ῥεῖ
410 5416 532 5470 καθ’
559 5419 705 5489 ἡμᾶς
730 5460 743 5482 ,
765 5418 876 5472 οὔτ’
908 5421 1331 5492 ἐπεισαγόμενόν
1361 5441 1412 5477 τι
1443 5422 1554 5494 ἔχει
1588 5427 1734 5487 ποτὲ,
1773 5427 1873 5480 κᾶν

277 5507 496 5581 ’ῥευστὴ
528 5506 592 5584 ᾖν
627 5511 660 5581 ὴ
695 5512 854 5581 φύσις
881 5511 972 5565 τοῦ
1011 5512 1290 5584 σώματος,
1324 5515 1400 5586 τῷ
1431 5517 1491 5570 τὸ
1519 5514 1654 5581 εἶδος
1682 5519 1742 5571 τὸ
1776 5537 1873 5588 χα-

303 5605 627 5675 ρακτηρίζον
664 5605 726 5656 τὸ
765 5605 926 5675 σῶμα
957 5608 1150 5660 ταυτὸν
1183 5604 1350 5662 εἶναι·
1380 5609 1454 5674 ὼς
1495 5609 1589 5663 καὶ
1624 5614 1748 5676 τοὺς
1786 5609 1877 5664 τύ-

373 5787 388 5815 ¹
424 5783 569 5839 Fort.
620 5784 846 5854 ἀλόγως.

299 5855 321 5888 ³
364 5854 548 5910 Matth.
580 5871 636 5922 χ,
663 5857 753 5911 28.
832 5859 853 5888 ⁸
888 5858 1047 5912 Rom.
1075 5875 1192 5923 γιιι,
1225 5861 1278 5912 tl

957 5785 1152 5842 'Fort.
1211 5788 1409 5864 αύτῶν.
1472 5790 1741 5862 lnterpres
1799 5793 1883 5864 leg

1988 5788 2062 5848 ὗν.
2158 5791 2179 5824 ³
2213 5790 2410 5849 Ezecb.
2465 5808 2684 5857 xsxvn,
2744 5791 2853 5848 l-li.

1983 4689 2298 4744 ratiocinari
2353 4689 2640 4742 convenit:
2671 4687 2884 4757 Corpus
2915 4701 3096 4747 omne,
3131 4685 3275 4756 quod
3336 4687 3560 4756 quidem

1983 4791 2179 4836 natura
2224 4782 2558 4844 continetur,
2598 4795 2720 4850 quae
2757 4780 3106 4835 extrinsecus
3150 4779 3352 4849 aliquid
3381 4779 3428 4834 ei
3466 4780 3563 4832 ali-

1982 4875 2150 4929 menti
2189 4877 2366 4928 instar
2405 4872 2648 4938 asciscit,
2690 4887 2896 4943 proque
2952 4873 3019 4926 iis
3060 4888 3179 4942 quae
3215 4871 3564 4926 sulliciuntur

1982 4969 2230 5024 excernit
2259 4967 2364 5021 alia
2394 4985 2406 5020 :
2437 4965 2745 5036 cujusmodi
2774 4973 2903 5020 sunt
2940 4967 3190 5035 stirpium
3219 4979 3474 5036 corpora,
3503 4974 3561 5019 et

1985 5061 2302 5115 animalium
2345 5074 2470 5127 pars
2511 5059 2599 5112 illa
2644 5073 2766 5112 cum
2828 5060 3053 5112 materia
3085 5069 3382 5113 concreta:
3417 5074 3560 5113 nun-

1983 5169 2146 5223 quam
2179 5168 2348 5206 unum
2396 5151 2650 5221 idemque
2701 5166 3005 5206 remanere.
3045 5148 3198 5203 Unde
3251 5165 3357 5202 non
3415 5151 3562 5201 male

1982 5244 2180 5298 ﬂuvius
2228 5244 2448 5313 quidam
2504 5259 2705 5314 corpus
2748 5259 2870 5298 esse
2917 5242 3137 5295 dicitur.
3177 5241 3446 5307 Quoniam
3511 5240 3557 5294 si

1982 5345 2237 5391 accurate
2292 5335 2724 5400 consideremus,
2775 5350 2843 5389 ne
2899 5333 3066 5387 biduo
3125 5332 3342 5403 quidem
3408 5333 3559 5401 prior

1983 5428 2210 5480 materia
2251 5426 2304 5481 in
2349 5425 2672 5496 corporibus
2710 5426 2913 5480 nostris
2946 5425 3134 5480 eadem
3189 5432 3559 5490 constansque

1985 5530 2313 5590 perseverat.
2363 5519 2499 5573 Cum
2554 5520 2768 5574 interim
2819 5518 3022 5574 Paulus
3077 5517 3307 5586 exempli
3349 5517 3556 5586 gratia,

1988 5612 2069 5667 vel
2120 5610 2317 5668 Petrus
2350 5612 2491 5666 idem
2534 5611 2892 5666 nihilominus
2945 5611 3220 5682 persistat,
3253 5625 3360 5662 non
3395 5608 3560 5661 modo

2967 5792 2987 5823 ’δ
3039 5789 3204 5844 matth
3267 5804 3406 5855 vin,
3466 5786 3566 5848 12η
