4082 6394
560 400 690 456 1091
1946 398 2003 452 S.
2039 396 2172 451 EPI!

2274 395 2383 451 iNll
3670 405 3886 464 1092

557 523 601 578 si
635 521 754 589 ejus
817 518 1050 573 animam
1102 527 1337 588 spectes,
1385 518 1546 587 cujus
1590 516 1894 571 substantia
1948 530 2169 587 nequel

2270 536 2358 581 ους
2387 516 2569 587 μένειν
2595 519 2720 582 τοὺς
2750 520 2976 585 αὐτοὺς,
3007 523 3083 583 εἰς
3115 522 3138 553 δ
3160 521 3259 593 τὴν
3300 524 3560 593 ποιότητα
3589 524 3882 595 Πέτρου

556 611 696 666 ﬂuxa
728 619 814 666 est
863 612 917 664 in
978 610 1168 673 nobis,
1218 626 1392 679 neque
1442 609 1737 678 quidquam
1780 610 2122 664 extrinsecus

2264 608 2322 661 al.
2356 607 2563 660 Παύλου
2602 609 2701 679 τὴν
2730 611 3045 680 σωματικὴν
3088 613 3542 683 παριστάνονταςο
3581 613 3737 665 καθ’
3782 616 3876 682 ἦν

556 705 834 757 invectum
858 704 1076 772 accipit,
1107 702 1199 757 sed
1232 702 1303 755 ob
1328 701 1379 755 id
1414 709 1693 771 prazterea,
1730 700 1876 771 quod
1907 702 2121 756 tametsi

2260 702 2489 771 ςουότητα
2527 701 2621 753 καὶ
2677 701 2831 753 ούλαὶ
2886 703 2949 754 ὲκ
3005 703 3211 756 παίδων
3258 705 3640 775 παραμένουσι
3704 708 3872 768 τοῖς

555 797 699 849 velut
766 798 819 848 in
876 804 1135 863 perpetua
1189 794 1422 849 ﬂuxione
1478 795 1549 849 sit
1606 803 1799 847 natura
1844 795 2123 863 corporis,

1844 795 2087 863 corporis
2107 833 2123 855 .
2231 791 2465 861 σώμασι,
2506 793 2601 844 καί
2630 792 2765 847 ἀλλα
2794 793 2915 846 τινά
2949 793 3230 865 ἰδιώματα,
3261 796 3442 865 φακοί.

554 887 738 941 eadem
774 888 943 940 forma
975 892 1306 955 permaneat,
1338 901 1458 953 qua:
1486 886 1732 953 corporis
1767 887 1939 943 nostri
1968 884 2121 954 quasi
2157 893 2282 937 nota
2320 882 2566 953 quedam
2599 892 2682 939 est
2715 886 2955 955 propria.
2988 886 3105 941 Non
3144 890 3303 943 aliter
3371 898 3533 961 atque
3598 891 3867 947 cadens

555 979 738 1046 ﬁgurae
804 986 1057 1038 manent,
1110 991 1231 1045 qu:e
1278 974 1419 1029 Petri
1488 975 1745 1044 Paulique
1802 990 2095 1045 corporum
2162 974 2453 1045 qualitates
2501 974 2892 1032 conformanda
2928 979 3228 1034 exhibent:
3276 996 3372 1051 per
3429 998 3596 1052 quam
3639 985 3865 1037 etiam

553 1069 870 1135 qualitatem
931 1067 1165 1129 accidit,
1216 1075 1276 1119 ut
1330 1074 1384 1121 et
1420 1067 1707 1119 cicatrices
1758 1066 1869 1135 jam
1929 1075 2040 1118 tum
2094 1081 2125 1119 a
2159 1069 2345 1136 pueris
2385 1068 2440 1122 in
2467 1068 2788 1139 corporibus
2847 1079 3223 1141 permaneant,
3259 1074 3473 1144 aliaque
3508 1078 3855 1139 nonnulla,

555 1176 674 1235 qua:
720 1163 1063 1231 singulorum
1123 1161 1342 1231 propria
1405 1169 1530 1215 sunt
1576 1176 1589 1210 :
1648 1159 1956 1229 cujusmodi
2008 1178 2067 1213 ει.
2118 1160 2486 1231 tientigines.

625 1258 705 1311 Ad
747 1258 861 1309 haec
892 1256 1018 1310 licet
1062 1255 1257 1309 similis
1287 1268 1547 1323 corporea
1577 1254 1667 1307 illa
1699 1254 1872 1308 forma
1902 1255 1991 1315 sit,
2017 1269 2124 1323 qua

2293 1256 2399 1307 Καὶ
2422 1256 2512 1308 ἐπὶ
2542 1255 2748 1317 τούτοις
2781 1254 2836 1307 εἴ
2863 1255 2915 1306 τί
2948 1256 3095 1307 ὲστιν
3131 1256 3317 1325 ὅμοιον
3351 1261 3508 1313 τοῦτο
3542 1263 3611 1315 τὸ
3644 1260 3851 1327 εἶδος.

555 1348 748 1403 Petrus
796 1346 1107 1415 Paulusque
1161 1346 1506 1415 potissimum
1547 1346 1923 1408 constituitur,
1962 1344 2126 1413 idque

2238 1346 2345 1400 ιαθ⁴
2390 1348 2418 1400 ὃ
2450 1349 2793 1401 εξὼποιείται
2821 1349 2850 1399 ό
2884 1349 3084 1418 Πέτρος
3122 1351 3216 1402 καὶ
3247 1354 3275 1403 ό
3305 1352 3511 1417 Παῦλος
3534 1396 3551 1420 ,
3595 1356 3666 1408 τὸ
3708 1375 3850 1410 σω-

554 1443 755 1511 ipsum,
784 1440 929 1510 quod
964 1441 1018 1493 in
1053 1439 1459 1492 resurrectione
1489 1438 1683 1491 anima:
1714 1438 1892 1491 denuo
1931 1436 2125 1490 tribui-

2234 1439 2487 1508 ματικδν,
2543 1439 2572 1492 δ
2619 1441 2676 1491 ὲν
2708 1444 2773 1511 τῇ
2825 1441 3117 1494 ἀναστάσει
3159 1444 3492 1513 περιτίθεται
3526 1447 3707 1499 πάλιν
3756 1453 3846 1519 τῇ

554 1544 662 1596 tur,
692 1533 784 1587 sed
827 1533 880 1585 in
933 1532 1127 1585 melius
1155 1544 1479 1584 conversum
1513 1547 1526 1582 :
1565 1545 1676 1583 non
1714 1538 1893 1583 tamen
1936 1528 2124 1583 eadem

2235 1528 2370 1599 ψυχῇ
2398 1571 2413 1592 ,
2446 1530 2538 1582 ἐπὶ
2564 1530 2623 1583 τὸ
2657 1534 2904 1601 κρεῖττον
2937 1533 3301 1602 μεταϐάλλον,
3330 1537 3391 1589 οὐ
3430 1539 3660 1602 πάντως
3695 1542 3847 1594 τόδε

496 1654 501 1657 Α
554 1633 639 1677 est
663 1624 750 1676 illa
784 1622 1025 1683 materia,
1062 1638 1183 1690 qua:
1216 1622 1432 1691 corpori
1464 1622 1699 1692 primum
1732 1621 1894 1673 insita
1929 1618 2103 1672 fuerat

2229 1620 2309 1673 ἔτι
2338 1622 2729 1689 ὲντεταγμένον
2769 1623 2829 1676 τὸ
2868 1625 3009 1678 κατά
3035 1626 3133 1696 τὴν
3166 1628 3387 1697 πρώτην
3417 1630 3841 1701 ὑποκείμενον.

554 1716 629 1767 Ac
659 1713 1115 1783 quemadmodum
1152 1714 1365 1782 species
1406 1714 1523 1782 ipsa
1555 1714 1620 1767 ad
1661 1713 1911 1766 ultimum
1950 1726 2125 1780 usque
2158 1757 2166 1812 1

2230 1708 2439 1780 Ὥσπερ
2466 1710 2523 1763 δὲ
2555 1711 2615 1763 τὸ
2646 1708 2784 1775 εἶδός
2826 1714 2942 1766 ἐστι
2982 1714 3143 1785 μέχρι
3175 1716 3269 1769 τοῦ
3305 1718 3535 1789 πέρατος
3556 1762 3570 1785 ,
3621 1722 3739 1774 κᾶν
3779 1725 3842 1775 οἱ

560 1807 746 1861 eadem
779 1815 878 1866 est,
910 1806 1010 1859 etsi
1042 1806 1230 1875 ingens
1265 1806 1601 1875 propriarum
1649 1804 1945 1858 formarum
1981 1814 2130 1859 nota-
2158 1802 2172 1812 '

2227 1802 2567 1873 χαρακτῆρες
2590 1802 2787 1856 δοκῶσι
2818 1804 3017 1876 πολλὴν
3044 1807 3187 1878 ἔχειν
3216 1810 3595 1883 παραλλαγήν
3631 1814 3837 1879 οὕτως

556 1913 786 1967 rumque
818 1896 1064 1950 videatur
1109 1912 1231 1951 esse
1288 1896 1621 1951 diversitas:
1659 1896 1817 1967 537
1868 1898 1941 1951 ita
1974 1905 2029 1952 et
2071 1897 2125 1951 in

2227 1893 2447 1962 νοητέον
2480 1894 2573 1945 καὶ
2606 1894 2698 1946 ἐπὶ
2722 1893 2816 1946 τοῦ
2851 1897 3115 1966 παρόντος
3147 1895 3284 1961 εἶδος
3324 1901 3520 1953 ταυτὸν
3551 1898 3708 1956 εἶναι
3738 1905 3836 1975 τῷ

556 2005 641 2049 eo,
673 1989 740 2041 de
787 2003 894 2056 quo
924 1987 1157 2057 agimus,
1209 1987 1617 2057 intelligendum
1659 1996 1765 2051 est,
1807 1998 2125 2057 praesentem

2230 1982 2516 2051 μέλλοντι,
2546 1982 2805 2054 πλείστης
2849 1986 2978 2056 ὅσης
3016 1990 3279 2060 ἐσομένης
3315 1991 3413 2061 τῆς
3440 1994 3533 2045 ἐπὶ
3576 1995 3830 2048 κάλλιον

554 2080 804 2151 corporis
845 2079 1079 2150 speciem
1108 2078 1351 2133 eamdem
1376 2094 1497 2133 esse
1521 2094 1645 2132 cum
1671 2078 1875 2143 futura,
1910 2094 2032 2132 cum
2062 2092 2128 2132 eo

2230 2070 2549 2142 μεταϐολῆς.
2600 2073 2916 2141 Ἀναγκαῖον
2960 2076 3069 2145 γάρ
3124 2078 3224 2149 τὴν
3272 2079 3449 2151 ψυχὴν
3501 2085 3560 2135 ὲν
3612 2084 3824 2149 τόποις

552 2183 754 2234 tamen,
786 2182 844 2227 ut
884 2171 1220 2226 incredibilis
1254 2172 1309 2225 in
1340 2172 1534 2226 melius
1556 2172 1627 2225 sit
1662 2171 1843 2226 futura
1872 2172 2118 2226 mutatio.

2229 2166 2562 2231 σωματικοῖς
2600 2164 2949 2237 ὑπάρχουσαν
3002 2169 3300 2240 κεχρῆσθαι
3356 2172 3568 2243 σώμασι
3595 2180 3818 2231 καταλ-

551 2264 783 2319 Nccesse
827 2264 970 2319 enim
1024 2270 1108 2316 est
1151 2263 1387 2316 animam
1418 2264 1697 2332 corporeis
1728 2264 1781 2316 in
1845 2263 1979 2319 locis
2022 2267 2127 2317 hae-

2226 2252 2405 2325 λήλοις
2435 2258 2544 2319 τοῖς
2572 2258 2810 2325 τρόποις.
2831 2260 2939 2311 Καὶ
2962 2259 3150 2333 ὥσπερ
3178 2264 3234 2315 ὲν
3258 2264 3499 2339 θαλάσσῃ
3527 2267 3626 2339 ζῇν
3656 2272 3817 2339 ἡμᾶς

561 2367 774 2412 rentem
820 2356 1207 2411 consentaneis
1232 2355 1335 2408 sibi
1373 2355 1447 2407 uti
1479 2355 1822 2423 corporibus.
1860 2356 2036 2424 Atque
2072 2362 2128 2407 ut

2227 2346 2479 2417 ἐνύδρους
2509 2350 2831 2419 γενομένους
2879 2353 2927 2403 ει
2961 2353 3156 2425 ἐχρῆν,
3202 2358 3418 2421 πάντως
3447 2359 3511 2412 ἂν
3549 2362 3664 2414 ἔδει
3698 2381 3812 2417 πα-

560 2450 607 2504 si
647 2451 700 2503 in
748 2447 1069 2518 aquatilium
1108 2456 1357 2499 naturam
1397 2460 1689 2499 conversos
1712 2445 1874 2499 vitam
1905 2446 1960 2499 in
1990 2446 2127 2499 mari

2270 2441 2535 2510 απλησίαν
2566 2441 2710 2512 ἔχειν
2744 2445 2836 2497 καὶ
2859 2444 2955 2515 τὴν
2993 2446 3157 2517 ἀλλην
3191 2449 3386 2518 ἰχθύων
3415 2455 3763 2507 κατάστασιν
3800 2475 3812 2485 ·
3872 2478 3882 2488 ·

552 2542 749 2608 degere
809 2556 907 2594 rios
939 2545 1236 2607 Oporteret,
1291 2537 1660 2591 necessarium
1700 2535 1839 2591 foret
1878 2551 1980 2591 nos
2022 2537 2128 2590 alia

2225 2532 2433 2599 οὓτως,
2472 2533 2764 2604 μέλλοντας
2812 2535 3163 2607 κληρονομεῖν
3214 2539 3488 2608 βασιλείαν
3527 2545 3812 2614 οὐρανῶν,

551 2649 843 2703 corporum
912 2631 1301 2687 constitutione
1361 2631 1700 2700 pisciumque
1779 2630 1947 2684 simili
2005 2644 2129 2683 esse

2225 2626 2321 2679 καὶ
2363 2628 2420 2677 ὲν
2453 2626 2639 2689 τόποις
2686 2626 3031 2697 διαφέρουσιν
3065 2630 3304 2695 ἔσεσθαι,
3343 2635 3637 2703 ἀναγκαῖον
3673 2641 3808 2710 χρῆ-

558 2725 817 2797 praeditos
866 2743 880 2779 :
935 2726 1010 2778 ita
1066 2724 1159 2793 qui
1218 2723 1481 2777 cmlorum
1550 2722 1702 2792 regni
1760 2720 2127 2775 litereditatem

2229 2716 2352 2770 σθαι
2379 2717 2591 2788 σώμασι
2624 2723 3043 2789 πνευματικοῖς,
3073 2723 3193 2792 οὐχὶ
3218 2724 3311 2777 τοῦ
3335 2726 3507 2790 εἴδους
3533 2728 3625 2781 τοῦ
3662 2749 3805 2801 προ-

555 2816 757 2871 adituri
785 2821 933 2877 sunt,
961 2828 1026 2868 ac
1057 2814 1293 2868 diversis
1319 2813 1373 2866 in
1421 2813 1642 2868 sedibus
1672 2811 1988 2877 habitaturi,
2017 2812 2129 2881 spi-

2224 2808 2382 2878 τέρου
2414 2808 2831 2881 ἀφανιζομένην,
2873 2813 2975 2867 κᾶν
3002 2815 3093 2868 ἐπὶ
3119 2817 3180 2869 τὸ
3210 2818 3545 2891 ἐνδοξότερον
3572 2822 3805 2893 γένηται

553 2909 735 2962 ritalia
776 2921 996 2978 quoque
1044 2920 1274 2975 corpora
1324 2904 1559 2959 habeant
1601 2919 1826 2959 necesse
1854 2912 1963 2968 est,
2016 2919 2124 2957 non

2225 2899 2389 2953 αὑτοῦ
2427 2902 2459 2969 ἡ
2510 2903 2725 2972 τροπή·
2766 2903 2954 2976 ὥσπερ
2993 2902 3061 2977 ἦν
3108 2906 3282 2979 Ἰησοῦ
3299 2905 3434 2974 εἶδος
3457 2950 3473 2975 ,
3511 2911 3604 2966 καὶ
3634 2917 3808 2970 Monii-

551 3001 700 3072 quod
754 3001 903 3071 prior
955 2999 1335 3068 exstinguatur
1365 2997 1611 3067 species,
1645 2998 1858 3051 tametsi
1902 2996 1957 3050 in
2009 2997 2127 3049 illu-

2227 2993 2397 3055 σέως,
2443 2994 2535 3045 καὶ
2582 2993 2787 3063 Ἡλίου,
2826 2998 2924 3068 οὐχ
2961 2999 3143 3070 ἕτερον
3177 3003 3235 3055 ἐν
3273 3006 3339 3074 τῇ
3374 3006 3803 3077 μεταμορφῶσαι

557 3095 729 3149 strius
765 3090 1024 3161 quiddam
1048 3088 1449 3160 gloriosiusque
1480 3096 1738 3142 mutetur.
1763 3086 2119 3153 Quemadmo—
2148 3090 2190 3149 ο
2224 3084 2352 3155 παρ’
2387 3084 2415 3136 δ
2446 3081 2532 3149 ἦν.
3298 3108 3308 3120 ο

556 3186 685 3240 dum
715 3184 866 3248 Jesu,
923 3197 987 3237 ac
1036 3181 1255 3253 Moysis,
1290 3191 1344 3237 et
1383 3182 1511 3235 Elite
1539 3182 1747 3250 species
1782 3181 1833 3234 in
1865 3178 2126 3234 transfor-

552 3276 791 3330 matione
823 3289 931 3328 non
962 3272 1087 3334 alia,
1114 3287 1275 3342 quam
1298 3287 1420 3342 qua:
1446 3271 1599 3325 initio
1632 3278 1772 3333 erat,
1809 3270 2084 3325 exstitit‘.

626 3362 739 3418 XV.
771 3362 888 3417 Non
919 3370 972 3416 te
1000 3361 1164 3431 igitur
1196 3360 1458 3423 oll‘endat,
1499 3360 1545 3414 si
1575 3361 1697 3429 quis
1730 3360 1959 3429 primam
1989 3358 2121 3412 sub-

2292 3349 2393 3403 ιε’.
2423 3350 2513 3420 Μὴ
2547 3350 2853 3422 πρόσκοπτε
2880 3354 3076 3419 τοίνυν,
3122 3356 3169 3408 εἰ
3210 3356 3270 3408 τὸ
3315 3357 3528 3428 πρῶτον
3570 3359 3800 3413 ὑποκεί-

547 3454 750 3524 jectam
772 3452 1055 3506 materiam
1080 3466 1188 3505 non
1209 3450 1451 3505 eamdem
1477 3457 1607 3504 tunc
1632 3450 1865 3504 futuram
1900 3450 2121 3516 dixerit,

2226 3457 2383 3510 μενον
2414 3441 2478 3495 ἀν
2518 3459 2601 3506 τις
2629 3443 2777 3510 λέγοι
2808 3444 2881 3515 μὴ
2931 3444 3146 3499 ἔσεσθαι
3177 3448 3369 3501 ταυτὸν
3409 3447 3553 3515 τότε,
3608 3451 3750 3505 ὅπου
3774 3457 3800 3509 ἑ

552 3561 677 3599 cum
705 3559 774 3599 ne
804 3543 969 3597 biduo
1002 3542 1225 3613 quidem
1254 3541 1417 3595 modo
1448 3542 1693 3595 eamdem
1732 3542 1877 3595 illam
1908 3557 2124 3612 perma-

2222 3533 2377 3603 λόγος
2409 3538 2520 3598 τοῖς
2562 3537 2869 3605 ἐφιστάνειν
2908 3538 3222 3608 δυναμένοις
3249 3539 3534 3603 δείκνυσιν,
3569 3542 3650 3596 ὅτι
3671 3545 3799 3599 οὐδὲ

551 3652 682 3693 nere
713 3650 874 3708 posse
902 3635 1042 3689 ratio
1067 3635 1191 3706 ipsa
1218 3634 1482 3697 declaret,
1509 3634 1553 3687 si
1578 3633 1703 3703 quis
1735 3646 1968 3688 mentem
1994 3635 2123 3689 velit

2222 3627 2315 3679 νῦν
2340 3628 2561 3681 δύναται
2597 3630 2689 3682 δύο
2716 3631 2937 3701 ἡμερῶν
2976 3627 3113 3684 εἶναι
3148 3632 3208 3683 τὸ
3240 3632 3453 3703 πρῶτον
3496 3633 3803 3705 ὑποκείμε-

554 3728 862 3783 advertere.
893 3725 1375 3781 Animadversioue
1392 3732 1646 3795 praeterea
1666 3724 1887 3793 dignum
1905 3734 1959 3779 et
1986 3725 2120 3781 illud

2220 3736 2328 3775 vov.
2389 3719 2569 3784 ’Δξιον
2601 3720 2657 3773 δὲ
2690 3721 2972 3791 ἐπιστῆναι
3007 3723 3099 3775 καὶ
3129 3722 3191 3775 τὸ
3229 3724 3461 3793 ἑτεροῖον
3496 3723 3597 3794 μὲν
3639 3727 3804 3778 σπεί-

551 3826 664 3872 est:
690 3818 965 3873 diversum
1006 3816 1265 3872 seminari
1290 3831 1508 3885 corpus,
1530 3815 1914 3885 diversumque
1932 3831 2118 3871 resur-

2216 3812 2429 3884 ρεσθαι,
2458 3815 2692 3885 ἑτεροῖον
2714 3814 2769 3867 δὲ
2794 3814 3131 3869 ἀνίστασθαι.
3164 3815 3469 3884 Σπείρεται
3490 3817 3598 3885 γὰρ
3620 3817 3801 3885 σῶμα

549 3924 695 3980 gere.
715 3906 1020 3963 Seminatur
1038 3908 1178 3962 enim
1206 3923 1393 3976 corpus
1414 3906 1663 3971 animale,
1677 3916 1909 3977 resurget
1934 3924 2119 3976 corpus

2219 3904 2803 3973 ἰενυχικὸηὲγείρεται
2824 3905 2997 3973 σῶμα
3015 3908 3436 3974 πνευματικόν.
3466 3906 3575 3960 Καὶ
3600 3908 3797 3976 ἐπιφέ-

549 4000 789 4069 spiritalc
831 4000 872 4053 '.
915 3997 1011 4054 His
1032 3998 1284 4053 omnibus
1306 3996 1573 4066 ejusmodi
1604 3998 1673 4050 ab
1700 3996 1961 4066 Apostolo
1988 4000 2120 4053 sub-

2222 4013 2303 4066 ρει
2336 3997 2499 4048 πᾶσιν
2522 3997 2550 4048 ὁ
2594 3996 2933 4061 Ἀπόστολος,
2967 3998 3150 4067 σχεδὸν
3181 3998 3279 4068 τὴν
3308 3999 3501 4069 γηῖνην
3529 4000 3794 4068 ποιότητα

544 4088 835 4159 jiciuntur,
866 4088 1067 4159 quibus
1104 4103 1205 4143 nos
1238 4094 1510 4142 terrenam
1545 4087 1856 4156 qualitatem
1887 4088 1967 4142 sic
1996 4104 2117 4143 esse

2218 4090 2365 4159 ἡμᾶς
2397 4088 2664 4141 διδάσκων
2694 4089 3043 4145 ἀποτίθεσθαι
3073 4091 3287 4161 μέλλειν
3306 4095 3477 4164 ἡμᾶς,
3507 4092 3597 4146 τοῦ
3614 4093 3791 4158 εἴδους

551 4183 822 4251 posituros
870 4179 1050 4245 docet,
1090 4186 1150 4234 ut
1191 4178 1309 4249 ipsa
1358 4177 1415 4232 in
1468 4178 1869 4234 resurrectione
1903 4182 2115 4248 species

2218 4180 2526 4251 σωζομένου
2578 4182 2719 4235 κατά
2758 4182 2857 4254 τὴν
2888 4183 3181 4237 ἀνάστασιν
3204 4201 3219 4215 '
3281 4184 3460 4239 Τοῦτο
3501 4185 3568 4237 δέ
3613 4203 3786 4253 φημι,

549 4275 698 4330 salva
719 4272 1033 4342 integraque
1055 4277 1393 4341 permaneat:
1415 4268 1529 4325 Hoc
1544 4280 1720 4324 autem
1738 4273 1877 4335 dico,
1896 4272 2111 4341 fratres,

2213 4274 2483 4343 ἀδελφοὶ,
2514 4274 2602 4328 ὅτι
2632 4277 2789 4343 σὰρξ
2825 4274 2923 4327 καὶ
2948 4271 3090 4343 αἷμα
3110 4275 3434 4338 βασιλείαν
3469 4275 3614 4328 Θεοῦ
3638 4280 3786 4343 κλη-

547 4365 794 4432 quoniam
836 4379 961 4417 caro
998 4371 1048 4416 ct
1090 4361 1301 4431 sanguis
1351 4376 1567 4430 regnum
1599 4360 1697 4415 Dei
1731 4362 1997 4431 possidere
2020 4382 2109 4419 ne-
2146 4433 2159 4439 _

2173 4438 2178 4439 ν
2208 4369 2545 4439 ρονομῆσαι
2573 4371 2644 4423 οὐ
2666 4369 2970 4431 δύνανται,
2998 4369 3139 4423 οὐδὲ
3158 4372 3195 4437 ὴ
3218 4373 3407 4438 φθορὰ
3431 4369 3542 4437 τὴν
3564 4371 3785 4437 ἀφθαρ-

546 4464 761 4526 queunt,
792 4471 951 4524 neque
974 4454 1237 4521 corruptio
1269 4454 1714 4523 incorruptionem
1747 4455 1791 4510 ³.
1818 4456 1929 4511 Etsi
1966 4459 2109 4512 enim
2146 4433 2158 4489 Ῑ

2168 4438 2189 4487 )
2210 4433 2381 4537 alar:
2425 4433 2585 4524 ἰίσως
2616 4460 2714 4531 μὲν
2740 4459 2849 4531 γάρ
2873 4459 3023 4531 ἔσται
3052 4433 3296 4531 περὶίτοῦ
3317 4433 3409 4514 τὸν
3443 4433 3632 4528 ἅγιον-⁸
3665 4433 3780 4514 δια-

547 4547 779 4602 fortasse
827 4547 1083 4602 eximium
1113 4544 1369 4615 quiddam
1402 4556 1716 4601 sanctorum
1762 4549 1971 4617 corpori
2011 4550 2111 4603 tri-

2217 4550 2599 4622 κρατούμενον,
2622 4553 2725 4606 ὑπὸ
2751 4553 2845 4606 τοῦ
2880 4552 3254 4617 ἰδιοποιοὖντός
3288 4570 3415 4606 ποτε
3443 4553 3538 4622 τὴν
3568 4554 3739 4621 σάρκα
3760 4573 3773 4586 ·

546 4640 820 4693 buendum
857 4637 983 4698 erit,
1017 4644 1075 4690 ut
1106 4635 1161 4690 id
1191 4635 1374 4691 carnis
1408 4635 1525 4703 ipsa
1554 4637 1857 4707 proprietas
1885 4655 2111 4693 conser-

2218 4626 2354 4712 σάρε
2399 4642 2456 4695 δὲ
2487 4643 2696 4707 οὐκέτι,
2735 4644 2847 4697 ἀλλ’
2886 4645 3022 4715 ὅπερ
3055 4645 3184 4698 ποτὲ
3223 4646 3676 4716 έχαρακτηρέζετο
3714 4648 3777 4702 ὲν

548 4740 654 4792 vet,
679 4744 807 4783 caro
830 4738 1009 4783 tamen
1036 4728 1268 4797 amplius
1289 4743 1396 4782 non
1422 4730 1544 4790 erit,
1573 4730 1666 4785 sed
1694 4730 1837 4800 quod
1864 4732 1917 4785 in
1943 4746 2107 4786 carne

2213 4736 2277 4804 τῇ
2308 4736 2493 4804 σαρκὶ,
2540 4735 2698 4789 τοῦτο
2733 4737 3299 4809 χαρακτηρισθήσεται
3330 4738 3389 4790 ὲν
3425 4737 3503 4807 τῷ
3531 4755 3771 4808 πνευμα-

544 4824 691 4877 velut
734 4822 948 4891 pr0pria
996 4822 1227 4890 quadam
1270 4829 1398 4873 nota
1436 4830 1551 4874 erat
1595 4822 1956 4891 impressum.
2008 4823 2112 4878 hoc

999 4822 1227 4890 quadam
1270 4829 1398 4873 nota
1436 4830 1551 4874 erat
1595 4822 1956 4891 impressum.
2008 4823 2112 4878 hoc
2210 4824 2348 4896 τικῷ
2380 4825 2611 4896 σώματι.

544 4912 687 4969 idem
718 4912 772 4966 in
806 4913 1035 4983 spiritali
1066 4927 1294 4982 corpore
1325 4914 1757 4983 consignandum
1789 4914 1912 4968 erit.

613 5004 769 5071 Quod
811 5019 941 5059 vero
970 5005 1034 5057 ad
1065 5019 1159 5057 eos
1199 5002 1500 5073 Scriptura:
1529 5005 1675 5058 locos
1700 5007 1913 5070 attinet,
1951 5007 2042 5075 qui
2078 5022 2107 5058 a

2280 5000 2390 5055 Kal.
2425 5002 2561 5072 πρὸς
2602 5001 2671 5055 τὰ
2700 5004 2920 5073 ῥήματα
2951 5001 3006 5056 δὲ
3038 5002 3146 5055 τῶν
3180 5002 3431 5073 Γραφῶν,
3469 5003 3504 5058 ἃ
3547 5006 3763 5074 παρατί-

544 5094 807 5149 l'ratribus
841 5094 1043 5149 nostris
1073 5093 1429 5162 objiciuntur,
1459 5095 1530 5147 ita
1558 5095 1792 5149 breviter
1819 5110 2109 5153 occurrere

2210 5089 2391 5145 θενται
2434 5093 2483 5145 0i
2525 5092 2741 5160 ἀδελφοὶ
2788 5092 2963 5163 ἡμῶν,
3014 5092 3186 5145 ταῦτα
3225 5092 3372 5146 ἔστιν
3417 5094 3618 5146 εἰπεῖν’
3675 5097 3762 5149 καὶ

541 5201 855 5256 possumus,
873 5192 1033 5253 atque.
1055 5185 1323 5255 imprimis
1344 5184 1415 5249 ei,
1435 5200 1593 5255 quem
1612 5200 1673 5239 ex
1693 5184 1971 5241 Ezechiele
1989 5203 2107 5257 pro-

2206 5182 2421 5253 πρῶτον
2442 5185 2497 5237 ὲν
2517 5183 2594 5255 τῷ
2617 5184 2893 5254 Ἰεζεκιὴλ,
2912 5184 3001 5237 ἐπὶ
3023 5184 3083 5235 τὸ
3099 5185 3219 5237 ὅσον
3236 5185 3257 5217 ⁶
3282 5185 3365 5253 ἐφ’
3392 5178 3471 5248 οἷς
3494 5185 3755 5257 βούλονται

541 5274 744 5331 ferunt.
807 5273 1014 5329 Etenim
1060 5275 1106 5330 si
1157 5274 1437 5329 rudiorum
1477 5285 1713 5330 mentem
1773 5292 1837 5331 ac
1882 5293 2107 5347 scopum

2202 5276 2253 5326 οἱ
2277 5274 2632 5344 ἀπλούστεροι
2658 5275 2797 5328 κατά
2821 5275 2918 5337 τὰς
2940 5274 3109 5339 λέξεις
3135 5276 3358 5340 ταύτας,
3382 5276 3503 5330 οὐδὲ
3535 5278 3752 5331 ἀνάστα-

540 5364 769 5419 velimus
816 5364 1115 5428 attendere,
1164 5379 1325 5434 quem
1370 5363 1425 5416 in
1465 5364 1738 5433 prOphetze
1780 5365 1963 5420 verbis
2004 5366 2106 5420 sibi

2206 5382 2289 5428 σις
2318 5365 2535 5435 σαρκῶν
2558 5365 2727 5430 ἔσται,
2748 5364 2881 5419 ἀλλά
2907 5366 3106 5420 ὀστέων
3132 5367 3311 5437 μόνον,
3338 5369 3433 5421 καὶ
3464 5370 3745 5441 δερμάτων,

541 5465 974 5525 proposuerunt,
1020 5470 1364 5525 consequens
1402 5462 1515 5519 est,
1568 5470 1634 5509 ne
1682 5456 1842 5509 ullam
1887 5457 2107 5525 quidem

2204 5456 2298 5507 καὶ
2319 5456 2541 5525 νεύρων.
2574 5457 2723 5527 "Atta
2746 5474 2803 5509 τε
2831 5458 2923 5510 καὶ
2954 5458 3292 5512 ὑποδεικτέον
3313 5462 3515 5527 αὐτοῖς,
3544 5462 3624 5513 ὅτι
3644 5478 3742 5513 συν-

539 5545 724 5601 carnis
746 5547 1199 5603 resurrectionem
1228 5543 1393 5598 videri
1417 5582 1431 5606 ,
1467 5544 1559 5598 sed
1590 5548 1795 5601 ossium
1818 5545 2105 5611 duntaxat,

2204 5545 2560 5617 αρπάζονται,
2600 5547 2673 5611 ὡς
2708 5548 2781 5619 μὴ
2813 5550 3125 5618 νενοηκότες
3167 5552 3228 5603 τδ
3255 5551 3651 5623 γεγραμμένον.
3682 5554 3745 5607 Οὐ

615 5706 633 5738 ⁸
666 5704 858 5780 Matth.
888 5722 1019 5769 xvu,
1048 5705 1084 5759 2
1112 5722 1263 5777 seqq.
1336 5703 1410 5780 ’1
1433 5704 1561 5780 Cor.
1599 5707 1803 5780 val.
1876 5707 1895 5737 ³
1927 5705 2057 5760 ibid.
2108 5704 2194 5760 50.

2131 5704 2194 5760 50.
2274 5707 2292 5734 ⁸
2326 5705 2473 5765 Fort.
2505 5708 2648 5773 τούς.
2729 5710 2749 5741 ⁸
2772 5707 2895 5765 For.
2926 5709 3177 5780 περιττὸν
3205 5710 3267 5763 τὸ
3296 5710 3403 5764 τῶν
3431 5710 3617 5780 ἁγίων.
3654 5710 3743 5765 Sed

538 5777 625 5834 hic
665 5778 821 5833 locus
852 5786 1142 5847 corruptus
1164 5774 1265 5833 est.
1334 5774 1517 5831 “Fort.
1546 5778 1666 5831 ἐπεὶ
1703 5778 1843 5830 ὅσον.
