4082 6394
300 448 443 508 1095

1037 444 1403 507 ADVERSU‘S
1440 444 1783 502 HrERESES
1822 444 1947 501 LIB.
1985 439 2049 499 li.
2092 444 2254 500 ΤΟΜ.
2296 444 2407 498 I—
2442 444 2716 501 HIERES.
2746 444 2929 500 LXIV.

3429 447 3565 508 £094

300 570 429 640 γὰρ,
463 569 511 620 εἰ
532 566 665 621 ὀστᾶ
689 564 1034 638 ὀνομάζεται.
1063 569 1283 633 πάντως
1307 570 1374 623 τὰ
1401 570 1534 622 ὀστᾶ
1560 567 1733 622 ταῦτα
1763 584 1880 638 νοη-

1998 566 2346 621 :utieularum
2382 577 2547 637 atque
2581 582 2897 622 nervorum.
2946 566 3052 623 Sed
3079 575 3134 624 et
3164 568 3299 624 illud
3339 569 3566 628 demon-

298 662 447 714 τέον·
478 658 669 728 ὥσπερ
716 660 837 713 οὐδὲ
864 662 922 712 ὲν
956 661 1055 731 τῷ,
1100 660 1539 728 Διεσκορπίσθη
1580 658 1775 711 πάντα
1808 659 1879 712 τὰ

300 750 452 806 ὀστᾶ
467 768 586 820 μου
606 768 618 780 ·
637 752 1056 821 καὶ,”1ασαίμε,
1070 752 1157 805 ὅτι
1171 751 1468 819 ἐταράχθη
1485 750 1557 803 τὰ
1577 748 1727 803 ὀστᾶ
1738 767 1877 818 μου,

300 843 536 913 φανεροῦ
556 844 706 907 ὄντος
725 844 819 896 τοῦ
840 845 913 915 μὴ
929 843 1051 912 λέγε
1059 843 1182 897 σθαι
1198 844 1265 897 τὰ
1279 845 1411 896 ὀστᾶ
1427 842 1566 895 κατὰ
1580 842 1678 913 τὴν
1698 842 1880 911 κοινὴν

302 937 546 1015 έκδοχήν.
567 938 917 1008 Ἐπιφέρεται
933 935 1064 1005 γοῦν
1084 936 1335 1005 τῷλόγῳ·
1353 932 1879 1002 ”Οτιαύτοὶ.2έγουο-

300 1043 423 1081 σιν’
444 1029 565 1081 Ὅτι
594 1027 747 1097 ξηρὰ
765 1028 971 1098 γέγονε
986 1028 1057 1081 τὰ
1078 1027 1227 1082 ὀστᾶ
1243 1030 1281 1096 ἠ
1284 1028 1413 1097 μῶν
1422 1023 1586 1098 [Ἆρά
1609 1044 1673 1096 γε
1689 1027 1880 1095 λέγου-

304 1138 409 1185 σιν,
426 1120 588 1189 Ξηρὰ
600 1120 804 1191 γέγονε
817 1122 888 1175 τὰ
902 1121 1083 1175 ὀστέα
1098 1121 1286 1191 ἡμῶν,
1303 1120 1547 1182 θέλοντες
1560 1120 1878 1173 ἀνίστασθαι

304 1210 668 1281 συναχθέντα;
728 1211 889 1265 Ἀλλὰ
912 1211 1072 1264 τοῦτο
1101 1213 1402 1283 ἀμήχανον.
1458 1209 1681 1277 Λέγοιεν
1713 1209 1757 1261 δ’
1790 1208 1877 1271 ἂν,

301 1301 453 1372 Ξηρὰ
481 1301 670 1370 γέγονε
695 1302 763 1355 τὰ
792 1302 952 1354 ὀστέα
994 1302 1171 1371 ἡμῶν,
1212 1304 1271 1354 ὲν
1308 1300 1707 1371 αἰχμαλωσίαις
1735 1300 1882 1367 γενὸο

305 1409 477 1463 μενοι,
533 1392 627 1444 καὶ
673 1394 853 1444 πᾶσαν
903 1391 1137 1461 ζωτικὴν
1193 1390 1372 1443 νοτίδα
1420 1389 1877 1460 ἁποϐεὗληκότες.

315 1482 664 1553 Ἐπιφέρουσι
710 1483 841 1551 γοῦν
882 1484 963 1542 τὸ,
1004 1483 1339 1535 Ἀπόλωλεν
1378 1482 1417 1548 ἠ
1461 1482 1636 1547 ἐλπὶς
1669 1481 1837 1550 ἡμῶν
1865 1500 1878 1513 ο

301 1572 855 1641 διαπεφωνήκαμεν.
888 1574 1097 1626 Οὐκοῦν
1123 1575 1156 1642 ὴ
1184 1573 1486 1640 ἐπαγγελία
1516 1574 1618 1642 τῆς
1643 1574 1879 1627 ἀναστά-

305 1684 444 1729 σεως
473 1666 566 1717 τοῦ
597 1664 727 1717 λαοῦ
756 1666 902 1717 ἐστιν
927 1664 1034 1718 ἀπὸ
1059 1664 1153 1717 τοῦ
1175 1663 1487 1734 πτώματος,
1513 1664 1718 1733 καὶτῆς
1743 1666 1853 1716 οἱον
1867 1670 1887 1704 -“

304 1758 353 1811 εὶ
391 1758 714 1829 νεκρότητος
760 1758 827 1828 ἣν
862 1756 1240 1828 νενέκρωνται,
1278 1755 1365 1809 διὰ
1402 1756 1473 1809 τὰ
1509 1758 1882 1827 ἁμαρτήματα

1994 660 2277 714 strandum
2310 661 2446 729 ipsis
2475 668 2580 725 est,
2611 668 2817 716 temere
2847 661 2970 716 illos
3001 663 3056 716 in
3094 677 3337 719 errorem
3367 665 3568 736 abripi,

1989 750 2118 805 dum
2151 752 2344 821 scripti
2372 754 2701 808 sententiam
2729 768 3070 823 nequaquam
3096 756 3428 826 percipiunt.
3455 756 3564 812 Ne-

1982 858 2087 911 que
2109 842 2253 897 enim
2279 858 2402 897 cum
2427 858 2552 898 ossa
2580 844 2957 906 nominantur,
2978 844 3092 898 haec
3124 838 3241 915 ipsa
3258 862 3379 916 quae
3398 846 3571 903 babe-

1982 950 2105 988 mus
2124 949 2248 989 ossa
2266 950 2365 1004 par
2382 946 2464 990 est
2483 935 2675 1005 accipi,
2694 935 2771 988 uti
2792 951 2966 1005 neque
2983 936 3038 989 in
3060 936 3148 991 his
3162 937 3297 992 locis
3315 938 3405 992 ubi
3431 940 3571 993 scri-

1983 1032 2133 1093 ptum
2155 1033 2267 1078 est:
2296 1024 2546 1093 Dispersa
2568 1034 2691 1078 sunt
2714 1027 2890 1079 omnia
2909 1025 3073 1097 538
3089 1043 3209 1081 ossa
3224 1028 3394 1094 mea‘;
3421 1038 3570 1083 tum:

1983 1115 2129 1170 Sana
2162 1133 2263 1179 me,
2291 1119 2539 1186 quoniam
2569 1118 2885 1171 conturbata
2920 1128 3042 1172 sunt
3074 1136 3198 1175 ossa
3230 1121 3415 1186 mea’;
3443 1136 3569 1176 cum

1983 1208 2055 1261 sit
2092 1207 2444 1265 manifestum
2487 1224 2595 1264 non
2631 1210 2933 1264 secundum
2970 1210 3248 1282 vulgarem
3288 1212 3570 1267 notionem

1983 1300 2188 1356 ossium
2223 1317 2424 1357 nomen
2458 1302 2733 1371 usurpari.
2790 1300 3247 1357 Proinde‘statim
3283 1305 3469 1360 eadem
3513 1305 3571 1359 in

1982 1395 2232 1448 oratione
2255 1393 2628 1464 subjungitur,
2656 1392 2734 1447 Eo
2764 1394 2902 1463 quod
2926 1395 3029 1462 ipsi
3068 1394 3284 1449 dicunt:
3306 1396 3572 1462 Quoniam

1983 1485 2141 1539 arida
2167 1486 2314 1554 facta
2338 1496 2459 1539 sunt
2485 1502 2606 1539 ossa
2625 1486 2863 1539 nostra‘.
2889 1485 3026 1539 Num
3047 1486 3150 1541 hoc
3171 1487 3336 1558 igitur
3357 1488 3569 1553 dicunt,

1983 1576 2151 1629 Arida
2183 1577 2328 1646 facta
2365 1585 2489 1630 sunt
2516 1594 2639 1630 ossa
2672 1586 2878 1639 nostra,
2916 1576 3060 1645 quod
3099 1577 3285 1631 eadem
3318 1577 3371 1630 in
3401 1595 3571 1634 unum

1983 1670 2209 1723 collecta
2238 1670 2428 1721 volunt
2457 1670 2776 1738 resurgere?
2812 1670 2971 1737 Atqui
3008 1670 3121 1723 lieri
3154 1669 3297 1723 istud
3330 1685 3440 1724 non
3472 1686 3571 1740 po-

1984 1767 2111 1814 test.
2157 1760 2335 1825 Quare
2371 1758 2523 1813 arida
2560 1760 2693 1815 ideo
2744 1776 2841 1813 sua
2896 1761 3089 1815 dicunt
3127 1777 3274 1825 ossa,
3324 1763 3466 1831 quod
3515 1764 3572 1817 in

304 1852 417 1913 τοῖς
443 1849 658 1919 ἐχθροῖς
688 1847 1108 1919 παραδοθέντες.
1144 1849 1254 1901 Kal.
1278 1850 1324 1900 οἱ
1350 1848 1660 1919 ἁμαρτωλοὶ
1685 1847 1742 1901 δὲ
1777 1848 1881 1902 ὑπὸ

1998 1851 2391 1921 :aptivitatibus
2424 1851 2515 1905 diu
2568 1852 2737 1906 habili
2780 1854 2998 1907 vitalem
3036 1870 3250 1909 omnem
3287 1861 3572 1911 humorem

303 1941 398 1995 τοῦ
430 1914 682 2011 Σωτῆρος
714 1914 963 2008 λέγονται
1002 1933 1141 1991 εἶναι
1188 1938 1350 2008 τάφοι
1373 1914 1633 2009 γέμοντες
1678 1939 1887 1992 ὀστέων

1998 1941 2287 1997 amiserint.
2337 1940 2491 1997 Unde
2534 1954 2589 1997 et
2642 1942 2774 1996 illud
2820 1945 3095 2001 inferunt:
3144 1944 3313 1999 Periit
3338 1962 3451 2014 spes
3472 1964 3575 2001 no-

306 2036 402 2086 καὶ
440 2033 614 2103 πάσης
636 2030 996 2102 ἀκαθαρσίας.
1050 2030 1260 2103 Πρέπει
1302 2030 1359 2084 δὲ
1401 2030 1479 2101 τῷ
1505 2030 1625 2101 Θεῷ
1647 2033 1885 2100 ἀνοίγειν

1998 2044 2133 2088 :tra:
2172 2034 2393 2087 abseissi
2432 2050 2614 2087 sumus
2646 2034 2688 2086 ⁸.
2732 2034 3001 2099 Quocirca
3034 2038 3456 2093 resurrectionis
3482 2038 3575 2091 illa

306 2124 375 2178 τὰ
412 2125 652 2195 μνημεῖα
698 2123 952 2184 ἑκάστου,
994 2123 1089 2177 καὶ
1121 2122 1336 2192 ἐξάγειν
1368 2124 1433 2175 ἐκ
1464 2122 1573 2175 τῶν
1606 2124 1887 2193 μνημείων

1998 2124 2187 2194 ροριιιο
2212 2124 2352 2177 facta
2382 2125 2675 2195 promissio
2696 2126 2763 2179 ab
2787 2125 2876 2179 illa
2908 2126 3065 2180 ruina
3111 2142 3174 2181 ac
3209 2128 3355 2182 velut
3377 2143 3574 2183 eneca-

305 2217 457 2286 ἡμᾶς
491 2214 978 2286 ὲςωοποιημένους,
1012 2214 1203 2285 ὥσπερ
1229 2216 1257 2267 ὁ
1288 2213 1476 2285 Σωτὴρ
1517 2214 1608 2266 τὸν
1639 2214 1891 2288 Λάζαρον

1998 2219 2154 2279 Lione,
2197 2233 2303 2287 qua
2347 2217 2603 2272 exstincti
2653 2225 2804 2281 sunt,
2846 2233 2970 2272 cum
3018 2229 3242 2289 propter
3275 2221 3479 2275 scelera
3515 2221 3573 2274 in

308 2306 554 2361 εἵλκυσεν
586 2307 711 2374 ἔξω.

1998 2310 2230 2364 hostium
2261 2318 2584 2379 potestatem
2628 2308 2814 2363 traditi
2856 2320 3003 2375 sunt,
3036 2311 3283 2379 quaedam
3315 2319 3398 2365 est
3433 2309 3579 2364 exci-

306 2401 444 2453 tatio
480 2399 681 2453 futura.
738 2397 880 2463 Quin
913 2398 1075 2452 etiam
1131 2406 1448 2467 peccatores
1484 2412 1514 2451 a
1555 2397 1837 2453 Salvatore
1863 2402 2113 2471 sepulcra
2143 2417 2267 2455 esse
2318 2401 2577 2455 dicuntur
2620 2402 2839 2456 ossibus
2865 2412 3025 2472 atque
3055 2403 3200 2455 omni
3234 2402 3578 2458 immunditia

306 2494 489 2565 plena.
524 2491 632 2546 Sed
664 2491 793 2545 illud
825 2490 1023 2543 divinae
1053 2490 1322 2558 majestati
1353 2490 1626 2552 convenit,
1659 2498 1716 2542 ut
1744 2491 2082 2560 singulorum
2109 2493 2359 2560 sepulcra
2387 2490 2698 2561 patefaciat,
2730 2503 2783 2545 et
2814 2507 2915 2545 nos
2945 2492 3012 2545 ad
3051 2492 3215 2546 vitam
3244 2492 3579 2548 instauratos

310 2605 343 2644 ε
370 2588 739 2641 monumentis
768 2585 988 2649 educat,
1016 2584 1241 2655 perinde
1271 2600 1333 2639 ac
1362 2584 1627 2638 Lazarum
1665 2583 1810 2639 foras
1843 2584 2096 2639 Salvator
2125 2586 2379 2638 extraxit.

380 2681 497 2745 ΚΤ.
544 2678 618 2731 To
646 2678 725 2743 δὲ,
767 2677 923 2731 Ἐκεῖ
939 2676 1110 2730 ἔσται
1140 2681 1171 2731 ὀ
1200 2676 1525 2746 κλαυθμὸς,
1566 2676 1661 2730 καὶ
1696 2680 1727 2731 ὀ
1747 2678 1892 2743 βρυ-

2073 2676 2213 2733 XVI.
2250 2676 2366 2731 Jam
2398 2693 2529 2732 vero
2562 2678 2706 2746 quod
2753 2679 2897 2731 hunc
2927 2677 3106 2729 locum
3155 2676 3455 2745 objiciunt:
3495 2677 3582 2732 Ibi

310 2771 460 2842 γμὸς
486 2769 605 2823 τῶν
634 2770 913 2833 ὀδόντων,
942 2769 1079 2840 πρὸς
1103 2768 1299 2831 αὐτοὺς
1325 2769 1648 2839 ἁπορητέον,
1696 2770 1777 2822 ὅτι
1810 2769 1892 2833 Ὠς

2004 2770 2103 2823 erit
2130 2769 2281 2837 ﬂetus
2303 2779 2352 2822 et
2376 2768 2576 2822 stridor
2596 2768 2829 2822 dentium
2847 2770 2891 2829 ⁸,
2912 2768 2991 2822 sic
3022 2767 3281 2822 adversus
3315 2768 3437 2825 illos
3464 2770 3581 2826 dis-

311 2865 369 2917 ὲν
388 2861 561 2932 τούτῳ
576 2860 654 2931 τῷ
678 2861 777 2932 βίῳ
798 2862 904 2915 πᾶν
931 2859 1091 2931 μέλος
1115 2860 1195 2923 εἴς
1217 2878 1340 2914 τινα
1359 2861 1548 2931 χρείαν
1574 2862 1603 2914 ὁ
1625 2863 1892 2933 Δημιουρ-

2000 2861 2300 2930 putandum
2332 2868 2441 2914 est:
2478 2861 2613 2914 Cum
2650 2861 2703 2913 in
2733 2860 2831 2913 hac
2855 2860 2963 2912 vita
2996 2860 3299 2912 membrum
3331 2875 3492 2915 omne
3514 2861 3583 2915 ad

312 2955 406 3024 γδς
428 2955 850 3016 κατεσκεύασεν,
873 2952 1045 3016 οὕτως
1072 2956 1162 3006 καὶ
1185 2955 1309 3017 τοὺς
1342 2953 1559 3016 ὀδόντας
1590 2955 1669 3015 εἰς
1696 2955 1757 3007 τὺ
1782 2954 1889 3007 δια-

312 3046 608 3099 κόπτεσθαι
664 3045 759 3117 τὴν
803 3044 1029 3116 στερεὰν
1058 3048 1282 3116 τροφήν.
1333 3043 1428 3107 Τίς
1462 3039 1555 3097 οὖν
1591 3044 1749 3115 χρεία
1778 3046 1891 3106 τοῖς

313 3135 696 3206 κολαζομένοις
724 3135 986 3199 ὀδόντων;
1013 3137 1087 3187 Οὐ
1120 3136 1227 3206 γὰρ
1261 3138 1339 3198 εἰς
1363 3135 1462 3207 τὴν
1491 3134 1713 3204 γέενναν
1741 3136 1892 3198 ὄντες

2003 2968 2160 3005 usum
2193 2953 2431 3022 aliquem
2472 2967 2501 3004 a
2533 2966 2750 3007 summo
2796 2951 2889 3004 illo
2920 2949 3128 3020 Opiﬁce
3168 2952 3239 3006 sit
3277 2952 3579 3015 conditum,

2000 3054 2112 3099 tum
2133 3060 2263 3100 vero
2284 3045 2476 3098 dentes
2496 3043 2675 3099 solido
2699 3042 2821 3097 cibo
2843 3043 3263 3098 comminuendo
3283 3050 3411 3098 sunt
3427 3042 3579 3099 facti.

2003 3136 2145 3202 Quid
2173 3136 2337 3207 igitur
2366 3137 2626 3198 dentibus
2652 3149 2791 3204 opus
2814 3134 2922 3188 illis
2946 3144 3050 3198 est,
3081 3135 3173 3202 qui
3203 3136 3343 3204 apud
3375 3136 3584 3192 inferos

315 3228 433 3281 κατ’
476 3227 669 3288 αὐτοὺς
711 3225 993 3294 φάγονται.
1044 3225 1154 3276 Kal.
1195 3224 1455 3284 δεικτέον,
1506 3227 1588 3278 ὅτι
1619 3225 1680 3277 οὐ
1714 3224 1889 3277 πάντα

1998 3228 2357 3284 cruciantur?
2378 3227 2496 3281 Non
2518 3229 2685 3293 enim,
2718 3228 2933 3298 opinor,
2966 3228 3263 3297 quidquam
3290 3228 3401 3281 illic
3426 3243 3585 3282 man-

314 3315 839 3388 παραλαμόάνεσθαι
881 3314 964 3367 δεῖ
1006 3314 1147 3366 κατὰ
1193 3313 1253 3365 τὸ
1285 3313 1552 3383 κείμενον.
1618 3313 1891 3378 Ὁδόντας

313 3409 461 3479 γοῦν,
488 3408 673 3477 φησιν,
696 3405 1058 3475 ἁμαρτωλῶν
1078 3405 1478 3473 συνέτριψαςσ
1506 3406 1622 3465 καὶ,
1651 3406 1762 3469 Τὰς
1780 3406 1891 3473 μύ-

314 3505 431 3567 λας
471 3498 592 3552 τῶν
633 3499 899 3551 λεόντων
930 3494 1312 3549 συνέθλασεν
1344 3498 1377 3548 ὀ
1416 3496 1651 3563 Κύριος.
1704 3495 1801 3558 Τίς
1836 3495 1894 3547 δὲ

314 3593 487 3655 οὓτως
500 3589 727 3662 ἠλίθιος,
749 3589 824 3652 ὡς
839 3587 1011 3642 ὑπολα
1020 3587 1264 3658 μῦάνειν,
1282 3589 1363 3640 ὅτι
1383 3586 1565 3658 τηρῶν
1585 3586 1653 3641 τὰ
1669 3586 1895 3659 σώματα

314 3685 424 3738 τῶν
447 3682 787 3755 ἁμαρτωλῶν
808 3681 1001 3743 ὁΘεὸς,
1023 3682 1149 3743 τοὺς
1165 3681 1384 3743 ὀδόντας
1412 3679 1591 3732 αὐτῶν
1619 3678 1894 3751 συντρίὸει

321 3775 478 3845 μόνον
504 3793 519 3841 ;
557 3775 768 3843 ’Ὠσπερ
796 3769 889 3825 οὖν
936 3773 988 3823 εἴ
1011 3788 1115 3833 τις,
1145 3770 1311 3823 θέλων
1332 3770 1502 3825 ταῦτα
1526 3769 1697 3834 οὕτως
1728 3770 1891 3839 ἔχειν,

319 3866 633 3935 θλιϐόμενος
659 3864 871 3917 εἵλκετο
917 3863 1002 3914 ἐπ’
1038 3862 1385 3930 ἀλληγορίαν,
1435 3861 1605 3923 οὕτως
1635 3862 1895 3931 ζητητέον

318 3956 428 4011 τῶν
448 3955 820 4025 κολαζομένων
835 3952 924 4005 τὸν
944 3952 1079 4023 βρυγ
1087 3951 1183 4021 μὸν
1204 3951 1310 4003 τῶν
1330 3952 1577 4013 ὀδόντων,
1601 3952 1699 4021 τῆς
1719 3951 1898 4020 ψυχῆς

318 4047 548 4118 δύναμιν
581 4044 889 4116 μασητικὴν
913 4041 1164 4113 ἐχούσης,
1190 4043 1309 4111 ἣτις
1340 4040 1599 4111 ἐν’καιρῷ
1626 4041 1719 4093 τοῦ
1751 4041 1900 4108 ἐλέγ-

317 4159 413 4212 χου
456 4140 589 4209 περὶ
627 4138 735 4191 τῶν
775 4134 1190 4207 ἁμαρτημάτων
1224 4132 1365 4186 κατὰ
1396 4133 1486 4184 τὸν
1522 4132 1899 4202 συγκρουσμὸν

320 4235 427 4287 τών
448 4232 675 4285 ὀδόντων
703 4230 793 4301 (ὡς
840 4226 1128 4300 ἐφρόνησε)
1187 4224 1368 4295 βρύξει
1404 4225 1527 4286 τοὺς
1554 4224 1790 4285 ὀδόντας.
1827 4223 1901 4276 Τὸ

320 4326 398 4389 δὲ,
439 4322 741 4390 Φοϐήθητε
781 4323 886 4374 τὸν
919 4318 1259 4386 δυνάμενον
1296 4317 1391 4369 καὶ
1428 4314 1641 4384 ψυχὴν
1690 4314 1787 4367 καὶ
1834 4314 1902 4367 τὸ

322 4415 495 4485 σῶμα
526 4413 825 4469 ἀπολέσαι
856 4413 925 4466 ὲν
954 4414 1189 4481 γεέννῃ,
1224 4409 1363 4479 τάχα
1393 4407 1490 4477 μὲν
1518 4408 1778 4470 διδάσκει,
1814 4406 1899 4459 ὃτι

2009 3320 2307 3376 ducaturos
2333 3335 2456 3374 esse
2483 3320 2742 3375 dixerint.
2785 3319 2866 3372 Ad
2895 3320 3009 3373 haec
3038 3317 3266 3373 docendi
3302 3326 3452 3385 sunt,
3472 3336 3584 3376 non

1998 3413 2183 3467 omnia
2229 3412 2457 3482 perinde
2510 3410 2828 3481 accipienda
2887 3425 3011 3465 esse
3058 3425 3123 3463 ac
3177 3412 3382 3479 scripta
3429 3422 3579 3467 sunt.

1995 3501 2175 3569 Quare
2221 3500 2331 3554 alio
2376 3500 2496 3553 loco
2536 3502 2797 3568 scriptum
2841 3505 2925 3552 est
2974 3513 2988 3549 :
3027 3496 3218 3550 Dentes
3248 3506 3582 3565 peccatorum

2011 3589 2303 3645 contrivisti
2317 3590 2337 3620 ⁶
2357 3604 2372 3654 ;
2399 3592 2524 3642 item
2545 3604 2558 3639 :
2579 3586 2755 3642 Molas
2775 3587 2979 3641 leonum
3000 3588 3253 3657 confregit
3268 3587 3525 3641 Dominus
3538 3589 3581 3643 ⁷.

2008 3680 2146 3736 Nam
2175 3681 2301 3750 quis
2323 3680 2459 3733 adeo
2476 3678 2708 3733 stolidus
2728 3687 2830 3743 est,
2863 3686 2919 3731 ut
2942 3677 3047 3733 sibi
3074 3677 3399 3747 persuadeat
3414 3677 3583 3733 Deum

2000 3771 2294 3828 reservatis
2336 3778 2681 3839 peccatorum
2709 3766 3032 3836 corporibus
3069 3766 3214 3819 solos
3236 3765 3426 3820 dentes
3449 3780 3585 3819 con-

1998 3862 2216 3918 terere?
2276 3860 2347 3915 Ut
2397 3861 2562 3929 igitur
2585 3860 2677 3928 qui
2721 3859 2833 3912 haec
2876 3860 2947 3911 ita
3000 3872 3058 3912 se
3104 3857 3307 3912 habere
3338 3858 3486 3920 velit,
3526 3857 3581 3911 in

1999 3952 2278 4023 angustias
2311 3949 2614 4018 conjectus,
2644 3946 2711 4001 ad
2741 3947 3091 4017 allegoricum
3124 3961 3348 4000 sensum
3378 3947 3466 4000 vel
3495 3947 3582 3999 in-

1999 4044 2151 4097 vitus
2174 4041 2436 4093 trahitur:
2488 4039 2566 4091 sic
2608 4037 2675 4091 de
2710 4036 2946 4093 stridore
2977 4035 3221 4090 dentium
3259 4034 3315 4088 in
3365 4035 3450 4088 his
3487 4034 3582 4103 qui

2002 4130 2284 4201 suppliciis
2307 4128 2636 4190 aﬂiciuutur,
2669 4114 2959 4195 inquirere
2978 4124 3118 4178 idem
3145 4132 3399 4193 oportet;
3436 4139 3574 4194 qua-

2003 4233 2162 4278 tenus
2203 4220 2382 4274 anima
2417 4216 2835 4273 commandendi
2883 4216 3202 4269 nonnullam
3242 4216 3350 4268 vim
3397 4217 3582 4279 habet,

2000 4330 2105 4385 qua
2136 4311 2329 4366 ultimo
2360 4309 2454 4364 illo
2493 4308 2690 4379 judicii
2742 4316 3007 4378 tempore,
3055 4323 3179 4361 cum
3228 4307 3296 4362 de
3344 4310 3587 4378 peccatis

2000 4406 2228 4476 qmestio
2260 4404 2569 4467 habebitur,
2594 4402 2821 4472 perinde
2852 4409 2909 4455 ut
2940 4402 3125 4455 collidi
3158 4402 3352 4457 dentes
3382 4404 3582 4462 solent.

323 4505 610 4575 ἀσώματος
660 4506 694 4575 ἡ
740 4504 914 4575 ψυχὴ,
965 4503 1108 4571 τάχα
1157 4500 1213 4552 δὲ
1256 4497 1403 4569 δηλοί
1462 4499 1556 4550 καὶ
1600 4498 1682 4550 ὅτι
1728 4497 1892 4567 χωρὶς

2006 4500 2080 4551 ita
2110 4506 2225 4551 tum
2251 4497 2509 4551 dentibus
2535 4494 2939 4565 quodammodo
2968 4494 3239 4550 stridebit.
3273 4494 3409 4550 Illud
3434 4510 3585 4557 vero,

325 4597 575 4668 σώματος
605 4596 666 4649 οὐ
708 4594 1100 4666 κολασθήσεται
1123 4608 1137 4622 °
1182 4590 1313 4661 περὶ
1353 4584 1412 4645 οὗ
1453 4588 1898 4657 φυσιολογοῦντες

321 4690 393 4743 τὰ
446 4690 574 4761 περὶ
626 4688 719 4741 τοῦ
767 4687 962 4751 εἴδους,
1010 4687 1105 4739 καὶ
1147 4683 1241 4738 τοῦ
1289 4683 1504 4755 πρώτου
1538 4681 1898 4752 ὑποκειμένου

324 4783 647 4853 εἰρήκαμεν.

328 4877 444 4930 sine
471 4889 701 4944 corpore
742 4872 923 4927 nullas
950 4885 1143 4941 pmnas
1186 4885 1309 4925 esse
1346 4870 1771 4942 persoluturam.
1829 4868 1905 4923 De

323 4972 524 5042 jectam
560 4969 854 5033 materiamf
891 4968 1231 5031 attinebant,
1285 4966 1448 5036 paqu
1499 4975 1624 5021 ante
1670 4965 1902 5020 naturali

397 5060 511 5114 Kal.
548 5059 611 5115 τὸ
649 5058 801 5131 παρά
829 5058 906 5129 τῷ
953 5058 1259 5128 Ἀποστόλῳ
1287 5058 1364 5121 δὲ,
1403 5056 1772 5123 Ζωοποιήσει
1806 5057 1903 5110 καὶ

329 5153 401 5207 τὰ
427 5151 615 5219 θνητὰ
635 5150 805 5221 ἡμῶν
824 5151 1088 5219 σώματα,
1116 5148 1311 5218 θνητοῦ
1337 5149 1486 5212 ὄντος
1511 5149 1604 5203 τοῦ
1632 5147 1904 5219 σώματος,

329 5245 425 5299 καὶ
445 5246 506 5298 οὑ
545 5245 861 5315 μετέχοντος
882 5242 981 5312 τῆς
1013 5241 1271 5312 ἀληθινῆς
1303 5242 1469 5311 ζωῆς,
1515 5241 1735 5295 δύναται
1764 5258 1908 5312 παρ-

292 5338 306 5376 ἶ
333 5338 587 5399 ιστάνειν,
601 5337 735 5388 ὅπου
756 5333 818 5388 τὸ
837 5334 1143 5404 σωματικὸν
1175 5328 1478 5403 εἶδοςλπερὶ
1499 5325 1560 5385 οὗ
1579 5333 1904 5403 εἰρήκαμεν,

298 5430 301 5433 “
329 5430 396 5498 τῇ
429 5426 587 5497 φύσει
618 5425 809 5497 θνητὸν
837 5424 917 5487 ὃν,
946 5424 1091 5477 ὅταν
1112 5424 1363 5493 Χριστὸς
1389 5422 1701 5492 φανερωθῇ
1729 5424 1767 5490 ἡ
1792 5421 1903 5490 ζωὴ

332 5514 520 5584 ἡμῶν,
551 5516 642 5568 καὶ⁹
670 5514 801 5567 αὐτὸ
830 5513 1154 5585 μεταϐάλλει
1184 5513 1291 5567 ἀπὸ
1318 5512 1411 5566 τοῦ
1446 5507 1585 5565 εἶναι
1621 5512 1780 5581 σῶμα
1807 5512 1903 5565 θα·-

331 5605 492 5662 νάτου
517 5606 870 5676 ζωοποιηθὲν,
893 5605 980 5660 διὰ
1002 5604 1063 5659 τὸ
1083 5604 1307 5675 Πνεῦμα
1326 5605 1387 5657 τὸ
1406 5602 1703 5667 ζωοποιοῦν
1728 5605 1792 5655 ὲκ
1814 5602 1906 5655 τοῦ

2010 4590 2207 4644 Timete
2233 4605 2369 4651 eum.
2405 4589 2495 4659 qui
2525 4595 2693 4657 potest
2726 4594 2775 4641 et
2809 4588 3047 4641 animam
3074 4596 3127 4641 et
3160 4604 3347 4656 corpus
3372 4588 3589 4658 perdere

2008 4684 2063 4737 in
2089 4679 2433 4753 gehennam'.
2484 4678 2623 4733 forte
2663 4678 2717 4734 id
2752 4695 2921 4733 unum
2952 4694 3055 4733 nos
3083 4679 3265 4742 docet,
3307 4690 3584 4748 expertem

2008 4788 2133 4829 esse
2165 4772 2413 4841 corporis
2448 4770 2716 4838 animam;
2767 4777 2862 4825 aut
2900 4770 3033 4826 illud
3070 4771 3316 4841 insuper,
3349 4772 3588 4826 animam

2022 4884 2053 4923 ο
2083 4882 2313 4937 corpore
2342 4882 2465 4937 quae
2490 4866 2557 4921 ad
2596 4866 2832 4937 speciem
2863 4882 2927 4921 ac
2955 4867 3186 4937 primam
3250 4867 3411 4938 539
3465 4868 3589 4922 sub-

2009 4966 2158 5019 tione
2180 4964 2563 5018 disseruimus.

2081 5057 2150 5110 At
2179 5070 2307 5110 vero
2332 5054 2540 5109 dictum
2562 5053 2696 5108 illud
2713 5052 2991 5124 Apostoli:
3036 5052 3335 5121 Viviﬁcabit
3367 5063 3415 5108 et
3440 5070 3587 5107 mor-

2010 5147 2145 5200 talia
2170 5156 2353 5199 nostra
2378 5131 2663 5213 corpora';
2686 5159 2810 5198 cum
2835 5152 3083 5199 nostrum
3112 5147 3340 5199 mortale
3371 5146 3441 5199 sit
3466 5160 3588 5199 cor-

2011 5253 2137 5308 pus.
2169 5251 2270 5291 nec
2300 5251 2441 5290 verae
2461 5237 2586 5289 vitae
2612 5234 2904 5304 particeps,
2924 5234 3069 5288 istud
3100 5234 3278 5303 ipsum
3309 5233 3590 5289 declarare

2009 5335 2209 5398 potest,
2251 5340 2569 5393 corpoream
2601 5324 2741 5378 hanc
2772 5325 3007 5393 speciem
3035 5323 3102 5379 de
3126 5338 3231 5393 qua
3260 5331 3415 5377 antea
3444 5322 3589 5376 dixi-

2010 5436 2155 5483 mus,
2190 5433 2311 5489 qua:
2339 5428 2552 5486 natura:
2590 5417 2835 5471 mortalis
2866 5422 2973 5482 est,
3013 5432 3132 5468 cum
3157 5414 3398 5471 Christus
3422 5429 3588 5484 appa-

2009 5512 2174 5566 ruerit
2201 5512 2309 5565 uita
2327 5521 2512 5565 nostra
2532 5510 2597 5574 '°,
2622 5518 2675 5565 et
2703 5510 2874 5580 ipsam
2898 5509 2964 5564 ab
2980 5524 3044 5564 eo
3065 5518 3229 5572 statu,
3248 5524 3356 5578 quo
3379 5508 3590 5578 peccati

2016 5617 2216 5672 corpus
2254 5610 2390 5663 erat,
2435 5616 2559 5657 esse
2593 5600 2945 5668 mutandam;
2994 5608 3347 5671 posteaquam
3381 5599 3590 5656 scilicet

405 5763 423 5795 ⁸
449 5760 593 5816 Psal.
628 5777 740 5824 χιιι,
768 5760 854 5815 l5.
930 5761 951 5791 ³
978 5758 1121 5815 Psal.
1156 5775 1229 5818 vn,
1254 5760 1305 5813 5.
1381 5757 1616 5812 8Ezech.
1650 5772 1851 5818 xxxvn,
1885 5760 1892 5809 4

2048 5756 2068 5786 ⁸
2102 5756 2232 5812 ibid.
2310 5757 2330 5787 '
2364 5755 2552 5811 Matth.
2586 5770 2702 5811 νιιι.
2745 5755 2829 5810 19..
2910 5756 2930 5787 ⁸
2956 5754 3099 5813 Psal.
3142 5772 3226 5823 ιιι,
3257 5754 3291 5810 8
3389 5757 3406 5787 ⁷
3442 5756 3591 5815 Ρρεῖ.

328 5846 469 5899 LVII,
502 5832 551 5886 7.
642 5832 663 5863 ³
690 5832 880 5888 Matth.
913 5848 966 5897 ιι,
993 5832 1085 5886 28.
1160 5832 1180 5862 ’
1211 5829 1369 5884 Korn.
1414 5846 1526 5892 νιιι,
1557 5830 1643 5882 ll.

1724 5829 1765 5858 ¹⁰
1797 5829 1911 5883 Col.
1944 5843 2026 5893 ιιι,
2060 5828 2114 5881 4.
