4082 6394
492 321 627 379 1095

1868 318 1925 372 S.
1969 318 2307 374 EPIPIIANII

3597 314 3618 365 1
3629 310 3786 368 096

491 449 555 494 ab
585 439 797 494 viviﬁco
843 439 1038 510 spiritu
1075 439 1141 492 ad
1173 439 1338 492 vitam
1391 439 1642 493 restituta
1676 437 1860 503 fuerit,
1894 449 2058 509 atque

2184 439 2523 510 τνευματικὺν
2546 438 2846 506 γεγονέναι.
2880 437 2988 488 Καὶ
3012 437 3104 498 τὸ,
3167 433 3318 502 Ἐρεῒ
3339 432 3406 486 δέ
3440 449 3561 498 τις·
3602 430 3784 494 Πῶς

490 533 540 584 in
589 532 888 600 spiritalem
934 540 1182 584 naturam
1236 530 1532 584 transierit.
1595 526 1862 585 Praeterea
1917 529 2061 584 istud

490 623 665 691 ipsum
689 641 700 674 ε
732 619 834 675 Sed
851 620 986 674 dicet
1010 621 1200 690 aliquis
1221 634 1238 671 :
1259 619 1534 686 Quomodo
1554 631 1828 690 resurgunt
1851 623 2062 686 mortui,

494 724 582 765 aut
610 713 754 783 quali
786 728 903 765 cum
934 729 1147 781 corpore
1178 712 1385 766 veniunt
1407 713 1464 764 '1'
1511 712 1684 781 palam
1720 712 1864 766 isutd
1887 723 2066 767 osten-

493 806 600 870 dit,
631 807 860 874 primam
890 803 1190 872 subjectam
1215 804 1496 858 materiam
1524 805 1672 858 nullo
1702 803 1862 857 modo
1884 819 2068 858 resuro-

497 913 645 966 gere.
679 896 808 949 Nam
847 896 892 949 si
938 904 1084 950 recte
1116 898 1458 965 pr0positum
1493 897 1562 950 ab
1592 897 1854 965 Apostolo
1886 912 2068 950 exem-

495 989 639 1058 plum
675 971 994 1056 accipimus,
1027 987 1319 1042 dicendum
1361 996 1483 1052 est,
1521 989 1748 1043 seminis
1791 999 2066 1051 naturam,

495 1094 615 1148 qua:
644 1077 898 1134 frumenti
930 1094 1098 1148 grano
1134 1081 1296 1132 insita
1325 1088 1431 1142 est,
1458 1079 1638 1132 vicina
1673 1087 1924 1149 correpta
1955 1093 2070 1131 ma-

498 1169 662 1230 teria,
708 1175 877 1222 totam
927 1169 1070 1221 illam
1118 1168 1435 1237 pervadere.
1485 1177 1646 1237 atque
1694 1169 1839 1222 illius
1871 1167 2074 1237 pariter

497 1267 750 1329 correpta
795 1260 995 1328 specie,
1029 1259 1170 1313 vires
1204 1273 1332 1313 suas
1372 1260 1425 1312 in
1465 1259 1539 1320 id,
1573 1257 1719 1328 quod
1750 1268 1875 1312 ante
1905 1269 2071 1320 terra,

501 1365 662 1420 aqua,
697 1367 809 1413 aer,
839 1349 1085 1419 ignisque
1115 1348 1310 1411 fuerat,
1347 1348 1749 1410 transfundere,
1780 1364 2076 1416 earumque

502 1442 775 1509 superatis
825 1439 1202 1508 qualitatibus,
1251 1440 1307 1492 in
1355 1439 1500 1491 illam
1550 1438 1744 1506 ipsam,
1789 1436 1946 1508 cujus
1995 1448 2077 1492 est

502 1531 718 1596 artifex,
747 1539 1096 1594 convertere;
1128 1539 1290 1600 atque
1321 1528 1423 1583 lioc
1454 1527 1614 1581 modo
1640 1529 1822 1598 perlici
1847 1530 2076 1598 spicam,

502 1640 621 1694 quae
656 1638 684 1675 a
718 1623 895 1691 priore
925 1633 1095 1689 grano
1123 1621 1318 1672 mirum
1359 1621 1412 1673 in
1449 1618 1690 1683 modum,
1721 1627 1775 1673 et
1805 1617 2078 1690 magnitu-

503 1715 652 1774 dine,
685 1720 738 1764 et
780 1709 973 1779 figura,
1004 1716 1060 1762 et
1087 1711 1352 1763 varietate
1380 1707 1667 1762 dissideat.

989 1819 1072 1874 Ea:
1108 1821 1283 1875 eodem
1319 1820 1528 1874 Proclo.

580 1913 745 1967 XV’li.
782 1911 908 1967 llzec
938 1922 1086 1976 sunt,
1111 1913 1238 1966 utin
1267 1911 1648 1981 compendium
1675 1909 1932 1978 redigam,
1961 1924 2081 1980 quae

507 2019 696 2062 eontra
736 2006 1195 2060 resurrectionem
1235 2001 1495 2074 Origenes
1525 2018 1722 2071 magno
1752 2001 1934 2056 studio
1967 2001 2080 2055 dis-

512 2102 718 2158 seruit,
773 2097 826 2149 in
879 2109 1054 2163 coque
1105 2101 1426 2162 argumento
1479 2107 1748 2145 summam
1807 2090 2080 2144 tractandi

510 2185 821 2237 varietatem
848 2181 1112 2235 adhibuit.
1144 2179 1224 2235 Tu
1248 2197 1398 2244 vero,
1427 2195 1547 2249 quae
1566 2179 1826 2249 deinceps
1844 2194 2083 2248 sequun-

508 2287 620 2341 tur,
639 2275 924 2344 diligenter
946 2272 1255 2328 considera.
1289 2271 1399 2328 Hoc
1427 2272 1571 2327 enim
1607 2280 1795 2336 restat,
1825 2281 1882 2326 ut
1907 2273 2084 2326 allatae

508 2382 538 2423 e
569 2367 743 2422 sacris
790 2365 1012 2421 Litteris
1043 2365 1394 2419 auctoritates
1427 2363 1495 2418 ad
1529 2381 1591 2418 ea
1629 2379 1749 2434 quae
1775 2365 1920 2418 dicta
1956 2373 2084 2420 sunt

512 2459 902 2529 adjungantur,
933 2465 991 2512 ut
1014 2467 1272 2525 tanquam
1299 2464 1481 2510 statua
1507 2455 1778 2526 quaedam,
1804 2456 1883 2510 sic
1910 2456 2084 2509 oratio

511 2559 698 2605 nostra
745 2550 860 2605 suis
888 2549 1144 2604 omnibus
1191 2549 1544 2618 proportione
1588 2555 1803 2602 servata
1838 2547 2085 2616 partibus

510 2649 790 2705 constans,
829 2641 1081 2694 absoluta
1139 2640 1210 2694 sit
1257 2639 1583 2709 penitusque
1619 2637 1880 2709 perfecta,
1912 2654 2087 2708 neque

513 2733 809 2801 quidquam
870 2732 924 2784 in
979 2731 1069 2785 illa
1119 2730 1186 2784 ad
1237 2730 1462 2799 ﬁguram
1517 2727 2089 2800 pulchritudinemque

511 2822 862 2878 desideretur.
923 2822 1090 2894 Igitur
1128 2819 1583 2892 quemadmodum
1629 2835 1754 2873 cum
1789 2821 1875 2875 his
1917 2837 2088 2875 sacrae

511 2912 726 2968 Litterae
752 2915 1116 2978 consentiant,
1136 2921 1298 2982 atque
1326 2911 1391 2965 ad
1427 2913 1668 2966 melioris
1691 2913 1812 2966 vit'e
1841 2914 2081 2982 complc-

515 3013 758 3058 mentum
805 3003 1078 3058 hominem
1130 3003 1477 3069 conﬁrment,
1510 3005 1760 3057 oratione
1803 3001 2088 3057 declaran-

2163 534 2484 602 ἐγειξρονται
2517 534 2570 583 οἱ
2611 530 2830 598 νεκροὶ,
2877 529 3026 592 ποίῳ
3060 526 3128 579 δὲ
3168 525 3393 594 σώματι
3425 525 3724 592 ἔρχονται
3745 538 3780 584 ;

2165 623 2384 692 γυμνῶς
2417 622 2761 691 παρίστησιν,
2805 621 2886 672 ὅτι
2919 620 2978 671 τὸ
3017 617 3229 688 πρῶτον
3256 617 3616 683 ὑποκείμενον
3639 615 3780 665 οὐκ

2166 719 2546 786 ἀναστήσεται.
2579 717 2640 768 Εἰ
2666 717 2772 786 γὰρ
2796 713 2974 777 καλῶς
2999 713 3262 781 ἐλάϐομεν
3286 710 3344 762 τὸ
3365 708 3772 777 παράδειγμα,

2169 810 2380 881 ῥητέον,
2421 811 2500 861 ὅτι
2540 810 2568 861 ὁ
2614 806 2983 877 σπερματικὸς
3008 805 3185 873 λόγος,
3235 807 3292 856 ἐν
3319 802 3396 871 τῷ
3422 803 3609 868 κόκκῳ
3646 799 3774 850 τοῦ

2171 901 2317 954 σίτου
2352 901 2684 972 δραξάμενος
2727 899 2827 968 τῆς
2878 897 3286 966 παρακειμένης
3339 893 3491 961 ῦλης,
3542 891 3638 942 καὶ
3679 884 3756 941 δι’

2169 993 2297 1062 ὅλης
2327 993 2494 1060 αὐτῆς
2525 992 2798 1061 χωρήσας,
2838 986 3297 1059 περιδραξάμενος
3323 986 3490 1053 αὐτῆς
3525 981 3624 1032 τοῦ
3649 981 3778 1033 αὑ-

2170 1087 2265 1140 τοῦ
2294 1088 2483 1148 εἴδους,
2518 1080 2592 1137 ὧν
2622 1085 2732 1154 ἔχει
2763 1083 3044 1150 δυνάμεων
3077 1079 3348 1147 ἐπιτίθησι
3387 1079 3452 1145 τῇ
3487 1091 3626 1126 ποτε
3653 1077 3734 1140 γῇ
3750 1111 3773 1132 ,

2174 1181 2269 1233 καὶ
2295 1179 2468 1237 ὕδατι.
2517 1175 2609 1230 καὶ
2639 1176 2782 1246 ἀέρι,
2818 1175 2912 1227 καὶ
2946 1173 3102 1244 πυρὶ,
3140 1173 3366 1240 νικήσας
3390 1169 3488 1230 τὰς
3518 1166 3775 1219 ἐκείνων

2176 1271 2487 1340 ποιότητας,
2523 1267 2846 1338 μεταϐάλλει
2866 1267 2957 1318 ἐπὶ
2983 1265 3184 1333 ταύτην
3209 1259 3275 1332 ἧς
3300 1265 3443 1314 ἐστιν
3468 1260 3639 1319 αὐτὸς
3659 1257 3776 1323 δη·-

2180 1364 2452 1435 μιουργός·
2468 1362 2560 1415 καὶ
2575 1360 2742 1422 οὕτως
2768 1357 3175 1429 συμπληροῦται
3193 1358 3221 1408 ὁ
3243 1356 3462 1423 στάχυς,
3481 1353 3560 1414 είς
3584 1352 3773 1419 ὑπερ-

2178 1455 2338 1525 ϐολὴν
2383 1454 2654 1523 διαφέρων
2695 1451 2788 1503 τοῦ
2829 1449 2888 1514 ἐξ
2929 1450 3102 1521 ἀρχῆς
3136 1447 3335 1500 κόκκου
3383 1443 3630 1514 μεγέθει,
3666 1442 3776 1494 καὶ

2181 1546 2442 1615 σχήματι,
2468 1545 2560 1597 καὶ
2588 1541 2851 1611 ποικιλίᾳ.

2567 1807 2840 1875 Πρόκλου
2875 1803 2981 1858 τοῦ
3013 1802 3199 1859 αὐτοῦ
3217 1801 3349 1872 (ΞΞ).

2251 1899 2351 1956 η’.
2384 1901 2451 1953 Ἀ
2475 1901 2572 1971 μὲν
2593 1897 2685 1953 οὖν
2712 1897 2992 1969 Ὡριγένης
3018 1897 3098 1959 εἱς
3120 1895 3218 1966 τὴν
3247 1893 3373 1962 περὶ
3402 1888 3772 1950 ἀναστάσεως

2182 1990 2446 2063 ἐγχειρῶν
2466 1991 2845 2062 πραγματείαν
2867 1986 3186 2048 ἐσπούδασε,
3212 1982 3610 2050 ποικιλωτάτην
3639 1981 3770 2030 ἐτει-

2180 2083 2523 2152 δεικνύμενος
2557 2081 2809 2152 θεωρίαν,
2840 2079 2948 2132 εἰσὶ
2976 2076 3211 2130 τοσαῦτα
3261 2074 3336 2136 ὡς
3381 2075 3438 2125 ἐν
3482 2073 3726 2139 ἐπιτομῇ
3750 2087 3769 2098 ·

2183 2173 2413 2244 ἐνθυμοῦ
2443 2173 2500 2227 δὲ
2544 2172 2635 2225 καὶ
2675 2173 2744 2224 τὰ
2781 2170 2989 2232 τούτοις
3017 2163 3342 2236 ἀναθεωρῶν
3380 2163 3596 2232 ἐφεξῆς.
3638 2162 3769 2213 Δεξ-

2184 2283 2344 2319 πεται
2376 2263 2482 2335 γὰρ
2516 2263 2615 2326 τὰς
2643 2261 2750 2316 ἀπὸ
2781 2260 2889 2313 τῶν
2926 2257 3158 2332 Γραφῶν
3188 2256 3270 2309 ἐτι
3299 2255 3435 2326 πρὸς
3462 2255 3573 2316 τοῖς
3602 2254 3769 2323 εἰρη-

2190 2358 2369 2428 μένοις
2425 2355 2726 2427 μαρτυρίας
2772 2350 3139 2424 παραλαϐεῖν·
3205 2348 3270 2402 ἶν’
3313 2347 3499 2416 ὥσπερ
3531 2344 3771 2414 ἀνδριάς

2188 2451 2362 2504 πάντα
2391 2449 2459 2502 τὰ
2499 2449 2639 2518 μέρη
2675 2443 3000 2515 συμμέτρως
3046 2443 3074 2494 ό
3105 2440 3262 2508 λόγος
3311 2436 3502 2491 ἑαυτοῦ
3548 2434 3770 2497 λαϐὼν,

2187 2545 2322 2607 ὅλως
2360 2545 2424 2596 ἐκ
2466 2544 2706 2613 πλήρους
2823 2535 3345 2605 κατεσκευασμένος,
3399 2528 3532 2584 ἀλλά
3588 2527 3773 2596 μηδὲν

2187 2637 2323 2706 ἔχων
2350 2635 2525 2697 ἐνδεὲς
2548 2633 2654 2686 τῶν
2686 2635 2765 2696 εἰς
2808 2631 2991 2701 σχῆμα
3017 2629 3111 2682 καὶ
3139 2625 3332 2687 κάλλος
3357 2619 3770 2689 συναγομένων.

2189 2728 2252 2780 Τί
2285 2723 2376 2780 οὖν
2406 2729 2460 2780 αἱ
2496 2726 2708 2796 Γραφαὶ
2739 2724 3020 2794 συνᾴδουσι
3045 2720 3273 2780 τούτοις,
3299 2712 3772 2783 ἐπικρατύνουσαι

2190 2820 2325 2889 πρὸς
2357 2819 2750 2889 συμπλήρωσιν
2774 2815 3045 2884 διαγωγῆς
3089 2813 3395 2885 κρείττονος
3428 2809 3516 2861 τὸν
3545 2805 3771 2876 ἀνθρω-

2190 2930 2309 2973 πον,
2351 2911 2636 2981 φραστέον.
2698 2907 2914 2970 Ταύτας
2957 2907 3063 2977 γὰρ
3098 2907 3193 2960 ἐάν
3231 2920 3314 2966 τις
3345 2897 3454 2965 οἷός
3491 2917 3551 2952 τε
3591 2894 3653 2970 ᾗ,
3691 2898 3774 2967 μὴ

2193 3004 2558 3076 παρακόπτων
2586 2999 2679 3053 τοῦ
2709 3000 2939 3064 δέοντος,
2971 2997 3214 3070 ἀκριϐῶς
3247 2997 3407 3061 νοεῖν,
3436 2994 3639 3046 εἴσεται
3664 2993 3773 3062 τὴν

513 3093 643 3147 dum
689 3101 795 3146 est.
842 3093 972 3146 Illas
1015 3092 1160 3146 enim
1199 3091 1292 3161 qui
1333 3091 1591 3160 integras,
1627 3108 1728 3146 nec
1771 3093 2084 3162 opportunis

2194 3096 2488 3149 ἀνάστασιν
2525 3092 2617 3144 ἐπὶ
2649 3090 2840 3143 τούτου
2877 3089 2952 3160 μὴ
2999 3089 3196 3158 χρῆναι
3236 3083 3774 3156 παραλαμϐάνεσθαι

512 3184 759 3256 partibus
812 3183 1058 3238 deiectas
1109 3183 1469 3252 intelligentia
1523 3190 1810 3252 penetrare
1864 3183 2083 3252 poteiit,

509 3273 969 3329 tesurrectionem
1017 3273 1064 3327 is
1107 3273 1245 3328 sciet
1276 3288 1616 3342 nequaquam
1657 3273 1722 3325 ad
1751 3273 1852 3326 hoc
1886 3289 2085 3343 corpus

2184 3185 2279 3240 τοῦ
2318 3183 2588 3255 σώματος,
2626 3181 2722 3235 ἅτε
2755 3179 3137 3242 ἀδυνατοῦντος
3163 3178 3432 3249 ἀτρέπτου
3461 3176 3525 3228 δι’
3564 3175 3774 3238 αἰῶνος

2188 3273 2390 3344 μένειν.
2412 3271 2546 3325 ἀλλά
2572 3271 2663 3324 ἐπὶ
2691 3271 2783 3325 τοῦ
2812 3269 3208 3341 πνευματικοῦ,
3243 3272 3301 3323 ἐν
3340 3263 3384 3336 ᾧ
3414 3269 3573 3331 αὐτὸς
3599 3269 3627 3318 ό
3671 3270 3774 3322 καὶ

511 3373 764 3435 oportere
793 3364 1011 3428 referri,
1052 3365 1197 3434 quod
1235 3365 1288 3417 in
1319 3366 1710 3434 sempiternum
1745 3363 2084 3418 immutabile

2187 3363 2282 3419 νῦν
2313 3366 2371 3418 ἐν
2402 3363 2576 3435 τούτῳ
2612 3364 3005 3434 διασωζόμενος
3036 3362 3318 3434 χαρακτὴρ
3351 3360 3736 3432 τηρηθήσεται
3756 3379 3772 3391 ·

513 3474 634 3512 esse
667 3473 772 3510 non
815 3458 1045 3526 poterit,
1097 3457 1190 3512 sed
1240 3457 1306 3510 ad
1347 3458 1594 3526 spiritale
1631 3458 1833 3527 potius,
1871 3458 1924 3511 in
1974 3475 2085 3529 quo

511 3551 724 3612 eadem,
785 3566 907 3618 qua:
957 3550 1170 3602 mortali
1226 3548 1355 3602 huic
1407 3550 1568 3614 inest,
1623 3559 1752 3603 nota
1805 3564 1868 3604 ac
1915 3551 2086 3620 figura

515 3639 676 3712 540
696 3638 1111 3694 conservabitur
1137 3658 1149 3691 :
1184 3639 1318 3693 adeo
1346 3649 1397 3691 ul
1427 3639 1802 3709 unusquisque
1824 3649 2088 3706 nostrum,

513 3731 657 3800 quod
687 3731 752 3784 ad
783 3732 1010 3785 formam
1045 3732 1292 3800 corporis
1321 3730 1536 3790 attinet,
1572 3731 1711 3784 idem
1743 3730 1989 3792 exsistat,
2031 3739 2091 3784 ut

513 3830 566 3877 et
602 3823 862 3892 Origenes
893 3821 1138 3878 afﬁrmat.
1169 3821 1244 3876 Ita
1268 3823 1410 3876 enim
1441 3820 1676 3875 futuram
1711 3830 1763 3875 et
1791 3822 1878 3876 ille
1901 3838 2090 3877 resur-

514 3911 808 3966 rectionem
830 3905 1133 3966 existimat.
1183 3912 1319 3965 Cum
1344 3912 1487 3966 enim
1513 3927 1710 3980 corpus
1730 3913 1830 3967 hoc
1853 3914 2092 3966 materiai

514 4009 828 4055 concretum
861 4000 1064 4054 flumini
1100 4001 1188 4063 sit,
1221 4017 1322 4056 nec
1355 4003 1406 4054 in
1438 4018 1539 4056 suo
1563 4019 1802 4072 unquam
1831 4011 1975 4058 statu
1998 4005 2084 4060 vel

513 4092 838 4148 brevissimo
869 4094 1044 4162 spatio
1083 4095 1382 4153 consistat,
1423 4097 1516 4148 sed
1552 4104 1865 4164 perpetuam
1902 4111 2086 4152 acces-

2185 3455 2250 3509 ἵν’
2270 3455 2500 3517 ἕκαστος
2516 3457 2548 3525 ἠ
2556 3455 2669 3525 μῶν
2685 3455 2779 3507 καὶ
2799 3455 2937 3508 κατὰ
2952 3453 3046 3526 τὴν
3065 3454 3278 3525 μορφὴν
3293 3454 3322 3504 ό
3339 3452 3498 3514 αὐτὸς
3513 3449 3570 3524 ᾗ,
3586 3451 3772 3504 καθά-

2190 3565 2295 3618 περ
2345 3547 2534 3618 ἐλέχθη
2569 3548 2662 3600 καὶ
2722 3548 3006 3618 Ὠριγένει.
3055 3546 3210 3600 Οὕτω
3246 3545 3355 3615 γὰρ
3389 3547 3592 3607 ἐκεῖνος
3633 3544 3774 3596 ἐσε-

2194 3643 2316 3695 σθαι
2341 3641 2547 3694 τίθεται
2573 3641 2670 3712 τὴν
2703 3641 3018 3696 ἀνάστασιν.
3063 3639 3317 3693 Ῥευστοῦ
3347 3639 3454 3709 γὰρ
3486 3638 3635 3699 ὄντος
3665 3637 3775 3690 τοῦ

2194 3730 2444 3801 σώματος
2494 3731 2586 3784 τοῦ
2639 3731 2852 3794 ὑλικοῦ,
2901 3731 2995 3784 καὶ
3055 3731 3321 3801 μηδέποτε
3370 3730 3619 3800 μένοντος
3679 3731 3775 3797 ἐφ’

2194 3824 2392 3893 ἐαυτῷ,
2421 3822 2521 3876 κᾶν
2559 3823 2620 3875 τὸ
2655 3823 2850 3894 βραχὺ.
2877 3823 3012 3876 ἀλλὰ
3035 3821 3480 3893 προσγενομένου,
3504 3821 3598 3873 καὶ
3622 3821 3776 3872 ἀπο-

2190 3915 2473 3983 γινομένου
2500 3914 2628 3985 περὶ
2653 3915 2714 3967 τὸ
2741 3911 2880 3977 εἶδος
2904 3914 2965 3967 τὸ
2999 3913 3404 3985 χαρακτηρίζον
3427 3913 3516 3966 τὸν
3543 3912 3775 3982 ἀνθρω-

2191 4023 2310 4070 πον,
2341 4007 2428 4075 ὑφ’
2455 4001 2515 4061 οὗ
2549 4008 2646 4060 καὶ
2672 4010 3060 4076 συγκρατεῖται
3083 4007 3144 4058 τὸ
3175 4007 3378 4077 σχῆμα,
3411 4006 3624 4076 ἀνάγκῃ
3645 4006 3774 4075 (55)

2198 4137 2210 4150 .
2256 4137 2269 4152 .
2309 4137 2324 4151 .
2369 4139 2382 4153 .
2423 4138 2436 4153 .
2461 4099 2568 4152 τῶν
2594 4100 2896 4171 εἰρημένων
2919 4100 3307 4170 ἐναργέστερον
3335 4099 3434 4150 οὐκ
3458 4096 3772 4162 ἀνέξονται.

515 4185 724 4238 sionem
755 4185 1241 4254 decessionemque
1268 4185 1413 4238 circa
1439 4185 1584 4238 illam
1614 4185 1842 4240 formam
1875 4187 2092 4251 habeat,
2134 4204 2254 4258 quae
2291 4199 2375 4246 est
2419 4192 2653 4246 hominis
2706 4202 2834 4246 nota
2882 4208 2945 4246 ac
2993 4192 3138 4245 velut
3185 4192 3470 4245 character
3535 4189 3775 4258 quidam

513 4279 786 4347 proprius,
817 4295 846 4332 a
874 4297 982 4350 quo
1015 4281 1183 4350 ﬁgura
1215 4279 1329 4350 ipsa
1359 4281 1689 4345 continetur,
1729 4297 1953 4337 necesse
1994 4293 2077 4338 est
2120 4323 2132 4336 .

518 4367 742 4422 minime
774 4370 1142 4422 sustinebunt.

593 4457 792 4512 Verum
834 4468 1037 4528 quanto
1079 4459 1182 4512 hac
1247 4476 1300 4512 in
1345 4475 1402 4513 re
1447 4461 1854 4515 contradicendi
1908 4461 2090 4517 studio
2124 4467 2166 4521 D

516 4548 782 4612 ferantur,
807 4565 928 4604 cum
956 4567 1022 4605 ex
1044 4550 1197 4620 ipsis,
1225 4558 1338 4603 tum
1361 4567 1424 4605 ex
1449 4553 1568 4606 aliis
1592 4553 1841 4622 pluribus
1861 4553 2087 4607 demon-

516 4642 678 4695 strari
705 4648 899 4710 potest.
922 4639 1053 4694 Nam
1079 4650 1265 4710 postea
1288 4641 1342 4695 in
1365 4643 1485 4712 ipso
1507 4643 1769 4698 orationis
1791 4658 2084 4712 progressu

517 4732 663 4786 veris
699 4747 762 4786 ac
792 4732 1129 4786 naturalibus
1161 4733 1488 4799 rationibus,
1534 4750 1640 4790 non
1673 4735 1927 4789 inanibus
1958 4751 2088 4790 con-

608 4881 624 4911 ¹
649 4889 668 4942 Ι
693 4891 822 4945 Cor.
857 4905 946 4951 xv,
975 4889 1063 4944 53.

585 5005 695 5075 (‘59.)
727 5005 1000 5075 Πρᾷκλου
1033 5001 1136 5075 τοῦ
1168 5001 1372 5056 αὑτοῦ.
1425 5002 1674 5075 Mrndosa
1720 5013 1805 5059 est
1835 5006 1950 5060 haec
1997 5006 2082 5059 in-

517 5073 761 5144 scriptio.
819 5073 1003 5146 Neque
1032 5074 1176 5146 eniin
1221 5090 1285 5126 ex
1316 5075 1478 5128 ullius
1508 5073 1685 5127 Procli
1719 5075 2087 5146 disputatione

514 5161 636 5215 quae
666 5144 1244 5213 sequunturinscripta
1279 5153 1406 5197 sunt
1432 5185 1448 5208 ,
1481 5146 1572 5198 sed
1601 5161 1665 5198 ex
1699 5144 1942 5212 ejusdem
1972 5147 2088 5200 Me-

516 5216 687 5270 thodii
721 5215 1112 5279 lucubratione,
1143 5229 1304 5282 quam
1344 5215 1607 5268 adversus
1639 5216 1924 5284 Origenem
1972 5219 2090 5270 dia-

518 5287 624 5356 logi
661 5300 810 5339 more
839 5287 1255 5356 conscripserat.
1296 5285 1358 5356 iln
1390 5301 1498 5354 quo
1529 5286 1808 5354 loqnentes
1844 5288 2092 5340 introdu-

517 5351 670 5409 xe'rat
688 5351 1138 5423 Aglaophontein,
1153 5351 1424 5413 Proclum,
1448 5351 1797 5420 Auxentium,
1815 5365 1868 5410 et
1891 5365 2092 5411 semet-

518 5428 718 5495 ipsum.
751 5423 1036 5478 Videinl’ra
1061 5439 1286 5477 numero
1305 5426 1393 5477 40.
1425 5423 1510 5478 Fit
1531 5433 1583 5478 et
1601 5425 1882 5495 Theophili
1901 5436 2084 5495 postea

519 5496 748 5555 mentio;
792 5495 934 5564 quod
983 5505 1162 5547 tamen
1205 5495 1585 5564 appellativum
1633 5505 1765 5564 puto
1800 5512 1942 5559 eSse,
1971 5512 2084 5549 non

518 5566 815 5632 preprium.
845 5563 1108 5629 Quocirca
1136 5572 1256 5633 post
1281 5563 1529 5633 Origenis
1553 5563 1710 5619 verba
1736 5582 1766 5619 e
1787 5574 2080 5619 comment.

519 5635 573 5686 in
593 5635 816 5703 primum
845 5634 1113 5703 Psalmuin
1137 5632 1396 5696 adducta,
1415 5635 1516 5688 hoc
1544 5636 1662 5703 ipso
1683 5650 1907 5689 numero
1934 5635 2086 5689 dein-

517 5718 645 5774 ceps
673 5701 900 5758 Proclus
924 5719 1020 5757 oro
1043 5702 1272 5772 Origene
1306 5706 1466 5758 verba
1500 5701 1648 5759 facit.
1711 5704 1862 5760 Unde
1893 5705 2084 5759 titulus

2181 4326 2194 4338 .
2245 4328 2256 4339 .
2302 4328 2316 4342 .
2359 4324 2374 4340 .
2407 4286 2611 4341 clarius
2657 4287 2745 4349 iis,
2787 4302 2908 4356 quae
2941 4297 3065 4341 ante
3125 4293 3549 4341 commemorata
3608 4292 3774 4346 sunt,

2275 4463 2434 4516 Ἀλλά
2458 4463 2660 4533 ταύτην
2709 4464 2806 4532 μὲν
2835 4463 3012 4515 αὐτῶν
3056 4463 3154 4532 τὴν
3185 4461 3513 4530 φιλονεικίαν
3560 4465 3658 4516 καὶ
3699 4467 3780 4521 ἐκ

2187 4554 2392 4607 τούτων
2419 4554 2483 4608 ἀν
2512 4571 2593 4616 τις
2627 4555 2722 4606 καὶ
2746 4553 2805 4618 ἐξ
2832 4554 3033 4624 ἐτέρων
3063 4554 3274 4624 ἐλέγχοι
3299 4552 3575 4605 πλειόνων.
3609 4555 3781 4610 Ἀπο-

2187 4644 2434 4714 δείξομεν
2470 4644 2576 4716 γὰρ
2618 4645 2675 4696 ἐν
2704 4647 2814 4707 τοῖς
2845 4644 2991 4715 ἑξῆς,
3022 4645 3406 4717 προϐαίνοντος
3448 4643 3541 4696 τοῦ
3575 4645 3774 4714 λόγου,

2194 4735 2409 4806 φύσεως
2455 4736 2814 4808 ἀληθεύμασι,
2859 4740 2954 4792 καὶ
2997 4740 3098 4792 οὑκ
3147 4739 3439 4802 εἰκασίαις,
3487 4739 3623 4808 μήτε
3670 4740 3776 4793 τὸν

2191 5000 2793 5074 I‘Ipo'iglogeiprzetixus
2835 5010 2952 5055 erat
2983 5003 3226 5074 postem?
3258 5003 3446 5058 αὑτοῦ.
3491 5003 3628 5058 Nam
3667 5010 3776 5062 τοῦ

2188 5071 2352 5144 αὖτοῦ
2378 5072 2444 5126 ad
2474 5071 2802 5125 Methodium
2822 5071 3073 5140 pertinet.
3105 5073 3381 5128 Librarius
3400 5084 3598 5139 autem,
3616 5079 3778 5144 quod

2191 5143 2436 5214 Πρόκλου
2468 5158 2661 5195 nomen
2697 5144 2936 5211 legisset,
2965 5146 3205 5199 auctoris
3231 5145 3463 5214 alicujus
3487 5161 3608 5200 esse
3637 5143 3777 5201 ere-

2192 5215 2354 5276 didit,
2385 5229 2506 5266 cum
2548 5214 2965 5283 iunget-loquentis
3005 5229 3248 5283 persona:
3279 5217 3369 5269 sit.

2265 5285 2375 5354 (55)
2418 5284 2533 5350 Ὑφ’
2563 5279 2633 5336 οὗ
2659 5279 3210 5352 καὶίσυγκρὰτεῖται
3235 5285 3300 5336 τὸ
3330 5284 3556 5354 σχῆμα.
3592 5283 3778 5353 Major

2194 5354 2306 5414 hic,
2345 5365 2402 5407 ut
2424 5355 2637 5420 opinor,
2668 5354 2848 5407 hiatus
2873 5362 2978 5415 est,
3001 5370 3162 5422 quam
3189 5356 3350 5422 vulgo
3385 5356 3600 5408 codices
3626 5371 3774 5423 prae-

2193 5424 2390 5478 ferant.
2447 5423 2582 5492 Nam
2636 5424 2681 5476 si
2714 5425 2996 5492 superiora
3041 5425 3213 5477 Procli
3253 5434 3401 5486 sunt,
3432 5437 3492 5478 ut
3528 5441 3651 5479 esse
3681 5428 3773 5478 vi-

2191 5493 2408 5557 dentur,
2433 5491 2650 5564 Origeni
2676 5491 3092 5562 patrocinantis,
3116 5494 3238 5547 cum
3262 5499 3542 5564 sequentia
3572 5497 3777 5550 adver-

2191 5579 2286 5618 sus
2317 5565 2563 5634 eumdem
2600 5563 2883 5632 Origenetn
2919 5574 3101 5633 aperte
3130 5563 3390 5633 pugnent,
3421 5565 3561 5618 haud
3592 5581 3771 5634 pauca

2191 5633 2492 5687 desiderari
2521 5649 2744 5690 necesse
2761 5643 2866 5698 est,
2892 5636 3092 5704 quibus
3117 5634 3342 5690 Proetus
3362 5633 3772 5690 causain’suam

2196 5704 2496 5773 explicarit.
