4082 6394
333 443 473 498 1097

997 440 1365 497 ADVERSUS
1402 438 1744 498 HERESES
1785 441 1908 497 LIB.
1946 442 2012 499 ll.
2054 440 2218 499 TOM.
2260 442 2376 501 l.—
2413 442 2685 499 HAEBES.
2718 441 2902 499 LXIV.

3439 440 3576 499 i098

342 555 611 628 Ἱερεμίαν
651 554 905 626 δεσμίους
961 556 1104 627 ἡμᾶς
1167 558 1267 625 γῆς
1298 556 1388 610 διὰ
1424 558 1525 628 τὴν
1560 557 1698 629 πρὸς
1752 560 1910 630 σῶμα

2016 561 2234 631 iecturis
2266 562 2648 631 ostendemus;
2679 577 2858 633 neque
2881 561 2951 617 ab
2978 558 3210 617 Ieremia
3238 572 3338 615 nos
3367 560 3583 615 vinctos

332 646 616 701 κοινωνίαν
647 646 949 718 εἰρηκέναι,
987 647 1122 718 μήτε
1153 646 1244 700 τὸν
1268 647 1433 700 Δαὸὶδ
1456 648 1598 702 κατὰ
1623 647 1783 703 τοῦτο
1809 668 1906 703 πε-

331 739 694 810 πεδημένους.
724 737 907 803 Ἄξιον
926 739 1034 808 γὰρ
1073 736 1248 791 ταῦτα
1270 740 1588 811 προφέρειν,
1614 742 1672 794 ὲν
1693 736 1774 805 οἷς
1800 742 1907 812 μά-

331 832 488 884 λιστα
515 829 794 898 φαίνονται
817 829 1219 893 διαπίπτοντες.
1247 832 1383 899 Περὶ
1408 832 1506 902 μὲν
1525 828 1619 886 οὖν
1653 833 1761 886 τῶν
1785 834 1908 905 δερ-

334 924 572 995 ματίνων
590 921 853 993 χιτώνων,
885 924 977 975 καὶ
998 923 1080 975 ὅτι
1100 922 1205 993 πρὸ
1232 922 1333 992 τῆς
1354 925 1700 994 κατασκευῆς
1729 924 1910 977 αὐτῶν

330 1016 381 1067 οἰ
426 1014 843 1084 πρωτόπλαστοι
882 1014 1070 1084 διῆγον
1122 1013 1259 1083 μετὰ
1309 1013 1579 1085 σώματος,
1613 1014 1911 1080 ἀθανασίας

332 1106 715 1171 ἀπολαύοντες,
749 1106 828 1159 ἔτι
876 1123 938 1161 τε
970 1107 1068 1160 καὶ
1096 1107 1172 1170 ὼς
1206 1107 1267 1160 ού
1297 1106 1517 1160 δύναται
1546 1106 1608 1159 τὸ
1640 1106 1800 1177 σῶμα
1824 1107 1910 1159 δε-

333 1199 487 1269 σμὸς,
510 1198 605 1251 καὶ
623 1197 812 1269 εἱρκτὴ
835 1197 1170 1268 νομίζεσθαι,
1192 1197 1260 1251 τὰ
1280 1199 1629 1270 προσήκοντα
1652 1198 1842 1264 εἰπὼν,
1867 1193 1911 1252 ὦ

331 1290 520 1361 ἄνδρες
558 1290 807 1343 δικασταὶ
839 1290 1120 1360 (δικαστὰς
1154 1289 1263 1361 γὰρ
1288 1291 1434 1361 ὑμᾶς
1476 1290 1586 1344 τῶν
1623 1292 1819 1361 λόγων,
1866 1287 1913 1346 ὦ

332 1383 589 1454 κράτιστε
632 1382 878 1451 Θεόφιλε,
927 1382 1123 1449 καλῶ),
1153 1382 1424 1454 τρέψομαι
1470 1382 1656 1436 λοιπὸν
1695 1383 1789 1436 ἐπὶ
1843 1384 1912 1438 τὰ

333 1474 622 1535 ἀκόλουθα.
673 1474 926 1545 καθάπερ
975 1474 1292 1545 ὑπεσχόμην
1340 1474 1452 1528 τῶν
1510 1475 1909 1546 προκειμένων,

333 1566 400 1619 ἶν’
438 1566 850 1637 εὐκρινέστερον
875 1565 1073 1635 ἴδωμεν
1095 1565 1123 1618 ὃ
1152 1565 1472 1637 βουλόμεθα.

2011 664 2169 709 terrae
2189 656 2211 685 ³
2244 662 2465 725 propter
2494 655 2934 710 communionem
2967 667 3091 707 cum
3133 664 3363 720 corpore
3402 652 3579 705 nomi-

2007 756 2166 802 natos
2198 762 2354 813 esse;
2404 762 2580 816 neque
2614 744 2870 801 Davidem
2900 752 3185 815 propterea
3210 739 3579 812 compeditos'

2009 837 2303 906 appellare.
2359 834 2483 892 Haac
2530 836 2674 890 enim
2718 835 3065 905 potissimum
3105 835 3579 889 commemoranda

2009 938 2158 992 sunt,
2189 929 2243 982 in
2269 928 2469 998 quibus
2504 926 2737 981 maxime
2772 942 2802 979 a
2830 927 3061 980 veritate
3091 924 3360 995 excidisse
3388 923 3581 981 viden-

2011 1023 2118 1069 tur.
2175 1014 2250 1069 De
2280 1016 2521 1085 pelliceis
2551 1016 2736 1085 itaque
2782 1015 3007 1079 tunicis,
3051 999 3218 1084 utque
3262 1014 3580 1084 priusquam

2010 1122 2089 1162 ea:
2129 1106 2530 1162 conﬁcerentur
2559 1123 2790 1178 corpore
2835 1107 3045 1177 praediti
3084 1107 3245 1176 primi
3278 1107 3453 1161 nostri
3487 1121 3581 1177 pa-

2006 1206 2190 1255 rentes
2212 1200 2543 1263 exstiterint,
2576 1208 2631 1255 et
2658 1201 3084 1256 immortalitatis
3108 1209 3419 1271 compotes;
3466 1209 3580 1254 tum

2008 1306 2236 1345 nervum
2270 1299 2324 1345 et
2352 1306 2625 1347 carcerem
2658 1292 2843 1346 haberi
2876 1308 2985 1346 non
3033 1308 3194 1363 posse
3239 1307 3460 1363 corpus,
3488 1292 3581 1346 ubi

2012 1391 2274 1453 quantum
2302 1398 2525 1439 necesse
2552 1391 2635 1439 est
2657 1384 3028 1453 disputavero.
3057 1386 3271 1454 judices
3299 1385 3416 1455 (vos
3435 1385 3580 1439 enim

2008 1488 2321 1527 sermonum
2338 1481 2649 1528 nostrorum
2666 1473 3064 1545 judices.teque
3080 1476 3133 1528 in
3150 1476 3362 1545 primis,
3381 1473 3582 1544 optime

2008 1563 2326 1634 Tlieophile,
2375 1565 2716 1634 pronuntio),
2755 1565 2819 1620 ad
2844 1581 2906 1619 ea
2931 1580 3051 1635 quae
3086 1565 3366 1635 proposito
3393 1570 3583 1618 nostro

333 1668 702 1713 consentanea
732 1665 861 1713 sunt
888 1675 942 1713 et
969 1661 1365 1729 consequentia
1395 1674 1501 1725 me,
1537 1667 1597 1713 ut
1634 1660 1911 1730 pollicitus
1949 1673 2090 1724 sum,
2128 1657 2405 1713 conferam
2428 1698 2443 1723 ,
2498 1668 2554 1713 ut
2580 1658 2632 1713 id
2664 1660 2809 1729 quod
2842 1661 3092 1714 volumus
3152 1658 3357 1727 clarius
3419 1658 3592 1728 inspi-

332 1769 459 1809 cere
483 1753 777 1823 possimus.

404 1842 512 1898 lH'.
555 1843 611 1896 '0
633 1843 741 1897 τῶν
768 1844 904 1901 ὅλων
938 1844 1269 1915 δημιουργὸς
1300 1843 1451 1907 Θεὸς,
1490 1844 1678 1915 ἐπειδὴ
1709 1844 1771 1895 τὸ
1803 1843 1910 1896 πᾶν

2084 1837 2271 1893 XVIII.
2329 1838 2620 1908 Postquam
2669 1838 2863 1893 artifex
2912 1854 3093 1894 rerum
3141 1842 3383 1895 omnium
3439 1841 3583 1897 Deus

332 1933 613 1998 εὐτάκτως
659 1937 1043 2007 συνεστήσατο,
1077 1936 1328 2006 καθάπερ
1358 1937 1598 2007 μεγάλην
1629 1936 1802 2001 πόλιν,
1838 1936 1916 1988 δι-

2016 1936 2182 1983 totam
2218 1930 2360 1983 hanc
2390 1930 2764 1986 universitatis
2793 1930 3285 1995 maehinam,velut
3310 1932 3583 2003 ingentem

332 2025 606 2096 εκόσμησε
630 2028 979 2098 προστάσσων
999 2026 1076 2097 τῷ
1097 2026 1261 2097 λόγῳ,
1282 2027 1510 2082 ἕκαστόν
1529 2044 1589 2081 τε
1611 2027 1759 2097 αύτῷ
1776 2044 1837 2080 συ
1846 2045 1912 2098 μ-

333 2116 526 2188 φώνως
555 2118 834 2189 ἡρμόσατο
868 2121 1153 2189 στοιχεῖον,
1184 2118 1279 2171 καὶ
1308 2118 1489 2173 πάντα
1518 2118 1672 2183 ζώων
1705 2119 1915 2190 πεπλή-

334 2226 479 2281 ρωτο
504 2211 802 2281 διαφοραῖς,
846 2211 932 2263 ἵνα
959 2210 1180 2274 τελείως
1207 2212 1235 2263 ό
1257 2210 1463 2279 κόσμος
1487 2212 1567 2273 εἰς
1592 2209 1788 2273 κάλλος
1813 2212 1913 2263 αύ-

335 2300 495 2372 ξηθῇ,
539 2301 801 2364 παντοίας
832 2300 1047 2369 φύσεως
1081 2286 1428 2372 ζωοτδκήσας
1474 2302 1707 2373 μορφὰς,
1740 2303 1915 2372 ἄστρα

339 2393 437 2463 μὲν
469 2392 610 2445 κατὰ
643 2392 735 2446 τὸν
777 2392 1027 2463 οὐρανὸν,
1079 2392 1173 2444 καὶ
1213 2391 1395 2462 πτηνά
1443 2392 1587 2446 κατά
1632 2392 1724 2445 τὸν
1754 2391 1912 2463 ἀέρα,

333 2484 639 2557 τετράποδα
657 2484 713 2537 δὲ
729 2486 872 2538 κατὰ
887 2484 987 2556 τὴν
1005 2485 1132 2555 γῆν,
1163 2484 1258 2537 καὶ
1290 2484 1465 2556 νηκτὰ
1490 2486 1631 2540 κατὰ
1653 2487 1715 2539 τὸ
1740 2486 1911 2557 ὕδωρ·

334 2574 639 2628 τελευταῖον
686 2575 777 2629 τὸν
821 2575 1130 2647 ἄνθρωπον,
1184 2577 1586 2647 προετοιμάσας
1622 2577 1697 2641 ὡς
1739 2577 1914 2632 οἰκίαν

338 2666 484 2736 αὐτῷ
513 2667 806 2737 καλλίστην
852 2667 913 2720 τὸ
958 2669 1086 2729 πᾶν,
1142 2667 1365 2738 μίμημα
1405 2668 1503 2737 τῆς
1536 2668 1669 2731 ἰδίας
1708 2668 1916 2733 εἰκόνος

336 2756 575 2826 ἐμφερὲς
603 2760 682 2820 είς
702 2758 792 2811 τὸν
813 2758 1018 2827 κόσμον
1043 2760 1356 2829 εἰσήγαγεν,
1383 2758 1602 2829 ἄγαλμα
1625 2759 1700 2822 ὡς
1724 2761 1779 2812 ὲν
1804 2760 1915 2831 ναῷ

338 2848 550 2919 φαιδρῷ
572 2849 735 2903 καλὸν
756 2852 876 2911 ταῖς
891 2848 1083 2904 ἑαυτοῦ
1107 2850 1265 2922 χερσὶ
1285 2851 1722 2913 κατασκευάσας.
1759 2851 1916 2904 Ἡπί-

348 2956 503 2993 ﬂare
533 2940 662 3012 γὰρ,
692 2942 774 2994 ὅτι
810 2941 1028 3004 πάντως
1062 2942 1198 3006 ὅπερ
1230 2942 1297 2995 ἂν
1328 2945 1393 3013 τῇ
1421 2940 1616 2994 ἑαυτοῦ
1646 2943 1912 3013 τεχνήση-

336 3048 425 3085 ται
454 3032 618 3103 χειρὶ,
650 3031 707 3096 ἐξ
728 3031 974 3103 ἀνάγκης
1003 3031 1154 3099 ἐσται
1176 3031 1463 3099 ἀθάνατον,
1492 3033 1588 3087 ἆτε
1612 3033 1913 3096 ἀθανασίας

340 3123 518 3194 ἔργον.
577 3122 900 3186 Ἀθανασίας
935 3122 1045 3195 γὰρ
1074 3124 1320 3178 ἀθάνατα
1349 3124 1620 3193 γίγνεται,
1658 3124 1914 3195 καθάπερ

339 3215 433 3267 καὶ
454 3214 526 3268 τά
559 3214 703 3268 κακὰ
740 3215 958 3278 κακίας,
986 3215 1082 3267 καὶ
1120 3213 1189 3266 τὰ
1224 3213 1381 3269 ἄδικα
1411 3214 1643 3277 ἀδικίας.
1700 3215 1775 3267 Οὐ
1806 3215 1914 3285 γὰρ

2014 2022 2248 2091 aliquam
2302 2021 2597 2085 civitatem,
2644 2022 2907 2091 praeclaro
2956 2023 3146 2077 ordine
3198 2024 3463 2088 condidit,
3520 2039 3584 2099 ac

2012 2114 2165 2167 vocis
2188 2114 2419 2184 imperio
2447 2115 2755 2179 constituit,
2789 2116 2841 2169 in
2870 2130 3044 2185 eoque
3071 2117 3338 2172 elementa
3369 2118 3583 2189 singula

2014 2202 2293 2271 aptissime
2327 2205 2655 2274 composuit,
2683 2219 2746 2259 ac
2776 2206 2941 2261 variis
2978 2207 3339 2262 animantium
3367 2211 3583 2279 generi-

2012 2296 2116 2353 bus
2151 2298 2445 2368 complevit
2492 2299 2698 2363 omnia,
2750 2306 2809 2351 ut
2845 2296 2935 2352 hic
2968 2297 3207 2355 mundus
3241 2299 3481 2369 perfecte
3516 2302 3583 2356 ad

2014 2405 2228 2444 omnem
2272 2390 2734 2459 pulchritudinem
2796 2390 3171 2456 adolesceret,
3226 2407 3351 2445 cum
3408 2393 3463 2447 in
3518 2408 3585 2448 eo

2013 2482 2359 2536 omnimodas
2384 2493 2594 2535 natura:
2620 2482 2825 2535 formas
2848 2481 3000 2537 vivas
3026 2480 3407 2552 animatasque
3454 2499 3583 2552 pro-

2014 2579 2276 2638 creasset,
2296 2581 2459 2641 atque
2478 2580 2532 2626 et
2553 2572 2607 2624 in
2630 2572 2769 2625 cmlo
2788 2573 2987 2635 sidera,
3002 2579 3055 2626 et
3086 2572 3140 2625 in
3164 2585 3288 2626 aere
3310 2573 3583 2636 volucres.

2012 2672 2065 2718 et
2110 2664 2164 2717 in
2205 2671 2352 2718 terra
2382 2662 2783 2733 quadrupedes,
2819 2672 2872 2717 et
2921 2664 2977 2718 in
3011 2665 3167 2733 aquis
3202 2665 3445 2719 natantia
3474 2665 3587 2721 col-

2014 2758 2272 2821 locasset,
2309 2765 2645 2827 postremum
2682 2759 2924 2812 omnium
2959 2758 3255 2824 hominem,
3293 2762 3381 2814 cui
3413 2768 3585 2815 totum

2012 2849 2159 2904 hunc
2188 2850 2450 2904 mundum
2484 2850 2632 2905 velut
2660 2852 2936 2921 egregium
2966 2850 3239 2921 quoddam
3272 2853 3585 2922 praetorium

2013 2948 2321 3011 paraverat,
2378 2942 2457 2997 sic
2506 2949 2765 3011 tanquam
2808 2942 3161 2997 simulacrum
3206 2944 3478 3012 quoddam
3519 2944 3587 2999 ad

2013 3035 2097 3090 sui
2118 3034 2345 3105 eliigiem
2368 3050 2687 3105 expressum
2712 3035 2766 3088 in
2793 3035 2979 3089 orbem
3003 3035 3335 3101 introduxit;
3369 3037 3589 3092 acvelut

2012 3126 2347 3193 exquisitum
2378 3127 2593 3196 signum
2624 3127 2877 3182 manibus
2909 3126 3027 3181 suis
3056 3127 3389 3182 elaboratum
3424 3126 3583 3199 551

2014 3218 2279 3288 praeclaro
2312 3216 2366 3270 in
2407 3218 2607 3287 templo
2631 3215 2936 3273 constituit.
2969 3215 3157 3288 Neque
3185 3218 3331 3272 enim
3364 3219 3587 3290 ignora-

336 3304 685 3376 δικαιοσύνης
715 3304 876 3377 ἔργον
902 3305 964 3357 τὸ
994 3304 1221 3368 ἀδικεῖν,
1246 3304 1383 3358 ἀλλά
1410 3306 1654 3368 ἀδικίας·
1697 3306 1807 3359 οὐδ’
1843 3300 1908 3359 αὖ

2016 3310 2125 3377 bat,
2173 3309 2537 3379 quodcunque
2560 3318 2750 3379 suapte
2779 3323 2939 3363 mauu
2966 3307 3230 3375 ﬁnxisset,
3252 3310 3584 3372 necessario.

339 3398 554 3460 ἀδικίας
600 3398 971 3468 ἀντιστρόφως
1000 3397 1061 3450 τὸ
1099 3398 1515 3468 δικαιοπραγεῖν
1556 3396 1738 3467 ἔργον,
1782 3397 1918 3451 ἀ).λά

338 3490 714 3560 δικαιοσύνης’
771 3488 961 3561 ὥσπερ
1006 3489 1126 3542 οὐδὲ
1169 3488 1475 3559 ἀφθαρσίας
1505 3488 1565 3540 τὸ
1600 3488 1918 3558 φθείρεσθαι

340 3584 536 3646 ποιεῖν,
569 3581 706 3635 ἀλλά
730 3582 959 3652 φθορᾶς,
987 3581 1048 3633 τὸ
1077 3580 1425 3644 ἀθανατίζειν
1453 3580 1513 3632 οὐ
1545 3580 1770 3651 φθορᾶς,
1802 3579 1918 3632 ἀλλ’

341 3674 670 3743 ἀφθαρσίας.
700 3675 808 3727 Καὶ
833 3672 1155 3743 συλλήϐδην,
1183 3667 1292 3725 οἷον
1311 3672 1377 3725 ἂν
1456 3671 1516 3724 τὸ
1539 3669 1746 3732 ποιοῦν,
1780 3671 1919 3725 κατά

341 3766 431 3818 τὸν
461 3766 622 3819 αὑτὸν
649 3764 821 3828 οὓτως
845 3764 1001 3832 λόγον
1020 3764 1178 3818 τοῦτο
1205 3763 1524 3833 ποιούμενον
1558 3763 1573 3793 ¹
1600 3761 1659 3827 ἐξ
1679 3762 1920 3830 ἀνάγκης

342 3856 751 3927 ἀπεργάζεσθαι
785 3856 1091 3922 συμϐαίνει.
1155 3857 1214 3908 '0
1241 3856 1297 3908 δὲ
1332 3855 1464 3918 Θεὸς
1502 3855 1597 3907 καὶ
1631 3854 1917 3916 ἀθανασία,

343 3946 441 3999 καὶ
478 3945 614 4018 ζωὴ,
657 3947 751 3999 καὶ⁸
786 3946 1089 4017 ἀφθαρσία·
1134 3946 1293 4016 ἔργον
1329 3945 1387 3998 δὲ
1428 3944 1711 4016 ἄνθρωπος
1759 3944 1916 3999 Θεοῦ.

344 4038 461 4092 Πᾶν
481 4038 538 4090 δὲ
560 4038 623 4091 τὸ
652 4037 757 4090 ὑπὸ
792 4036 1089 4099 ἀθανασίας
1132 4036 1399 4106 ὲργασθὲν
1430 4036 1695 4089 ἀθάνατον
1715 4054 1729 4067 ·
1783 4036 1919 4089 ἀθά-

343 4146 503 4193 νατος
532 4129 687 4201 ἀραό
714 4128 1021 4197 ἄνθρωπος.
1043 4128 1134 4181 Διὸ
1164 4128 1227 4198 δὴ
1260 4128 1350 4180 τὸν
1376 4128 1474 4198 μὲν
1504 4127 1791 4199 ἄνθρωπον
1821 4129 1918 4181 αύ-

341 4220 648 4293 τούργησεν
675 4223 703 4274 ὁ
729 4220 884 4283 Θεὸς,
919 4221 985 4272 τὰ
1018 4219 1076 4272 δὲ
1105 4218 1268 4271 λοιπά
1298 4218 1430 4289 γένη
1461 4217 1615 4281 ζώων
1644 4217 1787 4287 ἀέρι,
1823 4218 1917 4271 καὶ

342 4317 439 4387 τῇ,
467 4314 563 4368 καὶ
588 4312 740 4366 ὕδατι
765 4310 1065 4381 προσέταξε
1096 4308 1304 4378 φέρειν.

2014 3409 2202 3471 utpote
2219 3401 2644 3455 immortalitatis
2659 3416 2816 3471 opus,
2838 3400 3145 3455 immortale
3162 3400 3404 3455 futurum
3450 3400 3586 3456 Nam

2014 3492 2084 3545 ab
2113 3491 2522 3544 immortalitate
2552 3490 2879 3543 immortalia
2900 3489 3345 3558 proﬁciscuntur,
3379 3492 3526 3546 velut
3556 3508 3590 3547 a

2014 3582 2220 3634 malitia
2238 3596 2359 3650 quae
2390 3581 2532 3633 mala
2551 3586 2700 3642 sunt,
2733 3588 2787 3633 et
2813 3581 2880 3632 ab
2909 3579 3175 3648 injustitia
3206 3581 3430 3649 injusta.
3471 3580 3591 3638 Non

2015 3672 2158 3725 enim
2178 3672 2406 3741 justitize
2423 3686 2560 3740 opus
2576 3680 2657 3726 est
2672 3670 2859 3739 injusti
2882 3671 3083 3740 aliquid
3110 3670 3307 3735 facere,
3332 3672 3425 3727 sed
3448 3673 3592 3742 inju-

2019 3762 2199 3826 stitize,
2216 3777 2392 3832 neque
2409 3778 2476 3816 ex
2498 3761 2729 3815 adverso
2746 3760 2893 3829 juste
2914 3760 3116 3829 aliquid
3133 3774 3292 3829 agere
3312 3760 3593 3829 injustitia

2016 3859 2123 3915 est,
2144 3849 2510 3919 sedjustitiaa;
2543 3848 2766 3918 perinde
2795 3864 2857 3902 ac
2886 3850 3249 3919 corruptelam
3271 3850 3462 3905 aﬂerre
3480 3866 3589 3906 non

2016 3941 2451 4011 incorruptionis
2484 3950 2589 4003 est,
2622 3939 2718 3995 sed
2751 3942 3119 4009 corruptionis
3148 3943 3449 4012 proprium.
3502 3945 3593 3999 Sic

2018 4034 2321 4087 immortale
2348 4032 2527 4087 facere
2552 4047 2661 4086 non
2688 4033 3078 4101 corruptionis,
3105 4036 3198 4088 sed
3229 4036 3587 4104 incorruptio-

2023 4124 2110 4177 nis
2144 4130 2247 4177 est.
2296 4123 2473 4191 Atque
2519 4129 2579 4174 ut.
2628 4136 2738 4175 uuo
2783 4124 2948 4176 verbo
2988 4122 3189 4185 dicam.
3230 4125 3390 4194 quale
3421 4136 3505 4182 est
3541 4126 3592 4185 'tIl

2024 4214 2168 4283 quod
2219 4214 2357 4284 agit,
2410 4215 2516 4268 tale
2554 4214 2610 4268 id
2649 4213 2861 4269 efficere
2898 4216 3212 4269 necessario
3251 4217 3411 4278 solet,
3448 4219 3595 4287 quod

2023 4306 2091 4361 ab
2120 4321 2187 4361 eo
2223 4307 2564 4376 producitur.
2624 4306 2787 4376 Atqui
2821 4306 2962 4362 Deus
2998 4318 3051 4362 et.
3080 4308 3461 4364 immortalitas
3488 4318 3593 4373 est.

343 4415 399 4464 et
424 4407 553 4473 vita,
583 4412 639 4461 et
670 4402 1040 4473 incorruptio;
1080 4401 1243 4456 homo
1272 4413 1402 4454 vero
1437 4398 1531 4454 Dei
1561 4415 1700 4470 opus
1728 4407 1832 4454 est.
1859 4398 2134 4469 Quidquid
2157 4414 2288 4454 vero
2316 4399 2384 4453 ab
2410 4399 2819 4453 immortalitate
2847 4398 3166 4462 fabricatur,
3198 4400 3502 4457 immortale
3525 4404 3593 4457 sit

344 4512 580 4574 oportet.
628 4501 810 4568 Quare
844 4498 1173 4553 immortalis
1203 4505 1287 4553 est
1325 4498 1510 4553 homo.
1540 4496 1833 4566 Propterea
1855 4497 1996 4551 Deus
2025 4497 2298 4551 hominem
2331 4511 2429 4551 sua
2458 4511 2621 4551 manu
2646 4495 2834 4550 ﬁnxit:
2870 4504 3065 4551 caetera
3085 4512 3215 4551 vero
3241 4497 3594 4555 animantium

345 4612 543 4670 genera
572 4611 772 4658 aerem,
810 4601 1010 4648 terram
1039 4603 1093 4647 et
1116 4607 1311 4662 aquam
1347 4591 1513 4661 jussit
1553 4591 1871 4660 producere.

419 4695 739 4766 Ἀνθρωπος
799 4694 856 4747 δὲ
908 4693 1246 4763 ἀληθέστατα
1306 4692 1518 4759 λέγεται
1575 4689 1715 4743 κατά
1764 4689 1916 4757 φύσιν

2098 4686 2364 4741 Caeterum
2394 4685 2579 4747 homo,
2605 4685 2649 4739 si
2681 4684 2800 4754 ejus
2828 4691 3079 4737 naturam
3114 4683 3393 4751 inspicias,
3429 4688 3595 4741 veris-

344 4786 468 4841 οὔτε
523 4787 670 4860 ψυχὴ
724 4788 891 4859 χωρὶς
945 4786 1215 4857 σώματος,
1241 4783 1351 4838 οὔτ’
1412 4779 1478 4837 αὖ
1538 4783 1694 4852 σῶμα
1754 4781 1922 4851 χωρὶς

344 4883 541 4953 ψυχῆς,
574 4881 709 4935 ἀλλά
753 4882 814 4933 τὸ
859 4882 922 4933 ὲκ
954 4879 1263 4941 συστάσεως
1306 4877 1483 4946 ψυχῆς
1521 4876 1615 4927 καὶ
1671 4872 1922 4943 σώματος

346 4977 426 5038 είς
471 4976 598 5044 μίαν
641 4973 739 5043 τὴν
786 4971 881 5025 τοῦ
922 4970 1089 5025 καλοῦ
1148 4970 1359 5040 μορφὴν
1433 4966 1703 5020 συντεθέν.
1759 4963 1921 5018 Ὅθεν

346 5066 595 5120 ἐντεῦθεν
627 5064 890 5119 ἀθάνατον
925 5064 989 5134 δὴ
1031 5062 1123 5115 τὸν
1167 5060 1449 5130 ἄνθρωπον
1489 5057 1767 5126 γεγονέναι
1800 5056 1925 5119 φαί-

349 5176 520 5222 νεται,
572 5157 775 5227 φθορᾶς
817 5155 873 5207 δὲ
908 5155 1125 5221 ἀπάσης
1164 5153 1259 5205 καὶ
1294 5151 1462 5204 νόσων
1516 5148 1692 5209 ὲκτός.
1748 5145 1923 5200 Μάθοι

349 5252 392 5306 δ’
423 5254 487 5307 ἄν
515 5269 598 5314 τις
650 5249 805 5303 τοῦτο
854 5250 948 5301 καὶ
993 5247 1102 5300 ἀπὸ
1148 5247 1245 5315 τῆς
1278 5244 1497 5315 Γραφῆς
1540 5240 1756 5302 ἱκανῶς.
1803 5238 1924 5290 Ἐπϊ

350 5343 459 5414 γὰρ
514 5342 621 5397 τῶν
680 5341 891 5405 ἄλλων,
957 5339 1131 5391 ὁπόσα
1189 5335 1397 5407 χρόνων
1459 5329 1927 5403 μετακοσμοῦνται

350 5432 653 5495 διαστολαῖς
690 5431 927 5502 ἡϐῶντα,
971 5429 1064 5481 καὶ
1109 5426 1479 5497 γηράσκοντα,
1537 5419 1924 5489 Ἑξαγαγιέτω,

353 5525 590 5594 λέγεται,
620 5523 693 5576 τὰ
725 5521 914 5574 ὕδατα
942 5518 1157 5587 ἑρπετὰ
1190 5515 1405 5585 ψυχῶν
1443 5513 1663 5575 ζωσῶν,
1698 5511 1797 5564 καὶ
1826 5528 1928 5562 πε-

354 5615 518 5670 τεινὰ
549 5614 845 5682 πετόμενα
876 5610 973 5663 ἐπὶ
1006 5607 1115 5675 τῆς
1146 5607 1279 5676 τῆς,
1314 5604 1465 5659 κατὰ
1508 5603 1574 5655 τὸ
1624 5601 1928 5667 στερέωμα

356 5708 461 5763 τοῦ
493 5704 752 5775 οὐρανοῦ
770 5719 781 5729 '
808 5704 922 5767 καὶ,
941 5699 1300 5769 Ἐξαγαγέτω
1320 5698 1358 5764 ἠ
1387 5696 1462 5767 γῆ
1496 5692 1709 5764 ψυχὴν
1733 5689 1928 5751 ζῶσαν

2027 4780 2163 4836 sime
2189 4795 2313 4834 esse
2334 4779 2537 4832 dicitur
2560 4792 2669 4829 non
2698 4776 2946 4845 corporis
2968 4789 3160 4843 expers
3190 4775 3392 4837 anima,
3425 4791 3596 4845 neque

2026 4884 2229 4938 corpus
2270 4868 2450 4920 anima
2495 4865 2851 4931 destitutum;
2911 4862 3007 4919 sed
3049 4862 3103 4916 id
3155 4863 3299 4932 quod
3338 4865 3390 4916 in
3432 4881 3595 4919 uuam

2024 4959 2240 5028 pulchri
2267 4958 2501 5027 bonique
2534 4955 2763 5009 formam
2794 4970 2861 5009 ex
2890 4954 3087 5007 animae
3111 4963 3164 5008 et
3192 4956 3437 5023 corporis
3462 4971 3596 5009 cou-

2023 5050 2306 5120 junctione
2352 5048 2641 5103 conﬂatur.
2700 5046 2778 5100 Ex
2811 5063 2920 5117 quo
2950 5047 3168 5117 quidem
3216 5048 3395 5117 colligi
3438 5062 3597 5117 posse

2026 5143 2263 5208 videtur,
2289 5140 2651 5193 immortalem
2677 5139 2947 5192 hominem
2967 5152 3089 5192 esse
3120 5136 3345 5197 factum,
3369 5154 3469 5191 nec
3490 5154 3595 5192 non

2026 5245 2080 5288 et
2128 5234 2500 5302 corruptionis
2545 5232 2758 5296 omnis,
2826 5244 2890 5283 ac
2932 5230 3247 5283 morborum
3297 5238 3596 5298 expertem.

2025 5323 2203 5393 Atque
2226 5323 2330 5376 hoc
2357 5323 2536 5391 ipsum
2568 5335 2738 5375 sacra:
2764 5320 2982 5373 Litterae
3010 5320 3225 5375 abunde
3252 5335 3352 5373 nos
3376 5320 3594 5373 docent.

2024 5412 2159 5466 Nam
2190 5413 2246 5466 in
2281 5412 2528 5481 reliquis,
2558 5426 2681 5479 qua
2715 5407 3022 5478 temporum
3049 5416 3254 5461 mutata
3282 5408 3475 5476 spatiis
3500 5407 3596 5460 ad-

2023 5506 2265 5561 olescere
2290 5520 2353 5558 ac
2376 5518 2769 5558 consenescere
2798 5502 3005 5556 solent:
3043 5499 3369 5565 Producunt,
3397 5500 3595 5569 inquit,

2024 5612 2175 5665 aqua:
2196 5595 2411 5658 reptitia
2434 5597 2733 5648 animarum
2751 5594 3027 5647 viventium
3048 5601 3095 5645 et
3116 5592 3345 5645 volucres
3364 5591 3595 5647 volantes

2026 5705 2182 5757 super
2212 5697 2429 5755 terram,
2452 5691 2613 5757 juxta
2636 5686 3028 5757 ﬁrmamentum
3056 5686 3227 5739 cwli‘.
3262 5683 3422 5739 Item:
3457 5681 3595 5737 Pro-

429 5871 448 5904 ι
482 5870 605 5927 (lor.
667 5869 725 5920 rb
747 5886 857 5920 ποι.
935 5870 954 5898 ³
987 5864 1117 5919 Thr.
1148 5878 1230 5927 ιιι,
1256 5861 1344 5917 54.
1424 5861 1445 5894 ³
1468 5859 1615 5917 Psal.
1642 5874 1800 5926 chv,
1831 5857 1885 5911 7.

2016 5856 2151 5913 Gen.
2194 5872 2233 5919 ι,
2268 5853 2354 5909 20.

636 5962 908 6021 PATROL.
942 5959 1059 6020 Gn.
1107 5955 1272 6018 XLI.

3240 5940 3317 6001 35
