4082 6394
513 405 672 464 ἳθθῖ)

1901 405 1970 460 S.
2010 403 2351 460 EPII‘IIANII

3629 404 3804 464 “30

531 523 692 575 ducat
745 526 884 574 terra
937 520 1170 573 animum
1200 520 1467 574 uiuentem
1531 518 1808 574 secundum
1855 519 2103 586 speciem:

2214 518 2362 571 κατὰ
2384 517 2555 588 γένος
2583 517 2934 587 τετράποδα,
2965 518 3060 572 καὶ
3087 517 3323 586 ἑρπετὰ,
3357 517 3454 571 καί
3474 518 3655 586 θηρία
3688 516 3813 586 τῆς

529 611 924 681 quadrupedia,
995 613 1210 681 reptilia
1266 621 1314 665 ct
1369 613 1561 664 bestias
1626 625 1778 666 terrm
1823 613 2108 666 secundum

515 721 688 775 genus
714 705 753 760 ‘.
795 703 892 759 Ubi
920 705 987 758 ad
1023 705 1296 757 hominem
1332 713 1648 772 pCI'Vt'IIlIIIl'I
1680 715 1764 760 est
1786 743 1802 768 ,
1851 721 1956 759 non
1989 721 2109 775 per-

529 795 655 851 inde
681 809 737 850 ut
773 797 825 849 in
857 794 980 849 aliis
1009 794 1180 848 dixit:
1239 793 1505 847 Producat
1537 806 1716 848 terra:
1750 804 1866 856 aut,
1905 793 2109 848 Produ-

533 897 658 940 caut
699 903 886 956 aqum:
922 898 1034 949 aut,
1070 885 1233 939 Fiant
1273 887 1618 938 luiuinaria'.
1663 884 1788 947 Sed,
1819 885 2105 940 Faciamus

519 979 790 1033 hominem
823 979 891 1030 ad
925 979 1226 1046 imaginem,
1266 988 1314 1031 et
1343 977 1746 1031 similitudinem
1771 989 2010 1031 nostram
2055 987 2106 1031 et

527 1072 708 1142 yrwsit
737 1070 988 1138 piscibus,
1015 1081 1062 1124 et
1093 1069 1398 1124 volatilibus
1430 1070 1565 1131 ca’li,
1595 1079 1646 1122 et
1678 1069 1934 1123 universis
1951 1085 2106 1138 pecu-

514 1163 683 1216 dibus
702 1150 740 1213 ³.
786 1162 868 1222 Et,
905 1162 1115 1230 Accepit
1157 1160 1292 1214 Deus
1326 1161 1390 1215 de
1411 1162 1536 1214 limo
1567 1172 1740 1222 terra,
1775 1170 1822 1213 et
1853 1160 2103 1228 formavit

516 1255 788 1310 ibomincm
813 1255 854 1306 ⁸.

601 1345 785 1402 XVIII.
827 1347 1004 1415 Atque
1058 1355 1115 1399 ιιι
1167 1345 1406 1400 hominis
1461 1360 1490 1398 a
1540 1345 1753 1400 caeteris
1803 1344 2104 1400 discrimen

532 1441 706 1509 stragis
739 1453 804 1492 ac
838 1437 1008 1506 inagis
1039 1438 1236 1491 intueri
1265 1437 1506 1506 possitis,
1540 1445 1914 1506 quantumque
1951 1445 2105 1490 aute-

528 1535 691 1587 cellat
721 1532 997 1593 omnibus,
1020 1539 1074 1584 et
1102 1537 1161 1583 ut
1187 1529 1490 1585 secundum
1523 1537 1646 1597 post
1679 1529 1902 1594 angelos
1929 1527 2107 1597 digni-

509 1626 660 1680 -tatis
711 1625 888 1678 locum
941 1622 1197 1674 obtinens
1246 1621 1655 1674 immortalitate
1701 1622 1774 1674 sit
1824 1621 2102 1688 praulitus,

529 1730 627 1785 age
656 1713 801 1768 istud
835 1713 1010 1783 ipsum
1039 1713 1220 1765 denuo
1253 1727 1316 1765 ex
1368 1727 1496 1765 vera
1526 1720 1581 1765 et
1607 1711 1908 1765 orthodoxa
1936 1711 2106 1765 ratio-

525 1823 598 1863 ne
629 1806 992 1874 disputemus.
1030 1802 1193 1874 542
1237 1801 1446 1858 Etenim
1491 1803 1704 1857 cmteris
1731 1803 1948 1873 quidem
1981 1803 2102 1856 ani-

529 1899 806 1954 u-antibus
832 1913 896 1951 ex
928 1897 1075 1951 illius
1110 1897 1360 1966 spiritus,
1409 1895 1502 1965 qui
1538 1910 1837 1965 per-aerem
1869 1895 2102 1950 diffusus
2136 1884 2175 1938 Β

513 1999 610 2044 -ρει
635 1987 974 2050 immissione
996 1987 1178 2041 anima
1204 1994 1291 2042 est
1314 1987 1532 2056 vitaque
1561 2002 1845 2040 concessa.
1881 1985 2099 2040 llomiui

516 2094 657 2135 vero
709 2077 945 2148 idipsum
1000 2093 1066 2132 ex
1119 2077 1412 2131 inuuortali
1450 2087 1612 2146 atque
1643 2077 1929 2130 excellenti
1965 2077 2098 2130 sub-

518 2172 727 2228 stantia
754 2170 1015 2225 tributum
1039 2189 1051 2223 :
1078 2167 1364 2238 [aspiravit
1385 2167 1681 2222 cnim-Deus
1708 2170 1758 2220 in
1782 2168 1969 2237 faciem
1987 2169 2099 2236 ejus

515 2265 850 2332 «spiraculum
883 2263 1002 2316 vita:
1027 2277 1046 2326 ,'
1075 2271 1123 2316 et
1160 2261 1334 2330 factus
1377 2271 1454 2315 est
1487 2261 1638 2313 homo
1664 2262 1727 2314 in
1759 2263 1991 2314 animam
2024 2262 2100 2313 vi-

523 2364 723 2410 cantem
740 2355 783 2408 '.
811 2352 934 2408 Illis
971 2353 1180 2407 servire
1227 2361 1390 2422 atque
1425 2351 1654 2422 imperio
1692 2351 1941 2415 subesse,
1973 2350 2100 2404 buic

522 2448 793 2504 dominari
821 2457 986 2518 atque
1021 2445 1307 2517 imperium
1357 2460 1615 2500 exercere
1647 2445 1960 2498 mandatum
1993 2451 2096 2499 est.

523 2541 619 2598 llla
657 2541 906 2595 diversas
937 2546 1258 2592 naturarum
1291 2536 1494 2606 eﬂigics
1542 2535 1857 2605 formasque
1904 2535 2097 2589 sortita

522 2644 688 2699 Iunt;
723 2637 993 2703 quotquot
1019 2629 1108 2684 Dei
1139 2629 1298 2698 jussu
1330 2628 1502 2683 solida
1539 2637 1592 2683 et
1627 2627 1978 2696 aspectaliilis
2003 2640 2099 2677 na-

519 2734 645 2781 tura
676 2723 951 2794 produxit.
981 2720 1118 2775 lluic
1147 2721 1239 2775 Dei
1268 2719 1436 2774 indita
1461 2718 1758 2774 similitudo
1789 2725 1871 2771 est
1901 2715 1966 2770 ad
1991 2717 2100 2785 pri-

524 2833 666 2872 mam
696 2814 867 2874 illatn,
895 2822 949 2868 et
987 2813 1320 2881 unigenitam
1355 2809 1532 2863 Patris
1556 2809 1846 2878 imaginem
1881 2807 2099 2875 penitus

513 2921 782 2977 expressa
821 2920 836 2957 :
866 2901 1014 2957 Fecit
1057 2903 1198 2956 enim
1231 2901 1370 2955 Deus
1398 2900 1696 2962 hominem;
1729 2899 1796 2950 ad
1820 2899 2098 2967 imaginem

508 2998 621 3054 .Dei
649 2997 774 3067 fecit
804 2997 1002 3051 illum'.
1025 2993 1177 3050 Unde
1204 3002 1258 3048 et
1284 2993 1634 3048 simulacrum
1654 3006 1834 3053 suum,
1859 2999 1918 3043 ut
1937 3005 2100 3059 quam

521 3091 759 3144 maxime
808 3087 1025 3142 firmum
1075 3101 1139 3140 ac
1182 3085 1377 3154 stabile
1408 3095 1572 3147 esset,
1605 3097 1792 3136 curam
1829 3082 2095 3144 adhibuit,

523 3197 660 3237 neve
706 3181 1059 3251 corruptione
1093 3178 1291 3233 tentari
1329 3177 1484 3230 facile
1518 3184 1720 3245 posset,
1761 3175 1984 3244 perinde
2016 3182 2097 3226 at-

521 3288 630 3342 que
657 3271 848 3326 eﬂict’s
895 3289 924 3325 a
956 3288 1016 3326 se
1059 3271 1258 3323 statuis
1305 3269 1595 3321 consulere
1628 3267 1864 3319 artiﬁces
1898 3266 2092 3321 solent.
2127 3266 2170 3288 “

524 3361 629 3428 Qui
661 3377 766 3414 non
803 3360 962 3414 modo
987 3359 1406 3414 simulacrorum
1443 3373 1668 3409 suorum
1704 3355 2095 3424 pulchritudini

521 3468 589 3509 uc
638 3452 819 3507 decori
873 3452 1118 3515 student,
1157 3458 1215 3503 ut
1245 3450 1442 3503 eximia
1475 3449 1654 3517 specie
1699 3462 1762 3500 ac
1811 3448 2098 3516 magnifica

523 3545 656 3605 sint,
683 3545 775 3596 sed
807 3543 970 3596 etiam
1001 3541 1484 3604 immortalitatem,
1513 3538 1692 3608 quoad
1726 3547 1974 3607 possunt,
2001 3538 2098 3592 iis-

521 3637 646 3691 dem
679 3635 811 3704 ipsis
849 3633 1088 3688 tribuere
1120 3639 1412 3696 conantur,
1443 3637 1502 3683 ut
1529 3645 1691 3699 quam
1719 3629 2097 3699 longissimum

521 3725 577 3782 in
634 3733 849 3794 tempus
902 3725 1108 3794 integra
1176 3721 1508 3791 minimeque
1560 3721 1829 3774 dissoluta
1886 3735 2099 3790 perma-

522 3824 705 3873 neant.
742 3817 796 3870 Id
844 3815 989 3885 quod
1033 3813 1280 3868 Phidiam
1326 3814 1468 3867 inter
1493 3821 1720 3867 caeteros
1756 3811 1953 3867 fecisse
1986 3828 2100 3867 me-

521 3917 757 3965 morant.
786 3907 886 3962 llic
913 3909 1083 3973 enim,
1119 3921 1242 3961 cum
1270 3904 1536 3977 Olympici
1563 3903 1716 3960 Jovis
1743 3904 2098 3959 simulacrum

519 4001 770 4059 ﬁnxisset
821 4016 888 4055 ex
923 3999 1110 4066 ebore,
1141 3998 1318 4054 oleum
1357 3997 1424 4052 ad
1473 3997 1639 4067 pedes
1693 4003 1818 4051 ante
1862 4003 2097 4051 statuam

517 4094 681 4164 jussit
706 4091 932 4155 elimidi,
962 4106 1074 4164 quo
1108 4089 1414 4144 immortale
1442 4087 1589 4142 illam
1623 4094 1888 4157 quantum
1916 4097 2098 4157 posset

515 4185 769 4241 ediceret.

582 4279 723 4333 tium
754 4277 918 4343 igitur
957 4273 1012 4328 in
1046 4273 1115 4328 iis
1148 4272 1429 4342 cperibus,
1464 4287 1586 4340 qua:
1624 4271 1876 4325 manibus
1909 4271 2096 4325 elabo-

2211 609 2319 680 γῆς
2353 611 2502 663 κατὰ
2541 610 2732 679 γένος.
2789 611 2914 663 Ἐπὶ
2955 610 3011 663 δὲ
3048 610 3146 663 τοῦ
3197 609 3483 681 ἀνθρώπου
3524 611 3812 673 ὡσαύτως

2210 702 2460 764 ἐκείνοις,
2505 701 2866 771 Ἐξαγ-αγέτω
2893 703 2930 769 ἢ
2955 701 3050 771 γῆ.
3085 703 3301 755 οὐκέτι·
3337 703 3393 773 ἢ,
3421 701 3810 772 Ἐξαγαγέτω

2210 796 2280 847 τὰ
2336 794 2554 846 ὕδραν
2610 794 2665 864 ἢ,
2720 794 3161 860 Γενηθιὶτωσαν
3206 794 3536 863 φωστῆρες.
3607 794 3808 857 Ἀλλὰ,

2208 886 2556 954 Ποιήσωμεν
2570 884 2884 954 ἄνθρωπον
2903 888 3029 939 κατ’
3055 887 3276 950 εἰκόνα,
3311 886 3409 940 καὶ
3429 888 3559 942 καθ’
3585 888 3782 956 ὁμοίω

2207 994 2312 1031 σιν
2351 978 2667 1047 ἡμετέραν,
2702 979 2799 1032 καὶ
2849 978 3200 1048 ἀρχέτωσαν
3240 979 3346 1033 τῶν
3404 983 3650 1049 ἰχθύων,
3695 984 3808 1035 καὶ

2206 1069 2326 1123 τῶν
2378 1069 2664 1123 πετεινῶν
2719 1070 2825 1124 τοῦ
2877 1073 3158 1138 οὐρανοῦ,
3209 1071 3305 1126 καὶ
3366 1072 3616 1126 πάντων
3676 1073 3806 1127 τῶν

2213 1163 2476 1232 κτηνῶνο
2519 1165 2649 1246 ικαὶ.
2717 1164 2968 1218 Ἔλαϐεν
3005 1168 3038 1219 ὀ
3097 1167 3238 1232 Θεὸς
3305 1166 3457 1236 χοῦν
3515 1166 3641 1220 ἀπὸ
3685 1161 3805 1237 τῆς

2207 1255 2339 1328 γῆς,
2369 1256 2464 1308 καὶ
2494 1255 2729 1307 ἔπλασε
2766 1253 2874 1307 τὸν
2905 1255 3237 1323 ἄνθρωπον.

2276 1349 2384 1402 lll'.
2425 1348 2534 1400 Kal.
2567 1348 2654 1400 ἵνα
2692 1347 2756 1418 δὴ
2813 1347 3011 1418 μᾶλλον
3045 1350 3139 1402 καὶ
3183 1349 3341 1418 ὑμεῖς
3384 1347 3484 1418 τὴν
3522 1349 3808 1419 διατρορὰυ

2205 1439 2489 1510 αἴσθησθε,
2523 1439 2598 1502 ὡς
2625 1440 2759 1492 ὅλων
2783 1441 2879 1492 καὶ
2916 1441 3081 1492 παντὶ
3137 1440 3246 1492 τῶν
3281 1440 3449 1493 ἄλλων
3488 1440 3805 1510 διαφέρων,

2206 1530 2301 1584 καὶ
2330 1533 2387 1583 ὲν
2429 1530 2658 1599 δευτέρᾳ
2700 1531 2832 1599 τιμῇ
2882 1529 2989 1580 τῶν
3017 1528 3262 1596 ἀγγέλων
3303 1526 3738 1595 ὲγκαταλεχθείς
3779 1529 3806 1579 ό

2204 1621 2487 1695 ἄνθρωπος
2530 1621 2843 1693 εὑρίσκεται
2891 1620 3156 1684 ἀθάνατος
3198 1618 3294 1682 ὣν,
3336 1620 3461 1690 φέρε
3512 1621 3663 1671 κα.τά
3704 1619 3806 1670 τὺυ

2204 1713 2379 1786 ἀληθῆ
2407 1713 2566 1767 πάλιν
2603 1714 2695 1767 καὶ
2725 1713 3003 1784 ὁρθόδοξον
3042 1713 3134 1767 κα)⁵
3172 1711 3332 1766 τοῦτο
3373 1711 3615 1766 διαλάόω
3641 1710 3804 1779 λογι-

2207 1807 2364 1878 σμόν.
2388 1806 2526 1870 ’Τοῖς
2559 1805 2658 1877 μὲν
2685 1805 2794 1876 γὰρ
2826 1806 2933 1858 ἀπὸ
2962 1805 3058 1875 τῆς
3092 1805 3344 1876 είσπνοῆς
3388 1802 3480 1856 τοῦ
3517 1802 3668 1856 κατά
3699 1803 3802 1854 τὸν

2203 1899 2344 1970 ἀέρα
2382 1897 2690 1969 πνεύματος
2734 1897 3093 1968 ἐμψυχῶσθαι
3126 1899 3145 1928 ⁷
3181 1895 3337 1966 ὲδόθη
3377 1895 3436 1947 τὺ
3465 1893 3588 1965 ζῇν,
3624 1893 3706 1964 τῷ
3736 1893 3800 1946 δὲ

2205 1993 2262 2059 ἐξ
2283 1991 2453 2062 αὐτῆς
2471 1991 2571 2062 τῆς
2598 1991 2864 2045 ἀθανάτου
2891 1993 2984 2044 καὶ
3009 1990 3372 2062 διαφερούσης
3390 1987 3601 2051 οὐσίας.
3675 1989 3798 2039 Ἐνι-

2203 2101 2271 2152 es:
2281 2085 2475 2150 ύσησε
2487 2083 2596 2153 γὰρ
2617 2085 2648 2136 ό
2670 2083 2813 2148 Θεὸς
2832 2085 2919 2146 εις
2940 2082 3006 2135 τὸ
3033 2081 3359 2150 πρόσωπον
3377 2077 3562 2132 αὐτοῦ
3583 2077 3797 2144 πνοὴν

2202 2175 2378 2246 ζωῆς·
2419 2178 2516 2230 καὶ
2560 2177 2800 2246 ἐγένετο
2843 2175 3156 2244 ἄνθρωπος
3195 2175 3286 2242 εις
3323 2175 3535 2244 ψυχὴν
3563 2171 3795 2233 ζῶσαν.

2202 2267 2313 2320 Καὶ
2339 2269 2450 2331 τοῖς
2477 2267 2576 2338 μὲν
2602 2266 2873 2319 δουλεύειν
2917 2269 3011 2321 καὶ
3042 2266 3308 2338 ἄρχεσθαι
3336 2267 3675 2337 προσετάγη,
3707 2262 3796 2332 τῷ

2201 2357 2256 2409 δὲ
2291 2358 2481 2429 ἄρχειν
2519 2358 2614 2410 καὶ
2649 2357 2946 2420 δεσπόζειν.
2978 2359 3088 2410 Καὶ
3113 2359 3224 2419 τοῖς
3261 2355 3362 2426 μὲν
3396 2354 3630 2426 διάφορα
3655 2354 3794 2423 σχή-

2205 2468 2348 2520 ματα
2379 2451 2592 2518 φύσεων
2634 2449 2883 2515 δίδονται,
2927 2451 3021 2502 καὶ
3069 2447 3294 2518 μορφαὶ,
3347 2447 3548 2508 ὁπόσας
3579 2448 3616 2514 ἡ
3663 2463 3794 2498 στε-

2207 2541 2422 2612 ρέμνιος
2457 2542 2548 2593 καὶ
2578 2541 2746 2612 ὁρατὴ
2797 2539 2959 2608 φύσις
2990 2538 3301 2599 κελεύοντος
3339 2534 3433 2588 τοῦ
3467 2533 3600 2587 Θεοῦ
3632 2535 3792 2601 ἐγέν-

2202 2649 2353 2703 νησε,
2386 2632 2461 2701 τῷ
2491 2632 2544 2684 δὲ
2577 2631 2804 2694 θεοειδὲς
2843 2631 2937 2684 καὶ
2971 2629 3288 2691 θεοείκελον,
3317 2627 3410 2680 καὶ
3440 2629 3616 2679 πάντα
3651 2624 3794 2696 πρὸς

2202 2725 2414 2795 ἐκείνην
2437 2723 2896 2795 ἀπηκριϐωμένον
2933 2723 3031 2793 τὴν
3064 2720 3418 2792 πρωτότυπον
3446 2718 3539 2770 τοῦ
3567 2717 3794 2787 Πατρὺς

2201 2820 2295 2871 καὶ
2345 2818 2607 2889 μονογενῆ
2657 2817 2856 2870 εἰκόνα·
2918 2815 3203 2883 Ἐποίησε
3259 2817 3368 2882 γὰρ
3406 2815 3439 2866 ὀ
3485 2812 3629 2876 Θεὸς
3678 2810 3796 2865 τὸν

2201 2909 2515 2978 ἄνθρωπον
2531 2927 2543 2940 ·
2582 2909 2709 2965 κατ’
2733 2908 2939 2964 εἰκόνα
2965 2908 3114 2961 Θεοῦ
3135 2907 3427 2971 ἐποίησεν
3449 2903 3656 2957 αὐτόν.
3695 2900 3796 2954 Διδ

2202 2999 2297 3055 καὶ
2342 2999 2607 3069 ἐμέλησεν
2669 2996 2816 3068 αὐτῷ
2863 2997 2961 3067 τῆς
3019 2995 3111 3049 τοῦ
3157 2995 3420 3065 σφετέρου
3468 2991 3795 3062 ἀγάλματος

2201 3092 2477 3164 διαμονῆς,
2515 3090 2602 3144 ἵνα
2643 3089 2716 3161 μὴ
2746 3085 3075 3162 εὐάλωτονῇ
3111 3087 3251 3160 πρὸς
3282 3085 3608 3156 διαφθοράνο
3645 3085 3794 3138 καθ-

2203 3186 2346 3259 άπερ
2371 3185 2465 3238 καὶ
2508 3184 2616 3237 τῶν
2658 3183 2995 3253 ἀνδριάντων
3022 3183 3132 3244 τοῖς
3174 3180 3544 3250 δημιουργοῖς.
3570 3178 3644 3230 Οὐ
3675 3176 3795 3246 γάρ

2205 3279 2362 3349 μόνον
2395 3277 2623 3338 κάλλους
2671 3274 2778 3328 τῶν
2825 3273 3154 3344 ἀγαλμάτων
3184 3272 3368 3330 αὐτοῖς
3411 3271 3504 3323 καὶ
3545 3269 3646 3339 τῆς
3693 3269 3794 3321 εὐ-

2201 3370 2465 3442 πρεπείας
2507 3366 2684 3421 αὐτῶν
2738 3366 3145 3435 πεφρόντισται,
3182 3364 3330 3426 ὅπως
3375 3357 3477 3414 ὦσι
3521 3359 3793 3430 περικαλ-

2199 3464 2310 3526 λεῖς
2356 3463 2388 3532 ἢ
2430 3461 2886 3533 μεγαλοπρεπεῖς,
2923 3457 3057 3512 ἀλλὰ
3097 3456 3192 3510 καὶ
3221 3456 3319 3526 τῆς
3351 3456 3432 3516 είς
3467 3453 3528 3508 τὸ
3560 3453 3794 3505 δυνατδν

2202 3554 2382 3622 σφίσιν
2417 3553 2601 3614 αὐτοῖς
2639 3550 2939 3613 ἀθανασίας
2966 3549 3074 3602 τῶν
3109 3545 3605 3618 δημιουργημάτων
3644 3545 3794 3614 πρό-

2200 3658 2348 3694 νοιαν
2378 3640 2666 3704 ποιεῖσθαι,
2699 3642 2780 3702 είς
2810 3638 2901 3691 τὸν
2950 3639 3269 3710 μακραίωνα
3300 3636 3490 3706 χρόνον
3521 3634 3794 3697 διασώζε-

2203 3732 2323 3785 σθαι
2362 3733 2435 3802 μὴ
2468 3731 2721 3801 λυόμενα,
2764 3730 3016 3800 καθάπερ
3054 3729 3148 3782 καὶ
3189 3729 3423 3793 Φειδίας.
3453 3721 3618 3788 Οὗτος
3648 3725 3794 3796 γὰρ,

2203 3824 2342 3896 μετὰ
2372 3825 2432 3878 τὸ
2481 3824 2889 3878 κατασκευάσαι
2914 3823 2976 3876 τὸ
3019 3824 3241 3876 Πισαῖον
3285 3822 3500 3876 εἴδωλον
3553 3818 3633 3888 (ἐξ
3677 3818 3793 3872 ἑλέ-

2201 3934 2397 3986 φαντος
2413 3917 2469 3970 δὲ
2491 3915 2647 3970 τοῦτο
2673 3912 2790 3987 ἦν),
2811 3915 2988 3969 ἔλαιον
3009 3913 3283 3984 ὲκχεῖσθαι
3315 3911 3642 3985 προσέταξεν
3669 3911 3793 3981 (34)

2199 4007 2342 4076 ἀμφὶ
2362 4009 2488 4070 τοὺς
2508 4007 2674 4070 πόδας
2700 4005 3011 4078 ἔμπροσθεν
3034 4005 3130 4059 τοῦ
3155 4004 3488 4076 ἀγάλματος,
3514 4001 3793 4056 ἀθάνατον

2200 4100 2280 4162 είς
2307 4099 2535 4170 δύναμιν
2568 4098 2860 4169 φυλάσσειν
2895 4098 2916 4127 ⁸
2942 4097 3094 4149 αὐτό.

2267 4268 2380 4323 Καὶ
2412 4269 2592 4322 τοίνυν
2625 4271 2673 4322 εί
2701 4269 2812 4322 τῶν
2835 4272 3208 4342 χειροτμήτων
3229 4270 3403 4334 οὕτως
3434 4269 3791 4341 δημιουργοὶ,

2197 4363 2226 4413 ὁ
2257 4359 2390 4424 Θεὸς
2415 4362 2444 4413 ὀ
2468 4361 2870 4430 ἀριστοτέχνας.
2913 4362 2971 4425 ὃς
3000 4363 3176 4415 πάντα
3212 4361 3433 4415 δύναται
3467 4363 3561 4414 καὶ
3591 4361 3649 4426 eg
3684 4363 3791 4416 οὐν

2197 4451 2366 4505 ὄντων
2393 4454 2588 4516 ποιεῖν,
2628 4452 2690 4506 οὐ
2728 4452 2927 4524 μᾶλλον
2953 4454 3014 4506 τὸ
3059 4453 3279 4524 ἄγαλμα
3307 4452 3368 4505 τὺ
3410 4452 3628 4520 λογικὸν
3653 4454 3780 4506 tau

517 4371 778 4427 raverint,
807 4365 1051 4421 artiﬁces
1095 4364 1200 4419 ista
1251 4362 1584 4426 moliantur;
1617 4376 1798 4416 nonne
1830 4369 2096 4431 priestan-

517 4462 764 4517 tissimus
788 4459 877 4513 ille
900 4456 1081 4526 opifex
1114 4453 1279 4517 Deus,
1309 4455 1404 4524 qui
1436 4454 1518 4508 vel
1548 4469 1612 4508 ex
1646 4455 1816 4508 nihilo
1845 4469 2098 4523 procrea-

517 4572 576 4611 re
609 4562 783 4625 potest
815 4552 1022 4615 ounria,
1054 4564 1209 4604 suam
1239 4547 1385 4601 illam
1417 4548 1630 4601 ratione
1672 4546 1952 4615 praeditam
1984 4546 2094 4600 eili-

2205 4544 2291 4597 τοῦ
2317 4545 2406 4599 τὸν
2452 4545 2731 4616 ἄνθρωπον
2758 4545 3061 4618 ἀνώλεθρον
3100 4546 3194 4598 καὶ
3235 4545 3501 4598 ἀθάνατον
3549 4539 3689 4596 εἶναι
3727 4543 3790 4596 τὸ

513 4647 677 4717 giem,
707 4642 958 4699 videlicet
985 4639 1282 4702 hominem,
1311 4637 1485 4690 multo
1515 4636 1688 4707 magis
1713 4637 2098 4707 sempiternam

2205 4638 2460 4708 παράπαν
2493 4637 2552 4702 ὲξ
2578 4639 2794 4710 ἀπάσης
2823 4639 3068 4708 ἀνάγκης
3091 4639 3494 4708 ἐμηχανήσατο,
3519 4635 3634 4689 ἀλλ’
3657 4639 3787 4690 sta-

514 4747 566 4794 et
620 4735 984 4794 immortalem
1035 4730 1251 4802 penitus
1304 4729 1729 4798 necessarioque
1775 4727 2099 4782 fabricavit?

2205 4744 2288 4781 σεν
2323 4728 2495 4791 οὕτως
2527 4729 2829 4797 ἀτιμότατα
2879 4729 3140 4800 λυόμενον
3188 4728 3395 4800 ὀλέθρῳ
3441 4726 3788 4799 παραδοῦναι

515 4831 598 4886 An
647 4831 831 4900 potius
878 4825 1241 4896 ignominiose
1271 4823 1409 4877 adeo
1455 4821 1779 4877 dissolutam
1821 4819 2096 4888 corrumpi

2205 4819 2289 4871 καὶ
2311 4819 2505 4890 φθορᾷ,
2537 4818 2564 4870 ὃ
2579 4819 2940 4892 διαφερόντως
2965 4820 3162 4890 ἠξίωσε
3188 4823 3308 4884 ταῖς
3335 4819 3528 4873 ἑαυτοῦ
3550 4819 3788 4889 ποιῆσαι

514 4931 567 4978 et
610 4921 835 4977 interire
885 4915 1180 4990 permisit?
1213 4915 1389 4984 Atque
1421 4928 1538 4968 eam
1592 4912 1810 4982 quidem
1842 4910 2092 4980 cfligiem,

2205 4909 2371 4980 χερσὶ,
2421 4909 2541 4964 κατ’
2593 4910 2774 4963 εἰκόνα
2823 4912 3236 4982 μορφοποιήσας
3297 4911 3449 4977 αὐτὸ,
3511 4911 3604 4964 καὶ
3653 4913 3787 4965 καθ’

514 5029 677 5084 quam
721 5011 978 5067 nianibus
1027 5007 1301 5078 perpolire
1365 5004 1482 5060 suis
1540 5003 1799 5074 singulari
1855 5002 2089 5072 quadam

2205 5002 2451 5072 δμοίωσιν
2472 5003 2569 5074 τὴν
2603 5001 2818 5067 ἑαυτοῦ,
2847 5003 2940 5057 τὸν
2974 5004 3175 5074 κόσμον
3205 5003 3299 5057 τοῦ
3346 5004 3571 5075 κόσμου,
3606 5004 3675 5057 δι’
3720 5000 3786 5059 οὗ

515 5106 724 5161 ratione
753 5104 1011 5173 dignatus
1051 5107 1158 5164 est,
1191 5112 1354 5169 quam
1391 5094 1459 5150 ad
1498 5094 1787 5164 imaginem
1834 5108 1988 5148 suam
2027 5107 2091 5147 ac

2205 5093 2400 5162 κόσμος
2441 5095 2694 5161 ὲγὲνετο;
2741 5095 2854 5148 Οὐκ
2890 5094 3035 5147 ἐστιν
3081 5096 3276 5148 εἰπεῖν.
3325 5096 3515 5167 Ἀπῄει
3553 5096 3662 5167 γάρ
3704 5102 3784 5153 εἰς

513 5197 946 5260 similitudinem,
985 5193 1134 5248 velut
1173 5189 1359 5244 mundi
1407 5188 1638 5242 alterum
1691 5185 1955 5240 mundum
1994 5200 2090 5239 ex-

2205 5184 2506 5256 ίιφροσύνην
2533 5185 2842 5256 ὲπαρθὲντα
2877 5186 3144 5258 φρονῆσαι
3175 5186 3353 5239 τοῦτο.

514 5291 754 5362 pressit:
789 5287 951 5358 cujus
995 5283 1233 5353 denique
1277 5295 1443 5336 causa
1491 5277 1729 5333 mundus
1771 5287 1855 5333 est
1890 5277 2084 5331 factus.
2128 5274 2243 5330 Dici
2273 5277 2418 5332 istud
2453 5279 2680 5333 omnino
2709 5294 2818 5334 non
2849 5286 3049 5348 potest.
3088 5276 3343 5334 Proxime
3391 5279 3539 5334 enim
3582 5280 3649 5332 ad
3695 5280 3783 5334 in-

511 5387 722 5444 saniam
757 5383 1065 5448 accederet,
1091 5397 1130 5451 ιι
1169 5380 1187 5433 i
1220 5378 1273 5434 id
1303 5392 1444 5432 vana
1471 5375 1731 5446 Opinione
1760 5374 1981 5429 inﬂatus
2013 5373 2239 5430 auderet
2267 5389 2535 5430 asserere.

583 5542 758 5604 'Gen.
800 5557 840 5606 ι,
867 5540 959 5596 Si.
1070 5539 1093 5571 '
1121 5537 1251 5594 ibid.
1290 5535 1378 5591 Η.
1474 5532 1651 5590 'ibid.
1677 5531 1766 5586 26.
1888 5527 2064 5585 “Gen.
2098 5545 2103 5582 ι

2205 5531 2248 5585 7.
2360 5493 2628 5589 IIibidem.
2739 5532 2925 5590 “Gen.
2963 5533 3100 5600 ι,Ξῖ
3191 5531 3375 5590 'Cor.
3436 5531 3764 5604 ἐψυχεῖσθαι

512 5613 532 5648 ⁵
564 5612 625 5669 F.
661 5613 969 5681 φυλάσσων.

580 5727 692 5799 (54)
733 5728 974 5799 Ἕᾼαιογ
993 5721 1718 5799 ἐκκεῖσθᾳιλπροσέταξεν.
1742 5717 1964 5799 Plinius
1987 5719 2079 5799 lib.

511 5790 600 5858 κνξ
631 5790 755 5863 cap,
799 5797 890 5865 17,
905 5797 985 5853 .de
1016 5790 1171 5853 oiéo:
1215 5790 1572 5849 Existimatur
1619 5801 1668 5846 et
1700 5791 1872 5846 oleum
1913 5790 2080 5846 uindi-

2191 5717 2360 5772 cando
2388 5734 2419 5770 a
2450 5719 2592 5771 carie
2628 5717 2758 5771 utile
2793 5733 2926 5772 esse.
2983 5714 3134 5772 Certe
3162 5722 3297 5773 simu
3313 5721 3510 5771 'acrum
3549 5711 3778 5769 Saturn:

2187 5789 2368 5843 Romw
2395 5790 2536 5844 intus
2571 5789 2683 5844 oleo
2723 5788 2974 5858 repletum
3000 5798 3098 5842 est.
