  <div class='ocr_page' id='page_1' title='image "/cluster/home/n/w/nwhite01/storage/ocr_20150623/41/nnc1.0046978747/630.png"; bbox 0 0 4082 6394; ppageno 0'>
   <div class='ocr_carea' id='block_1_1' title="bbox 331 446 468 505">
    <p class='ocr_par' dir='ltr' id='par_1_1' title="bbox 331 446 468 505">
     <span class='ocr_line' id='line_1_1' title="bbox 331 446 468 505; baseline -0.015 -1"><span class='ocrx_word' id='word_1_1' title='bbox 331 446 468 505; x_wconf 74' lang='lat' dir='ltr'><strong>“Ol</strong></span> 
     </span>
    </p>
   </div>
   <div class='ocr_carea' id='block_1_2' title="bbox 982 417 1921 502">
    <p class='ocr_par' dir='ltr' id='par_1_2' title="bbox 982 417 1898 497">
     <span class='ocr_line' id='line_1_2' title="bbox 982 417 1898 497; baseline 0.001 -1"><span class='ocrx_word' id='word_1_2' title='bbox 982 444 1352 496; x_wconf 69' lang='lat' dir='ltr'><strong>ADVERSUS</strong></span> <span class='ocrx_word' id='word_1_3' title='bbox 1389 443 1735 497; x_wconf 60' lang='lat' dir='ltr'><strong>usususus</strong></span> <span class='ocrx_word' id='word_1_4' title='bbox 1773 417 1898 497; x_wconf 80' lang='lat' dir='ltr'><strong>Lm.</strong></span> 
     </span>
    </p>
   </div>
   <div class='ocr_carea' id='block_1_3' title="bbox 2022 417 2945 502">
    <p class='ocr_par' dir='ltr' id='par_1_3' title="bbox 2052 442 2945 502">
     <span class='ocr_line' id='line_1_3' title="bbox 2052 442 2945 502; baseline 0.004 -5"><span class='ocrx_word' id='word_1_5' title='bbox 2052 442 2218 499; x_wconf 82' lang='lat' dir='ltr'><strong>TUM.</strong></span> <span class='ocrx_word' id='word_1_6' title='bbox 2258 444 2300 497; x_wconf 90' lang='grc' dir='ltr'><strong>Ι.</strong></span> <span class='ocrx_word' id='word_1_7' title='bbox 2340 466 2412 485; x_wconf 63' lang='grc' dir='ltr'><strong>-νπ-</strong></span> <span class='ocrx_word' id='word_1_8' title='bbox 2447 443 2721 499; x_wconf 61' lang='grc' dir='ltr'><strong>ΙΙκΕΒΕὸ.</strong></span> <span class='ocrx_word' id='word_1_9' title='bbox 2764 444 2945 502; x_wconf 67' lang='lat' dir='ltr'><strong>LXIV.</strong></span> 
     </span>
    </p>
   </div>
   <div class='ocr_carea' id='block_1_4' title="bbox 3455 446 3595 506">
    <p class='ocr_par' dir='ltr' id='par_1_4' title="bbox 3455 446 3595 506">
     <span class='ocr_line' id='line_1_4' title="bbox 3455 446 3595 506; baseline 0.014 -1"><span class='ocrx_word' id='word_1_10' title='bbox 3455 446 3595 506; x_wconf 74' lang='grc' dir='ltr'>ιιος</span> 
     </span>
    </p>
   </div>
   <div class='ocr_carea' id='block_1_5' title="bbox 400 550 1921 641">
    <p class='ocr_par' dir='ltr' id='par_1_5' title="bbox 400 550 1913 639">
     <span class='ocr_line' id='line_1_5' title="bbox 400 550 1913 639; baseline -0.001 -16"><span class='ocrx_word' id='word_1_11' title='bbox 400 567 504 623; x_wconf 82' lang='grc' dir='ltr'><strong>ΙΘ¹.</strong></span> <span class='ocrx_word' id='word_1_12' title='bbox 549 550 705 620; x_wconf 83' lang='grc' dir='ltr'><strong>ἈλλἸ</strong></span> <span class='ocrx_word' id='word_1_13' title='bbox 726 564 857 629; x_wconf 77' lang='grc' dir='ltr'>ἴσως</span> <span class='ocrx_word' id='word_1_14' title='bbox 883 563 959 637; x_wconf 79' lang='grc' dir='ltr'><strong>μὴ</strong></span> <span class='ocrx_word' id='word_1_15' title='bbox 996 565 1391 634; x_wconf 73' lang='grc' dir='ltr'><strong>ἐπιστήσαντες</strong></span> <span class='ocrx_word' id='word_1_16' title='bbox 1424 564 1650 630; x_wconf 79' lang='grc' dir='ltr'>ἑαυτοὺς</span> <span class='ocrx_word' id='word_1_17' title='bbox 1684 567 1822 639; x_wconf 88' lang='grc' dir='ltr'>πρὸς</span> <span class='ocrx_word' id='word_1_18' title='bbox 1845 568 1913 621; x_wconf 77' lang='grc' dir='ltr'>τὰ</span> 
     </span>
    </p>
   </div>
   <div class='ocr_carea' id='block_1_6' title="bbox 2022 550 3601 641">
    <p class='ocr_par' dir='ltr' id='par_1_6' title="bbox 2085 566 3601 641">
     <span class='ocr_line' id='line_1_6' title="bbox 2085 566 3601 641; baseline 0.002 -20"><span class='ocrx_word' id='word_1_19' title='bbox 2085 566 2228 624; x_wconf 80' lang='lat' dir='ltr'><strong>XIX.</strong></span> <span class='ocrx_word' id='word_1_20' title='bbox 2270 568 2376 623; x_wconf 99' lang='lat' dir='ltr'><strong>Sed</strong></span> <span class='ocrx_word' id='word_1_21' title='bbox 2405 584 2526 638; x_wconf 83' lang='lat' dir='ltr'><strong>quae</strong></span> <span class='ocrx_word' id='word_1_22' title='bbox 2552 568 2817 625; x_wconf 80' lang='lat' dir='ltr'><strong>hactenus</strong></span> <span class='ocrx_word' id='word_1_23' title='bbox 2847 569 3127 640; x_wconf 89' lang='lat' dir='ltr'><strong>proposita</strong></span> <span class='ocrx_word' id='word_1_24' title='bbox 3160 576 3310 634; x_wconf 88' lang='lat' dir='ltr'><strong>sunt,</strong></span> <span class='ocrx_word' id='word_1_25' title='bbox 3340 583 3376 625; x_wconf 88' lang='grc' dir='ltr'><strong>ο</strong></span> <span class='ocrx_word' id='word_1_26' title='bbox 3403 570 3601 641; x_wconf 83' lang='lat' dir='ltr'><strong>Aglao-</strong></span> 
     </span>
    </p>
   </div>
   <div class='ocr_carea' id='block_1_7' title="bbox 328 653 1923 734">
    <p class='ocr_par' dir='ltr' id='par_1_7' title="bbox 328 653 1923 734">
     <span class='ocr_line' id='line_1_7' title="bbox 328 653 1923 734; baseline -0.002 -18"><span class='ocrx_word' id='word_1_27' title='bbox 328 660 600 734; x_wconf 84' lang='grc' dir='ltr'>λεχθέντα,</span> <span class='ocrx_word' id='word_1_28' title='bbox 630 653 675 713; x_wconf 83' lang='grc' dir='ltr'>ὧ</span> <span class='ocrx_word' id='word_1_29' title='bbox 718 656 1053 727; x_wconf 80' lang='grc' dir='ltr'><strong>Ἀγλαοφῶν,</strong></span> <span class='ocrx_word' id='word_1_30' title='bbox 1083 657 1265 723; x_wconf 81' lang='grc' dir='ltr'>λέξετε</span> <span class='ocrx_word' id='word_1_31' title='bbox 1286 673 1299 686; x_wconf 88' lang='grc'><strong>·</strong></span> <span class='ocrx_word' id='word_1_32' title='bbox 1328 658 1438 710; x_wconf 80' lang='grc' dir='ltr'>Καὶ</span> <span class='ocrx_word' id='word_1_33' title='bbox 1471 657 1607 723; x_wconf 83' lang='grc' dir='ltr'>πῶς,</span> <span class='ocrx_word' id='word_1_34' title='bbox 1640 660 1688 711; x_wconf 79' lang='grc' dir='ltr'><strong>ει</strong></span> <span class='ocrx_word' id='word_1_35' title='bbox 1722 658 1923 714; x_wconf 80' lang='grc' dir='ltr'>ἀθάνα-</span> 
     </span>
    </p>
   </div>
   <div class='ocr_carea' id='block_1_8' title="bbox 327 748 1921 825">
    <p class='ocr_par' dir='ltr' id='par_1_8' title="bbox 327 748 1921 825">
     <span class='ocr_line' id='line_1_8' title="bbox 327 748 1921 825; baseline -0.002 -19"><span class='ocrx_word' id='word_1_36' title='bbox 327 772 421 807; x_wconf 90' lang='grc' dir='ltr'><strong>τον</strong></span> <span class='ocrx_word' id='word_1_37' title='bbox 452 748 521 825; x_wconf 80' lang='grc' dir='ltr'>ἦν</span> <span class='ocrx_word' id='word_1_38' title='bbox 553 754 617 805; x_wconf 82' lang='grc' dir='ltr'>ὲκ</span> <span class='ocrx_word' id='word_1_39' title='bbox 662 750 931 820; x_wconf 85' lang='grc' dir='ltr'>γενέσεως</span> <span class='ocrx_word' id='word_1_40' title='bbox 968 749 1091 803; x_wconf 85' lang='grc' dir='ltr'>καθ’</span> <span class='ocrx_word' id='word_1_41' title='bbox 1123 750 1269 820; x_wconf 83' lang='grc' dir='ltr'>ὑμᾶς</span> <span class='ocrx_word' id='word_1_42' title='bbox 1309 748 1373 802; x_wconf 88' lang='grc' dir='ltr'><strong>τὸ</strong></span> <span class='ocrx_word' id='word_1_43' title='bbox 1418 748 1577 815; x_wconf 84' lang='grc' dir='ltr'>ζῶον,</span> <span class='ocrx_word' id='word_1_44' title='bbox 1629 751 1921 822; x_wconf 88' lang='grc' dir='ltr'>γεγένηται</span> 
     </span>
    </p>
   </div>
   <div class='ocr_carea' id='block_1_9' title="bbox 330 842 1923 918">
    <p class='ocr_par' dir='ltr' id='par_1_9' title="bbox 330 842 1923 918">
     <span class='ocr_line' id='line_1_9' title="bbox 330 842 1923 918; baseline -0.002 -18"><span class='ocrx_word' id='word_1_45' title='bbox 330 846 546 918; x_wconf 88' lang='grc' dir='ltr'>θνητὸν,</span> <span class='ocrx_word' id='word_1_46' title='bbox 602 844 763 899; x_wconf 85' lang='grc' dir='ltr'>ὁπότε</span> <span class='ocrx_word' id='word_1_47' title='bbox 798 842 859 895; x_wconf 89' lang='grc' dir='ltr'><strong>τὸ</strong></span> <span class='ocrx_word' id='word_1_48' title='bbox 905 842 1175 897; x_wconf 88' lang='grc' dir='ltr'>ἀθάνατον</span> <span class='ocrx_word' id='word_1_49' title='bbox 1215 843 1649 914; x_wconf 82' lang='grc' dir='ltr'>ἀμεταστρόφως</span> <span class='ocrx_word' id='word_1_50' title='bbox 1700 844 1859 897; x_wconf 80' lang='grc' dir='ltr'>τοῦτο</span> <span class='ocrx_word' id='word_1_51' title='bbox 1893 844 1923 897; x_wconf 84' lang='grc' dir='ltr'>ὅ</span> 
     </span>
    </p>
   </div>
   <div class='ocr_carea' id='block_1_10' title="bbox 329 929 1921 1006">
    <p class='ocr_par' dir='ltr' id='par_1_10' title="bbox 329 929 1921 1006">
     <span class='ocr_line' id='line_1_10' title="bbox 329 929 1921 1006; baseline -0.002 -16"><span class='ocrx_word' id='word_1_52' title='bbox 329 938 480 990; x_wconf 77' lang='grc' dir='ltr'>ἐστιν</span> <span class='ocrx_word' id='word_1_53' title='bbox 531 929 671 988; x_wconf 76' lang='grc' dir='ltr'>εἶναι</span> <span class='ocrx_word' id='word_1_54' title='bbox 714 932 839 1006; x_wconf 86' lang='grc' dir='ltr'>χρὴ,</span> <span class='ocrx_word' id='word_1_55' title='bbox 882 932 957 1003; x_wconf 83' lang='grc' dir='ltr'>μὴ</span> <span class='ocrx_word' id='word_1_56' title='bbox 1007 932 1368 1003; x_wconf 88' lang='grc' dir='ltr'>μεταπίπτον,</span> <span class='ocrx_word' id='word_1_57' title='bbox 1413 931 1447 1003; x_wconf 83' lang='grc' dir='ltr'>ἢ</span> <span class='ocrx_word' id='word_1_58' title='bbox 1500 932 1921 1004; x_wconf 73' lang='grc' dir='ltr'>ἐξανιστάμενον</span> 
     </span>
    </p>
   </div>
   <div class='ocr_carea' id='block_1_11' title="bbox 329 1022 1918 1099">
    <p class='ocr_par' dir='ltr' id='par_1_11' title="bbox 329 1022 1918 1099">
     <span class='ocr_line' id='line_1_11' title="bbox 329 1022 1918 1099; baseline -0.001 -19"><span class='ocrx_word' id='word_1_59' title='bbox 329 1030 410 1091; x_wconf 76' lang='grc' dir='ltr'>εἰς</span> <span class='ocrx_word' id='word_1_60' title='bbox 445 1026 542 1099; x_wconf 82' lang='grc' dir='ltr'>τὴν</span> <span class='ocrx_word' id='word_1_61' title='bbox 581 1023 826 1095; x_wconf 80' lang='grc' dir='ltr'>αἰσχίονα</span> <span class='ocrx_word' id='word_1_62' title='bbox 861 1024 954 1077; x_wconf 81' lang='grc' dir='ltr'>καὶ</span> <span class='ocrx_word' id='word_1_63' title='bbox 980 1022 1178 1095; x_wconf 80' lang='grc' dir='ltr'>θνητὴν</span> <span class='ocrx_word' id='word_1_64' title='bbox 1207 1022 1405 1093; x_wconf 81' lang='grc' dir='ltr'>φύσιν;</span> <span class='ocrx_word' id='word_1_65' title='bbox 1452 1022 1756 1094; x_wconf 84' lang='grc' dir='ltr'>Ἀμήχανον</span> <span class='ocrx_word' id='word_1_66' title='bbox 1788 1023 1918 1095; x_wconf 85' lang='grc' dir='ltr'>γὰρ,</span> 
     </span>
    </p>
   </div>
   <div class='ocr_carea' id='block_1_12' title="bbox 330 1113 1920 1186">
    <p class='ocr_par' dir='ltr' id='par_1_12' title="bbox 330 1113 1920 1186">
     <span class='ocr_line' id='line_1_12' title="bbox 330 1113 1920 1186; baseline -0.001 -15"><span class='ocrx_word' id='word_1_67' title='bbox 330 1119 454 1172; x_wconf 69' lang='grc' dir='ltr'>ἐπεὶ</span> <span class='ocrx_word' id='word_1_68' title='bbox 498 1117 598 1171; x_wconf 81' lang='grc' dir='ltr'><strong>οὐκ</strong></span> <span class='ocrx_word' id='word_1_69' title='bbox 637 1116 785 1169; x_wconf 78' lang='grc' dir='ltr'>ἔστιν</span> <span class='ocrx_word' id='word_1_70' title='bbox 827 1116 1113 1169; x_wconf 88' lang='grc' dir='ltr'>ἀθάνατον.</span> <span class='ocrx_word' id='word_1_71' title='bbox 1161 1113 1404 1186; x_wconf 82' lang='grc' dir='ltr'><strong>Ἐπειδὴ,</strong></span> <span class='ocrx_word' id='word_1_72' title='bbox 1434 1114 1593 1179; x_wconf 82' lang='grc' dir='ltr'><strong>λέξω,</strong></span> <span class='ocrx_word' id='word_1_73' title='bbox 1627 1115 1920 1185; x_wconf 86' lang='grc' dir='ltr'>γενόμενον</span> 
     </span>
    </p>
   </div>
   <div class='ocr_carea' id='block_1_13' title="bbox 330 1205 1919 1280">
    <p class='ocr_par' dir='ltr' id='par_1_13' title="bbox 330 1205 1919 1280">
     <span class='ocr_line' id='line_1_13' title="bbox 330 1205 1919 1280; baseline -0.003 -15"><span class='ocrx_word' id='word_1_74' title='bbox 330 1209 674 1276; x_wconf 77' lang='grc' dir='ltr'>αὐτεξούσιον</span> <span class='ocrx_word' id='word_1_75' title='bbox 706 1209 844 1280; x_wconf 81' lang='grc' dir='ltr'>πρὸς</span> <span class='ocrx_word' id='word_1_76' title='bbox 880 1208 981 1280; x_wconf 82' lang='grc' dir='ltr'>τὴν</span> <span class='ocrx_word' id='word_1_77' title='bbox 1010 1207 1220 1279; x_wconf 81' lang='grc' dir='ltr'>αἵρεσιν</span> <span class='ocrx_word' id='word_1_78' title='bbox 1260 1206 1355 1259; x_wconf 81' lang='grc' dir='ltr'>τοῦ</span> <span class='ocrx_word' id='word_1_79' title='bbox 1382 1205 1574 1273; x_wconf 85' lang='grc' dir='ltr'>καλοῦ,</span> <span class='ocrx_word' id='word_1_80' title='bbox 1600 1207 1694 1261; x_wconf 76' lang='grc' dir='ltr'><strong>καὶ</strong></span> <span class='ocrx_word' id='word_1_81' title='bbox 1732 1207 1919 1263; x_wconf 79' lang='grc' dir='ltr'>τοῦτον</span> 
     </span>
    </p>
   </div>
   <div class='ocr_carea' id='block_1_14' title="bbox 327 1293 1920 1374">
    <p class='ocr_par' dir='ltr' id='par_1_14' title="bbox 327 1293 1920 1374">
     <span class='ocr_line' id='line_1_14' title="bbox 327 1293 1920 1374; baseline -0.003 -16"><span class='ocrx_word' id='word_1_82' title='bbox 327 1304 419 1358; x_wconf 84' lang='grc' dir='ltr'><strong>τὸν</strong></span> <span class='ocrx_word' id='word_1_83' title='bbox 448 1302 647 1374; x_wconf 86' lang='grc' dir='ltr'>θεσμὸν</span> <span class='ocrx_word' id='word_1_84' title='bbox 695 1300 933 1373; x_wconf 81' lang='grc' dir='ltr'>εἰληφὼς</span> <span class='ocrx_word' id='word_1_85' title='bbox 964 1293 1017 1353; x_wconf 66' lang='grc' dir='ltr'>δ’</span> <span class='ocrx_word' id='word_1_86' title='bbox 1042 1298 1333 1371; x_wconf 84' lang='grc' dir='ltr'>μισόκαλος</span> <span class='ocrx_word' id='word_1_87' title='bbox 1376 1298 1607 1362; x_wconf 81' lang='grc' dir='ltr'>ἐπιστὰς</span> <span class='ocrx_word' id='word_1_88' title='bbox 1649 1300 1920 1355; x_wconf 72' lang='grc' dir='ltr'>ἐϐάσκανε</span> 
     </span>
    </p>
   </div>
   <div class='ocr_carea' id='block_1_15' title="bbox 330 1390 1921 1465">
    <p class='ocr_par' dir='ltr' id='par_1_15' title="bbox 330 1390 1921 1465">
     <span class='ocr_line' id='line_1_15' title="bbox 330 1390 1921 1465; baseline -0.003 -16"><span class='ocrx_word' id='word_1_89' title='bbox 330 1394 540 1465; x_wconf 70' lang='grc' dir='ltr'>φθόνος.</span> <span class='ocrx_word' id='word_1_90' title='bbox 560 1394 616 1447; x_wconf 88' lang='lat'><strong>&#39;0</strong></span> <span class='ocrx_word' id='word_1_91' title='bbox 642 1392 750 1464; x_wconf 83' lang='grc' dir='ltr'><strong>γὰρ</strong></span> <span class='ocrx_word' id='word_1_92' title='bbox 770 1392 905 1456; x_wconf 82' lang='grc' dir='ltr'>Θεὸς</span> <span class='ocrx_word' id='word_1_93' title='bbox 928 1390 1109 1445; x_wconf 73' lang='grc' dir='ltr'>ἔκτισε</span> <span class='ocrx_word' id='word_1_94' title='bbox 1139 1391 1230 1445; x_wconf 85' lang='grc' dir='ltr'><strong>τὸν</strong></span> <span class='ocrx_word' id='word_1_95' title='bbox 1260 1392 1544 1464; x_wconf 80' lang='grc' dir='ltr'>ἄνθρωπον</span> <span class='ocrx_word' id='word_1_96' title='bbox 1570 1391 1665 1445; x_wconf 82' lang='grc' dir='ltr'>ὲπὶ</span> <span class='ocrx_word' id='word_1_97' title='bbox 1707 1391 1921 1463; x_wconf 70' lang='grc' dir='ltr'>ἀφθαρο</span> 
     </span>
    </p>
   </div>
   <div class='ocr_carea' id='block_1_16' title="bbox 333 1483 1916 1559">
    <p class='ocr_par' dir='ltr' id='par_1_16' title="bbox 333 1483 1916 1559">
     <span class='ocr_line' id='line_1_16' title="bbox 333 1483 1916 1559; baseline -0.002 -20"><span class='ocrx_word' id='word_1_98' title='bbox 333 1486 443 1559; x_wconf 65' lang='grc' dir='ltr'>σία,</span> <span class='ocrx_word' id='word_1_99' title='bbox 478 1487 573 1540; x_wconf 74' lang='grc' dir='ltr'>καὶ</span> <span class='ocrx_word' id='word_1_100' title='bbox 601 1484 908 1554; x_wconf 75' lang='grc' dir='ltr'>εἰκόνατῆς</span> <span class='ocrx_word' id='word_1_101' title='bbox 938 1483 1071 1547; x_wconf 78' lang='grc' dir='ltr'>ἰδίας</span> <span class='ocrx_word' id='word_1_102' title='bbox 1116 1483 1416 1555; x_wconf 82' lang='grc' dir='ltr'>ἀϊδιότητος</span> <span class='ocrx_word' id='word_1_103' title='bbox 1453 1483 1705 1555; x_wconf 76' lang='grc' dir='ltr'>ἐποίησεν</span> <span class='ocrx_word' id='word_1_104' title='bbox 1734 1484 1916 1536; x_wconf 78' lang='grc' dir='ltr'>αὐτόν.</span> 
     </span>
    </p>
   </div>
   <div class='ocr_carea' id='block_1_17' title="bbox 330 1572 1921 1647">
    <p class='ocr_par' dir='ltr' id='par_1_17' title="bbox 330 1572 1921 1647">
     <span class='ocr_line' id='line_1_17' title="bbox 330 1572 1921 1647; baseline -0.004 -15"><span class='ocrx_word' id='word_1_105' title='bbox 330 1578 439 1633; x_wconf 79' lang='lat' dir='ltr'><strong>Kal</strong></span> <span class='ocrx_word' id='word_1_106' title='bbox 470 1578 581 1647; x_wconf 76' lang='grc' dir='ltr'>γὰρ</span> <span class='ocrx_word' id='word_1_107' title='bbox 608 1578 640 1630; x_wconf 85' lang='grc' dir='ltr'><em>ὀ</em></span> <span class='ocrx_word' id='word_1_108' title='bbox 669 1576 812 1641; x_wconf 83' lang='grc' dir='ltr'><strong>Θεὸς</strong></span> <span class='ocrx_word' id='word_1_109' title='bbox 837 1572 1097 1628; x_wconf 80' lang='grc' dir='ltr'>θάνατον</span> <span class='ocrx_word' id='word_1_110' title='bbox 1125 1576 1237 1629; x_wconf 83' lang='grc' dir='ltr'>οὐκ</span> <span class='ocrx_word' id='word_1_111' title='bbox 1268 1575 1579 1643; x_wconf 76' lang='grc' dir='ltr'>ἐποίησεν,</span> <span class='ocrx_word' id='word_1_112' title='bbox 1610 1573 1755 1629; x_wconf 86' lang='grc' dir='ltr'>οὐδὲ</span> <span class='ocrx_word' id='word_1_113' title='bbox 1793 1574 1921 1641; x_wconf 83' lang='grc' dir='ltr'>τέρ-</span> 
     </span>
    </p>
   </div>
   <div class='ocr_carea' id='block_1_18' title="bbox 330 1667 1919 1736">
    <p class='ocr_par' dir='ltr' id='par_1_18' title="bbox 330 1667 1919 1736">
     <span class='ocr_line' id='line_1_18' title="bbox 330 1667 1919 1736; baseline -0.003 -10"><span class='ocrx_word' id='word_1_114' title='bbox 330 1688 501 1726; x_wconf 77' lang='grc' dir='ltr'>πεται</span> <span class='ocrx_word' id='word_1_115' title='bbox 537 1671 629 1725; x_wconf 74' lang='grc' dir='ltr'><strong>ἐπ’</strong></span> <span class='ocrx_word' id='word_1_116' title='bbox 675 1669 942 1736; x_wconf 80' lang='grc' dir='ltr'><strong>ἀπωλείᾳ</strong></span> <span class='ocrx_word' id='word_1_117' title='bbox 988 1667 1234 1729; x_wconf 76' lang='grc' dir='ltr'><strong>ζώντων.</strong></span> <span class='ocrx_word' id='word_1_118' title='bbox 1284 1668 1488 1735; x_wconf 79' lang='grc' dir='ltr'>Φθόνῳ</span> <span class='ocrx_word' id='word_1_119' title='bbox 1525 1669 1593 1722; x_wconf 85' lang='grc' dir='ltr'>δὲ</span> <span class='ocrx_word' id='word_1_120' title='bbox 1633 1669 1919 1723; x_wconf 82' lang='grc' dir='ltr'>διαϐόλου</span> 
     </span>
    </p>
   </div>
   <div class='ocr_carea' id='block_1_19' title="bbox 330 1758 1919 1831">
    <p class='ocr_par' dir='ltr' id='par_1_19' title="bbox 330 1758 1919 1831">
     <span class='ocr_line' id='line_1_19' title="bbox 330 1758 1919 1831; baseline -0.002 -17"><span class='ocrx_word' id='word_1_121' title='bbox 330 1760 585 1824; x_wconf 84' lang='grc' dir='ltr'>θάνατος</span> <span class='ocrx_word' id='word_1_122' title='bbox 611 1758 901 1825; x_wconf 75' lang='grc' dir='ltr'>εἰσῆλθεν·</span> <span class='ocrx_word' id='word_1_123' title='bbox 923 1760 1009 1824; x_wconf 80' lang='grc' dir='ltr'>εἰς</span> <span class='ocrx_word' id='word_1_124' title='bbox 1040 1759 1149 1811; x_wconf 74' lang='grc' dir='ltr'><strong>τὸν</strong></span> <span class='ocrx_word' id='word_1_125' title='bbox 1180 1758 1415 1828; x_wconf 75' lang='grc' dir='ltr'>κόσμον</span> <span class='ocrx_word' id='word_1_126' title='bbox 1435 1776 1448 1789; x_wconf 91' lang='grc'><strong>·</strong></span> <span class='ocrx_word' id='word_1_127' title='bbox 1481 1758 1734 1831; x_wconf 86' lang='grc' dir='ltr'>καθάπερ</span> <span class='ocrx_word' id='word_1_128' title='bbox 1767 1760 1858 1813; x_wconf 75' lang='grc' dir='ltr'><strong>καὶ</strong></span> <span class='ocrx_word' id='word_1_129' title='bbox 1886 1761 1919 1831; x_wconf 82' lang='grc' dir='ltr'><strong>ή</strong></span> 
     </span>
    </p>
   </div>
   <div class='ocr_carea' id='block_1_20' title="bbox 332 1852 1917 1924">
    <p class='ocr_par' dir='ltr' id='par_1_20' title="bbox 332 1852 1917 1924">
     <span class='ocr_line' id='line_1_20' title="bbox 332 1852 1917 1924; baseline 0 -17"><span class='ocrx_word' id='word_1_130' title='bbox 332 1852 499 1924; x_wconf 81' lang='grc' dir='ltr'>Σοφία</span> <span class='ocrx_word' id='word_1_131' title='bbox 528 1853 849 1924; x_wconf 81' lang='grc' dir='ltr'>Σαλομῶνος</span> <span class='ocrx_word' id='word_1_132' title='bbox 875 1853 988 1923; x_wconf 77' lang='grc'><strong>(55)</strong></span> <span class='ocrx_word' id='word_1_133' title='bbox 1029 1855 1310 1924; x_wconf 86' lang='grc' dir='ltr'>μαρτυρεῖ.</span> <span class='ocrx_word' id='word_1_134' title='bbox 1348 1854 1459 1907; x_wconf 69' lang='grc' dir='ltr'>Καὶ</span> <span class='ocrx_word' id='word_1_135' title='bbox 1490 1853 1657 1907; x_wconf 89' lang='grc' dir='ltr'>πόθεν</span> <span class='ocrx_word' id='word_1_136' title='bbox 1687 1856 1715 1906; x_wconf 97' lang='lat'><strong>6</strong></span> <span class='ocrx_word' id='word_1_137' title='bbox 1753 1852 1917 1907; x_wconf 88' lang='grc' dir='ltr'>θάνα-</span> 
     </span>
    </p>
   </div>
   <div class='ocr_carea' id='block_1_21' title="bbox 331 1945 1919 2017">
    <p class='ocr_par' dir='ltr' id='par_1_21' title="bbox 331 1945 1919 2017">
     <span class='ocr_line' id='line_1_21' title="bbox 331 1945 1919 2017; baseline -0.001 -18"><span class='ocrx_word' id='word_1_138' title='bbox 331 1963 440 2010; x_wconf 82' lang='grc' dir='ltr'>τος.</span> <span class='ocrx_word' id='word_1_139' title='bbox 483 1945 640 2010; x_wconf 60' lang='grc' dir='ltr'>πάλιν</span> <span class='ocrx_word' id='word_1_140' title='bbox 671 1946 736 2017; x_wconf 82' lang='grc' dir='ltr'>δὴ</span> <span class='ocrx_word' id='word_1_141' title='bbox 763 1945 1016 2014; x_wconf 89' lang='grc' dir='ltr'>λέγεσθαι</span> <span class='ocrx_word' id='word_1_142' title='bbox 1040 1945 1275 2017; x_wconf 83' lang='grc' dir='ltr'><strong>ἀνάγκη,</strong></span> <span class='ocrx_word' id='word_1_143' title='bbox 1301 1947 1349 1998; x_wconf 79' lang='grc' dir='ltr'>εἰ</span> <span class='ocrx_word' id='word_1_144' title='bbox 1374 1946 1447 2017; x_wconf 84' lang='grc' dir='ltr'>μὴ</span> <span class='ocrx_word' id='word_1_145' title='bbox 1482 1946 1709 2001; x_wconf 89' lang='grc' dir='ltr'>θάνατον</span> <span class='ocrx_word' id='word_1_146' title='bbox 1734 1946 1919 2017; x_wconf 80' lang='grc' dir='ltr'>ἐποίη-</span> 
     </span>
    </p>
   </div>
   <div class='ocr_carea' id='block_1_22' title="bbox 333 2035 1919 2107">
    <p class='ocr_par' dir='ltr' id='par_1_22' title="bbox 333 2035 1919 2107">
     <span class='ocr_line' id='line_1_22' title="bbox 333 2035 1919 2107; baseline -0.001 -17"><span class='ocrx_word' id='word_1_147' title='bbox 333 2055 423 2091; x_wconf 85' lang='grc' dir='ltr'><strong>σεν</strong></span> <span class='ocrx_word' id='word_1_148' title='bbox 448 2040 476 2089; x_wconf 87' lang='lat'><strong>6</strong></span> <span class='ocrx_word' id='word_1_149' title='bbox 510 2035 663 2102; x_wconf 82' lang='grc' dir='ltr'>Θεὸς,</span> <span class='ocrx_word' id='word_1_150' title='bbox 683 2039 729 2089; x_wconf 87' lang='grc' dir='ltr'>εἱ</span> <span class='ocrx_word' id='word_1_151' title='bbox 760 2036 869 2090; x_wconf 90' lang='grc' dir='ltr'><strong>ἀπὸ</strong></span> <span class='ocrx_word' id='word_1_152' title='bbox 894 2035 988 2089; x_wconf 78' lang='grc' dir='ltr'>τοῦ</span> <span class='ocrx_word' id='word_1_153' title='bbox 1022 2036 1240 2106; x_wconf 86' lang='grc' dir='ltr'>φθόνου,</span> <span class='ocrx_word' id='word_1_154' title='bbox 1264 2038 1358 2091; x_wconf 71' lang='grc' dir='ltr'><strong>καὶ</strong></span> <span class='ocrx_word' id='word_1_155' title='bbox 1384 2037 1503 2101; x_wconf 85' lang='grc' dir='ltr'><strong>πῶς</strong></span> <span class='ocrx_word' id='word_1_156' title='bbox 1539 2040 1567 2091; x_wconf 94' lang='lat'><strong>6</strong></span> <span class='ocrx_word' id='word_1_157' title='bbox 1599 2037 1792 2107; x_wconf 85' lang='grc' dir='ltr'>φθόνος</span> <span class='ocrx_word' id='word_1_158' title='bbox 1819 2037 1919 2105; x_wconf 81' lang='grc' dir='ltr'>τῆς</span> 
     </span>
    </p>
   </div>
   <div class='ocr_carea' id='block_1_23' title="bbox 333 2128 1920 2201">
    <p class='ocr_par' dir='ltr' id='par_1_23' title="bbox 333 2128 1920 2201">
     <span class='ocr_line' id='line_1_23' title="bbox 333 2128 1920 2201; baseline -0.001 -18"><span class='ocrx_word' id='word_1_159' title='bbox 333 2128 636 2201; x_wconf 83' lang='grc' dir='ltr'><strong>βουλήσεως</strong></span> <span class='ocrx_word' id='word_1_160' title='bbox 666 2128 863 2200; x_wconf 79' lang='grc' dir='ltr'>μᾶλλον</span> <span class='ocrx_word' id='word_1_161' title='bbox 890 2130 1079 2199; x_wconf 74' lang='grc' dir='ltr'>ἴσχυσε</span> <span class='ocrx_word' id='word_1_162' title='bbox 1115 2130 1210 2183; x_wconf 83' lang='grc' dir='ltr'>τοῦ</span> <span class='ocrx_word' id='word_1_163' title='bbox 1235 2129 1390 2184; x_wconf 75' lang='grc' dir='ltr'>Θεοῦ.</span> <span class='ocrx_word' id='word_1_164' title='bbox 1409 2129 1569 2183; x_wconf 85' lang='grc' dir='ltr'>Ἀλλὰ</span> <span class='ocrx_word' id='word_1_165' title='bbox 1609 2129 1767 2183; x_wconf 80' lang='grc' dir='ltr'>τοῦτο</span> <span class='ocrx_word' id='word_1_166' title='bbox 1791 2128 1920 2182; x_wconf 84' lang='grc' dir='ltr'>δύσ-</span> 
     </span>
    </p>
   </div>
   <div class='ocr_carea' id='block_1_24' title="bbox 332 2218 1918 2291">
    <p class='ocr_par' dir='ltr' id='par_1_24' title="bbox 332 2218 1918 2291">
     <span class='ocr_line' id='line_1_24' title="bbox 332 2218 1918 2291; baseline -0.001 -18"><span class='ocrx_word' id='word_1_167' title='bbox 332 2238 512 2291; x_wconf 80' lang='grc' dir='ltr'>φημον</span> <span class='ocrx_word' id='word_1_168' title='bbox 548 2218 811 2291; x_wconf 82' lang='grc' dir='ltr'>λέξωμεν.</span> <span class='ocrx_word' id='word_1_169' title='bbox 876 2220 1045 2275; x_wconf 83' lang='grc' dir='ltr'>Πόθεν</span> <span class='ocrx_word' id='word_1_170' title='bbox 1076 2222 1104 2273; x_wconf 90' lang='grc' dir='ltr'><strong>ὁ</strong></span> <span class='ocrx_word' id='word_1_171' title='bbox 1132 2220 1361 2290; x_wconf 76' lang='grc' dir='ltr'>φθόνος;</span> <span class='ocrx_word' id='word_1_172' title='bbox 1395 2223 1423 2273; x_wconf 93' lang='lat'><strong>6</strong></span> <span class='ocrx_word' id='word_1_173' title='bbox 1448 2220 1744 2289; x_wconf 78' lang='grc' dir='ltr'>ἀντιλέγων</span> <span class='ocrx_word' id='word_1_174' title='bbox 1780 2220 1918 2290; x_wconf 86' lang='grc' dir='ltr'>ὲρεῖ.</span> 
     </span>
    </p>
   </div>
   <div class='ocr_carea' id='block_1_25' title="bbox 334 2311 1919 2384">
    <p class='ocr_par' dir='ltr' id='par_1_25' title="bbox 334 2311 1919 2384">
     <span class='ocr_line' id='line_1_25' title="bbox 334 2311 1919 2384; baseline -0.002 -18"><span class='ocrx_word' id='word_1_175' title='bbox 334 2315 393 2366; x_wconf 81' lang='lat' dir='ltr'><strong>Ei</strong></span> <span class='ocrx_word' id='word_1_176' title='bbox 419 2313 527 2384; x_wconf 74' lang='grc' dir='ltr'>γὰρ</span> <span class='ocrx_word' id='word_1_177' title='bbox 550 2312 657 2366; x_wconf 85' lang='grc' dir='ltr'><strong>ἀπὸ</strong></span> <span class='ocrx_word' id='word_1_178' title='bbox 686 2311 779 2365; x_wconf 78' lang='grc' dir='ltr'>τοῦ</span> <span class='ocrx_word' id='word_1_179' title='bbox 799 2311 1070 2379; x_wconf 75' lang='grc' dir='ltr'>διαϐόλου,</span> <span class='ocrx_word' id='word_1_180' title='bbox 1096 2314 1189 2366; x_wconf 73' lang='grc' dir='ltr'><strong>καὶ</strong></span> <span class='ocrx_word' id='word_1_181' title='bbox 1213 2312 1301 2365; x_wconf 82' lang='grc' dir='ltr'><strong>διὰ</strong></span> <span class='ocrx_word' id='word_1_182' title='bbox 1325 2311 1378 2365; x_wconf 86' lang='grc' dir='ltr'>τί</span> <span class='ocrx_word' id='word_1_183' title='bbox 1409 2311 1653 2376; x_wconf 79' lang='grc' dir='ltr'>διάόολος</span> <span class='ocrx_word' id='word_1_184' title='bbox 1680 2311 1919 2380; x_wconf 78' lang='grc' dir='ltr'>ἐγένετο,</span> 
     </span>
    </p>
   </div>
   <div class='ocr_carea' id='block_1_26' title="bbox 333 2407 667 2476">
    <p class='ocr_par' dir='ltr' id='par_1_26' title="bbox 333 2407 667 2476">
     <span class='ocr_line' id='line_1_26' title="bbox 333 2407 667 2476; baseline -0.006 -15"><span class='ocrx_word' id='word_1_185' title='bbox 333 2410 379 2461; x_wconf 85' lang='grc' dir='ltr'>εἱ</span> <span class='ocrx_word' id='word_1_186' title='bbox 414 2407 630 2476; x_wconf 81' lang='grc' dir='ltr'>ἐγένετο</span> <span class='ocrx_word' id='word_1_187' title='bbox 651 2423 667 2470; x_wconf 87' lang='grc'><strong>;</strong></span> 
     </span>
    </p>
   </div>
   <div class='ocr_carea' id='block_1_27' title="bbox 2022 657 3604 727">
    <p class='ocr_par' dir='ltr' id='par_1_27' title="bbox 2022 657 3604 727">
     <span class='ocr_line' id='line_1_27' title="bbox 2022 657 3604 727; baseline 0.003 -17"><span class='ocrx_word' id='word_1_188' title='bbox 2022 658 2190 727; x_wconf 91' lang='lat' dir='ltr'><strong>phon,</strong></span> <span class='ocrx_word' id='word_1_189' title='bbox 2223 659 2406 713; x_wconf 90' lang='lat' dir='ltr'><strong>minus</strong></span> <span class='ocrx_word' id='word_1_190' title='bbox 2436 667 2646 713; x_wconf 92' lang='lat' dir='ltr'><strong>attento</strong></span> <span class='ocrx_word' id='word_1_191' title='bbox 2692 657 2927 713; x_wconf 77' lang='lat' dir='ltr'><strong>forsitan</strong></span> <span class='ocrx_word' id='word_1_192' title='bbox 2957 658 3141 713; x_wconf 91' lang='lat' dir='ltr'><strong>animo</strong></span> <span class='ocrx_word' id='word_1_193' title='bbox 3183 657 3604 715; x_wconf 73' lang='lat' dir='ltr'><strong>considerantes</strong></span> 
     </span>
    </p>
   </div>
   <div class='ocr_carea' id='block_1_28' title="bbox 2020 749 3603 822">
    <p class='ocr_par' dir='ltr' id='par_1_28' title="bbox 2020 749 3603 822">
     <span class='ocr_line' id='line_1_28' title="bbox 2020 749 3603 822; baseline 0.003 -19"><span class='ocrx_word' id='word_1_194' title='bbox 2020 750 2258 818; x_wconf 73' lang='lat' dir='ltr'><strong>obiicere</strong></span> <span class='ocrx_word' id='word_1_195' title='bbox 2286 749 2391 804; x_wconf 92' lang='lat' dir='ltr'><strong>ista</strong></span> <span class='ocrx_word' id='word_1_196' title='bbox 2425 749 2678 819; x_wconf 89' lang='lat' dir='ltr'><strong>poteritis</strong></span> <span class='ocrx_word' id='word_1_197' title='bbox 2712 769 2725 804; x_wconf 87' lang='lat'><strong>:</strong></span> <span class='ocrx_word' id='word_1_198' title='bbox 2750 750 3144 814; x_wconf 84' lang='lat' dir='ltr'><strong>Si_immortale</strong></span> <span class='ocrx_word' id='word_1_199' title='bbox 3175 751 3243 805; x_wconf 87' lang='lat' dir='ltr'><strong>ab</strong></span> <span class='ocrx_word' id='word_1_200' title='bbox 3271 750 3480 822; x_wconf 77' lang='lat' dir='ltr'><strong>origine</strong></span> <span class='ocrx_word' id='word_1_201' title='bbox 3501 766 3603 807; x_wconf 82' lang='lat' dir='ltr'><strong>sua</strong></span> 
     </span>
    </p>
   </div>
   <div class='ocr_carea' id='block_1_29' title="bbox 2021 841 3604 912">
    <p class='ocr_par' dir='ltr' id='par_1_29' title="bbox 2021 841 3604 912">
     <span class='ocr_line' id='line_1_29' title="bbox 2021 841 3604 912; baseline 0.003 -16"><span class='ocrx_word' id='word_1_202' title='bbox 2021 842 2225 897; x_wconf 90' lang='lat' dir='ltr'><strong>animal</strong></span> <span class='ocrx_word' id='word_1_203' title='bbox 2274 842 2408 897; x_wconf 92' lang='lat' dir='ltr'><strong>illud</strong></span> <span class='ocrx_word' id='word_1_204' title='bbox 2461 841 2756 905; x_wconf 84' lang='lat' dir='ltr'><strong>exstiterit,</strong></span> <span class='ocrx_word' id='word_1_205' title='bbox 2786 842 2881 912; x_wconf 85' lang='lat' dir='ltr'><strong>qui</strong></span> <span class='ocrx_word' id='word_1_206' title='bbox 2925 842 3146 897; x_wconf 83' lang='lat' dir='ltr'><strong>tandem</strong></span> <span class='ocrx_word' id='word_1_207' title='bbox 3195 843 3424 899; x_wconf 87' lang='lat' dir='ltr'><strong>mortale</strong></span> <span class='ocrx_word' id='word_1_208' title='bbox 3477 858 3604 901; x_wconf 86' lang='lat' dir='ltr'><strong>esse</strong></span> 
     </span>
    </p>
   </div>
   <div class='ocr_carea' id='block_1_30' title="bbox 2020 931 3605 1005">
    <p class='ocr_par' dir='ltr' id='par_1_30' title="bbox 2020 931 3605 1005">
     <span class='ocr_line' id='line_1_30' title="bbox 2020 931 3605 1005; baseline 0.001 -18"><span class='ocrx_word' id='word_1_209' title='bbox 2020 932 2233 1001; x_wconf 87' lang='lat' dir='ltr'><strong>potuit;</strong></span> <span class='ocrx_word' id='word_1_210' title='bbox 2268 947 2393 987; x_wconf 90' lang='lat' dir='ltr'><strong>cum</strong></span> <span class='ocrx_word' id='word_1_211' title='bbox 2427 931 2695 1002; x_wconf 87' lang='lat' dir='ltr'><strong>quidquid</strong></span> <span class='ocrx_word' id='word_1_212' title='bbox 2728 940 2814 988; x_wconf 90' lang='lat' dir='ltr'><strong>est</strong></span> <span class='ocrx_word' id='word_1_213' title='bbox 2847 932 3175 998; x_wconf 87' lang='lat' dir='ltr'><strong>immortale,</strong></span> <span class='ocrx_word' id='word_1_214' title='bbox 3213 932 3317 988; x_wconf 89' lang='lat' dir='ltr'><strong>hoc</strong></span> <span class='ocrx_word' id='word_1_215' title='bbox 3345 934 3491 1005; x_wconf 91' lang='lat' dir='ltr'><strong>quod</strong></span> <span class='ocrx_word' id='word_1_216' title='bbox 3518 943 3605 991; x_wconf 87' lang='lat' dir='ltr'><strong>est</strong></span> 
     </span>
    </p>
   </div>
   <div class='ocr_carea' id='block_1_31' title="bbox 2020 1024 3603 1095">
    <p class='ocr_par' dir='ltr' id='par_1_31' title="bbox 2020 1024 3603 1095">
     <span class='ocr_line' id='line_1_31' title="bbox 2020 1024 3603 1095; baseline 0.001 -16"><span class='ocrx_word' id='word_1_217' title='bbox 2020 1025 2200 1095; x_wconf 91' lang='lat' dir='ltr'><strong>ipsum</strong></span> <span class='ocrx_word' id='word_1_218' title='bbox 2250 1032 2516 1095; x_wconf 87' lang='lat' dir='ltr'><strong>perpetuo</strong></span> <span class='ocrx_word' id='word_1_219' title='bbox 2548 1041 2671 1081; x_wconf 90' lang='lat' dir='ltr'><strong>esse</strong></span> <span class='ocrx_word' id='word_1_220' title='bbox 2701 1024 2916 1088; x_wconf 86' lang='lat' dir='ltr'><strong>debeat,</strong></span> <span class='ocrx_word' id='word_1_221' title='bbox 2953 1041 3054 1081; x_wconf 90' lang='lat' dir='ltr'><strong>nec</strong></span> <span class='ocrx_word' id='word_1_222' title='bbox 3090 1026 3143 1081; x_wconf 93' lang='lat' dir='ltr'><strong>in</strong></span> <span class='ocrx_word' id='word_1_223' title='bbox 3175 1026 3423 1083; x_wconf 81' lang='lat' dir='ltr'><strong>viliorem</strong></span> <span class='ocrx_word' id='word_1_224' title='bbox 3453 1043 3603 1082; x_wconf 89' lang='lat' dir='ltr'><strong>mor-</strong></span> 
     </span>
    </p>
   </div>
   <div class='ocr_carea' id='block_1_32' title="bbox 2021 1118 3604 1192">
    <p class='ocr_par' dir='ltr' id='par_1_32' title="bbox 2021 1118 3604 1192">
     <span class='ocr_line' id='line_1_32' title="bbox 2021 1118 3604 1192; baseline 0.003 -20"><span class='ocrx_word' id='word_1_225' title='bbox 2021 1119 2295 1189; x_wconf 88' lang='lat' dir='ltr'><strong>talemque</strong></span> <span class='ocrx_word' id='word_1_226' title='bbox 2320 1127 2573 1172; x_wconf 89' lang='lat' dir='ltr'><strong>naturam</strong></span> <span class='ocrx_word' id='word_1_227' title='bbox 2599 1118 2982 1190; x_wconf 85' lang='lat' dir='ltr'><strong>degenerando</strong></span> <span class='ocrx_word' id='word_1_228' title='bbox 3007 1118 3464 1192; x_wconf 62' lang='lat' dir='ltr'><strong>transeat?5&amp;.3</strong></span> <span class='ocrx_word' id='word_1_229' title='bbox 3493 1120 3604 1177; x_wconf 81' lang='lat' dir='ltr'><strong>Hoc</strong></span> 
     </span>
    </p>
   </div>
   <div class='ocr_carea' id='block_1_33' title="bbox 2020 1209 3602 1281">
    <p class='ocr_par' dir='ltr' id='par_1_33' title="bbox 2020 1209 3602 1281">
     <span class='ocr_line' id='line_1_33' title="bbox 2020 1209 3602 1281; baseline 0 -16"><span class='ocrx_word' id='word_1_230' title='bbox 2020 1211 2167 1265; x_wconf 90' lang='lat' dir='ltr'><strong>enim</strong></span> <span class='ocrx_word' id='word_1_231' title='bbox 2218 1209 2335 1265; x_wconf 80' lang='lat' dir='ltr'><strong>ﬁeri</strong></span> <span class='ocrx_word' id='word_1_232' title='bbox 2381 1210 2592 1281; x_wconf 89' lang='lat' dir='ltr'><strong>nequit,</strong></span> <span class='ocrx_word' id='word_1_233' title='bbox 2636 1210 2840 1281; x_wconf 89' lang='lat' dir='ltr'><strong>alioqui</strong></span> <span class='ocrx_word' id='word_1_234' title='bbox 2896 1211 3205 1266; x_wconf 90' lang='lat' dir='ltr'><strong>immortale</strong></span> <span class='ocrx_word' id='word_1_235' title='bbox 3256 1227 3365 1265; x_wconf 92' lang='lat' dir='ltr'><strong>non</strong></span> <span class='ocrx_word' id='word_1_236' title='bbox 3417 1212 3602 1267; x_wconf 90' lang='lat' dir='ltr'><strong>fuerit.</strong></span> 
     </span>
    </p>
   </div>
   <div class='ocr_carea' id='block_1_34' title="bbox 2022 1300 3602 1372">
    <p class='ocr_par' dir='ltr' id='par_1_34' title="bbox 2022 1300 3602 1372">
     <span class='ocr_line' id='line_1_34' title="bbox 2022 1300 3602 1372; baseline 0.003 -19"><span class='ocrx_word' id='word_1_237' title='bbox 2022 1300 2129 1355; x_wconf 89' lang='lat' dir='ltr'><strong>Sed</strong></span> <span class='ocrx_word' id='word_1_238' title='bbox 2159 1314 2259 1370; x_wconf 85' lang='lat' dir='ltr'><strong>ego</strong></span> <span class='ocrx_word' id='word_1_239' title='bbox 2287 1300 2387 1355; x_wconf 84' lang='lat' dir='ltr'><strong>tibi</strong></span> <span class='ocrx_word' id='word_1_240' title='bbox 2418 1316 2642 1356; x_wconf 89' lang='lat' dir='ltr'><strong>causam</strong></span> <span class='ocrx_word' id='word_1_241' title='bbox 2674 1301 2755 1356; x_wconf 90' lang='lat' dir='ltr'><strong>rei</strong></span> <span class='ocrx_word' id='word_1_242' title='bbox 2797 1300 2961 1370; x_wconf 87' lang='lat' dir='ltr'><strong>hujus</strong></span> <span class='ocrx_word' id='word_1_243' title='bbox 2998 1304 3259 1372; x_wconf 86' lang='lat' dir='ltr'><strong>aperiam.</strong></span> <span class='ocrx_word' id='word_1_244' title='bbox 3285 1303 3421 1358; x_wconf 83' lang='lat' dir='ltr'><strong>Cum</strong></span> <span class='ocrx_word' id='word_1_245' title='bbox 3455 1303 3602 1358; x_wconf 89' lang='lat' dir='ltr'><strong>enim</strong></span> 
     </span>
    </p>
   </div>
   <div class='ocr_carea' id='block_1_35' title="bbox 2020 1391 3601 1461">
    <p class='ocr_par' dir='ltr' id='par_1_35' title="bbox 2020 1391 3601 1461">
     <span class='ocr_line' id='line_1_35' title="bbox 2020 1391 3601 1461; baseline 0.003 -14"><span class='ocrx_word' id='word_1_246' title='bbox 2020 1391 2091 1447; x_wconf 87' lang='lat' dir='ltr'><strong>ad</strong></span> <span class='ocrx_word' id='word_1_247' title='bbox 2122 1392 2250 1447; x_wconf 87' lang='lat' dir='ltr'><strong>boni</strong></span> <span class='ocrx_word' id='word_1_248' title='bbox 2287 1394 2555 1448; x_wconf 87' lang='lat' dir='ltr'><strong>delectum</strong></span> <span class='ocrx_word' id='word_1_249' title='bbox 2592 1393 2810 1448; x_wconf 86' lang='lat' dir='ltr'><strong>arbitrii</strong></span> <span class='ocrx_word' id='word_1_250' title='bbox 2835 1394 3086 1450; x_wconf 87' lang='lat' dir='ltr'><strong>libertate</strong></span> <span class='ocrx_word' id='word_1_251' title='bbox 3107 1402 3254 1451; x_wconf 81' lang='lat' dir='ltr'><strong>esset</strong></span> <span class='ocrx_word' id='word_1_252' title='bbox 3276 1395 3601 1461; x_wconf 87' lang='lat' dir='ltr'><strong>instructus,</strong></span> 
     </span>
    </p>
   </div>
   <div class='ocr_carea' id='block_1_36' title="bbox 2020 1485 3602 1558">
    <p class='ocr_par' dir='ltr' id='par_1_36' title="bbox 2020 1485 3602 1558">
     <span class='ocr_line' id='line_1_36' title="bbox 2020 1485 3602 1558; baseline 0.003 -21"><span class='ocrx_word' id='word_1_253' title='bbox 2020 1499 2085 1539; x_wconf 90' lang='lat' dir='ltr'><strong>ac</strong></span> <span class='ocrx_word' id='word_1_254' title='bbox 2132 1485 2305 1555; x_wconf 80' lang='lat' dir='ltr'><strong>legem</strong></span> <span class='ocrx_word' id='word_1_255' title='bbox 2348 1485 2499 1538; x_wconf 88' lang='lat' dir='ltr'><strong>illam</strong></span> <span class='ocrx_word' id='word_1_256' title='bbox 2544 1485 2870 1555; x_wconf 87' lang='lat' dir='ltr'><strong>accepisset,</strong></span> <span class='ocrx_word' id='word_1_257' title='bbox 2907 1486 3145 1555; x_wconf 77' lang='lat' dir='ltr'><strong>pessima</strong></span> <span class='ocrx_word' id='word_1_258' title='bbox 3177 1502 3301 1541; x_wconf 92' lang='lat' dir='ltr'><strong>eum</strong></span> <span class='ocrx_word' id='word_1_259' title='bbox 3344 1502 3602 1558; x_wconf 86' lang='lat' dir='ltr'><strong>superve-</strong></span> 
     </span>
    </p>
   </div>
   <div class='ocr_carea' id='block_1_37' title="bbox 2022 1575 3599 1648">
    <p class='ocr_par' dir='ltr' id='par_1_37' title="bbox 2022 1575 3599 1648">
     <span class='ocr_line' id='line_1_37' title="bbox 2022 1575 3599 1648; baseline 0.003 -19"><span class='ocrx_word' id='word_1_260' title='bbox 2022 1576 2179 1631; x_wconf 86' lang='lat' dir='ltr'><strong>niens</strong></span> <span class='ocrx_word' id='word_1_261' title='bbox 2224 1575 2574 1631; x_wconf 81' lang='lat' dir='ltr'><strong>labefactavit</strong></span> <span class='ocrx_word' id='word_1_262' title='bbox 2626 1577 2850 1632; x_wconf 90' lang='lat' dir='ltr'><strong>invidia.</strong></span> <span class='ocrx_word' id='word_1_263' title='bbox 2890 1577 3170 1648; x_wconf 87' lang='lat' dir='ltr'><strong>Siquidem</strong></span> <span class='ocrx_word' id='word_1_264' title='bbox 3223 1578 3367 1635; x_wconf 89' lang='lat' dir='ltr'><strong>Deus</strong></span> <span class='ocrx_word' id='word_1_265' title='bbox 3403 1595 3599 1635; x_wconf 82' lang='lat' dir='ltr'><strong>corru-</strong></span> 
     </span>
    </p>
   </div>
   <div class='ocr_carea' id='block_1_38' title="bbox 2022 1668 3606 1737">
    <p class='ocr_par' dir='ltr' id='par_1_38' title="bbox 2022 1668 3606 1737">
     <span class='ocr_line' id='line_1_38' title="bbox 2022 1668 3606 1737; baseline 0.006 -18"><span class='ocrx_word' id='word_1_266' title='bbox 2022 1668 2210 1737; x_wconf 89' lang='lat' dir='ltr'><strong>ptione</strong></span> <span class='ocrx_word' id='word_1_267' title='bbox 2236 1677 2516 1723; x_wconf 90' lang='lat' dir='ltr'><strong>carentem</strong></span> <span class='ocrx_word' id='word_1_268' title='bbox 2546 1670 2823 1724; x_wconf 84' lang='lat' dir='ltr'><strong>hominem</strong></span> <span class='ocrx_word' id='word_1_269' title='bbox 2853 1672 3081 1735; x_wconf 90' lang='lat' dir='ltr'><strong>creavit,</strong></span> <span class='ocrx_word' id='word_1_270' title='bbox 3109 1680 3165 1727; x_wconf 93' lang='lat' dir='ltr'><strong>et</strong></span> <span class='ocrx_word' id='word_1_271' title='bbox 3191 1673 3258 1727; x_wconf 91' lang='lat' dir='ltr'><strong>ad</strong></span> <span class='ocrx_word' id='word_1_272' title='bbox 3282 1673 3606 1728; x_wconf 62' lang='lat' dir='ltr'><strong>aeternitatis</strong></span> 
     </span>
    </p>
   </div>
   <div class='ocr_carea' id='block_1_39' title="bbox 2022 1759 3601 1835">
    <p class='ocr_par' dir='ltr' id='par_1_39' title="bbox 2022 1759 3601 1835">
     <span class='ocr_line' id='line_1_39' title="bbox 2022 1759 3601 1835; baseline 0.004 -21"><span class='ocrx_word' id='word_1_273' title='bbox 2022 1774 2136 1814; x_wconf 70' lang='lat' dir='ltr'><strong>sua:</strong></span> <span class='ocrx_word' id='word_1_274' title='bbox 2176 1759 2434 1829; x_wconf 83' lang='lat' dir='ltr'><strong>produxit</strong></span> <span class='ocrx_word' id='word_1_275' title='bbox 2466 1760 2756 1831; x_wconf 81' lang='lat' dir='ltr'><strong>imaginem</strong></span> <span class='ocrx_word' id='word_1_276' title='bbox 2781 1780 2793 1816; x_wconf 90' lang='lat'>:</span> <span class='ocrx_word' id='word_1_277' title='bbox 2822 1761 2964 1817; x_wconf 79' lang='lat' dir='ltr'><strong>Deus</strong></span> <span class='ocrx_word' id='word_1_278' title='bbox 2987 1766 3123 1817; x_wconf 86' lang='lat' dir='ltr'><strong>enim</strong></span> <span class='ocrx_word' id='word_1_279' title='bbox 3157 1774 3375 1819; x_wconf 85' lang='lat' dir='ltr'><strong>mortem</strong></span> <span class='ocrx_word' id='word_1_280' title='bbox 3406 1782 3508 1819; x_wconf 86' lang='lat' dir='ltr'><strong>non</strong></span> <span class='ocrx_word' id='word_1_281' title='bbox 3525 1766 3601 1835; x_wconf 76' lang='lat' dir='ltr'><strong>fe-</strong></span> 
     </span>
    </p>
   </div>
   <div class='ocr_carea' id='block_1_40' title="bbox 2022 1851 3603 1920">
    <p class='ocr_par' dir='ltr' id='par_1_40' title="bbox 2022 1851 3603 1920">
     <span class='ocr_line' id='line_1_40' title="bbox 2022 1851 3603 1920; baseline 0.006 -18"><span class='ocrx_word' id='word_1_282' title='bbox 2022 1852 2116 1913; x_wconf 84' lang='lat' dir='ltr'><strong>cit,</strong></span> <span class='ocrx_word' id='word_1_283' title='bbox 2145 1867 2237 1905; x_wconf 78' lang='lat' dir='ltr'><strong>nec</strong></span> <span class='ocrx_word' id='word_1_284' title='bbox 2267 1851 2561 1905; x_wconf 78' lang='lat' dir='ltr'><strong>delectatur</strong></span> <span class='ocrx_word' id='word_1_285' title='bbox 2609 1854 2662 1906; x_wconf 88' lang='lat' dir='ltr'><strong>in</strong></span> <span class='ocrx_word' id='word_1_286' title='bbox 2706 1854 2999 1920; x_wconf 84' lang='lat' dir='ltr'><strong>perditione</strong></span> <span class='ocrx_word' id='word_1_287' title='bbox 3047 1856 3347 1909; x_wconf 80' lang='lat' dir='ltr'><strong>viventium.</strong></span> <span class='ocrx_word' id='word_1_288' title='bbox 3392 1856 3603 1912; x_wconf 80' lang='lat' dir='ltr'><strong>Invidia</strong></span> 
     </span>
    </p>
   </div>
   <div class='ocr_carea' id='block_1_41' title="bbox 2018 1940 3604 2017">
    <p class='ocr_par' dir='ltr' id='par_1_41' title="bbox 2018 1940 3604 2017">
     <span class='ocr_line' id='line_1_41' title="bbox 2018 1940 3604 2017; baseline 0.006 -23"><span class='ocrx_word' id='word_1_289' title='bbox 2018 1956 2135 1994; x_wconf 86' lang='lat' dir='ltr'><strong>vero</strong></span> <span class='ocrx_word' id='word_1_290' title='bbox 2166 1940 2369 1994; x_wconf 87' lang='lat' dir='ltr'><strong>diaboli</strong></span> <span class='ocrx_word' id='word_1_291' title='bbox 2401 1958 2542 1995; x_wconf 77' lang='lat' dir='ltr'><strong>mors</strong></span> <span class='ocrx_word' id='word_1_292' title='bbox 2574 1945 2790 1997; x_wconf 78' lang='lat' dir='ltr'><strong>intravit</strong></span> <span class='ocrx_word' id='word_1_293' title='bbox 2826 1944 2881 1996; x_wconf 86' lang='lat' dir='ltr'><strong>in</strong></span> <span class='ocrx_word' id='word_1_294' title='bbox 2909 1943 3187 2011; x_wconf 83' lang='lat' dir='ltr'><strong>mundum,</strong></span> <span class='ocrx_word' id='word_1_295' title='bbox 3224 1954 3281 1999; x_wconf 93' lang='lat' dir='ltr'><strong>ut</strong></span> <span class='ocrx_word' id='word_1_296' title='bbox 3320 1962 3416 2017; x_wconf 91' lang='lat' dir='ltr'><strong>per</strong></span> <span class='ocrx_word' id='word_1_297' title='bbox 3449 1946 3604 2003; x_wconf 85' lang='lat' dir='ltr'><strong>Salo-</strong></span> 
     </span>
    </p>
   </div>
   <div class='ocr_carea' id='block_1_42' title="bbox 2016 2033 3593 2109">
    <p class='ocr_par' dir='ltr' id='par_1_42' title="bbox 2016 2033 3593 2109">
     <span class='ocr_line' id='line_1_42' title="bbox 2016 2033 3593 2109; baseline 0.004 -20"><span class='ocrx_word' id='word_1_298' title='bbox 2016 2050 2232 2089; x_wconf 89' lang='lat' dir='ltr'><strong>monem</strong></span> <span class='ocrx_word' id='word_1_299' title='bbox 2265 2033 2541 2105; x_wconf 86' lang='lat' dir='ltr'><strong>Sapientia</strong></span> <span class='ocrx_word' id='word_1_300' title='bbox 2566 2040 2854 2092; x_wconf 80' lang='lat' dir='ltr'><strong>testatur&#39;.</strong></span> <span class='ocrx_word' id='word_1_301' title='bbox 2892 2036 2997 2092; x_wconf 88' lang='lat' dir='ltr'><strong>Sed</strong></span> <span class='ocrx_word' id='word_1_302' title='bbox 3028 2038 3296 2095; x_wconf 87' lang='lat' dir='ltr'><strong>undenam</strong></span> <span class='ocrx_word' id='word_1_303' title='bbox 3325 2056 3475 2109; x_wconf 87' lang='lat' dir='ltr'><strong>mors</strong></span> <span class='ocrx_word' id='word_1_304' title='bbox 3496 2056 3593 2096; x_wconf 80' lang='lat' dir='ltr'><strong>ex-</strong></span> 
     </span>
    </p>
   </div>
   <div class='ocr_carea' id='block_1_43' title="bbox 2017 2127 3609 2204">
    <p class='ocr_par' dir='ltr' id='par_1_43' title="bbox 2017 2127 3609 2204">
     <span class='ocr_line' id='line_1_43' title="bbox 2017 2127 3609 2204; baseline 0.006 -23"><span class='ocrx_word' id='word_1_305' title='bbox 2017 2127 2220 2181; x_wconf 73' lang='lat' dir='ltr'><strong>sdterit</strong></span> <span class='ocrx_word' id='word_1_306' title='bbox 2268 2127 2623 2195; x_wconf 81' lang='lat' dir='ltr'><strong>repetendum</strong></span> <span class='ocrx_word' id='word_1_307' title='bbox 2672 2130 2986 2184; x_wconf 89' lang='lat' dir='ltr'><strong>necessario</strong></span> <span class='ocrx_word' id='word_1_308' title='bbox 3008 2131 3191 2186; x_wconf 63' lang='lat' dir='ltr'><strong>onobis</strong></span> <span class='ocrx_word' id='word_1_309' title='bbox 3236 2139 3343 2197; x_wconf 91' lang='lat' dir='ltr'><strong>est,</strong></span> <span class='ocrx_word' id='word_1_310' title='bbox 3376 2136 3418 2187; x_wconf 87' lang='lat' dir='ltr'><strong>si</strong></span> <span class='ocrx_word' id='word_1_311' title='bbox 3459 2132 3609 2204; x_wconf 49' lang='lat' dir='ltr'><strong>Deus,</strong></span> 
     </span>
    </p>
   </div>
   <div class='ocr_carea' id='block_1_44' title="bbox 2016 2217 3603 2293">
    <p class='ocr_par' dir='ltr' id='par_1_44' title="bbox 2016 2217 3603 2293">
     <span class='ocr_line' id='line_1_44' title="bbox 2016 2217 3603 2293; baseline 0.005 -20"><span class='ocrx_word' id='word_1_312' title='bbox 2016 2220 2164 2273; x_wconf 86' lang='lat' dir='ltr'><strong>illam</strong></span> <span class='ocrx_word' id='word_1_313' title='bbox 2194 2233 2303 2273; x_wconf 92' lang='lat' dir='ltr'><strong>non</strong></span> <span class='ocrx_word' id='word_1_314' title='bbox 2332 2217 2560 2285; x_wconf 79' lang='lat' dir='ltr'><strong>iecerit;</strong></span> <span class='ocrx_word' id='word_1_315' title='bbox 2593 2236 2718 2273; x_wconf 87' lang='lat' dir='ltr'><strong>nam</strong></span> <span class='ocrx_word' id='word_1_316' title='bbox 2748 2221 2795 2276; x_wconf 90' lang='lat' dir='ltr'><strong>si</strong></span> <span class='ocrx_word' id='word_1_317' title='bbox 2828 2223 2895 2275; x_wconf 86' lang='lat' dir='ltr'><strong>ab</strong></span> <span class='ocrx_word' id='word_1_318' title='bbox 2923 2222 3124 2277; x_wconf 88' lang='lat' dir='ltr'><strong>invidia</strong></span> <span class='ocrx_word' id='word_1_319' title='bbox 3177 2224 3475 2293; x_wconf 81' lang='lat' dir='ltr'><strong>profectam</strong></span> <span class='ocrx_word' id='word_1_320' title='bbox 3518 2227 3603 2281; x_wconf 86' lang='lat' dir='ltr'><strong>di-</strong></span> 
     </span>
    </p>
   </div>
   <div class='ocr_carea' id='block_1_45' title="bbox 2018 2310 3602 2380">
    <p class='ocr_par' dir='ltr' id='par_1_45' title="bbox 2018 2310 3602 2380">
     <span class='ocr_line' id='line_1_45' title="bbox 2018 2310 3602 2380; baseline 0.006 -16"><span class='ocrx_word' id='word_1_321' title='bbox 2018 2310 2185 2377; x_wconf 83' lang='lat' dir='ltr'><strong>xeris,</strong></span> <span class='ocrx_word' id='word_1_322' title='bbox 2232 2310 2509 2380; x_wconf 91' lang='lat' dir='ltr'><strong>quomodo</strong></span> <span class='ocrx_word' id='word_1_323' title='bbox 2560 2313 2779 2365; x_wconf 87' lang='lat' dir='ltr'><strong>tandem</strong></span> <span class='ocrx_word' id='word_1_324' title='bbox 2833 2312 3034 2368; x_wconf 89' lang='lat' dir='ltr'><strong>invidia</strong></span> <span class='ocrx_word' id='word_1_325' title='bbox 3085 2314 3266 2369; x_wconf 90' lang='lat' dir='ltr'><strong>divina</strong></span> <span class='ocrx_word' id='word_1_326' title='bbox 3325 2319 3602 2375; x_wconf 81' lang='lat' dir='ltr'><strong>voluntate</strong></span> 
     </span>
    </p>
   </div>
   <div class='ocr_carea' id='block_1_46' title="bbox 2021 2404 3604 2481">
    <p class='ocr_par' dir='ltr' id='par_1_46' title="bbox 2021 2404 3604 2481">
     <span class='ocr_line' id='line_1_46' title="bbox 2021 2404 3604 2481; baseline 0.007 -24"><span class='ocrx_word' id='word_1_327' title='bbox 2021 2405 2142 2474; x_wconf 91' lang='lat' dir='ltr'><strong>plus</strong></span> <span class='ocrx_word' id='word_1_328' title='bbox 2182 2404 2389 2458; x_wconf 86' lang='lat' dir='ltr'><strong>valuit?</strong></span> <span class='ocrx_word' id='word_1_329' title='bbox 2422 2404 2527 2458; x_wconf 88' lang='lat' dir='ltr'><strong>Sed</strong></span> <span class='ocrx_word' id='word_1_330' title='bbox 2562 2405 2665 2459; x_wconf 87' lang='lat' dir='ltr'><strong>hoc</strong></span> <span class='ocrx_word' id='word_1_331' title='bbox 2700 2406 2848 2461; x_wconf 90' lang='lat' dir='ltr'><strong>dictu</strong></span> <span class='ocrx_word' id='word_1_332' title='bbox 2888 2406 3077 2462; x_wconf 69' lang='lat' dir='ltr'><strong>infelix</strong></span> <span class='ocrx_word' id='word_1_333' title='bbox 3108 2409 3604 2481; x_wconf 90' lang='lat' dir='ltr'><strong>detestandumque</strong></span> 
     </span>
    </p>
   </div>
   <div class='ocr_carea' id='block_1_47' title="bbox 334 2492 3603 2568">
    <p class='ocr_par' dir='ltr' id='par_1_47' title="bbox 334 2492 3603 2568">
     <span class='ocr_line' id='line_1_47' title="bbox 334 2492 3603 2568; baseline 0.002 -15"><span class='ocrx_word' id='word_1_334' title='bbox 334 2501 581 2553; x_wconf 84' lang='lat' dir='ltr'><strong>dicamus</strong></span> <span class='ocrx_word' id='word_1_335' title='bbox 616 2516 629 2550; x_wconf 90' lang='lat'><strong>:</strong></span> <span class='ocrx_word' id='word_1_336' title='bbox 666 2495 936 2550; x_wconf 90' lang='lat' dir='ltr'><strong>undenam</strong></span> <span class='ocrx_word' id='word_1_337' title='bbox 974 2494 1174 2550; x_wconf 89' lang='lat' dir='ltr'><strong>invidia</strong></span> <span class='ocrx_word' id='word_1_338' title='bbox 1207 2494 1449 2566; x_wconf 89' lang='lat' dir='ltr'><strong>profecta</strong></span> <span class='ocrx_word' id='word_1_339' title='bbox 1472 2496 1543 2550; x_wconf 88' lang='lat' dir='ltr'><strong>sit</strong></span> <span class='ocrx_word' id='word_1_340' title='bbox 1570 2495 1916 2551; x_wconf 87' lang='lat' dir='ltr'><strong>adversarius</strong></span> <span class='ocrx_word' id='word_1_341' title='bbox 1954 2495 2167 2567; x_wconf 86' lang='lat' dir='ltr'><strong>quaerit.</strong></span> <span class='ocrx_word' id='word_1_342' title='bbox 2201 2492 2338 2550; x_wconf 87' lang='lat' dir='ltr'><strong>Nam</strong></span> <span class='ocrx_word' id='word_1_343' title='bbox 2390 2496 2438 2550; x_wconf 90' lang='lat' dir='ltr'><strong>si</strong></span> <span class='ocrx_word' id='word_1_344' title='bbox 2482 2510 2514 2549; x_wconf 88' lang='lat' dir='ltr'><strong>a</strong></span> <span class='ocrx_word' id='word_1_345' title='bbox 2551 2496 2768 2552; x_wconf 90' lang='lat' dir='ltr'><strong>diabolo</strong></span> <span class='ocrx_word' id='word_1_346' title='bbox 2797 2500 3153 2568; x_wconf 89' lang='lat' dir='ltr'><strong>respondeas,</strong></span> <span class='ocrx_word' id='word_1_347' title='bbox 3212 2517 3313 2557; x_wconf 91' lang='lat' dir='ltr'><strong>cur</strong></span> <span class='ocrx_word' id='word_1_348' title='bbox 3378 2505 3603 2560; x_wconf 89' lang='lat' dir='ltr'><strong>omnino</strong></span> 
     </span>
    </p>
   </div>
   <div class='ocr_carea' id='block_1_48' title="bbox 333 2588 1705 2660">
    <p class='ocr_par' dir='ltr' id='par_1_48' title="bbox 333 2588 1705 2660">
     <span class='ocr_line' id='line_1_48' title="bbox 333 2588 1705 2660; baseline 0 -17"><span class='ocrx_word' id='word_1_349' title='bbox 333 2592 585 2651; x_wconf 82' lang='lat' dir='ltr'><strong>diabolus</strong></span> <span class='ocrx_word' id='word_1_350' title='bbox 604 2591 843 2653; x_wconf 84' lang='lat' dir='ltr'><strong>exstitit,</strong></span> <span class='ocrx_word' id='word_1_351' title='bbox 870 2588 913 2643; x_wconf 91' lang='lat' dir='ltr'><strong>si</strong></span> <span class='ocrx_word' id='word_1_352' title='bbox 939 2591 1236 2658; x_wconf 82' lang='lat' dir='ltr'><strong>productus</strong></span> <span class='ocrx_word' id='word_1_353' title='bbox 1264 2599 1347 2644; x_wconf 89' lang='lat' dir='ltr'><strong>est</strong></span> <span class='ocrx_word' id='word_1_354' title='bbox 1376 2590 1705 2660; x_wconf 86' lang='lat' dir='ltr'><strong>aliquando?</strong></span> 
     </span>
    </p>
   </div>
   <div class='ocr_carea' id='block_1_49' title="bbox 398 2674 1917 2754">
    <p class='ocr_par' dir='ltr' id='par_1_49' title="bbox 398 2674 1917 2754">
     <span class='ocr_line' id='line_1_49' title="bbox 398 2674 1917 2754; baseline 0.001 -20"><span class='ocrx_word' id='word_1_355' title='bbox 398 2682 487 2736; x_wconf 88' lang='lat' dir='ltr'><strong>K&#39;.</strong></span> <span class='ocrx_word' id='word_1_356' title='bbox 505 2684 611 2736; x_wconf 77' lang='lat' dir='ltr'><strong>Kal.</strong></span> <span class='ocrx_word' id='word_1_357' title='bbox 633 2685 660 2736; x_wconf 90' lang='lat'><strong>6</strong></span> <span class='ocrx_word' id='word_1_358' title='bbox 679 2684 913 2754; x_wconf 80' lang='grc' dir='ltr'>ποιήσας</span> <span class='ocrx_word' id='word_1_359' title='bbox 930 2682 1094 2735; x_wconf 81' lang='grc' dir='ltr'>αὐτόν</span> <span class='ocrx_word' id='word_1_360' title='bbox 1107 2684 1253 2735; x_wconf 87' lang='grc' dir='ltr'>ὲστιν</span> <span class='ocrx_word' id='word_1_361' title='bbox 1271 2681 1441 2746; x_wconf 77' lang='grc' dir='ltr'>αἴτιος</span> <span class='ocrx_word' id='word_1_362' title='bbox 1456 2681 1550 2736; x_wconf 81' lang='grc' dir='ltr'><strong>τοῦ</strong></span> <span class='ocrx_word' id='word_1_363' title='bbox 1570 2674 1709 2738; x_wconf 80' lang='grc' dir='ltr'>εἶναι</span> <span class='ocrx_word' id='word_1_364' title='bbox 1727 2683 1917 2736; x_wconf 85' lang='grc' dir='ltr'>κακόν.</span> 
     </span>
    </p>
   </div>
   <div class='ocr_carea' id='block_1_50' title="bbox 345 2774 1922 2845">
    <p class='ocr_par' dir='ltr' id='par_1_50' title="bbox 345 2774 1922 2845">
     <span class='ocr_line' id='line_1_50' title="bbox 345 2774 1922 2845; baseline 0.001 -19"><span class='ocrx_word' id='word_1_365' title='bbox 345 2774 506 2828; x_wconf 75' lang='grc' dir='ltr'>Ἀλλά</span> <span class='ocrx_word' id='word_1_366' title='bbox 535 2774 775 2838; x_wconf 83' lang='grc' dir='ltr'>ἀναίτιος</span> <span class='ocrx_word' id='word_1_367' title='bbox 802 2774 981 2845; x_wconf 82' lang='grc' dir='ltr'>πάντη</span> <span class='ocrx_word' id='word_1_368' title='bbox 1015 2774 1202 2828; x_wconf 83' lang='grc' dir='ltr'>κακῶν</span> <span class='ocrx_word' id='word_1_369' title='bbox 1236 2777 1382 2828; x_wconf 79' lang='grc' dir='ltr'>ἐστιν</span> <span class='ocrx_word' id='word_1_370' title='bbox 1404 2778 1432 2829; x_wconf 90' lang='lat'><strong>6</strong></span> <span class='ocrx_word' id='word_1_371' title='bbox 1460 2775 1625 2839; x_wconf 83' lang='grc' dir='ltr'><strong>Θεός⁹</strong></span> <span class='ocrx_word' id='word_1_372' title='bbox 1657 2776 1922 2844; x_wconf 69' lang='grc' dir='ltr'>ἀγένητος</span> 
     </span>
    </p>
   </div>
   <div class='ocr_carea' id='block_1_51' title="bbox 337 2866 1925 2939">
    <p class='ocr_par' dir='ltr' id='par_1_51' title="bbox 337 2866 1925 2939">
     <span class='ocr_line' id='line_1_51' title="bbox 337 2866 1925 2939; baseline -0.001 -18"><span class='ocrx_word' id='word_1_373' title='bbox 337 2868 445 2938; x_wconf 81' lang='grc' dir='ltr'>ἄρα</span> <span class='ocrx_word' id='word_1_374' title='bbox 482 2869 510 2920; x_wconf 85' lang='lat'><strong>6</strong></span> <span class='ocrx_word' id='word_1_375' title='bbox 534 2866 795 2931; x_wconf 79' lang='grc' dir='ltr'>διάϐολος.</span> <span class='ocrx_word' id='word_1_376' title='bbox 827 2868 939 2921; x_wconf 76' lang='grc' dir='ltr'><strong>Καὶ</strong></span> <span class='ocrx_word' id='word_1_377' title='bbox 989 2868 1034 2920; x_wconf 78' lang='grc' dir='ltr'>εὶ</span> <span class='ocrx_word' id='word_1_378' title='bbox 1080 2867 1361 2938; x_wconf 78' lang='grc' dir='ltr'>ἀγένητος,</span> <span class='ocrx_word' id='word_1_379' title='bbox 1398 2868 1492 2921; x_wconf 72' lang='grc' dir='ltr'>καὶ</span> <span class='ocrx_word' id='word_1_380' title='bbox 1545 2867 1782 2939; x_wconf 83' lang='grc' dir='ltr'>ἀπαθὴς,</span> <span class='ocrx_word' id='word_1_381' title='bbox 1828 2868 1925 2920; x_wconf 74' lang='grc' dir='ltr'><strong>καὶ</strong></span> 
     </span>
    </p>
   </div>
   <div class='ocr_carea' id='block_1_52' title="bbox 337 2959 1924 3032">
    <p class='ocr_par' dir='ltr' id='par_1_52' title="bbox 337 2959 1924 3032">
     <span class='ocr_line' id='line_1_52' title="bbox 337 2959 1924 3032; baseline -0.001 -21"><span class='ocrx_word' id='word_1_382' title='bbox 337 2959 659 3031; x_wconf 84' lang='grc' dir='ltr'>ἀνώλεθρος,</span> <span class='ocrx_word' id='word_1_383' title='bbox 687 2960 781 3013; x_wconf 59' lang='grc' dir='ltr'><strong>καὶ⁸</strong></span> <span class='ocrx_word' id='word_1_384' title='bbox 812 2960 1085 3031; x_wconf 77' lang='grc' dir='ltr'>ἀνενδεὴς.</span> <span class='ocrx_word' id='word_1_385' title='bbox 1119 2959 1209 3031; x_wconf 82' lang='grc' dir='ltr'>Τῷ</span> <span class='ocrx_word' id='word_1_386' title='bbox 1230 2961 1339 3032; x_wconf 84' lang='grc' dir='ltr'><strong>γάρ</strong></span> <span class='ocrx_word' id='word_1_387' title='bbox 1377 2961 1628 3031; x_wconf 84' lang='grc' dir='ltr'>ἀγενήτῳ</span> <span class='ocrx_word' id='word_1_388' title='bbox 1659 2959 1719 3024; x_wconf 77' lang='grc' dir='ltr'><strong>ἐξ</strong></span> <span class='ocrx_word' id='word_1_389' title='bbox 1756 2959 1924 3027; x_wconf 88' lang='grc' dir='ltr'>ἀνάγ-</span> 
     </span>
    </p>
   </div>
   <div class='ocr_carea' id='block_1_53' title="bbox 339 3049 1919 3124">
    <p class='ocr_par' dir='ltr' id='par_1_53' title="bbox 339 3049 1919 3124">
     <span class='ocr_line' id='line_1_53' title="bbox 339 3049 1919 3124; baseline 0 -22"><span class='ocrx_word' id='word_1_390' title='bbox 339 3067 441 3120; x_wconf 89' lang='grc' dir='ltr'><strong>κης</strong></span> <span class='ocrx_word' id='word_1_391' title='bbox 484 3050 699 3121; x_wconf 83' lang='grc' dir='ltr'>ἀπάσης</span> <span class='ocrx_word' id='word_1_392' title='bbox 750 3050 922 3104; x_wconf 75' lang='grc' dir='ltr'>ταῦτα</span> <span class='ocrx_word' id='word_1_393' title='bbox 971 3051 1235 3124; x_wconf 84' lang='grc' dir='ltr'>ὑπάρχειν</span> <span class='ocrx_word' id='word_1_394' title='bbox 1280 3051 1409 3123; x_wconf 87' lang='grc' dir='ltr'>χρή.</span> <span class='ocrx_word' id='word_1_395' title='bbox 1464 3052 1524 3103; x_wconf 83' lang='grc' dir='ltr'>Ὅ</span> <span class='ocrx_word' id='word_1_396' title='bbox 1571 3051 1626 3104; x_wconf 87' lang='grc' dir='ltr'><strong>δὲ</strong></span> <span class='ocrx_word' id='word_1_397' title='bbox 1674 3049 1919 3113; x_wconf 79' lang='grc' dir='ltr'>διάϐολος</span> 
     </span>
    </p>
   </div>
   <div class='ocr_carea' id='block_1_54' title="bbox 339 3142 1918 3213">
    <p class='ocr_par' dir='ltr' id='par_1_54' title="bbox 339 3142 1918 3213">
     <span class='ocr_line' id='line_1_54' title="bbox 339 3142 1918 3213; baseline 0 -17"><span class='ocrx_word' id='word_1_398' title='bbox 339 3145 713 3213; x_wconf 75' lang='grc' dir='ltr'>καταργεῖται,</span> <span class='ocrx_word' id='word_1_399' title='bbox 746 3143 840 3195; x_wconf 79' lang='grc' dir='ltr'><strong>καὶ</strong></span> <span class='ocrx_word' id='word_1_400' title='bbox 881 3142 1191 3204; x_wconf 74' lang='grc' dir='ltr'>κολάζεται.</span> <span class='ocrx_word' id='word_1_401' title='bbox 1226 3142 1298 3195; x_wconf 88' lang='grc' dir='ltr'>Τὸ</span> <span class='ocrx_word' id='word_1_402' title='bbox 1331 3142 1388 3195; x_wconf 83' lang='grc' dir='ltr'>δὲ</span> <span class='ocrx_word' id='word_1_403' title='bbox 1418 3142 1779 3213; x_wconf 77' lang='grc' dir='ltr'>κολαζόμενον</span> <span class='ocrx_word' id='word_1_404' title='bbox 1810 3143 1918 3213; x_wconf 82' lang='grc' dir='ltr'><strong>ἄρα</strong></span> 
     </span>
    </p>
   </div>
   <div class='ocr_carea' id='block_1_55' title="bbox 2088 2673 3604 2748">
    <p class='ocr_par' dir='ltr' id='par_1_55' title="bbox 2088 2673 3604 2748">
     <span class='ocr_line' id='line_1_55' title="bbox 2088 2673 3604 2748; baseline 0.013 -20"><span class='ocrx_word' id='word_1_405' title='bbox 2088 2673 2208 2731; x_wconf 78' lang='lat' dir='ltr'><strong>XX.</strong></span> <span class='ocrx_word' id='word_1_406' title='bbox 2231 2674 2310 2730; x_wconf 85' lang='lat' dir='ltr'><strong>Ac</strong></span> <span class='ocrx_word' id='word_1_407' title='bbox 2331 2674 2578 2745; x_wconf 88' lang='lat' dir='ltr'><strong>profecto</strong></span> <span class='ocrx_word' id='word_1_408' title='bbox 2596 2676 2689 2746; x_wconf 89' lang='lat' dir='ltr'><strong>qui</strong></span> <span class='ocrx_word' id='word_1_409' title='bbox 2709 2676 2857 2731; x_wconf 90' lang='lat' dir='ltr'><strong>illum</strong></span> <span class='ocrx_word' id='word_1_410' title='bbox 2873 2680 3121 2735; x_wconf 85' lang='lat' dir='ltr'><strong>condidit</strong></span> <span class='ocrx_word' id='word_1_411' title='bbox 3140 2692 3333 2741; x_wconf 87' lang='lat' dir='ltr'><strong>auctor</strong></span> <span class='ocrx_word' id='word_1_412' title='bbox 3355 2690 3482 2743; x_wconf 90' lang='lat' dir='ltr'><strong>mali</strong></span> <span class='ocrx_word' id='word_1_413' title='bbox 3510 2691 3604 2748; x_wconf 86' lang='lat' dir='ltr'><strong>de-</strong></span> 
     </span>
    </p>
   </div>
   <div class='ocr_carea' id='block_1_56' title="bbox 2018 2766 3601 2854">
    <p class='ocr_par' dir='ltr' id='par_1_56' title="bbox 2018 2766 3601 2854">
     <span class='ocr_line' id='line_1_56' title="bbox 2018 2766 3601 2854; baseline 0.011 -33"><span class='ocrx_word' id='word_1_414' title='bbox 2018 2767 2109 2821; x_wconf 90' lang='lat' dir='ltr'><strong>bet</strong></span> <span class='ocrx_word' id='word_1_415' title='bbox 2138 2766 2329 2821; x_wconf 90' lang='lat' dir='ltr'><strong>videri.</strong></span> <span class='ocrx_word' id='word_1_416' title='bbox 2359 2767 2525 2837; x_wconf 88' lang='lat' dir='ltr'><strong>Atqui</strong></span> <span class='ocrx_word' id='word_1_417' title='bbox 2553 2770 2820 2823; x_wconf 88' lang='lat' dir='ltr'><strong>malorum</strong></span> <span class='ocrx_word' id='word_1_418' title='bbox 2853 2785 3018 2826; x_wconf 89' lang='lat' dir='ltr'><strong>causa</strong></span> <span class='ocrx_word' id='word_1_419' title='bbox 3048 2772 3192 2831; x_wconf 91' lang='lat' dir='ltr'><strong>Deus</strong></span> <span class='ocrx_word' id='word_1_420' title='bbox 3216 2792 3337 2833; x_wconf 86' lang='lat' dir='ltr'><strong>esse</strong></span> <span class='ocrx_word' id='word_1_421' title='bbox 3366 2796 3473 2836; x_wconf 92' lang='lat' dir='ltr'><strong>non</strong></span> <span class='ocrx_word' id='word_1_422' title='bbox 3501 2800 3601 2854; x_wconf 91' lang='lat' dir='ltr'><strong>po-</strong></span> 
     </span>
    </p>
   </div>
   <div class='ocr_carea' id='block_1_57' title="bbox 2019 2859 3603 2937">
    <p class='ocr_par' dir='ltr' id='par_1_57' title="bbox 2019 2859 3603 2937">
     <span class='ocr_line' id='line_1_57' title="bbox 2019 2859 3603 2937; baseline 0.01 -24"><span class='ocrx_word' id='word_1_423' title='bbox 2019 2866 2158 2913; x_wconf 89' lang='lat' dir='ltr'><strong>test:</strong></span> <span class='ocrx_word' id='word_1_424' title='bbox 2194 2873 2368 2928; x_wconf 87' lang='lat' dir='ltr'><strong>quare</strong></span> <span class='ocrx_word' id='word_1_425' title='bbox 2387 2860 2455 2912; x_wconf 86' lang='lat' dir='ltr'><strong>ab</strong></span> <span class='ocrx_word' id='word_1_426' title='bbox 2481 2859 2634 2912; x_wconf 91' lang='lat' dir='ltr'><strong>nullo</strong></span> <span class='ocrx_word' id='word_1_427' title='bbox 2655 2860 2953 2929; x_wconf 90' lang='lat' dir='ltr'><strong>productus</strong></span> <span class='ocrx_word' id='word_1_428' title='bbox 2973 2872 3058 2917; x_wconf 87' lang='lat' dir='ltr'><strong>est</strong></span> <span class='ocrx_word' id='word_1_429' title='bbox 3083 2864 3351 2924; x_wconf 87' lang='lat' dir='ltr'><strong>diabolus.</strong></span> <span class='ocrx_word' id='word_1_430' title='bbox 3372 2869 3525 2937; x_wconf 86' lang='lat' dir='ltr'><strong>Quod</strong></span> <span class='ocrx_word' id='word_1_431' title='bbox 3556 2874 3603 2929; x_wconf 92' lang='lat' dir='ltr'><strong>si</strong></span> 
     </span>
    </p>
   </div>
   <div class='ocr_carea' id='block_1_58' title="bbox 2022 2951 3601 3034">
    <p class='ocr_par' dir='ltr' id='par_1_58' title="bbox 2022 2951 3601 3034">
     <span class='ocr_line' id='line_1_58' title="bbox 2022 2951 3601 3034; baseline 0.01 -30"><span class='ocrx_word' id='word_1_432' title='bbox 2022 2951 2098 3005; x_wconf 92' lang='lat' dir='ltr'><strong>ita</strong></span> <span class='ocrx_word' id='word_1_433' title='bbox 2128 2960 2232 3015; x_wconf 90' lang='lat' dir='ltr'><strong>est,</strong></span> <span class='ocrx_word' id='word_1_434' title='bbox 2260 2967 2437 3019; x_wconf 90' lang='lat' dir='ltr'><strong>neque</strong></span> <span class='ocrx_word' id='word_1_435' title='bbox 2471 2952 2582 3020; x_wconf 85' lang='lat' dir='ltr'><strong>pati</strong></span> <span class='ocrx_word' id='word_1_436' title='bbox 2613 2952 2911 3022; x_wconf 84' lang='lat' dir='ltr'><strong>quidquam</strong></span> <span class='ocrx_word' id='word_1_437' title='bbox 2943 2965 3144 3024; x_wconf 86' lang='lat' dir='ltr'><strong>potest,</strong></span> <span class='ocrx_word' id='word_1_438' title='bbox 3173 2968 3227 3013; x_wconf 92' lang='lat' dir='ltr'><strong>et</strong></span> <span class='ocrx_word' id='word_1_439' title='bbox 3248 2963 3400 3017; x_wconf 82' lang='lat' dir='ltr'><strong>exitii</strong></span> <span class='ocrx_word' id='word_1_440' title='bbox 3429 2980 3601 3034; x_wconf 86' lang='lat' dir='ltr'><strong>penu-</strong></span> 
     </span>
    </p>
   </div>
   <div class='ocr_carea' id='block_1_59' title="bbox 2026 3041 3604 3124">
    <p class='ocr_par' dir='ltr' id='par_1_59' title="bbox 2026 3041 3604 3124">
     <span class='ocr_line' id='line_1_59' title="bbox 2026 3041 3604 3124; baseline 0.011 -30"><span class='ocrx_word' id='word_1_441' title='bbox 2026 3042 2229 3110; x_wconf 70' lang='lat' dir='ltr'><strong>riaeque</strong></span> <span class='ocrx_word' id='word_1_442' title='bbox 2253 3049 2336 3095; x_wconf 90' lang='lat' dir='ltr'><strong>est</strong></span> <span class='ocrx_word' id='word_1_443' title='bbox 2355 3041 2532 3095; x_wconf 90' lang='lat' dir='ltr'><strong>omnis</strong></span> <span class='ocrx_word' id='word_1_444' title='bbox 2549 3057 2767 3110; x_wconf 81' lang='lat' dir='ltr'><strong>expers.</strong></span> <span class='ocrx_word' id='word_1_445' title='bbox 2786 3042 2919 3097; x_wconf 85' lang='lat' dir='ltr'><strong>Nam</strong></span> <span class='ocrx_word' id='word_1_446' title='bbox 2938 3046 3081 3115; x_wconf 90' lang='lat' dir='ltr'><strong>quod</strong></span> <span class='ocrx_word' id='word_1_447' title='bbox 3101 3064 3378 3120; x_wconf 89' lang='lat' dir='ltr'><strong>nunquam</strong></span> <span class='ocrx_word' id='word_1_448' title='bbox 3396 3055 3604 3124; x_wconf 83' lang='lat' dir='ltr'><strong>produ-</strong></span> 
     </span>
    </p>
   </div>
   <div class='ocr_carea' id='block_1_60' title="bbox 2025 3132 3604 3204">
    <p class='ocr_par' dir='ltr' id='par_1_60' title="bbox 2025 3132 3604 3204">
     <span class='ocr_line' id='line_1_60' title="bbox 2025 3132 3604 3204; baseline 0.011 -18"><span class='ocrx_word' id='word_1_449' title='bbox 2025 3140 2173 3186; x_wconf 89' lang='lat' dir='ltr'><strong>ctum</strong></span> <span class='ocrx_word' id='word_1_450' title='bbox 2229 3141 2335 3199; x_wconf 89' lang='lat' dir='ltr'><strong>est,</strong></span> <span class='ocrx_word' id='word_1_451' title='bbox 2382 3133 2510 3186; x_wconf 86' lang='lat' dir='ltr'><strong>huic</strong></span> <span class='ocrx_word' id='word_1_452' title='bbox 2556 3132 2738 3187; x_wconf 84' lang='lat' dir='ltr'><strong>inesse</strong></span> <span class='ocrx_word' id='word_1_453' title='bbox 2778 3134 2894 3188; x_wconf 72' lang='lat' dir='ltr'><strong>hazc</strong></span> <span class='ocrx_word' id='word_1_454' title='bbox 2933 3138 3114 3192; x_wconf 88' lang='lat' dir='ltr'><strong>omnia</strong></span> <span class='ocrx_word' id='word_1_455' title='bbox 3157 3154 3509 3202; x_wconf 72' lang='lat' dir='ltr'><strong>necesseest.</strong></span> <span class='ocrx_word' id='word_1_456' title='bbox 3535 3149 3604 3204; x_wconf 82' lang='lat' dir='ltr'><strong>At</strong></span> 
     </span>
    </p>
   </div>
   <div class='ocr_carea' id='block_1_61' title="bbox 338 3224 1921 3311">
    <p class='ocr_par' dir='ltr' id='par_1_61' title="bbox 338 3232 1918 3304">
     <span class='ocr_line' id='line_1_61' title="bbox 338 3232 1918 3304; baseline -0.003 -15"><span class='ocrx_word' id='word_1_457' title='bbox 338 3234 660 3296; x_wconf 78' lang='grc' dir='ltr'>ἀλλοιοῦται,</span> <span class='ocrx_word' id='word_1_458' title='bbox 714 3234 809 3287; x_wconf 73' lang='grc' dir='ltr'><strong>καὶ</strong></span> <span class='ocrx_word' id='word_1_459' title='bbox 867 3232 1085 3303; x_wconf 85' lang='grc' dir='ltr'>πάσχει.</span> <span class='ocrx_word' id='word_1_460' title='bbox 1126 3232 1360 3296; x_wconf 80' lang='grc' dir='ltr'>Ἀπαθὲς</span> <span class='ocrx_word' id='word_1_461' title='bbox 1411 3233 1468 3287; x_wconf 82' lang='grc' dir='ltr'>δὲ</span> <span class='ocrx_word' id='word_1_462' title='bbox 1522 3234 1582 3286; x_wconf 82' lang='grc' dir='ltr'><strong>τὸ</strong></span> <span class='ocrx_word' id='word_1_463' title='bbox 1625 3233 1918 3304; x_wconf 87' lang='grc' dir='ltr'>ἀγένητον·</span> 
     </span>
    </p>
   </div>
   <div class='ocr_carea' id='block_1_62' title="bbox 2022 3224 3597 3311">
    <p class='ocr_par' dir='ltr' id='par_1_62' title="bbox 2027 3224 3597 3311">
     <span class='ocr_line' id='line_1_62' title="bbox 2027 3224 3597 3311; baseline 0.011 -34"><span class='ocrx_word' id='word_1_464' title='bbox 2027 3224 2227 3277; x_wconf 86' lang='lat' dir='ltr'><strong>diaboli</strong></span> <span class='ocrx_word' id='word_1_465' title='bbox 2259 3233 2490 3279; x_wconf 87' lang='lat' dir='ltr'><strong>conatus</strong></span> <span class='ocrx_word' id='word_1_466' title='bbox 2521 3226 2574 3277; x_wconf 92' lang='lat' dir='ltr'><strong>in</strong></span> <span class='ocrx_word' id='word_1_467' title='bbox 2608 3225 2838 3279; x_wconf 90' lang='lat' dir='ltr'><strong>nihilum</strong></span> <span class='ocrx_word' id='word_1_468' title='bbox 2886 3229 3169 3298; x_wconf 79' lang='lat' dir='ltr'><strong>redigitur,</strong></span> <span class='ocrx_word' id='word_1_469' title='bbox 3211 3234 3461 3308; x_wconf 90' lang='lat' dir='ltr'><strong>idemque</strong></span> <span class='ocrx_word' id='word_1_470' title='bbox 3506 3257 3597 3311; x_wconf 81' lang='lat' dir='ltr'><strong>pu-</strong></span> 
     </span>
    </p>
   </div>
   <div class='ocr_carea' id='block_1_63' title="bbox 337 3324 1918 3400">
    <p class='ocr_par' dir='ltr' id='par_1_63' title="bbox 337 3324 1918 3400">
     <span class='ocr_line' id='line_1_63' title="bbox 337 3324 1918 3400; baseline -0.001 -21"><span class='ocrx_word' id='word_1_471' title='bbox 337 3328 437 3380; x_wconf 72' lang='grc' dir='ltr'><strong>οὐκ</strong></span> <span class='ocrx_word' id='word_1_472' title='bbox 486 3327 593 3400; x_wconf 82' lang='grc' dir='ltr'>ἄρα</span> <span class='ocrx_word' id='word_1_473' title='bbox 622 3327 904 3397; x_wconf 84' lang='grc' dir='ltr'>ἀγένητος,</span> <span class='ocrx_word' id='word_1_474' title='bbox 952 3324 1088 3379; x_wconf 86' lang='grc' dir='ltr'><strong>ἀλλά</strong></span> <span class='ocrx_word' id='word_1_475' title='bbox 1130 3326 1356 3396; x_wconf 81' lang='grc' dir='ltr'>γενητὸς</span> <span class='ocrx_word' id='word_1_476' title='bbox 1398 3328 1427 3378; x_wconf 94' lang='lat'><strong>6</strong></span> <span class='ocrx_word' id='word_1_477' title='bbox 1458 3325 1737 3388; x_wconf 70' lang='grc' dir='ltr'><strong>διάϐολος⁸</strong></span> <span class='ocrx_word' id='word_1_478' title='bbox 1767 3327 1814 3378; x_wconf 84' lang='grc' dir='ltr'>εἰ</span> <span class='ocrx_word' id='word_1_479' title='bbox 1862 3326 1918 3378; x_wconf 76' lang='grc' dir='ltr'>δὲ</span> 
     </span>
    </p>
   </div>
   <div class='ocr_carea' id='block_1_64' title="bbox 340 3418 1924 3492">
    <p class='ocr_par' dir='ltr' id='par_1_64' title="bbox 340 3418 1924 3492">
     <span class='ocr_line' id='line_1_64' title="bbox 340 3418 1924 3492; baseline 0 -19"><span class='ocrx_word' id='word_1_480' title='bbox 340 3421 581 3492; x_wconf 81' lang='grc' dir='ltr'>γενητὸς,</span> <span class='ocrx_word' id='word_1_481' title='bbox 614 3421 709 3473; x_wconf 77' lang='grc' dir='ltr'>καὶ</span> <span class='ocrx_word' id='word_1_482' title='bbox 751 3422 859 3473; x_wconf 80' lang='grc' dir='ltr'><strong>πᾶν</strong></span> <span class='ocrx_word' id='word_1_483' title='bbox 898 3420 958 3472; x_wconf 88' lang='grc' dir='ltr'><strong>τὸ</strong></span> <span class='ocrx_word' id='word_1_484' title='bbox 989 3420 1353 3491; x_wconf 80' lang='grc' dir='ltr'>γεγενημένον</span> <span class='ocrx_word' id='word_1_485' title='bbox 1401 3418 1508 3472; x_wconf 85' lang='grc' dir='ltr'><strong>άπό</strong></span> <span class='ocrx_word' id='word_1_486' title='bbox 1552 3436 1698 3481; x_wconf 87' lang='grc' dir='ltr'>τινος</span> <span class='ocrx_word' id='word_1_487' title='bbox 1750 3420 1924 3489; x_wconf 81' lang='grc' dir='ltr'>ἀρχῆς</span> 
     </span>
    </p>
   </div>
   <div class='ocr_carea' id='block_1_65' title="bbox 337 3508 1924 3581">
    <p class='ocr_par' dir='ltr' id='par_1_65' title="bbox 337 3508 1924 3581">
     <span class='ocr_line' id='line_1_65' title="bbox 337 3508 1924 3581; baseline -0.002 -17"><span class='ocrx_word' id='word_1_488' title='bbox 337 3512 574 3581; x_wconf 77' lang='grc' dir='ltr'>ἐγένετο,</span> <span class='ocrx_word' id='word_1_489' title='bbox 606 3512 700 3565; x_wconf 75' lang='grc' dir='ltr'><strong>καὶ</strong></span> <span class='ocrx_word' id='word_1_490' title='bbox 738 3511 886 3565; x_wconf 82' lang='grc' dir='ltr'>ἔστιν</span> <span class='ocrx_word' id='word_1_491' title='bbox 916 3509 1081 3564; x_wconf 75' lang='grc' dir='ltr'>αὐτοῦ</span> <span class='ocrx_word' id='word_1_492' title='bbox 1121 3510 1453 3581; x_wconf 87' lang='grc' dir='ltr'>δημιουργὸς</span> <span class='ocrx_word' id='word_1_493' title='bbox 1496 3510 1590 3562; x_wconf 79' lang='grc' dir='ltr'><strong>καὶ</strong></span> <span class='ocrx_word' id='word_1_494' title='bbox 1622 3508 1715 3562; x_wconf 83' lang='grc' dir='ltr'>τοῦ</span> <span class='ocrx_word' id='word_1_495' title='bbox 1745 3509 1924 3563; x_wconf 81' lang='grc' dir='ltr'>διαϐό-</span> 
     </span>
    </p>
   </div>
   <div class='ocr_carea' id='block_1_66' title="bbox 337 3597 1925 3673">
    <p class='ocr_par' dir='ltr' id='par_1_66' title="bbox 337 3597 1925 3673">
     <span class='ocr_line' id='line_1_66' title="bbox 337 3597 1925 3673; baseline -0.002 -19"><span class='ocrx_word' id='word_1_496' title='bbox 337 3603 450 3656; x_wconf 87' lang='grc' dir='ltr'>λου.</span> <span class='ocrx_word' id='word_1_497' title='bbox 486 3604 593 3655; x_wconf 74' lang='grc' dir='ltr'><strong>Καὶ</strong></span> <span class='ocrx_word' id='word_1_498' title='bbox 625 3603 853 3673; x_wconf 87' lang='grc' dir='ltr'>πότερον</span> <span class='ocrx_word' id='word_1_499' title='bbox 898 3602 1152 3663; x_wconf 83' lang='grc' dir='ltr'>κάκεῖνος</span> <span class='ocrx_word' id='word_1_500' title='bbox 1185 3598 1444 3669; x_wconf 81' lang='grc' dir='ltr'>ἀγένητός</span> <span class='ocrx_word' id='word_1_501' title='bbox 1489 3600 1658 3659; x_wconf 82' lang='grc' dir='ltr'>ἐστιν,</span> <span class='ocrx_word' id='word_1_502' title='bbox 1699 3597 1732 3667; x_wconf 83' lang='grc' dir='ltr'>ἢ</span> <span class='ocrx_word' id='word_1_503' title='bbox 1766 3614 1925 3668; x_wconf 86' lang='grc' dir='ltr'>γενη-</span> 
     </span>
    </p>
   </div>
   <div class='ocr_carea' id='block_1_67' title="bbox 336 3689 1924 3764">
    <p class='ocr_par' dir='ltr' id='par_1_67' title="bbox 336 3689 1924 3764">
     <span class='ocr_line' id='line_1_67' title="bbox 336 3689 1924 3764; baseline -0.004 -15"><span class='ocrx_word' id='word_1_504' title='bbox 336 3698 464 3763; x_wconf 86' lang='grc' dir='ltr'>τός;</span> <span class='ocrx_word' id='word_1_505' title='bbox 505 3694 668 3749; x_wconf 83' lang='grc' dir='ltr'>Ἀλλὰ</span> <span class='ocrx_word' id='word_1_506' title='bbox 699 3695 762 3747; x_wconf 89' lang='grc' dir='ltr'><strong>τὸ</strong></span> <span class='ocrx_word' id='word_1_507' title='bbox 787 3693 1052 3764; x_wconf 86' lang='grc' dir='ltr'>ἀγένητον</span> <span class='ocrx_word' id='word_1_508' title='bbox 1074 3689 1211 3745; x_wconf 79' lang='grc' dir='ltr'>εἶναι</span> <span class='ocrx_word' id='word_1_509' title='bbox 1247 3692 1406 3762; x_wconf 90' lang='grc' dir='ltr'>μόνον</span> <span class='ocrx_word' id='word_1_510' title='bbox 1439 3689 1679 3743; x_wconf 87' lang='grc' dir='ltr'>νοεῖσθαι</span> <span class='ocrx_word' id='word_1_511' title='bbox 1701 3692 1807 3762; x_wconf 86' lang='grc' dir='ltr'>χρὴ</span> <span class='ocrx_word' id='word_1_512' title='bbox 1834 3691 1924 3744; x_wconf 90' lang='grc' dir='ltr'><strong>τὸν</strong></span> 
     </span>
    </p>
   </div>
   <div class='ocr_carea' id='block_1_68' title="bbox 336 3782 1925 3857">
    <p class='ocr_par' dir='ltr' id='par_1_68' title="bbox 336 3782 1925 3857">
     <span class='ocr_line' id='line_1_68' title="bbox 336 3782 1925 3857; baseline -0.004 -17"><span class='ocrx_word' id='word_1_513' title='bbox 336 3788 498 3842; x_wconf 76' lang='grc' dir='ltr'>Θεόνο</span> <span class='ocrx_word' id='word_1_514' title='bbox 531 3787 652 3840; x_wconf 78' lang='grc' dir='ltr'>οὐδὲ</span> <span class='ocrx_word' id='word_1_515' title='bbox 676 3787 784 3857; x_wconf 76' lang='grc' dir='ltr'>γὰρ</span> <span class='ocrx_word' id='word_1_516' title='bbox 819 3782 956 3839; x_wconf 73' lang='grc' dir='ltr'>εἶναι</span> <span class='ocrx_word' id='word_1_517' title='bbox 988 3786 1051 3838; x_wconf 91' lang='grc' dir='ltr'><strong>τὸ</strong></span> <span class='ocrx_word' id='word_1_518' title='bbox 1077 3783 1293 3838; x_wconf 76' lang='grc' dir='ltr'>σύνολον</span> <span class='ocrx_word' id='word_1_519' title='bbox 1326 3782 1436 3854; x_wconf 76' lang='lat'><strong>(56)</strong></span> <span class='ocrx_word' id='word_1_520' title='bbox 1463 3782 1599 3845; x_wconf 85' lang='grc' dir='ltr'>ὅλως</span> <span class='ocrx_word' id='word_1_521' title='bbox 1629 3783 1693 3835; x_wconf 82' lang='grc' dir='ltr'><strong>ἐκ</strong></span> <span class='ocrx_word' id='word_1_522' title='bbox 1724 3783 1925 3845; x_wconf 86' lang='grc' dir='ltr'>παντὸς</span> 
     </span>
    </p>
   </div>
   <div class='ocr_carea' id='block_1_69' title="bbox 338 3870 1925 3947">
    <p class='ocr_par' dir='ltr' id='par_1_69' title="bbox 338 3870 1925 3947">
     <span class='ocr_line' id='line_1_69' title="bbox 338 3870 1925 3947; baseline -0.006 -16"><span class='ocrx_word' id='word_1_523' title='bbox 338 3880 419 3941; x_wconf 75' lang='grc' dir='ltr'><strong>εἰς</strong></span> <span class='ocrx_word' id='word_1_524' title='bbox 446 3877 507 3931; x_wconf 88' lang='grc' dir='ltr'><strong>τὸ</strong></span> <span class='ocrx_word' id='word_1_525' title='bbox 531 3876 792 3947; x_wconf 86' lang='grc' dir='ltr'>παράπαν</span> <span class='ocrx_word' id='word_1_526' title='bbox 811 3875 997 3945; x_wconf 75' lang='grc' dir='ltr'>ἕτερος</span> <span class='ocrx_word' id='word_1_527' title='bbox 1024 3873 1352 3945; x_wconf 83' lang='grc' dir='ltr'>δημιουργὸς</span> <span class='ocrx_word' id='word_1_528' title='bbox 1378 3872 1517 3944; x_wconf 80' lang='grc' dir='ltr'>πλὴν</span> <span class='ocrx_word' id='word_1_529' title='bbox 1542 3870 1709 3924; x_wconf 74' lang='grc' dir='ltr'>αὑτοῦ</span> <span class='ocrx_word' id='word_1_530' title='bbox 1732 3888 1745 3901; x_wconf 89' lang='grc'><strong>·</strong></span> <span class='ocrx_word' id='word_1_531' title='bbox 1779 3870 1925 3939; x_wconf 76' lang='grc' dir='ltr'><strong>Ἐγὼ</strong></span> 
     </span>
    </p>
   </div>
   <div class='ocr_carea' id='block_1_70' title="bbox 338 3960 1926 4037">
    <p class='ocr_par' dir='ltr' id='par_1_70' title="bbox 338 3960 1926 4037">
     <span class='ocr_line' id='line_1_70' title="bbox 338 3960 1926 4037; baseline -0.005 -15"><span class='ocrx_word' id='word_1_532' title='bbox 338 3967 591 4037; x_wconf 84' lang='grc' dir='ltr'>πρῶτος,</span> <span class='ocrx_word' id='word_1_533' title='bbox 632 3966 730 4019; x_wconf 76' lang='grc' dir='ltr'>καὶ</span> <span class='ocrx_word' id='word_1_534' title='bbox 751 3965 867 4033; x_wconf 75' lang='grc' dir='ltr'><strong>ἐγὼ</strong></span> <span class='ocrx_word' id='word_1_535' title='bbox 893 3965 1044 4033; x_wconf 83' lang='grc' dir='ltr'>μετὰ</span> <span class='ocrx_word' id='word_1_536' title='bbox 1071 3964 1277 4025; x_wconf 85' lang='grc' dir='ltr'>ταῦτα,</span> <span class='ocrx_word' id='word_1_537' title='bbox 1313 3963 1412 4015; x_wconf 78' lang='grc' dir='ltr'>καὶ</span> <span class='ocrx_word' id='word_1_538' title='bbox 1443 3961 1612 4028; x_wconf 72' lang='grc' dir='ltr'>πλὴν</span> <span class='ocrx_word' id='word_1_539' title='bbox 1643 3960 1789 4030; x_wconf 77' lang='grc' dir='ltr'>ἐμοῦ</span> <span class='ocrx_word' id='word_1_540' title='bbox 1818 3961 1926 4014; x_wconf 79' lang='grc' dir='ltr'><strong>ἅλ-</strong></span> 
     </span>
    </p>
   </div>
   <div class='ocr_carea' id='block_1_71' title="bbox 338 4052 1922 4126">
    <p class='ocr_par' dir='ltr' id='par_1_71' title="bbox 338 4052 1922 4126">
     <span class='ocr_line' id='line_1_71' title="bbox 338 4052 1922 4126; baseline -0.007 -11"><span class='ocrx_word' id='word_1_541' title='bbox 338 4064 450 4126; x_wconf 80' lang='grc' dir='ltr'><strong>λος</strong></span> <span class='ocrx_word' id='word_1_542' title='bbox 476 4061 589 4113; x_wconf 84' lang='grc' dir='ltr'>οὐκ</span> <span class='ocrx_word' id='word_1_543' title='bbox 625 4058 759 4112; x_wconf 80' lang='grc' dir='ltr'>ἐστι</span> <span class='ocrx_word' id='word_1_544' title='bbox 790 4055 955 4121; x_wconf 88' lang='grc' dir='ltr'>Θεός.</span> <span class='ocrx_word' id='word_1_545' title='bbox 997 4055 1133 4108; x_wconf 80' lang='grc' dir='ltr'>Οὐδὲ</span> <span class='ocrx_word' id='word_1_546' title='bbox 1165 4053 1664 4124; x_wconf 79' lang='grc' dir='ltr'>μετασκευάζεσθαι</span> <span class='ocrx_word' id='word_1_547' title='bbox 1696 4052 1777 4105; x_wconf 87' lang='grc' dir='ltr'>δεῖ</span> <span class='ocrx_word' id='word_1_548' title='bbox 1799 4070 1850 4105; x_wconf 88' lang='grc' dir='ltr'><strong>τι</strong></span> <span class='ocrx_word' id='word_1_549' title='bbox 1884 4053 1922 4115; x_wconf 75' lang='grc' dir='ltr'>ί,</span> 
     </span>
    </p>
   </div>
   <div class='ocr_carea' id='block_1_72' title="bbox 338 4143 1926 4225">
    <p class='ocr_par' dir='ltr' id='par_1_72' title="bbox 338 4143 1926 4225">
     <span class='ocr_line' id='line_1_72' title="bbox 338 4143 1926 4225; baseline -0.007 -19"><span class='ocrx_word' id='word_1_550' title='bbox 338 4153 372 4225; x_wconf 78' lang='grc' dir='ltr'>ἢ</span> <span class='ocrx_word' id='word_1_551' title='bbox 394 4152 673 4216; x_wconf 79' lang='grc' dir='ltr'>κτίζεσθαι</span> <span class='ocrx_word' id='word_1_552' title='bbox 697 4148 849 4220; x_wconf 87' lang='grc' dir='ltr'><strong>παρά</strong></span> <span class='ocrx_word' id='word_1_553' title='bbox 864 4146 964 4219; x_wconf 85' lang='grc' dir='ltr'><strong>τὴν</strong></span> <span class='ocrx_word' id='word_1_554' title='bbox 983 4145 1147 4199; x_wconf 80' lang='grc' dir='ltr'>αὐτοῦ</span> <span class='ocrx_word' id='word_1_555' title='bbox 1167 4145 1389 4199; x_wconf 85' lang='grc' dir='ltr'>δύναται</span> <span class='ocrx_word' id='word_1_556' title='bbox 1406 4144 1623 4216; x_wconf 84' lang='grc' dir='ltr'>βουλήν.</span> <span class='ocrx_word' id='word_1_557' title='bbox 1642 4144 1753 4197; x_wconf 72' lang='grc' dir='ltr'>Καὶ</span> <span class='ocrx_word' id='word_1_558' title='bbox 1773 4143 1879 4214; x_wconf 91' lang='grc' dir='ltr'>γὰρ</span> <span class='ocrx_word' id='word_1_559' title='bbox 1898 4145 1926 4196; x_wconf 92' lang='lat'><strong>6</strong></span> 
     </span>
    </p>
   </div>
   <div class='ocr_carea' id='block_1_73' title="bbox 339 4235 1927 4310">
    <p class='ocr_par' dir='ltr' id='par_1_73' title="bbox 339 4235 1927 4310">
     <span class='ocr_line' id='line_1_73' title="bbox 339 4235 1927 4310; baseline -0.008 -11"><span class='ocrx_word' id='word_1_560' title='bbox 339 4245 467 4308; x_wconf 76' lang='grc' dir='ltr'>Υἱὸς</span> <span class='ocrx_word' id='word_1_561' title='bbox 494 4243 649 4297; x_wconf 78' lang='grc' dir='ltr'>οὐδὲν</span> <span class='ocrx_word' id='word_1_562' title='bbox 674 4242 767 4310; x_wconf 84' lang='grc' dir='ltr'><strong>ἀφ’</strong></span> <span class='ocrx_word' id='word_1_563' title='bbox 794 4237 988 4293; x_wconf 78' lang='grc' dir='ltr'>ἑαυτοῦ</span> <span class='ocrx_word' id='word_1_564' title='bbox 1023 4236 1283 4292; x_wconf 80' lang='grc' dir='ltr'>δύνασθαι</span> <span class='ocrx_word' id='word_1_565' title='bbox 1314 4238 1487 4289; x_wconf 87' lang='grc' dir='ltr'>ποιεῖν</span> <span class='ocrx_word' id='word_1_566' title='bbox 1520 4235 1791 4306; x_wconf 83' lang='grc' dir='ltr'>ὁμολογεῖ,</span> <span class='ocrx_word' id='word_1_567' title='bbox 1819 4235 1927 4288; x_wconf 83' lang='grc' dir='ltr'><strong>ἐὰν</strong></span> 
     </span>
    </p>
   </div>
   <div class='ocr_carea' id='block_1_74' title="bbox 336 4326 1922 4407">
    <p class='ocr_par' dir='ltr' id='par_1_74' title="bbox 336 4326 1922 4407">
     <span class='ocr_line' id='line_1_74' title="bbox 336 4326 1922 4407; baseline -0.008 -17"><span class='ocrx_word' id='word_1_568' title='bbox 336 4335 419 4407; x_wconf 83' lang='grc' dir='ltr'><strong>μὴ</strong></span> <span class='ocrx_word' id='word_1_569' title='bbox 440 4334 646 4404; x_wconf 80' lang='grc' dir='ltr'>βλέπῃ</span> <span class='ocrx_word' id='word_1_570' title='bbox 675 4334 781 4387; x_wconf 84' lang='grc' dir='ltr'><strong>τὸν</strong></span> <span class='ocrx_word' id='word_1_571' title='bbox 792 4331 1024 4399; x_wconf 83' lang='grc' dir='ltr'>Πατέρα</span> <span class='ocrx_word' id='word_1_572' title='bbox 1044 4329 1354 4383; x_wconf 80' lang='grc' dir='ltr'>ποιοῦντα.</span> <span class='ocrx_word' id='word_1_573' title='bbox 1380 4329 1450 4381; x_wconf 79' lang='grc' dir='ltr'><strong>Ἃ</strong></span> <span class='ocrx_word' id='word_1_574' title='bbox 1472 4328 1584 4397; x_wconf 77' lang='grc' dir='ltr'>γὰρ</span> <span class='ocrx_word' id='word_1_575' title='bbox 1610 4326 1707 4391; x_wconf 81' lang='grc' dir='ltr'><strong>ἂν,</strong></span> <span class='ocrx_word' id='word_1_576' title='bbox 1738 4326 1922 4397; x_wconf 75' lang='grc' dir='ltr'>φησὶν,</span> 
     </span>
    </p>
   </div>
   <div class='ocr_carea' id='block_1_75' title="bbox 339 4418 1926 4495">
    <p class='ocr_par' dir='ltr' id='par_1_75' title="bbox 339 4418 1926 4495">
     <span class='ocr_line' id='line_1_75' title="bbox 339 4418 1926 4495; baseline -0.008 -13"><span class='ocrx_word' id='word_1_577' title='bbox 339 4431 373 4483; x_wconf 86' lang='grc' dir='ltr'><strong>ό</strong></span> <span class='ocrx_word' id='word_1_578' title='bbox 398 4426 600 4495; x_wconf 81' lang='grc' dir='ltr'>Πατὴρ</span> <span class='ocrx_word' id='word_1_579' title='bbox 631 4424 794 4494; x_wconf 78' lang='grc' dir='ltr'>ποιῇ,</span> <span class='ocrx_word' id='word_1_580' title='bbox 843 4422 1033 4477; x_wconf 84' lang='grc' dir='ltr'>ταῦτα</span> <span class='ocrx_word' id='word_1_581' title='bbox 1063 4421 1162 4475; x_wconf 80' lang='grc' dir='ltr'>καὶ</span> <span class='ocrx_word' id='word_1_582' title='bbox 1199 4423 1231 4474; x_wconf 85' lang='grc' dir='ltr'><strong>ό</strong></span> <span class='ocrx_word' id='word_1_583' title='bbox 1264 4418 1395 4485; x_wconf 82' lang='grc' dir='ltr'><strong>Υἱὸς</strong></span> <span class='ocrx_word' id='word_1_584' title='bbox 1423 4419 1598 4473; x_wconf 83' lang='grc' dir='ltr'>ποιεῖ.</span> <span class='ocrx_word' id='word_1_585' title='bbox 1648 4418 1784 4471; x_wconf 82' lang='grc' dir='ltr'>Οὐδὲ</span> <span class='ocrx_word' id='word_1_586' title='bbox 1820 4420 1926 4488; x_wconf 88' lang='grc' dir='ltr'><strong>μήν</strong></span> 
     </span>
    </p>
   </div>
   <div class='ocr_carea' id='block_1_76' title="bbox 336 4511 1920 4590">
    <p class='ocr_par' dir='ltr' id='par_1_76' title="bbox 336 4511 1920 4590">
     <span class='ocr_line' id='line_1_76' title="bbox 336 4511 1920 4590; baseline -0.008 -15"><span class='ocrx_word' id='word_1_587' title='bbox 336 4538 392 4575; x_wconf 85' lang='grc' dir='ltr'><strong>τι</strong></span> <span class='ocrx_word' id='word_1_588' title='bbox 420 4519 699 4590; x_wconf 89' lang='grc' dir='ltr'>πολέμιον,</span> <span class='ocrx_word' id='word_1_589' title='bbox 749 4517 782 4589; x_wconf 78' lang='grc' dir='ltr'>ἦ</span> <span class='ocrx_word' id='word_1_590' title='bbox 818 4514 1125 4579; x_wconf 79' lang='grc' dir='ltr'>ἁντιδοξοῦν</span> <span class='ocrx_word' id='word_1_591' title='bbox 1175 4512 1412 4584; x_wconf 78' lang='grc' dir='ltr'>αὐτῷ,ἣ</span> <span class='ocrx_word' id='word_1_592' title='bbox 1457 4511 1700 4565; x_wconf 85' lang='grc' dir='ltr'>ἀντίθεόν</span> <span class='ocrx_word' id='word_1_593' title='bbox 1744 4512 1920 4564; x_wconf 78' lang='grc' dir='ltr'>ἐστιν·</span> 
     </span>
    </p>
   </div>
   <div class='ocr_carea' id='block_1_77' title="bbox 339 4602 1921 4679">
    <p class='ocr_par' dir='ltr' id='par_1_77' title="bbox 339 4602 1921 4679">
     <span class='ocr_line' id='line_1_77' title="bbox 339 4602 1921 4679; baseline -0.007 -13"><span class='ocrx_word' id='word_1_594' title='bbox 339 4613 483 4679; x_wconf 79' lang='grc' dir='ltr'>ἐπεὶ,</span> <span class='ocrx_word' id='word_1_595' title='bbox 512 4611 618 4665; x_wconf 86' lang='grc' dir='ltr'><strong>κᾶν</strong></span> <span class='ocrx_word' id='word_1_596' title='bbox 651 4611 699 4663; x_wconf 78' lang='grc' dir='ltr'><strong>εἰ</strong></span> <span class='ocrx_word' id='word_1_597' title='bbox 725 4608 1072 4679; x_wconf 81' lang='grc' dir='ltr'>ἀντέπρασσέ</span> <span class='ocrx_word' id='word_1_598' title='bbox 1090 4624 1141 4659; x_wconf 89' lang='grc' dir='ltr'><strong>τι</strong></span> <span class='ocrx_word' id='word_1_599' title='bbox 1165 4606 1243 4677; x_wconf 80' lang='grc' dir='ltr'>τῷ</span> <span class='ocrx_word' id='word_1_600' title='bbox 1272 4605 1412 4675; x_wconf 83' lang='grc' dir='ltr'>Θεῷ,</span> <span class='ocrx_word' id='word_1_601' title='bbox 1437 4602 1713 4657; x_wconf 76' lang='grc' dir='ltr'>ἐπαύσατο</span> <span class='ocrx_word' id='word_1_602' title='bbox 1740 4604 1806 4657; x_wconf 83' lang='grc' dir='ltr'><strong>ἂν</strong></span> <span class='ocrx_word' id='word_1_603' title='bbox 1826 4602 1921 4656; x_wconf 80' lang='grc' dir='ltr'>τοῦ</span> 
     </span>
    </p>
   </div>
   <div class='ocr_carea' id='block_1_78' title="bbox 2028 3316 3603 3400">
    <p class='ocr_par' dir='ltr' id='par_1_78' title="bbox 2028 3316 3603 3400">
     <span class='ocr_line' id='line_1_78' title="bbox 2028 3316 3603 3400; baseline 0.012 -31"><span class='ocrx_word' id='word_1_604' title='bbox 2028 3317 2197 3369; x_wconf 89' lang='lat' dir='ltr'><strong>nitur.</strong></span> <span class='ocrx_word' id='word_1_605' title='bbox 2241 3316 2397 3382; x_wconf 87' lang='lat' dir='ltr'><strong>Quod</strong></span> <span class='ocrx_word' id='word_1_606' title='bbox 2456 3326 2634 3371; x_wconf 88' lang='lat' dir='ltr'><strong>autem</strong></span> <span class='ocrx_word' id='word_1_607' title='bbox 2686 3318 2930 3387; x_wconf 89' lang='lat' dir='ltr'><strong>punitur,</strong></span> <span class='ocrx_word' id='word_1_608' title='bbox 2980 3332 3224 3380; x_wconf 83' lang='lat' dir='ltr'><strong>nudatur</strong></span> <span class='ocrx_word' id='word_1_609' title='bbox 3264 3344 3327 3383; x_wconf 92' lang='lat' dir='ltr'><strong>ac</strong></span> <span class='ocrx_word' id='word_1_610' title='bbox 3378 3333 3603 3400; x_wconf 88' lang='lat' dir='ltr'><strong>patitur.</strong></span> 
     </span>
    </p>
   </div>
   <div class='ocr_carea' id='block_1_79' title="bbox 2024 3408 3604 3482">
    <p class='ocr_par' dir='ltr' id='par_1_79' title="bbox 2024 3408 3604 3482">
     <span class='ocr_line' id='line_1_79' title="bbox 2024 3408 3604 3482; baseline 0.013 -23"><span class='ocrx_word' id='word_1_611' title='bbox 2024 3408 2187 3477; x_wconf 87' lang='lat' dir='ltr'><strong>Atqui</strong></span> <span class='ocrx_word' id='word_1_612' title='bbox 2224 3410 2334 3479; x_wconf 89' lang='lat' dir='ltr'><strong>pati</strong></span> <span class='ocrx_word' id='word_1_613' title='bbox 2366 3409 2496 3462; x_wconf 91' lang='lat' dir='ltr'><strong>nihil</strong></span> <span class='ocrx_word' id='word_1_614' title='bbox 2526 3416 2707 3477; x_wconf 88' lang='lat' dir='ltr'><strong>potest</strong></span> <span class='ocrx_word' id='word_1_615' title='bbox 2736 3412 2879 3479; x_wconf 91' lang='lat' dir='ltr'><strong>quod</strong></span> <span class='ocrx_word' id='word_1_616' title='bbox 2906 3416 3264 3482; x_wconf 87' lang='lat' dir='ltr'><strong>productione</strong></span> <span class='ocrx_word' id='word_1_617' title='bbox 3290 3430 3461 3477; x_wconf 89' lang='lat' dir='ltr'><strong>caret.</strong></span> <span class='ocrx_word' id='word_1_618' title='bbox 3481 3424 3604 3481; x_wconf 90' lang='lat' dir='ltr'><strong>Non</strong></span> 
     </span>
    </p>
   </div>
   <div class='ocr_carea' id='block_1_80' title="bbox 2027 3499 3605 3585">
    <p class='ocr_par' dir='ltr' id='par_1_80' title="bbox 2027 3499 3605 3585">
     <span class='ocr_line' id='line_1_80' title="bbox 2027 3499 3605 3585; baseline 0.015 -34"><span class='ocrx_word' id='word_1_619' title='bbox 2027 3499 2189 3568; x_wconf 78' lang='lat' dir='ltr'><strong>igitur</strong></span> <span class='ocrx_word' id='word_1_620' title='bbox 2222 3499 2602 3569; x_wconf 88' lang='lat' dir='ltr'><strong>productionis</strong></span> <span class='ocrx_word' id='word_1_621' title='bbox 2632 3518 2862 3575; x_wconf 81' lang='lat' dir='ltr'><strong>expers;</strong></span> <span class='ocrx_word' id='word_1_622' title='bbox 2895 3505 2988 3559; x_wconf 86' lang='lat' dir='ltr'><strong>sed</strong></span> <span class='ocrx_word' id='word_1_623' title='bbox 3020 3510 3320 3576; x_wconf 90' lang='lat' dir='ltr'><strong>productus</strong></span> <span class='ocrx_word' id='word_1_624' title='bbox 3349 3514 3605 3585; x_wconf 90' lang='lat' dir='ltr'><strong>aliquan-</strong></span> 
     </span>
    </p>
   </div>
   <div class='ocr_carea' id='block_1_81' title="bbox 2025 3592 3606 3672">
    <p class='ocr_par' dir='ltr' id='par_1_81' title="bbox 2025 3592 3606 3672">
     <span class='ocr_line' id='line_1_81' title="bbox 2025 3592 3606 3672; baseline 0.013 -27"><span class='ocrx_word' id='word_1_625' title='bbox 2025 3593 2094 3645; x_wconf 87' lang='lat' dir='ltr'><strong>do</strong></span> <span class='ocrx_word' id='word_1_626' title='bbox 2128 3592 2399 3647; x_wconf 72' lang='lat' dir='ltr'><strong>diabolus.</strong></span> <span class='ocrx_word' id='word_1_627' title='bbox 2437 3592 2557 3646; x_wconf 85' lang='lat' dir='ltr'><strong>Jam</strong></span> <span class='ocrx_word' id='word_1_628' title='bbox 2586 3610 2718 3650; x_wconf 90' lang='lat' dir='ltr'><strong>vero</strong></span> <span class='ocrx_word' id='word_1_629' title='bbox 2746 3612 2869 3651; x_wconf 91' lang='lat' dir='ltr'><strong>cum</strong></span> <span class='ocrx_word' id='word_1_630' title='bbox 2898 3607 2950 3652; x_wconf 92' lang='lat' dir='ltr'><strong>et</strong></span> <span class='ocrx_word' id='word_1_631' title='bbox 2980 3600 3279 3667; x_wconf 89' lang='lat' dir='ltr'><strong>productus</strong></span> <span class='ocrx_word' id='word_1_632' title='bbox 3307 3606 3397 3662; x_wconf 92' lang='lat' dir='ltr'><strong>ille</strong></span> <span class='ocrx_word' id='word_1_633' title='bbox 3430 3608 3521 3672; x_wconf 91' lang='lat' dir='ltr'><strong>sit,</strong></span> <span class='ocrx_word' id='word_1_634' title='bbox 3550 3621 3606 3666; x_wconf 73' lang='lat' dir='ltr'><strong>et</strong></span> 
     </span>
    </p>
   </div>
   <div class='ocr_carea' id='block_1_82' title="bbox 2026 3686 3604 3771">
    <p class='ocr_par' dir='ltr' id='par_1_82' title="bbox 2026 3686 3604 3771">
     <span class='ocr_line' id='line_1_82' title="bbox 2026 3686 3604 3771; baseline 0.013 -34"><span class='ocrx_word' id='word_1_635' title='bbox 2026 3686 2292 3755; x_wconf 86' lang='lat' dir='ltr'><strong>quidquid</strong></span> <span class='ocrx_word' id='word_1_636' title='bbox 2324 3686 2652 3756; x_wconf 88' lang='lat' dir='ltr'><strong>productum</strong></span> <span class='ocrx_word' id='word_1_637' title='bbox 2674 3696 2779 3753; x_wconf 91' lang='lat' dir='ltr'><strong>est,</strong></span> <span class='ocrx_word' id='word_1_638' title='bbox 2814 3690 2884 3744; x_wconf 88' lang='lat' dir='ltr'><strong>ab</strong></span> <span class='ocrx_word' id='word_1_639' title='bbox 2938 3692 3119 3763; x_wconf 85' lang='lat' dir='ltr'><strong>aliquo</strong></span> <span class='ocrx_word' id='word_1_640' title='bbox 3170 3696 3439 3769; x_wconf 89' lang='lat' dir='ltr'><strong>principio</strong></span> <span class='ocrx_word' id='word_1_641' title='bbox 3474 3717 3604 3771; x_wconf 89' lang='lat' dir='ltr'><strong>pro-</strong></span> 
     </span>
    </p>
   </div>
   <div class='ocr_carea' id='block_1_83' title="bbox 2026 3781 3606 3863">
    <p class='ocr_par' dir='ltr' id='par_1_83' title="bbox 2026 3781 3606 3863">
     <span class='ocr_line' id='line_1_83' title="bbox 2026 3781 3606 3863; baseline 0.011 -31"><span class='ocrx_word' id='word_1_642' title='bbox 2026 3781 2247 3832; x_wconf 73' lang='lat' dir='ltr'><strong>ductum</strong></span> <span class='ocrx_word' id='word_1_643' title='bbox 2281 3781 2377 3841; x_wconf 90' lang='lat' dir='ltr'><strong>sit,</strong></span> <span class='ocrx_word' id='word_1_644' title='bbox 2414 3796 2759 3850; x_wconf 90' lang='lat' dir='ltr'><strong>consequens</strong></span> <span class='ocrx_word' id='word_1_645' title='bbox 2780 3791 2863 3838; x_wconf 90' lang='lat' dir='ltr'><strong>est</strong></span> <span class='ocrx_word' id='word_1_646' title='bbox 2886 3784 3120 3854; x_wconf 91' lang='lat' dir='ltr'><strong>aliquem</strong></span> <span class='ocrx_word' id='word_1_647' title='bbox 3152 3803 3357 3854; x_wconf 38' lang='lat' dir='ltr'><strong>esse,.a</strong></span> <span class='ocrx_word' id='word_1_648' title='bbox 3386 3809 3496 3863; x_wconf 92' lang='lat' dir='ltr'><strong>quo</strong></span> <span class='ocrx_word' id='word_1_649' title='bbox 3531 3798 3606 3850; x_wconf 89' lang='lat' dir='ltr'><strong>sit</strong></span> 
     </span>
    </p>
   </div>
   <div class='ocr_carea' id='block_1_84' title="bbox 2027 3872 3602 3955">
    <p class='ocr_par' dir='ltr' id='par_1_84' title="bbox 2027 3872 3602 3955">
     <span class='ocr_line' id='line_1_84' title="bbox 2027 3872 3602 3955; baseline 0.009 -30"><span class='ocrx_word' id='word_1_650' title='bbox 2027 3883 2348 3942; x_wconf 90' lang='lat' dir='ltr'><strong>procreatus</strong></span> <span class='ocrx_word' id='word_1_651' title='bbox 2377 3872 2647 3929; x_wconf 88' lang='lat' dir='ltr'><strong>diabolus.</strong></span> <span class='ocrx_word' id='word_1_652' title='bbox 2681 3874 3005 3930; x_wconf 86' lang='lat' dir='ltr'><strong>Utrumnam</strong></span> <span class='ocrx_word' id='word_1_653' title='bbox 3036 3878 3204 3947; x_wconf 78' lang='lat' dir='ltr'><strong>igitur</strong></span> <span class='ocrx_word' id='word_1_654' title='bbox 3254 3883 3418 3937; x_wconf 91' lang='lat' dir='ltr'><strong>etiam</strong></span> <span class='ocrx_word' id='word_1_655' title='bbox 3471 3902 3602 3955; x_wconf 89' lang='lat' dir='ltr'><strong>pro-</strong></span> 
     </span>
    </p>
   </div>
   <div class='ocr_carea' id='block_1_85' title="bbox 2025 3963 3602 4047">
    <p class='ocr_par' dir='ltr' id='par_1_85' title="bbox 2025 3963 3602 4047">
     <span class='ocr_line' id='line_1_85' title="bbox 2025 3963 3602 4047; baseline 0.01 -30"><span class='ocrx_word' id='word_1_656' title='bbox 2025 3963 2225 4017; x_wconf 91' lang='lat' dir='ltr'><strong>ductus</strong></span> <span class='ocrx_word' id='word_1_657' title='bbox 2255 3963 2345 4017; x_wconf 90' lang='lat' dir='ltr'><strong>ille</strong></span> <span class='ocrx_word' id='word_1_658' title='bbox 2367 3963 2491 4017; x_wconf 90' lang='lat' dir='ltr'><strong>fuit.</strong></span> <span class='ocrx_word' id='word_1_659' title='bbox 2514 3977 2584 4017; x_wconf 88' lang='lat' dir='ltr'><strong>an</strong></span> <span class='ocrx_word' id='word_1_660' title='bbox 2612 3964 2840 4034; x_wconf 90' lang='lat' dir='ltr'><strong>produci</strong></span> <span class='ocrx_word' id='word_1_661' title='bbox 2873 3982 2979 4020; x_wconf 86' lang='lat' dir='ltr'><strong>non</strong></span> <span class='ocrx_word' id='word_1_662' title='bbox 3010 3970 3223 4038; x_wconf 88' lang='lat' dir='ltr'><strong>potuit?</strong></span> <span class='ocrx_word' id='word_1_663' title='bbox 3248 3989 3432 4029; x_wconf 86' lang='lat' dir='ltr'><strong>verum</strong></span> <span class='ocrx_word' id='word_1_664' title='bbox 3457 3980 3602 4047; x_wconf 89' lang='lat' dir='ltr'><strong>quod</strong></span> 
     </span>
    </p>
   </div>
   <div class='ocr_carea' id='block_1_86' title="bbox 2026 4052 3605 4124">
    <p class='ocr_par' dir='ltr' id='par_1_86' title="bbox 2026 4052 3605 4124">
     <span class='ocr_line' id='line_1_86' title="bbox 2026 4052 3605 4124; baseline 0.012 -21"><span class='ocrx_word' id='word_1_665' title='bbox 2026 4052 2406 4122; x_wconf 86' lang='lat' dir='ltr'><strong>productionis</strong></span> <span class='ocrx_word' id='word_1_666' title='bbox 2436 4061 2520 4106; x_wconf 93' lang='lat' dir='ltr'><strong>est</strong></span> <span class='ocrx_word' id='word_1_667' title='bbox 2551 4069 2769 4123; x_wconf 86' lang='lat' dir='ltr'><strong>expers,</strong></span> <span class='ocrx_word' id='word_1_668' title='bbox 2795 4070 2895 4124; x_wconf 89' lang='lat' dir='ltr'><strong>par</strong></span> <span class='ocrx_word' id='word_1_669' title='bbox 2924 4065 3007 4112; x_wconf 88' lang='lat' dir='ltr'><strong>est</strong></span> <span class='ocrx_word' id='word_1_670' title='bbox 3034 4075 3200 4114; x_wconf 91' lang='lat' dir='ltr'><strong>unum</strong></span> <span class='ocrx_word' id='word_1_671' title='bbox 3231 4060 3493 4120; x_wconf 82' lang='lat' dir='ltr'><strong>duntaxat</strong></span> <span class='ocrx_word' id='word_1_672' title='bbox 3521 4069 3605 4122; x_wconf 89' lang='lat' dir='ltr'><strong>in-</strong></span> 
     </span>
    </p>
   </div>
   <div class='ocr_carea' id='block_1_87' title="bbox 2026 4141 3603 4219">
    <p class='ocr_par' dir='ltr' id='par_1_87' title="bbox 2026 4141 3603 4219">
     <span class='ocr_line' id='line_1_87' title="bbox 2026 4141 3603 4219; baseline 0.01 -22"><span class='ocrx_word' id='word_1_673' title='bbox 2026 4144 2195 4214; x_wconf 88' lang='lat' dir='ltr'><strong>telligi</strong></span> <span class='ocrx_word' id='word_1_674' title='bbox 2228 4142 2418 4197; x_wconf 90' lang='lat' dir='ltr'><strong>Deum.</strong></span> <span class='ocrx_word' id='word_1_675' title='bbox 2454 4141 2640 4213; x_wconf 88' lang='lat' dir='ltr'><strong>Neque</strong></span> <span class='ocrx_word' id='word_1_676' title='bbox 2672 4146 2815 4199; x_wconf 92' lang='lat' dir='ltr'><strong>enim</strong></span> <span class='ocrx_word' id='word_1_677' title='bbox 2851 4147 2993 4202; x_wconf 89' lang='lat' dir='ltr'><strong>ullus</strong></span> <span class='ocrx_word' id='word_1_678' title='bbox 3024 4163 3146 4205; x_wconf 90' lang='lat' dir='ltr'><strong>esse</strong></span> <span class='ocrx_word' id='word_1_679' title='bbox 3174 4162 3353 4219; x_wconf 89' lang='lat' dir='ltr'><strong>potest</strong></span> <span class='ocrx_word' id='word_1_680' title='bbox 3378 4161 3603 4213; x_wconf 89' lang='lat' dir='ltr'><strong>omnino</strong></span> 
     </span>
    </p>
   </div>
   <div class='ocr_carea' id='block_1_88' title="bbox 2026 4235 3602 4318">
    <p class='ocr_par' dir='ltr' id='par_1_88' title="bbox 2026 4235 3602 4318">
     <span class='ocr_line' id='line_1_88' title="bbox 2026 4235 3602 4318; baseline 0.013 -32"><span class='ocrx_word' id='word_1_681' title='bbox 2026 4242 2224 4303; x_wconf 67' lang='lat' dir='ltr'><strong>praeter</strong></span> <span class='ocrx_word' id='word_1_682' title='bbox 2263 4235 2414 4288; x_wconf 90' lang='lat' dir='ltr'><strong>illum</strong></span> <span class='ocrx_word' id='word_1_683' title='bbox 2461 4235 2637 4305; x_wconf 90' lang='lat' dir='ltr'><strong>ipsum</strong></span> <span class='ocrx_word' id='word_1_684' title='bbox 2680 4236 2881 4306; x_wconf 81' lang='lat' dir='ltr'><strong>opifex.</strong></span> <span class='ocrx_word' id='word_1_685' title='bbox 2922 4238 3035 4309; x_wconf 87' lang='lat' dir='ltr'><strong>Ego</strong></span> <span class='ocrx_word' id='word_1_686' title='bbox 3062 4243 3289 4309; x_wconf 87' lang='lat' dir='ltr'><strong>primus,</strong></span> <span class='ocrx_word' id='word_1_687' title='bbox 3321 4246 3520 4318; x_wconf 85' lang='lat' dir='ltr'><strong>inquit,</strong></span> <span class='ocrx_word' id='word_1_688' title='bbox 3552 4262 3602 4307; x_wconf 83' lang='lat' dir='ltr'><strong>et</strong></span> 
     </span>
    </p>
   </div>
   <div class='ocr_carea' id='block_1_89' title="bbox 2025 4327 3601 4397">
    <p class='ocr_par' dir='ltr' id='par_1_89' title="bbox 2025 4327 3601 4397">
     <span class='ocr_line' id='line_1_89' title="bbox 2025 4327 3601 4397; baseline 0.011 -17"><span class='ocrx_word' id='word_1_689' title='bbox 2025 4343 2118 4397; x_wconf 86' lang='lat' dir='ltr'><strong>ego</strong></span> <span class='ocrx_word' id='word_1_690' title='bbox 2158 4327 2492 4390; x_wconf 76' lang='lat' dir='ltr'><strong>novissimus,</strong></span> <span class='ocrx_word' id='word_1_691' title='bbox 2526 4337 2574 4381; x_wconf 83' lang='lat' dir='ltr'><strong>et</strong></span> <span class='ocrx_word' id='word_1_692' title='bbox 2607 4336 2801 4396; x_wconf 77' lang='lat' dir='ltr'><strong>prwter</strong></span> <span class='ocrx_word' id='word_1_693' title='bbox 2844 4346 2926 4384; x_wconf 87' lang='lat' dir='ltr'><strong>me</strong></span> <span class='ocrx_word' id='word_1_694' title='bbox 2963 4349 3068 4386; x_wconf 81' lang='lat' dir='ltr'><strong>non</strong></span> <span class='ocrx_word' id='word_1_695' title='bbox 3115 4344 3193 4388; x_wconf 80' lang='lat' dir='ltr'><strong>est</strong></span> <span class='ocrx_word' id='word_1_696' title='bbox 3234 4338 3372 4391; x_wconf 78' lang='lat' dir='ltr'><strong>alius</strong></span> <span class='ocrx_word' id='word_1_697' title='bbox 3403 4339 3541 4395; x_wconf 76' lang='lat' dir='ltr'><strong>Deus</strong></span> <span class='ocrx_word' id='word_1_698' title='bbox 3560 4343 3601 4397; x_wconf 87' lang='grc'><strong>⁸.</strong></span> 
     </span>
    </p>
   </div>
   <div class='ocr_carea' id='block_1_90' title="bbox 2028 4417 3602 4500">
    <p class='ocr_par' dir='ltr' id='par_1_90' title="bbox 2028 4417 3602 4500">
     <span class='ocr_line' id='line_1_90' title="bbox 2028 4417 3602 4500; baseline 0.01 -28"><span class='ocrx_word' id='word_1_699' title='bbox 2028 4417 2137 4472; x_wconf 92' lang='lat' dir='ltr'><strong>Sed</strong></span> <span class='ocrx_word' id='word_1_700' title='bbox 2172 4434 2349 4489; x_wconf 89' lang='lat' dir='ltr'><strong>neque</strong></span> <span class='ocrx_word' id='word_1_701' title='bbox 2375 4419 2702 4473; x_wconf 86' lang='lat' dir='ltr'><strong>commutari</strong></span> <span class='ocrx_word' id='word_1_702' title='bbox 2733 4421 3011 4492; x_wconf 86' lang='lat' dir='ltr'><strong>quidpiam</strong></span> <span class='ocrx_word' id='word_1_703' title='bbox 3041 4440 3105 4480; x_wconf 92' lang='lat' dir='ltr'><strong>ac</strong></span> <span class='ocrx_word' id='word_1_704' title='bbox 3137 4436 3332 4495; x_wconf 72' lang='lat' dir='ltr'><strong>praeter</strong></span> <span class='ocrx_word' id='word_1_705' title='bbox 3363 4433 3481 4500; x_wconf 86' lang='lat' dir='ltr'><strong>ejus</strong></span> <span class='ocrx_word' id='word_1_706' title='bbox 3514 4452 3602 4488; x_wconf 86' lang='lat' dir='ltr'><strong>vo-</strong></span> 
     </span>
    </p>
   </div>
   <div class='ocr_carea' id='block_1_91' title="bbox 2026 4509 3603 4595">
    <p class='ocr_par' dir='ltr' id='par_1_91' title="bbox 2026 4509 3603 4595">
     <span class='ocr_line' id='line_1_91' title="bbox 2026 4509 3603 4595; baseline 0.011 -32"><span class='ocrx_word' id='word_1_707' title='bbox 2026 4509 2290 4564; x_wconf 90' lang='lat' dir='ltr'><strong>luntatem</strong></span> <span class='ocrx_word' id='word_1_708' title='bbox 2331 4511 2610 4580; x_wconf 90' lang='lat' dir='ltr'><strong>procreari</strong></span> <span class='ocrx_word' id='word_1_709' title='bbox 2663 4520 2862 4582; x_wconf 89' lang='lat' dir='ltr'><strong>potest.</strong></span> <span class='ocrx_word' id='word_1_710' title='bbox 2896 4514 3105 4570; x_wconf 84' lang='lat' dir='ltr'><strong>Etenim</strong></span> <span class='ocrx_word' id='word_1_711' title='bbox 3134 4517 3302 4577; x_wconf 82' lang='lat' dir='ltr'><strong>Filius</strong></span> <span class='ocrx_word' id='word_1_712' title='bbox 3324 4524 3459 4577; x_wconf 88' lang='lat' dir='ltr'><strong>nihil</strong></span> <span class='ocrx_word' id='word_1_713' title='bbox 3510 4544 3603 4595; x_wconf 84' lang='lat' dir='ltr'><strong>per</strong></span> 
     </span>
    </p>
   </div>
   <div class='ocr_carea' id='block_1_92' title="bbox 2028 4601 3591 4685">
    <p class='ocr_par' dir='ltr' id='par_1_92' title="bbox 2028 4601 3591 4685">
     <span class='ocr_line' id='line_1_92' title="bbox 2028 4601 3591 4685; baseline 0.01 -28"><span class='ocrx_word' id='word_1_714' title='bbox 2028 4617 2150 4657; x_wconf 88' lang='lat' dir='ltr'><strong>sese</strong></span> <span class='ocrx_word' id='word_1_715' title='bbox 2177 4601 2357 4657; x_wconf 87' lang='lat' dir='ltr'><strong>facere</strong></span> <span class='ocrx_word' id='word_1_716' title='bbox 2385 4617 2547 4672; x_wconf 91' lang='lat' dir='ltr'><strong>posse</strong></span> <span class='ocrx_word' id='word_1_717' title='bbox 2574 4605 2885 4673; x_wconf 85' lang='lat' dir='ltr'><strong>conﬁtetur,</strong></span> <span class='ocrx_word' id='word_1_718' title='bbox 2913 4608 3018 4662; x_wconf 83' lang='lat' dir='ltr'><strong>nisi</strong></span> <span class='ocrx_word' id='word_1_719' title='bbox 3062 4611 3116 4663; x_wconf 83' lang='lat' dir='ltr'><strong>id</strong></span> <span class='ocrx_word' id='word_1_720' title='bbox 3149 4610 3367 4668; x_wconf 84' lang='lat' dir='ltr'><strong>Patrem</strong></span> <span class='ocrx_word' id='word_1_721' title='bbox 3400 4617 3591 4685; x_wconf 83' lang='lat' dir='ltr'><strong>facien-</strong></span> 
     </span>
    </p>
   </div>
   <div class='ocr_carea' id='block_1_93' title="bbox 339 4693 1921 4775">
    <p class='ocr_par' dir='ltr' id='par_1_93' title="bbox 339 4694 1921 4775">
     <span class='ocr_line' id='line_1_93' title="bbox 339 4694 1921 4775; baseline -0.008 -16"><span class='ocrx_word' id='word_1_722' title='bbox 339 4700 500 4771; x_wconf 73' lang='grc' dir='ltr'>εἶναι,</span> <span class='ocrx_word' id='word_1_723' title='bbox 535 4702 787 4775; x_wconf 85' lang='grc' dir='ltr'>λυθείσης</span> <span class='ocrx_word' id='word_1_724' title='bbox 810 4699 975 4754; x_wconf 81' lang='grc' dir='ltr'>αὑτοῦ</span> <span class='ocrx_word' id='word_1_725' title='bbox 1003 4702 1070 4769; x_wconf 78' lang='grc' dir='ltr'>τῇ</span> <span class='ocrx_word' id='word_1_726' title='bbox 1104 4697 1199 4751; x_wconf 75' lang='grc' dir='ltr'>τοῦ</span> <span class='ocrx_word' id='word_1_727' title='bbox 1229 4696 1362 4750; x_wconf 83' lang='grc' dir='ltr'>Θεοῦ</span> <span class='ocrx_word' id='word_1_728' title='bbox 1389 4696 1613 4766; x_wconf 87' lang='grc' dir='ltr'>δυνάμει</span> <span class='ocrx_word' id='word_1_729' title='bbox 1643 4695 1737 4748; x_wconf 78' lang='grc' dir='ltr'><strong>καὶ</strong></span> <span class='ocrx_word' id='word_1_730' title='bbox 1779 4694 1921 4764; x_wconf 81' lang='grc' dir='ltr'>ἰσχύϊ</span> 
     </span>
    </p>
   </div>
   <div class='ocr_carea' id='block_1_94' title="bbox 2022 4693 3602 4775">
    <p class='ocr_par' dir='ltr' id='par_1_94' title="bbox 2032 4693 3602 4771">
     <span class='ocr_line' id='line_1_94' title="bbox 2032 4693 3602 4771; baseline 0.011 -25"><span class='ocrx_word' id='word_1_731' title='bbox 2032 4701 2131 4747; x_wconf 87' lang='lat' dir='ltr'><strong>tem</strong></span> <span class='ocrx_word' id='word_1_732' title='bbox 2165 4693 2374 4747; x_wconf 83' lang='lat' dir='ltr'><strong>viderit.</strong></span> <span class='ocrx_word' id='word_1_733' title='bbox 2406 4693 2538 4759; x_wconf 67' lang='lat' dir='ltr'><strong>Quae</strong></span> <span class='ocrx_word' id='word_1_734' title='bbox 2580 4694 2742 4758; x_wconf 85' lang='lat' dir='ltr'><strong>enim,</strong></span> <span class='ocrx_word' id='word_1_735' title='bbox 2777 4695 2974 4767; x_wconf 91' lang='lat' dir='ltr'><strong>inquit,</strong></span> <span class='ocrx_word' id='word_1_736' title='bbox 3021 4699 3181 4755; x_wconf 85' lang='lat' dir='ltr'><strong>Pater</strong></span> <span class='ocrx_word' id='word_1_737' title='bbox 3214 4703 3362 4771; x_wconf 77' lang='lat' dir='ltr'><strong>facit,</strong></span> <span class='ocrx_word' id='word_1_738' title='bbox 3401 4707 3511 4761; x_wconf 64' lang='lat' dir='ltr'><strong>hac</strong></span> <span class='ocrx_word' id='word_1_739' title='bbox 3554 4720 3602 4763; x_wconf 86' lang='lat' dir='ltr'><strong>et</strong></span> 
     </span>
    </p>
   </div>
   <div class='ocr_carea' id='block_1_95' title="bbox 340 4786 1922 4869">
    <p class='ocr_par' dir='ltr' id='par_1_95' title="bbox 340 4786 1922 4869">
     <span class='ocr_line' id='line_1_95' title="bbox 340 4786 1922 4869; baseline -0.008 -18"><span class='ocrx_word' id='word_1_740' title='bbox 340 4799 437 4869; x_wconf 80' lang='grc' dir='ltr'>τῆς</span> <span class='ocrx_word' id='word_1_741' title='bbox 465 4796 794 4857; x_wconf 88' lang='grc' dir='ltr'>συστάσεως.</span> <span class='ocrx_word' id='word_1_742' title='bbox 820 4793 911 4864; x_wconf 84' lang='grc' dir='ltr'><strong>Τῷ</strong></span> <span class='ocrx_word' id='word_1_743' title='bbox 938 4793 1048 4862; x_wconf 83' lang='grc' dir='ltr'><strong>γάρ</strong></span> <span class='ocrx_word' id='word_1_744' title='bbox 1069 4791 1350 4863; x_wconf 89' lang='grc' dir='ltr'>ποιήσαντι</span> <span class='ocrx_word' id='word_1_745' title='bbox 1373 4787 1531 4841; x_wconf 80' lang='grc' dir='ltr'>λῦσαι</span> <span class='ocrx_word' id='word_1_746' title='bbox 1558 4787 1704 4859; x_wconf 86' lang='grc' dir='ltr'>μόνῳ</span> <span class='ocrx_word' id='word_1_747' title='bbox 1733 4786 1827 4839; x_wconf 71' lang='grc' dir='ltr'><strong>καὶ</strong></span> <span class='ocrx_word' id='word_1_748' title='bbox 1854 4786 1922 4839; x_wconf 86' lang='grc' dir='ltr'><strong>τά</strong></span> 
     </span>
    </p>
   </div>
   <div class='ocr_carea' id='block_1_96' title="bbox 340 4886 854 4942">
    <p class='ocr_par' dir='ltr' id='par_1_96' title="bbox 340 4886 854 4942">
     <span class='ocr_line' id='line_1_96' title="bbox 340 4886 854 4942; baseline -0.008 0"><span class='ocrx_word' id='word_1_749' title='bbox 340 4889 582 4942; x_wconf 87' lang='grc' dir='ltr'>ἀθάνατα</span> <span class='ocrx_word' id='word_1_750' title='bbox 610 4886 854 4939; x_wconf 86' lang='grc' dir='ltr'>δυνατόν.</span> 
     </span>
    </p>
   </div>
   <div class='ocr_carea' id='block_1_97' title="bbox 2029 4781 3601 4863">
    <p class='ocr_par' dir='ltr' id='par_1_97' title="bbox 2029 4781 3601 4863">
     <span class='ocr_line' id='line_1_97' title="bbox 2029 4781 3601 4863; baseline 0.011 -26"><span class='ocrx_word' id='word_1_751' title='bbox 2029 4781 2209 4838; x_wconf 84' lang='lat' dir='ltr'><strong>Filius</strong></span> <span class='ocrx_word' id='word_1_752' title='bbox 2240 4784 2371 4854; x_wconf 75' lang='lat' dir='ltr'><strong>facit</strong></span> <span class='ocrx_word' id='word_1_753' title='bbox 2387 4782 2428 4839; x_wconf 69' lang='lat'><strong>‘.</strong></span> <span class='ocrx_word' id='word_1_754' title='bbox 2466 4782 2652 4854; x_wconf 90' lang='lat' dir='ltr'><strong>Neque</strong></span> <span class='ocrx_word' id='word_1_755' title='bbox 2693 4802 2823 4841; x_wconf 91' lang='lat' dir='ltr'><strong>vero</strong></span> <span class='ocrx_word' id='word_1_756' title='bbox 2874 4788 3153 4844; x_wconf 90' lang='lat' dir='ltr'><strong>inimicum</strong></span> <span class='ocrx_word' id='word_1_757' title='bbox 3198 4795 3477 4863; x_wconf 89' lang='lat' dir='ltr'><strong>quiddam,</strong></span> <span class='ocrx_word' id='word_1_758' title='bbox 3510 4811 3601 4855; x_wconf 89' lang='lat' dir='ltr'><strong>aut</strong></span> 
     </span>
    </p>
   </div>
   <div class='ocr_carea' id='block_1_98' title="bbox 2030 4874 3600 4957">
    <p class='ocr_par' dir='ltr' id='par_1_98' title="bbox 2030 4874 3600 4957">
     <span class='ocr_line' id='line_1_98' title="bbox 2030 4874 3600 4957; baseline 0.011 -27"><span class='ocrx_word' id='word_1_759' title='bbox 2030 4890 2341 4946; x_wconf 80' lang='lat' dir='ltr'><strong>repugnans</strong></span> <span class='ocrx_word' id='word_1_760' title='bbox 2378 4891 2443 4930; x_wconf 93' lang='lat' dir='ltr'><strong>ac</strong></span> <span class='ocrx_word' id='word_1_761' title='bbox 2473 4874 2584 4930; x_wconf 88' lang='lat' dir='ltr'><strong>Deo</strong></span> <span class='ocrx_word' id='word_1_762' title='bbox 2628 4880 2966 4933; x_wconf 90' lang='lat' dir='ltr'><strong>contrarium</strong></span> <span class='ocrx_word' id='word_1_763' title='bbox 3022 4892 3144 4937; x_wconf 83' lang='lat' dir='ltr'><strong>est:</strong></span> <span class='ocrx_word' id='word_1_764' title='bbox 3176 4886 3221 4940; x_wconf 90' lang='lat' dir='ltr'><strong>si</strong></span> <span class='ocrx_word' id='word_1_765' title='bbox 3276 4889 3401 4957; x_wconf 88' lang='lat' dir='ltr'><strong>quid</strong></span> <span class='ocrx_word' id='word_1_766' title='bbox 3454 4894 3600 4947; x_wconf 91' lang='lat' dir='ltr'><strong>enim</strong></span> 
     </span>
    </p>
   </div>
   <div class='ocr_carea' id='block_1_99' title="bbox 340 4967 3600 5048">
    <p class='ocr_par' dir='ltr' id='par_1_99' title="bbox 340 4967 3600 5048">
     <span class='ocr_line' id='line_1_99' title="bbox 340 4967 3600 5048; baseline 0.001 -15"><span class='ocrx_word' id='word_1_767' title='bbox 340 4988 509 5044; x_wconf 88' lang='lat' dir='ltr'><strong>esset,</strong></span> <span class='ocrx_word' id='word_1_768' title='bbox 539 4977 685 5048; x_wconf 87' lang='lat' dir='ltr'><strong>quod</strong></span> <span class='ocrx_word' id='word_1_769' title='bbox 714 4976 824 5031; x_wconf 93' lang='lat' dir='ltr'><strong>Deo</strong></span> <span class='ocrx_word' id='word_1_770' title='bbox 853 4973 1156 5036; x_wconf 90' lang='lat' dir='ltr'><strong>resisteret,</strong></span> <span class='ocrx_word' id='word_1_771' title='bbox 1186 4986 1308 5027; x_wconf 90' lang='lat' dir='ltr'><strong>esse</strong></span> <span class='ocrx_word' id='word_1_772' title='bbox 1354 4971 1579 5025; x_wconf 90' lang='lat' dir='ltr'><strong>omnino</strong></span> <span class='ocrx_word' id='word_1_773' title='bbox 1621 4968 1920 5031; x_wconf 88' lang='lat' dir='ltr'><strong>desineret,</strong></span> <span class='ocrx_word' id='word_1_774' title='bbox 1960 4982 2025 5021; x_wconf 90' lang='lat' dir='ltr'><strong>eo</strong></span> <span class='ocrx_word' id='word_1_775' title='bbox 2056 4967 2203 5038; x_wconf 89' lang='lat' dir='ltr'><strong>quod</strong></span> <span class='ocrx_word' id='word_1_776' title='bbox 2237 4967 2420 5022; x_wconf 90' lang='lat' dir='ltr'><strong>divina</strong></span> <span class='ocrx_word' id='word_1_777' title='bbox 2446 4969 2649 5021; x_wconf 89' lang='lat' dir='ltr'><strong>virtute</strong></span> <span class='ocrx_word' id='word_1_778' title='bbox 2678 4983 2742 5023; x_wconf 91' lang='lat' dir='ltr'><strong>ac</strong></span> <span class='ocrx_word' id='word_1_779' title='bbox 2776 4970 2973 5027; x_wconf 89' lang='lat' dir='ltr'><strong>robore</strong></span> <span class='ocrx_word' id='word_1_780' title='bbox 3040 4976 3219 5032; x_wconf 90' lang='lat' dir='ltr'><strong>omnis</strong></span> <span class='ocrx_word' id='word_1_781' title='bbox 3277 4978 3424 5036; x_wconf 90' lang='lat' dir='ltr'><strong>illius</strong></span> <span class='ocrx_word' id='word_1_782' title='bbox 3467 4998 3600 5038; x_wconf 85' lang='lat' dir='ltr'><strong>con-</strong></span> 
     </span>
    </p>
   </div>
   <div class='ocr_carea' id='block_1_100' title="bbox 341 5059 3428 5134">
    <p class='ocr_par' dir='ltr' id='par_1_100' title="bbox 341 5059 3428 5134">
     <span class='ocr_line' id='line_1_100' title="bbox 341 5059 3428 5134; baseline 0.001 -12"><span class='ocrx_word' id='word_1_783' title='bbox 341 5069 557 5123; x_wconf 86' lang='lat' dir='ltr'><strong>stitutio</strong></span> <span class='ocrx_word' id='word_1_784' title='bbox 600 5067 1009 5121; x_wconf 89' lang='lat' dir='ltr'><strong>dissolveretur.</strong></span> <span class='ocrx_word' id='word_1_785' title='bbox 1042 5062 1256 5133; x_wconf 85' lang='lat' dir='ltr'><strong>Quippe</strong></span> <span class='ocrx_word' id='word_1_786' title='bbox 1287 5061 1439 5117; x_wconf 91' lang='lat' dir='ltr'><strong>solus</strong></span> <span class='ocrx_word' id='word_1_787' title='bbox 1469 5062 1560 5116; x_wconf 92' lang='lat' dir='ltr'><strong>ille</strong></span> <span class='ocrx_word' id='word_1_788' title='bbox 1593 5062 1677 5115; x_wconf 75' lang='lat' dir='ltr'><strong>vel</strong></span> <span class='ocrx_word' id='word_1_789' title='bbox 1706 5075 1770 5115; x_wconf 85' lang='lat' dir='ltr'><strong>ea</strong></span> <span class='ocrx_word' id='word_1_790' title='bbox 1800 5076 1923 5129; x_wconf 66' lang='lat' dir='ltr'><strong>qua:</strong></span> <span class='ocrx_word' id='word_1_791' title='bbox 1964 5069 2092 5115; x_wconf 87' lang='lat' dir='ltr'><strong>sunt</strong></span> <span class='ocrx_word' id='word_1_792' title='bbox 2121 5059 2449 5111; x_wconf 88' lang='lat' dir='ltr'><strong>immortalia</strong></span> <span class='ocrx_word' id='word_1_793' title='bbox 2483 5060 2785 5115; x_wconf 87' lang='lat' dir='ltr'><strong>dissolvere</strong></span> <span class='ocrx_word' id='word_1_794' title='bbox 2814 5070 3011 5132; x_wconf 89' lang='lat' dir='ltr'><strong>potest,</strong></span> <span class='ocrx_word' id='word_1_795' title='bbox 3042 5066 3136 5134; x_wconf 90' lang='lat' dir='ltr'><strong>qui</strong></span> <span class='ocrx_word' id='word_1_796' title='bbox 3164 5069 3428 5125; x_wconf 89' lang='lat' dir='ltr'><strong>condidit.</strong></span> 
     </span>
    </p>
   </div>
   <div class='ocr_carea' id='block_1_101' title="bbox 413 5150 1924 5223">
    <p class='ocr_par' dir='ltr' id='par_1_101' title="bbox 413 5150 1924 5223">
     <span class='ocr_line' id='line_1_101' title="bbox 413 5150 1924 5223; baseline -0.007 -10"><span class='ocrx_word' id='word_1_797' title='bbox 413 5161 543 5214; x_wconf 77' lang='lat' dir='ltr'><strong>KA&#39;.</strong></span> <span class='ocrx_word' id='word_1_798' title='bbox 580 5158 645 5212; x_wconf 87' lang='grc' dir='ltr'><strong>Τί</strong></span> <span class='ocrx_word' id='word_1_799' title='bbox 677 5155 769 5211; x_wconf 78' lang='grc' dir='ltr'><strong>οὖν</strong></span> <span class='ocrx_word' id='word_1_800' title='bbox 801 5160 831 5211; x_wconf 89' lang='lat'><strong>6</strong></span> <span class='ocrx_word' id='word_1_801' title='bbox 857 5157 1101 5220; x_wconf 77' lang='grc' dir='ltr'>διάϐολος</span> <span class='ocrx_word' id='word_1_802' title='bbox 1136 5155 1381 5220; x_wconf 75' lang='grc' dir='ltr'>λέξεται;</span> <span class='ocrx_word' id='word_1_803' title='bbox 1413 5152 1635 5223; x_wconf 81' lang='grc' dir='ltr'>Πνεῦμα</span> <span class='ocrx_word' id='word_1_804' title='bbox 1674 5153 1801 5223; x_wconf 81' lang='grc' dir='ltr'>περὶ</span> <span class='ocrx_word' id='word_1_805' title='bbox 1826 5150 1924 5222; x_wconf 84' lang='grc' dir='ltr'>τὴν</span> 
     </span>
    </p>
   </div>
   <div class='ocr_carea' id='block_1_102' title="bbox 342 5241 1920 5324">
    <p class='ocr_par' dir='ltr' id='par_1_102' title="bbox 342 5241 1920 5324">
     <span class='ocr_line' id='line_1_102' title="bbox 342 5241 1920 5324; baseline -0.009 -18"><span class='ocrx_word' id='word_1_806' title='bbox 342 5251 473 5324; x_wconf 78' lang='grc' dir='ltr'>ὓλην</span> <span class='ocrx_word' id='word_1_807' title='bbox 502 5252 644 5323; x_wconf 76' lang='grc' dir='ltr'>ἔχον,</span> <span class='ocrx_word' id='word_1_808' title='bbox 673 5249 924 5321; x_wconf 87' lang='grc' dir='ltr'>καθάπερ</span> <span class='ocrx_word' id='word_1_809' title='bbox 951 5248 1166 5319; x_wconf 73' lang='grc' dir='ltr'>ἐλέχθη,</span> <span class='ocrx_word' id='word_1_810' title='bbox 1205 5241 1251 5299; x_wconf 80' lang='grc' dir='ltr'><strong>ὦ</strong></span> <span class='ocrx_word' id='word_1_811' title='bbox 1290 5244 1627 5315; x_wconf 86' lang='grc' dir='ltr'>Ἀθηναγόρα</span> <span class='ocrx_word' id='word_1_812' title='bbox 1662 5245 1797 5315; x_wconf 80' lang='lat'><strong>(37),</strong></span> <span class='ocrx_word' id='word_1_813' title='bbox 1825 5260 1920 5312; x_wconf 85' lang='grc' dir='ltr'>γε-</span> 
     </span>
    </p>
   </div>
   <div class='ocr_carea' id='block_1_103' title="bbox 2102 5148 3599 5225">
    <p class='ocr_par' dir='ltr' id='par_1_103' title="bbox 2102 5148 3599 5225">
     <span class='ocr_line' id='line_1_103' title="bbox 2102 5148 3599 5225; baseline 0.016 -26"><span class='ocrx_word' id='word_1_814' title='bbox 2102 5149 2267 5221; x_wconf 62' lang='lat' dir='ltr'><strong>5M</strong></span> <span class='ocrx_word' id='word_1_815' title='bbox 2300 5148 2446 5204; x_wconf 80' lang='lat' dir='ltr'><strong>XXI.</strong></span> <span class='ocrx_word' id='word_1_816' title='bbox 2488 5152 2756 5216; x_wconf 88' lang='lat' dir='ltr'><strong>Quidnam</strong></span> <span class='ocrx_word' id='word_1_817' title='bbox 2791 5154 2958 5225; x_wconf 82' lang='lat' dir='ltr'><strong>igitur</strong></span> <span class='ocrx_word' id='word_1_818' title='bbox 2980 5158 3196 5213; x_wconf 90' lang='lat' dir='ltr'><strong>tandem</strong></span> <span class='ocrx_word' id='word_1_819' title='bbox 3221 5159 3495 5218; x_wconf 89' lang='lat' dir='ltr'><strong>diabolum</strong></span> <span class='ocrx_word' id='word_1_820' title='bbox 3517 5179 3599 5223; x_wconf 74' lang='lat' dir='ltr'><strong>es-</strong></span> 
     </span>
    </p>
   </div>
   <div class='ocr_carea' id='block_1_104' title="bbox 2030 5241 3600 5319">
    <p class='ocr_par' dir='ltr' id='par_1_104' title="bbox 2030 5241 3600 5319">
     <span class='ocr_line' id='line_1_104' title="bbox 2030 5241 3600 5319; baseline 0.008 -21"><span class='ocrx_word' id='word_1_821' title='bbox 2030 5259 2089 5298; x_wconf 88' lang='lat' dir='ltr'><strong>se</strong></span> <span class='ocrx_word' id='word_1_822' title='bbox 2120 5243 2406 5298; x_wconf 84' lang='lat' dir='ltr'><strong>dicemus?</strong></span> <span class='ocrx_word' id='word_1_823' title='bbox 2437 5241 2699 5314; x_wconf 84' lang='lat' dir='ltr'><strong>Spiritum</strong></span> <span class='ocrx_word' id='word_1_824' title='bbox 2730 5245 3000 5315; x_wconf 92' lang='lat' dir='ltr'><strong>videlicet,</strong></span> <span class='ocrx_word' id='word_1_825' title='bbox 3021 5249 3115 5319; x_wconf 91' lang='lat' dir='ltr'><strong>qui</strong></span> <span class='ocrx_word' id='word_1_826' title='bbox 3145 5250 3292 5307; x_wconf 88' lang='lat' dir='ltr'><strong>cirea</strong></span> <span class='ocrx_word' id='word_1_827' title='bbox 3322 5256 3600 5311; x_wconf 87' lang='lat' dir='ltr'><strong>materiam</strong></span> 
     </span>
    </p>
   </div>
   <div class='ocr_carea' id='block_1_105' title="bbox 412 5396 2229 5495">
    <p class='ocr_par' dir='ltr' id='par_1_105' title="bbox 412 5396 2229 5495">
     <span class='ocr_line' id='line_1_105' title="bbox 412 5396 2229 5495; baseline -0.006 -34"><span class='ocrx_word' id='word_1_828' title='bbox 412 5406 589 5495; x_wconf 31' lang='grc' dir='ltr'><strong>’Χίὲον⁸</strong></span> <span class='ocrx_word' id='word_1_829' title='bbox 649 5406 711 5478; x_wconf 90' lang='grc' dir='ltr'><strong>δή</strong></span> <span class='ocrx_word' id='word_1_830' title='bbox 740 5422 813 5458; x_wconf 88' lang='grc' dir='ltr'>τι.</span> <span class='ocrx_word' id='word_1_831' title='bbox 891 5405 913 5435; x_wconf 82' lang='grc'>⁸</span> <span class='ocrx_word' id='word_1_832' title='bbox 950 5403 1079 5474; x_wconf 88' lang='lat' dir='ltr'><strong>Sap.</strong></span> <span class='ocrx_word' id='word_1_833' title='bbox 1107 5419 1148 5469; x_wconf 85' lang='grc' dir='ltr'><strong>ι,</strong></span> <span class='ocrx_word' id='word_1_834' title='bbox 1176 5403 1263 5456; x_wconf 78' lang='grc'><strong>13.</strong></span> <span class='ocrx_word' id='word_1_835' title='bbox 1341 5401 1362 5431; x_wconf 82' lang='grc'>³</span> <span class='ocrx_word' id='word_1_836' title='bbox 1392 5399 1495 5459; x_wconf 83' lang='lat' dir='ltr'><strong>lsa.</strong></span> <span class='ocrx_word' id='word_1_837' title='bbox 1531 5416 1676 5463; x_wconf 67' lang='grc' dir='ltr'>κων,</span> <span class='ocrx_word' id='word_1_838' title='bbox 1709 5398 1763 5452; x_wconf 84' lang='grc'><strong>6.</strong></span> <span class='ocrx_word' id='word_1_839' title='bbox 1835 5396 2109 5463; x_wconf 71' lang='grc' dir='ltr'>⁸]οεη.ν,</span> <span class='ocrx_word' id='word_1_840' title='bbox 2142 5397 2229 5454; x_wconf 81' lang='grc'><strong>19.</strong></span> 
     </span>
    </p>
   </div>
   <div class='ocr_carea' id='block_1_106' title="bbox 413 5551 1923 5630">
    <p class='ocr_par' dir='ltr' id='par_1_106' title="bbox 413 5551 1923 5630">
     <span class='ocr_line' id='line_1_106' title="bbox 413 5551 1923 5630; baseline -0.005 -16"><span class='ocrx_word' id='word_1_841' title='bbox 413 5559 525 5630; x_wconf 78' lang='lat'><strong>(&#39;55)</strong></span> <span class='ocrx_word' id='word_1_842' title='bbox 576 5559 855 5627; x_wconf 81' lang='grc' dir='ltr'>Καθάπερ</span> <span class='ocrx_word' id='word_1_843' title='bbox 903 5558 1002 5630; x_wconf 77' lang='grc' dir='ltr'>καὶ</span> <span class='ocrx_word' id='word_1_844' title='bbox 1049 5560 1087 5625; x_wconf 74' lang='grc' dir='ltr'>ἡ</span> <span class='ocrx_word' id='word_1_845' title='bbox 1143 5556 1330 5630; x_wconf 66' lang='grc' dir='ltr'>Σοφία</span> <span class='ocrx_word' id='word_1_846' title='bbox 1377 5552 1799 5630; x_wconf 49' lang='grc' dir='ltr'><strong>Σαλοέιιῖηνιοςο-⁸</strong></span> <span class='ocrx_word' id='word_1_847' title='bbox 1817 5551 1923 5623; x_wconf 85' lang='lat' dir='ltr'><strong>lgi-</strong></span> 
     </span>
    </p>
   </div>
   <div class='ocr_carea' id='block_1_107' title="bbox 345 5621 1923 5699">
    <p class='ocr_par' dir='ltr' id='par_1_107' title="bbox 345 5621 1923 5699">
     <span class='ocr_line' id='line_1_107' title="bbox 345 5621 1923 5699; baseline -0.004 -16"><span class='ocrx_word' id='word_1_848' title='bbox 345 5621 436 5683; x_wconf 64' lang='grc' dir='ltr'><strong>ιιιιἱ</strong></span> <span class='ocrx_word' id='word_1_849' title='bbox 464 5621 757 5699; x_wconf 69' lang='lat' dir='ltr'><strong>Sapientiae</strong></span> <span class='ocrx_word' id='word_1_850' title='bbox 789 5621 927 5683; x_wconf 74' lang='lat' dir='ltr'><strong>liber</strong></span> <span class='ocrx_word' id='word_1_851' title='bbox 952 5621 1239 5699; x_wconf 73' lang='lat' dir='ltr'><strong>Salomoui</strong></span> <span class='ocrx_word' id='word_1_852' title='bbox 1256 5626 1326 5681; x_wconf 90' lang='lat' dir='ltr'><strong>ab</strong></span> <span class='ocrx_word' id='word_1_853' title='bbox 1353 5621 1740 5695; x_wconf 82' lang='lat' dir='ltr'><strong>antiquissimo</strong></span> <span class='ocrx_word' id='word_1_854' title='bbox 1762 5621 1923 5677; x_wconf 83' lang='lat' dir='ltr'><strong>Patre</strong></span> 
     </span>
    </p>
   </div>
   <div class='ocr_carea' id='block_1_108' title="bbox 346 5695 1189 5754">
    <p class='ocr_par' dir='ltr' id='par_1_108' title="bbox 346 5695 1189 5754">
     <span class='ocr_line' id='line_1_108' title="bbox 346 5695 1189 5754; baseline -0.002 -1"><span class='ocrx_word' id='word_1_855' title='bbox 346 5695 623 5754; x_wconf 77' lang='lat' dir='ltr'><strong>tribuitur.</strong></span> <span class='ocrx_word' id='word_1_856' title='bbox 661 5698 796 5754; x_wconf 84' lang='lat' dir='ltr'><strong>Vide</strong></span> <span class='ocrx_word' id='word_1_857' title='bbox 828 5707 883 5753; x_wconf 90' lang='lat' dir='ltr'><strong>et</strong></span> <span class='ocrx_word' id='word_1_858' title='bbox 912 5715 1067 5752; x_wconf 90' lang='lat' dir='ltr'><strong>num.</strong></span> <span class='ocrx_word' id='word_1_859' title='bbox 1100 5695 1189 5752; x_wconf 77' lang='lat'><strong>56.</strong></span> 
     </span>
    </p>
   </div>
   <div class='ocr_carea' id='block_1_109' title="bbox 340 5764 1921 5839">
    <p class='ocr_par' dir='ltr' id='par_1_109' title="bbox 340 5764 1921 5839">
     <span class='ocr_line' id='line_1_109' title="bbox 340 5764 1921 5839; baseline -0.004 -15"><span class='ocrx_word' id='word_1_860' title='bbox 340 5775 347 5789; x_wconf 88' lang='lat'>&#39;</span> <span class='ocrx_word' id='word_1_861' title='bbox 417 5771 528 5839; x_wconf 80' lang='lat'><strong>(36)</strong></span> <span class='ocrx_word' id='word_1_862' title='bbox 561 5771 715 5824; x_wconf 79' lang='grc' dir='ltr'><strong>Οὐδὲ</strong></span> <span class='ocrx_word' id='word_1_863' title='bbox 744 5770 854 5838; x_wconf 81' lang='grc' dir='ltr'>γὰρ</span> <span class='ocrx_word' id='word_1_864' title='bbox 879 5766 1033 5839; x_wconf 76' lang='grc' dir='ltr'>εἶναι</span> <span class='ocrx_word' id='word_1_865' title='bbox 1064 5766 1129 5839; x_wconf 70' lang='grc' dir='ltr'><strong>τὸ</strong></span> <span class='ocrx_word' id='word_1_866' title='bbox 1158 5768 1445 5839; x_wconf 49' lang='grc' dir='ltr'>σύνολον,</span> <span class='ocrx_word' id='word_1_867' title='bbox 1485 5764 1685 5839; x_wconf 75' lang='lat' dir='ltr'><strong>Parum</strong></span> <span class='ocrx_word' id='word_1_868' title='bbox 1696 5764 1921 5839; x_wconf 71' lang='lat' dir='ltr'><strong>integer</strong></span> 
     </span>
    </p>
   </div>
   <div class='ocr_carea' id='block_1_110' title="bbox 390 5834 1915 5907">
    <p class='ocr_par' dir='ltr' id='par_1_110' title="bbox 390 5834 1915 5907">
     <span class='ocr_line' id='line_1_110' title="bbox 390 5834 1915 5907; baseline -0.003 -14"><span class='ocrx_word' id='word_1_869' title='bbox 390 5834 438 5894; x_wconf 72' lang='lat' dir='ltr'><strong>ie</strong></span> <span class='ocrx_word' id='word_1_870' title='bbox 461 5843 612 5895; x_wconf 78' lang='lat' dir='ltr'><strong>l0t&#39;llS</strong></span> <span class='ocrx_word' id='word_1_871' title='bbox 634 5834 864 5894; x_wconf 79' lang='lat' dir='ltr'><strong>videtur.</strong></span> <span class='ocrx_word' id='word_1_872' title='bbox 892 5838 996 5893; x_wconf 87' lang='lat' dir='ltr'><strong>Sed</strong></span> <span class='ocrx_word' id='word_1_873' title='bbox 1023 5838 1534 5907; x_wconf 71' lang='lat' dir='ltr'><strong>hujusscntentiam</strong></span> <span class='ocrx_word' id='word_1_874' title='bbox 1557 5834 1915 5907; x_wconf 78' lang='lat' dir='ltr'><strong>reddidimus.</strong></span> 
     </span>
    </p>
   </div>
   <div class='ocr_carea' id='block_1_111' title="bbox 418 5904 1921 5979">
    <p class='ocr_par' dir='ltr' id='par_1_111' title="bbox 418 5904 1921 5979">
     <span class='ocr_line' id='line_1_111' title="bbox 418 5904 1921 5979; baseline -0.005 -13"><span class='ocrx_word' id='word_1_875' title='bbox 418 5912 531 5978; x_wconf 77' lang='lat'><strong>(57)</strong></span> <span class='ocrx_word' id='word_1_876' title='bbox 560 5910 837 5979; x_wconf 77' lang='grc' dir='ltr'>Καθάπερ</span> <span class='ocrx_word' id='word_1_877' title='bbox 874 5904 1115 5979; x_wconf 73' lang='grc' dir='ltr'>ἐλέχθη,</span> <span class='ocrx_word' id='word_1_878' title='bbox 1156 5904 1203 5964; x_wconf 80' lang='grc' dir='ltr'><em>ὦ</em></span> <span class='ocrx_word' id='word_1_879' title='bbox 1240 5909 1614 5976; x_wconf 50' lang='grc' dir='ltr'>Ἀθηναγόια.</span> <span class='ocrx_word' id='word_1_880' title='bbox 1659 5905 1921 5975; x_wconf 84' lang='lat' dir='ltr'><strong>Suspicor</strong></span> 
     </span>
    </p>
   </div>
   <div class='ocr_carea' id='block_1_112' title="bbox 2022 5551 3598 5635">
    <p class='ocr_par' dir='ltr' id='par_1_112' title="bbox 2022 5551 3598 5635">
     <span class='ocr_line' id='line_1_112' title="bbox 2022 5551 3598 5635; baseline 0.005 -30"><span class='ocrx_word' id='word_1_881' title='bbox 2022 5551 2354 5635; x_wconf 80' lang='lat' dir='ltr'><strong>Methodium</strong></span> <span class='ocrx_word' id='word_1_882' title='bbox 2372 5554 2679 5635; x_wconf 66' lang='lat' dir='ltr'><strong>scripsisse</strong></span> <span class='ocrx_word' id='word_1_883' title='bbox 2707 5556 2785 5635; x_wconf 70' lang='grc' dir='ltr'>τῷ</span> <span class='ocrx_word' id='word_1_884' title='bbox 2816 5558 3186 5635; x_wconf 34' lang='grc' dir='ltr'>’Ἀθηναγόρᾳη</span> <span class='ocrx_word' id='word_1_885' title='bbox 3250 5563 3331 5620; x_wconf 75' lang='lat' dir='ltr'><strong>Ex</strong></span> <span class='ocrx_word' id='word_1_886' title='bbox 3358 5565 3598 5625; x_wconf 67' lang='lat' dir='ltr'><strong>Athena.</strong></span> 
     </span>
    </p>
   </div>
   <div class='ocr_carea' id='block_1_113' title="bbox 2021 5628 3599 5703">
    <p class='ocr_par' dir='ltr' id='par_1_113' title="bbox 2021 5628 3599 5703">
     <span class='ocr_line' id='line_1_113' title="bbox 2021 5628 3599 5703; baseline 0.013 -29"><span class='ocrx_word' id='word_1_887' title='bbox 2021 5638 2189 5703; x_wconf 50' lang='lat' dir='ltr'><strong>geras,</strong></span> <span class='ocrx_word' id='word_1_888' title='bbox 2230 5628 2433 5703; x_wconf 62' lang='lat' dir='ltr'><strong>inquit,</strong></span> <span class='ocrx_word' id='word_1_889' title='bbox 2479 5629 2755 5703; x_wconf 64' lang='lat' dir='ltr'><strong>sententia</strong></span> <span class='ocrx_word' id='word_1_890' title='bbox 2796 5628 3048 5703; x_wconf 81' lang='lat' dir='ltr'><strong>diabolus</strong></span> <span class='ocrx_word' id='word_1_891' title='bbox 3096 5628 3324 5703; x_wconf 79' lang='lat' dir='ltr'><strong>spiritus</strong></span> <span class='ocrx_word' id='word_1_892' title='bbox 3347 5646 3453 5700; x_wconf 88' lang='lat' dir='ltr'><strong>est,</strong></span> <span class='ocrx_word' id='word_1_893' title='bbox 3494 5651 3599 5697; x_wconf 83' lang='lat' dir='ltr'><strong>etc.</strong></span> 
     </span>
    </p>
   </div>
   <div class='ocr_carea' id='block_1_114' title="bbox 2020 5693 3597 5780">
    <p class='ocr_par' dir='ltr' id='par_1_114' title="bbox 2020 5693 3597 5780">
     <span class='ocr_line' id='line_1_114' title="bbox 2020 5693 3597 5780; baseline 0.013 -36"><span class='ocrx_word' id='word_1_894' title='bbox 2020 5693 2337 5780; x_wconf 59' lang='lat' dir='ltr'><strong>Quodapud</strong></span> <span class='ocrx_word' id='word_1_895' title='bbox 2362 5693 2589 5776; x_wconf 79' lang='lat' dir='ltr'><strong>Paulum</strong></span> <span class='ocrx_word' id='word_1_896' title='bbox 2610 5695 2951 5780; x_wconf 59' lang='lat' dir='ltr'><strong>Leopardurn</strong></span> <span class='ocrx_word' id='word_1_897' title='bbox 3095 5693 3185 5758; x_wconf 64' lang='lat' dir='ltr'><strong>xix</strong></span> <span class='ocrx_word' id='word_1_898' title='bbox 3217 5693 3597 5780; x_wconf 65' lang='lat' dir='ltr'><strong>Emend.,cap.</strong></span> 
     </span>
    </p>
   </div>
   <div class='ocr_carea' id='block_1_115' title="bbox 2020 5762 3580 5844">
    <p class='ocr_par' dir='ltr' id='par_1_115' title="bbox 2020 5762 3580 5844">
     <span class='ocr_line' id='line_1_115' title="bbox 2020 5762 3580 5844; baseline 0.012 -29"><span class='ocrx_word' id='word_1_899' title='bbox 2020 5762 2053 5816; x_wconf 92' lang='lat'><strong>9</strong></span> <span class='ocrx_word' id='word_1_900' title='bbox 2103 5773 2292 5844; x_wconf 61' lang='lat' dir='ltr'><strong>postea</strong></span> <span class='ocrx_word' id='word_1_901' title='bbox 2352 5765 2687 5844; x_wconf 77' lang='lat' dir='ltr'><strong>reperimus;</strong></span> <span class='ocrx_word' id='word_1_902' title='bbox 2722 5762 2831 5836; x_wconf 53' lang='lat' dir='ltr'><strong>&#39;qui</strong></span> <span class='ocrx_word' id='word_1_903' title='bbox 2862 5778 2921 5844; x_wconf 72' lang='lat' dir='ltr'><strong>et</strong></span> <span class='ocrx_word' id='word_1_904' title='bbox 2957 5773 3315 5844; x_wconf 54' lang='lat' dir='ltr'><strong>Athenagora</strong></span> <span class='ocrx_word' id='word_1_905' title='bbox 3342 5794 3405 5829; x_wconf 81' lang='lat' dir='ltr'><strong>ex</strong></span> <span class='ocrx_word' id='word_1_906' title='bbox 3443 5762 3580 5833; x_wconf 45' lang='lat' dir='ltr'><strong>ora}</strong></span> 
     </span>
    </p>
   </div>
   <div class='ocr_carea' id='block_1_116' title="bbox 2016 5832 3596 5915">
    <p class='ocr_par' dir='ltr' id='par_1_116' title="bbox 2016 5832 3596 5915">
     <span class='ocr_line' id='line_1_116' title="bbox 2016 5832 3596 5915; baseline 0.011 -30"><span class='ocrx_word' id='word_1_907' title='bbox 2016 5848 2112 5915; x_wconf 49' lang='lat' dir='ltr'><strong>pro</strong></span> <span class='ocrx_word' id='word_1_908' title='bbox 2136 5832 2335 5915; x_wconf 64' lang='lat' dir='ltr'><strong>Christ.</strong></span> <span class='ocrx_word' id='word_1_909' title='bbox 2368 5832 2849 5915; x_wconf 56' lang='lat' dir='ltr'><strong>verba_cit_at,_q&#39;um</strong></span> <span class='ocrx_word' id='word_1_910' title='bbox 2873 5832 3567 5915; x_wconf 51' lang='lat' dir='ltr'><strong>hlethodiusvdcscripserat</strong></span> <span class='ocrx_word' id='word_1_911' title='bbox 3581 5867 3596 5903; x_wconf 91' lang='lat'><strong>:</strong></span> 
     </span>
    </p>
   </div>
   <div class='ocr_carea' id='block_1_117' title="bbox 2032 5903 3597 5982">
    <p class='ocr_par' dir='ltr' id='par_1_117' title="bbox 2032 5903 3597 5982">
     <span class='ocr_line' id='line_1_117' title="bbox 2032 5903 3597 5982; baseline 0.011 -26"><span class='ocrx_word' id='word_1_912' title='bbox 2032 5903 2306 5958; x_wconf 78' lang='grc' dir='ltr'>Ἐναντίον</span> <span class='ocrx_word' id='word_1_913' title='bbox 2341 5904 2403 5957; x_wconf 89' lang='grc' dir='ltr'><strong>τὸ</strong></span> <span class='ocrx_word' id='word_1_914' title='bbox 2431 5907 2559 5974; x_wconf 78' lang='grc' dir='ltr'>περὶ</span> <span class='ocrx_word' id='word_1_915' title='bbox 2589 5907 2686 5979; x_wconf 81' lang='grc' dir='ltr'>τὴν</span> <span class='ocrx_word' id='word_1_916' title='bbox 2715 5903 2848 5978; x_wconf 80' lang='grc' dir='ltr'>ὓλην</span> <span class='ocrx_word' id='word_1_917' title='bbox 2877 5910 2999 5980; x_wconf 80' lang='grc' dir='ltr'>ἕχον</span> <span class='ocrx_word' id='word_1_918' title='bbox 3040 5915 3275 5982; x_wconf 76' lang='grc' dir='ltr'>πνεῦμα,</span> <span class='ocrx_word' id='word_1_919' title='bbox 3308 5903 3597 5980; x_wconf 71' lang='grc' dir='ltr'>γενόμενον</span> 
     </span>
    </p>
   </div>
  </div>
