4082 6394
348 331 486 387 1165
1006 328 1376 384 ADVERSUS
1415 330 1756 387 HAERESES
1793 329 1922 386 LIB.

2062 328 2222 387 ΤΟΜ.
2268 332 2311 385 1.
2350 362 2419 370 —
2458 323 2733 385 HERES.
2772 330 2955 386 LXIV.
3456 332 3593 388 1106

348 447 684 519 ἐπιστροφὴν
714 446 871 515 δίκην
896 445 1121 515 πληγῶν
1154 444 1351 515 εὑρέθη
1372 462 1384 475 ·
1423 446 1520 515 οὐχ
1543 447 1571 499 6
1604 446 1703 515 τῆς
1739 447 1919 518 ἀμαρ-

2025 454 2270 517 ceptores
2320 446 2590 516 primariae
2640 461 2704 500 ac
2739 447 3021 515 praecipua:
3070 460 3249 499 eausm
3301 455 3447 512 sunt,
3494 463 3593 503 cur

347 543 481 605 τίας,
508 537 554 597 ὦ
578 541 899 609 σοφώτατοι,
924 537 1040 591 ἀλλ’
1066 537 1094 587 ὁ
1118 537 1219 606 τῆς
1244 536 1565 601 διαζεύξεως
1585 538 1683 607 τῆς
1716 539 1915 609 σαρκὸς

346 633 438 684 καὶ
490 630 585 684 τοῦ
635 629 937 701 χωρισμοῦ.
985 627 1340 693 Αὑτεξούσιος
1372 627 1479 701 γάρ
1520 626 1594 681 ὣν
1628 630 1722 683 καὶ
1756 631 1916 682 αὑτο-

345 724 566 794 κράτωρ
586 724 614 775 6
638 723 946 793 ἄνθρωπος,
979 720 1073 773 καὶ
1106 720 1500 774 αὐτοόἐσποτον
1538 720 1792 792 βούλησιν
1824 721 1918 774 καὶ⁹

345 812 799 884 αὐτοπροαίρετον
836 811 973 881 πρὸς
1000 811 1100 883 τὴν
1137 811 1370 881 αἵρεσιν,
1403 811 1479 874 ὡς
1506 811 1663 881 ἔφην,
1685 811 1780 864 τοῦ
1814 829 1916 866 κα-

346 902 438 957 λοῦ
463 904 660 967 λαϐὼν,
691 902 931 967 ἀκούσας
961 920 1022 959 τε
1042 919 1055 935 ο
1108 903 1243 956 Ἀπὸ
1300 904 1526 969 παντὸς
1579 904 1771 968 ξύλου
1808 905 1916 958 τοῦ

346 998 413 1050 ἐν
454 996 535 1063 τῷ
577 995 922 1064 παραδείσῳ
968 993 1264 1065 φάγεσθε·
1300 995 1419 1050 ἀπὸ
1450 994 1519 1048 δὲ
1566 996 1673 1051 τοῦ
1726 996 1917 1059 ξύλου

346 1086 451 1141 τοῦ
493 1086 809 1155 γινώσκειν
848 1086 1037 1139 καλὸν
1080 1085 1182 1139 καὶ
1224 1086 1494 1154 πονηρὸν
1539 1088 1610 1141 οὐ
1656 1086 1920 1156 φάγεσθε

344 1175 446 1229 ἀπ’
480 1175 686 1229 αὑτοῦ.
722 1169 807 1245 τῌ
851 1174 902 1227 δ’
950 1174 1027 1228 ἂν
1065 1173 1254 1243 ἡμέρᾳ
1302 1174 1528 1244 φάγητε
1573 1175 1673 1228 ἀπ’
1708 1175 1915 1241 αὑτοῦ,

344 1264 579 1330 θανάτῳ
614 1263 1014 1319 ἀποθανεῖσθε
1034 1281 1049 1296 ·
1082 1266 1176 1317 ἀπ’
1207 1264 1375 1318 αὐτοῦ
1403 1267 1482 1329 εἰς
1510 1266 1570 1318 τὸ
1594 1268 1807 1334 φαγεῖν,
1839 1264 1919 1336 τῷ

344 1356 572 1427 διαϐόλῳ
592 1356 648 1409 δὲ
669 1356 1081 1428 δελεασαμένηὴ
1113 1357 1274 1426 σοφία
1293 1356 1550 1420 ποικίλως
1573 1357 1708 1428 πρὸς
1731 1358 1744 1388 ¹
1778 1375 1919 1427 παρ-

346 1446 516 1517 ακοὴν
566 1444 804 1501 πείσοντι
828 1484 844 1510 ,
894 1446 1127 1517 ἡθέτησε
1166 1447 1265 1517 τὴν
1320 1447 1540 1519 ἐντολὴν
1592 1448 1685 1501 τοῦ
1740 1448 1876 1502 Θεοῦ
1900 1464 1914 1478 ⁸

347 1538 443 1588 καὶ
477 1535 693 1606 ἐγένετο
721 1536 880 1591 τοῦτο
920 1538 1069 1609 αὐτῷ
1098 1540 1180 1602 είς
1223 1538 1538 1597 σκάνδαλον.
1570 1541 1665 1592 καὶ
1698 1542 1775 1604 εἰς
1811 1558 1919 1594 πα-

347 1628 495 1698 γίδα,
520 1629 615 1682 καὶ
635 1630 715 1692 εἰς
745 1628 973 1683 σκῶλον.
997 1629 1072 1681 Οὐ
1104 1628 1213 1700 γὰρ
1240 1628 1494 1699 ἐποίησεν
1517 1629 1545 1680 6
1572 1628 1704 1692 Θεὸς
1728 1629 1917 1693 κακὸν,

346 1720 470 1773 οὐδέ
522 1720 639 1773 ἐστι
682 1719 744 1772 τὸ
791 1719 1011 1773 σύνολον
1046 1718 1184 1783 ὅλως
1220 1720 1285 1772 ὲκ
1330 1720 1531 1781 παντὸς
1565 1719 1625 1772 τὸ
1659 1721 1920 1790 παράπαν

2025 538 2180 607 pueri
2213 539 2398 592 dolore
2427 540 2704 609 plagarum
2728 538 3048 593 alliciantur.
3085 538 3231 593 Bona
3256 540 3418 609 igitur
3443 555 3594 597 mors

2023 634 2129 690 est,
2178 643 2302 681 eum
2360 628 2639 697 plagarum
2696 628 2870 683 instar
2916 627 2982 682 ad
3017 629 3348 683 coercendos
3396 644 3591 698 pueros

2024 728 2240 789 reperta
2274 718 2365 775 sit.
2413 718 2529 773 Non
2587 729 2929 789 peccatorum
2963 720 3086 774 dico
3133 729 3385 782 mortem,
3436 734 3469 775 0
3502 735 3593 775 sa-

2024 812 2347 882 pientissimi
2380 811 2649 877 homines,
2682 812 2776 867 sed
2806 826 2924 868 eam
2950 827 3055 882 qua
3088 813 3302 869 animus
3328 828 3358 867 a
3397 828 3596 882 corpo-

2024 907 2101 962 ris
2164 908 2446 961 consortio
2491 914 2795 977 separatur.
2856 905 2988 959 Nam
3042 922 3164 962 cum
3213 907 3345 962 liber
3392 921 3456 962 ac
3506 906 3593 963 sui

2018 998 2162 1067 juris
2206 1006 2352 1053 esset
2384 998 2550 1054 homo
2577 999 2777 1063 factus,
2813 1006 2867 1054 et
2898 999 2963 1053 ad
2994 999 3221 1055 honesta
3260 1000 3593 1071 capessenda

2022 1091 2106 1142 sui
2151 1090 2323 1159 ipsius
2369 1089 2582 1145 arbitrii
2618 1090 2945 1160 consiliique
2983 1090 3316 1146 voluntatem
3351 1092 3594 1162 accepis-

2022 1196 2125 1248 set,
2158 1199 2222 1238 ac
2262 1184 2575 1238 mandatum
2614 1184 2756 1239 istud
2796 1184 3101 1240 audiisset:
3133 1183 3207 1238 De
3265 1182 3405 1237 omni
3455 1185 3594 1256 ligno

2020 1275 2258 1344 paradisi
2284 1274 2593 1337 comedetis;
2624 1276 2687 1328 de
2710 1274 2853 1345 tigno
2885 1284 3060 1329 autem
3095 1276 3329 1329 scientiae
3351 1274 3472 1329 boni
3501 1285 3591 1329 aut

2023 1365 2153 1418 mali
2181 1380 2285 1417 non
2312 1363 2607 1418 comedetis.
2646 1363 2963 1433 Quacunque
2990 1373 3163 1417 autem
3194 1364 3281 1417 die
3314 1363 3596 1417 eomedetio

2023 1456 2087 1510 de
2114 1455 2231 1518 illa,
2274 1468 2438 1509 morte
2479 1455 2780 1509 moriemini
2814 1453 2858 1520 ³,
2906 1469 3002 1524 per
3034 1468 3155 1509 sese
3195 1455 3260 1508 ad
3303 1453 3561 1509 comedet.

2023 1548 2152 1604 dum
2190 1548 2466 1613 inductus,
2507 1562 2572 1602 ac
2620 1546 2823 1602 diaboli
2863 1547 3183 1609 calliditate,
3236 1545 3330 1616 qui
3379 1546 3444 1601 ad
3477 1548 3586 1600 τίοι

2024 1639 2248 1694 landum
2308 1637 2593 1707 imperium
2643 1639 2812 1694 variis
2863 1638 3039 1694 modis
3100 1637 3395 1703 incitabat,
3444 1639 3600 1693 velut:

2027 1731 2324 1794 inescatus,
2386 1730 2477 1786 Dei
2509 1737 2834 1801 praeceptum
2870 1740 3243 1801 transgressus
3281 1740 3402 1786 est:
3434 1730 3601 1801 idque

345 1810 518 1875 αἴτιος
551 1809 747 1864 κακοῦ.
785 1809 948 1863 Ἀλλά
982 1811 1090 1863 πᾶν
1125 1810 1262 1880 ὅπερ
1290 1808 1357 1863 ἂν
1382 1808 1724 1874 αὐτεξούσιον
1750 1809 1922 1875 οὕτως

2025 1822 2202 1891 ipsum
2248 1822 2492 1877 scandali
2521 1824 2717 1888 instar,
2741 1830 2795 1877 et
2826 1823 3029 1892 laquei,
3066 1830 3119 1875 et
3157 1818 3474 1879 olibnsionis
3500 1839 3596 1878 ex-

344 1899 439 1955 ὖπ⁹
473 1899 639 1954 αὑτοῦ
675 1900 918 1969 γεγονὸς,
953 1899 986 1970 ἢ
1027 1900 1164 1971 πρὸς
1200 1900 1260 1953 τὸ
1294 1899 1651 1969 φυλάξασθαι,
1694 1901 1788 1955 καὶ
1822 1919 1915 1972 τη-

347 1992 511 2065 ρῆσαι
545 1993 730 2064 νόμον,
752 1993 811 2046 ὃν
836 1994 997 2058 αὐτὸς
1021 1994 1245 2057 δικαίως
1270 1993 1619 2055 διεστείλατο,
1652 1993 1726 2064 μὴ
1748 2011 1813 2063 τη
1824 1995 1920 2064 ρῆ-

344 2101 444 2137 σαν
498 2083 716 2154 λέγεται
766 2084 953 2138 κακόν.
1021 2085 1307 2157 Βαρυτάτη
1344 2085 1401 2138 δὲ
1444 2085 1613 2156 βλάϐη
1672 2085 1733 2138 τὸ
1777 2103 1919 2156 παρ-

344 2174 579 2229 ακοῦσαι
611 2176 746 2229 Θεοῦ
774 2178 901 2240 τοὺς
934 2177 1092 2248 ὅρους
1140 2178 1239 2247 τῆς
1281 2178 1422 2231 κατὰ
1468 2177 1529 2229 τὸ
1576 2177 1918 2241 αὐτεξούσιον

344 2266 447 2320 ὑπε
458 2268 661 2339 ρϐάντα
686 2267 1052 2339 δικαιοσύνης.
1079 2268 1261 2330 Ὀθεν,
1292 2268 1476 2340 ἐπειδὴ
1498 2269 1918 2342 κατερρυπώθη,

344 2358 441 2411 καὶ
490 2360 861 2431 κατεμιάνθη,
912 2360 1009 2431 τῆς
1081 2359 1408 2429 ἀποφάσεως
1462 2361 1844 2433 άποστατήσας
1890 2365 1919 2417 6

343 2449 633 2522 ἄνθρωπος
654 2451 748 2504 τοῦ
774 2451 932 2514 Θεοῦ,
960 2451 1054 2505 καὶ
1080 2451 1298 2522 κηλίδας
1325 2451 1702 2522 ὲναπεμάξατο
1722 2454 1920 2516 κακίας

346 2543 570 2609 πολλάς,
604 2544 669 2607 ἃς
690 2546 718 2596 ὁ
746 2545 927 2615 ἄρχων
957 2536 1112 2607 οὗτος
1144 2545 1450 2614 ἁπεκύησε,
1482 2544 1576 2597 καὶ
1612 2546 1792 2615 πατὴρ
1823 2546 1919 2614 τῆς

345 2633 576 2704 πλάνης,
615 2636 826 2697 πόνον,
854 2632 995 2687 κατὰ
1032 2633 1131 2703 τὴν
1172 2632 1417 2703 Γραφὴν,
1450 2632 1806 2698 συλλαϐὼν,
1834 2634 1921 2687 ἵνα

344 2724 436 2776 τὸν
468 2725 757 2794 ἄνθρωπον
797 2724 935 2794 πρὸς
974 2722 1187 2777 ἀδικίαν
1226 2723 1314 2777 ἀεὶ
1361 2723 1653 2793 φαντάζειν
1676 2725 1784 2796 ἔχῃ
1827 2725 1920 2778 καὶ

344 2818 536 2878 κινεῖν,
580 2817 609 2868 6
652 2814 785 2878 Θεὸς
825 2818 854 2868 6
900 2814 1294 2886 παντοκράτωρ
1340 2814 1608 2867 ἀθάνατον
1652 2816 1820 2868 κακὸν
1863 2816 1922 2881 ἐξ

344 2907 638 2977 ἐπιϐουλῆς
675 2906 797 2960 ἰδὼν
824 2906 1218 2977 γεγενημένον,
1255 2906 1504 2979 καθάπερ
1538 2907 1632 2958 καὶ
1678 2908 1708 2959 6
1739 2906 1920 2960 διάϐο-

343 2996 434 3061 λος
484 2999 683 3062 πλάνος
720 2995 809 3070 ἦν,
840 3001 965 3062 τοὺς
999 2998 1622 3070 δερματίνουςιχιτῶνας
1648 2998 1735 3053 διὰ
1761 2998 1923 3053 τοῦτο

345 3090 776 3151 κατεσκεύασεν,
821 3089 985 3143 οἱονεὶ
1032 3090 1335 3161 νεκρότητα
1381 3090 1689 3161 περιϐαλὼν
1727 3091 1917 3144 αὐτόν’

2019 1912 2199 1977 stitit;
2235 1912 2434 1966 malum
2471 1914 2617 1967 enim
2655 1911 2799 1966 Deus
2832 1927 2937 1966 non
2977 1910 3124 1973 fecit,
3158 1926 3260 1966 nec
3292 1911 3403 1966 ullo
3434 1911 3595 1968 modo

2019 2015 2209 2058 auctor
2240 2004 2386 2059 illius
2417 2011 2521 2058 est.
2558 2003 2663 2058 Sed
2697 2003 2959 2072 quidquid
2981 2003 3191 2057 arbitrii
3224 2002 3308 2059 sui
3331 2012 3598 2073 potestate

2021 2098 2307 2167 praeditum
2341 2097 2408 2151 ab
2435 2112 2501 2152 eo
2530 2096 2733 2151 factum
2761 2107 2867 2160 est,
2910 2106 2969 2150 ut
2999 2110 3160 2166 quam
3196 2097 3366 2165 legem
3402 2097 3597 2168 justis-

2020 2188 2160 2242 sime
2193 2186 2592 2257 praescripserit
2619 2187 2913 2241 observare
2956 2187 3149 2256 possit,
3187 2187 3291 2242 nisi
3330 2202 3449 2242 eam
3483 2204 3598 2243 ser-

2019 2279 2248 2343 vaverit,
2277 2278 2480 2332 malum
2519 2278 2840 2349 appellatur.
2876 2277 2967 2331 Est
2996 2285 3177 2330 autem
3212 2279 3597 2348 gravissimum

2020 2370 2123 2425 hoc
2152 2370 2412 2424 damnum
2452 2369 2745 2440 inprimis,
2782 2369 2870 2424 Dei
2903 2370 3154 2423 mandata
3190 2370 3461 2441 negligere
3484 2411 3497 2433 ,
3535 2385 3598 2423 ac

2015 2463 2262 2532 justitiie,
2316 2478 2438 2532 quae
2488 2461 2746 2530 adjuncta
2788 2461 3022 2515 libertati
3076 2471 3181 2524 est,
3219 2462 3418 2516 limites
3461 2473 3598 2532 prte-

2022 2556 2206 2609 terire.
2254 2553 2408 2609 Unde
2439 2563 2790 2624 posteaquam
2825 2568 2854 2606 a
2904 2552 2992 2607 Dei
3024 2554 3294 2607 sententia
3342 2551 3598 2607 deficiens

2024 2645 2187 2699 homo
2216 2644 2535 2714 inquinatus
2565 2653 2673 2707 est,
2703 2659 2765 2697 ac
2800 2642 2981 2698 delicti
3017 2643 3270 2698 sordibus
3311 2642 3599 2709 obsolevit,

2019 2735 2247 2804 vitiique
2291 2735 2721 2803 quamplurimas
2753 2733 3022 2801 expressit
3064 2734 3117 2785 in
3166 2746 3287 2786 sese
3331 2731 3599 2793 maculas,

2022 2838 2159 2892 quas
2214 2823 2465 2891 princeps
2501 2821 2588 2875 ille
2618 2831 2671 2875 et
2698 2821 2904 2876 erroris
2945 2834 3144 2890 parens
3188 2820 3477 2883 indiderat,
3506 2821 3603 2889 qui

2024 2914 2276 2977 laborem,
2311 2923 2363 2967 ut
2416 2914 2698 2984 Scriptura
2743 2913 2980 2983 loquitur
3007 2913 3028 2944 ’⁵
3055 2953 3069 2974 ,
3118 2913 3385 2981 conrepit;
3418 2921 3475 2965 ut
3507 2912 3601 2965 ho-

2026 3004 2223 3058 minem
2274 3003 2341 3057 ad
2389 3002 2792 3072 improbitatem
2837 3012 3098 3073 perpetuo
3153 3001 3436 3057 fraudibus
3485 3001 3603 3055 suis

2025 3096 2243 3149 trahere
2286 3110 2351 3150 ac
2402 3094 2798 3150 circumvenire
2843 3101 3042 3164 qui'at;
3087 3093 3430 3163 omnipotens
3459 3092 3605 3147 Deus

344 3182 493 3245 ὅπως
522 3181 609 3235 διὰ
640 3182 737 3253 τῆς
774 3180 981 3244 λύσεως
1017 3180 1111 3234 τοῦ
1140 3180 1387 3252 σώματος
1425 3184 1532 3235 πᾶν
1586 3181 1647 3235 τὺ
1682 3183 1739 3235 ὲν
1778 3181 1922 3254 αὐτῷ

2031 3195 2293 3241 :eternum
2330 3187 2480 3240 illum
2511 3186 2772 3241 daemonis
2798 3184 3083 3240 fraudibus
3127 3186 3329 3238 malum
3371 3199 3492 3240 esse
3523 3185 3600 3237 fa-

344 3271 605 3342 γεννηθὲν
632 3271 801 3325 κακὸν
824 3271 1090 3345 ἀποθάνῃ.

2030 3286 2177 3332 ctum
2223 3278 2437 3343 videns,
2486 3286 2545 3331 ut
2592 3288 2644 3332 et
2689 3279 2957 3347 impostor
2998 3276 3250 3331 diabolus
3294 3283 3431 3340 erat,
3477 3290 3598 3346 pro-

345 3378 530 3438 pterea
586 3367 843 3436 pelliceas
882 3375 932 3421 et
961 3367 1083 3422 illas
1122 3366 1338 3422 tunicas
1383 3365 1511 3421 fecit
1540 3366 1585 3433 ',
1618 3383 1728 3439 quo
1770 3368 1922 3424 illum
1958 3374 2103 3428 velut
2143 3383 2318 3429 morte
2360 3374 2597 3443 quadam
2633 3372 2901 3438 indueret,
2936 3382 2995 3426 ut
3046 3385 3109 3428 ea
3166 3372 3418 3442 corporis
3482 3369 3602 3426 dis-

346 3458 617 3514 solutione
674 3456 938 3531 quidquid
988 3458 1044 3513 in
1089 3473 1157 3512 eo
1204 3459 1332 3514 mali
1382 3457 1707 3529 productum
1758 3458 1936 3514 fuerat
1970 3463 2443 3521 intermoreretur.

416 3548 543 3605 KI".
586 3550 969 3621 Προηπόρηται
1017 3548 1075 3603 δὲ
1128 3549 1268 3620 ἥδη,
1313 3550 1409 3603 καὶ
1452 3550 1740 3622 ἀπεδείχθη
1806 3553 1930 3615 τοὺς

343 3641 697 3713 δερματίνους
760 3642 989 3712 χιτῶνας
1050 3638 1126 3711 μὴ
1174 3636 1314 3694 εἶναι
1343 3641 1411 3695 τὰ
1454 3639 1703 3711 σώματα.
1743 3641 1934 3711 Ὅμως

343 3732 403 3788 δὲ
432 3731 527 3788 καὶ
556 3733 718 3787 πάλιν
745 3732 824 3804 (οὑ
846 3736 955 3803 γὰρ
985 3731 1131 3796 ἅπαξ
1159 3731 1380 3803 ῥητέον)
1414 3729 1728 3803 φράζωμεν.
1758 3731 1931 3794 Αὐτὸς

346 3827 455 3895 πρὸ
474 3824 576 3895 τῆς
600 3805 945 3893 κατασκευῆς
974 3823 1152 3876 αὐτῶν
1181 3824 1209 3875 6
1238 3823 1659 3894 πρωτόπλαστος
1679 3824 1931 3893 ὁμολογεῖ

348 3916 444 3969 καὶ
476 3917 610 3970 ὀστᾶ
646 3915 789 3985 ἔχειν
818 3916 911 3969 καὶ
957 3913 1188 3986 σάρκας,
1222 3914 1387 3967 ὁπότε
1431 3914 1516 3983 δὴ,
1567 3915 1665 3985 τὴν
1695 3917 1929 3987 γευναῖκα

350 4002 501 4077 αὐτῷ
524 4005 927 4079 προσαχθεῖσαν
955 4005 1312 4075 θεασάμενος,
1342 4005 1521 4058 Τοῦτο
1543 4005 1660 4058 νῦν
1682 4005 1930 4069 ὀστοῦν,

349 4098 653 4168 ἐφώνησεν,
681 4098 750 4151 ἐκ
794 4098 913 4151 τῶν
960 4096 1159 4150 ὀστῶν
1198 4114 1338 4166 μου,
1386 4096 1485 4148 καὶ
1521 4096 1676 4164 σὰρξ
1715 4097 1785 4149 ἐκ
1822 4095 1934 4165 τῆς

349 4188 577 4256 σαρκός
599 4205 741 4257 μου.
780 4186 942 4254 Αὕτη
976 4184 1351 4254 κληθήσεται
1388 4184 1543 4256 γυνὴ
1563 4227 1578 4251 ,
1614 4186 1702 4239 ὅτι
1728 4186 1798 4240 ἐκ
1826 4186 1934 4241 τοῦ

347 4278 572 4349 ἀνδρὸς
602 4277 794 4347 αὐτῆς
830 4277 1088 4346 ἐλήφθη.
1117 4278 1368 4330 Ἕνεκεν
1409 4278 1624 4331 τούτου
1658 4278 1935 4332 καταλεί-

348 4376 452 4441 ψει
478 4370 790 4440 ἅνθρωπος
818 4370 924 4423 τὸν
948 4368 1175 4436 πατέρα
1197 4368 1383 4423 αὑτοῦ
1409 4368 1509 4421 καὶ
1540 4368 1654 4437 τὴν
1674 4368 1923 4438 μητέρα,

349 4462 450 4518 καί
507 4458 1123 4531 προσκολληθήσεται
1168 4458 1244 4528 τῇ
1289 4460 1527 4530 γυναικὶ
1571 4460 1795 4515 αὐτοῦ·
1830 4460 1928 4514 καὶ

346 4555 590 4610 ἔσονται
618 4557 673 4609 οἱ
700 4552 812 4607 δύο
840 4555 927 4620 εἰς
956 4550 1155 4620 σάρκα
1176 4554 1346 4623 μίαν.
1382 4553 1458 4605 Οὐ
1499 4551 1708 4622 xamen
1735 4550 1926 4616 ἀνέξο-

353 4665 451 4718 μαι
501 4644 921 4718 φληναφούντων
971 4644 1157 4706 τινῶν,
1190 4643 1283 4696 καὶ
1335 4642 1667 4714 βιαζομένων
1708 4642 1924 4713 ἀπηρυ-

350 4738 693 4810 θριασμένως
720 4736 819 4808 τὴν
850 4736 1093 4807 Γραφὴν,
1142 4737 1228 4788 ἵνα
1271 4735 1453 4798 αὐτοῖς
1501 4734 1566 4803 δὴ
1608 4732 1810 4803 σαρκὸς
1846 4732 1922 4803 μὴ

349 4827 487 4886 εἶναι
516 4828 866 4903 προχώρησις
884 4829 904 4858 ²
931 4828 1296 4899 ήάνάστασις,
1320 4826 1455 4880 ὀστᾶ
1475 4824 1641 4895 νοητὰ
1663 4824 1757 4878 καὶ
1789 4825 1922 4895 σάρ-

350 4938 452 4984 κας
489 4920 686 4991 νοητὰς
726 4919 1135 4989 ὑποτιθεμένων
1158 4959 1173 4985 ,
1210 4918 1305 4971 καὶ
1356 4918 1544 4974 ἄλλοτε
1590 4917 1765 4979 άλλως
1816 4917 1930 4971 ἄνω

348 5013 446 5066 καὶ
478 5013 629 5066 κάτω
672 5010 1156 5082 μεταϐαλλομένων
1197 5010 1565 5082 ἀλληγορίαις.
1606 5009 1719 5062 Καὶ
1753 5007 1929 5061 ταῦτα

345 5104 511 5165 οὓτω,
546 5101 622 5164 ὼς
651 5102 983 5172 γέγραπται,
1017 5100 1541 5172 παραλαμϐάνεσθαι
1568 5098 1929 5172 κρατύνοντος

349 5193 443 5248 τοῦ
475 5193 715 5263 Χριστοῦ
761 5194 860 5262 τὴν
907 5192 1150 5265 Γραῳὴν,
1189 5192 1317 5245 ἔνθα
1360 5192 1781 5262 πυνθανομένοις
1816 5194 1930 5255 τοῖς

352 5285 668 5354 Φαρισαίοις
696 5285 824 5354 περὶ
855 5282 1135 5355 χωρισμοῦ
1163 5282 1420 5350 γυναικὸς
1447 5281 1826 5353 ἀποκρίνεται,
1847 5281 1929 5334 ὅτι

362 5378 488 5430 Ἀπ’
510 5375 703 5445 ἀρχῆς
725 5378 757 5428 ό
782 5375 1018 5438 κτίσας,
1048 5374 1237 5441 ἄρσεν
1255 5372 1351 5425 καὶ
1371 5370 1526 5437 θῆλυ
1542 5371 1811 5437 ἐποίησε,
1831 5370 1929 5424 καί

348 5466 549 5522 εἷπεντ
582 5468 834 5521 Ἕνεκεν
860 5467 1074 5520 τούτου
1103 5466 1453 5533 καταλείψει
1482 5463 1791 5531 ἅνθρωπος
1820 5464 1929 5517 τὸν

350 5561 579 5630 πατέρα
606 5560 705 5616 καὶ
726 5561 842 5628 τὴν
870 5560 1115 5629 μητέρα,
1143 5560 1237 5614 καὶ
1262 5559 1329 5613 τά
1356 5560 1502 5629 ἑξῆς.
1542 5558 1666 5622 Πῶς
1694 5559 1804 5630 γὰρ
1834 5558 1927 5611 ἐπὶ

2102 3554 2266 3627 546
2301 3553 2495 3611 XXII].
2550 3554 2686 3609 Illud
2732 3570 2862 3610 vero
2909 3556 3019 3625 jam
3069 3562 3227 3608 antea
3266 3553 3601 3623 disputatum

2033 3652 2147 3707 est,
2209 3653 2681 3714 monstratumque
2731 3643 3219 3714 pelliceastuuicas
3287 3642 3434 3696 aliud
3479 3658 3602 3696 esse

2033 3744 2230 3806 praeter
2260 3751 2510 3799 corpora.
2555 3733 2661 3788 Sed
2703 3734 3059 3788 nihilominus
3091 3732 3232 3786 idem
3282 3746 3474 3785 rursus
3500 3731 3596 3800 (di-

2029 3827 2261 3882 cendum
2290 3827 2435 3881 enim
2470 3825 2670 3893 saepius
2697 3825 2802 3893 est)
2838 3823 2943 3877 hoc
2972 3823 3094 3876 loco
3126 3827 3454 3890 repetamus.
3486 3818 3604 3874 Pri-

2029 3934 2152 3973 mus
2185 3920 2350 3987 igitur
2386 3917 2503 3987 ipse
2541 3931 2761 3986 parens,
2802 3923 3092 3982 antequam
3128 3928 3205 3967 eae
3236 3914 3434 3966 tunica:
3476 3926 3603 3965 con-

2030 4020 2343 4073 suerentur,
2392 4023 2519 4064 ossa
2572 4023 2632 4062 se
2673 4017 2728 4060 et
2785 4020 3004 4060 carnem
3057 4004 3257 4057 habere
3296 4001 3604 4065 conﬁtetur,

2030 4117 2153 4155 cum
2188 4101 2445 4154 nimirum
2488 4098 2805 4167 perductam
2856 4096 2922 4149 ad
2972 4110 3097 4149 sese
3146 4094 3426 4147 mulierem
3477 4106 3605 4145 con-

2031 4191 2320 4261 templatus
2350 4228 2366 4250 ,
2400 4187 2514 4241 Hoc
2548 4204 2684 4241 nunc
2714 4204 2792 4252 os,
2824 4186 3023 4255 inquit,
3054 4199 3118 4238 ea;
3147 4183 3351 4237 ossibus
3375 4184 3526 4247 meis,
3559 4192 3606 4236 et

2032 4298 2157 4335 caro
2185 4283 2248 4335 de
2280 4295 2439 4333 carne
2466 4295 2601 4333 mea.
2637 4277 2766 4331 Haec
2813 4276 3086 4331 vocabitur
3118 4276 3324 4340 mulier,
3358 4275 3606 4344 quoniam

2033 4375 2099 4430 de
2126 4376 2237 4429 viro
2265 4385 2475 4443 sumpta
2517 4383 2617 4427 est.
2658 4370 2879 4439 Propter
2908 4369 3003 4422 hoc
3040 4368 3293 4437 relinquet
3327 4369 3479 4420 homo
3509 4384 3607 4436 pa-

2037 4476 2168 4521 trem
2206 4477 2254 4521 et
2288 4478 2513 4520 matrem
2559 4480 2733 4529 suam,
2768 4472 2816 4517 et
2864 4461 3151 4516 adhaerebit
3205 4461 3359 4514 uxori
3394 4476 3525 4519 ww,
3559 4469 3609 4512 et

2033 4570 2185 4614 erunt
2226 4558 2330 4612 duo
2379 4560 2433 4613 in
2476 4573 2687 4611 carnem
2736 4571 2896 4610 unam
2931 4555 2974 4609 °.
3024 4551 3209 4622 Neque
3256 4554 3399 4606 enim
3430 4560 3607 4605 certos

2038 4650 2289 4704 homines
2335 4649 2476 4703 ferre
2504 4664 2751 4718 possmn,
2800 4646 2895 4717 qui
2929 4644 3183 4699 consulto
3218 4652 3492 4711 nugantur
3543 4656 3609 4695 ac

2030 4738 2339 4808 Scripturas
2388 4738 2860 4808 impudentissime
2900 4735 3248 4804 detorquent,
3290 4748 3399 4802 quo
3428 4747 3588 4787 suum

2017 4831 2161 4885 illud
2213 4831 2280 4885 de
2336 4830 2572 4884 tollenda
2620 4828 3024 4883 resurrectione
3057 4827 3254 4895 dogma
3306 4824 3602 4894 procedat;

2025 4921 2118 4991 qui
2164 4921 2286 4975 ideo
2320 4929 2375 4976 et
2424 4936 2553 4976 ossa
2594 4918 2842 4991 quaedam
2887 4916 3270 4985 intelligibilia,
3308 4922 3363 4969 et
3405 4928 3599 4968 carnes

2030 5013 2281 5068 similiter
2321 5012 2694 5082 intelligibiles
2740 5008 3035 5065 commenti
3079 5019 3228 5071 sunt,
3272 5021 3337 5061 ac
3366 5006 3481 5061 suis
3524 5005 3605 5058 al-

2028 5105 2248 5175 legoriis
2283 5106 2419 5161 alias
2461 5105 2620 5159 aliter
2666 5119 2885 5158 sursum
2918 5104 3285 5168 deorsumque
3322 5112 3441 5152 sese
3473 5110 3603 5150 con-

2027 5206 2264 5250 vertunt.
2300 5196 2461 5267 Atqui
2492 5196 2607 5250 haec
2652 5192 2877 5264 perinde
2922 5207 2988 5246 ac
3032 5192 3237 5260 scripta
3276 5194 3424 5249 sunt,
3457 5185 3600 5240 acci-

2028 5288 2223 5358 pienda
2259 5303 2381 5343 esse
2425 5286 2631 5342 Christi
2682 5286 2972 5341 conﬁrmat
3014 5282 3332 5343 auctoritas,
3375 5278 3465 5333 ubi
3518 5278 3593 5331 in-

2028 5380 2433 5449 terrogantibus
2466 5378 2758 5434 Phariswis
2786 5377 2855 5432 de
2884 5376 3073 5431 uxoris
3094 5374 3350 5437 divortio,
3373 5386 3600 5439 respon—

2025 5470 2119 5525 det
2151 5472 2170 5502 "
2204 5489 2217 5526 :
2251 5472 2330 5525 Ab
2368 5473 2522 5527 initio
2561 5472 2652 5542 qui
2690 5471 2886 5525 creavit
2929 5468 3224 5522 masculum
3253 5475 3300 5520 et
3350 5465 3599 5534 feminam

2027 5559 2181 5629 fecit,
2227 5573 2275 5616 et
2309 5562 2445 5616 dixit
2472 5580 2490 5617 :
2526 5562 2748 5631 Propter
2781 5561 2877 5615 hoc
2917 5561 3169 5630 relinquet
3202 5558 3356 5612 homo
3401 5565 3599 5623 patrem

412 5678 428 5708 ¹
449 5679 753 5747 Corruptus
784 5675 872 5729 hic
900 5675 1084 5747 locus._
1147 5678 1168 5706 '
1194 5675 1323 5732 Cor.
1352 5675 1707 5747 προχωρήσῃ.
1773 5675 1794 5707 ³
1819 5674 1922 5731 Gen

2025 5712 2038 5741 ,
2070 5677 2156 5746 16,
2187 5679 2267 5734 17.
2345 5679 2367 5712 ⁵
2398 5679 2541 5736 Psal.
2578 5695 2675 5745 vn,
2707 5679 2794 5735 15.
2861 5678 3037 5735 l’Gen.
3068 5694 3148 5743 ιιι,
3172 5676 3262 5733 21.
3323 5675 3344 5707 ⁵
3373 5673 3509 5731 Gen.
3541 5687 3580 5728 ιι

349 5744 441 5810 25,
468 5748 557 5803 24.
630 5744 654 5779 “⁷
690 5746 878 5803 Matth.
915 5761 1029 5812 nx,
1060 5745 1114 5801 ι.
