4082 6394
423 241 558 300 1107
1800 240 1861 297 S.
1899 241 2020 299 ΕΡΙ]

2124 242 2241 299 lNll
3553 235 3573 290 l
3593 237 3615 287 I
3633 234 3742 289 08

422 365 469 412 et
508 362 753 418 matrem,
804 362 911 412 etc.
946 356 1162 428 Alioqui
1213 359 1489 429 quomodo
1533 359 1602 416 de
1641 360 1839 418 animis
1869 363 2004 419 solis

2124 364 2299 435 μυχῶν
2334 364 2495 434 μόνον
2538 361 2622 427 τὸ,
2658 359 3031 425 Λὺεάνεσθε,
3063 355 3163 411 καί
3191 354 3550 422 πληριὶπατε
3577 352 3741 419 τὴν

421 445 649 517 mtelligi
691 444 838 500 istud
882 453 1061 515 potest
1093 465 1107 501 :
1140 445 1371 502 Crescite
1401 460 1450 502 et
1480 449 1670 519 replete
1724 459 1920 505 terram
1948 454 2005 508 *2

2124 458 2246 526 πῆν,
2283 455 2702 527 παραληπτέον;
2742 454 2776 524 ἢ
2825 452 2907 513 τὸ,
2957 450 3179 505 Ἔλαϐε
3218 447 3371 516 χοῦν
3413 444 3534 500 ἀπὸ
3582 443 3734 511 τῆς

422 538 551 593 Item
584 536 715 591 illud
751 555 765 591 :
800 538 1011 605 Accepit
1044 536 1186 592 Deus
1216 538 1281 594 de
1314 542 1438 595 limo
1470 554 1645 607 teme,
1676 552 1724 597 et
1755 544 2002 613 formavit

2124 549 2219 617 πῆς
2247 553 2282 603 ό
2308 548 2475 614 Θεὸς,
2510 548 2610 601 καὶ
2642 546 2877 600 ἔπλασε
2905 543 3014 597 τὸν
3053 543 3397 611 ἄνθρωπον·
3430 541 3457 593 ὃ
3486 539 3736 610 κυρίοις

424 630 682 685 hominem
714 631 774 699 ’ς
805 630 952 702 quod
999 630 1066 687 de
1109 647 1340 703 corpore
1376 636 1594 706 proprie
1625 636 1829 691 dictum
1860 639 2006 695 vidc-

2124 642 2201 693 ιπὶ
2245 639 2341 694 τοῦ
2392 639 2647 711 σώματος
2691 636 2942 706 λελέχθαι
2996 635 3265 704 φαίνεται.
3301 634 3377 686 Οὐ
3427 633 3536 703 γὰρ
3584 630 3733 684 ἀπὸ

424 729 533 778 tur.
578 720 767 793 Neque
804 724 951 778 enim
996 723 1065 779 de
1102 724 1253 789 limo,
1300 725 1476 797 deque
1509 730 1855 798 gravioribus
1897 731 2005 786 illis

2124 734 2201 788 τοῦ
2240 734 2363 805 χοὸς
2402 733 2497 786 καὶ
2539 730 2647 784 τῶν
2698 728 3017 801 βαρυτέρων
3062 727 3163 797 τὴν
3204 726 3391 781 οὐσίαν
3425 727 3730 795 ἐκτήσατο

424 815 808 886 concretisque
836 815 1003 871 rebus
1029 832 1185 871 suam
1221 818 1402 873 anima
1432 828 1685 874 naturam
1711 822 2003 892 expressit.

426 904 504 961 Ex
534 922 644 977 quo
676 907 983 962 certissime
1014 908 1145 962 illud
1168 908 1421 973 edicitur,
1446 919 1575 966 ante
1604 912 1862 983 pelliceas
1887 914 2008 969 illas

426 999 641 1054 tunicas
683 1013 915 1069 corpore
965 999 1253 1068 prteditum
1298 1000 1572 1055 hominem
1630 1001 1821 1059 fuisse.
1882 1002 2008 1058 Haec

427 1092 571 1148 enim
600 1090 782 1145 omnia
816 1100 942 1147 ante
970 1092 1208 1150 hominis
1254 1093 1465 1163 lapsum
1507 1097 1857 1164 pronuntiata
1887 1112 2010 1152 esse

428 1192 681 1252 constat;
723 1191 922 1238 caetera
967 1199 1097 1240 vero
1123 1184 1190 1239 de
1244 1185 1447 1240 tunicis
1492 1186 1713 1241 nonnisi
1758 1194 1880 1257 post
1924 1187 2007 1241 la-

428 1291 612 1349 psum.

497 1366 863 1434 Quamobrem
897 1368 1298 1424 consideranda
1329 1370 1487 1426 nobis
1508 1386 1670 1442 porro
1702 1378 1849 1435 sunt,
1889 1388 2011 1442 qua:

430 1458 489 1514 in
538 1459 796 1520 manibus
844 1460 1130 1526 habemus,
1178 1476 1301 1516 cum
1348 1460 1484 1516 illud
1523 1463 1738 1518 abunde
1785 1464 2011 1519 demon-

430 1551 811 1613 straverimus,
864 1560 1107 1606 scorteas
1162 1553 1282 1608 illas
1340 1553 1557 1608 tunicas
1618 1569 1848 1623 corpora
1900 1569 2012 1607 non

431 1644 626 1706 fuisse.
660 1643 754 1699 sed
799 1643 944 1697 illam
980 1658 1009 1695 a
1052 1644 1282 1707 ratione,
1322 1644 1468 1699 velut
1512 1645 1828 1699 animalium
1865 1661 2011 1699 mor-

2108 829 2141 898 ή
2178 826 2347 896 ψυχή.
2399 824 2565 876 ’Ὥστε
2615 822 2951 891 συνέστηκεν
2996 821 3061 872 ἐκ
3108 817 3308 881 παντὸς
3346 816 3727 885 ἀληθέστατα

2108 916 2217 986 πρὸ
2244 916 2349 968 τῶν
2379 913 2723 986 δερματίνων
2756 909 3303 983 σεσωματοποιῆσθαι
3332 908 3574 978 χιτώνων
3600 906 3729 959 τὸν

2109 1007 2414 1078 ἄνθρωπον.
2438 1006 2626 1061 Ταῦτα
2662 1004 2773 1076 γὰρ
2811 1004 2915 1075 πρὸ
2946 1001 3039 1055 τοῦ
3066 1002 3316 1054 ἐκπεσεῖν
3332 998 3492 1053 αὐτὸν
3515 997 3726 1051 ἄπαν-

2108 1118 2178 1155 τα
2210 1102 2426 1173 εἴρηται
2446 1117 2459 1131 ·
2491 1099 2562 1153 τὰ
2597 1099 2655 1152 δὲ
2685 1097 2826 1152 κατά
2859 1097 2984 1160 τοὺς
3012 1094 3243 1167 χιτῶνας
3272 1093 3409 1165 μετά
3438 1091 3499 1144 τὸ
3523 1092 3725 1143 ὲκπε-

2114 1196 2245 1247 σεῖν.

2186 1370 2351 1425 Ὅθεν
2402 1371 2573 1440 ἴωμεν
2616 1367 2779 1421 πάλιν
2822 1365 3241 1435 ἐπισκεψόμενοι
3274 1363 3343 1417 τὰ
3387 1363 3445 1415 ἐν
3482 1361 3723 1432 χερσὶν,

2116 1462 2319 1526 ἱκανῶς
2361 1461 2747 1526 ἀποδείξαντες
2782 1461 2857 1532 μὴ
2896 1456 3033 1513 εἶναι
3064 1460 3191 1522 τοὺς
3219 1456 3581 1529 δερματίνους
3610 1473 3722 1523 χι-

2114 1555 2292 1618 τῶνας
2314 1553 2385 1607 τὰ
2414 1553 2665 1623 σώματα,
2690 1553 2825 1606 ἀλλά
2856 1552 2956 1624 τὴν
2978 1552 3084 1605 ἀπὸ
3105 1550 3201 1604 τοῦ
3224 1550 3383 1617 λόγου
3404 1547 3513 1601 τῶν
3538 1548 3725 1611 ζώων

2116 1649 2418 1718 νεκρότητα
2471 1646 3016 1717 κατεσκευασμένηνο
3060 1643 3219 1697 τοῦτο
3270 1642 3380 1711 γὰρ
3423 1640 3715 1693 λείπεται.

431 1744 566 1799 tem,
596 1742 730 1791 tunc
778 1737 1043 1806 temporis
1085 1735 1379 1805 perfectam
1415 1756 1427 1791 :
1469 1737 1570 1790 hoc
1610 1738 1754 1791 enim
1791 1738 2009 1791 demum

2127 1739 2344 1810 ’Λμέλει
2374 1738 2482 1791 τῶν
2517 1740 2659 1809 ὅρων
2690 1738 2793 1801 ἔξω
2830 1736 2922 1791 τοῦ
2959 1736 3291 1808 παραδείσου
3322 1734 3462 1788 κατά
3489 1732 3719 1804 ταύτην

433 1833 703 1897 superest.
751 1824 1022 1892 Quocirca
1081 1834 1235 1881 extra
1289 1827 1530 1895 paradisi
1586 1829 1886 1891 terminos,
1941 1829 2012 1883 ob

431 1933 552 1975 eam
591 1933 814 1974 causam
865 1918 1103 1987 eiicitur.
1157 1917 1275 1972 Non
1326 1919 1470 1973 enim
1516 1920 1660 1989 quod
1708 1935 1773 1974 ex
1818 1919 2013 1974 arbore

431 2012 559 2065 vita:
600 2026 760 2081 poma
808 2010 1100 2081 decerpere
1148 2027 1212 2065 ac
1254 2012 1541 2067 comedere
1588 2012 1780 2076 nollet,
1844 2012 2015 2067 homi-

432 2118 555 2159 nem
589 2102 731 2159 Deus
765 2104 887 2159 ideo
916 2103 1221 2159 deturbavit
1265 2105 1517 2175 (poterat
1542 2106 1741 2175 quippe
1787 2104 1840 2158 in
1872 2121 2013 2160 sem-

433 2196 708 2267 piternum
737 2196 937 2262 vivere,
975 2211 1099 2250 cum
1132 2196 1361 2252 subinde
1392 2212 1458 2250 ex
1491 2196 1639 2250 vitali
1684 2197 1774 2251 illa
1818 2198 2015 2251 arbore

432 2284 805 2357 comedisset),
835 2287 928 2342 sed
958 2302 1027 2342 ne
1056 2287 1382 2349 immortale,
1414 2287 1491 2341 uti
1520 2287 1780 2353 diximus,
1812 2289 2013 2343 malum

433 2384 601 2439 esset,
635 2375 738 2431 sibi
771 2376 1080 2430 cavendum
1130 2376 1355 2445 putavit.
1393 2376 1605 2446 Alioqui
1646 2378 1775 2447 quid
1821 2379 2014 2432 attine-

434 2466 527 2521 bat
567 2466 847 2521 Christum
883 2466 1044 2540 547
1099 2468 1152 2522 in
1201 2477 1377 2523 terras
1422 2486 1451 2523 e
1497 2470 1639 2524 coelo
1682 2470 1918 2537 mittere,
1968 2470 2013 2525 si

434 2557 658 2612 omnino
700 2558 845 2611 nulla
879 2558 1002 2613 vita:
1032 2570 1185 2628 parte
1228 2568 1445 2629 gustata
1488 2560 1761 2614 hominem
1798 2562 2016 2630 penitus

435 2649 597 2703 vellet
624 2648 935 2719 exstingui?
961 2648 1117 2715 Quod
1154 2650 1197 2704 si
1223 2651 1483 2704 nonnulla
1512 2651 1676 2704 veluti
1698 2652 2015 2721 ptenitentia

436 2738 660 2794 ductum
725 2740 870 2796 istud
927 2741 1105 2811 egisse
1153 2739 1320 2795 Deum
1373 2741 1721 2798 adversarius
1770 2743 2013 2813 objiciat,

437 2833 708 2889 imbecilla
737 2848 800 2888 ea
832 2833 980 2888 ratio
1006 2841 1111 2897 est,
1143 2848 1264 2904 quae
1292 2834 1509 2889 consilii
1552 2836 1605 2889 in
1638 2834 1806 2890 Deum
1839 2844 2018 2891 muta-

436 2928 642 2983 tionem
671 2926 901 2983 invehit.
929 2926 1036 2982 Sed
1062 2942 1238 2997 neque
1268 2928 1494 2997 ignarus
1524 2926 1693 2982 futuri
1725 2928 1869 2985 Deus
1910 2940 2015 2994 est,

438 3035 541 3077 nec
577 3019 801 3075 ell'ector
848 3019 1008 3086 mali;
1042 3020 1136 3076 sed
1165 3028 1219 3076 et
1269 3020 1447 3075 bonus
1489 3021 1541 3075 in
1586 3021 1780 3090 primis
1821 3032 1924 3087 est,
1967 3032 2019 3077 et

438 3111 747 3167 futurorum
779 3112 1065 3182 praescius.
1116 3111 1297 3178 Quare
1347 3127 1457 3166 non
1502 3111 1622 3167 ideo
1650 3112 1878 3193 ejecisse
1913 3130 2015 3184 pu-

440 3204 639 3260 tandus
671 3212 754 3259 est
788 3219 877 3267 ne,
910 3206 956 3259 si
984 3221 1051 3260 ex
1081 3205 1295 3259 arboris
1327 3206 1447 3259 vita:
1477 3205 1655 3258 fructu
1685 3207 2015 3273 comedet-et,

440 3298 499 3354 in
525 3307 787 3355 aeternum
827 3297 1131 3355 servandus
1161 3296 1338 3363 foret;
1372 3298 1465 3353 sed
1494 3308 1553 3352 ut
1593 3308 1876 3369 peccatum
1908 3300 2018 3370 pri-

2116 1829 2443 1896 ἐξοικίζεται
2472 1831 2571 1901 τὴν
2600 1830 2797 1884 αἰτίαν.
2829 1830 2903 1883 Οὐ
2933 1829 3042 1900 γὰρ
3074 1830 3155 1882 ὅτι
3195 1828 3269 1899 μὴ
3309 1828 3477 1881 θέλων
3503 1830 3531 1881 ὁ
3560 1828 3718 1889 Θεὸς

2116 1922 2224 1976 ἀπὸ
2253 1922 2347 1975 τοῦ
2382 1922 2538 1986 ξύλου
2582 1920 2883 1992 δρέψασθαι
2922 1922 3019 1991 τῆς
3060 1921 3205 1989 ζωῆς
3239 1919 3423 1981 αὐτὸν,
3466 1912 3570 1971 καῖ
3597 1936 3717 1986 (suo

2116 2017 2252 2083 γεῖν,
2276 2014 2529 2081 ἐξέϐαλεν
2562 2013 2823 2085 (εἰ-,δύνατο
2851 2013 2959 2083 γὰρ
2979 2014 3058 2075 εἰς
3082 2012 3173 2065 τὸν
3200 2010 3371 2064 αἰῶνα
3397 2010 3514 2081 ζῇν,
3540 2006 3716 2071 αὖθις

2116 2105 2305 2174 φαγών
2352 2104 2459 2158 ἀπὸ
2498 2105 2597 2175 τῆς
2644 2102 2842 2174 ζωῆς),
2876 2102 3104 2156 ἀλλ’ἵνα
3151 2102 3225 2172 μὴ
3272 2100 3577 2163 ἀθάνατον,
3625 2100 3713 2163 ὡς

2117 2196 2450 2267 ὑπεθέμεθα,
2484 2196 2688 2267 γενηθῇ
2722 2195 2784 2247 τὸ
2818 2195 3005 2249 κακόν.
3050 2192 3204 2246 Ἐπεὶ
3230 2193 3319 2245 διὰ
3355 2192 3408 2244 τί
3434 2192 3525 2244 τὸν
3558 2192 3710 2262 Χρι-

2120 2286 2241 2338 στὸν
2265 2285 2373 2338 ἀπὸ
2396 2286 2501 2337 τῶν
2522 2285 2766 2356 οὐρανῶν
2792 2282 3112 2337 ἀπέστειλεν
3131 2285 3209 2345 εἰς
3239 2283 3335 2353 τὴν
3357 2282 3480 2351 γῆν,
3500 2283 3546 2333 εἰ
3561 2282 3713 2345 ὅλως

2117 2379 2349 2449 ⁴ἠθέλησε
2378 2377 2522 2449 ζωῆς
2550 2379 2641 2430 τὸν
2676 2375 2963 2447 ἄνθρωπον
3002 2375 3264 2445 ἄγευστον
3298 2374 3589 2428 ἀποθανεῖν
3623 2375 3710 2437 εἰς

2117 2472 2178 2524 τὸ
2225 2470 2524 2537 παντελέςς
2572 2471 2635 2523 Εἰ
2667 2469 2724 2522 δὲ
2760 2471 2824 2521 ὲκ
2868 2467 3172 2539 μεταμέλου
3219 2467 3377 2519 τοῦτο
3424 2466 3556 2535 φαίη
3600 2483 3709 2518 πε-

2121 2562 2406 2633 ποιηκέναι
2446 2563 2538 2614 τὸν
2577 2561 2709 2615 Θεὸν
2748 2563 2775 2614 ὁ
2827 2561 3139 2628 ἀντιλέγων,
3185 2558 3417 2627 ἀσθενὴς
3459 2558 3647 2615 αὐτῶν
3680 2562 3712 2614 ὁ

2119 2655 2297 2723 λόγος,
2336 2654 2809 2725 μεταγινώσκοντα
2833 2655 2924 2707 τὸν
2953 2653 3085 2706 Θεὸν
3115 2652 3370 2721 εἰσάγων.
3412 2652 3549 2705 Ἀλλ’
3574 2652 3711 2707 οὔτε

2120 2749 2375 2813 ἀξύνετος
2394 2747 2487 2801 τοῦ
2508 2748 2791 2819 μέλλοντος
2805 2748 2958 2811 Θεὸς,
2978 2746 3102 2801 οὔτε
3121 2747 3434 2812 κακοποιὸς,
3452 2745 3712 2825 attagen

2121 2844 2303 2913 ἄκρως
2331 2842 2554 2910 ἀγαθὸς,
2596 2842 2688 2893 καὶ
2723 2838 3111 2911 προγινώσκων
3132 2839 3200 2891 τά
3228 2838 3507 2909 μέλλοντα.
3540 2838 3711 2890 Ὥστε

2120 2935 2220 2988 οὐκ
2249 2936 2357 3006 ἄρα
2391 2934 2478 2987 διὰ
2506 2933 2567 2987 τὸ
2611 2933 2685 3005 μὴ
2715 2932 2981 2996 σώζεσθαι
3016 2934 3095 2995 εἰς
3125 2932 3216 2985 τὸν
3250 2931 3420 2985 αἰῶνα
3460 2932 3713 3000 φαγόντα

2120 3026 2280 3079 αὐτὸν
2303 3026 2410 3079 ἀπὸ
2430 3025 2522 3078 τοῦ
2548 3025 2702 3091 ξύλου
2736 3028 2834 3096 τῆς
2866 3025 3033 3094 ζωῆς,
3056 3024 3333 3089 ἐξέϐαλεν,
3367 3023 3500 3077 ἀλλά
3533 3023 3622 3076 διὰ
3648 3024 3715 3077 τὸ

2122 3118 2462 3189 νεκρωθῆναι
2492 3117 2707 3189 πρῶτον
2729 3117 2945 3183 θανάτῳ
2963 3118 3061 3189 τὴν
3078 3117 3354 3187 ἁμαρτίαν
3371 3134 3385 3146 ·
3414 3117 3478 3170 ἵν’
3507 3114 3711 3180 οὕτως,

2128 3210 2266 3281 μετά
2300 3210 2361 3262 τὸ
2407 3210 2697 3262 ἀποθανεῖν
2735 3210 3060 3279 ὲκτακείσης
3088 3210 3190 3279 τῆς
3226 3209 3518 3282 ἁμαρτίας,
3551 3211 3711 3280 ἐγερ-

2126 3300 2240 3364 θεὶς
2265 3300 2547 3371 ἄνθρωπος
2574 3300 2817 3371 καθαρὸς
2843 3301 2990 3373 φάγῃ
3024 3302 3122 3371 τῆς
3150 3300 3313 3371 ζωῆς.

440 3408 590 3449 mum
644 3392 887 3447 omnium
924 3400 1100 3446 morte
1127 3390 1504 3460 perimeretur,
1555 3400 1715 3462 atque
1758 3393 1854 3456 ita,
1909 3409 2034 3446 cum
2068 3402 2215 3449 esset
2261 3402 2547 3459 mortuus,
2598 3395 2748 3449 velut
2798 3402 3125 3464 consumpto
3164 3394 3513 3464 eliquatoque
3582 3407 3710 3462 pec-

440 3498 585 3550 cato,
621 3486 894 3542 excitatus
938 3485 1005 3540 ad
1045 3485 1209 3539 vitam
1266 3485 1449 3549 homo,
1500 3502 1564 3540 ac
1608 3486 1794 3556 purior
1838 3487 2014 3543 lactus
2053 3489 2165 3543 vita
2192 3496 2527 3543 vesceretur.

512 3579 705 3634 XXIV.
744 3579 857 3635 Nec
901 3588 986 3635 est
1034 3580 1180 3649 quod
1230 3580 1462 3633 stolidus
1509 3580 1782 3650 quispiam
1828 3589 2030 3637 temere

440 3673 652 3743 jactare
697 3672 916 3737 audeat,
946 3672 1105 3726 aliter
1135 3671 1250 3725 hac
1298 3687 1421 3726 esse
1467 3673 1842 3741 pronuntiata.
1892 3672 2027 3726 Nam

443 3766 537 3835 qui
574 3778 798 3819 carnem
827 3764 969 3817 hanc
1019 3762 1418 3817 immortalitati
1466 3761 1746 3833 capienda:
1777 3761 2026 3815 idoneam

441 3873 567 3913 esse
614 3856 834 3927 penitus
881 3865 1061 3928 negat,
1120 3855 1210 3909 hic
1263 3854 1501 3910 vesaniae
1554 3855 1743 3909 morbo
1775 3855 2030 3909 laborans

442 3949 858 4005 contumeliosis
900 3949 955 4003 in
986 3946 1154 4002 Deum
1192 3948 1420 4003 vocibus
1469 3948 1660 4001 utitur.
1712 3946 1823 4002 Cur
1855 3948 2025 4011 enim,

444 4053 801 4115 posteaquam
834 4040 1073 4111 pellicere
1102 4040 1301 4093 tunicae
1330 4049 1577 4094 consulte
1607 4047 1754 4107 sunt,
1783 4038 2027 4095 Adamus

443 4134 686 4204 ejicitur,
722 4148 787 4187 ac
816 4132 942 4186 vita;
973 4131 1225 4185 arborem
1268 4130 1537 4199 attingere
1568 4130 1857 4198 vivereque
1901 4144 2027 4199 pro-

443 4225 691 4292 hibetur;
732 4225 780 4279 si
827 4223 943 4279 lieri
974 4222 1201 4278 omnino
1228 4237 1337 4276 non
1371 4228 1574 4291 potest,
1620 4229 1678 4274 ut
1722 4222 1777 4275 iu
1826 4222 2027 4291 sempi-

443 4328 661 4373 ternum
713 4316 882 4369 vitam
935 4315 1099 4369 homo
1149 4330 1275 4371 cum
1327 4331 1559 4386 corpore
1600 4316 1888 4371 traducat?
1934 4316 2026 4370 Sic

2196 3583 2323 3635 ΚΝ.
2365 3580 2573 3652 Μηδεὶς
2612 3580 2669 3634 δὲ
2714 3579 3006 3652 ἀϐέλτερος
3042 3579 3118 3631 ὢν
3167 3575 3710 3650 παρακινδυνευέτω,

2124 3674 2200 3738 ώς
2224 3675 2432 3727 τούτων
2482 3673 2687 3745 ἑτέρως
2725 3673 3046 3743 λεχθέντων.
3092 3673 3149 3724 Ὁ
3190 3672 3299 3749 γὰρ
3346 3670 3484 3733 ὅλως
3531 3669 3709 3740 ὁριζό-

2128 3784 2288 3837 μενος
2319 3766 2418 3836 τὴν
2448 3767 2629 3837 σάρκα
2667 3766 2740 3837 μὴ
2772 3762 2912 3819 εἶναι
2958 3765 3166 3837 ταύτην
3205 3764 3505 3826 ἀθανασίας
3530 3761 3708 3815 δεκτι-

2126 3858 2249 3929 κὴν,
2270 3858 2440 3921 ὅντως
2468 3858 2654 3922 ἀνοίας
2682 3858 2931 3920 ὑπαίτιος
2962 3856 3039 3910 ὢν
3063 3857 3223 3925 νόσῳ,
3253 3855 3579 3926 βλασφημεῖ.
3611 3852 3710 3907 Διὸ

2126 3950 2177 4002 τί
2219 3949 2325 4021 γὰρ
2380 3950 2518 4020 μετά
2567 3950 2666 4020 τὴν
2704 3949 2814 4002 τῶν
2852 3948 3096 4019 χιτώνων
3136 3949 3245 4002 τῶν
3296 3946 3633 4018 δερματίνων
3681 3947 3709 4001 ὁ

2141 4040 2315 4111 Ἀδὰμ
2352 4040 2696 4111 κατασκευὴν
2737 4039 3097 4116 ἐκϐάλλεται,
3140 4038 3484 4110 κωλυόμενος
3520 4040 3710 4108 φαγεῖν

2128 4131 2236 4184 ἀπὸ
2267 4130 2359 4183 τοῦ
2390 4130 2550 4197 ξύλου
2584 4130 2685 4199 τῆς
2713 4130 2881 4201 ζωῆς,
2922 4131 3015 4184 καὶ
3049 4131 3233 4202 ζῆσαι,
3272 4133 3321 4184 εἰ
3350 4130 3486 4194 ὅλως
3517 4128 3708 4183 ἀδύνα-

2127 4238 2220 4276 τον
2248 4217 2315 4293 ῆν
2350 4221 2487 4292 μετά
2510 4221 2763 4292 σώματος
2794 4225 2871 4285 εἰς
2894 4222 2983 4274 τὸν
3008 4221 3181 4275 αἰῶνα
3207 4222 3369 4293 ζῆσαι
3393 4222 3483 4274 τὸν
3505 4219 3707 4290 ᾶνθρω·

2128 4330 2268 4381 πον;
2308 4314 2394 4377 Ὠς
2434 4314 2741 4383 δυναμένου
2779 4314 2887 4385 γὰρ
2923 4314 3088 4367 αὐτοῦ
3140 4314 3215 4386 μὴ
3252 4314 3575 4377 ἀποθανεῖν,
3615 4312 3708 4365 ἐὰν

443 4410 593 4465 enim
643 4396 957 4465 interdictio
1003 4408 1094 4465 illa
1135 4408 1282 4463 edita
1327 4381 1444 4470 est,
1471 4415 1730 4478 tanquam
1776 4409 1888 4462 vita
1936 4407 2020 4461 ille

2131 4401 2240 4455 ἀπὸ
2272 4402 2373 4473 τῆς
2403 4402 2551 4473 ζωῆς
2576 4381 3085 4475 γεύσηται-λαϐών,
3196 4381 3430 4465 κώλυσις
3481 4403 3705 4471 γίνεται.

442 4503 731 4573 degustata
781 4508 1009 4555 mortem
1058 4506 1247 4569 posset
1296 4498 1551 4568 eﬂ‘ugere.
1590 4496 1682 4551 Sic
1721 4498 1866 4553 enim
1899 4497 2019 4551 ait:

444 4596 595 4652 Fecit
628 4596 807 4665 itaque
838 4594 1094 4648 Dominus
1126 4592 1267 4647 Deus
1292 4590 1465 4645 Adam
1489 4601 1539 4645 et
1567 4592 1723 4645 uxori
1743 4589 1856 4660 ejus
1891 4589 2033 4642 tuni-

443 4706 535 4743 cas
564 4688 834 4757 pelliceas,
872 4694 921 4741 et
962 4685 1137 4740 induit
1180 4684 1324 4738 illos.
1369 4681 1437 4735 Et
1484 4683 1621 4736 dixit
1675 4680 1864 4735 Deus:
1898 4679 2033 4734 Ecce

444 4784 622 4851 [actus
652 4790 731 4833 est
758 4779 955 4840 Adam,
997 4778 1135 4832 sicut
1181 4792 1317 4830 unus
1346 4790 1410 4829 ex
1439 4773 1610 4839 nobis,
1646 4784 1704 4828 ut
1753 4783 2033 4843 cognoscat

372 4880 383 4903 ‘
444 4874 638 4929 bonum
669 4881 718 4932 et
746 4876 966 4925 malum.
1000 4868 1068 4935 Et
1095 4884 1233 4923 nunc
1267 4884 1330 4922 ne
1359 4867 1496 4936 forte
1523 4865 1767 4921 extendat
1792 4882 2030 4930 manum,

387 4958 393 4967 ’
443 4976 494 5022 et
526 4974 702 5020 sumat
731 4964 795 5016 de
821 4963 960 5033 ligno
983 4964 1141 5024 vitaz;
1186 4969 1235 5014 et
1271 4957 1510 5013 comedat
1533 4968 1583 5011 et
1612 4958 1750 5011 vivat
1795 4957 1848 5010 in
1877 4965 2032 5010 teter-

444 5075 591 5114 num.
630 5056 699 5111 Et
722 5056 895 5111 emisit
926 5054 1081 5109 illum
1119 5052 1380 5107 Dominus
1414 5050 1555 5105 Deus
1586 5066 1613 5105 e
1636 5048 1891 5119 paradiso
1938 5065 2024 5103 υοο

447 5151 692 5223 luptatis,
734 5158 793 5202 ut
845 5155 1152 5216 operaretur
1198 5155 1418 5208 terram,
1467 5159 1532 5197 ex
1573 5159 1677 5212 qua
1727 5150 2029 5209 assumptus

445 5253 546 5301 est.
584 5241 651 5297 Et
681 5241 831 5311 ejecit
870 5240 1043 5293 Adam
1072 5239 1113 5293 ³.
1150 5237 1518 5305 Quamobrem
1551 5243 1763 5307 poterat
1794 5236 1848 5289 in
1883 5245 2034 5290 teter-

446 5352 578 5393 num
631 5335 816 5390 vivere
866 5348 1102 5402 corpus,
1153 5340 1209 5386 et
1252 5329 1560 5384 immortale
1616 5329 1761 5392 lieri,
1809 5328 1915 5383 nisi
1965 5327 2034 5381 ab

447 5429 718 5501 gustanda
745 5429 857 5484 vita
903 5426 1043 5481 foret
1084 5424 1443 5495 prohibitum.
1478 5421 1571 5475 Est
1601 5432 1781 5475 autem
1825 5420 2035 5475 idcirco

448 5520 808 5599 prohibitum,
853 5529 912 5574 ut
955 5527 1010 5576 et
1056 5525 1341 5588 peccatum
1382 5515 1715 5571 exstinctum
1764 5528 1872 5567 una
1908 5527 2040 5580 cum

524 5681 544 5719 ⁸
576 5677 713 5740 Gen.
744 5692 785 5745 I,
817 5676 913 5741 28,
1024 5676 1045 5708 ¹
1076 5674 1214 5732 Gen.
1246 5689 1308 5739 ιι,
1334 5673 1383 5727 7.
1463 5674 1484 5704 ³
1511 5670 1647 5728 Gen.
1677 5687 1758 5740 ιιι,
1790 5669 1988 5737 21-24..

2129 4495 2269 4565 Φησὶ
2299 4494 2437 4566 γάρ’
2481 4495 2595 4548 Kal
2639 4496 2890 4562 ἐποίησε
2924 4496 3143 4563 Κύριος
3168 4498 3200 4548 ό
3245 4495 3389 4560 Θεὸς
3426 4494 3507 4559 τῷ
3541 4492 3707 4560 Ἀδὰμ

2129 4586 2226 4638 καὶ
2264 4583 2340 4653 τῇ
2370 4586 2609 4655 γυναικὶ
2648 4586 2836 4640 αὑτοῦ
2874 4584 3129 4656 χιτῶνας
3154 4585 3578 4655 δερματίνους’
3611 4581 3706 4637 καὶ

2128 4676 2425 4731 ἐνέδυσεν
2452 4680 2695 4745 αὐτούς.
2723 4679 2834 4734 Καὶ
2867 4675 3037 4733 εἶπεν
3061 4682 3094 4732 ό
3136 4678 3307 4743 Θεός·
3356 4677 3509 4731 Ἰδοὺ
3552 4675 3707 4745 γέγοε

2128 4788 2236 4825 νεν
2274 4773 2444 4842 Ἀδὰμ
2475 4774 2554 4840 ὠς
2588 4769 2676 4839 εἶς
2713 4773 2782 4838 ἐξ
2812 4771 3003 4843 ἡμῶν,
3038 4772 3144 4826 τοῦ
3175 4771 3492 4842 γινώσκειν
3522 4768 3705 4822 καλὸν

2130 4863 2233 4916 καὶ
2258 4865 2547 4933 πονηρόν.
2574 4865 2682 4919 Kal
2710 4864 2827 4919 νῦν
2854 4857 3089 4934 μήποτε
3114 4864 3352 4931 ἐκτείνῃ
3378 4861 3492 4930 τὴν
3523 4859 3705 4931 χεῖρα,

2130 4956 2233 5009 καὶ
2274 4956 2430 5025 λάϐῃ
2480 4957 2587 5011 τοῦ
2642 4957 2835 5022 ξύλου
2880 4956 2992 5026 τῆς
3013 4956 3195 5024 ζωῆς,
3230 4956 3329 5009 καὶ
3375 4953 3574 5024 φάγῃ,
3613 4951 3706 5005 καὶ

2132 5048 2379 5117 ζήσεται
2407 5053 2494 5116 εἱς
2527 5051 2633 5105 τὸν
2670 5050 2879 5107 αἰῶνα.
2910 5050 3023 5104 Καὶ
3063 5048 3495 5114 ἐξαπέστειλεν
3527 5045 3705 5099 αὑτὸν

2127 5142 2343 5209 Κύριος
2389 5145 2421 5195 ό
2460 5141 2605 5208 Θεὸς
2644 5143 2713 5195 ἐκ
2766 5142 2874 5196 τοῦ
2921 5140 3290 5209 παραδείσου
3336 5136 3446 5209 τῆς
3483 5134 3703 5205 τρυφῆς

2127 5236 2472 5307 ἐργάζεσθαι
2513 5234 2628 5304 τὴν
2655 5234 2793 5303 γῆν.
2823 5233 2892 5298 ἐξ
2932 5229 3007 5303 ἧς
3035 5232 3290 5301 ἐλήφθη.
3318 5228 3427 5283 Καὶ
3466 5226 3705 5291 ἐξέϐαλε

2132 5328 2240 5381 τὸν
2277 5326 2480 5397 Ἀδάμ.
2531 5326 2741 5380 Οὐκοῦν
2781 5325 3013 5396 ἠδύνατο
3057 5323 3175 5394 ζῇν,
3234 5323 3281 5374 εἰ
3319 5319 3393 5391 μὴ
3438 5314 3704 5371 κεκώλυτο

2133 5419 2437 5488 γεύσασθαι
2462 5419 2561 5490 τῆς
2587 5419 2751 5489 ζωῆς.
2783 5416 3064 5485 Ἐκωλύθη
3088 5415 3167 5475 δὲ,
3185 5415 3333 5475 ὅπως
3354 5414 3387 5482 ἡ
3413 5410 3508 5481 μὲν
3535 5409 3703 5477 ἁμαρ-

2134 5512 2225 5566 τία
2262 5513 2763 5568 συναποκτανθείσα
2793 5508 2869 5580 τῷ
2908 5507 3121 5588 σώματι
3144 5507 3334 5587 θάνῃ,
3366 5506 3426 5558 τὸ
3452 5503 3509 5557 δὲ
3557 5500 3703 5578 σῶμα
