  <div class='ocr_page' id='page_1' title='image "/cluster/home/n/w/nwhite01/storage/ocr_20150623/41/nnc1.0046978747/634.png"; bbox 0 0 4082 6394; ppageno 0'>
   <div class='ocr_carea' id='block_1_1' title="bbox 325 320 465 380">
    <p class='ocr_par' dir='ltr' id='par_1_1' title="bbox 325 320 465 380">
     <span class='ocr_line' id='line_1_1' title="bbox 325 320 465 380; baseline -0.029 0"><span class='ocrx_word' id='word_1_1' title='bbox 325 320 465 380; x_wconf 74' lang='lat'><strong>&quot;09</strong></span> 
     </span>
    </p>
   </div>
   <div class='ocr_carea' id='block_1_2' title="bbox 983 305 2953 376">
    <p class='ocr_par' dir='ltr' id='par_1_2' title="bbox 983 305 2953 376">
     <span class='ocr_line' id='line_1_2' title="bbox 983 305 2953 376; baseline -0.008 0"><span class='ocrx_word' id='word_1_2' title='bbox 983 317 1355 376; x_wconf 79' lang='lat' dir='ltr'><strong>ADVERSUS</strong></span> <span class='ocrx_word' id='word_1_3' title='bbox 1392 313 1738 371; x_wconf 70' lang='lat' dir='ltr'><strong>[IERESES</strong></span> <span class='ocrx_word' id='word_1_4' title='bbox 1777 313 1905 369; x_wconf 82' lang='lat' dir='ltr'><strong>LIB.</strong></span> <span class='ocrx_word' id='word_1_5' title='bbox 1949 313 2016 369; x_wconf 85' lang='lat' dir='ltr'><strong>ll.</strong></span> <span class='ocrx_word' id='word_1_6' title='bbox 2057 309 2224 368; x_wconf 85' lang='lat' dir='ltr'><strong>TOM.</strong></span> <span class='ocrx_word' id='word_1_7' title='bbox 2267 310 2308 366; x_wconf 84' lang='grc' dir='ltr'><strong>Ι.</strong></span> <span class='ocrx_word' id='word_1_8' title='bbox 2353 341 2421 350; x_wconf 92' lang='lat'><strong>-—</strong></span> <span class='ocrx_word' id='word_1_9' title='bbox 2458 306 2733 362; x_wconf 72' lang='grc' dir='ltr'><strong>ΙΙᾹΞΠΕὸ.</strong></span> <span class='ocrx_word' id='word_1_10' title='bbox 2776 305 2953 361; x_wconf 72' lang='lat' dir='ltr'><strong>LXIV.</strong></span> 
     </span>
    </p>
   </div>
   <div class='ocr_carea' id='block_1_3' title="bbox 319 424 1914 508">
    <p class='ocr_par' dir='ltr' id='par_1_3' title="bbox 319 433 1896 508">
     <span class='ocr_line' id='line_1_3' title="bbox 319 433 1896 508; baseline 0.011 -36"><span class='ocrx_word' id='word_1_11' title='bbox 319 436 549 506; x_wconf 48' lang='grc' dir='ltr'><strong>ἀναστῇ,</strong></span> <span class='ocrx_word' id='word_1_12' title='bbox 586 435 686 506; x_wconf 83' lang='grc' dir='ltr'>τῆς</span> <span class='ocrx_word' id='word_1_13' title='bbox 740 436 1016 507; x_wconf 75' lang='grc' dir='ltr'>ἁμαρτίας</span> <span class='ocrx_word' id='word_1_14' title='bbox 1054 435 1414 508; x_wconf 78' lang='grc' dir='ltr'><strong>ἀπολομένης.</strong></span> <span class='ocrx_word' id='word_1_15' title='bbox 1449 437 1568 489; x_wconf 83' lang='grc' dir='ltr'>Ἵνα</span> <span class='ocrx_word' id='word_1_16' title='bbox 1598 435 1779 488; x_wconf 83' lang='grc' dir='ltr'><strong>τοίνυν</strong></span> <span class='ocrx_word' id='word_1_17' title='bbox 1821 433 1896 504; x_wconf 78' lang='grc' dir='ltr'>μὴ</span> 
     </span>
    </p>
   </div>
   <div class='ocr_carea' id='block_1_4' title="bbox 2017 424 3580 508">
    <p class='ocr_par' dir='ltr' id='par_1_4' title="bbox 2017 424 3580 499">
     <span class='ocr_line' id='line_1_4' title="bbox 2017 424 3580 499; baseline -0.008 -16"><span class='ocrx_word' id='word_1_18' title='bbox 2017 443 2230 499; x_wconf 84' lang='lat' dir='ltr'><strong>:orpore</strong></span> <span class='ocrx_word' id='word_1_19' title='bbox 2261 434 2586 488; x_wconf 78' lang='lat' dir='ltr'><strong>moreretur,</strong></span> <span class='ocrx_word' id='word_1_20' title='bbox 2617 430 2672 479; x_wconf 92' lang='lat' dir='ltr'><strong>et</strong></span> <span class='ocrx_word' id='word_1_21' title='bbox 2717 437 2920 492; x_wconf 89' lang='lat' dir='ltr'><strong>corpus</strong></span> <span class='ocrx_word' id='word_1_22' title='bbox 2962 427 3186 492; x_wconf 85' lang='lat' dir='ltr'><strong>peccato</strong></span> <span class='ocrx_word' id='word_1_23' title='bbox 3239 424 3455 472; x_wconf 87' lang='lat' dir='ltr'><strong>mortuo</strong></span> <span class='ocrx_word' id='word_1_24' title='bbox 3497 431 3580 470; x_wconf 85' lang='lat' dir='ltr'><strong>re-</strong></span> 
     </span>
    </p>
   </div>
   <div class='ocr_carea' id='block_1_5' title="bbox 327 527 1901 605">
    <p class='ocr_par' dir='ltr' id='par_1_5' title="bbox 327 527 1901 605">
     <span class='ocr_line' id='line_1_5' title="bbox 327 527 1901 605; baseline -0.004 -20"><span class='ocrx_word' id='word_1_25' title='bbox 327 527 353 605; x_wconf 73' lang='grc' dir='ltr'><strong>ᾖ</strong></span> <span class='ocrx_word' id='word_1_26' title='bbox 386 529 556 584; x_wconf 74' lang='grc' dir='ltr'>κακὸν</span> <span class='ocrx_word' id='word_1_27' title='bbox 585 528 853 582; x_wconf 86' lang='grc' dir='ltr'>ἀθάνατον</span> <span class='ocrx_word' id='word_1_28' title='bbox 882 531 910 583; x_wconf 90' lang='lat'><strong>6</strong></span> <span class='ocrx_word' id='word_1_29' title='bbox 934 529 1240 601; x_wconf 77' lang='grc' dir='ltr'>ἄνθρωπος,</span> <span class='ocrx_word' id='word_1_30' title='bbox 1284 529 1360 593; x_wconf 84' lang='grc' dir='ltr'>ὡς</span> <span class='ocrx_word' id='word_1_31' title='bbox 1399 528 1559 600; x_wconf 76' lang='grc' dir='ltr'>ἔφην,</span> <span class='ocrx_word' id='word_1_32' title='bbox 1585 529 1618 599; x_wconf 86' lang='grc' dir='ltr'>ἢ</span> <span class='ocrx_word' id='word_1_33' title='bbox 1651 527 1901 593; x_wconf 79' lang='grc' dir='ltr'><strong>ἀείζωον,</strong></span> 
     </span>
    </p>
   </div>
   <div class='ocr_carea' id='block_1_6' title="bbox 328 617 1904 694">
    <p class='ocr_par' dir='ltr' id='par_1_6' title="bbox 328 617 1904 694">
     <span class='ocr_line' id='line_1_6' title="bbox 328 617 1904 694; baseline -0.002 -20"><span class='ocrx_word' id='word_1_34' title='bbox 328 621 460 693; x_wconf 74' lang='grc' dir='ltr'>ἔχων</span> <span class='ocrx_word' id='word_1_35' title='bbox 497 622 554 674; x_wconf 80' lang='grc' dir='ltr'>ὲν</span> <span class='ocrx_word' id='word_1_36' title='bbox 601 620 782 692; x_wconf 78' lang='grc' dir='ltr'>ἑαυτῷ</span> <span class='ocrx_word' id='word_1_37' title='bbox 807 619 906 693; x_wconf 77' lang='grc' dir='ltr'>τὴν</span> <span class='ocrx_word' id='word_1_38' title='bbox 937 621 1216 693; x_wconf 83' lang='grc' dir='ltr'><strong>ἁμαρτίαν</strong></span> <span class='ocrx_word' id='word_1_39' title='bbox 1259 621 1724 694; x_wconf 87' lang='grc' dir='ltr'>κρατιστεύουσαν</span> <span class='ocrx_word' id='word_1_40' title='bbox 1746 661 1760 685; x_wconf 96' lang='grc'><strong>,</strong></span> <span class='ocrx_word' id='word_1_41' title='bbox 1807 617 1904 672; x_wconf 82' lang='grc' dir='ltr'>ἆτε</span> 
     </span>
    </p>
   </div>
   <div class='ocr_carea' id='block_1_7' title="bbox 325 711 1904 787">
    <p class='ocr_par' dir='ltr' id='par_1_7' title="bbox 325 711 1904 787">
     <span class='ocr_line' id='line_1_7' title="bbox 325 711 1904 787; baseline -0.004 -19"><span class='ocrx_word' id='word_1_42' title='bbox 325 716 380 768; x_wconf 85' lang='grc' dir='ltr'>ὲν</span> <span class='ocrx_word' id='word_1_43' title='bbox 438 714 695 786; x_wconf 82' lang='grc' dir='ltr'><strong>ἀθανάτῳ</strong></span> <span class='ocrx_word' id='word_1_44' title='bbox 741 714 1124 787; x_wconf 83' lang='grc' dir='ltr'>βλαστήσασαν</span> <span class='ocrx_word' id='word_1_45' title='bbox 1181 714 1428 785; x_wconf 81' lang='grc' dir='ltr'>σώματι,</span> <span class='ocrx_word' id='word_1_46' title='bbox 1485 714 1582 768; x_wconf 79' lang='grc' dir='ltr'><strong>καὶ</strong></span> <span class='ocrx_word' id='word_1_47' title='bbox 1637 711 1904 767; x_wconf 83' lang='grc' dir='ltr'>ἀθάνατον</span> 
     </span>
    </p>
   </div>
   <div class='ocr_carea' id='block_1_8' title="bbox 325 804 1905 878">
    <p class='ocr_par' dir='ltr' id='par_1_8' title="bbox 325 804 1905 878">
     <span class='ocr_line' id='line_1_8' title="bbox 325 804 1905 878; baseline -0.004 -17"><span class='ocrx_word' id='word_1_48' title='bbox 325 805 552 877; x_wconf 69' lang='grc' dir='ltr'>ἔχουσαν</span> <span class='ocrx_word' id='word_1_49' title='bbox 582 807 811 878; x_wconf 84' lang='grc' dir='ltr'>τροφὴν,</span> <span class='ocrx_word' id='word_1_50' title='bbox 843 810 874 862; x_wconf 93' lang='lat'><strong>6</strong></span> <span class='ocrx_word' id='word_1_51' title='bbox 910 808 1044 872; x_wconf 79' lang='grc' dir='ltr'>θεὸς</span> <span class='ocrx_word' id='word_1_52' title='bbox 1073 808 1237 862; x_wconf 85' lang='grc' dir='ltr'>αὐτὸν</span> <span class='ocrx_word' id='word_1_53' title='bbox 1265 808 1356 862; x_wconf 88' lang='grc' dir='ltr'><strong>διά</strong></span> <span class='ocrx_word' id='word_1_54' title='bbox 1388 806 1546 862; x_wconf 89' lang='grc' dir='ltr'>τοῦτο</span> <span class='ocrx_word' id='word_1_55' title='bbox 1573 804 1768 876; x_wconf 87' lang='grc' dir='ltr'>θνητὸν</span> <span class='ocrx_word' id='word_1_56' title='bbox 1800 804 1905 856; x_wconf 86' lang='grc' dir='ltr'>ἀπ-</span> 
     </span>
    </p>
   </div>
   <div class='ocr_carea' id='block_1_9' title="bbox 327 897 1904 976">
    <p class='ocr_par' dir='ltr' id='par_1_9' title="bbox 327 897 1904 976">
     <span class='ocr_line' id='line_1_9' title="bbox 327 897 1904 976; baseline 0.006 -27"><span class='ocrx_word' id='word_1_57' title='bbox 327 897 561 967; x_wconf 79' lang='grc' dir='ltr'>εφήνατο</span> <span class='ocrx_word' id='word_1_58' title='bbox 582 899 869 970; x_wconf 88' lang='grc' dir='ltr'>νεκρότητι</span> <span class='ocrx_word' id='word_1_59' title='bbox 909 900 1240 970; x_wconf 81' lang='grc' dir='ltr'>περιϐαλών.</span> <span class='ocrx_word' id='word_1_60' title='bbox 1279 901 1452 956; x_wconf 90' lang='grc' dir='ltr'>Τοῦτο</span> <span class='ocrx_word' id='word_1_61' title='bbox 1483 902 1592 974; x_wconf 77' lang='grc' dir='ltr'>γὰρ</span> <span class='ocrx_word' id='word_1_62' title='bbox 1624 905 1672 957; x_wconf 87' lang='grc' dir='ltr'>οἱ</span> <span class='ocrx_word' id='word_1_63' title='bbox 1699 904 1904 976; x_wconf 86' lang='grc' dir='ltr'>δερμά-</span> 
     </span>
    </p>
   </div>
   <div class='ocr_carea' id='block_1_10' title="bbox 330 988 1905 1066">
    <p class='ocr_par' dir='ltr' id='par_1_10' title="bbox 330 988 1905 1066">
     <span class='ocr_line' id='line_1_10' title="bbox 330 988 1905 1066; baseline 0.006 -25"><span class='ocrx_word' id='word_1_64' title='bbox 330 1004 456 1042; x_wconf 72' lang='grc' dir='ltr'>τινοι</span> <span class='ocrx_word' id='word_1_65' title='bbox 485 988 716 1059; x_wconf 78' lang='grc' dir='ltr'>χιτῶνες</span> <span class='ocrx_word' id='word_1_66' title='bbox 752 989 1067 1044; x_wconf 66' lang='grc' dir='ltr'>ὲϐούλοντου</span> <span class='ocrx_word' id='word_1_67' title='bbox 1101 993 1188 1046; x_wconf 83' lang='grc' dir='ltr'><strong>ἵνα</strong></span> <span class='ocrx_word' id='word_1_68' title='bbox 1224 993 1288 1063; x_wconf 83' lang='grc' dir='ltr'>δὴ</span> <span class='ocrx_word' id='word_1_69' title='bbox 1327 993 1416 1048; x_wconf 84' lang='grc' dir='ltr'><strong>διὰ</strong></span> <span class='ocrx_word' id='word_1_70' title='bbox 1441 997 1540 1066; x_wconf 83' lang='grc' dir='ltr'><strong>τῆς</strong></span> <span class='ocrx_word' id='word_1_71' title='bbox 1572 995 1781 1060; x_wconf 89' lang='grc' dir='ltr'>λύσεως</span> <span class='ocrx_word' id='word_1_72' title='bbox 1809 996 1905 1049; x_wconf 91' lang='grc' dir='ltr'><strong>τοῦ</strong></span> 
     </span>
    </p>
   </div>
   <div class='ocr_carea' id='block_1_11' title="bbox 325 1078 1906 1158">
    <p class='ocr_par' dir='ltr' id='par_1_11' title="bbox 325 1078 1906 1158">
     <span class='ocr_line' id='line_1_11' title="bbox 325 1078 1906 1158; baseline 0.006 -26"><span class='ocrx_word' id='word_1_73' title='bbox 325 1078 574 1151; x_wconf 76' lang='grc' dir='ltr'>σώματος</span> <span class='ocrx_word' id='word_1_74' title='bbox 621 1081 716 1134; x_wconf 78' lang='grc' dir='ltr'>καὶ</span> <span class='ocrx_word' id='word_1_75' title='bbox 764 1082 866 1153; x_wconf 85' lang='grc' dir='ltr'>τῆς</span> <span class='ocrx_word' id='word_1_76' title='bbox 913 1083 1234 1155; x_wconf 79' lang='grc' dir='ltr'><strong>διαιρέσεως</strong></span> <span class='ocrx_word' id='word_1_77' title='bbox 1281 1088 1314 1156; x_wconf 85' lang='grc' dir='ltr'><strong>ή</strong></span> <span class='ocrx_word' id='word_1_78' title='bbox 1362 1087 1607 1158; x_wconf 83' lang='grc' dir='ltr'>ἁμαρτία</span> <span class='ocrx_word' id='word_1_79' title='bbox 1661 1087 1906 1142; x_wconf 81' lang='grc' dir='ltr'>κάτωθεν</span> 
     </span>
    </p>
   </div>
   <div class='ocr_carea' id='block_1_12' title="bbox 327 1173 1908 1250">
    <p class='ocr_par' dir='ltr' id='par_1_12' title="bbox 327 1173 1908 1250">
     <span class='ocr_line' id='line_1_12' title="bbox 327 1173 1908 1250; baseline 0.004 -25"><span class='ocrx_word' id='word_1_80' title='bbox 327 1173 700 1245; x_wconf 78' lang='grc' dir='ltr'>αὑτόπρεμνος</span> <span class='ocrx_word' id='word_1_81' title='bbox 735 1175 884 1227; x_wconf 83' lang='grc' dir='ltr'>πᾶσα</span> <span class='ocrx_word' id='word_1_82' title='bbox 917 1175 1190 1248; x_wconf 78' lang='grc' dir='ltr'>διαφθαρῇ</span> <span class='ocrx_word' id='word_1_83' title='bbox 1213 1193 1227 1206; x_wconf 80' lang='lat'><strong><em>°</em></strong></span> <span class='ocrx_word' id='word_1_84' title='bbox 1278 1177 1356 1242; x_wconf 84' lang='grc' dir='ltr'><strong>ὡς</strong></span> <span class='ocrx_word' id='word_1_85' title='bbox 1395 1179 1531 1250; x_wconf 86' lang='grc' dir='ltr'>μηδὲ</span> <span class='ocrx_word' id='word_1_86' title='bbox 1559 1179 1665 1232; x_wconf 75' lang='grc' dir='ltr'>κᾶν</span> <span class='ocrx_word' id='word_1_87' title='bbox 1707 1179 1908 1250; x_wconf 84' lang='grc' dir='ltr'>βραχύ-</span> 
     </span>
    </p>
   </div>
   <div class='ocr_carea' id='block_1_13' title="bbox 330 1265 1906 1344">
    <p class='ocr_par' dir='ltr' id='par_1_13' title="bbox 330 1265 1906 1344">
     <span class='ocr_line' id='line_1_13' title="bbox 330 1265 1906 1344; baseline 0.006 -27"><span class='ocrx_word' id='word_1_88' title='bbox 330 1281 480 1318; x_wconf 84' lang='grc' dir='ltr'>τατον</span> <span class='ocrx_word' id='word_1_89' title='bbox 534 1265 692 1337; x_wconf 84' lang='grc' dir='ltr'>ῥίζης</span> <span class='ocrx_word' id='word_1_90' title='bbox 749 1267 974 1339; x_wconf 84' lang='grc' dir='ltr'>ὲαθῆναι</span> <span class='ocrx_word' id='word_1_91' title='bbox 1023 1270 1220 1339; x_wconf 82' lang='grc' dir='ltr'><strong>μέρος,</strong></span> <span class='ocrx_word' id='word_1_92' title='bbox 1278 1272 1371 1341; x_wconf 84' lang='grc' dir='ltr'>ἀφ’</span> <span class='ocrx_word' id='word_1_93' title='bbox 1412 1267 1475 1327; x_wconf 77' lang='grc' dir='ltr'><strong>οὗ</strong></span> <span class='ocrx_word' id='word_1_94' title='bbox 1525 1273 1642 1327; x_wconf 84' lang='grc' dir='ltr'>νέαι</span> <span class='ocrx_word' id='word_1_95' title='bbox 1681 1272 1906 1344; x_wconf 85' lang='grc' dir='ltr'>βλάσται</span> 
     </span>
    </p>
   </div>
   <div class='ocr_carea' id='block_1_14' title="bbox 328 1358 1394 1432">
    <p class='ocr_par' dir='ltr' id='par_1_14' title="bbox 328 1358 1394 1432">
     <span class='ocr_line' id='line_1_14' title="bbox 328 1358 1394 1432; baseline 0.007 -21"><span class='ocrx_word' id='word_1_96' title='bbox 328 1358 486 1412; x_wconf 87' lang='grc' dir='ltr'>πάλιν</span> <span class='ocrx_word' id='word_1_97' title='bbox 520 1361 938 1432; x_wconf 78' lang='grc' dir='ltr'>ἁμαρτημάτων</span> <span class='ocrx_word' id='word_1_98' title='bbox 965 1362 1394 1428; x_wconf 82' lang='grc' dir='ltr'>ἀναϐλύζωνται.</span> 
     </span>
    </p>
   </div>
   <div class='ocr_carea' id='block_1_15' title="bbox 393 1538 1906 1619">
    <p class='ocr_par' dir='ltr' id='par_1_15' title="bbox 393 1538 1906 1619">
     <span class='ocr_line' id='line_1_15' title="bbox 393 1538 1906 1619; baseline 0.007 -27"><span class='ocrx_word' id='word_1_99' title='bbox 393 1538 522 1593; x_wconf 82' lang='lat' dir='ltr'><strong>KE&#39;.</strong></span> <span class='ocrx_word' id='word_1_100' title='bbox 565 1540 836 1614; x_wconf 86' lang='grc' dir='ltr'>Καθάπερ</span> <span class='ocrx_word' id='word_1_101' title='bbox 872 1542 983 1615; x_wconf 85' lang='grc' dir='ltr'><strong>γάρ</strong></span> <span class='ocrx_word' id='word_1_102' title='bbox 1020 1545 1079 1598; x_wconf 86' lang='grc' dir='ltr'>ὲν</span> <span class='ocrx_word' id='word_1_103' title='bbox 1112 1546 1511 1619; x_wconf 86' lang='grc' dir='ltr'>οἰκοδομήμασι</span> <span class='ocrx_word' id='word_1_104' title='bbox 1550 1548 1694 1603; x_wconf 86' lang='grc' dir='ltr'>ναῶν</span> <span class='ocrx_word' id='word_1_105' title='bbox 1726 1549 1906 1602; x_wconf 89' lang='grc' dir='ltr'>καλῶν</span> 
     </span>
    </p>
   </div>
   <div class='ocr_carea' id='block_1_16' title="bbox 327 1631 1905 1710">
    <p class='ocr_par' dir='ltr' id='par_1_16' title="bbox 327 1631 1905 1710">
     <span class='ocr_line' id='line_1_16' title="bbox 327 1631 1905 1710; baseline 0.006 -27"><span class='ocrx_word' id='word_1_106' title='bbox 327 1631 468 1701; x_wconf 86' lang='grc' dir='ltr'>συκῆ</span> <span class='ocrx_word' id='word_1_107' title='bbox 494 1633 837 1703; x_wconf 89' lang='grc' dir='ltr'>γεννηθεῖσα,</span> <span class='ocrx_word' id='word_1_108' title='bbox 863 1635 955 1688; x_wconf 74' lang='grc' dir='ltr'><strong>καὶ</strong></span> <span class='ocrx_word' id='word_1_109' title='bbox 977 1635 1058 1698; x_wconf 87' lang='grc' dir='ltr'><strong>είς</strong></span> <span class='ocrx_word' id='word_1_110' title='bbox 1078 1635 1300 1690; x_wconf 76' lang='grc' dir='ltr'>ἔκτασιν</span> <span class='ocrx_word' id='word_1_111' title='bbox 1328 1637 1423 1691; x_wconf 75' lang='grc' dir='ltr'>καὶ</span> <span class='ocrx_word' id='word_1_112' title='bbox 1453 1637 1683 1709; x_wconf 89' lang='grc' dir='ltr'>μέγεθος</span> <span class='ocrx_word' id='word_1_113' title='bbox 1715 1642 1905 1710; x_wconf 83' lang='grc' dir='ltr'>εὐτρο-</span> 
     </span>
    </p>
   </div>
   <div class='ocr_carea' id='block_1_17' title="bbox 327 1724 1906 1802">
    <p class='ocr_par' dir='ltr' id='par_1_17' title="bbox 327 1724 1906 1802">
     <span class='ocr_line' id='line_1_17' title="bbox 327 1724 1906 1802; baseline -0.007 -7"><span class='ocrx_word' id='word_1_114' title='bbox 327 1724 572 1793; x_wconf 69' lang='grc' dir='ltr'><strong>φήσασαν</strong></span> <span class='ocrx_word' id='word_1_115' title='bbox 619 1725 715 1778; x_wconf 60' lang='grc' dir='ltr'><strong>καὶ</strong></span> <span class='ocrx_word' id='word_1_116' title='bbox 763 1726 858 1779; x_wconf 61' lang='grc' dir='ltr'><strong>ἐπὶ</strong></span> <span class='ocrx_word' id='word_1_117' title='bbox 898 1726 1078 1790; x_wconf 80' lang='grc' dir='ltr'>πάσας</span> <span class='ocrx_word' id='word_1_118' title='bbox 1117 1728 1218 1791; x_wconf 83' lang='grc' dir='ltr'>τὰς</span> <span class='ocrx_word' id='word_1_119' title='bbox 1254 1729 1523 1799; x_wconf 82' lang='grc' dir='ltr'>ἁρμονίας</span> <span class='ocrx_word' id='word_1_120' title='bbox 1553 1729 1906 1802; x_wconf 84' lang='grc' dir='ltr'>πολυκλημά-</span> 
     </span>
    </p>
   </div>
   <div class='ocr_carea' id='block_1_18' title="bbox 2007 507 3583 590">
    <p class='ocr_par' dir='ltr' id='par_1_18' title="bbox 2007 507 3583 590">
     <span class='ocr_line' id='line_1_18' title="bbox 2007 507 3583 590; baseline -0.008 -15"><span class='ocrx_word' id='word_1_121' title='bbox 2007 525 2274 590; x_wconf 69' lang='lat' dir='ltr'><strong>surgeret”.</strong></span> <span class='ocrx_word' id='word_1_122' title='bbox 2309 515 2476 585; x_wconf 90' lang='lat' dir='ltr'><strong>Igitur</strong></span> <span class='ocrx_word' id='word_1_123' title='bbox 2507 530 2577 570; x_wconf 85' lang='lat' dir='ltr'><strong>ne</strong></span> <span class='ocrx_word' id='word_1_124' title='bbox 2608 513 2918 568; x_wconf 78' lang='lat' dir='ltr'><strong>immortale</strong></span> <span class='ocrx_word' id='word_1_125' title='bbox 2959 511 3233 582; x_wconf 86' lang='lat' dir='ltr'><strong>quoddam</strong></span> <span class='ocrx_word' id='word_1_126' title='bbox 3276 523 3340 562; x_wconf 89' lang='lat' dir='ltr'><strong>ac</strong></span> <span class='ocrx_word' id='word_1_127' title='bbox 3379 507 3583 577; x_wconf 81' lang='lat' dir='ltr'><strong>sempi-</strong></span> 
     </span>
    </p>
   </div>
   <div class='ocr_carea' id='block_1_19' title="bbox 2007 598 3584 671">
    <p class='ocr_par' dir='ltr' id='par_1_19' title="bbox 2007 598 3584 671">
     <span class='ocr_line' id='line_1_19' title="bbox 2007 598 3584 671; baseline -0.01 -7"><span class='ocrx_word' id='word_1_128' title='bbox 2007 617 2223 664; x_wconf 90' lang='lat' dir='ltr'><strong>ternum</strong></span> <span class='ocrx_word' id='word_1_129' title='bbox 2277 606 2480 660; x_wconf 86' lang='lat' dir='ltr'><strong>malum</strong></span> <span class='ocrx_word' id='word_1_130' title='bbox 2520 610 2669 660; x_wconf 85' lang='lat' dir='ltr'><strong>esset</strong></span> <span class='ocrx_word' id='word_1_131' title='bbox 2717 603 2906 669; x_wconf 88' lang='lat' dir='ltr'><strong>homo,</strong></span> <span class='ocrx_word' id='word_1_132' title='bbox 2955 608 3017 656; x_wconf 86' lang='lat' dir='ltr'><strong>ut</strong></span> <span class='ocrx_word' id='word_1_133' title='bbox 3065 603 3178 671; x_wconf 89' lang='lat' dir='ltr'><strong>jam</strong></span> <span class='ocrx_word' id='word_1_134' title='bbox 3213 598 3470 660; x_wconf 86' lang='lat' dir='ltr'><strong>diximus,</strong></span> <span class='ocrx_word' id='word_1_135' title='bbox 3519 611 3584 649; x_wconf 84' lang='lat' dir='ltr'><strong>ac</strong></span> 
     </span>
    </p>
   </div>
   <div class='ocr_carea' id='block_1_20' title="bbox 2007 687 3584 772">
    <p class='ocr_par' dir='ltr' id='par_1_20' title="bbox 2007 687 3584 772">
     <span class='ocr_line' id='line_1_20' title="bbox 2007 687 3584 772; baseline -0.01 -16"><span class='ocrx_word' id='word_1_136' title='bbox 2007 701 2220 772; x_wconf 85' lang='lat' dir='ltr'><strong>peccati</strong></span> <span class='ocrx_word' id='word_1_137' title='bbox 2250 700 2305 753; x_wconf 92' lang='lat' dir='ltr'><strong>in</strong></span> <span class='ocrx_word' id='word_1_138' title='bbox 2343 713 2466 754; x_wconf 91' lang='lat' dir='ltr'><strong>sese</strong></span> <span class='ocrx_word' id='word_1_139' title='bbox 2496 696 2926 752; x_wconf 84' lang='lat' dir='ltr'><strong>dominationem</strong></span> <span class='ocrx_word' id='word_1_140' title='bbox 2955 692 3184 757; x_wconf 87' lang='lat' dir='ltr'><strong>foveret,</strong></span> <span class='ocrx_word' id='word_1_141' title='bbox 3226 699 3412 760; x_wconf 77' lang='lat' dir='ltr'><strong>utpote</strong></span> <span class='ocrx_word' id='word_1_142' title='bbox 3439 687 3584 759; x_wconf 88' lang='lat' dir='ltr'><strong>quod</strong></span> 
     </span>
    </p>
   </div>
   <div class='ocr_carea' id='block_1_21' title="bbox 2007 781 3585 861">
    <p class='ocr_par' dir='ltr' id='par_1_21' title="bbox 2007 781 3585 861">
     <span class='ocr_line' id='line_1_21' title="bbox 2007 781 3585 861; baseline -0.01 -13"><span class='ocrx_word' id='word_1_143' title='bbox 2007 793 2302 849; x_wconf 88' lang='lat' dir='ltr'><strong>immortali</strong></span> <span class='ocrx_word' id='word_1_144' title='bbox 2345 792 2402 847; x_wconf 91' lang='lat' dir='ltr'><strong>in</strong></span> <span class='ocrx_word' id='word_1_145' title='bbox 2447 804 2680 861; x_wconf 88' lang='lat' dir='ltr'><strong>corpore</strong></span> <span class='ocrx_word' id='word_1_146' title='bbox 2706 787 3016 860; x_wconf 86' lang='lat' dir='ltr'><strong>pullularet,</strong></span> <span class='ocrx_word' id='word_1_147' title='bbox 3049 793 3106 841; x_wconf 93' lang='lat' dir='ltr'><strong>et</strong></span> <span class='ocrx_word' id='word_1_148' title='bbox 3135 781 3428 840; x_wconf 88' lang='lat' dir='ltr'><strong>immortali</strong></span> <span class='ocrx_word' id='word_1_149' title='bbox 3457 794 3585 851; x_wconf 85' lang='lat' dir='ltr'><strong>per-</strong></span> 
     </span>
    </p>
   </div>
   <div class='ocr_carea' id='block_1_22' title="bbox 2007 874 3606 956">
    <p class='ocr_par' dir='ltr' id='par_1_22' title="bbox 2007 874 3606 956">
     <span class='ocr_line' id='line_1_22' title="bbox 2007 874 3606 956; baseline -0.008 -15"><span class='ocrx_word' id='word_1_150' title='bbox 2007 885 2134 942; x_wconf 89' lang='lat' dir='ltr'><strong>inde</strong></span> <span class='ocrx_word' id='word_1_151' title='bbox 2161 886 2421 940; x_wconf 89' lang='lat' dir='ltr'><strong>alimento</strong></span> <span class='ocrx_word' id='word_1_152' title='bbox 2453 884 2732 956; x_wconf 83' lang='lat' dir='ltr'><strong>glisceret,</strong></span> <span class='ocrx_word' id='word_1_153' title='bbox 2762 889 3053 953; x_wconf 74' lang='lat' dir='ltr'><strong>propterea</strong></span> <span class='ocrx_word' id='word_1_154' title='bbox 3100 877 3394 932; x_wconf 81' lang='lat' dir='ltr'><strong>mortalem</strong></span> <span class='ocrx_word' id='word_1_155' title='bbox 3433 874 3606 929; x_wconf 78' lang='lat' dir='ltr'><strong>illum.</strong></span> 
     </span>
    </p>
   </div>
   <div class='ocr_carea' id='block_1_23' title="bbox 2008 966 3605 1043">
    <p class='ocr_par' dir='ltr' id='par_1_23' title="bbox 2008 966 3605 1043">
     <span class='ocr_line' id='line_1_23' title="bbox 2008 966 3605 1043; baseline -0.009 -10"><span class='ocrx_word' id='word_1_156' title='bbox 2008 979 2151 1035; x_wconf 90' lang='lat' dir='ltr'><strong>Deus</strong></span> <span class='ocrx_word' id='word_1_157' title='bbox 2185 995 2310 1034; x_wconf 88' lang='lat' dir='ltr'><strong>esse</strong></span> <span class='ocrx_word' id='word_1_158' title='bbox 2360 979 2556 1043; x_wconf 90' lang='lat' dir='ltr'><strong>voluit,</strong></span> <span class='ocrx_word' id='word_1_159' title='bbox 2599 992 2665 1031; x_wconf 91' lang='lat' dir='ltr'><strong>ac</strong></span> <span class='ocrx_word' id='word_1_160' title='bbox 2716 984 2893 1030; x_wconf 88' lang='lat' dir='ltr'><strong>morte</strong></span> <span class='ocrx_word' id='word_1_161' title='bbox 2924 970 3226 1027; x_wconf 84' lang='lat' dir='ltr'><strong>damnavit.</strong></span> <span class='ocrx_word' id='word_1_162' title='bbox 3281 967 3414 1022; x_wconf 29' lang='lat' dir='ltr'><strong>Hoc,</strong></span> <span class='ocrx_word' id='word_1_163' title='bbox 3442 966 3605 1021; x_wconf 89' lang='lat' dir='ltr'><strong>enim-</strong></span> 
     </span>
    </p>
   </div>
   <div class='ocr_carea' id='block_1_24' title="bbox 2008 1059 3608 1139">
    <p class='ocr_par' dir='ltr' id='par_1_24' title="bbox 2008 1059 3608 1139">
     <span class='ocr_line' id='line_1_24' title="bbox 2008 1059 3608 1139; baseline -0.011 -11"><span class='ocrx_word' id='word_1_164' title='bbox 2008 1081 2235 1128; x_wconf 78' lang='lat' dir='ltr'><strong>scorteze</strong></span> <span class='ocrx_word' id='word_1_165' title='bbox 2279 1071 2385 1126; x_wconf 71' lang='lat' dir='ltr'><strong>illae</strong></span> <span class='ocrx_word' id='word_1_166' title='bbox 2416 1069 2620 1125; x_wconf 73' lang='lat' dir='ltr'><strong>tunica:</strong></span> <span class='ocrx_word' id='word_1_167' title='bbox 2649 1065 3062 1139; x_wconf 84' lang='lat' dir='ltr'><strong>signiﬁcabant;</strong></span> <span class='ocrx_word' id='word_1_168' title='bbox 3118 1069 3178 1118; x_wconf 87' lang='lat' dir='ltr'><strong>ut</strong></span> <span class='ocrx_word' id='word_1_169' title='bbox 3224 1059 3608 1116; x_wconf 84' lang='lat' dir='ltr'><strong>dissolutione-</strong></span> 
     </span>
    </p>
   </div>
   <div class='ocr_carea' id='block_1_25' title="bbox 2006 1154 3588 1238">
    <p class='ocr_par' dir='ltr' id='par_1_25' title="bbox 2006 1154 3588 1238">
     <span class='ocr_line' id='line_1_25' title="bbox 2006 1154 3588 1238; baseline -0.011 -16"><span class='ocrx_word' id='word_1_170' title='bbox 2006 1169 2386 1238; x_wconf 88' lang='lat' dir='ltr'><strong>divisioneque</strong></span> <span class='ocrx_word' id='word_1_171' title='bbox 2416 1167 2666 1238; x_wconf 89' lang='lat' dir='ltr'><strong>corporis</strong></span> <span class='ocrx_word' id='word_1_172' title='bbox 2701 1179 2862 1219; x_wconf 90' lang='lat' dir='ltr'><strong>omne</strong></span> <span class='ocrx_word' id='word_1_173' title='bbox 2891 1177 2956 1217; x_wconf 82' lang='lat' dir='ltr'><strong>ex</strong></span> <span class='ocrx_word' id='word_1_174' title='bbox 2992 1161 3103 1215; x_wconf 93' lang='lat' dir='ltr'><strong>imo</strong></span> <span class='ocrx_word' id='word_1_175' title='bbox 3136 1165 3421 1229; x_wconf 89' lang='lat' dir='ltr'><strong>peccatum</strong></span> <span class='ocrx_word' id='word_1_176' title='bbox 3461 1154 3588 1210; x_wconf 89' lang='lat' dir='ltr'><strong>stir-</strong></span> 
     </span>
    </p>
   </div>
   <div class='ocr_carea' id='block_1_26' title="bbox 2008 1247 3590 1332">
    <p class='ocr_par' dir='ltr' id='par_1_26' title="bbox 2008 1247 3590 1332">
     <span class='ocr_line' id='line_1_26' title="bbox 2008 1247 3590 1332; baseline -0.008 -18"><span class='ocrx_word' id='word_1_177' title='bbox 2008 1261 2156 1332; x_wconf 89' lang='lat' dir='ltr'><strong>pitus</strong></span> <span class='ocrx_word' id='word_1_178' title='bbox 2201 1266 2560 1324; x_wconf 89' lang='lat' dir='ltr'><strong>enecaretur;</strong></span> <span class='ocrx_word' id='word_1_179' title='bbox 2598 1274 2662 1312; x_wconf 91' lang='lat' dir='ltr'><strong>ac</strong></span> <span class='ocrx_word' id='word_1_180' title='bbox 2709 1273 2775 1312; x_wconf 85' lang='lat' dir='ltr'><strong>ne.</strong></span> <span class='ocrx_word' id='word_1_181' title='bbox 2824 1252 3159 1309; x_wconf 69' lang='lat' dir='ltr'><strong>tenuissima:</strong></span> <span class='ocrx_word' id='word_1_182' title='bbox 3191 1249 3407 1320; x_wconf 80' lang='lat' dir='ltr'><strong>quidem</strong></span> <span class='ocrx_word' id='word_1_183' title='bbox 3442 1247 3590 1323; x_wconf 75' lang='lat' dir='ltr'><strong>librat</strong></span> 
     </span>
    </p>
   </div>
   <div class='ocr_carea' id='block_1_27' title="bbox 2007 1342 3591 1416">
    <p class='ocr_par' dir='ltr' id='par_1_27' title="bbox 2007 1342 3591 1416">
     <span class='ocr_line' id='line_1_27' title="bbox 2007 1342 3591 1416; baseline -0.01 -11"><span class='ocrx_word' id='word_1_184' title='bbox 2007 1359 2386 1416; x_wconf 86' lang='lat' dir='ltr'><strong>remanerent;</strong></span> <span class='ocrx_word' id='word_1_185' title='bbox 2435 1350 2577 1402; x_wconf 90' lang='lat' dir='ltr'><strong>unde</strong></span> <span class='ocrx_word' id='word_1_186' title='bbox 2613 1362 2752 1402; x_wconf 88' lang='lat' dir='ltr'><strong>nova</strong></span> <span class='ocrx_word' id='word_1_187' title='bbox 2801 1344 3034 1400; x_wconf 84' lang='lat' dir='ltr'><strong>subinde</strong></span> <span class='ocrx_word' id='word_1_188' title='bbox 3065 1342 3308 1416; x_wconf 84' lang='lat' dir='ltr'><strong>germina</strong></span> <span class='ocrx_word' id='word_1_189' title='bbox 3339 1344 3591 1408; x_wconf 83' lang='lat' dir='ltr'><strong>peccato-</strong></span> 
     </span>
    </p>
   </div>
   <div class='ocr_carea' id='block_1_28' title="bbox 2007 1440 2576 1498">
    <p class='ocr_par' dir='ltr' id='par_1_28' title="bbox 2007 1440 2576 1498">
     <span class='ocr_line' id='line_1_28' title="bbox 2007 1440 2576 1498; baseline -0.004 -2"><span class='ocrx_word' id='word_1_190' title='bbox 2007 1457 2130 1498; x_wconf 85' lang='lat' dir='ltr'><strong>rum</strong></span> <span class='ocrx_word' id='word_1_191' title='bbox 2158 1440 2576 1498; x_wconf 74' lang='lat' dir='ltr'><strong>efﬂorescerent.</strong></span> 
     </span>
    </p>
   </div>
   <div class='ocr_carea' id='block_1_29' title="bbox 2079 1521 3600 1604">
    <p class='ocr_par' dir='ltr' id='par_1_29' title="bbox 2079 1521 3600 1604">
     <span class='ocr_line' id='line_1_29' title="bbox 2079 1521 3600 1604; baseline -0.012 -13"><span class='ocrx_word' id='word_1_192' title='bbox 2079 1532 2246 1604; x_wconf 66' lang='grc'><strong>548</strong></span> <span class='ocrx_word' id='word_1_193' title='bbox 2283 1530 2449 1586; x_wconf 71' lang='lat' dir='ltr'><strong>XXV.</strong></span> <span class='ocrx_word' id='word_1_194' title='bbox 2495 1529 2564 1584; x_wconf 92' lang='lat' dir='ltr'><strong>Ut</strong></span> <span class='ocrx_word' id='word_1_195' title='bbox 2592 1529 2736 1584; x_wconf 88' lang='lat' dir='ltr'><strong>enim</strong></span> <span class='ocrx_word' id='word_1_196' title='bbox 2763 1544 2793 1583; x_wconf 88' lang='lat' dir='ltr'><strong>e</strong></span> <span class='ocrx_word' id='word_1_197' title='bbox 2823 1526 3232 1597; x_wconf 85' lang='lat' dir='ltr'><strong>magniﬁcorum</strong></span> <span class='ocrx_word' id='word_1_198' title='bbox 3266 1521 3600 1592; x_wconf 75' lang='lat' dir='ltr'><strong>templorum</strong></span> 
     </span>
    </p>
   </div>
   <div class='ocr_carea' id='block_1_30' title="bbox 2009 1614 3588 1694">
    <p class='ocr_par' dir='ltr' id='par_1_30' title="bbox 2009 1614 3588 1694">
     <span class='ocr_line' id='line_1_30' title="bbox 2009 1614 3588 1694; baseline -0.008 -14"><span class='ocrx_word' id='word_1_199' title='bbox 2009 1634 2288 1681; x_wconf 86' lang='lat' dir='ltr'><strong>structura</strong></span> <span class='ocrx_word' id='word_1_200' title='bbox 2323 1623 2614 1694; x_wconf 82' lang='lat' dir='ltr'><strong>caprificus</strong></span> <span class='ocrx_word' id='word_1_201' title='bbox 2652 1634 2941 1681; x_wconf 88' lang='lat' dir='ltr'><strong>enascens,</strong></span> <span class='ocrx_word' id='word_1_202' title='bbox 2977 1627 3141 1687; x_wconf 88' lang='lat' dir='ltr'><strong>atque</strong></span> <span class='ocrx_word' id='word_1_203' title='bbox 3184 1617 3238 1668; x_wconf 93' lang='lat' dir='ltr'><strong>iu</strong></span> <span class='ocrx_word' id='word_1_204' title='bbox 3293 1614 3588 1669; x_wconf 76' lang='lat' dir='ltr'><strong>maximam</strong></span> 
     </span>
    </p>
   </div>
   <div class='ocr_carea' id='block_1_31' title="bbox 2009 1705 3590 1788">
    <p class='ocr_par' dir='ltr' id='par_1_31' title="bbox 2009 1705 3590 1788">
     <span class='ocr_line' id='line_1_31' title="bbox 2009 1705 3590 1788; baseline -0.008 -17"><span class='ocrx_word' id='word_1_205' title='bbox 2009 1715 2424 1788; x_wconf 88' lang='lat' dir='ltr'><strong>amplitudinem</strong></span> <span class='ocrx_word' id='word_1_206' title='bbox 2459 1715 2800 1776; x_wconf 87' lang='lat' dir='ltr'><strong>adolescens,</strong></span> <span class='ocrx_word' id='word_1_207' title='bbox 2826 1719 2882 1767; x_wconf 87' lang='lat' dir='ltr'><strong>ct</strong></span> <span class='ocrx_word' id='word_1_208' title='bbox 2917 1708 3312 1779; x_wconf 85' lang='lat' dir='ltr'><strong>multiplicibus</strong></span> <span class='ocrx_word' id='word_1_209' title='bbox 3339 1705 3590 1760; x_wconf 83' lang='lat' dir='ltr'><strong>radicum</strong></span> 
     </span>
    </p>
   </div>
   <div class='ocr_carea' id='block_1_32' title="bbox 327 1800 1914 1890">
    <p class='ocr_par' dir='ltr' id='par_1_32' title="bbox 327 1800 1904 1890">
     <span class='ocr_line' id='line_1_32' title="bbox 327 1800 1904 1890; baseline 0.004 -25"><span class='ocrx_word' id='word_1_210' title='bbox 327 1831 440 1876; x_wconf 87' lang='grc' dir='ltr'>τοις</span> <span class='ocrx_word' id='word_1_211' title='bbox 493 1813 671 1884; x_wconf 77' lang='grc' dir='ltr'>ῥίζαις</span> <span class='ocrx_word' id='word_1_212' title='bbox 713 1815 822 1868; x_wconf 90' lang='grc' dir='ltr'><strong>τῶν</strong></span> <span class='ocrx_word' id='word_1_213' title='bbox 869 1815 1030 1870; x_wconf 90' lang='grc' dir='ltr'>λίθων</span> <span class='ocrx_word' id='word_1_214' title='bbox 1061 1817 1358 1888; x_wconf 82' lang='grc' dir='ltr'>κεχυμένη,</span> <span class='ocrx_word' id='word_1_215' title='bbox 1395 1819 1454 1870; x_wconf 87' lang='grc' dir='ltr'><strong>οὐ</strong></span> <span class='ocrx_word' id='word_1_216' title='bbox 1505 1800 1904 1890; x_wconf 21' lang='grc' dir='ltr'>πρότερονητοῦ</span> 
     </span>
    </p>
   </div>
   <div class='ocr_carea' id='block_1_33' title="bbox 2017 1800 3596 1890">
    <p class='ocr_par' dir='ltr' id='par_1_33' title="bbox 2017 1801 3596 1878">
     <span class='ocr_line' id='line_1_33' title="bbox 2017 1801 3596 1878; baseline -0.009 -13"><span class='ocrx_word' id='word_1_217' title='bbox 2017 1810 2256 1865; x_wconf 85' lang='lat' dir='ltr'><strong>brachiis</strong></span> <span class='ocrx_word' id='word_1_218' title='bbox 2287 1824 2384 1878; x_wconf 89' lang='lat' dir='ltr'><strong>per</strong></span> <span class='ocrx_word' id='word_1_219' title='bbox 2418 1805 2879 1876; x_wconf 83' lang='lat' dir='ltr'><strong>omnes-lapidum</strong></span> <span class='ocrx_word' id='word_1_220' title='bbox 2914 1801 3107 1856; x_wconf 78' lang='lat' dir='ltr'><strong>diﬂ&#39;usa</strong></span> <span class='ocrx_word' id='word_1_221' title='bbox 3137 1813 3452 1870; x_wconf 81' lang='lat' dir='ltr'><strong>compages,</strong></span> <span class='ocrx_word' id='word_1_222' title='bbox 3485 1813 3596 1851; x_wconf 87' lang='lat' dir='ltr'><strong>non</strong></span> 
     </span>
    </p>
   </div>
   <div class='ocr_carea' id='block_1_34' title="bbox 327 1904 1903 1982">
    <p class='ocr_par' dir='ltr' id='par_1_34' title="bbox 327 1904 1903 1982">
     <span class='ocr_line' id='line_1_34' title="bbox 327 1904 1903 1982; baseline 0.005 -26"><span class='ocrx_word' id='word_1_223' title='bbox 327 1904 484 1973; x_wconf 86' lang='grc' dir='ltr'>φύειν</span> <span class='ocrx_word' id='word_1_224' title='bbox 537 1905 842 1972; x_wconf 80' lang='grc' dir='ltr'>στέλλεται,</span> <span class='ocrx_word' id='word_1_225' title='bbox 891 1907 996 1972; x_wconf 82' lang='grc' dir='ltr'>ἓως</span> <span class='ocrx_word' id='word_1_226' title='bbox 1029 1909 1179 1962; x_wconf 75' lang='grc' dir='ltr'>πᾶσα</span> <span class='ocrx_word' id='word_1_227' title='bbox 1230 1909 1593 1982; x_wconf 84' lang='grc' dir='ltr'>ἀποσπασθῇ,</span> <span class='ocrx_word' id='word_1_228' title='bbox 1633 1910 1903 1964; x_wconf 87' lang='grc' dir='ltr'>λυθέντων</span> 
     </span>
    </p>
   </div>
   <div class='ocr_carea' id='block_1_35' title="bbox 326 1993 1906 2068">
    <p class='ocr_par' dir='ltr' id='par_1_35' title="bbox 326 1993 1906 2068">
     <span class='ocr_line' id='line_1_35' title="bbox 326 1993 1906 2068; baseline 0.004 -22"><span class='ocrx_word' id='word_1_229' title='bbox 326 1993 435 2047; x_wconf 85' lang='grc' dir='ltr'><strong>τῶν</strong></span> <span class='ocrx_word' id='word_1_230' title='bbox 468 1994 590 2048; x_wconf 84' lang='grc' dir='ltr'>καθ’</span> <span class='ocrx_word' id='word_1_231' title='bbox 614 1994 709 2059; x_wconf 85' lang='grc' dir='ltr'><strong>οὓς</strong></span> <span class='ocrx_word' id='word_1_232' title='bbox 736 1996 1038 2068; x_wconf 81' lang='grc' dir='ltr'>ἐϐλάστησε</span> <span class='ocrx_word' id='word_1_233' title='bbox 1077 1998 1277 2062; x_wconf 86' lang='grc' dir='ltr'>τόπους</span> <span class='ocrx_word' id='word_1_234' title='bbox 1305 1997 1416 2052; x_wconf 87' lang='grc' dir='ltr'><strong>τῶν</strong></span> <span class='ocrx_word' id='word_1_235' title='bbox 1448 1999 1612 2053; x_wconf 89' lang='grc' dir='ltr'>λίθων</span> <span class='ocrx_word' id='word_1_236' title='bbox 1631 2016 1645 2030; x_wconf 86' lang='grc'>⁶</span> <span class='ocrx_word' id='word_1_237' title='bbox 1679 2001 1906 2053; x_wconf 83' lang='grc' dir='ltr'>δυνατὸν</span> 
     </span>
    </p>
   </div>
   <div class='ocr_carea' id='block_1_36' title="bbox 335 2087 1907 2163">
    <p class='ocr_par' dir='ltr' id='par_1_36' title="bbox 335 2087 1907 2163">
     <span class='ocr_line' id='line_1_36' title="bbox 335 2087 1907 2163; baseline 0.004 -25"><span class='ocrx_word' id='word_1_238' title='bbox 335 2089 435 2156; x_wconf 73' lang='grc' dir='ltr'>γὰρ</span> <span class='ocrx_word' id='word_1_239' title='bbox 491 2087 653 2140; x_wconf 87' lang='grc' dir='ltr'>πάλιν</span> <span class='ocrx_word' id='word_1_240' title='bbox 706 2090 788 2151; x_wconf 77' lang='grc' dir='ltr'><strong>εἰς</strong></span> <span class='ocrx_word' id='word_1_241' title='bbox 836 2089 962 2153; x_wconf 83' lang='grc' dir='ltr'>τοὺς</span> <span class='ocrx_word' id='word_1_242' title='bbox 995 2091 1206 2145; x_wconf 78' lang='grc' dir='ltr'>ἑαυτῶν</span> <span class='ocrx_word' id='word_1_243' title='bbox 1255 2091 1658 2163; x_wconf 80' lang='grc' dir='ltr'>ἑναρμοσθῆναι</span> <span class='ocrx_word' id='word_1_244' title='bbox 1707 2093 1907 2157; x_wconf 89' lang='grc' dir='ltr'>τόπους</span> 
     </span>
    </p>
   </div>
   <div class='ocr_carea' id='block_1_37' title="bbox 327 2177 1907 2253">
    <p class='ocr_par' dir='ltr' id='par_1_37' title="bbox 327 2177 1907 2253">
     <span class='ocr_line' id='line_1_37' title="bbox 327 2177 1907 2253; baseline 0.004 -24"><span class='ocrx_word' id='word_1_245' title='bbox 327 2179 454 2240; x_wconf 74' lang='grc' dir='ltr'>τοὺς</span> <span class='ocrx_word' id='word_1_246' title='bbox 503 2177 700 2244; x_wconf 81' lang='grc' dir='ltr'>λίθους,</span> <span class='ocrx_word' id='word_1_247' title='bbox 742 2179 842 2250; x_wconf 78' lang='grc' dir='ltr'><strong>τῆς</strong></span> <span class='ocrx_word' id='word_1_248' title='bbox 881 2180 1053 2250; x_wconf 81' lang='grc' dir='ltr'>συκῆς</span> <span class='ocrx_word' id='word_1_249' title='bbox 1095 2181 1494 2253; x_wconf 82' lang='grc' dir='ltr'>ἀφῃρημένης,</span> <span class='ocrx_word' id='word_1_250' title='bbox 1540 2181 1690 2245; x_wconf 83' lang='grc' dir='ltr'>ὅπως</span> <span class='ocrx_word' id='word_1_251' title='bbox 1733 2184 1761 2234; x_wconf 98' lang='lat'><strong>6</strong></span> <span class='ocrx_word' id='word_1_252' title='bbox 1806 2181 1907 2252; x_wconf 86' lang='grc' dir='ltr'><strong>μὲν</strong></span> 
     </span>
    </p>
   </div>
   <div class='ocr_carea' id='block_1_38' title="bbox 326 2267 1908 2340">
    <p class='ocr_par' dir='ltr' id='par_1_38' title="bbox 326 2267 1908 2340">
     <span class='ocr_line' id='line_1_38' title="bbox 326 2267 1908 2340; baseline 0.004 -22"><span class='ocrx_word' id='word_1_253' title='bbox 326 2267 456 2330; x_wconf 81' lang='grc' dir='ltr'>ναὸς</span> <span class='ocrx_word' id='word_1_254' title='bbox 484 2267 746 2340; x_wconf 83' lang='grc' dir='ltr'>σώζηται,</span> <span class='ocrx_word' id='word_1_255' title='bbox 780 2270 946 2339; x_wconf 82' lang='grc' dir='ltr'>μηδὲν</span> <span class='ocrx_word' id='word_1_256' title='bbox 980 2271 1092 2325; x_wconf 89' lang='grc' dir='ltr'><strong>τῶν</strong></span> <span class='ocrx_word' id='word_1_257' title='bbox 1133 2269 1504 2340; x_wconf 82' lang='grc' dir='ltr'>ἀφανιζόντων</span> <span class='ocrx_word' id='word_1_258' title='bbox 1530 2271 1692 2324; x_wconf 80' lang='grc' dir='ltr'>αὐτὸν</span> <span class='ocrx_word' id='word_1_259' title='bbox 1722 2273 1908 2325; x_wconf 84' lang='grc' dir='ltr'>κακῶν</span> 
     </span>
    </p>
   </div>
   <div class='ocr_carea' id='block_1_39' title="bbox 327 2357 1911 2435">
    <p class='ocr_par' dir='ltr' id='par_1_39' title="bbox 327 2357 1911 2435">
     <span class='ocr_line' id='line_1_39' title="bbox 327 2357 1911 2435; baseline 0.005 -25"><span class='ocrx_word' id='word_1_260' title='bbox 327 2357 505 2430; x_wconf 82' lang='grc' dir='ltr'>ἑαυτῷ</span> <span class='ocrx_word' id='word_1_261' title='bbox 538 2361 734 2429; x_wconf 87' lang='grc' dir='ltr'>μηκέτι</span> <span class='ocrx_word' id='word_1_262' title='bbox 770 2361 972 2431; x_wconf 88' lang='grc' dir='ltr'>φέρων,</span> <span class='ocrx_word' id='word_1_263' title='bbox 1004 2363 1036 2433; x_wconf 84' lang='grc' dir='ltr'><strong>ή</strong></span> <span class='ocrx_word' id='word_1_264' title='bbox 1081 2362 1138 2415; x_wconf 81' lang='grc' dir='ltr'><strong>δὲ</strong></span> <span class='ocrx_word' id='word_1_265' title='bbox 1179 2363 1316 2433; x_wconf 86' lang='grc' dir='ltr'>συκῆ</span> <span class='ocrx_word' id='word_1_266' title='bbox 1354 2364 1505 2416; x_wconf 79' lang='grc' dir='ltr'>πᾶσα</span> <span class='ocrx_word' id='word_1_267' title='bbox 1535 2363 1911 2435; x_wconf 89' lang='grc' dir='ltr'>προθέλυμνος</span> 
     </span>
    </p>
   </div>
   <div class='ocr_carea' id='block_1_40' title="bbox 330 2454 1911 2528">
    <p class='ocr_par' dir='ltr' id='par_1_40' title="bbox 330 2454 1911 2528">
     <span class='ocr_line' id='line_1_40' title="bbox 330 2454 1911 2528; baseline 0.004 -22"><span class='ocrx_word' id='word_1_268' title='bbox 330 2454 744 2508; x_wconf 86' lang='grc' dir='ltr'>ἀποσπασθεῖσα</span> <span class='ocrx_word' id='word_1_269' title='bbox 790 2457 1070 2528; x_wconf 73' lang='grc' dir='ltr'>ἀποθάνῃο</span> <span class='ocrx_word' id='word_1_270' title='bbox 1120 2457 1262 2510; x_wconf 87' lang='grc' dir='ltr'>κατὰ</span> <span class='ocrx_word' id='word_1_271' title='bbox 1311 2457 1482 2510; x_wconf 89' lang='grc' dir='ltr'>ταῦτα</span> <span class='ocrx_word' id='word_1_272' title='bbox 1515 2459 1609 2511; x_wconf 81' lang='grc' dir='ltr'>καὶ</span> <span class='ocrx_word' id='word_1_273' title='bbox 1646 2462 1674 2512; x_wconf 90' lang='lat'><strong>6</strong></span> <span class='ocrx_word' id='word_1_274' title='bbox 1713 2457 1846 2523; x_wconf 84' lang='grc' dir='ltr'>Θεὸς</span> <span class='ocrx_word' id='word_1_275' title='bbox 1882 2461 1911 2513; x_wconf 89' lang='lat'><strong>6</strong></span> 
     </span>
    </p>
   </div>
   <div class='ocr_carea' id='block_1_41' title="bbox 328 2547 1912 2621">
    <p class='ocr_par' dir='ltr' id='par_1_41' title="bbox 328 2547 1912 2621">
     <span class='ocr_line' id='line_1_41' title="bbox 328 2547 1912 2621; baseline 0.004 -25"><span class='ocrx_word' id='word_1_276' title='bbox 328 2547 578 2616; x_wconf 83' lang='grc' dir='ltr'>τεχνίτης</span> <span class='ocrx_word' id='word_1_277' title='bbox 606 2547 698 2599; x_wconf 84' lang='grc' dir='ltr'><strong>τὸν</strong></span> <span class='ocrx_word' id='word_1_278' title='bbox 726 2547 922 2600; x_wconf 80' lang='grc' dir='ltr'>ἑαυτοῦ</span> <span class='ocrx_word' id='word_1_279' title='bbox 951 2548 1057 2600; x_wconf 88' lang='grc' dir='ltr'><strong>νεὼ</strong></span> <span class='ocrx_word' id='word_1_280' title='bbox 1086 2548 1178 2602; x_wconf 84' lang='grc' dir='ltr'><strong>τὸν</strong></span> <span class='ocrx_word' id='word_1_281' title='bbox 1200 2549 1506 2620; x_wconf 80' lang='grc' dir='ltr'>ἄνθρωπον,</span> <span class='ocrx_word' id='word_1_282' title='bbox 1536 2549 1692 2619; x_wconf 89' lang='grc' dir='ltr'>δίκην</span> <span class='ocrx_word' id='word_1_283' title='bbox 1711 2549 1912 2621; x_wconf 86' lang='grc' dir='ltr'>ἀγρίας</span> 
     </span>
    </p>
   </div>
   <div class='ocr_carea' id='block_1_42' title="bbox 330 2637 1910 2711">
    <p class='ocr_par' dir='ltr' id='par_1_42' title="bbox 330 2637 1910 2711">
     <span class='ocr_line' id='line_1_42' title="bbox 330 2637 1910 2711; baseline 0.006 -24"><span class='ocrx_word' id='word_1_284' title='bbox 330 2637 501 2706; x_wconf 85' lang='grc' dir='ltr'>συκῆς</span> <span class='ocrx_word' id='word_1_285' title='bbox 529 2637 628 2707; x_wconf 81' lang='grc' dir='ltr'>τὴν</span> <span class='ocrx_word' id='word_1_286' title='bbox 663 2639 940 2710; x_wconf 82' lang='grc' dir='ltr'>ἁμαρτίαν</span> <span class='ocrx_word' id='word_1_287' title='bbox 974 2641 1377 2711; x_wconf 88' lang='grc' dir='ltr'>βλαστήσαντα,</span> <span class='ocrx_word' id='word_1_288' title='bbox 1413 2642 1646 2706; x_wconf 85' lang='grc' dir='ltr'>διέλυσε,</span> <span class='ocrx_word' id='word_1_289' title='bbox 1679 2643 1910 2696; x_wconf 89' lang='grc' dir='ltr'>θανάτου</span> 
     </span>
    </p>
   </div>
   <div class='ocr_carea' id='block_1_43' title="bbox 330 2729 1910 2804">
    <p class='ocr_par' dir='ltr' id='par_1_43' title="bbox 330 2729 1910 2804">
     <span class='ocr_line' id='line_1_43' title="bbox 330 2729 1910 2804; baseline 0.005 -24"><span class='ocrx_word' id='word_1_290' title='bbox 330 2729 688 2800; x_wconf 86' lang='grc' dir='ltr'>προσκαίροις</span> <span class='ocrx_word' id='word_1_291' title='bbox 745 2733 1074 2801; x_wconf 88' lang='grc' dir='ltr'>προσϐολαῖς</span> <span class='ocrx_word' id='word_1_292' title='bbox 1117 2734 1489 2799; x_wconf 87' lang='grc' dir='ltr'>ἀποκτείνων,</span> <span class='ocrx_word' id='word_1_293' title='bbox 1535 2734 1678 2789; x_wconf 87' lang='grc' dir='ltr'><strong>κατά</strong></span> <span class='ocrx_word' id='word_1_294' title='bbox 1719 2735 1778 2786; x_wconf 80' lang='grc' dir='ltr'><strong>τὸ</strong></span> <span class='ocrx_word' id='word_1_295' title='bbox 1821 2752 1910 2804; x_wconf 86' lang='grc' dir='ltr'>γε-</span> 
     </span>
    </p>
   </div>
   <div class='ocr_carea' id='block_1_44' title="bbox 331 2821 1908 2898">
    <p class='ocr_par' dir='ltr' id='par_1_44' title="bbox 331 2821 1908 2898">
     <span class='ocr_line' id='line_1_44' title="bbox 331 2821 1908 2898; baseline 0.006 -26"><span class='ocrx_word' id='word_1_296' title='bbox 331 2821 673 2890; x_wconf 85' lang='grc' dir='ltr'>γραμμένον,</span> <span class='ocrx_word' id='word_1_297' title='bbox 709 2823 803 2875; x_wconf 72' lang='grc' dir='ltr'><strong>καὶ</strong></span> <span class='ocrx_word' id='word_1_298' title='bbox 834 2822 1145 2890; x_wconf 82' lang='grc' dir='ltr'>ζωοποιῶν,</span> <span class='ocrx_word' id='word_1_299' title='bbox 1177 2825 1264 2878; x_wconf 78' lang='grc' dir='ltr'>ἵνα</span> <span class='ocrx_word' id='word_1_300' title='bbox 1312 2824 1476 2878; x_wconf 89' lang='grc' dir='ltr'>πάλιν</span> <span class='ocrx_word' id='word_1_301' title='bbox 1518 2825 1628 2879; x_wconf 90' lang='grc' dir='ltr'><strong>τῶν</strong></span> <span class='ocrx_word' id='word_1_302' title='bbox 1665 2825 1846 2880; x_wconf 82' lang='grc' dir='ltr'>αὐτῶν</span> <span class='ocrx_word' id='word_1_303' title='bbox 1874 2829 1908 2898; x_wconf 83' lang='grc' dir='ltr'>ἡ</span> 
     </span>
    </p>
   </div>
   <div class='ocr_carea' id='block_1_45' title="bbox 331 2913 1912 2987">
    <p class='ocr_par' dir='ltr' id='par_1_45' title="bbox 331 2913 1912 2987">
     <span class='ocr_line' id='line_1_45' title="bbox 331 2913 1912 2987; baseline 0.004 -24"><span class='ocrx_word' id='word_1_304' title='bbox 331 2913 468 2984; x_wconf 69' lang='grc' dir='ltr'>σὰρξ</span> <span class='ocrx_word' id='word_1_305' title='bbox 505 2913 686 2986; x_wconf 87' lang='grc' dir='ltr'>μερῶν</span> <span class='ocrx_word' id='word_1_306' title='bbox 725 2915 865 2985; x_wconf 83' lang='grc' dir='ltr'>μετὰ</span> <span class='ocrx_word' id='word_1_307' title='bbox 907 2916 968 2968; x_wconf 86' lang='grc' dir='ltr'><strong>τὸ</strong></span> <span class='ocrx_word' id='word_1_308' title='bbox 1005 2914 1368 2987; x_wconf 81' lang='grc' dir='ltr'>ξηρανθῆναι,</span> <span class='ocrx_word' id='word_1_309' title='bbox 1404 2918 1499 2970; x_wconf 77' lang='grc' dir='ltr'>καὶ</span> <span class='ocrx_word' id='word_1_310' title='bbox 1531 2917 1822 2971; x_wconf 83' lang='grc' dir='ltr'>ἀποθανεῖν</span> <span class='ocrx_word' id='word_1_311' title='bbox 1851 2918 1912 2970; x_wconf 84' lang='grc' dir='ltr'>τὺ</span> 
     </span>
    </p>
   </div>
   <div class='ocr_carea' id='block_1_46' title="bbox 330 3004 1912 3078">
    <p class='ocr_par' dir='ltr' id='par_1_46' title="bbox 330 3004 1912 3078">
     <span class='ocr_line' id='line_1_46' title="bbox 330 3004 1912 3078; baseline 0.003 -22"><span class='ocrx_word' id='word_1_312' title='bbox 330 3004 654 3076; x_wconf 85' lang='grc' dir='ltr'>ἁμάρτημα,</span> <span class='ocrx_word' id='word_1_313' title='bbox 683 3005 840 3076; x_wconf 80' lang='grc' dir='ltr'>δίκην</span> <span class='ocrx_word' id='word_1_314' title='bbox 857 3007 1442 3078; x_wconf 83' lang='grc' dir='ltr'>ἀνακαινοποιηθέντος</span> <span class='ocrx_word' id='word_1_315' title='bbox 1469 3008 1622 3072; x_wconf 91' lang='grc' dir='ltr'>ναοῦ,</span> <span class='ocrx_word' id='word_1_316' title='bbox 1643 3008 1912 3073; x_wconf 88' lang='grc' dir='ltr'>ἀθάνατος</span> 
     </span>
    </p>
   </div>
   <div class='ocr_carea' id='block_1_47' title="bbox 332 3098 1914 3170">
    <p class='ocr_par' dir='ltr' id='par_1_47' title="bbox 332 3098 1914 3170">
     <span class='ocr_line' id='line_1_47' title="bbox 332 3098 1914 3170; baseline 0.001 -20"><span class='ocrx_word' id='word_1_317' title='bbox 332 3099 428 3151; x_wconf 64' lang='grc' dir='ltr'><strong>καὶ¹</strong></span> <span class='ocrx_word' id='word_1_318' title='bbox 462 3099 699 3170; x_wconf 85' lang='grc' dir='ltr'>ἀπήμων</span> <span class='ocrx_word' id='word_1_319' title='bbox 732 3099 955 3170; x_wconf 77' lang='grc' dir='ltr'>ἐγερθῇ,</span> <span class='ocrx_word' id='word_1_320' title='bbox 987 3098 1188 3163; x_wconf 83' lang='grc' dir='ltr'>τελέως</span> <span class='ocrx_word' id='word_1_321' title='bbox 1217 3103 1282 3152; x_wconf 81' lang='grc' dir='ltr'>ὲκ</span> <span class='ocrx_word' id='word_1_322' title='bbox 1320 3099 1536 3169; x_wconf 85' lang='grc' dir='ltr'>βάθρων</span> <span class='ocrx_word' id='word_1_323' title='bbox 1569 3099 1914 3170; x_wconf 77' lang='grc' dir='ltr'>ἀπολομένης</span> 
     </span>
    </p>
   </div>
   <div class='ocr_carea' id='block_1_48' title="bbox 327 3168 1984 3264">
    <p class='ocr_par' dir='ltr' id='par_1_48' title="bbox 327 3168 1984 3264">
     <span class='ocr_line' id='line_1_48' title="bbox 327 3168 1984 3264; baseline 0.002 -21"><span class='ocrx_word' id='word_1_324' title='bbox 327 3193 430 3261; x_wconf 85' lang='grc' dir='ltr'>τῆς</span> <span class='ocrx_word' id='word_1_325' title='bbox 451 3168 748 3263; x_wconf 84' lang='grc' dir='ltr'>ἁμαρτίας.</span> <span class='ocrx_word' id='word_1_326' title='bbox 780 3168 994 3256; x_wconf 76' lang='grc' dir='ltr'>Ζῶντος</span> <span class='ocrx_word' id='word_1_327' title='bbox 1020 3193 1128 3263; x_wconf 87' lang='grc' dir='ltr'><strong>γάρ</strong></span> <span class='ocrx_word' id='word_1_328' title='bbox 1156 3192 1238 3245; x_wconf 78' lang='grc' dir='ltr'>ἔτι</span> <span class='ocrx_word' id='word_1_329' title='bbox 1267 3192 1362 3245; x_wconf 88' lang='grc' dir='ltr'><strong>τοῦ</strong></span> <span class='ocrx_word' id='word_1_330' title='bbox 1399 3193 1650 3264; x_wconf 81' lang='grc' dir='ltr'>σώματος</span> <span class='ocrx_word' id='word_1_331' title='bbox 1689 3168 1795 3264; x_wconf 81' lang='grc' dir='ltr'><strong>πρὸ</strong></span> <span class='ocrx_word' id='word_1_332' title='bbox 1820 3168 1913 3246; x_wconf 86' lang='grc' dir='ltr'><strong>τοῦ</strong></span> <span class='ocrx_word' id='word_1_333' title='bbox 1943 3168 1984 3224; x_wconf 76' lang='lat' dir='ltr'><strong><em>C</em></strong></span> 
     </span>
    </p>
   </div>
   <div class='ocr_carea' id='block_1_49' title="bbox 327 3281 1915 3355">
    <p class='ocr_par' dir='ltr' id='par_1_49' title="bbox 327 3281 1915 3355">
     <span class='ocr_line' id='line_1_49' title="bbox 327 3281 1915 3355; baseline 0.001 -20"><span class='ocrx_word' id='word_1_334' title='bbox 327 3281 705 3352; x_wconf 77' lang='grc' dir='ltr'>τεθνήξεσθαι,</span> <span class='ocrx_word' id='word_1_335' title='bbox 751 3283 922 3354; x_wconf 84' lang='grc' dir='ltr'>συζῇν</span> <span class='ocrx_word' id='word_1_336' title='bbox 946 3283 1161 3355; x_wconf 87' lang='grc' dir='ltr'>ἀνάγκη</span> <span class='ocrx_word' id='word_1_337' title='bbox 1195 3284 1293 3337; x_wconf 80' lang='grc' dir='ltr'><strong>καὶ</strong></span> <span class='ocrx_word' id='word_1_338' title='bbox 1315 3284 1416 3354; x_wconf 82' lang='grc' dir='ltr'>τὴν</span> <span class='ocrx_word' id='word_1_339' title='bbox 1440 3284 1740 3355; x_wconf 81' lang='grc' dir='ltr'>ἁμαρτίαν,</span> <span class='ocrx_word' id='word_1_340' title='bbox 1769 3282 1915 3336; x_wconf 80' lang='grc' dir='ltr'>ἔνδον</span> 
     </span>
    </p>
   </div>
   <div class='ocr_carea' id='block_1_50' title="bbox 326 3373 1915 3447">
    <p class='ocr_par' dir='ltr' id='par_1_50' title="bbox 326 3373 1915 3447">
     <span class='ocr_line' id='line_1_50' title="bbox 326 3373 1915 3447; baseline -0.001 -20"><span class='ocrx_word' id='word_1_341' title='bbox 326 3375 426 3439; x_wconf 74' lang='grc' dir='ltr'><strong>τὰς</strong></span> <span class='ocrx_word' id='word_1_342' title='bbox 456 3375 612 3446; x_wconf 80' lang='grc' dir='ltr'>ῥίζας</span> <span class='ocrx_word' id='word_1_343' title='bbox 649 3377 820 3446; x_wconf 81' lang='grc' dir='ltr'>αὐτῆς</span> <span class='ocrx_word' id='word_1_344' title='bbox 848 3378 1053 3447; x_wconf 84' lang='grc' dir='ltr'>ὲνήμῖν</span> <span class='ocrx_word' id='word_1_345' title='bbox 1066 3375 1544 3447; x_wconf 85' lang='grc' dir='ltr'>ἀποκρύπτουσαν,</span> <span class='ocrx_word' id='word_1_346' title='bbox 1577 3375 1626 3428; x_wconf 89' lang='grc' dir='ltr'>εἰ</span> <span class='ocrx_word' id='word_1_347' title='bbox 1654 3374 1749 3427; x_wconf 69' lang='grc' dir='ltr'>καὶ</span> <span class='ocrx_word' id='word_1_348' title='bbox 1773 3373 1915 3438; x_wconf 75' lang='grc' dir='ltr'><strong>ἔξω·</strong></span> 
     </span>
    </p>
   </div>
   <div class='ocr_carea' id='block_1_51' title="bbox 329 3467 1916 3540">
    <p class='ocr_par' dir='ltr' id='par_1_51' title="bbox 329 3467 1916 3540">
     <span class='ocr_line' id='line_1_51' title="bbox 329 3467 1916 3540; baseline -0.001 -21"><span class='ocrx_word' id='word_1_349' title='bbox 329 3467 421 3523; x_wconf 87' lang='grc' dir='ltr'><strong>θεν</strong></span> <span class='ocrx_word' id='word_1_350' title='bbox 451 3469 646 3540; x_wconf 80' lang='grc' dir='ltr'>τομαῖς</span> <span class='ocrx_word' id='word_1_351' title='bbox 665 3471 784 3533; x_wconf 85' lang='grc' dir='ltr'>ταῖς</span> <span class='ocrx_word' id='word_1_352' title='bbox 801 3469 910 3522; x_wconf 84' lang='grc' dir='ltr'><strong>ἀπὸ</strong></span> <span class='ocrx_word' id='word_1_353' title='bbox 949 3469 1058 3523; x_wconf 90' lang='grc' dir='ltr'><strong>τῶν</strong></span> <span class='ocrx_word' id='word_1_354' title='bbox 1109 3468 1503 3539; x_wconf 77' lang='grc' dir='ltr'>σωφρονισμῶν</span> <span class='ocrx_word' id='word_1_355' title='bbox 1528 3467 1623 3520; x_wconf 74' lang='grc' dir='ltr'><strong>καὶ</strong></span> <span class='ocrx_word' id='word_1_356' title='bbox 1653 3467 1762 3521; x_wconf 88' lang='grc' dir='ltr'><strong>τῶν</strong></span> <span class='ocrx_word' id='word_1_357' title='bbox 1791 3486 1916 3521; x_wconf 84' lang='grc' dir='ltr'>νου-</span> 
     </span>
    </p>
   </div>
   <div class='ocr_carea' id='block_1_52' title="bbox 329 3556 1916 3630">
    <p class='ocr_par' dir='ltr' id='par_1_52' title="bbox 329 3556 1916 3630">
     <span class='ocr_line' id='line_1_52' title="bbox 329 3556 1916 3630; baseline -0.002 -17"><span class='ocrx_word' id='word_1_358' title='bbox 329 3559 600 3630; x_wconf 79' lang='grc' dir='ltr'>θετήσεων</span> <span class='ocrx_word' id='word_1_359' title='bbox 622 3559 986 3616; x_wconf 84' lang='grc' dir='ltr'>ἀνεστέλλετο.</span> <span class='ocrx_word' id='word_1_360' title='bbox 1020 3560 1173 3614; x_wconf 75' lang='grc' dir='ltr'>Ἐπεὶ</span> <span class='ocrx_word' id='word_1_361' title='bbox 1198 3556 1291 3613; x_wconf 77' lang='grc' dir='ltr'><strong>οὖν</strong></span> <span class='ocrx_word' id='word_1_362' title='bbox 1323 3560 1424 3613; x_wconf 84' lang='grc' dir='ltr'><strong>οὐκ</strong></span> <span class='ocrx_word' id='word_1_363' title='bbox 1448 3559 1514 3613; x_wconf 85' lang='grc' dir='ltr'><strong>ἂν</strong></span> <span class='ocrx_word' id='word_1_364' title='bbox 1539 3557 1681 3630; x_wconf 82' lang='grc' dir='ltr'>μετὰ</span> <span class='ocrx_word' id='word_1_365' title='bbox 1710 3556 1772 3611; x_wconf 77' lang='grc' dir='ltr'>τὸ</span> <span class='ocrx_word' id='word_1_366' title='bbox 1800 3575 1916 3628; x_wconf 85' lang='grc' dir='ltr'>φω-</span> 
     </span>
    </p>
   </div>
   <div class='ocr_carea' id='block_1_53' title="bbox 327 3651 1917 3724">
    <p class='ocr_par' dir='ltr' id='par_1_53' title="bbox 327 3651 1917 3724">
     <span class='ocr_line' id='line_1_53' title="bbox 327 3651 1917 3724; baseline -0.003 -17"><span class='ocrx_word' id='word_1_367' title='bbox 327 3653 583 3724; x_wconf 74' lang='grc' dir='ltr'>τισθῆναι</span> <span class='ocrx_word' id='word_1_368' title='bbox 614 3653 930 3713; x_wconf 76' lang='grc' dir='ltr'>συνέϐαινεν</span> <span class='ocrx_word' id='word_1_369' title='bbox 953 3653 1181 3718; x_wconf 86' lang='grc' dir='ltr'>ἀδικεῖν,</span> <span class='ocrx_word' id='word_1_370' title='bbox 1200 3652 1296 3707; x_wconf 82' lang='grc' dir='ltr'>ἆτε</span> <span class='ocrx_word' id='word_1_371' title='bbox 1315 3653 1661 3707; x_wconf 87' lang='grc' dir='ltr'>παντάπασιν</span> <span class='ocrx_word' id='word_1_372' title='bbox 1689 3651 1917 3722; x_wconf 85' lang='grc' dir='ltr'>εἰλικρι-</span> 
     </span>
    </p>
   </div>
   <div class='ocr_carea' id='block_1_54' title="bbox 329 3742 1918 3818">
    <p class='ocr_par' dir='ltr' id='par_1_54' title="bbox 329 3742 1918 3818">
     <span class='ocr_line' id='line_1_54' title="bbox 329 3742 1918 3818; baseline -0.001 -22"><span class='ocrx_word' id='word_1_373' title='bbox 329 3745 439 3808; x_wconf 87' lang='grc' dir='ltr'><strong>νῶς</strong></span> <span class='ocrx_word' id='word_1_374' title='bbox 469 3745 833 3818; x_wconf 81' lang='grc' dir='ltr'>ἀφῃρημένης</span> <span class='ocrx_word' id='word_1_375' title='bbox 859 3745 954 3815; x_wconf 86' lang='grc' dir='ltr'>ἀφ’</span> <span class='ocrx_word' id='word_1_376' title='bbox 976 3745 1133 3816; x_wconf 76' lang='grc' dir='ltr'>ἡμῶν</span> <span class='ocrx_word' id='word_1_377' title='bbox 1155 3744 1258 3814; x_wconf 84' lang='grc' dir='ltr'>τῆς</span> <span class='ocrx_word' id='word_1_378' title='bbox 1283 3743 1578 3815; x_wconf 82' lang='grc' dir='ltr'>ἁμαρτίας.</span> <span class='ocrx_word' id='word_1_379' title='bbox 1603 3742 1716 3796; x_wconf 91' lang='grc' dir='ltr'>Νῦν</span> <span class='ocrx_word' id='word_1_380' title='bbox 1737 3742 1793 3795; x_wconf 81' lang='grc' dir='ltr'>δὲ</span> <span class='ocrx_word' id='word_1_381' title='bbox 1821 3743 1918 3795; x_wconf 76' lang='grc' dir='ltr'><strong>καὶ</strong></span> 
     </span>
    </p>
   </div>
   <div class='ocr_carea' id='block_1_55' title="bbox 335 3835 1918 3908">
    <p class='ocr_par' dir='ltr' id='par_1_55' title="bbox 335 3835 1918 3908">
     <span class='ocr_line' id='line_1_55' title="bbox 335 3835 1918 3908; baseline -0.001 -20"><span class='ocrx_word' id='word_1_382' title='bbox 335 3835 474 3905; x_wconf 85' lang='grc' dir='ltr'><strong>μετά</strong></span> <span class='ocrx_word' id='word_1_383' title='bbox 495 3837 558 3889; x_wconf 80' lang='grc' dir='ltr'><strong>τὸ</strong></span> <span class='ocrx_word' id='word_1_384' title='bbox 588 3837 901 3900; x_wconf 89' lang='grc' dir='ltr'>πιστεῦσαι,</span> <span class='ocrx_word' id='word_1_385' title='bbox 931 3838 1026 3891; x_wconf 65' lang='grc' dir='ltr'><strong>καλ⁴</strong></span> <span class='ocrx_word' id='word_1_386' title='bbox 1055 3837 1150 3890; x_wconf 73' lang='grc' dir='ltr'><strong>ἐπὶ</strong></span> <span class='ocrx_word' id='word_1_387' title='bbox 1175 3837 1236 3890; x_wconf 83' lang='grc' dir='ltr'><strong>τὸ</strong></span> <span class='ocrx_word' id='word_1_388' title='bbox 1261 3835 1407 3908; x_wconf 73' lang='grc' dir='ltr'>ὕδωρ</span> <span class='ocrx_word' id='word_1_389' title='bbox 1442 3835 1616 3888; x_wconf 79' lang='grc' dir='ltr'>ἐλθεῖν</span> <span class='ocrx_word' id='word_1_390' title='bbox 1643 3835 1737 3889; x_wconf 88' lang='grc' dir='ltr'><strong>τοῦ</strong></span> <span class='ocrx_word' id='word_1_391' title='bbox 1766 3836 1918 3903; x_wconf 80' lang='grc' dir='ltr'>ἀγνιο</span> 
     </span>
    </p>
   </div>
   <div class='ocr_carea' id='block_1_56' title="bbox 334 3925 1917 4000">
    <p class='ocr_par' dir='ltr' id='par_1_56' title="bbox 334 3925 1917 4000">
     <span class='ocr_line' id='line_1_56' title="bbox 334 3925 1917 4000; baseline -0.001 -18"><span class='ocrx_word' id='word_1_392' title='bbox 334 3927 512 3998; x_wconf 81' lang='grc' dir='ltr'>σμοῦ,</span> <span class='ocrx_word' id='word_1_393' title='bbox 569 3929 830 3992; x_wconf 87' lang='grc' dir='ltr'>πολλάκις</span> <span class='ocrx_word' id='word_1_394' title='bbox 877 3930 935 3982; x_wconf 81' lang='grc' dir='ltr'>ὲν</span> <span class='ocrx_word' id='word_1_395' title='bbox 992 3928 1288 4000; x_wconf 83' lang='grc' dir='ltr'>ἁμαρτίαις</span> <span class='ocrx_word' id='word_1_396' title='bbox 1333 3927 1486 3989; x_wconf 75' lang='grc' dir='ltr'>ὄντες</span> <span class='ocrx_word' id='word_1_397' title='bbox 1528 3925 1917 3997; x_wconf 84' lang='grc' dir='ltr'>εὑρισκόμεθα.</span> 
     </span>
    </p>
   </div>
   <div class='ocr_carea' id='block_1_57' title="bbox 335 4012 1920 4091">
    <p class='ocr_par' dir='ltr' id='par_1_57' title="bbox 335 4012 1920 4091">
     <span class='ocr_line' id='line_1_57' title="bbox 335 4012 1920 4091; baseline -0.003 -19"><span class='ocrx_word' id='word_1_398' title='bbox 335 4019 525 4083; x_wconf 76' lang='grc' dir='ltr'>Οὐδεὶς</span> <span class='ocrx_word' id='word_1_399' title='bbox 556 4019 662 4091; x_wconf 78' lang='grc' dir='ltr'>γὰρ</span> <span class='ocrx_word' id='word_1_400' title='bbox 689 4019 863 4083; x_wconf 77' lang='grc' dir='ltr'>οὕτως</span> <span class='ocrx_word' id='word_1_401' title='bbox 891 4019 1176 4089; x_wconf 82' lang='grc' dir='ltr'>ἁμαρτίας</span> <span class='ocrx_word' id='word_1_402' title='bbox 1206 4018 1364 4081; x_wconf 75' lang='grc' dir='ltr'>ἐκτὸς</span> <span class='ocrx_word' id='word_1_403' title='bbox 1399 4012 1537 4070; x_wconf 78' lang='grc' dir='ltr'>εἶναι</span> <span class='ocrx_word' id='word_1_404' title='bbox 1567 4016 1758 4070; x_wconf 77' lang='grc' dir='ltr'>ἑαυτὸν</span> <span class='ocrx_word' id='word_1_405' title='bbox 1793 4035 1920 4070; x_wconf 90' lang='grc' dir='ltr'>καυ-</span> 
     </span>
    </p>
   </div>
   <div class='ocr_carea' id='block_1_58' title="bbox 336 4109 1921 4185">
    <p class='ocr_par' dir='ltr' id='par_1_58' title="bbox 336 4109 1921 4185">
     <span class='ocr_line' id='line_1_58' title="bbox 336 4109 1921 4185; baseline -0.003 -20"><span class='ocrx_word' id='word_1_406' title='bbox 336 4115 595 4185; x_wconf 86' lang='grc' dir='ltr'>χήσηται,</span> <span class='ocrx_word' id='word_1_407' title='bbox 621 4113 697 4176; x_wconf 85' lang='grc' dir='ltr'>ὡς</span> <span class='ocrx_word' id='word_1_408' title='bbox 723 4112 858 4184; x_wconf 88' lang='grc' dir='ltr'>μηδὲ</span> <span class='ocrx_word' id='word_1_409' title='bbox 885 4110 988 4166; x_wconf 80' lang='grc' dir='ltr'><strong>κᾶν</strong></span> <span class='ocrx_word' id='word_1_410' title='bbox 1017 4109 1392 4181; x_wconf 76' lang='grc' dir='ltr'>ἐνθυμηθῆναι</span> <span class='ocrx_word' id='word_1_411' title='bbox 1431 4110 1492 4162; x_wconf 87' lang='grc' dir='ltr'>τὺ</span> <span class='ocrx_word' id='word_1_412' title='bbox 1533 4109 1752 4162; x_wconf 87' lang='grc' dir='ltr'>σύνολον</span> <span class='ocrx_word' id='word_1_413' title='bbox 1783 4109 1921 4172; x_wconf 83' lang='grc' dir='ltr'>ὅλως</span> 
     </span>
    </p>
   </div>
   <div class='ocr_carea' id='block_1_59' title="bbox 335 4199 1921 4276">
    <p class='ocr_par' dir='ltr' id='par_1_59' title="bbox 335 4199 1921 4276">
     <span class='ocr_line' id='line_1_59' title="bbox 335 4199 1921 4276; baseline -0.004 -18"><span class='ocrx_word' id='word_1_414' title='bbox 335 4205 434 4276; x_wconf 78' lang='grc' dir='ltr'>τὴν</span> <span class='ocrx_word' id='word_1_415' title='bbox 460 4205 693 4258; x_wconf 89' lang='grc' dir='ltr'>ἀδικίαν.</span> <span class='ocrx_word' id='word_1_416' title='bbox 732 4205 897 4256; x_wconf 80' lang='grc' dir='ltr'>Ὥστε</span> <span class='ocrx_word' id='word_1_417' title='bbox 933 4203 1234 4273; x_wconf 90' lang='grc' dir='ltr'>συνέστηκε</span> <span class='ocrx_word' id='word_1_418' title='bbox 1265 4199 1648 4254; x_wconf 87' lang='grc' dir='ltr'>συστέλλεσθαι</span> <span class='ocrx_word' id='word_1_419' title='bbox 1679 4200 1799 4270; x_wconf 85' lang='grc' dir='ltr'>μὲν,</span> <span class='ocrx_word' id='word_1_420' title='bbox 1825 4201 1921 4253; x_wconf 76' lang='grc' dir='ltr'><strong>καὶ</strong></span> 
     </span>
    </p>
   </div>
   <div class='ocr_carea' id='block_1_60' title="bbox 338 4293 1918 4368">
    <p class='ocr_par' dir='ltr' id='par_1_60' title="bbox 338 4293 1918 4368">
     <span class='ocr_line' id='line_1_60' title="bbox 338 4293 1918 4368; baseline -0.006 -15"><span class='ocrx_word' id='word_1_421' title='bbox 338 4296 766 4364; x_wconf 82' lang='grc' dir='ltr'>κατευνάζεσθαι</span> <span class='ocrx_word' id='word_1_422' title='bbox 788 4299 854 4368; x_wconf 86' lang='grc' dir='ltr'><strong>τῇ</strong></span> <span class='ocrx_word' id='word_1_423' title='bbox 886 4295 1068 4350; x_wconf 86' lang='grc' dir='ltr'>πίστει</span> <span class='ocrx_word' id='word_1_424' title='bbox 1092 4295 1188 4351; x_wconf 90' lang='grc' dir='ltr'><strong>νῦν</strong></span> <span class='ocrx_word' id='word_1_425' title='bbox 1214 4295 1312 4367; x_wconf 87' lang='grc' dir='ltr'><strong>τὴν</strong></span> <span class='ocrx_word' id='word_1_426' title='bbox 1341 4295 1634 4365; x_wconf 79' lang='grc' dir='ltr'>ἁμαρτίαν,</span> <span class='ocrx_word' id='word_1_427' title='bbox 1659 4295 1738 4356; x_wconf 84' lang='grc' dir='ltr'>εὶς</span> <span class='ocrx_word' id='word_1_428' title='bbox 1760 4293 1820 4346; x_wconf 86' lang='grc' dir='ltr'><strong>τὸ</strong></span> <span class='ocrx_word' id='word_1_429' title='bbox 1845 4293 1918 4364; x_wconf 82' lang='grc' dir='ltr'><strong>μὴ</strong></span> 
     </span>
    </p>
   </div>
   <div class='ocr_carea' id='block_1_61' title="bbox 337 4384 1922 4462">
    <p class='ocr_par' dir='ltr' id='par_1_61' title="bbox 337 4384 1922 4462">
     <span class='ocr_line' id='line_1_61' title="bbox 337 4384 1922 4462; baseline -0.004 -18"><span class='ocrx_word' id='word_1_430' title='bbox 337 4389 485 4444; x_wconf 80' lang='grc' dir='ltr'>οἷσαι</span> <span class='ocrx_word' id='word_1_431' title='bbox 513 4392 762 4462; x_wconf 85' lang='grc' dir='ltr'>καρποὺς</span> <span class='ocrx_word' id='word_1_432' title='bbox 791 4389 1172 4460; x_wconf 84' lang='grc' dir='ltr'>βλαϐοποιοὺς,</span> <span class='ocrx_word' id='word_1_433' title='bbox 1212 4388 1274 4440; x_wconf 85' lang='grc' dir='ltr'><strong>ού</strong></span> <span class='ocrx_word' id='word_1_434' title='bbox 1313 4387 1419 4458; x_wconf 79' lang='grc' dir='ltr'><strong>μὴν</strong></span> <span class='ocrx_word' id='word_1_435' title='bbox 1453 4385 1796 4456; x_wconf 84' lang='grc' dir='ltr'>ἀναιρεῖσθαι</span> <span class='ocrx_word' id='word_1_436' title='bbox 1827 4384 1922 4438; x_wconf 78' lang='grc' dir='ltr'><strong>καὶ</strong></span> 
     </span>
    </p>
   </div>
   <div class='ocr_carea' id='block_1_62' title="bbox 2015 1892 3596 1975">
    <p class='ocr_par' dir='ltr' id='par_1_62' title="bbox 2015 1892 3596 1975">
     <span class='ocr_line' id='line_1_62' title="bbox 2015 1892 3596 1975; baseline -0.009 -18"><span class='ocrx_word' id='word_1_437' title='bbox 2015 1904 2168 1975; x_wconf 90' lang='lat' dir='ltr'><strong>prius</strong></span> <span class='ocrx_word' id='word_1_438' title='bbox 2219 1916 2542 1956; x_wconf 86' lang='lat' dir='ltr'><strong>excrcscere</strong></span> <span class='ocrx_word' id='word_1_439' title='bbox 2594 1899 2827 1962; x_wconf 87' lang='lat' dir='ltr'><strong>desinit,</strong></span> <span class='ocrx_word' id='word_1_440' title='bbox 2881 1910 3041 1967; x_wconf 83' lang='lat' dir='ltr'><strong>qualn</strong></span> <span class='ocrx_word' id='word_1_441' title='bbox 3095 1892 3339 1960; x_wconf 83' lang='lat' dir='ltr'><strong>disjectis</strong></span> <span class='ocrx_word' id='word_1_442' title='bbox 3397 1907 3463 1946; x_wconf 85' lang='lat' dir='ltr'><strong>ex</strong></span> <span class='ocrx_word' id='word_1_443' title='bbox 3507 1905 3596 1954; x_wconf 85' lang='lat' dir='ltr'><strong>eo.</strong></span> 
     </span>
    </p>
   </div>
   <div class='ocr_carea' id='block_1_63' title="bbox 2015 1983 3591 2067">
    <p class='ocr_par' dir='ltr' id='par_1_63' title="bbox 2015 1983 3591 2067">
     <span class='ocr_line' id='line_1_63' title="bbox 2015 1983 3591 2067; baseline -0.01 -15"><span class='ocrx_word' id='word_1_444' title='bbox 2015 1997 2158 2052; x_wconf 76' lang='lat' dir='ltr'><strong>unde</strong></span> <span class='ocrx_word' id='word_1_445' title='bbox 2201 1994 2483 2067; x_wconf 87' lang='lat' dir='ltr'><strong>prodierit,</strong></span> <span class='ocrx_word' id='word_1_446' title='bbox 2540 1994 2662 2047; x_wconf 91' lang='lat' dir='ltr'><strong>loco</strong></span> <span class='ocrx_word' id='word_1_447' title='bbox 2705 1989 2996 2062; x_wconf 85' lang='lat' dir='ltr'><strong>lapidibus,</strong></span> <span class='ocrx_word' id='word_1_448' title='bbox 3041 1995 3154 2039; x_wconf 82' lang='lat' dir='ltr'><strong>tota</strong></span> <span class='ocrx_word' id='word_1_449' title='bbox 3197 1986 3413 2055; x_wconf 88' lang='lat' dir='ltr'><strong>penitus</strong></span> <span class='ocrx_word' id='word_1_450' title='bbox 3450 1983 3591 2037; x_wconf 40' lang='lat' dir='ltr'><strong>labe.</strong></span> 
     </span>
    </p>
   </div>
   <div class='ocr_carea' id='block_1_64' title="bbox 2016 2075 3598 2148">
    <p class='ocr_par' dir='ltr' id='par_1_64' title="bbox 2016 2075 3598 2148">
     <span class='ocr_line' id='line_1_64' title="bbox 2016 2075 3598 2148; baseline -0.007 -6"><span class='ocrx_word' id='word_1_451' title='bbox 2016 2089 2160 2142; x_wconf 89' lang='lat' dir='ltr'><strong>facta</strong></span> <span class='ocrx_word' id='word_1_452' title='bbox 2190 2086 2464 2141; x_wconf 78' lang='lat' dir='ltr'><strong>concidat.</strong></span> <span class='ocrx_word' id='word_1_453' title='bbox 2512 2084 2649 2138; x_wconf 88' lang='lat' dir='ltr'><strong>Tum</strong></span> <span class='ocrx_word' id='word_1_454' title='bbox 2689 2085 2858 2148; x_wconf 89' lang='lat' dir='ltr'><strong>enim,</strong></span> <span class='ocrx_word' id='word_1_455' title='bbox 2905 2081 3118 2135; x_wconf 79' lang='lat' dir='ltr'><strong>sublata</strong></span> <span class='ocrx_word' id='word_1_456' title='bbox 3167 2076 3447 2147; x_wconf 75' lang='lat' dir='ltr'><strong>capt-ilico,</strong></span> <span class='ocrx_word' id='word_1_457' title='bbox 3481 2075 3598 2131; x_wconf 86' lang='lat' dir='ltr'><strong>suis</strong></span> 
     </span>
    </p>
   </div>
   <div class='ocr_carea' id='block_1_65' title="bbox 2016 2176 3597 2246">
    <p class='ocr_par' dir='ltr' id='par_1_65' title="bbox 2016 2176 3597 2246">
     <span class='ocr_line' id='line_1_65' title="bbox 2016 2176 3597 2246; baseline -0.008 -12"><span class='ocrx_word' id='word_1_458' title='bbox 2016 2181 2151 2235; x_wconf 80' lang='lat' dir='ltr'><strong>locis</strong></span> <span class='ocrx_word' id='word_1_459' title='bbox 2190 2179 2406 2234; x_wconf 87' lang='lat' dir='ltr'><strong>restitui</strong></span> <span class='ocrx_word' id='word_1_460' title='bbox 2456 2177 2685 2233; x_wconf 83' lang='lat' dir='ltr'><strong>redivivi</strong></span> <span class='ocrx_word' id='word_1_461' title='bbox 2721 2176 2930 2246; x_wconf 88' lang='lat' dir='ltr'><strong>lapides</strong></span> <span class='ocrx_word' id='word_1_462' title='bbox 2983 2182 3234 2244; x_wconf 85' lang='lat' dir='ltr'><strong>possunt,</strong></span> <span class='ocrx_word' id='word_1_463' title='bbox 3268 2179 3327 2225; x_wconf 89' lang='lat' dir='ltr'><strong>ut</strong></span> <span class='ocrx_word' id='word_1_464' title='bbox 3369 2176 3424 2224; x_wconf 90' lang='lat' dir='ltr'><strong>et</strong></span> <span class='ocrx_word' id='word_1_465' title='bbox 3459 2179 3597 2224; x_wconf 83' lang='lat' dir='ltr'><strong>tem-</strong></span> 
     </span>
    </p>
   </div>
   <div class='ocr_carea' id='block_1_66' title="bbox 2017 2264 3596 2347">
    <p class='ocr_par' dir='ltr' id='par_1_66' title="bbox 2017 2264 3596 2347">
     <span class='ocr_line' id='line_1_66' title="bbox 2017 2264 3596 2347; baseline -0.009 -19"><span class='ocrx_word' id='word_1_466' title='bbox 2017 2277 2165 2347; x_wconf 87' lang='lat' dir='ltr'><strong>plum</strong></span> <span class='ocrx_word' id='word_1_467' title='bbox 2215 2273 2393 2343; x_wconf 90' lang='lat' dir='ltr'><strong>ipsum</strong></span> <span class='ocrx_word' id='word_1_468' title='bbox 2441 2272 2713 2326; x_wconf 90' lang='lat' dir='ltr'><strong>incolume</strong></span> <span class='ocrx_word' id='word_1_469' title='bbox 2762 2278 3029 2331; x_wconf 81' lang='lat' dir='ltr'><strong>servetur,</strong></span> <span class='ocrx_word' id='word_1_470' title='bbox 3066 2282 3189 2321; x_wconf 93' lang='lat' dir='ltr'><strong>cum</strong></span> <span class='ocrx_word' id='word_1_471' title='bbox 3226 2264 3434 2318; x_wconf 89' lang='lat' dir='ltr'><strong>nullum</strong></span> <span class='ocrx_word' id='word_1_472' title='bbox 3486 2277 3596 2315; x_wconf 76' lang='lat' dir='ltr'><strong>am-</strong></span> 
     </span>
    </p>
   </div>
   <div class='ocr_carea' id='block_1_67' title="bbox 2017 2354 3599 2438">
    <p class='ocr_par' dir='ltr' id='par_1_67' title="bbox 2017 2354 3599 2438">
     <span class='ocr_line' id='line_1_67' title="bbox 2017 2354 3599 2438; baseline -0.008 -18"><span class='ocrx_word' id='word_1_473' title='bbox 2017 2368 2162 2438; x_wconf 91' lang='lat' dir='ltr'><strong>plius</strong></span> <span class='ocrx_word' id='word_1_474' title='bbox 2209 2382 2276 2421; x_wconf 88' lang='lat' dir='ltr'><strong>ex</strong></span> <span class='ocrx_word' id='word_1_475' title='bbox 2323 2366 2390 2419; x_wconf 91' lang='lat' dir='ltr'><strong>iis</strong></span> <span class='ocrx_word' id='word_1_476' title='bbox 2440 2367 2641 2435; x_wconf 90' lang='lat' dir='ltr'><strong>quibus</strong></span> <span class='ocrx_word' id='word_1_477' title='bbox 2690 2361 3035 2418; x_wconf 86' lang='lat' dir='ltr'><strong>evertebatur</strong></span> <span class='ocrx_word' id='word_1_478' title='bbox 3085 2355 3449 2413; x_wconf 87' lang='lat' dir='ltr'><strong>incommodis</strong></span> <span class='ocrx_word' id='word_1_479' title='bbox 3503 2354 3599 2409; x_wconf 85' lang='lat' dir='ltr'><strong>ha-</strong></span> 
     </span>
    </p>
   </div>
   <div class='ocr_carea' id='block_1_68' title="bbox 2018 2449 3601 2529">
    <p class='ocr_par' dir='ltr' id='par_1_68' title="bbox 2018 2449 3601 2529">
     <span class='ocr_line' id='line_1_68' title="bbox 2018 2449 3601 2529; baseline -0.009 -14"><span class='ocrx_word' id='word_1_480' title='bbox 2018 2460 2176 2526; x_wconf 86' lang='lat' dir='ltr'><strong>beat;</strong></span> <span class='ocrx_word' id='word_1_481' title='bbox 2208 2457 2500 2529; x_wconf 87' lang='lat' dir='ltr'><strong>capriftcus</strong></span> <span class='ocrx_word' id='word_1_482' title='bbox 2530 2471 2658 2512; x_wconf 89' lang='lat' dir='ltr'><strong>vero</strong></span> <span class='ocrx_word' id='word_1_483' title='bbox 2699 2455 2767 2510; x_wconf 90' lang='lat' dir='ltr'><strong>ab</strong></span> <span class='ocrx_word' id='word_1_484' title='bbox 2797 2453 2923 2508; x_wconf 88' lang='lat' dir='ltr'><strong>imis</strong></span> <span class='ocrx_word' id='word_1_485' title='bbox 2957 2451 3237 2507; x_wconf 87' lang='lat' dir='ltr'><strong>radicibus</strong></span> <span class='ocrx_word' id='word_1_486' title='bbox 3261 2449 3449 2504; x_wconf 90' lang='lat' dir='ltr'><strong>evulsa</strong></span> <span class='ocrx_word' id='word_1_487' title='bbox 3478 2460 3601 2502; x_wconf 82' lang='lat' dir='ltr'><strong>mo-</strong></span> 
     </span>
    </p>
   </div>
   <div class='ocr_carea' id='block_1_69' title="bbox 2017 2539 3603 2619">
    <p class='ocr_par' dir='ltr' id='par_1_69' title="bbox 2017 2539 3603 2619">
     <span class='ocr_line' id='line_1_69' title="bbox 2017 2539 3603 2619; baseline -0.007 -13"><span class='ocrx_word' id='word_1_488' title='bbox 2017 2554 2213 2608; x_wconf 88' lang='lat' dir='ltr'><strong>riatur.</strong></span> <span class='ocrx_word' id='word_1_489' title='bbox 2253 2552 2335 2607; x_wconf 87' lang='lat' dir='ltr'><strong>Ad</strong></span> <span class='ocrx_word' id='word_1_490' title='bbox 2368 2549 2618 2607; x_wconf 90' lang='lat' dir='ltr'><strong>eumdem</strong></span> <span class='ocrx_word' id='word_1_491' title='bbox 2653 2549 2812 2619; x_wconf 87' lang='lat' dir='ltr'><strong>plane</strong></span> <span class='ocrx_word' id='word_1_492' title='bbox 2845 2547 3066 2602; x_wconf 91' lang='lat' dir='ltr'><strong>modum</strong></span> <span class='ocrx_word' id='word_1_493' title='bbox 3105 2543 3302 2600; x_wconf 79' lang='lat' dir='ltr'><strong>artifex</strong></span> <span class='ocrx_word' id='word_1_494' title='bbox 3333 2542 3426 2598; x_wconf 91' lang='lat' dir='ltr'><strong>ille</strong></span> <span class='ocrx_word' id='word_1_495' title='bbox 3455 2539 3603 2596; x_wconf 82' lang='lat' dir='ltr'><strong>Deus</strong></span> 
     </span>
    </p>
   </div>
   <div class='ocr_carea' id='block_1_70' title="bbox 2017 2633 3606 2716">
    <p class='ocr_par' dir='ltr' id='par_1_70' title="bbox 2017 2633 3606 2716">
     <span class='ocr_line' id='line_1_70' title="bbox 2017 2633 3606 2716; baseline -0.008 -15"><span class='ocrx_word' id='word_1_496' title='bbox 2017 2646 2280 2716; x_wconf 89' lang='lat' dir='ltr'><strong>templum</strong></span> <span class='ocrx_word' id='word_1_497' title='bbox 2329 2660 2488 2701; x_wconf 91' lang='lat' dir='ltr'><strong>suum</strong></span> <span class='ocrx_word' id='word_1_498' title='bbox 2535 2645 2831 2705; x_wconf 88' lang='lat' dir='ltr'><strong>hominem,</strong></span> <span class='ocrx_word' id='word_1_499' title='bbox 2905 2642 2997 2711; x_wconf 87' lang='lat' dir='ltr'><strong>qui</strong></span> <span class='ocrx_word' id='word_1_500' title='bbox 3036 2647 3320 2710; x_wconf 89' lang='lat' dir='ltr'><strong>peccatum</strong></span> <span class='ocrx_word' id='word_1_501' title='bbox 3357 2633 3606 2707; x_wconf 78' lang='lat' dir='ltr'><strong>caprifici</strong></span> 
     </span>
    </p>
   </div>
   <div class='ocr_carea' id='block_1_71' title="bbox 2019 2730 3608 2807">
    <p class='ocr_par' dir='ltr' id='par_1_71' title="bbox 2019 2730 3608 2807">
     <span class='ocr_line' id='line_1_71' title="bbox 2019 2730 3608 2807; baseline -0.008 -15"><span class='ocrx_word' id='word_1_502' title='bbox 2019 2737 2305 2807; x_wconf 82' lang='lat' dir='ltr'><strong>cujusdam</strong></span> <span class='ocrx_word' id='word_1_503' title='bbox 2359 2737 2532 2791; x_wconf 88' lang='lat' dir='ltr'><strong>instar</strong></span> <span class='ocrx_word' id='word_1_504' title='bbox 2599 2733 2966 2804; x_wconf 84' lang='lat' dir='ltr'><strong>produxerat,</strong></span> <span class='ocrx_word' id='word_1_505' title='bbox 3029 2730 3312 2795; x_wconf 87' lang='lat' dir='ltr'><strong>dissolvit,</strong></span> <span class='ocrx_word' id='word_1_506' title='bbox 3367 2741 3608 2796; x_wconf 76' lang='lat' dir='ltr'><strong>eumque</strong></span> 
     </span>
    </p>
   </div>
   <div class='ocr_carea' id='block_1_72' title="bbox 2019 2821 3605 2898">
    <p class='ocr_par' dir='ltr' id='par_1_72' title="bbox 2019 2821 3605 2898">
     <span class='ocr_line' id='line_1_72' title="bbox 2019 2821 3605 2898; baseline -0.009 -13"><span class='ocrx_word' id='word_1_507' title='bbox 2019 2832 2215 2886; x_wconf 90' lang='lat' dir='ltr'><strong>mortis</strong></span> <span class='ocrx_word' id='word_1_508' title='bbox 2253 2831 2321 2884; x_wconf 91' lang='lat' dir='ltr'><strong>ad</strong></span> <span class='ocrx_word' id='word_1_509' title='bbox 2373 2838 2589 2898; x_wconf 88' lang='lat' dir='ltr'><strong>tempus</strong></span> <span class='ocrx_word' id='word_1_510' title='bbox 2637 2827 2998 2898; x_wconf 89' lang='lat' dir='ltr'><strong>impressione</strong></span> <span class='ocrx_word' id='word_1_511' title='bbox 3045 2834 3207 2894; x_wconf 88' lang='lat' dir='ltr'><strong>atque</strong></span> <span class='ocrx_word' id='word_1_512' title='bbox 3261 2821 3466 2892; x_wconf 89' lang='lat' dir='ltr'><strong>impetu</strong></span> <span class='ocrx_word' id='word_1_513' title='bbox 3507 2834 3605 2889; x_wconf 80' lang='lat' dir='ltr'><strong>op-</strong></span> 
     </span>
    </p>
   </div>
   <div class='ocr_carea' id='block_1_73' title="bbox 2021 2912 3619 2995">
    <p class='ocr_par' dir='ltr' id='par_1_73' title="bbox 2021 2912 3619 2995">
     <span class='ocr_line' id='line_1_73' title="bbox 2021 2912 3619 2995; baseline -0.006 -18"><span class='ocrx_word' id='word_1_514' title='bbox 2021 2924 2180 2995; x_wconf 88' lang='lat' dir='ltr'><strong>primi</strong></span> <span class='ocrx_word' id='word_1_515' title='bbox 2212 2938 2410 2994; x_wconf 88' lang='lat' dir='ltr'><strong>passus</strong></span> <span class='ocrx_word' id='word_1_516' title='bbox 2446 2930 2530 2976; x_wconf 90' lang='lat' dir='ltr'><strong>est</strong></span> <span class='ocrx_word' id='word_1_517' title='bbox 2560 2923 2818 2992; x_wconf 90' lang='lat' dir='ltr'><strong>primum,</strong></span> <span class='ocrx_word' id='word_1_518' title='bbox 2854 2918 2932 2973; x_wconf 92' lang='lat' dir='ltr'><strong>uti</strong></span> <span class='ocrx_word' id='word_1_519' title='bbox 2962 2917 3225 2986; x_wconf 89' lang='lat' dir='ltr'><strong>scriptum</strong></span> <span class='ocrx_word' id='word_1_520' title='bbox 3257 2921 3372 2979; x_wconf 88' lang='lat' dir='ltr'><strong>est;</strong></span> <span class='ocrx_word' id='word_1_521' title='bbox 3405 2912 3619 2970; x_wconf 54' lang='lat' dir='ltr'><strong>deliine</strong></span> 
     </span>
    </p>
   </div>
   <div class='ocr_carea' id='block_1_74' title="bbox 2021 3005 3605 3079">
    <p class='ocr_par' dir='ltr' id='par_1_74' title="bbox 2021 3005 3605 3079">
     <span class='ocr_line' id='line_1_74' title="bbox 2021 3005 3605 3079; baseline -0.007 -12"><span class='ocrx_word' id='word_1_522' title='bbox 2021 3014 2088 3068; x_wconf 87' lang='lat' dir='ltr'><strong>ad</strong></span> <span class='ocrx_word' id='word_1_523' title='bbox 2115 3013 2280 3069; x_wconf 91' lang='lat' dir='ltr'><strong>vitam</strong></span> <span class='ocrx_word' id='word_1_524' title='bbox 2308 3013 2585 3076; x_wconf 75' lang='lat' dir='ltr'><strong>excitavit,</strong></span> <span class='ocrx_word' id='word_1_525' title='bbox 2617 3020 2677 3066; x_wconf 90' lang='lat' dir='ltr'><strong>ut</strong></span> <span class='ocrx_word' id='word_1_526' title='bbox 2718 3009 2908 3066; x_wconf 89' lang='lat' dir='ltr'><strong>iisdem</strong></span> <span class='ocrx_word' id='word_1_527' title='bbox 2940 3009 3165 3079; x_wconf 65' lang='lat' dir='ltr'><strong>praedita</strong></span> <span class='ocrx_word' id='word_1_528' title='bbox 3199 3005 3444 3078; x_wconf 85' lang='lat' dir='ltr'><strong>partibus</strong></span> <span class='ocrx_word' id='word_1_529' title='bbox 3474 3019 3605 3057; x_wconf 93' lang='lat' dir='ltr'><strong>caro</strong></span> 
     </span>
    </p>
   </div>
   <div class='ocr_carea' id='block_1_75' title="bbox 2020 3095 3603 3179">
    <p class='ocr_par' dir='ltr' id='par_1_75' title="bbox 2020 3095 3603 3179">
     <span class='ocr_line' id='line_1_75' title="bbox 2020 3095 3603 3179; baseline -0.009 -13"><span class='ocrx_word' id='word_1_530' title='bbox 2020 3111 2295 3166; x_wconf 79' lang='lat' dir='ltr'><strong>exsiccato</strong></span> <span class='ocrx_word' id='word_1_531' title='bbox 2339 3111 2816 3179; x_wconf 85' lang='lat' dir='ltr'><strong>intermortuoque</strong></span> <span class='ocrx_word' id='word_1_532' title='bbox 2865 3111 3112 3176; x_wconf 86' lang='lat' dir='ltr'><strong>peccato,</strong></span> <span class='ocrx_word' id='word_1_533' title='bbox 3161 3100 3310 3156; x_wconf 87' lang='lat' dir='ltr'><strong>velut</strong></span> <span class='ocrx_word' id='word_1_534' title='bbox 3342 3095 3603 3166; x_wconf 83' lang='lat' dir='ltr'><strong>templum</strong></span> 
     </span>
    </p>
   </div>
   <div class='ocr_carea' id='block_1_76' title="bbox 2017 3185 3597 3272">
    <p class='ocr_par' dir='ltr' id='par_1_76' title="bbox 2017 3185 3597 3272">
     <span class='ocr_line' id='line_1_76' title="bbox 2017 3185 3597 3272; baseline -0.009 -18"><span class='ocrx_word' id='word_1_535' title='bbox 2017 3201 2289 3272; x_wconf 90' lang='lat' dir='ltr'><strong>quoddam</strong></span> <span class='ocrx_word' id='word_1_536' title='bbox 2349 3200 2736 3262; x_wconf 80' lang='lat' dir='ltr'><strong>instauratum,</strong></span> <span class='ocrx_word' id='word_1_537' title='bbox 2786 3193 3133 3257; x_wconf 82' lang='lat' dir='ltr'><strong>immortalis,</strong></span> <span class='ocrx_word' id='word_1_538' title='bbox 3194 3205 3257 3248; x_wconf 82' lang='lat' dir='ltr'><strong>ac</strong></span> <span class='ocrx_word' id='word_1_539' title='bbox 3310 3189 3430 3244; x_wconf 89' lang='lat' dir='ltr'><strong>sine</strong></span> <span class='ocrx_word' id='word_1_540' title='bbox 3485 3185 3597 3240; x_wconf 81' lang='lat' dir='ltr'><strong>ullo</strong></span> 
     </span>
    </p>
   </div>
   <div class='ocr_carea' id='block_1_77' title="bbox 2017 3277 3606 3364">
    <p class='ocr_par' dir='ltr' id='par_1_77' title="bbox 2017 3277 3606 3364">
     <span class='ocr_line' id='line_1_77' title="bbox 2017 3277 3606 3364; baseline -0.012 -16"><span class='ocrx_word' id='word_1_541' title='bbox 2017 3293 2219 3348; x_wconf 89' lang='lat' dir='ltr'><strong>damno</strong></span> <span class='ocrx_word' id='word_1_542' title='bbox 2251 3299 2582 3364; x_wconf 81' lang='lat' dir='ltr'><strong>resurgeret,</strong></span> <span class='ocrx_word' id='word_1_543' title='bbox 2611 3290 2828 3346; x_wconf 87' lang='lat' dir='ltr'><strong>sublato</strong></span> <span class='ocrx_word' id='word_1_544' title='bbox 2867 3304 2896 3341; x_wconf 92' lang='lat' dir='ltr'><strong>a</strong></span> <span class='ocrx_word' id='word_1_545' title='bbox 2931 3282 3299 3341; x_wconf 80' lang='lat' dir='ltr'><strong>fundamentis</strong></span> <span class='ocrx_word' id='word_1_546' title='bbox 3343 3277 3606 3351; x_wconf 79' lang='lat' dir='ltr'><strong>proﬂiga-</strong></span> 
     </span>
    </p>
   </div>
   <div class='ocr_carea' id='block_1_78' title="bbox 2019 3371 3603 3453">
    <p class='ocr_par' dir='ltr' id='par_1_78' title="bbox 2019 3371 3603 3453">
     <span class='ocr_line' id='line_1_78' title="bbox 2019 3371 3603 3453; baseline -0.01 -16"><span class='ocrx_word' id='word_1_547' title='bbox 2019 3393 2181 3452; x_wconf 82' lang='lat' dir='ltr'><strong>toque</strong></span> <span class='ocrx_word' id='word_1_548' title='bbox 2219 3393 2465 3453; x_wconf 87' lang='lat' dir='ltr'><strong>peccato.</strong></span> <span class='ocrx_word' id='word_1_549' title='bbox 2511 3381 2724 3437; x_wconf 90' lang='lat' dir='ltr'><strong>Etenim</strong></span> <span class='ocrx_word' id='word_1_550' title='bbox 2769 3380 3009 3450; x_wconf 87' lang='lat' dir='ltr'><strong>quandiu</strong></span> <span class='ocrx_word' id='word_1_551' title='bbox 3062 3388 3263 3444; x_wconf 89' lang='lat' dir='ltr'><strong>corpus</strong></span> <span class='ocrx_word' id='word_1_552' title='bbox 3316 3371 3466 3430; x_wconf 85' lang='lat' dir='ltr'><strong>vivit,</strong></span> <span class='ocrx_word' id='word_1_553' title='bbox 3507 3383 3603 3422; x_wconf 81' lang='lat' dir='ltr'><strong>nec</strong></span> 
     </span>
    </p>
   </div>
   <div class='ocr_carea' id='block_1_79' title="bbox 2017 3470 3608 3541">
    <p class='ocr_par' dir='ltr' id='par_1_79' title="bbox 2017 3470 3608 3541">
     <span class='ocr_line' id='line_1_79' title="bbox 2017 3470 3608 3541; baseline -0.009 -13"><span class='ocrx_word' id='word_1_554' title='bbox 2017 3475 2197 3530; x_wconf 87' lang='lat' dir='ltr'><strong>adhuc</strong></span> <span class='ocrx_word' id='word_1_555' title='bbox 2248 3481 2528 3531; x_wconf 87' lang='lat' dir='ltr'><strong>mortuum</strong></span> <span class='ocrx_word' id='word_1_556' title='bbox 2563 3481 2668 3541; x_wconf 87' lang='lat' dir='ltr'><strong>est,</strong></span> <span class='ocrx_word' id='word_1_557' title='bbox 2714 3488 2838 3528; x_wconf 89' lang='lat' dir='ltr'><strong>cum</strong></span> <span class='ocrx_word' id='word_1_558' title='bbox 2870 3487 2936 3527; x_wconf 91' lang='lat' dir='ltr'><strong>eo</strong></span> <span class='ocrx_word' id='word_1_559' title='bbox 2966 3470 3150 3523; x_wconf 87' lang='lat' dir='ltr'><strong>vivere</strong></span> <span class='ocrx_word' id='word_1_560' title='bbox 3188 3470 3474 3536; x_wconf 83' lang='lat' dir='ltr'><strong>peccatum</strong></span> <span class='ocrx_word' id='word_1_561' title='bbox 3514 3474 3608 3513; x_wconf 55' lang='lat' dir='ltr'><strong>ur</strong></span> 
     </span>
    </p>
   </div>
   <div class='ocr_carea' id='block_1_80' title="bbox 2016 3556 3594 3632">
    <p class='ocr_par' dir='ltr' id='par_1_80' title="bbox 2016 3556 3594 3632">
     <span class='ocr_line' id='line_1_80' title="bbox 2016 3556 3594 3632; baseline -0.004 -12"><span class='ocrx_word' id='word_1_562' title='bbox 2016 3581 2170 3620; x_wconf 91' lang='lat' dir='ltr'><strong>cesse</strong></span> <span class='ocrx_word' id='word_1_563' title='bbox 2203 3573 2310 3628; x_wconf 90' lang='lat' dir='ltr'><strong>est,</strong></span> <span class='ocrx_word' id='word_1_564' title='bbox 2339 3574 2394 3621; x_wconf 89' lang='lat' dir='ltr'><strong>et</strong></span> <span class='ocrx_word' id='word_1_565' title='bbox 2428 3564 2677 3620; x_wconf 87' lang='lat' dir='ltr'><strong>occultas</strong></span> <span class='ocrx_word' id='word_1_566' title='bbox 2703 3563 2758 3617; x_wconf 89' lang='lat' dir='ltr'><strong>in</strong></span> <span class='ocrx_word' id='word_1_567' title='bbox 2784 3563 2943 3618; x_wconf 87' lang='lat' dir='ltr'><strong>nobis</strong></span> <span class='ocrx_word' id='word_1_568' title='bbox 2981 3561 3115 3632; x_wconf 85' lang='lat' dir='ltr'><strong>ipsis</strong></span> <span class='ocrx_word' id='word_1_569' title='bbox 3165 3556 3379 3612; x_wconf 84' lang='lat' dir='ltr'><strong>radices</strong></span> <span class='ocrx_word' id='word_1_570' title='bbox 3415 3567 3594 3621; x_wconf 75' lang='lat' dir='ltr'><strong>agerc.</strong></span> 
     </span>
    </p>
   </div>
   <div class='ocr_carea' id='block_1_81' title="bbox 2017 3651 3606 3729">
    <p class='ocr_par' dir='ltr' id='par_1_81' title="bbox 2017 3651 3606 3729">
     <span class='ocr_line' id='line_1_81' title="bbox 2017 3651 3606 3729; baseline -0.01 -17"><span class='ocrx_word' id='word_1_571' title='bbox 2017 3659 2368 3728; x_wconf 89' lang='lat' dir='ltr'><strong>quantumvis</strong></span> <span class='ocrx_word' id='word_1_572' title='bbox 2402 3657 2732 3729; x_wconf 86' lang='lat' dir='ltr'><strong>quibusdam</strong></span> <span class='ocrx_word' id='word_1_573' title='bbox 2781 3655 2929 3711; x_wconf 88' lang='lat' dir='ltr'><strong>velut</strong></span> <span class='ocrx_word' id='word_1_574' title='bbox 2975 3651 3394 3722; x_wconf 77' lang='lat' dir='ltr'><strong>castigationem</strong></span> <span class='ocrx_word' id='word_1_575' title='bbox 3429 3659 3606 3714; x_wconf 87' lang='lat' dir='ltr'><strong>repre-</strong></span> 
     </span>
    </p>
   </div>
   <div class='ocr_carea' id='block_1_82' title="bbox 2018 3734 3602 3821">
    <p class='ocr_par' dir='ltr' id='par_1_82' title="bbox 2018 3734 3602 3821">
     <span class='ocr_line' id='line_1_82' title="bbox 2018 3734 3602 3821; baseline -0.01 -17"><span class='ocrx_word' id='word_1_576' title='bbox 2018 3751 2455 3821; x_wconf 89' lang='lat' dir='ltr'><strong>hensionumque</strong></span> <span class='ocrx_word' id='word_1_577' title='bbox 2517 3747 2894 3820; x_wconf 83' lang='lat' dir='ltr'><strong>putationibus</strong></span> <span class='ocrx_word' id='word_1_578' title='bbox 2962 3749 3305 3799; x_wconf 85' lang='lat' dir='ltr'><strong>coerceatur.</strong></span> <span class='ocrx_word' id='word_1_579' title='bbox 3380 3734 3602 3805; x_wconf 82' lang='lat' dir='ltr'><strong>Alioqui</strong></span> 
     </span>
    </p>
   </div>
   <div class='ocr_carea' id='block_1_83' title="bbox 2017 3833 3599 3911">
    <p class='ocr_par' dir='ltr' id='par_1_83' title="bbox 2017 3833 3599 3911">
     <span class='ocr_line' id='line_1_83' title="bbox 2017 3833 3599 3911; baseline -0.014 -16"><span class='ocrx_word' id='word_1_580' title='bbox 2017 3852 2140 3910; x_wconf 87' lang='lat' dir='ltr'><strong>post</strong></span> <span class='ocrx_word' id='word_1_581' title='bbox 2168 3841 2498 3911; x_wconf 88' lang='lat' dir='ltr'><strong>baptismum</strong></span> <span class='ocrx_word' id='word_1_582' title='bbox 2533 3839 2743 3894; x_wconf 80' lang='lat' dir='ltr'><strong>nullum</strong></span> <span class='ocrx_word' id='word_1_583' title='bbox 2779 3836 2893 3904; x_wconf 85' lang='lat' dir='ltr'><strong>jam</strong></span> <span class='ocrx_word' id='word_1_584' title='bbox 2924 3833 3107 3889; x_wconf 90' lang='lat' dir='ltr'><strong>scelus</strong></span> <span class='ocrx_word' id='word_1_585' title='bbox 3137 3835 3599 3902; x_wconf 86' lang='lat' dir='ltr'><strong>perpetraremus,</strong></span> 
     </span>
    </p>
   </div>
   <div class='ocr_carea' id='block_1_84' title="bbox 2019 3923 3608 4003">
    <p class='ocr_par' dir='ltr' id='par_1_84' title="bbox 2019 3923 3608 4003">
     <span class='ocr_line' id='line_1_84' title="bbox 2019 3923 3608 4003; baseline -0.015 -14"><span class='ocrx_word' id='word_1_586' title='bbox 2019 3942 2376 4003; x_wconf 83' lang='lat' dir='ltr'><strong>posteaquam</strong></span> <span class='ocrx_word' id='word_1_587' title='bbox 2412 3939 2695 4001; x_wconf 85' lang='lat' dir='ltr'><strong>peccatum</strong></span> <span class='ocrx_word' id='word_1_588' title='bbox 2731 3943 2760 3982; x_wconf 93' lang='lat' dir='ltr'><strong>a</strong></span> <span class='ocrx_word' id='word_1_589' title='bbox 2794 3925 2951 3981; x_wconf 89' lang='lat' dir='ltr'><strong>uobis</strong></span> <span class='ocrx_word' id='word_1_590' title='bbox 2979 3923 3226 3979; x_wconf 84' lang='lat' dir='ltr'><strong>funditus</strong></span> <span class='ocrx_word' id='word_1_591' title='bbox 3255 3925 3403 3974; x_wconf 90' lang='lat' dir='ltr'><strong>esset</strong></span> <span class='ocrx_word' id='word_1_592' title='bbox 3444 3929 3608 3968; x_wconf 81' lang='lat' dir='ltr'><strong>omne</strong></span> 
     </span>
    </p>
   </div>
   <div class='ocr_carea' id='block_1_85' title="bbox 2019 4011 3607 4091">
    <p class='ocr_par' dir='ltr' id='par_1_85' title="bbox 2019 4011 3607 4091">
     <span class='ocr_line' id='line_1_85' title="bbox 2019 4011 3607 4091; baseline -0.013 -12"><span class='ocrx_word' id='word_1_593' title='bbox 2019 4025 2318 4079; x_wconf 86' lang='lat' dir='ltr'><strong>sublatum.</strong></span> <span class='ocrx_word' id='word_1_594' title='bbox 2358 4021 2519 4091; x_wconf 85' lang='lat' dir='ltr'><strong>Atqui</strong></span> <span class='ocrx_word' id='word_1_595' title='bbox 2551 4021 2714 4074; x_wconf 90' lang='lat' dir='ltr'><strong>etiam</strong></span> <span class='ocrx_word' id='word_1_596' title='bbox 2748 4026 2872 4089; x_wconf 87' lang='lat' dir='ltr'><strong>post</strong></span> <span class='ocrx_word' id='word_1_597' title='bbox 2901 4023 3212 4084; x_wconf 88' lang='lat' dir='ltr'><strong>susceptam</strong></span> <span class='ocrx_word' id='word_1_598' title='bbox 3248 4011 3429 4070; x_wconf 86' lang='lat' dir='ltr'><strong>fidem,</strong></span> <span class='ocrx_word' id='word_1_599' title='bbox 3473 4023 3607 4062; x_wconf 79' lang='lat' dir='ltr'><strong>sau-</strong></span> 
     </span>
    </p>
   </div>
   <div class='ocr_carea' id='block_1_86' title="bbox 2019 4102 3608 4184">
    <p class='ocr_par' dir='ltr' id='par_1_86' title="bbox 2019 4102 3608 4184">
     <span class='ocr_line' id='line_1_86' title="bbox 2019 4102 3608 4184; baseline -0.009 -13"><span class='ocrx_word' id='word_1_600' title='bbox 2019 4118 2267 4172; x_wconf 89' lang='lat' dir='ltr'><strong>ctissima</strong></span> <span class='ocrx_word' id='word_1_601' title='bbox 2319 4116 2412 4169; x_wconf 92' lang='lat' dir='ltr'><strong>illa</strong></span> <span class='ocrx_word' id='word_1_602' title='bbox 2459 4130 2615 4184; x_wconf 69' lang='lat' dir='ltr'><strong>aqum</strong></span> <span class='ocrx_word' id='word_1_603' title='bbox 2648 4113 2850 4166; x_wconf 86' lang='lat' dir='ltr'><strong>lotione</strong></span> <span class='ocrx_word' id='word_1_604' title='bbox 2900 4109 3105 4182; x_wconf 83' lang='lat' dir='ltr'><strong>perfusi</strong></span> <span class='ocrx_word' id='word_1_605' title='bbox 3134 4106 3374 4178; x_wconf 88' lang='lat' dir='ltr'><strong>peccatis</strong></span> <span class='ocrx_word' id='word_1_606' title='bbox 3407 4102 3608 4171; x_wconf 69' lang='lat' dir='ltr'><strong>smpius</strong></span> 
     </span>
    </p>
   </div>
   <div class='ocr_carea' id='block_1_87' title="bbox 2019 4191 3608 4277">
    <p class='ocr_par' dir='ltr' id='par_1_87' title="bbox 2019 4191 3608 4277">
     <span class='ocr_line' id='line_1_87' title="bbox 2019 4191 3608 4277; baseline -0.012 -15"><span class='ocrx_word' id='word_1_607' title='bbox 2019 4207 2438 4277; x_wconf 88' lang='lat' dir='ltr'><strong>obstringimur.</strong></span> <span class='ocrx_word' id='word_1_608' title='bbox 2492 4203 2676 4273; x_wconf 80' lang='lat' dir='ltr'><strong>Neque</strong></span> <span class='ocrx_word' id='word_1_609' title='bbox 2731 4203 2876 4257; x_wconf 90' lang='lat' dir='ltr'><strong>enim</strong></span> <span class='ocrx_word' id='word_1_610' title='bbox 2910 4200 3046 4255; x_wconf 89' lang='lat' dir='ltr'><strong>adeo</strong></span> <span class='ocrx_word' id='word_1_611' title='bbox 3095 4213 3154 4253; x_wconf 90' lang='lat' dir='ltr'><strong>se</strong></span> <span class='ocrx_word' id='word_1_612' title='bbox 3201 4198 3494 4250; x_wconf 89' lang='lat' dir='ltr'><strong>immunem</strong></span> <span class='ocrx_word' id='word_1_613' title='bbox 3539 4191 3608 4244; x_wconf 85' lang='lat' dir='ltr'><strong>ab</strong></span> 
     </span>
    </p>
   </div>
   <div class='ocr_carea' id='block_1_88' title="bbox 2019 4290 3608 4370">
    <p class='ocr_par' dir='ltr' id='par_1_88' title="bbox 2019 4290 3608 4370">
     <span class='ocr_line' id='line_1_88' title="bbox 2019 4290 3608 4370; baseline -0.014 -13"><span class='ocrx_word' id='word_1_614' title='bbox 2019 4301 2168 4357; x_wconf 91' lang='lat' dir='ltr'><strong>omni</strong></span> <span class='ocrx_word' id='word_1_615' title='bbox 2208 4317 2330 4356; x_wconf 88' lang='lat' dir='ltr'><strong>esse</strong></span> <span class='ocrx_word' id='word_1_616' title='bbox 2375 4305 2602 4370; x_wconf 82' lang='lat' dir='ltr'><strong>peccato</strong></span> <span class='ocrx_word' id='word_1_617' title='bbox 2641 4295 2862 4368; x_wconf 86' lang='lat' dir='ltr'><strong>gloriari</strong></span> <span class='ocrx_word' id='word_1_618' title='bbox 2896 4291 3169 4363; x_wconf 89' lang='lat' dir='ltr'><strong>quispiam</strong></span> <span class='ocrx_word' id='word_1_619' title='bbox 3206 4294 3402 4357; x_wconf 84' lang='lat' dir='ltr'><strong>potest,</strong></span> <span class='ocrx_word' id='word_1_620' title='bbox 3445 4290 3506 4336; x_wconf 92' lang='lat' dir='ltr'><strong>ut</strong></span> <span class='ocrx_word' id='word_1_621' title='bbox 3543 4297 3608 4337; x_wconf 77' lang='lat' dir='ltr'><strong>ne</strong></span> 
     </span>
    </p>
   </div>
   <div class='ocr_carea' id='block_1_89' title="bbox 2020 4375 3608 4464">
    <p class='ocr_par' dir='ltr' id='par_1_89' title="bbox 2020 4375 3608 4464">
     <span class='ocr_line' id='line_1_89' title="bbox 2020 4375 3608 4464; baseline -0.013 -16"><span class='ocrx_word' id='word_1_622' title='bbox 2020 4393 2352 4464; x_wconf 89' lang='lat' dir='ltr'><strong>cogitatione</strong></span> <span class='ocrx_word' id='word_1_623' title='bbox 2379 4389 2601 4461; x_wconf 91' lang='lat' dir='ltr'><strong>quidem</strong></span> <span class='ocrx_word' id='word_1_624' title='bbox 2639 4388 2808 4442; x_wconf 89' lang='lat' dir='ltr'><strong>ullum</strong></span> <span class='ocrx_word' id='word_1_625' title='bbox 2858 4385 3039 4440; x_wconf 89' lang='lat' dir='ltr'><strong>scelus</strong></span> <span class='ocrx_word' id='word_1_626' title='bbox 3079 4381 3352 4436; x_wconf 88' lang='lat' dir='ltr'><strong>admittat.</strong></span> <span class='ocrx_word' id='word_1_627' title='bbox 3380 4375 3458 4430; x_wconf 76' lang='lat' dir='ltr'><strong>Ex</strong></span> <span class='ocrx_word' id='word_1_628' title='bbox 3499 4389 3608 4444; x_wconf 92' lang='lat' dir='ltr'><strong>quo</strong></span> 
     </span>
    </p>
   </div>
   <div class='ocr_carea' id='block_1_90' title="bbox 339 4467 1914 4575">
    <p class='ocr_par' dir='ltr' id='par_1_90' title="bbox 339 4476 1914 4554">
     <span class='ocr_line' id='line_1_90' title="bbox 339 4476 1914 4554; baseline -0.005 -17"><span class='ocrx_word' id='word_1_629' title='bbox 339 4484 450 4537; x_wconf 86' lang='grc' dir='ltr'><strong>τῶν</strong></span> <span class='ocrx_word' id='word_1_630' title='bbox 477 4483 642 4554; x_wconf 82' lang='grc' dir='ltr'>ῥιζῶν</span> <span class='ocrx_word' id='word_1_631' title='bbox 671 4483 851 4554; x_wconf 82' lang='grc' dir='ltr'>ἄχρις.</span> <span class='ocrx_word' id='word_1_632' title='bbox 888 4479 1004 4534; x_wconf 90' lang='grc' dir='ltr'>Νῦν</span> <span class='ocrx_word' id='word_1_633' title='bbox 1029 4480 1130 4551; x_wconf 80' lang='grc' dir='ltr'><strong>μὲν</strong></span> <span class='ocrx_word' id='word_1_634' title='bbox 1167 4478 1400 4533; x_wconf 79' lang='grc' dir='ltr'>ἐνταῦθα</span> <span class='ocrx_word' id='word_1_635' title='bbox 1427 4479 1527 4541; x_wconf 81' lang='grc' dir='ltr'><strong>τὰς</strong></span> <span class='ocrx_word' id='word_1_636' title='bbox 1561 4477 1794 4549; x_wconf 83' lang='grc' dir='ltr'>βλάστας</span> <span class='ocrx_word' id='word_1_637' title='bbox 1821 4476 1914 4530; x_wconf 86' lang='grc' dir='ltr'>αὐ-</span> 
     </span>
    </p>
   </div>
   <div class='ocr_carea' id='block_1_91' title="bbox 2017 4467 3606 4575">
    <p class='ocr_par' dir='ltr' id='par_1_91' title="bbox 2026 4467 3606 4556">
     <span class='ocr_line' id='line_1_91' title="bbox 2026 4467 3606 4556; baseline -0.014 -14"><span class='ocrx_word' id='word_1_638' title='bbox 2026 4500 2371 4556; x_wconf 88' lang='lat' dir='ltr'><strong>consequens</strong></span> <span class='ocrx_word' id='word_1_639' title='bbox 2397 4493 2482 4539; x_wconf 91' lang='lat' dir='ltr'><strong>est</strong></span> <span class='ocrx_word' id='word_1_640' title='bbox 2516 4479 2741 4552; x_wconf 83' lang='lat' dir='ltr'><strong>reprimi</strong></span> <span class='ocrx_word' id='word_1_641' title='bbox 2771 4477 2990 4548; x_wconf 90' lang='lat' dir='ltr'><strong>quidem</strong></span> <span class='ocrx_word' id='word_1_642' title='bbox 3027 4491 3090 4529; x_wconf 93' lang='lat' dir='ltr'><strong>ac</strong></span> <span class='ocrx_word' id='word_1_643' title='bbox 3121 4471 3397 4554; x_wconf 87' lang='lat' dir='ltr'><strong>consopiri</strong></span> <span class='ocrx_word' id='word_1_644' title='bbox 3449 4467 3606 4522; x_wconf 87' lang='lat' dir='ltr'><strong>modo</strong></span> 
     </span>
    </p>
   </div>
   <div class='ocr_carea' id='block_1_92' title="bbox 340 4567 1919 4646">
    <p class='ocr_par' dir='ltr' id='par_1_92' title="bbox 340 4567 1919 4646">
     <span class='ocr_line' id='line_1_92' title="bbox 340 4567 1919 4646; baseline -0.006 -16"><span class='ocrx_word' id='word_1_645' title='bbox 340 4577 462 4646; x_wconf 80' lang='grc' dir='ltr'>τῆς,</span> <span class='ocrx_word' id='word_1_646' title='bbox 497 4572 608 4628; x_wconf 73' lang='grc' dir='ltr'>οἷον</span> <span class='ocrx_word' id='word_1_647' title='bbox 629 4573 729 4638; x_wconf 85' lang='grc' dir='ltr'><strong>τὰς</strong></span> <span class='ocrx_word' id='word_1_648' title='bbox 752 4573 1078 4644; x_wconf 75' lang='grc' dir='ltr'>ἐνθυμήσεις</span> <span class='ocrx_word' id='word_1_649' title='bbox 1106 4571 1206 4635; x_wconf 84' lang='grc' dir='ltr'>τὰς</span> <span class='ocrx_word' id='word_1_650' title='bbox 1240 4570 1501 4640; x_wconf 86' lang='grc' dir='ltr'>πονηρὰς,</span> <span class='ocrx_word' id='word_1_651' title='bbox 1538 4567 1919 4638; x_wconf 86' lang='grc' dir='ltr'>συστέλλομεν,</span> 
     </span>
    </p>
   </div>
   <div class='ocr_carea' id='block_1_93' title="bbox 347 4659 1924 4738">
    <p class='ocr_par' dir='ltr' id='par_1_93' title="bbox 347 4659 1924 4738">
     <span class='ocr_line' id='line_1_93' title="bbox 347 4659 1924 4738; baseline -0.005 -19"><span class='ocrx_word' id='word_1_652' title='bbox 347 4670 422 4738; x_wconf 84' lang='grc' dir='ltr'><strong>μή</strong></span> <span class='ocrx_word' id='word_1_653' title='bbox 450 4683 535 4728; x_wconf 89' lang='grc' dir='ltr'><strong>τις</strong></span> <span class='ocrx_word' id='word_1_654' title='bbox 566 4666 693 4738; x_wconf 83' lang='grc' dir='ltr'>ῥίζα</span> <span class='ocrx_word' id='word_1_655' title='bbox 725 4664 952 4736; x_wconf 90' lang='grc' dir='ltr'>πικρίας</span> <span class='ocrx_word' id='word_1_656' title='bbox 971 4663 1086 4717; x_wconf 78' lang='grc' dir='ltr'><strong>ἀνω</strong></span> <span class='ocrx_word' id='word_1_657' title='bbox 1107 4663 1320 4731; x_wconf 84' lang='grc' dir='ltr'>φύουσα</span> <span class='ocrx_word' id='word_1_658' title='bbox 1352 4661 1653 4731; x_wconf 79' lang='grc' dir='ltr'>ἐνοχλήσει,</span> <span class='ocrx_word' id='word_1_659' title='bbox 1691 4659 1766 4731; x_wconf 87' lang='grc' dir='ltr'><strong>μὴ</strong></span> <span class='ocrx_word' id='word_1_660' title='bbox 1791 4659 1924 4712; x_wconf 75' lang='grc' dir='ltr'>ἑῶν-</span> 
     </span>
    </p>
   </div>
   <div class='ocr_carea' id='block_1_94' title="bbox 341 4751 1922 4830">
    <p class='ocr_par' dir='ltr' id='par_1_94' title="bbox 341 4751 1922 4830">
     <span class='ocr_line' id='line_1_94' title="bbox 341 4751 1922 4830; baseline -0.006 -18"><span class='ocrx_word' id='word_1_661' title='bbox 341 4776 434 4822; x_wconf 89' lang='grc' dir='ltr'><strong>τες</strong></span> <span class='ocrx_word' id='word_1_662' title='bbox 468 4758 754 4830; x_wconf 86' lang='grc' dir='ltr'>ἀναμύειν,</span> <span class='ocrx_word' id='word_1_663' title='bbox 789 4756 886 4810; x_wconf 74' lang='grc' dir='ltr'>καὶ</span> <span class='ocrx_word' id='word_1_664' title='bbox 921 4753 1256 4823; x_wconf 83' lang='grc' dir='ltr'>διοίγνυσθαι</span> <span class='ocrx_word' id='word_1_665' title='bbox 1293 4752 1363 4806; x_wconf 86' lang='grc' dir='ltr'><strong>τά</strong></span> <span class='ocrx_word' id='word_1_666' title='bbox 1409 4752 1693 4823; x_wconf 86' lang='grc' dir='ltr'>μεμυκότα</span> <span class='ocrx_word' id='word_1_667' title='bbox 1728 4751 1922 4821; x_wconf 89' lang='grc' dir='ltr'>στόμια</span> 
     </span>
    </p>
   </div>
   <div class='ocr_carea' id='block_1_95' title="bbox 344 4843 1923 4920">
    <p class='ocr_par' dir='ltr' id='par_1_95' title="bbox 344 4843 1923 4920">
     <span class='ocr_line' id='line_1_95' title="bbox 344 4843 1923 4920; baseline -0.005 -17"><span class='ocrx_word' id='word_1_668' title='bbox 344 4849 481 4920; x_wconf 85' lang='grc' dir='ltr'>πρὸς</span> <span class='ocrx_word' id='word_1_669' title='bbox 514 4849 612 4913; x_wconf 79' lang='grc' dir='ltr'><strong>τὰς</strong></span> <span class='ocrx_word' id='word_1_670' title='bbox 634 4849 894 4917; x_wconf 75' lang='grc' dir='ltr'>ἐκφύσεις</span> <span class='ocrx_word' id='word_1_671' title='bbox 913 4847 1008 4900; x_wconf 90' lang='grc' dir='ltr'><strong>τοῦ</strong></span> <span class='ocrx_word' id='word_1_672' title='bbox 1047 4846 1231 4914; x_wconf 80' lang='grc' dir='ltr'>λόγου,</span> <span class='ocrx_word' id='word_1_673' title='bbox 1262 4845 1419 4914; x_wconf 88' lang='grc' dir='ltr'>δίκην</span> <span class='ocrx_word' id='word_1_674' title='bbox 1445 4843 1634 4913; x_wconf 84' lang='grc' dir='ltr'>ἀξίνης</span> <span class='ocrx_word' id='word_1_675' title='bbox 1656 4843 1793 4914; x_wconf 84' lang='grc' dir='ltr'>πρὸς</span> <span class='ocrx_word' id='word_1_676' title='bbox 1822 4843 1923 4907; x_wconf 81' lang='grc' dir='ltr'>τὰς</span> 
     </span>
    </p>
   </div>
   <div class='ocr_carea' id='block_1_96' title="bbox 346 4935 1922 5010">
    <p class='ocr_par' dir='ltr' id='par_1_96' title="bbox 346 4935 1922 5010">
     <span class='ocr_line' id='line_1_96' title="bbox 346 4935 1922 5010; baseline -0.004 -18"><span class='ocrx_word' id='word_1_677' title='bbox 346 4939 501 5010; x_wconf 85' lang='grc' dir='ltr'>ῥίζας</span> <span class='ocrx_word' id='word_1_678' title='bbox 530 4939 699 5010; x_wconf 76' lang='grc' dir='ltr'>αὐτῆς</span> <span class='ocrx_word' id='word_1_679' title='bbox 731 4939 829 5002; x_wconf 89' lang='grc' dir='ltr'><strong>τάς</strong></span> <span class='ocrx_word' id='word_1_680' title='bbox 873 4938 1025 4991; x_wconf 88' lang='grc' dir='ltr'>κάτω</span> <span class='ocrx_word' id='word_1_681' title='bbox 1057 4937 1330 5007; x_wconf 87' lang='grc' dir='ltr'>φυομένας</span> <span class='ocrx_word' id='word_1_682' title='bbox 1368 4935 1680 5006; x_wconf 74' lang='grc' dir='ltr'>τέμνοντοςο</span> <span class='ocrx_word' id='word_1_683' title='bbox 1708 4935 1830 4986; x_wconf 86' lang='grc' dir='ltr'>τότε</span> <span class='ocrx_word' id='word_1_684' title='bbox 1864 4935 1922 4986; x_wconf 85' lang='grc' dir='ltr'>δὲ</span> 
     </span>
    </p>
   </div>
   <div class='ocr_carea' id='block_1_97' title="bbox 345 5025 1924 5100">
    <p class='ocr_par' dir='ltr' id='par_1_97' title="bbox 345 5025 1924 5100">
     <span class='ocr_line' id='line_1_97' title="bbox 345 5025 1924 5100; baseline -0.004 -16"><span class='ocrx_word' id='word_1_685' title='bbox 345 5032 441 5084; x_wconf 79' lang='grc' dir='ltr'><strong>καὶ</strong></span> <span class='ocrx_word' id='word_1_686' title='bbox 465 5031 526 5083; x_wconf 83' lang='grc' dir='ltr'><strong>τὸ</strong></span> <span class='ocrx_word' id='word_1_687' title='bbox 553 5031 689 5095; x_wconf 84' lang='grc' dir='ltr'>ὅλως</span> <span class='ocrx_word' id='word_1_688' title='bbox 717 5028 1190 5100; x_wconf 77' lang='grc' dir='ltr'>ὲνθυμηθήσεσθαι</span> <span class='ocrx_word' id='word_1_689' title='bbox 1221 5029 1350 5099; x_wconf 73' lang='grc' dir='ltr'>περὶ</span> <span class='ocrx_word' id='word_1_690' title='bbox 1388 5026 1588 5092; x_wconf 82' lang='grc' dir='ltr'>κακίας</span> <span class='ocrx_word' id='word_1_691' title='bbox 1615 5025 1924 5096; x_wconf 85' lang='grc' dir='ltr'>ἀφανισθή-</span> 
     </span>
    </p>
   </div>
   <div class='ocr_carea' id='block_1_98' title="bbox 347 5139 519 5175">
    <p class='ocr_par' dir='ltr' id='par_1_98' title="bbox 347 5139 519 5175">
     <span class='ocr_line' id='line_1_98' title="bbox 347 5139 519 5175; baseline 0.006 -1"><span class='ocrx_word' id='word_1_692' title='bbox 347 5139 519 5175; x_wconf 84' lang='grc' dir='ltr'>σεται.</span> 
     </span>
    </p>
   </div>
   <div class='ocr_carea' id='block_1_99' title="bbox 2029 4563 3606 4646">
    <p class='ocr_par' dir='ltr' id='par_1_99' title="bbox 2029 4563 3606 4646">
     <span class='ocr_line' id='line_1_99' title="bbox 2029 4563 3606 4646; baseline -0.013 -14"><span class='ocrx_word' id='word_1_693' title='bbox 2029 4576 2134 4632; x_wconf 85' lang='lat' dir='ltr'><strong>fide</strong></span> <span class='ocrx_word' id='word_1_694' title='bbox 2170 4583 2454 4646; x_wconf 90' lang='lat' dir='ltr'><strong>peccatum</strong></span> <span class='ocrx_word' id='word_1_695' title='bbox 2511 4588 2582 4628; x_wconf 89' lang='lat' dir='ltr'><strong>ne</strong></span> <span class='ocrx_word' id='word_1_696' title='bbox 2615 4571 2955 4642; x_wconf 89' lang='lat' dir='ltr'><strong>perniciosos</strong></span> <span class='ocrx_word' id='word_1_697' title='bbox 2987 4565 3202 4622; x_wconf 90' lang='lat' dir='ltr'><strong>fructus</strong></span> <span class='ocrx_word' id='word_1_698' title='bbox 3231 4563 3466 4623; x_wconf 86' lang='lat' dir='ltr'><strong>emittat,</strong></span> <span class='ocrx_word' id='word_1_699' title='bbox 3499 4574 3606 4613; x_wconf 89' lang='lat' dir='ltr'><strong>non</strong></span> 
     </span>
    </p>
   </div>
   <div class='ocr_carea' id='block_1_100' title="bbox 2029 4651 3606 4734">
    <p class='ocr_par' dir='ltr' id='par_1_100' title="bbox 2029 4651 3606 4734">
     <span class='ocr_line' id='line_1_100' title="bbox 2029 4651 3606 4734; baseline -0.013 -12"><span class='ocrx_word' id='word_1_700' title='bbox 2029 4669 2254 4722; x_wconf 89' lang='lat' dir='ltr'><strong>omnino</strong></span> <span class='ocrx_word' id='word_1_701' title='bbox 2309 4676 2490 4721; x_wconf 89' lang='lat' dir='ltr'><strong>tamen</strong></span> <span class='ocrx_word' id='word_1_702' title='bbox 2541 4680 2606 4719; x_wconf 88' lang='lat' dir='ltr'><strong>ac</strong></span> <span class='ocrx_word' id='word_1_703' title='bbox 2661 4661 2926 4718; x_wconf 85' lang='lat' dir='ltr'><strong>radicitus</strong></span> <span class='ocrx_word' id='word_1_704' title='bbox 2991 4655 3288 4734; x_wconf 84' lang='lat' dir='ltr'><strong>exstingui.</strong></span> <span class='ocrx_word' id='word_1_705' title='bbox 3338 4651 3606 4719; x_wconf 84' lang='lat' dir='ltr'><strong>Quocirca</strong></span> 
     </span>
    </p>
   </div>
   <div class='ocr_carea' id='block_1_101' title="bbox 2029 4735 3608 4827">
    <p class='ocr_par' dir='ltr' id='par_1_101' title="bbox 2029 4735 3608 4827">
     <span class='ocr_line' id='line_1_101' title="bbox 2029 4735 3608 4827; baseline -0.012 -14"><span class='ocrx_word' id='word_1_706' title='bbox 2029 4773 2178 4813; x_wconf 91' lang='lat' dir='ltr'><strong>nunc</strong></span> <span class='ocrx_word' id='word_1_707' title='bbox 2208 4758 2355 4813; x_wconf 90' lang='lat' dir='ltr'><strong>illius</strong></span> <span class='ocrx_word' id='word_1_708' title='bbox 2386 4755 2605 4827; x_wconf 90' lang='lat' dir='ltr'><strong>quidem</strong></span> <span class='ocrx_word' id='word_1_709' title='bbox 2633 4753 2900 4826; x_wconf 85' lang='lat' dir='ltr'><strong>germina,</strong></span> <span class='ocrx_word' id='word_1_710' title='bbox 2943 4735 3136 4818; x_wconf 81' lang='lat' dir='ltr'><strong>pravas</strong></span> <span class='ocrx_word' id='word_1_711' title='bbox 3172 4747 3428 4802; x_wconf 89' lang='lat' dir='ltr'><strong>nimirum</strong></span> <span class='ocrx_word' id='word_1_712' title='bbox 3455 4742 3608 4812; x_wconf 83' lang='lat' dir='ltr'><strong>cegi-</strong></span> 
     </span>
    </p>
   </div>
   <div class='ocr_carea' id='block_1_102' title="bbox 2029 4833 3607 4914">
    <p class='ocr_par' dir='ltr' id='par_1_102' title="bbox 2029 4833 3607 4914">
     <span class='ocr_line' id='line_1_102' title="bbox 2029 4833 3607 4914; baseline -0.012 -9"><span class='ocrx_word' id='word_1_713' title='bbox 2029 4850 2287 4912; x_wconf 89' lang='lat' dir='ltr'><strong>taliones,</strong></span> <span class='ocrx_word' id='word_1_714' title='bbox 2318 4849 2652 4912; x_wconf 87' lang='lat' dir='ltr'><strong>inhibetnus,</strong></span> <span class='ocrx_word' id='word_1_715' title='bbox 2683 4861 2752 4900; x_wconf 93' lang='lat' dir='ltr'><strong>ne</strong></span> <span class='ocrx_word' id='word_1_716' title='bbox 2776 4859 2906 4914; x_wconf 70' lang='lat' dir='ltr'><strong>,qua</strong></span> <span class='ocrx_word' id='word_1_717' title='bbox 2952 4843 3110 4896; x_wconf 80' lang='lat' dir='ltr'><strong>radix</strong></span> <span class='ocrx_word' id='word_1_718' title='bbox 3142 4835 3530 4894; x_wconf 76' lang='lat' dir='ltr'><strong>amaritudinis</strong></span> <span class='ocrx_word' id='word_1_719' title='bbox 3567 4833 3607 4897; x_wconf 73' lang='lat'><strong>‘,</strong></span> 
     </span>
    </p>
   </div>
   <div class='ocr_carea' id='block_1_103' title="bbox 2030 4923 3606 5010">
    <p class='ocr_par' dir='ltr' id='par_1_103' title="bbox 2030 4923 3606 5010">
     <span class='ocr_line' id='line_1_103' title="bbox 2030 4923 3606 5010; baseline -0.01 -18"><span class='ocrx_word' id='word_1_720' title='bbox 2030 4955 2327 5010; x_wconf 89' lang='lat' dir='ltr'><strong>erumpens</strong></span> <span class='ocrx_word' id='word_1_721' title='bbox 2361 4939 2662 4993; x_wconf 87' lang='lat' dir='ltr'><strong>molestiam</strong></span> <span class='ocrx_word' id='word_1_722' title='bbox 2700 4937 2857 4990; x_wconf 90' lang='lat' dir='ltr'><strong>nobis</strong></span> <span class='ocrx_word' id='word_1_723' title='bbox 2887 4932 3111 4999; x_wconf 85' lang='lat' dir='ltr'><strong>aerrat;</strong></span> <span class='ocrx_word' id='word_1_724' title='bbox 3143 4946 3244 4985; x_wconf 87' lang='lat' dir='ltr'><strong>nec</strong></span> <span class='ocrx_word' id='word_1_725' title='bbox 3285 4933 3504 4999; x_wconf 86' lang='lat' dir='ltr'><strong>apertas</strong></span> <span class='ocrx_word' id='word_1_726' title='bbox 3542 4923 3606 4978; x_wconf 86' lang='lat' dir='ltr'><strong>ad</strong></span> 
     </span>
    </p>
   </div>
   <div class='ocr_carea' id='block_1_104' title="bbox 2033 5011 3606 5098">
    <p class='ocr_par' dir='ltr' id='par_1_104' title="bbox 2033 5011 3606 5098">
     <span class='ocr_line' id='line_1_104' title="bbox 2033 5011 3606 5098; baseline -0.013 -14"><span class='ocrx_word' id='word_1_727' title='bbox 2033 5029 2410 5098; x_wconf 85' lang='lat' dir='ltr'><strong>pullulandum</strong></span> <span class='ocrx_word' id='word_1_728' title='bbox 2444 5030 2582 5091; x_wconf 90' lang='lat' dir='ltr'><strong>vias,</strong></span> <span class='ocrx_word' id='word_1_729' title='bbox 2616 5043 2680 5080; x_wconf 90' lang='lat' dir='ltr'><strong>ac</strong></span> <span class='ocrx_word' id='word_1_730' title='bbox 2725 5011 3058 5094; x_wconf 85' lang='lat' dir='ltr'><strong>spiramenta</strong></span> <span class='ocrx_word' id='word_1_731' title='bbox 3094 5021 3379 5075; x_wconf 82' lang='lat' dir='ltr'><strong>dehiscere</strong></span> <span class='ocrx_word' id='word_1_732' title='bbox 3409 5029 3474 5068; x_wconf 90' lang='lat' dir='ltr'><strong>ac</strong></span> <span class='ocrx_word' id='word_1_733' title='bbox 3517 5028 3606 5082; x_wconf 87' lang='lat' dir='ltr'><strong>pa-</strong></span> 
     </span>
    </p>
   </div>
   <div class='ocr_carea' id='block_1_105' title="bbox 2032 5108 3605 5192">
    <p class='ocr_par' dir='ltr' id='par_1_105' title="bbox 2032 5108 3605 5192">
     <span class='ocr_line' id='line_1_105' title="bbox 2032 5108 3605 5192; baseline -0.011 -17"><span class='ocrx_word' id='word_1_734' title='bbox 2032 5123 2204 5176; x_wconf 87' lang='lat' dir='ltr'><strong>telieri</strong></span> <span class='ocrx_word' id='word_1_735' title='bbox 2236 5123 2504 5186; x_wconf 89' lang='lat' dir='ltr'><strong>sinimus;</strong></span> <span class='ocrx_word' id='word_1_736' title='bbox 2545 5123 2883 5192; x_wconf 87' lang='lat' dir='ltr'><strong>proindequc</strong></span> <span class='ocrx_word' id='word_1_737' title='bbox 2916 5120 3102 5173; x_wconf 91' lang='lat' dir='ltr'><strong>divino</strong></span> <span class='ocrx_word' id='word_1_738' title='bbox 3132 5114 3318 5172; x_wconf 88' lang='lat' dir='ltr'><strong>verbo,</strong></span> <span class='ocrx_word' id='word_1_739' title='bbox 3350 5108 3498 5162; x_wconf 87' lang='lat' dir='ltr'><strong>velut</strong></span> <span class='ocrx_word' id='word_1_740' title='bbox 3525 5118 3605 5159; x_wconf 88' lang='lat' dir='ltr'><strong>se-</strong></span> 
     </span>
    </p>
   </div>
   <div class='ocr_carea' id='block_1_106' title="bbox 347 5198 3607 5286">
    <p class='ocr_par' dir='ltr' id='par_1_106' title="bbox 347 5198 3607 5286">
     <span class='ocr_line' id='line_1_106' title="bbox 347 5198 3607 5286; baseline -0.007 -14"><span class='ocrx_word' id='word_1_741' title='bbox 347 5217 466 5272; x_wconf 91' lang='lat' dir='ltr'><strong>curi</strong></span> <span class='ocrx_word' id='word_1_742' title='bbox 497 5216 756 5286; x_wconf 85' lang='lat' dir='ltr'><strong>quadam.</strong></span> <span class='ocrx_word' id='word_1_743' title='bbox 788 5215 1112 5273; x_wconf 85' lang='lat' dir='ltr'><strong>fruticantes</strong></span> <span class='ocrx_word' id='word_1_744' title='bbox 1156 5213 1450 5268; x_wconf 88' lang='lat' dir='ltr'><strong>identidem</strong></span> <span class='ocrx_word' id='word_1_745' title='bbox 1491 5213 1561 5268; x_wconf 89' lang='lat' dir='ltr'><strong>ab</strong></span> <span class='ocrx_word' id='word_1_746' title='bbox 1619 5213 1806 5268; x_wconf 87' lang='lat' dir='ltr'><strong>radice</strong></span> <span class='ocrx_word' id='word_1_747' title='bbox 1831 5211 2032 5284; x_wconf 90' lang='lat' dir='ltr'><strong>stirpes</strong></span> <span class='ocrx_word' id='word_1_748' title='bbox 2059 5217 2404 5284; x_wconf 80' lang='lat' dir='ltr'><strong>excidimus;</strong></span> <span class='ocrx_word' id='word_1_749' title='bbox 2453 5223 2508 5268; x_wconf 91' lang='lat' dir='ltr'><strong>at</strong></span> <span class='ocrx_word' id='word_1_750' title='bbox 2554 5215 2612 5269; x_wconf 91' lang='lat' dir='ltr'><strong>in</strong></span> <span class='ocrx_word' id='word_1_751' title='bbox 2648 5214 2834 5267; x_wconf 91' lang='lat' dir='ltr'><strong>futuro</strong></span> <span class='ocrx_word' id='word_1_752' title='bbox 2873 5212 2966 5265; x_wconf 91' lang='lat' dir='ltr'><strong>illo</strong></span> <span class='ocrx_word' id='word_1_753' title='bbox 3026 5218 3173 5265; x_wconf 90' lang='lat' dir='ltr'><strong>statu</strong></span> <span class='ocrx_word' id='word_1_754' title='bbox 3242 5202 3368 5258; x_wconf 86' lang='lat' dir='ltr'><strong>maii</strong></span> <span class='ocrx_word' id='word_1_755' title='bbox 3431 5198 3607 5252; x_wconf 82' lang='lat' dir='ltr'><strong>omnis</strong></span> 
     </span>
    </p>
   </div>
   <div class='ocr_carea' id='block_1_107' title="bbox 353 5305 989 5376">
    <p class='ocr_par' dir='ltr' id='par_1_107' title="bbox 353 5305 989 5376">
     <span class='ocr_line' id='line_1_107' title="bbox 353 5305 989 5376; baseline -0.003 -17"><span class='ocrx_word' id='word_1_756' title='bbox 353 5306 434 5360; x_wconf 87' lang='lat' dir='ltr'><strong>vel</strong></span> <span class='ocrx_word' id='word_1_757' title='bbox 464 5305 720 5376; x_wconf 86' lang='lat' dir='ltr'><strong>cogitatio</strong></span> <span class='ocrx_word' id='word_1_758' title='bbox 749 5305 989 5359; x_wconf 87' lang='lat' dir='ltr'><strong>tolletur.</strong></span> 
     </span>
    </p>
   </div>
   <div class='ocr_carea' id='block_1_108' title="bbox 419 5377 1914 5466">
    <p class='ocr_par' dir='ltr' id='par_1_108' title="bbox 419 5391 1914 5466">
     <span class='ocr_line' id='line_1_108' title="bbox 419 5391 1914 5466; baseline -0.004 -14"><span class='ocrx_word' id='word_1_759' title='bbox 419 5401 567 5464; x_wconf 67' lang='lat' dir='ltr'><strong>KG&#39;.</strong></span> <span class='ocrx_word' id='word_1_760' title='bbox 610 5395 745 5448; x_wconf 81' lang='grc' dir='ltr'>Οὐδὲ</span> <span class='ocrx_word' id='word_1_761' title='bbox 779 5395 888 5466; x_wconf 85' lang='grc' dir='ltr'>γὰρ</span> <span class='ocrx_word' id='word_1_762' title='bbox 920 5395 1239 5466; x_wconf 86' lang='grc' dir='ltr'>ἀμάρτυρος</span> <span class='ocrx_word' id='word_1_763' title='bbox 1263 5394 1292 5447; x_wconf 89' lang='lat'><strong>6</strong></span> <span class='ocrx_word' id='word_1_764' title='bbox 1341 5393 1499 5462; x_wconf 86' lang='grc' dir='ltr'>λόγος</span> <span class='ocrx_word' id='word_1_765' title='bbox 1543 5391 1775 5464; x_wconf 86' lang='grc' dir='ltr'>Γραφῶν</span> <span class='ocrx_word' id='word_1_766' title='bbox 1816 5395 1914 5456; x_wconf 76' lang='grc' dir='ltr'>τοῖς</span> 
     </span>
    </p>
   </div>
   <div class='ocr_carea' id='block_1_109' title="bbox 2017 5377 3606 5466">
    <p class='ocr_par' dir='ltr' id='par_1_109' title="bbox 2037 5377 3606 5455">
     <span class='ocr_line' id='line_1_109' title="bbox 2037 5377 3606 5455; baseline -0.01 -14"><span class='ocrx_word' id='word_1_767' title='bbox 2037 5390 2064 5447; x_wconf 69' lang='grc' dir='ltr'>Ξ</span> <span class='ocrx_word' id='word_1_768' title='bbox 2107 5385 2301 5440; x_wconf 77' lang='lat' dir='ltr'><strong>XXVI.</strong></span> <span class='ocrx_word' id='word_1_769' title='bbox 2345 5385 2530 5455; x_wconf 85' lang='lat' dir='ltr'><strong>Neque</strong></span> <span class='ocrx_word' id='word_1_770' title='bbox 2560 5400 2689 5439; x_wconf 85' lang='lat' dir='ltr'><strong>vero</strong></span> <span class='ocrx_word' id='word_1_771' title='bbox 2720 5383 2866 5454; x_wconf 90' lang='lat' dir='ltr'><strong>quod</strong></span> <span class='ocrx_word' id='word_1_772' title='bbox 2915 5381 3148 5435; x_wconf 88' lang='lat' dir='ltr'><strong>dicimus</strong></span> <span class='ocrx_word' id='word_1_773' title='bbox 3199 5377 3606 5446; x_wconf 72' lang='lat' dir='ltr'><strong>Scripturarum</strong></span> 
     </span>
    </p>
   </div>
   <div class='ocr_carea' id='block_1_110' title="bbox 352 5467 1914 5559">
    <p class='ocr_par' dir='ltr' id='par_1_110' title="bbox 352 5480 1914 5559">
     <span class='ocr_line' id='line_1_110' title="bbox 352 5480 1914 5559; baseline -0.004 -17"><span class='ocrx_word' id='word_1_774' title='bbox 352 5488 700 5559; x_wconf 86' lang='grc' dir='ltr'>βουλομένοις</span> <span class='ocrx_word' id='word_1_775' title='bbox 735 5486 1045 5557; x_wconf 86' lang='grc' dir='ltr'>εἰλικρινῶς</span> <span class='ocrx_word' id='word_1_776' title='bbox 1084 5485 1145 5539; x_wconf 84' lang='grc' dir='ltr'>τὸ</span> <span class='ocrx_word' id='word_1_777' title='bbox 1176 5485 1373 5557; x_wconf 85' lang='grc' dir='ltr'>ἀληθὲς</span> <span class='ocrx_word' id='word_1_778' title='bbox 1406 5485 1606 5552; x_wconf 86' lang='grc' dir='ltr'>λέγειν.</span> <span class='ocrx_word' id='word_1_779' title='bbox 1643 5484 1796 5536; x_wconf 72' lang='grc' dir='ltr'>Ἐπεὶ</span> <span class='ocrx_word' id='word_1_780' title='bbox 1821 5480 1914 5536; x_wconf 76' lang='grc' dir='ltr'>οἶδε</span> 
     </span>
    </p>
   </div>
   <div class='ocr_carea' id='block_1_111' title="bbox 2017 5467 3604 5559">
    <p class='ocr_par' dir='ltr' id='par_1_111' title="bbox 2038 5467 3604 5548">
     <span class='ocr_line' id='line_1_111' title="bbox 2038 5467 3604 5548; baseline -0.008 -15"><span class='ocrx_word' id='word_1_781' title='bbox 2038 5479 2354 5535; x_wconf 90' lang='lat' dir='ltr'><strong>testimonio</strong></span> <span class='ocrx_word' id='word_1_782' title='bbox 2397 5485 2568 5540; x_wconf 88' lang='lat' dir='ltr'><strong>caret,</strong></span> <span class='ocrx_word' id='word_1_783' title='bbox 2622 5477 2667 5531; x_wconf 91' lang='lat' dir='ltr'><strong>si</strong></span> <span class='ocrx_word' id='word_1_784' title='bbox 2715 5475 2840 5548; x_wconf 89' lang='lat' dir='ltr'><strong>quis</strong></span> <span class='ocrx_word' id='word_1_785' title='bbox 2872 5475 3153 5527; x_wconf 86' lang='lat' dir='ltr'><strong>veritatem</strong></span> <span class='ocrx_word' id='word_1_786' title='bbox 3194 5472 3408 5524; x_wconf 87' lang='lat' dir='ltr'><strong>sincere</strong></span> <span class='ocrx_word' id='word_1_787' title='bbox 3449 5467 3604 5537; x_wconf 81' lang='lat' dir='ltr'><strong>proft-</strong></span> 
     </span>
    </p>
   </div>
   <div class='ocr_carea' id='block_1_112' title="bbox 352 5559 1914 5650">
    <p class='ocr_par' dir='ltr' id='par_1_112' title="bbox 352 5571 1914 5650">
     <span class='ocr_line' id='line_1_112' title="bbox 352 5571 1914 5650; baseline -0.004 -17"><span class='ocrx_word' id='word_1_788' title='bbox 352 5579 503 5634; x_wconf 67' lang='grc' dir='ltr'>καλό</span> <span class='ocrx_word' id='word_1_789' title='bbox 537 5579 857 5642; x_wconf 80' lang='grc' dir='ltr'>Ἀπόστολος</span> <span class='ocrx_word' id='word_1_790' title='bbox 909 5576 1137 5650; x_wconf 80' lang='grc' dir='ltr'>μηδέπω</span> <span class='ocrx_word' id='word_1_791' title='bbox 1183 5577 1283 5649; x_wconf 75' lang='grc' dir='ltr'>τὴν</span> <span class='ocrx_word' id='word_1_792' title='bbox 1329 5575 1486 5647; x_wconf 87' lang='grc' dir='ltr'>ῥίζαν</span> <span class='ocrx_word' id='word_1_793' title='bbox 1535 5573 1595 5639; x_wconf 73' lang='grc' dir='ltr'>ἐξ</span> <span class='ocrx_word' id='word_1_794' title='bbox 1626 5571 1914 5646; x_wconf 64' lang='grc' dir='ltr'>ἀνθρώπωι</span> 
     </span>
    </p>
   </div>
   <div class='ocr_carea' id='block_1_113' title="bbox 2017 5559 3610 5650">
    <p class='ocr_par' dir='ltr' id='par_1_113' title="bbox 2036 5559 3610 5642">
     <span class='ocr_line' id='line_1_113' title="bbox 2036 5559 3610 5642; baseline -0.008 -16"><span class='ocrx_word' id='word_1_795' title='bbox 2036 5571 2142 5628; x_wconf 77' lang='lat' dir='ltr'><strong>teri</strong></span> <span class='ocrx_word' id='word_1_796' title='bbox 2171 5571 2320 5627; x_wconf 88' lang='lat' dir='ltr'><strong>velit.</strong></span> <span class='ocrx_word' id='word_1_797' title='bbox 2363 5569 2498 5624; x_wconf 87' lang='lat' dir='ltr'><strong>Nam</strong></span> <span class='ocrx_word' id='word_1_798' title='bbox 2525 5577 2581 5625; x_wconf 81' lang='lat' dir='ltr'><strong>et</strong></span> <span class='ocrx_word' id='word_1_799' title='bbox 2609 5567 2772 5642; x_wconf 62' lang='lat'><strong>549</strong></span> <span class='ocrx_word' id='word_1_800' title='bbox 2813 5565 3106 5638; x_wconf 89' lang='lat' dir='ltr'><strong>Apostolus</strong></span> <span class='ocrx_word' id='word_1_801' title='bbox 3133 5563 3340 5634; x_wconf 89' lang='lat' dir='ltr'><strong>peccati</strong></span> <span class='ocrx_word' id='word_1_802' title='bbox 3371 5559 3610 5615; x_wconf 65' lang='lat' dir='ltr'><strong>radicem</strong></span> 
     </span>
    </p>
   </div>
   <div class='ocr_carea' id='block_1_114' title="bbox 426 5759 869 5821">
    <p class='ocr_par' dir='ltr' id='par_1_114' title="bbox 426 5759 869 5821">
     <span class='ocr_line' id='line_1_114' title="bbox 426 5759 869 5821; baseline -0.016 -1"><span class='ocrx_word' id='word_1_803' title='bbox 426 5761 447 5794; x_wconf 78' lang='lat'>&#39;</span> <span class='ocrx_word' id='word_1_804' title='bbox 477 5761 645 5819; x_wconf 77' lang='lat' dir='ltr'><strong>Hebr.</strong></span> <span class='ocrx_word' id='word_1_805' title='bbox 679 5775 775 5821; x_wconf 80' lang='lat' dir='ltr'><strong>xu.</strong></span> <span class='ocrx_word' id='word_1_806' title='bbox 816 5759 869 5814; x_wconf 84' lang='grc'><strong>5.</strong></span> 
     </span>
    </p>
   </div>
   <div class='ocr_carea' id='block_1_115' title="bbox 3440 302 3708 360">
    <p class='ocr_par' dir='ltr' id='par_1_115' title="bbox 3440 302 3708 360">
     <span class='ocr_line' id='line_1_115' title="bbox 3440 302 3708 360; baseline 0.004 -2"><span class='ocrx_word' id='word_1_807' title='bbox 3440 302 3598 360; x_wconf 59' lang='lat' dir='ltr'><strong>illi?</strong></span> <span class='ocrx_word' id='word_1_808' title='bbox 3705 340 3708 341; x_wconf 51' lang='grc' dir='ltr'><strong>ν</strong></span> 
     </span>
    </p>
   </div>
  </div>
