4082 6394
469 242 601 299 HM

463 357 703 417 nonduin
725 375 790 415 ex
819 358 1129 416 hominibus
1156 362 1327 418 sensit
1350 362 1574 417 omnino
1594 362 1886 428 sublatam,
1908 379 2029 419 cum
2061 370 2106 427 Α

464 454 534 507 ita
571 453 845 523 loquitur:
872 445 993 509 $40
1023 454 1161 507 enim
1193 452 1329 523 quod
1357 470 1459 508 non
1480 453 1679 509 habitat
1716 456 1772 509 in
1809 472 1907 519 me,
1936 457 2031 511 hoc

460 556 539 599 est
571 545 627 597 in
655 560 813 599 carne
840 560 976 607 mea,
1014 544 1226 601 bonum.
1277 543 1415 599 Velle
1447 547 1585 601 enim
1630 547 1837 617 adjacet
1879 548 2030 611 mihi,

460 634 707 703 perﬁcere
745 643 918 691 atatem
954 633 1143 688 bonum
1171 635 1403 690 minime.
1442 634 1568 690 Non
1591 637 1729 690 enim
1757 636 1894 706 quod
1918 638 2032 693 volo

463 725 604 792 facio
645 724 856 788 bonum,
901 724 990 778 sed
1027 724 1163 794 quod
1194 725 1313 780 nolo
1353 725 1576 791 malum,
1622 726 1718 780 hoc
1764 727 1926 795 facio.
1974 726 2035 782 Si

463 825 638 870 autem
667 815 803 885 quod
827 815 947 870 nolo
981 815 1076 869 hoc
1116 816 1279 887 facio,
1308 833 1411 870 non
1437 816 1544 881 iam
1586 833 1677 886 ego
1708 817 1922 886 per/icio
1961 817 2032 870 il-

462 908 578 971 lud,
610 907 699 961 sed
731 909 875 978 quod
907 908 1109 963 habitat
1136 911 1185 961 in
1219 926 1297 961 me
1321 917 1588 977 peccatum
1616 910 1654 962 ¹.
1687 906 1830 962 Idem
1862 907 2029 963 illud:

463 1000 805 1055 Condelector
833 1000 932 1071 legi
973 1001 1068 1055 Dei
1103 1000 1389 1055 secundum
1418 1002 1717 1054 interiorem
1752 1000 2030 1053 hominem.

475 1090 633 1147 Video
661 1101 835 1145 autem
856 1093 1017 1146 aliam
1040 1092 1198 1162 legem
1219 1092 1270 1146 in
1294 1092 1533 1144 membris
1560 1092 1709 1154 meis,
1740 1106 2034 1159 repugnan—

465 1192 566 1241 tem
605 1182 704 1253 legi
734 1184 920 1237 mentis
954 1199 1099 1249 meas,
1126 1194 1174 1236 et
1202 1184 1411 1237 omnino
1438 1183 1786 1248 captivantem
1820 1198 1901 1234 me
1937 1180 2037 1251 legi

463 1274 688 1342 peccati,
728 1289 844 1343 qua:
880 1281 958 1327 est
1009 1275 1065 1326 in
1120 1273 1364 1327 membris
1416 1274 1541 1327 meis
1587 1274 1629 1327 ³.
1670 1272 1744 1326 ita
1794 1271 2035 1326 nondum

465 1374 745 1436 peccatum
786 1367 854 1421 ab
882 1368 1015 1437 ipsis
1058 1365 1337 1420 radicibus
1385 1366 1562 1421 excidi
1594 1366 1810 1437 penitus
1840 1364 2032 1435 potuit.

463 1451 648 1523 Neque
679 1453 821 1509 enim
858 1453 1103 1510 funditus
1130 1462 1211 1509 est
1244 1455 1595 1517 exstinctum,
1620 1453 1714 1509 sed
1736 1453 2035 1509 etiamnum

462 1545 613 1598 vivit.
646 1544 747 1612 Qui
780 1546 923 1599 enim
953 1545 1066 1599 ﬁeri
1103 1545 1249 1600 istud
1292 1554 1496 1615 posset.
1530 1554 1821 1615 antequam
1874 1544 2036 1600 homo

464 1635 624 1689 morti
657 1644 801 1689 esset
845 1634 1115 1696 addictus,
1152 1642 1211 1688 ut
1257 1649 1378 1688 eum
1428 1647 1493 1688 eo
1522 1640 1837 1702 corruptum
1874 1638 2036 1701 atque

461 1733 842 1795 consumptum
890 1723 1135 1779 funditus
1183 1724 1399 1794 quidem
1432 1724 1609 1793 ipsum
1660 1723 2033 1791 exstinguatur
2066 1713 2107 1768 B

462 1824 516 1870 et
558 1823 759 1885 pereat,
794 1816 991 1885 plantae
1034 1816 1226 1879 instar,
1258 1831 1377 1886 quae
1405 1814 1672 1871 dissoluto
1700 1816 1809 1879 illo,
1844 1816 1897 1868 in
1926 1828 2032 1884 quo

463 1907 662 1963 abditis
685 1922 804 1963 sese
838 1906 1112 1962 radicibus
1145 1907 1523 1972 conservabat,
1548 1906 1844 1961 emoritur:
1873 1905 2034 1960 homo

463 2017 593 2056 vero
622 2000 825 2055 nullam
851 1998 961 2067 jam
992 1999 1208 2053 insitam
1242 1998 1448 2053 habens
1480 1997 1856 2052 amaritudinis
1886 1996 2033 2050 radi-

463 2107 581 2147 cem
620 2091 689 2146 ad
717 2090 881 2145 vitam
929 2090 1213 2161 resurgat?
1242 2092 1429 2160 Itaque
1471 2089 1536 2144 ad
1576 2098 1856 2159 peccatum
1893 2089 2037 2143 velut

462 2183 891 2253 exstirpandum,
923 2183 1249 2253 penitusque
1274 2181 1562 2237 delendum
1591 2180 1884 2250 opitulator
1923 2194 2025 2232 no-

463 2284 575 2329 ster
621 2289 685 2328 ac
724 2290 851 2329 vere
886 2274 1131 2328 medicus
1178 2273 1323 2330 Deus
1378 2282 1631 2337 mortem,
1671 2272 1828 2341 quasi
1880 2273 2034 2325 auxi-

464 2367 597 2423 liare
621 2366 894 2438 quoddam
924 2367 1404 2429 medicamentum,
1430 2365 1697 2429 adhibuit,
1730 2380 1799 2419 ne
1831 2364 2035 2418 malum

464 2461 519 2515 in
571 2460 749 2524 nobis,
783 2468 968 2531 utpote
1018 2459 1435 2522 immortalibus,
1488 2458 1779 2514 excitatura
1838 2456 2036 2526 sempi-

464 2565 677 2608 ternum
721 2559 1005 2607 maneret:
1038 2566 1140 2607 nos
1191 2560 1370 2606 autem
1413 2550 1647 2620 pessime
1693 2547 1870 2603 allecti
1918 2554 1971 2601 et
2003 2561 2034 2600 a

465 2646 684 2716 propria
716 2644 919 2700 virtute
946 2652 1301 2715 aegrotantum
1328 2658 1478 2697 more
1505 2642 1871 2697 desciscentes
1909 2639 2034 2694 diu-

467 2741 575 2793 tius
606 2738 659 2791 in
696 2752 762 2792 eo
787 2744 933 2791 statu
967 2750 1334 2799 maneremus,
1364 2750 1487 2790 cum
1522 2736 1791 2804 ingentem
1821 2748 1884 2787 ex
1919 2746 2035 2803 pec-

464 2836 587 2885 cato
621 2828 867 2884 morbum
897 2828 951 2882 in
979 2828 1255 2899 perpetuis
1304 2843 1368 2882 ac
1399 2826 1742 2897 sempiternis
1787 2824 2032 2895 corpori-

465 2919 568 2973 bus
612 2918 896 2974 aleremus.
930 2915 1275 2988 Proindeque
1312 2917 1379 2971 ad
1426 2916 1706 2986 utriusque
1740 2930 2036 2985 reprazsen-

466 3008 685 3063 tandam
730 3008 959 3063 salutem
994 3008 1186 3061 anima:
1232 3007 1442 3063 scilicet
1474 3022 1537 3061 ac
1576 3006 1840 3077 corporis,
1875 3005 2032 3076 quasi
2064 3054 2107 3113 Ο

467 3100 731 3159 medicam
776 3098 1064 3170 quamdam
1115 3100 1493 3170 purgationem
1526 3099 1599 3153 ita
1629 3108 1857 3153 mortem
1892 3097 2034 3152 Deus

465 3189 811 3259 excogitavit,
840 3196 900 3243 ut
929 3204 1031 3244 nos
1078 3190 1347 3245 immunes
1379 3190 1447 3245 ab
1477 3190 1624 3245 omni
1654 3189 1853 3244 danmo
1900 3187 2037 3242 inte-

468 3296 704 3359 grosque
734 3290 1037 3350 praestaret.

538 3371 752 3441 XXVII.
793 3375 898 3443 Age
918 3372 1087 3435 enim,
1114 3372 1369 3442 quoniam
1401 3371 1587 3426 multis
1618 3370 1683 3425 ad
1702 3370 1753 3425 id
1776 3370 2037 3440 exemplis

467 3477 607 3532 opus
635 3470 740 3523 est,
772 3462 900 3525 hinc
950 3461 1296 3532 potissimum
1338 3461 1443 3517 ista
1473 3462 1910 3528 consideremus;
1942 3477 2030 3517 ne-

468 3569 574 3624 que
614 3553 766 3624 prius
814 3542 889 3606 ὀὶ)
916 3568 981 3607 eo
1021 3562 1341 3623 argumento
1383 3552 1750 3615 discedamus,
1780 3566 1943 3622 quam
1981 3552 2036 3606 in

468 3646 753 3701 clariorem
809 3645 1225 3715 explicationem
1288 3658 1353 3697 ac
1404 3644 1780 3713 probationem
1843 3651 2035 3699 nostra

468 3738 894 3794 desieritoratio.
915 3736 1144 3791 Perinde
1161 3736 1325 3807 igitur
1343 3737 1639 3805 contigisse
1653 3735 1782 3790 mihi
1800 3735 2034 3800 videtur,

471 3847 534 3903 ac
588 3832 633 3887 si
670 3830 1035 3901 peritissimus
1083 3828 1352 3898 quispiam
1405 3826 1601 3882 artifex
1659 3828 1927 3897 egregiam
1968 3842 2037 3880 ex

471 3938 627 3986 auro,
658 3932 751 3977 aut
778 3922 881 3983 alia
918 3921 1145 3975 materia
1180 3929 1415 3975 statuam
1450 3933 1480 3972 a
1510 3933 1567 3973 se
1599 3917 1937 3981 fabricatam,
1975 3932 2038 3970 ae

473 4012 731 4070 membris
780 4012 1034 4067 omnibus
1085 4012 1351 4066 concinne
1393 4010 1773 4079 eleganterque
1803 4010 2038 4078 perpoli-

473 4113 581 4167 tam
607 4103 803 4175 iterum
827 4099 1063 4166 conllet;
1096 4100 1238 4169 quod
1275 4100 1419 4153 illam
1453 4099 1682 4153 subinde
1711 4099 1781 4153 ab
1814 4099 2038 4168 nequis-

458 4194 614 4257 simo
668 4192 852 4262 aliquo
903 4192 1159 4246 lmdatam
1215 4191 1659 4248 animadverterit
1694 4212 1706 4246 :
1739 4193 1834 4263 qui
1900 4194 2041 4247 hanc

473 4296 665 4343 statuae
713 4284 1171 4354 pulchritudinem
1232 4298 1342 4352 pne
1390 4284 1592 4338 invidia
1656 4301 1764 4340 non
1820 4285 2037 4349 ferens,

1868 242 1927 299 s.
1959 198 2302 299 serpinam

3578 243 3772 301 1119

2132 366 2233 437 τῆς
2262 365 2538 435 ἁμαρτίας
2564 363 2871 435 ὁλοσχερῶς
2894 362 3243 435 ἀνῃρημένην
3262 380 3278 396 ·
3301 364 3391 418 ὀτέ
3417 366 3538 435 μὲν,
3577 362 3768 421 Οἶδα

2135 461 2267 528 γὰρ,
2298 457 2388 511 ὅτι
2411 460 2522 513 οὐκ
2557 457 2790 512 οίκεῖὲν
2819 456 2971 525 ἐμοὶ,
2996 456 3310 510 τουτέστιν·
3336 456 3405 509 ἐν
3424 456 3503 525 τῇ
3528 464 3763 525 σαρκί

2130 569 2271 620 μου,
2319 549 2565 622 φράζων,
2615 550 2681 603 τὸ
2719 549 2963 618 ἀγαθόν.
3017 547 3091 603 Τὸ
3131 547 3242 617 γὰρ
3279 548 3479 605 θέλειν
3525 549 3743 617 παρὰ

2135 644 2323 698 κειται
2343 660 2465 713 μοι,
2496 643 2562 695 τὸ
2590 642 2659 695 δὲ
2696 638 3152 711 κατεργάζεσθαι
3182 640 3249 693 τὸ
3274 641 3467 695 καλὸν
3496 643 3601 696 οὔ.
3652 643 3759 695 Οὐ

2134 733 2244 801 γὰρ
2276 732 2307 785 ὃ
2348 732 2500 786 θέλω
2531 729 2678 784 ποιῶ
2704 730 2947 800 ἀγαθὸν,
2977 730 3115 785 ἀλλ’
3147 730 3179 783 ὃ
3216 732 3288 785 οὐ
3324 729 3477 784 θέλω
3501 730 3755 792 κακὸν,

2134 825 2308 880 τοῦτο
2340 823 2616 892 πράσσω.
2661 826 2731 877 El
2777 823 2846 876 δὲ
2891 823 2923 877 ὃ
2974 826 3047 877 οὐ
3096 822 3278 883 θέλω,
3324 822 3499 877 τοῦτο
3542 820 3756 887 ποιῶ,

2134 914 2335 969 οὐκέτι
2371 913 2486 983 ἐγὼ
2525 912 2945 983 κατεργάζομαι
2988 913 3159 978 αὐτὸ,
3190 912 3325 967 ἀλλ’
3376 913 3416 976 ἡ
3455 912 3758 967 οἰκοῦσα

2133 1009 2201 1061 ὲν
2227 1006 2357 1076 ἐμοὶ
2379 1007 2664 1076 ἁμαρτία·
2700 1006 2791 1059 ὁτέ
2823 1006 2911 1069 δὲ,
2940 1005 3279 1074 Συνήδομαι
3311 1004 3391 1070 τῷ
3419 1006 3587 1075 νόμῳ
3615 1000 3760 1061 τοῦ

2137 1099 2283 1153 Θεοῦ
2312 1099 2462 1153 κατὰ
2491 1098 2598 1152 τὸν
2622 1098 2743 1152 ἔσω
2773 1098 3107 1167 ἄνθρωπον.
3159 1096 3372 1151 Βλέπω
3402 1096 3471 1150 δὲ
3505 1097 3762 1165 ἕτερον

2134 1192 2322 1260 νόμον
2344 1190 2414 1244 ἐν
2439 1189 2563 1257 τοῖς
2586 1190 2803 1259 μέλεσι
2826 1207 2967 1259 μου,
2996 1189 3621 1259 ἀντιστρατευόμενον
3651 1189 3760 1255 τῷ

2134 1284 2295 1352 νόμῳ
2342 1283 2450 1337 τοῦ
2482 1283 2623 1349 νοός
2656 1300 2796 1352 μου,
2838 1282 2939 1335 καὶ
2987 1283 3057 1335 ἐκ
3089 1284 3313 1348 παντὸς
3352 1283 3755 1352 αἰχμαλωτί-

2137 1372 2311 1434 ζοντά
2329 1390 2406 1442 με
2442 1373 2522 1439 τῷ
2549 1375 2709 1441 νόμῳ
2746 1372 2858 1441 τῆς
2887 1373 3175 1442 ἁμαρτιας
3202 1369 3285 1441 τῷ
3318 1375 3445 1427 ὄντι
3478 1374 3553 1427 ἐν
3589 1373 3760 1440 τοῖς

2132 1464 2350 1533 μέλεσι
2391 1481 2532 1537 you.
2579 1462 2765 1527 Οὕτως
2818 1463 3028 1515 οὐδέπω
3072 1462 3171 1533 τὴν
3219 1463 3494 1534 ἁμαρτίαν
3548 1464 3756 1517 αὑτό-

2136 1576 2377 1630 πρεμνον
2419 1561 2483 1612 ἐκ
2527 1558 2698 1629 ῥιζῶν
2741 1558 3066 1627 διακοπῆναι
3105 1558 3325 1629 συνέϐη.
3373 1560 3447 1611 Οὺ
3486 1558 3601 1630 γὰρ
3642 1560 3754 1622 εἰς

2135 1651 2287 1714 τέλος
2310 1650 2598 1713 ἀπέθανεν,
2638 1649 2773 1702 ἀλλά
2810 1650 2898 1719 ζῇ.
2927 1648 3051 1712 Πῶς
3076 1648 3186 1719 γάρ
3225 1650 3332 1719 πρὸ
3359 1649 3451 1703 τοῦ
3488 1650 3751 1721 περιϐε-

2134 1743 2361 1813 ϐλῆσθαι
2392 1740 2607 1811 Θανάτῳ
2632 1740 2723 1793 τὸν
2753 1740 3060 1809 ἄνθρωπον,
3095 1740 3180 1793 ἵνα
3207 1739 3357 1808 αὐτῷ
3381 1756 3745 1811 συμμκαρετν-⁵

2136 1830 2287 1884 θεῖσα
2308 1830 2402 1883 καί¹
2424 1827 2789 1899 συμφθίνασα,
2810 1827 2945 1898 αὑτὴ
2986 1826 3085 1897 μὲν
3116 1828 3196 1890 είς
3215 1827 3385 1899 άρδην
3442 1828 3745 1899 ἀπόληται

2135 1923 2229 1976 καὶ
2258 1919 2562 1991 διαφθαρῇ,
2594 1919 2844 1990 καθάπερ
2890 1919 3077 1987 φυτὸν,
3126 1918 3378 1982 λυθέντος
3411 1919 3467 1973 ἐν
3494 1912 3543 1986 ᾧ
3584 1919 3746 1990 κρύ-

2136 2029 2341 2066 πτουσα
2368 2011 2467 2074 τάς
2500 2011 2654 2082 ῥίζας
2705 2010 2875 2079 αὐτῆς
2906 2009 3224 2075 διεσώζετο·
3265 2012 3293 2064 ὀ
3338 2010 3394 2063 δὲ
3427 2010 3743 2081 ἄνθρωπος

2136 2100 2293 2168 αὖθις
2319 2103 2518 2176 μηκέτι
2555 2102 2712 2174 ῥίζαν
2744 2101 3157 2157 ἐνθωπεύουσαν
3187 2103 3413 2173 πικρίας
3450 2102 3594 2172 ἔχων
3629 2104 3738 2169 ἐξ-

2136 2195 2368 2266 εγερθῇ;
2404 2194 2616 2264 Ὠσπερ
2645 2188 2738 2249 οὖν
2764 2193 3209 2264 ἀλεξιφαρμάκου
3243 2195 3445 2265 τρόπον
3484 2193 3593 2247 ὑπὸ
3618 2189 3738 2247 τοῦ

2135 2284 2468 2355 ἀλεξητῆρος
2504 2284 2701 2355 ήμῶν,
2752 2283 2847 2337 καὶ
2896 2282 3111 2347 ἀληθῶς
3165 2283 3347 2358 ἰατροῦ
3392 2283 3528 2337 Θεοῦ
3576 2281 3737 2351 πρὸς

2134 2376 2421 2447 ἐκρίζωσιν
2450 2375 2551 2445 τῆς
2586 2376 2858 2446 ἁμαρτίας
2899 2374 3219 2446 παρελήφθη
3262 2378 3290 2429 ὁ
3323 2376 3576 2438 θάνατος,
3621 2375 3733 2427 καὶ

2134 2467 2461 2539 ἀφανισμὸν,
2517 2468 2606 2521 ἵνα
2639 2466 2713 2537 μὴ
2735 2466 3037 2531 διαιωνίζον
3072 2467 3130 2518 ἐν
3166 2469 3298 2537 ἡμῖν
3331 2467 3416 2535 εἴη
3455 2466 3518 2518 τὸ
3539 2465 3732 2519 κακὸν

2135 2558 2419 2622 ἀθάνατον,
2441 2557 2536 2615 ἅτε
2559 2558 2617 2609 ἐν
2640 2556 2928 2621 ἀθανάτοις
2950 2557 3233 2610 ἀνατεῖλαν
3251 2571 3264 2585 ·
3288 2556 3441 2611 αὐτοὶ
3464 2555 3519 2608 δὲ
3545 2554 3734 2608 λελω-

2135 2647 2204 2718 6η
2214 2648 2384 2718 μένοι,
2410 2649 2504 2703 καὶ⁹
2532 2648 2824 2711 ἐκστάντες
2847 2647 3149 2701 νοσούντων
3169 2648 3367 2719 τρόπον
3388 2647 3485 2717 τῆς
3503 2647 3726 2708 οἰκείας

2136 2737 2358 2808 ἀρετῆς,
2394 2738 2487 2790 ἐπὶ
2528 2737 2663 2790 πολὺ
2702 2735 3095 2808 διατρίϐωμεν,
3128 2736 3224 2789 ἅτε
3267 2736 3325 2789 ἐν
3352 2733 3729 2803 ὑφεστηκόσιν

2135 2829 2223 2884 ἀεὶ
2250 2829 2345 2881 καὶ
2397 2828 2688 2893 ἀθανάτοις
2720 2826 2934 2899 σώμασι
2974 2828 3074 2900 τὴν
3114 2828 3257 2883 κατά
3302 2828 3364 2881 τὸ
3409 2826 3726 2897 ἁμάρτημα

2140 2920 2384 2991 μεγάλην
2408 2921 2701 2992 τρέφοντες
2732 2923 2907 2978 νόσον.
2936 2924 3027 2975 Διὸ
3054 2921 3119 2993 δὴ
3144 2920 3323 2984 καλῶς
3347 2919 3545 2989 ταύτην
3576 2918 3728 2988 πρὸς

2138 3011 2305 3081 ἄμφω
2333 3014 2605 3083 σωτηρίαν
2639 3016 2732 3068 καὶ
2763 3014 2941 3085 ψυχῆς
2979 3014 3073 3068 καὶ
3112 3012 3363 3081 σώματος
3392 3026 3727 3081 φαρμακευ-

2138 3102 2295 3171 τικῆς
2326 3102 2526 3172 τρόπον
2558 3104 2875 3175 καθάρσεως
2902 3103 2993 3157 τὸν
3023 3103 3252 3157 θάνατον
3277 3104 3306 3155 ὁ
3333 3102 3463 3165 Θεὸς
3493 3101 3724 3172 εὕρατο,

2142 3192 2228 3245 ἵνα
2260 3194 2592 3265 πανάμωμοι
2614 3195 2708 3249 καὶ
2736 3196 2939 3259 ἀσινεῖς
2967 3194 3141 3259 οὕτως
3166 3191 3608 3264 ἐξεργασθῶμεν.
3682 3218 3693 3225 -

2208 3370 2335 3422 KZ'.
2359 3369 2494 3440 Φέρε
2550 3368 2678 3441 γὰρ,
2729 3368 2916 3440 ἐπειδὴ
2964 3367 3173 3422 πολλῶν
3217 3368 3299 3422 δεῖ
3333 3366 3439 3421 τῶν
3485 3365 3617 3438 περὶ
3652 3368 3727 3423 τά

2136 3459 2362 3515 τοιαῦτα
2391 3460 2871 3532 παραδειγμάτων,
2900 3460 3149 3514 ἐντεῦθεν
3176 3458 3316 3515 αύτά
3335 3459 3567 3530 μάλιστα
3590 3477 3724 3513 σκε-

2138 3552 2419 3624 πτώμεθα,
2447 3552 2521 3625 μὴ
2558 3554 2936 3624 ἀφιστάμενοι,
2968 3555 3097 3627 πρὶν
3112 3553 3178 3607 ἂν
3202 3551 3417 3626 πρῶτον
3449 3554 3528 3616 εἰς
3563 3551 3725 3623 εύδη-

2138 3643 2361 3715 λοτέραν
2395 3643 2690 3714 ἑρμηνείαν
2749 3642 3156 3717 ἀποτελευτήσῃ
3216 3642 3311 3695 xui.
3366 3640 3642 3706 ἀπόδειξιν
3696 3644 3725 3694 ό

2138 3737 2313 3804 λόγος.
2340 3735 2591 3790 Φαίνεται
2624 3736 2800 3789 τοίνυν
2826 3734 3162 3807 ώσπερείτις
3188 3733 3518 3805 δημιουργὸς
3550 3732 3725 3802 ἄκρος

2139 3830 2359 3898 ἄγαλμα
2406 3828 2567 3881 καλὸν
2628 3828 2732 3881 ὑπὸ
2780 3828 2801 3859 ⁸
2849 3827 3052 3898 χρυσοῦ
3115 3824 3643 3894 κατεσκευασμένον,
3688 3823 3722 3894 ἢ

2141 3921 2270 3991 ὕλης
2293 3919 2483 3991 ἐτέρας
2505 3918 2674 3991 αὐτῷ,
2708 3919 2802 3973 καλ⁵
2826 3919 3003 3972 πάντα
3021 3919 3088 3971 τά
3120 3919 3256 3989 μέλη
3288 3915 3616 3987 συμμέτρως
3643 3916 3724 3973 εἰς

2141 4012 2335 4075 κάλλος
2351 4010 2865 4083 διακεκοσμημένον,
2884 4009 3044 4064 πάλιν
3072 4009 3317 4079 χωνεύοι,
3347 4006 3554 4076 λελωϐη
3564 4005 3724 4076 μένον

2142 4105 2293 4173 ἄφνω
2336 4104 2671 4174 θεασάμενος
2703 4102 2806 4155 ὑπό
2832 4119 2975 4166 τινος
3009 4100 3295 4169 ἀνθρώπου
3328 4098 3721 4169 πονηροτάτου,

2142 4196 2221 4259 ὃς,
2250 4196 2350 4249 οὐκ
2401 4194 2639 4263 ἐνεγκὼν
2699 4195 2804 4247 ὑπὸ
2850 4194 3149 4264 βασκανίας
3194 4190 3466 4262 εὐπρεπὲς
3493 4186 3722 4244 εἶναιτὸ

2145 4285 2386 4355 ἄγαλμα,
2418 4285 2654 4349 ὲσίνατο,
2706 4284 2943 4355 ματαίαν
2975 4283 3167 4354 ἡδονὴν
3212 4281 3595 4353 καρπούμενος
3626 4278 3721 4332 τοῦ

475 4376 650 4451 labem
687 4374 849 4444 550
894 4373 1131 4442 aliquam
1185 4373 1388 4428 inferre
1422 4374 1729 4437 studuerit,
1773 4388 1881 4443 quo
1925 4374 2040 4427 ina-

2147 4375 2359 4445 φθόνου,
2394 4376 2637 4446 Πρόσχες
2661 4375 2789 4446 γὰρ,
2831 4374 2875 4427 ὧ
2908 4375 3187 4443 σοφώτατε
3237 4372 3573 4442 Ἀγλαοφῶν,
3618 4372 3719 4438 ὅτι,

475 4483 599 4540 nem
650 4482 715 4522 ex
768 4466 971 4521 invidia
997 4479 1096 4519 sua
1124 4465 1359 4518 fructum
1389 4473 1624 4534 caperet.
1658 4465 2044 4521 Animadverte

474 4560 639 4617 υηὶιη,
672 4574 705 4611 o
733 4557 1133 4627 sapientissime
1159 4556 1494 4625 Aglaophon,
1535 4556 1582 4611 si
1614 4556 1953 4626 deturpatam
1981 4572 2044 4610 ac

476 4650 549 4703 [ω
571 4651 732 4702 latam
801 4649 949 4702 illam
976 4648 1177 4703 habere
1208 4654 1443 4702 statuam
1483 4646 1847 4711 nolitartifex,
1877 4663 2041 4716 quam

476 4751 629 4798 tanto
683 4738 865 4794 studio
918 4739 1306 4809 diligentiaque
1357 4738 1671 4801 elaborarit,
1722 4754 1939 4793 rursum
1987 4741 2042 4793 in

476 4834 713 4886 animam
743 4829 1119 4897 inducturum,
1138 4839 1198 4897 ut
1229 4830 1373 4899 illam
1392 4828 1699 4900 conﬂatam,
1723 4831 1899 4900 qualis
1928 4838 2047 4901 erat

476 4933 655 4994 antea,
686 4922 914 4977 reﬁciat.
942 4920 1096 4987 Quod
1128 4921 1173 4975 si
1217 4920 1443 4983 fundere
1470 4920 1670 4987 denuo,
1708 4928 1762 4976 et
1791 4922 1845 4975 in
1876 4937 2045 4985 unum

477 5031 675 5086 cogere
704 5029 811 5069 non
850 5013 1035 5078 libeat,
1073 5014 1169 5069 sed
1203 5028 1323 5068 eam
1353 5012 1619 5069 duntaxat
1657 5012 1955 5068 emendans
1978 5027 2046 5066 ac

477 5106 783 5176 corrigens,
822 5106 895 5171 ita
945 5103 1023 5158 uti
1056 5119 1116 5159 se
1159 5104 1342 5167 habet,
1382 5104 1673 5171 relinquat,
1710 5118 1936 5157 necesse
1963 5109 2049 5159 est

480 5197 591 5266 igni
623 5195 994 5255 candefactam
1017 5210 1082 5259 ac
1105 5194 1284 5249 fabrili
1304 5202 1421 5248 arte
1450 5202 1796 5257 retractatam
1818 5192 2046 5264 elligiem

483 5306 590 5360 non
626 5287 871 5343 eamdem
909 5302 1131 5359 manere
1158 5286 1415 5357 amplius,
1446 5287 1539 5341 sed
1562 5294 1953 5345 commutatam
1984 5301 2049 5342 ac

482 5382 800 5434 distractam
866 5379 1057 5457 videri.
1108 5378 1289 5445 Quare
1338 5379 1385 5433 si
1434 5379 1750 5447 prteclarum
1791 5394 1854 5431 ac
1913 5378 2049 5435 labis

482 5474 661 5532 vannis
708 5486 902 5542 expers
959 5486 1097 5540 opus
1134 5486 1291 5545 suum
1322 5486 1445 5526 esse
1487 5470 1739 5535 voluerit,
1779 5468 2049 5524 confringi

2147 4469 2195 4520 el
2230 4466 2469 4537 βούλοιτο
2515 4468 2589 4538 μὴ
2632 4462 2769 4520 εἶναι
2795 4468 3153 4537 σεσινωμένον
3183 4464 3319 4528 ὅλως
3344 4467 3372 4518 ὁ
3396 4464 3719 4534 δημιουργὸς

2149 4559 2243 4610 καὶ
2273 4556 2471 4626 ψεκτὸν
2501 4558 2562 4610 τὸ
2591 4558 2727 4628 μετά
2765 4556 3035 4627 τοσαύτης
3084 4555 3231 4624 αὐτῷ
3268 4556 3504 4624 σπουδῆς
3532 4572 3591 4607 τε
3630 4556 3717 4608 καὶ

2153 4648 2429 4718 φροντίδος
2462 4649 2858 4719 πεπονημένον,
2900 4648 3060 4702 πάλιν
3090 4649 3559 4718 προτραπήσεται,
3591 4664 3715 4714 συγ-

2154 4739 2431 4810 χωνεύσας
2462 4739 2612 4805 αὐτὸ,
2647 4740 2886 4793 τοιοῦτον
2909 4743 3102 4804 ποιεῖν,
3132 4734 3242 4793 οἷον
3261 4740 3357 4792 καὶ
3379 4738 3611 4811 πρόσθεν
3632 4735 3714 4808 ῆν.

2154 4832 2217 4885 El
2243 4830 2300 4883 δὲ
2323 4830 2398 4901 μὴ
2429 4831 2777 4899 ἀναχωνεύοι,
2808 4829 2941 4901 μηδὲ
2992 4832 3313 4898 ἀναγκάζοι,
3337 4832 3405 4902 ἐᾷ
3433 4830 3489 4882 δὲ
3520 4830 3715 4900 μένειν,

2153 4918 2469 4990 θεραπεύων
2520 4918 2650 4971 αὐτὸ
2686 4919 2780 4971 καὶ¹
2844 4917 3343 4989 ἐπανορθούμενος,
3396 4919 3609 4987 ἀνάγκη
3656 4918 3713 4979 δὲ

2153 5011 2620 5082 πυρακτούμενον,
2656 5012 2749 5064 καὶ
2776 5011 3168 5081 χαλκευόμενον
3199 5012 3258 5063 τὸ
3278 5010 3499 5079 ἄγαλμα
3533 5010 3713 5080 μηκέτ.

2151 5102 2409 5159 δύνασθαι
2447 5101 2837 5172 διατηρηθῆναι
2880 5102 2941 5154 τὸ
2976 5102 3127 5167 αὐτὸ,
3174 5102 3308 5155 ἀλλά
3337 5101 3712 5172 διηλλαγμένοι

2153 5192 2368 5245 ἔσεσθαι
2420 5193 2514 5246 καὶ
2569 5194 3005 5264 ὑπεσπασμένον.
3062 5194 3159 5247 Διά
3192 5194 3367 5256 τοῦτο,
3401 5195 3449 5245 εί
3491 5192 3711 5261 βούλοιτο

2157 5286 2325 5339 καλὸν
2358 5285 2489 5347 αὐτὸ
2531 5286 2626 5338 καὶ
2662 5284 2892 5356 ἄμωμον
2933 5282 3074 5338 εἶναι
3096 5286 3156 5338 τὸ
3184 5285 3365 5356 ἔργον,
3396 5284 3712 5338 ἁναθλᾶσθαι

2158 5376 2417 5440 αὐτὸ,’καὶ
2440 5376 2870 5446 ἀναχωνεύεσθαι
2903 5377 3002 5441 δεῖ,
3028 5379 3177 5440 ὅπως
3199 5375 3269 5429 τὰ
3302 5375 3403 5445 μὲν
3423 5375 3556 5445 ἔσχη
3581 5375 3601 5405 ⁸
3635 5376 3722 5439 καὶ

2156 5469 2225 5521 τά
2255 5467 2597 5536 ἀλλοιώματα
2614 5469 2789 5523 πάντα
2813 5468 2882 5523 τά
2904 5468 2963 5534 ἐξ
2986 5468 3276 5538 ἐπιϐουλῆς
3296 5466 3446 5539 αὐτῷ
3474 5466 3571 5520 καὶ
3601 5464 3704 5538 φθερ

554 5632 571 5665 ⁸
607 5629 762 5707 Bonl.
798 5645 892 5705 vn.
926 5628 1107 5715 133-20,.
1185 5631 1211 5691 ³,
1397 5627 1486 5709 ‘29.,
1516 5628 1603 5683 ‘25.
1682 5628 1709 5685 ³,
1736 5628 1858 5699 Cor.
1925 5626 2040 5679 ἁπὸι

2140 5634 2153 5679 ⁵.
2177 5625 2273 5695 Co‘t
2289 5665 2301 5679 .
2364 5626 2547 5703 αἴσχη.
