4082 6394
299 346 440 402 HIS

988 346 1356 405 ADVERSUS
1393 348 1738 406 IUERESES
1774 349 1903 407 LIB.
1945 348 2010 405 II.
2051 348 2216 407 TOM.
2262 348 2303 405 I.
2341 382 2412 393 —
2450 349 2728 407 HERES.
2771 348 2958 406 LXIV.

3462 348 3597 406 11Ιό

298 478 396 514 νου
419 460 762 534 ὑπάρξαντα.
783 462 924 518 αὐτὰ
946 466 1047 536 μὲν
1073 466 1161 520 διὰ
1182 466 1280 537 τῆς
1311 467 1622 538 ἀνασκευῆς
1654 467 1750 522 καὶ
1775 467 1908 522 ἀνα-

2017 467 2349 539 conﬁarique
2375 474 2574 523 iterum
2621 473 2862 538 oportet,
2905 473 2966 521 ut
3005 464 3272 537 quidquid
3305 464 3601 519 malevolo-

299 554 624 626 χωνεύσεως
639 556 1014 629 ἀπόληται,τὸ
1034 559 1090 613 δὲ
1114 562 1194 624 είς
1222 559 1284 613 τὺ
1319 560 1513 614 ἑαυτοῦ
1544 557 1683 621 εἶδος
1713 560 1899 625 ἀσινὲς

300 645 399 697 καὶ
430 645 725 714 ἀκίϐδηλον
754 642 912 714 αὖθις
935 647 1158 719 ἄγαλμα
1184 651 1502 721 ὁμοιότατον
1545 650 1697 722 αὐτῷ
1717 668 1889 705 κατα-

302 737 605 809 σκευασθῇ.
624 738 715 809 Τῷ
749 738 848 809 μὲν
878 740 986 812 γὰρ
1014 742 1293 814 ἀγάλματι
1325 743 1625 797 ἀπολέσθαι
1653 743 1756 797 οὐκ
1783 743 1899 797 ἐστι

304 827 497 901 [κατὰ]
534 829 613 900 τῷ
638 830 790 901 αὐτῷ
825 832 1071 904 τεχνίτῃ,
1105 835 1209 888 κᾶν
1253 834 1417 891 πάλιν
1442 837 1523 899 είς
1554 834 1689 906 ὓλην
1725 834 1897 907 λυθῇ·

302 919 823 993 ἀποκατασταθῆναι
857 924 915 979 δὲ
940 924 1078 979 ἔστι.
1112 927 1237 989 Τοῖς
1263 927 1479 998 αἴσχεσι
1518 929 1612 981 καὶ
1637 927 1900 999 λωϐήμα-

304 1029 393 1065 σιν
444 1014 741 1068 ἀπολέσθαι
793 1018 891 1087 μὲν
948 1017 1091 1082 ἔστι,
1143 1021 1407 1091 τήκονται
1438 1020 1582 1092 γάρ·
1615 1022 1899 1075 ἀποκατα-

305 1106 572 1176 σταθῆναι
599 1108 657 1161 δὲ
686 1108 787 1162 οὐκ
828 1108 965 1177 ἔστι,
989 1111 1079 1165 διά
1115 1113 1176 1165 τὸ
1209 1114 1267 1167 ὲν
1295 1113 1448 1186 πάσῃ
1467 1113 1631 1185 τέχνῃ
1659 1114 1752 1166 τὸν
1778 1114 1902 1185 ἀρι-

303 1214 431 1251 στον
456 1199 791 1273 δημιουργὸν
821 1201 897 1273 μὴ
952 1202 1090 1272 πρὸς
1114 1204 1176 1257 τὸ
1210 1205 1422 1275 αἴσχιον
1453 1205 1487 1276 ἢ
1515 1204 1903 1275 ἐπιτευχθησόν

306 1305 470 1364 μενον
506 1292 659 1362 ὁρᾷν,
700 1292 838 1346 ἀλλὰ
879 1293 1015 1366 πρὸς
1045 1295 1108 1349 τὸ
1144 1295 1458 1368 σύμμετρον
1489 1297 1585 1351 καὶ
1621 1298 1778 1363 εὐθὲς
1804 1296 1898 1351 τοῦ

302 1380 369 1454 δη
379 1401 639 1455 μιουργου
647 1386 832 1458 μένου.
1300 1402 1301 1405 “

2000 576 2121 615 rum
2154 561 2347 615 fraude
2381 568 2545 630 atque
2571 558 2773 613 invidia
2796 558 3158 629 turpitudinis
3182 572 3247 612 ac
3271 557 3387 610 vitii
3418 567 3503 610 est
3523 555 3602 609 al-

2000 653 2192 714 latum,
2218 653 2618 708 instauratione
2644 666 2709 706 ac
2751 649 3079 706 conﬂatione
3130 650 3378 704 tollatur.
3422 646 3604 702 Simu-

2002 747 2210 801 lacrum
2235 760 2398 815 porro
2432 745 2614 815 ipsum
2640 744 2912 816 integrum
2945 752 3000 798 et
3034 743 3265 799 illaesum
3284 742 3465 797 denuo
3495 740 3601 796 sibi

2004 851 2167 905 quam
2217 834 2558 890 simillimum
2606 834 2884 889 reddatur.
2938 831 3017 888 Ita
3060 834 3206 889 enim
3244 840 3443 889 statua:
3492 832 3600 903 ipsi

2004 927 2254 999 contigit,
2290 942 2397 982 non
2433 937 2491 982 ut
2520 926 2716 981 artiﬁci
2745 941 2846 983 suo
2874 933 3084 996 pereat,
3120 927 3336 981 tametsi
3368 926 3422 979 in
3443 942 3601 981 suam

2008 1020 2292 1074 materiem
2339 1020 2616 1086 solvatur;
2645 1018 2741 1073 sed
2776 1027 2837 1072 ut
2862 1018 2916 1072 in
2942 1018 3214 1087 integrum
3240 1017 3598 1085 restituatur;

2006 1111 2161 1167 labes
2192 1118 2375 1166 autem
2432 1127 2626 1166 omnes
2665 1126 2730 1165 ac
2790 1110 3067 1166 foeditates
3099 1125 3224 1164 cum
3274 1110 3393 1180 ipsa
3443 1109 3602 1163 colli-

2007 1203 2269 1274 quatione
2303 1210 2556 1274 pereant,
2597 1218 2707 1257 non
2735 1203 2970 1273 amplius
3014 1202 3245 1257 redeunt
3276 1211 3602 1272 :propterea

2006 1297 2154 1369 quod
2186 1297 2242 1351 in
2281 1295 2431 1351 omni
2486 1304 2605 1351 arte
2632 1296 3125 1366 praestantissimus
3157 1293 3337 1365 opifex
3389 1310 3497 1348 non
3549 1292 3603 1347 id

2009 1388 2153 1459 quod
2181 1388 2236 1442 in
2264 1402 2430 1457 opere
2461 1402 2564 1442 suo
2589 1385 2950 1457 turpitudinis
2970 1392 3025 1440 et
3050 1383 3373 1439 offensionis
3395 1381 3603 1453 aliquid

303 1480 527 1547 habeat,
561 1484 655 1538 sed
687 1485 835 1553 quod
870 1486 1157 1556 aptissime
1192 1486 1533 1543 modulatum
1579 1487 1898 1560 atl‘abreque
1932 1488 2135 1542 factum
2162 1494 2267 1550 est,
2301 1483 2406 1539 sibi
2436 1489 2740 1554 proponat.

378 1575 589 1629 Ταυτὸν
631 1578 742 1649 γὰρ
765 1579 1017 1648 φαίνεται
1048 1580 1106 1634 δέ
1139 1599 1230 1653 μοι
1261 1583 1356 1639 καὶ
1400 1585 1487 1653 ἐφ’
1534 1584 1693 1655 ἡμῶν
1721 1586 1748 1638 ὁ
1770 1584 1905 1649 Θεὸς

305 1666 479 1732 οὕτως
504 1668 990 1743 διῳκονομηκέναι.
1022 1674 1126 1729 Τὸν
1156 1676 1265 1750 γὰρ
1292 1676 1580 1748 ἄνθρωπον
1615 1676 1681 1729 τὺ
1709 1678 1906 1747 εὐπρε-

307 1757 577 1812 πέστατον
610 1760 804 1814 ἑαυτοῦ
827 1763 1095 1834 τέχνημα,
1115 1764 1410 1835 βασκάνοις
1438 1766 1776 1832 ἐπιϐουλαῖς,
1808 1770 1903 1822 καὶ

306 1849 488 1920 φθόνῳ
503 1854 888 1924 κεκακωμένον
913 1854 1057 1921 ίδὼν,
1080 1858 1180 1911 οὐκ
1199 1858 1459 1928 ἠνέσχετο
1477 1859 1717 1913 τοιοῦτον
1733 1877 1902 1913 κατα-

306 1942 493 2012 λεῖψαι
522 1945 910 2015 φιλάνθρωπος
952 1948 1047 2011 ὢν,
1085 1950 1235 2013 ὅπως
1265 1949 1339 2022 μὴ
1366 1950 1435 2003 δι’
1458 1950 1655 2015 αἰῶνος
1690 1950 1775 2023 εἴη
1805 1969 1904 2022 με·

308 2036 665 2106 μωμημένος,
720 2039 987 2094 ἀθάνατον
1033 2041 1173 2113 ἔχων
1218 2044 1278 2099 ὲν
1337 2042 1517 2114 ἑαυτῷ
1559 2043 1653 2097 τὸν
1697 2043 1900 2113 ψόγον·

304 2129 443 2184 ἀλλά
498 2130 743 2187 διέλυσεν
792 2136 871 2197 εἰς
907 2134 1041 2206 ὓλην
1072 2136 1258 2198 πάλιν,
1292 2136 1380 2189 ἵνα
1417 2137 1505 2190 διὰ
1532 2138 1631 2208 τῆς
1657 2138 1904 2191 ἀναπλά-

306 2237 448 2285 σεως
476 2224 769 2285 ὲκτακῶσι.
798 2227 892 2280 καὶ
923 2226 1327 2297 ὲξαφανισθῶσι
1357 2230 1535 2283 πάντα
1566 2229 1637 2283 τὰ
1658 2232 1715 2282 ὲν
1753 2228 1905 2300 αὐτῷ

308 2313 652 2382 μωμήματα.
716 2316 791 2369 Τὸ
833 2317 945 2389 γάρ
998 2321 1115 2372 ἐκεῖ
1175 2320 1617 2390 ἀναχωνευθῆναι
1662 2320 1756 2374 τὸν
1807 2320 1903 2373 ἀν-

305 2404 553 2474 δριάντα,
581 2406 742 2461 τοῦτο
763 2409 825 2462 τὸ
850 2410 1090 2465 ἐνταῦθα
1118 2410 1436 2479 ἀποθανεῖν,
1465 2415 1561 2467 καὶ
1588 2412 1904 2483 διαλυθῆναι

304 2495 368 2548 τὸ
401 2495 561 2568 σῶμα
587 2515 602 2529 ’
640 2500 700 2552 τὸ
735 2500 793 2552 δὲ
845 2502 961 2555 ἐκεῖ
985 2503 1586 2576 ἀναμορφωποιηθῆναι
1615 2506 1712 2576 τὴν
1749 2505 1901 2575 ὓλην,

306 2586 967 2662 ἢάνακοσμοποιηθῆναι,
1014 2594 1175 2647 τοῦτο
1210 2594 1446 2649 ἐνταῦθα
1483 2596 1622 2667 μετά
1664 2596 1725 2650 τὸ
1767 2597 1906 2650 ἀπο-

307 2678 491 2732 θανεῖν
521 2681 582 2734 τδ
600 2683 905 2752 ἀναστῆναι
929 2702 944 2715 ·
978 2684 1168 2758 ὥσπερ
1209 2688 1305 2740 καὶ
1334 2687 1363 2740 ὀ
1400 2690 1690 2761 προφήτης
1739 2690 1905 2760 Ἱερε-

312 2772 464 2843 μίας.
484 2775 707 2840 Τούτοις
736 2776 845 2849 γὰρ
895 2779 996 2850 ἤδη
1049 2780 1143 2833 καὶ
1166 2780 1330 2845 αὐτὸς
1363 2774 1465 2834 ὧδε
1498 2782 1673 2835 ταῦτα
1702 2800 1909 2853 παρεγ-

309 2867 437 2938 γυᾷ,
474 2868 585 2922 Kal
625 2869 904 2938 κατέϐην,
936 2871 1130 2940 λέγων.
1156 2874 1246 2939 είς
1268 2873 1378 2927 τὸν
1403 2871 1574 2929 οἷκον
1596 2874 1704 2930 τοῦ
1733 2892 1910 2945 κερα-

310 2958 493 3027 μέως·
522 2960 621 3014 καὶ
654 2960 784 3016 ἰδοὺ
814 2963 1000 3028 αὐτὸς
1020 2964 1209 3017 ἐποίει
1226 2964 1404 3034 ἔργον
1425 2966 1525 3019 ἐπὶ
1556 2966 1678 3020 τῶν
1700 2969 1906 3032 λίθων,

2083 1581 2228 1637 Idem
2262 1579 2428 1652 igitur
2469 1580 2522 1634 in
2554 1578 2713 1634 nobis
2746 1575 2947 1633 fecisse
2990 1575 3125 1631 mihi
3154 1574 3302 1631 Deus
3340 1584 3397 1630 et
3428 1574 3604 1630 admi-

2010 1675 2281 1730 nistrasse
2314 1673 2549 1727 videtur.
2575 1672 2712 1727 Cum
2748 1672 2894 1726 enim
2934 1669 3211 1724 hominen:
3254 1668 3603 1738 elegantissi-

2011 1783 2161 1821 mum
2191 1782 2331 1835 opus
2364 1782 2524 1820 suum
2562 1764 2930 1818 fraudulentis
2967 1762 3177 1817 artibus
3201 1769 3364 1831 atque
3394 1759 3601 1814 invidia

2005 1860 2245 1931 pessime
2277 1858 2532 1913 allectum
2564 1857 2795 1922 videret,
2829 1857 2989 1910 talem
3012 1870 3111 1926 pro
3147 1870 3245 1909 sua
3268 1854 3603 1924 benignitate

2006 1954 2319 2023 relinquere
2372 1951 2568 2013 noluit,
2619 1964 2687 2005 ne
2726 1950 2830 2004 hac
2874 1950 2929 2002 in
2983 1964 3201 2003 onmem
3240 1947 3599 2001 aeternitatem

2005 2046 2221 2100 macula
2268 2052 2417 2101 esset
2471 2042 2760 2108 infectum,
2792 2058 2916 2097 cum
2967 2043 3356 2113 sempiternam
3388 2040 3440 2094 in
3477 2055 3600 2095 sese

2006 2138 2184 2192 labem
2210 2138 2357 2192 illam
2401 2136 2702 2204 retineret;
2736 2136 2835 2191 sed
2891 2136 2945 2188 in
2981 2135 3267 2189 materiam
3299 2133 3481 2188 denuo
3518 2148 3601 2187 re-

2007 2230 2192 2293 solvit,
2223 2239 2283 2282 ιιι
2345 2228 2608 2298 quidquid
2667 2228 2722 2282 in
2759 2243 2825 2282 eo
2864 2227 3121 2282 vitiosum
3151 2235 3289 2291 erat,
3328 2224 3599 2280 reforma-

2006 2323 2156 2376 tione
2188 2320 2306 2391 ipsa
2323 2321 2472 2375 velut
2500 2320 2800 2390 eliquatum
2817 2326 2983 2389 atque
3011 2319 3344 2373 exstinctum
3373 2318 3595 2388 periret.

2007 2415 2166 2480 Quod
2188 2470 2193 2473 η
2232 2413 2377 2470 enim
2442 2413 2551 2468 illic
2616 2421 2703 2468 est
2762 2422 2959 2467 statum
3007 2410 3286 2475 conﬂatio,
3333 2410 3475 2464 idem
3509 2410 3597 2463 hic

2009 2524 2157 2563 mors
2183 2514 2269 2562 est
2333 2506 2732 2576 dissolutioque
2779 2504 3030 2575 corporis
3055 2521 3070 2569 ;
3102 2518 3169 2557 ac
3198 2502 3343 2571 quod
3371 2502 3483 2555 illic
3510 2509 3596 2557 est

2009 2600 2207 2654 iterum
2262 2597 2599 2653 conformari
2643 2596 2929 2651 materiam
2980 2604 3145 2665 atque
3178 2594 3234 2649 in
3302 2594 3598 2666 pristinum

2009 2692 2244 2747 nitorem
2277 2690 2516 2755 restitui,
2543 2690 2685 2746 idem
2707 2691 2796 2744 hic
2815 2697 3036 2759 estpost
3062 2688 3270 2742 obitum
3288 2701 3597 2758 resurgere.

2010 2786 2113 2840 Cui
2171 2796 2226 2840 et
2291 2784 2559 2854 propheta
2607 2782 2877 2838 Jeremias
2932 2782 3284 2853 astipulatur.
3320 2779 3421 2834 Hic
3450 2779 3601 2835 enim

2010 2877 2203 2933 eadem
2257 2880 2482 2931 omnino
2542 2876 2707 2931 docet
2758 2875 2846 2931 bis
2877 2875 3059 2929 verbis
3096 2894 3109 2929 :
3142 2871 3213 2927 Et
3260 2870 3506 2927 descendi
3545 2872 3604 2925 in

2011 2970 2226 3025 domum
2257 2970 2441 3041 figuli;
2479 2980 2528 3024 et
2544 2986 2659 3024 ecce
2681 2968 2771 3022 ille
2800 2967 3029 3037 faciebat
3067 2982 3195 3035 opus
3229 2982 3386 3035 super
3412 2963 3607 3033 lapidi-

311 3050 409 3105 καὶ
459 3051 706 3107 διέπεσε
750 3053 817 3107 τὸ
847 3054 1089 3125 ἀγγεῖον
1132 3056 1163 3109 ὃ
1191 3056 1382 3111 ἐποίει
1426 3058 1646 3125 ἐνταῖς
1696 3060 1909 3129 χερσὶν

2017 3066 2131 3130 bus,
2154 3074 2203 3119 et
2228 3065 2425 3119 excidit
2448 3082 2559 3129 vas,
2596 3063 2734 3132 quod
2767 3061 2995 3132 ﬁngebat
3025 3061 3078 3113 in
3118 3058 3363 3112 manibus
3388 3058 3520 3121 suis,
3555 3064 3606 3109 et

310 3143 520 3209 αὑτοῦ,
547 3145 646 3199 καὶ
679 3144 867 3200 πάλιν
894 3148 1188 3217 ἐποίησεν
1215 3149 1363 3204 αὐτὸ
1398 3150 1643 3221 ἀγγεῖον
1679 3151 1907 3221 ἕτερον,

2017 3174 2230 3211 rursum
2256 3158 2411 3225 ﬁnxit
2436 3158 2525 3210 ille
2564 3172 2657 3209 vas
2692 3154 2920 3208 alterum
2941 3150 3384 3223 quemadmodum
3407 3149 3609 3216 placuit

316 3234 515 3303 καθὼς
545 3236 771 3305 ἤρεσεν
797 3235 1057 3294 ἐνώπιον
1107 3241 1295 3295 αὐτοῦ
1328 3241 1436 3295 τοῦ
1486 3242 1757 3311 ποιῆσαι.
1802 3244 1912 3299 Καὶ

2017 3248 2121 3312 illi,
2146 3258 2203 3302 ut
2231 3248 2449 3319 faceret.
2488 3246 2556 3300 Et
2594 3247 2798 3316 factum
2853 3254 2930 3299 est
2959 3245 3170 3299 verbum
3206 3243 3423 3297 Domini
3450 3240 3605 3311 551

311 3327 548 3398 ἐγένετο
585 3331 769 3400 λόγος
817 3332 1040 3400 Κυρίου
1061 3333 1212 3401 πρὸς
1221 3334 1325 3402 μὲ,
1350 3333 1547 3405 λέγων
1566 3354 1580 3368 ’
1618 3336 1687 3388 Εἰ
1719 3336 1913 3404 καθὼς

2019 3342 2088 3394 ad
2142 3357 2223 3394 me
2272 3340 2450 3393 dicens
2486 3356 2505 3393 :
2534 3338 2597 3394 Si
2636 3337 3082 3409 quemadmodum
3122 3335 3319 3406 ﬁgulus
3359 3334 3470 3403 ipse
3507 3348 3612 3386 non

311 3422 347 3473 ό
380 3420 675 3490 κεραμεὺς
705 3416 904 3487 οὗτος,
959 3424 1031 3476 οὐ
1065 3422 1407 3494 δυνήσομαι
1448 3425 1626 3479 τοῦτο
1662 3427 1917 3496 ποιῆσαι

312 3511 490 3581 ὑμᾶς,
535 3509 704 3580 οἶκος
760 3514 866 3568 τοῦ
925 3515 1207 3586 Ἰσραήλ;
1274 3517 1430 3571 Ἰδοὺ
1479 3522 1512 3573 ό
1565 3520 1764 3589 πηλὸς
1811 3521 1919 3576 τοῦ

314 3606 618 3675 κεραμέως
649 3607 823 3677 ὑμεῖς
871 3609 1014 3662 ἐστε
1054 3610 1126 3663 ἐν
1150 3609 1280 3677 ταῖς
1314 3612 1492 3681 χερσί
1521 3631 1666 3682 μου.

385 3699 519 3754 KH'.
544 3700 789 3772 Πρόσχες
820 3702 929 3775 γὰρ
955 3702 1123 3767 ὅπως.
1157 3703 1233 3768 ὡς
1273 3704 1430 3776 ἔφην,
1461 3706 1600 3775 μετὰ
1630 3707 1691 3760 τὸ
1718 3724 1915 3780 παρα-

314 3793 476 3863 ϐῆναι
502 3793 593 3846 τὸν
616 3794 923 3866 ἄνθρωπον,
950 3798 983 3868 ἡ
1020 3796 1232 3870 μεγάλη
1259 3799 1399 3869 χεὶρ,
1430 3799 1511 3861 εἰς
1530 3802 1678 3864 νῖκος
1698 3802 1712 3831 ¹
1749 3818 1915 3855 κατα-

314 3883 495 3953 insideat
521 3886 583 3938 τὸ
610 3888 808 3958 ἑαυτῆς
840 3886 1002 3961 ἔργον
1049 3891 1151 3942 οὐκ
1186 3889 1488 3961 ηὐδόκησεν
1536 3892 1613 3956 ὡς
1646 3893 1920 3963 κίϐδηλον,

327 3976 570 4047 πονηροῦ
594 3978 793 4041 ἀδίκως
812 3979 944 4030 αὐτὸ
965 3980 1351 4050 λυμηναμένου
1372 3982 1664 4052 βασκάνοις
1684 3984 1885 4048 αἰτίαις
1906 4002 1922 4017 ο

322 4068 456 4121 ἀλλά
490 4068 766 4140 ἀνατήξας
799 4069 1086 4122 ἀνέδευσεν
1114 4066 1271 4135 αὖθις
1302 4074 1385 4136 εἰς
1420 4075 1611 4144 πηλὸν,
1647 4072 1736 4129 οἷα
1759 4094 1926 4147 κεραο

324 4160 478 4233 μεὺς,
515 4160 573 4224 ὃς
601 4161 966 4215 ἀναπλάσσων
992 4162 1125 4216 αὐτὸ
1171 4164 1309 4234 πρὸς
1336 4165 1395 4217 τὸ
1422 4166 1791 4238 ἀφανισθῆναι
1825 4168 1927 4238 μὲν

317 4250 407 4304 διὰ
470 4252 570 4323 τῆς
604 4253 965 4316 ἀναπλάσεως
1016 4254 1197 4307 πάντα
1231 4256 1299 4309 τὰ
1325 4257 1381 4308 ὲν
1416 4257 1565 4328 αὖτῷ
1594 4259 1778 4329 αἴσχη,
1821 4259 1914 4312 καὶ

319 4342 624 4415 θλάσματα,
650 4343 949 4416 γενηθῆναι
964 4362 1021 4398 τε
1043 4344 1105 4398 τὸ
1125 4347 1233 4400 πᾶν
1253 4347 1457 4402 ἀνωθεν
1476 4350 1783 4421 ἀμέμπτως
1795 4352 1928 4424 ἀρε-

320 4435 467 4489 στόν.
493 4430 572 4490 Ἦ
599 4438 711 4490 οὐκ
738 4438 863 4504 ἕχει
888 4437 1185 4502 ἐξουσίαν
1210 4441 1244 4493 ό
1269 4440 1564 4509 κεραμεὺς
1584 4441 1691 4495 τοῦ
1722 4443 1927 4510 πηλοῦ

2016 3443 2196 3502 potero
2235 3432 2331 3488 hoc
2356 3432 2531 3502 facere
2586 3430 2752 3493 vobis,
2783 3430 2971 3483 domus
2995 3427 3214 3484 Israel?
3255 3425 3392 3482 Ecce
3444 3425 3613 3480 lutum

2019 3525 2169 3597 ﬁguli
2208 3542 2296 3579 vos
2334 3525 2461 3579 estis
2486 3525 2541 3578 in
2562 3522 2807 3577 manibus
2835 3523 2963 3577 meis
2989 3522 3035 3574 ¹.

2091 3703 2333 3761 XXVIII.
2399 3704 2577 3761 Velim
2624 3703 2773 3761 istud
2815 3701 3085 3766 attendas,
3125 3700 3203 3755 uti
3242 3699 3376 3762 dixi,
3415 3703 3613 3768 'quem-

2023 3796 2320 3851 admodum
2349 3804 2475 3867 post
2511 3795 2751 3850 hominis
2777 3793 3036 3849 delictum
3069 3792 3264 3862 ingens
3297 3790 3388 3844 illa
3419 3801 3614 3842 Inanus

2024 3905 2163 3959 opus
2191 3904 2353 3945 suum
2408 3896 2672 3957 tanquam
2721 3885 3094 3940 adulterinum
3153 3884 3208 3938 in
3246 3890 3395 3936 tanta
3425 3888 3614 3935 contu-

2026 3983 2189 4035 melia
2250 3981 2566 4051 probroque
2623 3979 2938 4049 relinquere
2991 3976 3250 4041 noluerit,
3313 3990 3437 4028 cum
3496 3988 3615 4028 eum

2027 4071 2273 4127 nefarius
2332 4071 2511 4126 hostis
2568 4086 2634 4125 ex
2692 4069 2899 4123 invidia
2938 4067 3217 4121 violasset.
3255 4062 3362 4118 Sed
3425 4075 3622 4115 rursus

2027 4165 2349 4236 cliquatum,
2383 4173 2439 4219 et
2469 4164 2526 4219 in
2565 4164 2738 4218 lutum
2780 4161 3069 4217 subactum
3117 4156 3269 4227 ﬁguli
3305 4171 3455 4210 more
3478 4153 3619 4208 refc-

2029 4257 2186 4320 cerit,
2215 4265 2274 4310 ut
2300 4272 2364 4310 ea
2394 4255 2785 4311 reformatione
2814 4252 3182 4324 quodcunque
3201 4250 3254 4303 in
3273 4265 3337 4305 eo
3360 4248 3621 4303 fmdatum

2030 4365 2094 4405 ac
2129 4350 2459 4406 contusione
2500 4348 2868 4404 deformatum
2898 4357 3015 4403 erat
3044 4346 3264 4418 penitus
3314 4344 3621 4407 tolleretur;

2034 4442 2211 4511 ipsius
2246 4457 2378 4497 vero
2408 4442 2711 4512 opiﬁcium,
2747 4448 2806 4495 ut
2824 4448 2943 4495 erat
2965 4448 3149 4502 antea.
3174 4439 3623 4510 reprehensionis

318 4528 387 4580 ἐκ
414 4527 520 4581 τοῦ
555 4527 744 4581 αὐτοῦ
772 4527 1123 4599 φυράματος
1161 4528 1415 4598 ποιῆσαι
1458 4531 1705 4598 σκεῦος,
1743 4533 1775 4585 ὃ
1811 4532 1913 4603 μὲν

2042 4551 2239 4605 expers
2269 4535 2664 4604 acjucundum
2695 4534 2928 4589 exsistit.
2970 4534 3157 4586 Annon
3202 4532 3357 4586 habet
3397 4539 3618 4601 potesta-

320 4622 406 4686 είς
442 4619 643 4691 τιμὴν,
678 4619 709 4674 ὃ
742 4620 811 4673 δὲ
832 4624 921 4688 είς
942 4623 1216 4691 duplam;
1269 4624 1333 4676 ’Ὀ
1362 4622 1424 4693 δή
1445 4625 1562 4677 ἐστι
1611 4625 1791 4693 (τοῦτο
1820 4625 1931 4698 γὰρ

319 4714 348 4765 ὁ
398 4713 716 4777 Ἀπὸστολός
766 4731 857 4784 μοι
896 4715 1091 4787 δηλοῦν
1121 4717 1430 4786 φαίνεται)’
1472 4718 1563 4787 Μή
1598 4735 1649 4770 τι
1680 4717 1929 4782 ἐξουσίαν

320 4803 423 4857 οὐκ
486 4803 599 4875 ἔχει
649 4805 679 4857 ὁ
734 4804 868 4871 Θεὸς
925 4806 1033 4860 ἀπὸ
1077 4808 1177 4878 τῆς
1206 4809 1338 4881 ὕλης
1376 4810 1609 4863 ἑκάστου
1636 4811 1736 4880 τῆς
1758 4813 1929 4883 αὐτῆς

320 4895 660 4961 ἀναπλάσας,
708 4899 805 4951 καὶ
854 4900 1247 4973 ἀνακοσμήσας
1290 4898 1429 4967 είδος
1480 4903 1732 4968 ἕκαστον,
1774 4903 1807 4974 ἦ
1848 4906 1929 4968 εἰς

323 4986 492 5059 τιμὴν
536 4989 698 5060 ἡμῶν
756 4992 1059 5063 ἀναστῆναι
1114 4995 1210 5049 καὶ
1267 4995 1428 5061 δόξαν
1485 4996 1518 5067 ἢ
1577 4997 1657 5058 είς
1697 4995 1921 5066 ἀτιμίαν

323 5079 418 5131 καὶ
478 5082 838 5154 κατάκρισιν;
892 5084 988 5149 Είς
1029 5085 1257 5159 ἀτιμίαν
1313 5088 1412 5159 μὲν
1470 5088 1578 5140 τῶν
1618 5091 1677 5143 ἐν
1740 5089 1923 5161 ἀμαρ-

322 5172 465 5236 τίαις
523 5174 743 5243 φαύλως
792 5176 1149 5249 βιωσάντων,
1220 5180 1303 5243 είς
1347 5181 1512 5251 τιμὴν
1568 5180 1625 5232 δὲ
1692 5180 1803 5234 τῶν
1865 5184 1924 5235 ἐν

322 5265 637 5339 δικαιοσύνῃ
659 5286 671 5299 ·
702 5269 957 5344 καθάπερ
1000 5273 1246 5345 ἐδηλώθη
1284 5273 1377 5325 καὶ
1407 5271 1484 5342 τῷ
1529 5273 1764 5343 Δανιὴλ,
1801 5274 1933 5329 Ὅτι

326 5362 541 5423 πολλοὶ
581 5360 702 5417 τῶν
727 5367 1141 5421 καθευδόντων
1182 5368 1252 5421 ἑν
1285 5366 1398 5436 γῆς
1421 5366 1665 5435 χώματι,
1696 5368 1931 5438 λέγοντι,

327 5452 851 5523 ἐστεγερθήσονται.
876 5453 1043 5513 οὗτοι
1061 5460 1150 5524 είς
1179 5456 1334 5526 ζωὴν
1354 5456 1616 5524 αἰώνιον,
1633 5460 1732 5513 καὶ
1760 5457 1928 5519 οὗτοι

327 5548 413 5612 είς
439 5548 784 5619 ὀνειδισμὸν
805 5551 904 5605 καί
928 5553 1233 5623 αἰσχύνην
1255 5550 1526 5621 αἰώνιονῇ
1555 5553 1673 5614 καὶ,
1695 5556 1759 5607 Ol
1782 5569 1934 5607 συν-

331 5641 521 5707 ’ἐι-τες
570 5640 1001 5713 ἐκλάμψουσιν
1048 5645 1128 5712 ὡς
1162 5647 1202 5716 ἠ
1254 5646 1607 5715 λαμπρότης
1644 5645 1752 5701 τοῦ
1785 5661 1925 5701 στε-

405 5799 423 5831 ⁸
463 5795 523 5855 F.
554 5800 750 5864 νεῖκος.
830 5802 851 5833 ²
889 5801 1001 5859 Jer.
1037 5820 1190 5867 xvm,
1226 5804 1347 5860 5-6.
1427 5804 1445 5836 ³
1471 5802 1630 5863 Rom.
1662 5819 1736 5870 Ix.
1768 5803 1865 5863 21.

2044 4637 2145 4681 tem
2170 4629 2366 4698 ﬁgulus
2399 4628 2499 4680 luti
2527 4642 2591 4680 ea:
2611 4627 2792 4681 eadem
2822 4642 3002 4679 massa
3026 4624 3197 4693 facere
3222 4640 3337 4687 vas,
3370 4624 3521 4677 aliud
3554 4623 3622 4676 ad

2039 4718 2312 4782 Iwnorem,
2351 4718 2498 4772 aliud
2543 4718 2611 4772 ad
2646 4716 3108 4772 contumeliam"?
3153 4714 3309 4781 Quod
3361 4714 3502 4769 idem
3541 4719 3623 4769 est

2028 4812 2106 4882 (id
2139 4812 2286 4866 enim
2342 4814 2653 4883 signiﬁcare
2704 4811 2834 4865 mihi
2866 4810 3005 4865 velle
3052 4808 3269 4863 videtur
3302 4808 3622 4877 Apostolus)

2027 4924 2092 4964 ac
2122 4910 2167 4963 si
2201 4910 2413 4964 diceret
2439 4924 2453 4961 :
2484 4906 2677 4963 Nonne
2706 4914 3033 4978 potestatem
3072 4904 3235 4958 habet
3272 4902 3415 4957 Deus
3447 4918 3511 4955 ex
3543 4917 3623 4955 ea-

2028 5004 2151 5060 dem
2180 5005 2449 5074 cujusque
2478 5002 2706 5056 materia
2720 4999 3064 5071 singulorum
3100 4997 3332 5053 formam
3363 4995 3617 5051 reﬁciens

2029 5109 2085 5153 et
2118 5097 2456 5159 instaurans,
2498 5095 2664 5148 alium
2684 5093 2751 5147 ad
2787 5094 3052 5148 honorem
3083 5102 3138 5149 et
3164 5092 3419 5164 gloriam,
3455 5090 3622 5143 alium

2033 5190 2100 5244 ad
2131 5187 2413 5243 infamiam
2453 5198 2506 5242 et
2535 5186 2943 5241 damnationem
2971 5182 3251 5239 excitare?
3277 5181 3359 5235 Ad
3391 5180 3622 5250 ignomi-

2031 5284 2179 5338 niam
2206 5282 2426 5352 quidem
2454 5296 2552 5335 eos
2584 5280 2677 5349 qui
2711 5280 2765 5332 in
2815 5288 3169 5348 peccatorum
3225 5272 3623 5329 consuetudine

2032 5373 2268 5444 turpiter
2298 5374 2589 5439 vixerunt;
2620 5374 2687 5427 ad
2723 5373 2986 5426 honorem
3038 5384 3171 5426 vero
3200 5384 3298 5425 eos
3327 5365 3421 5438 qui
3452 5365 3641 5422 vitam.

2029 5465 2098 5518 ad
2115 5464 2390 5535 justitiam
2413 5464 2923 5521 accommodarunt.
2943 5461 3099 5529 Quod
3130 5468 3186 5516 et
3215 5475 3246 5514 a
3276 5457 3499 5514 Daniele
3524 5455 3622 5511 de-

2028 5557 2300 5613 claratum
2333 5566 2417 5613 est
2444 5577 2459 5614 :
2485 5558 2752 5625 Quoniam
2777 5558 2933 5612 multi
2959 5555 3337 5613 dormientium
3374 5554 3433 5607 in
3461 5561 3621 5606 tem:

2032 5666 2219 5723 aggere
2250 5661 2543 5723 resurgant,
2568 5651 2622 5707 hi
2662 5650 2730 5707 ad
2754 5652 2917 5709 vitam
2930 5659 3207 5719 (sternam,
3240 5656 3291 5705 et
3312 5647 3367 5703 hi
3398 5644 3468 5702 ad
3490 5660 3630 5716 preat
