4082 6394
465 252 608 308 “l5

1869 277 1927 331 S.
1970 277 2311 340 ΕΡΙΡΗΑΝΙΙ

3592 285 3769 340 H13

463 372 628 479 {rimi
654 392 701 429 ⁸⁸
730 376 949 479 άεᾳείω
974 383 1348 479 εξηηξίίεηεαηι
1368 392 1408 456 ’ἱ
1441 399 1495 446 ει
1530 393 1671 459 ἔριά
1717 397 2045 469 ίηιεηίααηε.
2077 407 2123 463 Α.
2140 404 2465 475 ρεώματος.
2495 408 2611 477 Ἐφ’
2635 410 2769 479 ἡμῖν
2803 407 2911 479 γὰρ
2954 407 3017 460 οὐ
3060 405 3123 460 τὸ
3153 406 3414 475 ἀφανίσαι
3436 404 3535 475 τὴν
3575 406 3770 475 ῥίζαν

467 464 737 535 fulgebunt
770 470 907 523 sicut
937 473 1185 540 splendor
1210 479 1533 546 ﬁrmamenti
1563 486 1603 538 '.
1641 485 1737 543 Est
1768 464 1914 543 enini
1946 491 2049 546 hoc

469 556 524 611 in
586 570 768 614 nostra
828 574 1095 633 potestate
1140 572 1534 639 positum,non
1568 586 1627 631 ut
1685 580 2049 650 improbitatis

469 649 685 706 radices
712 660 927 722 penitus
959 662 1280 721 eVellamus.
1322 665 1415 720 sed
1457 678 1514 721 ut
1540 685 1607 723 ue
1636 649 1869 740 amplius
1900 674 2047 728 illam

469 756 788 800 excrescere
827 764 890 800 ac
952 749 1165 807 fructus
1218 755 1379 811 edere
1437 761 1730 828 patiamur.
1769 762 2049 833 Siquidem

468 836 722 891 absoluta
751 840 995 894 radicum
1024 843 1265 912 ipsarum
1289 851 1583 905 exstinctio
1620 868 1682 906 ac
1718 855 2047 925 proﬂigatio,

470 934 588 982 tum
623 946 769 995 cum,
800 935 875 987 uti
917 936 1051 998 dixi.
1087 937 1409 994 dissolvitur
1444 957 1668 1012 corpus,
1705 961 1734 997 a
1788 945 1894 1001 Deo
1930 964 2052 1016 per-

474 1022 673 1078 ﬁcitur.
707 1024 838 1090 Qua:
891 1038 1071 1082 autem
1120 1047 1186 1084 ex
1228 1041 1380 1100 parte
1443 1034 1519 1098 tit,
1556 1046 1616 1091 ut
1660 1052 1689 1089 a
1740 1040 2056 1107 pullulando

472 1128 810 1183 coerceatur,
844 1134 1015 1189 Opera
1045 1132 1235 1177 nostra
1267 1127 1511 1193 praestari
1548 1128 1731 1189 debet.
1761 1146 1827 1183 ex
1857 1146 1966 1200 quo
1998 1133 2057 1186 tit

474 1217 555 1269 ut,
616 1210 709 1277 qui
736 1211 935 1265 malam
980 1213 1129 1268 illam
1163 1215 1388 1284 stirpem
1442 1218 1505 1271 ad
1556 1222 1969 1289 amplitudinem
2004 1234 2059 1278 et

475 1297 907 1365 magnitudinem
939 1301 1225 1357 educando
1258 1305 1595 1373 perduxerit,
1638 1326 1837 1379 neque.
1876 1316 2056 1383 quoad

475 1389 671 1457 potuit,
712 1391 952 1447 sterilem
996 1394 1139 1447 illam
1175 1397 1417 1451 ell'ecerit
1444 1408 1606 1468 atque
1644 1408 2056 1472 compresserit,

475 1482 665 1550 poenas
698 1484 846 1539 illum
876 1490 1185 1556 persolvere
1213 1501 1459 1560 oporteat

476 1575 707 1629 consilio
732 1578 951 1633 utilitati
990 1581 1248 1636 damnum
1276 1587 1595 1653 praetulerit.

544 1671 732 1728 ΧΧΙΧ.
767 1676 1130 1740 Quamobrem
1163 1697 1341 1745 nemo,
1372 1698 1495 1735 cum
1532 1685 1651 1750 ejus
1686 1684 1808 1736 ntali
1834 1700 2055 1738 causam

2150 498 2251 566 τῆς
2308 499 2571 570 πονηρίας
2626 500 2879 565 τελείως,
2927 498 3064 553 ἀλλά
3104 498 3166 551 τὸ
3219 498 3293 568 μὴ
3334 498 3468 568 πρὸς
3510 496 3769 548 ἔκτασιν

2153 590 2321 660 αὐτὴν
2369 592 2526 644 ἐᾶσαι
2587 592 2751 660 φῦναι
2804 594 2897 646 καὶ
2940 593 3329 663 καρποφορεῖν.
3377 590 3445 641 Ἦ
3492 588 3592 657 μὲν
3623 589 3763 655 γὰρ

2158 681 2385 733 καθόλου
2420 684 2514 734 καὶ
2546 685 2840 755 παντελικὴ
2885 687 3002 747 ταῖς
3048 682 3226 753 ῥίζαις
3257 681 3423 748 αὐτῆς
3454 679 3765 749 ἀναίρεσίς

2153 787 2211 822 τε
2248 772 2340 823 καὶ
2377 772 2621 827 ἀπώλεια
2651 774 2757 827 ὑπὸ
2778 774 2869 827 τοῦ
2893 772 3028 827 Θεοῦ
3046 772 3185 825 κατά
3209 772 3307 841 τὴν
3338 769 3431 822 τοῦ
3461 767 3761 837 σώματος,

2156 862 2231 925 ὡς
2254 864 2487 935 εἴρηται,
2546 866 2782 919 διάλυσιν
2841 866 3069 934 γίνεται,
3100 868 3133 935 ἡ
3168 864 3224 916 δὲ
3258 866 3322 915 ὲκ
3361 862 3561 932 μέρους
3600 860 3766 930 πρὸς

2152 953 2215 1005 τὸ
2257 955 2329 1023 μὴ
2362 952 2507 1009 οἷσαι
2562 956 2789 1026 βλαστὸν
2834 958 2924 1026 ὑφ’
2974 956 3165 1026 ήμῶνυ
3208 954 3302 1007 καὶ
3329 953 3417 1005 διὰ
3448 952 3609 1005 τοῦτο
3645 951 3768 1003 τὸν

2152 1043 2493 1115 ἐκτρέψαντα
2516 1047 2538 1077 ⁵
2568 1047 2705 1117 πρὸς
2747 1047 2976 1113 αὔξησιν
3007 1045 3176 1115 αὐτὴν
3210 1043 3407 1113 μᾶλλον
3437 1043 3531 1096 καὶ
3574 1042 3769 1111 μέγε-

2154 1133 2266 1197 θος,
2305 1135 2445 1189 ἀλλά
2478 1138 2552 1207 μὴ
2595 1138 2719 1207 (ὅτι)
2757 1137 3129 1208 στειρώσαντα
3171 1136 3233 1188 τὸ
3260 1137 3383 1188 ὅσον
3431 1135 3515 1184 ἐπ’
3560 1132 3762 1200 αὐτῷ.

2154 1230 2247 1281 καὶ
2279 1230 2717 1300 συμπιλήσαντα,
2752 1231 2964 1299 ἀνάγκη
2990 1228 3187 1281 διδόναι
3215 1227 3394 1296 δίκην·
3431 1227 3534 1284 ὅτι,
3571 1222 3765 1275 δυνά-

2156 1337 2335 1389 μενος.
2368 1322 2462 1373 καὶ
2496 1321 2633 1390 ἔχων
2669 1322 2801 1393 πρὸς
2850 1320 3007 1373 τοῦτο
3044 1318 3143 1389 τὴν
3168 1319 3439 1382 ἐξουσίαν,
3469 1318 3654 1369 εἵλατο
3681 1316 3767 1368 τὸ

2156 1410 2395 1479 βλάπτον
2417 1413 2510 1465 τοῦ
2546 1414 2913 1486 συμφέροντος
2942 1411 3143 1482 μᾶλλον
3172 1410 3530 1481 προτιμῆσαι.

1510 1514 1522 1548 :
1577 1498 1721 1565 quod
1772 1516 1895 1555 cum
1949 1503 2125 1561 facere
2168 1508 2309 1561 istu-l
2373 1518 2578 1579 posset,
2618 1526 2681 1564 ac
2718 1510 3030 1565 facultatem
3088 1508 3334 1567 haberet,
3380 1514 3530 1560 certo
3570 1503 3764 1556 animi

2238 1692 2364 1747 K82
2399 1694 2558 1745 Ὥστε
2624 1694 2830 1763 μηδεὶς,
2889 1694 3049 1756 αὐτὸς
3103 1694 3272 1756 αἴτιος
3318 1693 3414 1755 ὢν,
3458 1694 3767 1764 ἀκολάστῳ

478 1765 763 1851 sustinent,
796 1768 992 1823 divinae
1027 1780 1237 1827 naturae
1283 1775 1699 1844 intemperantis
1736 1778 1933 1845 lingua:
1970 1794 2055 1829 re-

2164 1782 2382 1853 γλώσσῃ
2415 1783 2711 1852 μεμφέσθω
2740 1784 2837 1852 τὴν
2876 1782 3026 1833 Θείαν
3059 1782 3241 1851 φύσιν,
3280 1782 3354 1844 ὠς
3386 1781 3485 1833 οὐκ
3528 1783 3587 1832 ὲν
3619 1781 3765 1849 δίκῃ

478 1857 892 1925 prehensiouent
948 1874 1243 1934 aspergat:
1274 1868 1429 1935 quasi
1504 1870 1798 1936 unicuique
1838 1870 2058 1921 virtutis

477 1951 703 2020 vitiique
731 1954 949 2021 prannia
984 1974 1090 2009 non
1118 1958 1264 2025 juste
1293 1958 1608 2013 distribuat.
1638 1960 1773 2023 Quis
1808 1962 1945 2012 enim
1978 1978 2055 2022 es,

478 2060 509 2096 0
539 2043 726 2107 homo,
756 2048 843 2113 qui
870 2048 1184 2115 respondeas
1219 2050 1373 2106 Deo?
1404 2052 1640 2120 nunquid
1672 2051 1807 2103 dicet
1839 2052 2061 2119 ﬁgmen-

479 2143 589 2186 tum
644 2134 803 2204 552
848 2138 1044 2203 [actori
1096 2158 1228 2194 suo:
1254 2140 1362 2195 Cur
1394 2159 1474 2195 me
1516 2143 1593 2194 ita
1625 2142 1795 2210 fecisti
1826 2143 1889 2194 ‘?
1955 2142 2059 2208 Qui

477 2228 624 2278 enim
672 2227 719 2279 id
761 2244 1026 2298 usurpare
1058 2241 1259 2301 potest.
1292 2248 1415 2286 cum
1455 2242 1647 2302 suapte
1689 2242 1825 2286 nutu
1862 2249 1925 2285 ac
1957 2250 2054 2286 vo-

480 2318 689 2371 luntate
714 2319 1114 2388 improbitatem
1133 2324 1389 2391 elegerit?
1414 2323 1707 2393 Propterea
1739 2340 1847 2377 non
1874 2323 2062 2392 utique

482 2407 612 2472 Deo,
645 2412 736 2480 qui
762 2428 824 2466 ex
851 2413 1282 2468 immutabilibus
1307 2416 1537 2483 justitiae
1569 2416 1807 2470 decretis
1826 2414 2058 2484 judicat,

480 2512 660 2572 potest
697 2504 878 2558 dicere
915 2522 926 2556 :
965 2505 1074 2557 Cur
1108 2524 1187 2559 me
1216 2509 1295 2561 ita
1343 2509 1557 2577 fecisti?
1586 2508 1794 2562 Etenim
1829 2510 2064 2577 Aposto-

481 2594 589 2655 lus,
620 2594 764 2647 velnt
797 2595 1160 2663 peritissimus
1201 2598 1425 2667 quidam
1470 2598 1743 2666 jaeulator
1774 2608 2060 2653 contortas

479 2683 769 2737 verborum
800 2687 1097 2742 sententias
1127 2690 1179 2740 in
1206 2689 1444 2743 medium
1470 2689 1751 2751 emittcns,
1789 2698 1846 2741 ut
1875 2690 2066 2743 obscu-

481 2790 598 2827 ram
656 2776 1205 2847 profundissimisque
1260 2781 1514 2834 sensibus
1573 2782 1901 2833 occultatam
1935 2796 2061 2833 ora-

480 2866 686 2919 tionem
745 2867 1017 2933 instituit;
1083 2869 1163 2922 sic
1224 2870 1571 2924 verissimam
1639 2879 1907 2938 rectaeque
1942 2872 2063 2925 ﬁdei

481 2966 930 3021 consentaneam,
973 2973 1095 3027 qua}
1134 2958 1267 3011 nihil
1324 2968 1415 3011 aut
1455 2959 1817 3029 negligentius
1857 2960 2061 3011 dictum

481 3057 577 3101 aut
606 3048 907 3103 absurdum
932 3051 1196 3104 continet.
1220 3050 1322 3116 Qui
1353 3051 1497 3106 enim
1531 3067 1639 3103 non
1674 3051 1937 3115 studiose,
1968 3051 2062 3106 sed

2160 1872 2518 1943 διανέμουσαν
2546 1876 2758 1942 έκάστῳ
2783 1873 2981 1935 κακίας
3017 1874 3111 1925 καὶ
3139 1874 3337 1942 ἀρετῆς
3356 1872 3424 1924 τά
3456 1872 3760 1940 ἀμοιϐαῖα.

2166 1966 2261 2031 Τίς
2296 1965 2403 2034 γὰρ
2443 1962 2514 2026 εἴ,
2544 1960 2591 2018 ὦ
2631 1966 2921 2033 ἄνθρωπε,
2960 1968 2992 2018 ό
3044 1965 3630 2032 ἀνταποκρινόμενος
3668 1960 3764 2026 τῷ

2163 2056 2320 2120 Θεῷ;
2356 2056 2441 2123 μὴ
2486 2056 2610 2122 ἐρεῖ
2638 2056 2701 2108 τὸ
2747 2056 2997 2123 πλάσμα
3034 2055 3115 2119 τῷ
3156 2054 3517 2118 ποιήσαντι,
3581 2054 3645 2106 Τί
3671 2070 3761 2120 με

2159 2147 2454 2213 ἐποίησας
2507 2147 2727 2210 οὕτως;
2786 2146 2910 2208 Πῶς
2966 2145 3099 2215 γάρ,
3165 2146 3328 2196 ὁπότε
3370 2144 3761 2210 αὐτοδεσπότῳ

2165 2236 2324 2307 βουλῇ
2361 2237 2557 2289 κακίαν
2593 2238 2805 2299 εἴλατο;
2857 2237 2947 2290 Διὸ
2995 2238 3089 2289 καὶ
3130 2237 3190 2289 οὐ
3220 2236 3373 2299 Δλέξει
3400 2235 3762 2303 δικαιοσύνης

2161 2327 2422 2396 δόγμασιν
2484 2326 2926 2397 ἀπαραλλάκτοις
2981 2327 3217 2396 κρίνοντι
3268 2328 3343 2396 τῷ
3373 2326 3525 2395 Θεῷο
3571 2325 3639 2378 Tt
3677 2342 3761 2391 με

2161 2419 2454 2485 ἐποίησας
2478 2420 2665 2485 οὓτως
2690 2436 2707 2482 ;
2736 2420 2945 2489 Ὥσπερ
2986 2418 3307 2487 ἀκοντιστὴς
3335 2421 3363 2471 ὁ
3405 2416 3759 2480 Ἀπόστολος,

2162 2504 2331 2567 δεινος
2378 2504 2779 2575 διεστραμμένα
2832 2508 3053 2577 ῥήματα
3102 2506 3208 2559 τῶν
3230 2506 3403 2573 λόγων
3456 2506 3535 2568 εἰς
3581 2505 3757 2574 μέσον

2164 2596 2431 2666 ἐμϐαλὼν.
2468 2598 2650 2668 ἀσαφῆ
2687 2597 2784 2668 μὲν
2835 2599 2929 2651 καὶ
2959 2596 3477 2667 ὲπικεκαλυμμένην
3509 2597 3761 2647 ποιεῖται

2164 2687 2243 2748 είς
2266 2686 2426 2754 βάθος
2450 2687 2557 2738 τῶν
2580 2687 3024 2756 ἀναγνωσμάτων
3054 2688 3151 2755 τὴν
3170 2685 3514 2755 ἐξεργασίαν,
3544 2682 3753 2753 ἀληθε-

2166 2780 2367 2849 στάτην
2396 2779 2451 2831 δὲ
2481 2780 2574 2831 καὶ
2618 2778 2919 2849 ὀρθὸδοξον,
2962 2780 3056 2831 καὶ
3093 2778 3254 2848 μηδὲν
3288 2777 3516 2846 ἔχουσαν
3539 2776 3755 2843 ἀπημεο

2163 2867 2227 2937 λη
2238 2869 2396 2938 μένον
2418 2868 2449 2937 ἢ
2486 2868 2787 2938 δύσφημον.
2821 2869 2944 2931 Τοῖς
2973 2868 3072 2938 μὲν
3090 2867 3198 2937 γὰρ
3218 2867 3291 2937 μὴ
3325 2865 3465 2936 μετὰ
3488 2865 3765 2933 σπουδῆς,

2165 2959 2298 3012 ἀλλὰ
2349 2959 2557 3027 ἀγενῶς
2610 2960 2943 3029 ἐμπίπτουσι
3004 2961 3117 3020 τοῖς
3158 2958 3357 3024 λόγοις,
3401 2956 3755 3025 ἀσυνάρτητα

2165 3051 2275 3104 ἐσθ’
2304 3054 2392 3105 ὅτε
2413 3053 2673 3104 δοκεῖκαὶ
2703 3050 3010 3120 ἀσύμφωνα
3037 3049 3236 3117 λέγειν,
3259 3051 3371 3111 τοῖς
3404 3047 3451 3099 δ’
3478 3043 3544 3100 αὖ
3583 3064 3755 3098 σπου-

481 3140 777 3195 oscitantcr
802 3142 855 3193 in
893 3143 1037 3195 illius
1070 3158 1351 3197 sermones
1380 3143 1685 3204 incurrunt,
1718 3142 1785 3195 iis
1820 3159 2062 3196 nonnun-

2168 3142 2325 3203 δαίως
2360 3143 2453 3195 καὶ
2479 3142 2723 3214 λογισμῷ
2757 3144 3001 3213 νήφοντι,
3054 3141 3259 3210 ὁπόσης
3290 3140 3492 3205 τάξεως
3537 3138 3753 3208 ἔμπλεα

480 3245 646 3300 quam
682 3233 862 3286 minus
888 3233 990 3288 sibi
1026 3242 1396 3287 consentanea
1429 3248 1491 3285 ac
1525 3233 1855 3287 cohaerentia
1875 3235 2058 3289 dicere

2166 3236 2261 3289 καὶ
2292 3236 2569 3306 ἀληθείας.

483 3322 719 3375 videtur.
756 3323 857 3388 Qui
891 3338 1018 3377 vero
1048 3340 1266 3392 operam
1298 3324 1585 3385 adhibent,
1613 3331 1665 3375 et
1696 3325 1878 3378 sobria
1933 3332 2099 3394 atque
2168 3334 2488 3395 experrecta
2540 3333 2723 3381 mente
2784 3326 2840 3380 in
2895 3325 3019 3381 illos
3070 3322 3416 3385 incumbunt,
3446 3335 3511 3373 ex
3555 3317 3753 3372 ordine

482 3415 664 3471 cumia
704 3432 767 3470 ac
802 3418 877 3471 rei
913 3421 1143 3472 veritate
1174 3419 1525 3488 pronuntiata
1552 3420 1822 3488 judicant.

556 3506 757 3562 Verum
805 3511 1119 3563 accuratius
1155 3513 1219 3565 de
1252 3512 1337 3565 his
1374 3513 1535 3565 modo
1566 3512 1851 3581 disputare
1883 3513 2067 3581 magni

484 3614 582 3668 per
612 3615 733 3653 sese
761 3599 965 3656 laboris
1001 3617 1138 3670 opus
1172 3610 1275 3656 est.
1304 3601 1399 3657 Est
1434 3618 1563 3657 vero
1595 3604 1909 3668 ridiculum,
1942 3618 2070 3671 pro-

486 3689 608 3759 prio
648 3699 970 3759 argumento
1002 3691 1287 3755 derelicto,
1319 3692 1466 3762 quod
1498 3698 1843 3747 tractandum
1881 3708 2071 3747 susce-

486 3780 686 3850 pimus,
746 3798 846 3836 uos
900 3782 964 3837 ad
1021 3784 1123 3838 alia
1172 3784 1443 3839 conferre.
1505 3783 1640 3838 Nam
1690 3785 1805 3839 haec
1844 3802 1875 3839 a
1911 3785 2071 3840 nobis

487 3880 710 3940 propter
771 3874 893 3927 illos
932 3874 1076 3927 dicta
1132 3883 1281 3937 sunt,
1310 3875 1402 3943 qui
1438 3876 1730 3928 stultorum
1763 3890 1915 3929 more
1944 3875 2071 3928 mali

485 3970 542 4017 et
568 3964 744 4032 ignavi
774 3980 898 4020 esse
927 3983 1025 4021 sua
1061 3977 1253 4036 sponte
1286 3968 1535 4037 cupiunt.
1577 3968 1713 4021 Cum
1758 3967 1927 4037 igitur
1958 3982 2074 4019 ma-

487 4055 844 4112 nifestissime
891 4060 1156 4114 hactenus
1204 4062 1640 4115 demonstratum
1694 4060 1787 4126 sit,
1839 4067 2070 4112 mortem

489 4146 696 4201 homini
733 4166 838 4204 non
870 4152 995 4203 mali
1029 4169 1153 4205 esse
1198 4166 1364 4205 causa
1400 4153 1565 4204 ullius
1598 4150 1879 4213 ittﬂit'tatll,
1912 4165 2075 4217 opor-

490 4246 566 4290 tet
592 4247 651 4292 ut
684 4241 943 4311 deinceps
980 4244 1070 4311 qui
1117 4260 1222 4296 non
1254 4244 1320 4296 ad
1369 4246 1482 4298 lucc
1519 4244 1853 4310 negligenter
1902 4249 2075 4295 atten-

490 4334 663 4394 derit,
717 4350 1008 4403 corporum
1085 4336 1539 4389 resurrectionem
1600 4335 1878 4402 intelligat.
1936 4333 2070 4386 Nam

2237 3512 2312 3563 Δι’
2341 3508 2625 3581 ἀκριϐείας
2649 3508 2747 3579 μὲν
2775 3504 2867 3562 οὖν
2889 3508 3016 3578 περὶ
3048 3506 3253 3559 τούτων
3282 3503 3532 3571 διεξιέναι
3561 3503 3627 3554 τά
3658 3502 3752 3554 νῦν

2169 3601 2353 3654 ἱκανὸν
2391 3600 2456 3653 ἂν
2482 3600 2691 3669 γένοιτο
2730 3599 2861 3651 αὐτὸ
2888 3599 3009 3651 καθ’
3043 3598 3206 3651 ἑαυτὸ
3242 3597 3399 3667 μόνον
3421 3595 3600 3664 ἔργον.
3643 3595 3752 3646 Καὶ

2166 3692 2275 3763 γάρ
2304 3694 2530 3761 γελοῖον,
2554 3688 2985 3758 καταλείψαντάς
3018 3704 3109 3739 σου
3130 3687 3227 3756 τὴν
3252 3685 3463 3753 σκέψιν,
3492 3678 3559 3753 ἧς
3590 3684 3751 3735 ἕνεκα

2168 3784 2372 3854 ταύτην
2436 3782 2820 3853 ἐστειλάμεθα,
2846 3783 2925 3843 εἰς
2951 3779 3087 3835 ἀλλα
3114 3777 3375 3850 μετιέναι.
3417 3774 3603 3828 Ταῦτα
3642 3776 3756 3847 γάρ

2168 3879 2302 3947 ἡμῖν
2340 3876 2554 3947 εἴρηται
2584 3875 2673 3928 διὰ
2694 3876 2801 3927 τῶν
2821 3872 3285 3927 ὲθελοκακούντων
3300 3869 3539 3940 τιμωρὸν
3573 3868 3753 3936 δίκην.

2183 3967 2619 4037 ’Λποδειχθέντος
2665 3965 2844 4019 τοίνυν
2892 3964 3214 4034 ὲνδηλότατα
3261 3962 3350 4015 τὸν
3388 3961 3613 4013 θάνατον
3676 3959 3757 4029 τῷ

2170 4057 2441 4129 ἀνθρώπῳ
2472 4055 2983 4127 μεμηχανῆσθαιμὴ
3013 4054 3105 4105 ἐπὶ
3135 4052 3290 4122 κακῷ
3322 4068 3448 4115 τινι,
3485 4049 3621 4101 ἀλλά
3646 4050 3755 4118 χρὴ

2170 4155 2354 4207 λοιπὸν
2391 4154 2483 4205 τὸν
2516 4154 2589 4222 μὴ
2614 4152 2829 4220 φαύλως
2851 4150 3060 4211 τούτοις
3098 4148 3458 4215 ὲγκύπτοντα,
3492 4145 3620 4213 περὶ
3654 4148 3754 4213 τῆς

2170 4244 2517 4305 ἀναστάσεως
2547 4245 2686 4294 νοεῖν
2709 4241 2802 4293 τοῦ
2832 4240 3101 4309 σώματος.
3140 4238 3263 4299 Πῶς
3295 4236 3403 4306 γὰρ
3429 4235 3527 4287 οὐκ
3555 4234 3752 4301 ὠφέλι-

2180 4352 2277 4405 μος
2315 4335 2343 4385 ὁ
2372 4333 2629 4394 Θάνατος,
2682 4329 3008 4399 διαφθείρων
3045 4327 3203 4397 ἡμῶν
3246 4327 3315 4377 τά
3360 4323 3611 4394 ληϊζοντα
3655 4324 3755 4383 τὴν

491 4443 673 4481 nonne
703 4427 781 4479 vel
811 4443 876 4480 eo
915 4427 1133 4481 nomine
1176 4428 1325 4482 utilis
1360 4443 1509 4481 mors
1544 4436 1647 4486 est,
1679 4442 1773 4495 per
1805 4441 1967 4495 quam
2006 4441 2062 4478 ea

2177 4403 2377 4495 φύσιν;
2423 4425 2471 4475 εί
2516 4424 2610 4476 καὶ
2656 4421 2807 4492 παρά
2840 4422 2932 4473 τὸν
2972 4419 3162 4489 καιρὸν
3214 4416 3477 4485 ἐπαχθὴς,
3523 4414 3642 4466 καθ’
3697 4415 3758 4466 ὃν

492 4514 866 4585 proﬂigantur,
899 4530 1019 4583 qua:
1069 4526 1323 4570 naturam
1382 4525 1629 4569 nostram
1663 4514 2069 4582 quodammodo

492 4609 828 4680 praedantur?
843 4608 1083 4663 Tametsi
1104 4623 1212 4677 quo
1233 4616 1475 4677 tempore
1490 4609 1647 4662 nobis
1665 4608 1916 4669 inlertur,
1938 4623 2069 4660 nou-

493 4703 627 4755 nihil
663 4701 890 4755 molesta
921 4700 1193 4760 videatur,
1226 4701 1373 4754 velut
1409 4700 1866 4754 medicamentum
1889 4698 2068 4769 quod-

491 4794 638 4855 dam,
668 4792 812 4862 quod
844 4793 1126 4861 mgrotanti
1181 4792 1585 4845 amarissimum
1633 4791 1922 4860 praebetur.
1961 4790 2064 4844 Sed

493 4900 558 4936 ne
583 4882 771 4937 eadem
808 4883 1005 4950 saepius
1036 4881 1103 4935 de
1126 4882 1315 4934 eodem
1348 4888 1671 4950 argumento
1694 4880 2057 4949 disputemus,

2176 4515 2580 4587 προσφέρεσθαι
2608 4514 2774 4573 δοκεῖ,
2807 4512 3057 4581 καθάπερ
3083 4508 3482 4579 αὐστηρότατον
3509 4505 3756 4559 νοσοῦντι

2175 4610 2486 4679 φάρμακον.
2540 4606 2651 4660 Καὶ
2707 4605 2795 4658 ἵνα.
2842 4602 2917 4673 μὴ
2942 4600 3199 4662 πολλάκις
3231 4599 3301 4651 τὰ
3329 4598 3466 4650 αὺτά
3490 4597 3617 4667 περὶ
3642 4597 3755 4648 τῶν

2174 4697 2351 4750 αὐτῶν
2380 4694 2779 4765 διαλεγώμεθα,
2815 4693 2947 4764 φέρε
2983 4692 3077 4745 καὶ
3098 4689 3205 4743 ἀπὸ
3234 4690 3332 4759 τῆς
3347 4688 3489 4758 ᾠδῆς
3517 4686 3609 4739 τοῦ
3631 4689 3755 4740 Δευ-

2173 4789 2488 4860 τερονομίου
2536 4784 2933 4855 βεϐαιώσαντες
2973 4782 3067 4834 τὸν
3106 4781 3282 4849 λόγον,
3324 4778 3490 4848 ἴωμεν
3529 4778 3597 4831 τά
3626 4778 3756 4848 έξῆς

2169 4879 2397 4948 διαληψό
2404 4894 2575 4949 μενοι.

493 4993 591 5040 age
622 4992 771 5036 vero,
804 4975 897 5026 ubi
930 4991 993 5027 ex
1027 4972 1429 5026 Denteronomii
1449 4973 1684 5034 cantico,
1706 4972 1851 5040 quod
1876 4988 1906 5025 a
1936 4973 2094 5027 nobis
2124 4972 2332 5026 dictum
2361 4981 2443 5025 est
2470 4969 3034 5040 comprobaverimus,
3066 4964 3131 5018 ad
3153 4964 3362 5031 reliqua
3387 4972 3754 5016 transeamus.

564 5067 726 5121 XXX.
756 5067 877 5121 llazc
929 5070 1071 5122 cnim
1125 5067 1288 5121 verba
1326 5086 1338 5120 :
1375 5066 1486 5137 Ego
1535 5067 1769 5120 occidam
1828 5076 1874 5121 et
1907 5068 2073 5120 vivere

492 5160 723 5230 faciam;
779 5162 1093 5230 percutiant,
1149 5169 1199 5214 et
1245 5177 1337 5230 ego
1377 5159 1599 5223 satiabo,
1642 5168 1691 5214 et
1739 5176 1843 5213 non
1886 5160 2076 5229 estqui

2243 5070 2321 5121 A'.
2348 5068 2421 5120 Τὸ
2446 5067 2576 5137 γάρ,
2613 5064 2759 5134 Ἐγὼ
2804 5060 3131 5123 ἀποκτενῶ,
3174 5060 3270 5112 καὶ
3321 5057 3429 5125 ζῇν
3479 5055 3752 5120 ποιήσω·

2173 5158 2437 5222 πατάξω,
2479 5155 2641 5227 κάγὼ
2693 5154 2970 5223 ἰάσομαι·
3034 5152 3129 5203 καί
3172 5152 3281 5203 οὐκ
3317 5150 3490 5202 ἔστιν
3522 5147 3590 5212 ὃς
3655 5148 3754 5211 ἐξ-

492 5263 641 5306 eruat
666 5253 728 5306 de
755 5254 995 5307 manibus
1011 5254 1135 5308 meis
1154 5258 1196 5319 ⁵,
1233 5269 1352 5323 qua:
1371 5269 1399 5305 a
1427 5251 1537 5307 Deo
1554 5252 1923 5323 proferuntur,
1944 5252 2062 5321 quid

2171 5250 2391 5304 ελεῖται
2416 5249 2484 5301 ἐκ
2501 5246 2619 5300 τῶν
2635 5244 2847 5316 χειρῶν
2851 5261 2990 5313 μου,
3009 5241 3303 5311 λεγόμενον
3340 5237 3444 5291 ὑπὸ
3472 5235 3563 5288 τοῦ
3592 5235 3753 5301 Θεοῦ,

495 5344 639 5397 aliud
668 5360 767 5398 nos
797 5343 1014 5407 docent,
1036 5345 1138 5399 nisi
1162 5345 1301 5399 obid
1323 5360 1524 5414 corpus
1553 5343 1785 5398 interﬁci
1813 5344 2072 5413 prinnnn,

496 5443 658 5503 atque
696 5436 888 5500 emori,
926 5445 981 5491 ut
1026 5443 1214 5505 postea
1254 5443 1505 5505 resurgat
1542 5445 1705 5505 atque
1733 5433 2070 5489 reviviscat?

498 5526 811 5598 Pgmtitur
876 5531 930 5585 in
967 5530 1158 5599 primis
1190 5545 1255 5583 ac
1303 5529 1699 5602 confringitur,
1756 5537 1814 5580 ut
1864 5528 2074 5581 salvum

578 5687 595 5719 ⁸
625 5683 760 5741 Dan.
794 5688 967 5753 xu,2.
1042 5688 1061 5717 ³
1092 5684 1223 5741 ibid.
1257 5686 1309 5740 3.
1390 5686 1409 5717 ³
1444 5684 1601 5740 Ilom.
1636 5700 1713 5746 ιι.
1746 5682 1835 5740 20.
1915 5682 1934 5714 ⁸⁵
1964 5682 2062 5738 Det

2164 5695 2333 5746 xxxn,
2370 5679 2459 5734 39.

2172 5341 2224 5393 τί
2250 5341 2375 5395 ἀλλο
2405 5338 2674 5392 διδάσκειν
2709 5335 2975 5405 βούλεται,
3011 5333 3044 5403 ἦ
3079 5333 3159 5384 ὅτι
3198 5330 3283 5383 διὰ
3318 5329 3474 5381 τοῦτο
3502 5327 3560 5379 τὸ
3589 5326 3751 5396 σῶμα

2174 5432 2390 5503 πρῶτον
2423 5430 2832 5490 ἀποκτίννυται,
2880 5426 2975 5479 καὶ
3013 5425 3258 5494 θνήσκει,
3311 5422 3399 5475 ἵνα
3428 5416 3583 5481 αὖθις
3619 5420 3753 5472 ἀνα-

2175 5523 2344 5593 σταθῇ
2370 5521 2464 5574 καὶ
2497 5519 2672 5593 (non;
2712 5517 3053 5570 Πατάσσεται
3098 5514 3312 5584 πρῶτον
3341 5513 3433 5566 καὶ
3466 5510 3764 5585 θραύεταιι

2539 5679 2559 5710 ⁵
2582 5675 2644 5731 F.
2673 5672 3036 5743 ὲκθρὲψαντα.
