4082 6394
296 306 432 359 1117

948 302 1320 360 ADVERSUS
1360 303 1701 362 HERESES
1738 306 1867 361 LIB.
1911 305 1973 364 ll.
2017 306 2181 365 TOM.
2223 311 2263 364 Ι.
2300 342 2369 351 —-
2412 310 2689 367 ll/ERES.
2732 310 2916 367 LXIV.

3401 317 3541 375 HIS

295 427 382 480 ῐνα
406 419 558 487 αὖθις
614 421 750 475 σῶον
800 422 1013 497 πλασθῇ
1060 426 1154 479 καὶ
1186 425 1356 495 ὑγιές.
1379 427 1490 481 Καὶ
1519 428 1669 483 οὐδὲν
1691 427 1868 493 ἐξελέ-

1975 427 2235 501 deinceps
2286 431 2670 501 integrumque
2719 430 3003 485 formetur.
3053 428 3165 485 Nec
3207 440 3291 486 est
3320 434 3546 489 omnino

294 518 417 571 σθαι
436 517 571 579 δολως
589 515 649 569 τὸ
673 513 889 569 σύνολον
904 518 1002 586 τῆς
1024 518 1264 589 μεγάλης
1294 518 1387 572 καὶ
1408 521 1675 590 κραταιᾶς
1703 517 1866 572 αὑτοῦ

292 607 473 678 χειρὸς
509 606 645 679 πρὸς
686 605 962 661 ἀπώλειαν
1013 608 1107 661 καὶ
1158 609 1376 681 ὃλεθρον
1406 611 1601 675 σθένει,
1637 611 1699 663 οὐ
1734 612 1864 681 πῦρ,

292 699 353 750 οὐ
375 697 621 760 θάνατος,
650 696 710 749 οὐ
741 696 950 760 σκότος,
1004 698 1065 750 οὐ
1096 698 1244 767 χάος,
1290 699 1350 751 οὐ
1388 699 1583 771 φθορά.
1639 702 1732 767 Τίς
1759 700 1868 770 γὰρ

292 788 469 858 ἡμᾶς,
520 788 675 859 φησὶ,
723 789 965 857 χωρίσει
1024 787 1139 842 ἀπὸ
1192 787 1300 856 τῆς
1327 788 1566 859 ἀγάπης
1605 790 1713 844 τοῦ
1738 792 1871 857 Χρι-

291 881 444 935 στοῦ
470 897 488 943 ;
518 881 576 944 ὃς
604 879 963 951 ἑρμηνεύεται
1015 880 1135 950 χεὶρ
1167 878 1261 932 τοῦ
1297 879 1508 950 Πατρὸς
1546 880 1641 933 καὶ
1676 880 1866 947 Λόγος.

293 973 528 1041 satu-lc,
586 972 624 1039 ἣ
672 971 1057 1039 στενοχωρία,
1100 969 1139 1038 ἢ
1178 969 1448 1040 διωγμὸς,
1511 971 1550 1038 ἢ
1586 970 1780 1039 λιμὸς,
1822 971 1860 1037 ἢ

290 1066 608 1132 γυμνότης.
656 1064 695 1133 ἢ
741 1064 1048 1129 κίνδυνος,
1110 1063 1147 1131 ἢ
1190 1063 1491 1133 μάχαιρα;
1526 1064 1729 1130 Καθὼς
1777 1066 1869 1135 γέ-

291 1173 564 1227 γραπται,
594 1155 684 1209 ὅτι
730 1155 938 1209 ἕνεκεν
978 1154 1096 1208 σοῦ
1136 1156 1543 1224 θανατούμεθα
1564 1155 1717 1223 ὅλην
1758 1156 1871 1223 τὴν

290 1248 539 1316 ἡμέραν,
568 1246 965 1315 ἐλογίσθημεν
989 1246 1069 1311 ὡς
1090 1246 1353 1311 πρόϐατα
1381 1243 1644 1313 σφαγῆς.
1707 1245 1869 1298 Ἀλλ’

289 1340 360 1392 ἐν
378 1340 606 1403 τούτοις
638 1335 826 1391 πᾶσιν
840 1334 1249 1404 ὑπερνικῶμεν
1272 1333 1371 1387 διὰ
1394 1333 1499 1387 τοῦ
1520 1334 1865 1404 ἀγαπήσαν-

290 1447 395 1495 τος
433 1428 589 1497 ἡμᾶς
612 1445 626 1458 ·
658 1427 1019 1499 ἀληθέστατα,
1050 1426 1135 1478 ἵνα
1180 1423 1462 1495 πληρωθῇ,
1498 1422 1679 1487 καθὼς
1712 1424 1866 1492 ἔφην,
1894 1452 1898 1469 .

289 1522 375 1586 τὸ,
410 1519 557 1589 Ἐγὼ
612 1515 942 1581 ἀποκτενῶ,
998 1514 1097 1568 καὶ
1152 1512 1259 1583 ζῇν
1297 1512 1531 1579 ποιήσω
1560 1528 1574 1541 ⁸
1605 1513 1866 1577 πατάξω,

292 1609 451 1680 κάγὼ
485 1608 745 1678 ἰάσομαι.
796 1606 907 1661 Καὶ
960 1608 1071 1659 οὐκ
1100 1606 1270 1659 ἔστιν
1309 1603 1377 1669 ὃς
1396 1603 1685 1666 ἐξελεῖται
1712 1602 1870 1672 ἡμᾶς

291 1704 362 1757 ἐκ
388 1702 498 1771 τῆς
540 1700 775 1770 ἀγάπης
793 1699 897 1752 τοῦ
955 1697 1103 1751 Θεοῦ
1142 1696 1253 1765 τῆς
1292 1698 1362 1750 ἑν
1398 1696 1630 1764 Χριστῷ
1674 1695 1869 1762 Ἰησοῦ

293 1794 431 1865 πρὸς
473 1791 764 1846 ἀπώλειαν.
818 1790 909 1842 Διὸ
941 1790 1034 1842 καὶ
1071 1788 1470 1857 ἐλογίσθημεν
1499 1788 1579 1851 ὡς
1607 1789 1868 1855 πρόϐατα

290 1885 564 1955 σφαγῆς·
603 1885 703 1937 ἵνα
752 1883 1158 1945 ἀποθανόντες
1202 1878 1277 1946 τῇ
1313 1880 1565 1947 ἁμαρτίᾳ
1602 1876 1868 1946 ζήσωμεν

288 1977 373 2043 τῷ
397 1975 537 2041 Θεῷ.
572 1977 681 2029 Καὶ
708 1973 880 2027 ταῦτα
908 1973 1006 2043 μὲν
1039 1972 1200 2043 μέχρι
1234 1969 1487 2023 τοσούτου
1524 1968 1825 2037 διεσκέφθω
1848 1986 1863 2000 ο

291 2070 363 2123 τὰ
392 2070 449 2122 δὲ
472 2068 666 2139 συνεχῆ
689 2067 897 2128 τούτοις
925 2058 1026 2118 ὦδε
1057 2063 1220 2117 πάλιν
1243 2062 1671 2133 προχειριστέον.

359 2161 485 2214 ΔΑ’.
519 2161 581 2212 Ei
626 2160 733 2211 πᾶν
765 2158 823 2210 τὸ
867 2155 1201 2225 γεννώμενον
1245 2156 1410 2206 νοσεῖ·
1447 2154 1719 2224 προτείνει
1755 2152 1864 2223 γὰρ

286 2249 461 2314 οὕτως
484 2251 512 2302 ὁ
538 2249 597 2314 ἐξ
618 2249 861 2310 ἐναντίας
877 2247 1028 2299 "Kal
1062 2244 1199 2298 κατά
1223 2245 1321 2315 τὴν
1350 2244 1581 2312 γένεσιν,
1603 2244 1697 2296 καὶ
1726 2242 1868 2295 κατά

287 2344 389 2413 τὴν
418 2342 623 2413 τροφὴν
668 2341 776 2395 ἀπὸ
818 2340 926 2393 τῶν
976 2339 1338 2410 προσιόντων,
1389 2336 1573 2407 φησιν,
1619 2334 1863 2401 αὔξεται,

289 2436 386 2488 καὶ
412 2434 522 2487 ἀπὸ
547 2433 656 2487 τῶν
692 2432 960 2486 ἀπιόντων
993 2429 1330 2483 ἐλαττοῦταιο
1360 2428 1429 2480 τά
1464 2427 1519 2480 δὲ
1553 2426 1627 2497 μὴ
1665 2425 1866 2495 γεννώ-

293 2541 434 2595 μενα
467 2522 719 2592 ὑγιαίνει,
752 2521 885 2591 μηδέ
918 2522 1084 2583 νοσεῖ,
1124 2519 1260 2589 μηδέ
1306 2517 1639 2587 προσδεῖται,
1676 2517 1708 2587 ἢ
1748 2517 1867 2567 ἐπι-

291 2617 474 2685 θυμεῖο
507 2614 765 2684 ἐπιθυμεῖ
794 2613 853 2666 δὲ
881 2613 947 2666 τά
974 2610 1289 2680 γεννώμενα
1317 2610 1410 2662 καὶ
1440 2609 1746 2672 συνουσίας,
1771 2609 1865 2661 καὶ

288 2706 521 2776 τροφῆς.
548 2705 621 2757 Τὸ
661 2704 712 2757 δέ
741 2703 1029 2774 ἐπιθυμεῖν
1061 2704 1232 2756 νοσεῖν
1264 2703 1415 2763 ἐστι,
1452 2702 1512 2753 τὸ
1559 2700 1617 2753 δὲ
1654 2701 1727 2770 μὴ
1761 2700 1867 2752 δεῖ-

291 2799 438 2863 σθαι,
471 2796 604 2868 μηδέ
645 2795 953 2866 ἐπιθυμεῖν,
986 2795 1271 2862 ὑγιαίνειν·
1303 2796 1451 2846 νοσεῖ
1479 2793 1535 2846 δὲ
1566 2792 1634 2846 τὰ
1665 2791 1866 2860 γεννώ-

292 2904 449 2957 μενα,
483 2886 564 2939 ὅτι
606 2884 896 2954 ἐπιθυμεῖ,
925 2884 992 2936 τά
1019 2884 1075 2935 δὲ
1127 2884 1199 2953 μὴ
1238 2882 1551 2953 γεννώμενα
1592 2883 1653 2934 οὐ
1698 2884 1862 2936 νοσεῖ.

289 2978 494 3049 Πάσχει
530 2976 585 3029 δὲ
630 2976 700 3029 τά
744 2976 1001 3029 νοσοῦντα
1050 2973 1082 3042 ἧ
1128 2974 1268 3027 κατά
1335 2974 1538 3044 πλῆθος
1584 2975 1615 3043 ἢ
1657 2974 1863 3027 ἔνδειαν

1970 519 2289 590 quidquam,
2345 520 2490 590 quod
2550 521 2618 574 ab
2656 520 2862 590 ingenti
2923 521 3070 575 illius
3104 520 3338 591 fortique
3381 539 3542 577 manu

1969 627 2071 666 nos
2103 611 2169 666 ad
2193 612 2472 667 interitum
2503 628 2566 667 ac
2599 614 2896 683 perniciem
2921 614 3095 683 possit
3121 615 3359 670 eximere
3386 632 3399 668 :
3431 634 3541 672 non

1971 704 2132 772 ignis,
2164 719 2271 757 non
2297 720 2464 767 mors,
2501 720 2612 758 non
2640 705 2896 766 tenebrae,
2928 721 3035 759 non
3061 705 3248 772 chaos,
3285 722 3391 761 non
3421 723 3545 762 cor-

1969 796 2170 863 ruptio.
2211 793 2341 858 Quis
2390 795 2527 847 enim
2551 812 2645 848 nos
2679 796 2964 863 separabit,
2996 796 3195 866 inquit,
3226 815 3257 850 a
3284 798 3544 853 cliaritate

1970 884 2207 938 Christi?
2229 885 2386 955 553
2416 901 2574 951 quem
2604 885 2782 941 Patris
2804 902 3022 941 manum
3042 903 3105 941 ac
3121 887 3352 943 Verbum
3377 890 3545 944 inter-

1972 985 2267 1045 pretamur.
2304 976 2637 1031 Tribulatio?
2659 987 2751 1029 aut
2789 980 3079 1045 angustia?
3104 988 3194 1031 aut
3214 983 3500 1047 persecutio
3518 983 3545 1037 .’

1970 1072 2061 1115 aut
2079 1063 2246 1131 fames
2266 1067 2291 1119 τ’
2320 1074 2410 1117 aut
2439 1065 2652 1118 auditas
2674 1068 2698 1120 ?
2724 1076 2815 1118 aut
2836 1068 3167 1135 periculum?
3199 1071 3546 1139 autgladius.’

1969 1155 2406 1223 quemadmodum
2458 1157 2711 1223 scriptum
2768 1168 2845 1212 est
2876 1158 3184 1224 :Quoniam
3230 1170 3441 1230 propter
3494 1172 3544 1217 te

1972 1248 2359 1311 mortiﬁcamur
2417 1248 2680 1317 quotidie;
2730 1250 2984 1304 aestimati
3025 1267 3231 1317 sumus,
3259 1254 3395 1306 sicut
3427 1270 3543 1307 oves

1969 1338 2265 1390 occisionis.
2290 1336 2394 1391 Sed
2418 1340 2469 1391 in
2494 1338 2574 1391 his
2604 1339 2842 1392 omnibus
2861 1354 3169 1407 superamus
3203 1357 3291 1406 per
3305 1357 3422 1395 eum
3455 1343 3547 1411 qui

1969 1442 2063 1478 nos
2092 1427 2276 1481 dilexit
2306 1430 2350 1482 ’.
2376 1427 2675 1483 Verissime
2700 1430 2945 1493 omnino,
2981 1437 3041 1483 ut
3070 1431 3198 1484 illud
3231 1432 3539 1501 impleatur,

1969 1519 2425 1586 quemadmodum
2451 1504 2690 1575 diximus
2715 1536 2729 1573 :
2765 1520 2873 1589 Ego
2900 1520 3159 1585 occidam,
3188 1532 3235 1576 et
3258 1540 3349 1593 ego
3380 1524 3544 1577 vivere

1970 1610 2199 1678 faciam;
2220 1612 2534 1676 percutiam,
2561 1624 2609 1664 et
2642 1629 2735 1682 ego
2750 1615 2970 1677 sanabo,
2995 1624 3042 1669 et
3065 1632 3166 1667 non
3193 1624 3269 1668 est
3293 1617 3543 1686 quieruat

1971 1716 2064 1753 nos
2096 1716 2160 1754 ex
2197 1700 2456 1755 charitate
2512 1701 2630 1767 Dei,
2700 1720 2816 1771 qua:
2848 1715 2923 1758 est
2968 1706 3021 1757 in
3053 1704 3263 1760 Christo
3288 1705 3437 1768 Jesu,
3473 1709 3539 1761 ad

1970 1791 2195 1845 exitium
2244 1792 2517 1846 videlicet.
2580 1791 2848 1857 Quocirca
2903 1797 3156 1850 wstimati
3193 1814 3374 1851 sumus
3406 1800 3543 1851 sicut

1968 1898 2083 1936 oves
2114 1883 2408 1949 occisionis,
2432 1893 2489 1935 ut
2516 1887 2709 1939 mortui
2734 1896 2944 1953 peccato
2969 1888 3199 1941 vivamus
3223 1889 3328 1941 Deo
3362 1890 3409 1942 ³.
3435 1890 3540 1942 Sed

1968 1973 2035 2026 de
2094 1973 2180 2027 his
2220 1973 2501 2028 hactenus.
2545 1974 2699 2031 Nunc
2752 1992 2872 2045 quae
2905 1978 2993 2031 his
3034 1988 3402 2035 consentanea
3434 1980 3546 2037 sint

1969 2065 2113 2119 hunc
2142 2066 2193 2119 in
2224 2067 2443 2119 modum
2472 2068 2839 2136 expromenda
2872 2077 3020 2123 sunt.

2037 2156 2226 2210 XXXI.
2259 2157 2314 2210 Si
2354 2159 2405 2211 id
2443 2174 2625 2220 omne,
2666 2159 2813 2228 quod
2842 2161 3080 2230 genitum
3112 2168 3214 2231 est,
3256 2178 3398 2232 mgre
3423 2178 3543 2218 sese

1968 2246 2147 2301 habet.
2184 2248 2257 2299 Ita
2291 2248 2435 2300 enim
2465 2250 2813 2303 adversarius
2847 2250 3039 2318 objicit
3074 2269 3086 2303 :
3116 2252 3193 2305 Ac
3223 2260 3330 2303 tam
3363 2252 3416 2304 in
3448 2267 3542 2321 ge-

1967 2338 2252 2392 neratione
2282 2340 2419 2407 ipsa,
2454 2355 2618 2408 quam
2654 2342 2953 2406 nutricatu,
2981 2352 3032 2396 et
3059 2343 3128 2396 ab
3158 2343 3546 2399 accedentibus

1967 2438 2214 2499 augetur,
2249 2439 2302 2484 et
2337 2432 2404 2484 ab
2438 2431 2829 2486 decedentibus
2870 2433 3171 2499 minuitur;
3208 2450 3327 2504 quae
3361 2441 3541 2489 autem

1918 2560 1921 2561 ν
1968 2522 2193 2575 minime
2249 2522 2563 2591 gignuntur,
2611 2523 2969 2580 saluberrima
3023 2535 3172 2588 sunt,
3228 2540 3328 2581 nec
3371 2540 3542 2594 aegro-

1966 2620 2081 2665 tant
2117 2627 2383 2681 unquam,
2441 2628 2616 2682 neque
2666 2615 2831 2669 ullius
2882 2616 2960 2670 rei
3007 2616 3273 2684 indigent,
3325 2623 3417 2669 aut
3450 2631 3542 2684 ap-

1966 2712 2189 2773 petunt;
2236 2718 2356 2772 qua:
2392 2711 2571 2757 autem
2602 2707 2782 2772 genita
2824 2713 2974 2768 sunt,
3018 2714 3071 2760 et
3105 2707 3333 2771 coitum,
3364 2713 3417 2760 et
3449 2706 3541 2759 ali-

1967 2801 2209 2846 mentum
2236 2801 2502 2861 appetunt
2538 2811 2551 2846 :
2593 2802 2677 2849 est
2708 2804 2888 2850 autem
2921 2805 3177 2866 appetere
3211 2797 3352 2851 idem
3385 2805 3543 2866 atque

1964 2884 2623 2954 agrotare;econtrario
2675 2900 2804 2938 vero
2859 2886 3062 2939 nullius
3122 2886 3388 2956 indigere,
3446 2900 3542 2938 nec

1966 2982 2242 3045 appetere,
2281 2976 2421 3028 idem
2463 2982 2548 3029 est
2578 2990 2641 3028 ac
2675 2992 2868 3030 sanum
2909 2993 3060 3042 esse;
3096 2984 3357 3047 a‘grotant
3384 2992 3550 3046 porro

286 3068 397 3120 τῶν
427 3065 866 3138 προσγινομένων
901 3065 995 3117 καὶ
1027 3062 1455 3133 ἀπογινομένων*
1484 3063 1545 3114 τὸ
1571 3063 1627 3115 δὲ
1657 3063 1863 3133 πάσχον

1969 3082 2301 3137 quascunque
2329 3074 2453 3119 nata
2483 3074 2631 3129 sunt,
2663 3067 2791 3135 quia
2821 3068 3249 3136 concupiscunt;
3279 3084 3399 3137 qua:
3420 3082 3551 3121 vero

289 3158 386 3213 καὶ
415 3158 588 3227 φθίνει
618 3158 713 3209 καὶ
737 3155 1053 3209 ἀπόλλυται·
1081 3154 1272 3224 διόπερ
1301 3154 1395 3206 καὶ
1432 3155 1706 3221 γεννᾶται.
1738 3153 1865 3204 Γεν-

287 3251 445 3304 νᾶται
473 3249 529 3301 δὲ
556 3251 584 3302 ὁ
623 3247 940 3318 ἄνθρωπος·
975 3247 1033 3299 οὐ
1076 3245 1294 3299 δύναται
1327 3245 1431 3315 ἄρα
1482 3245 1694 3314 ἀπαθὴς
1728 3241 1866 3297 εἶναι

286 3343 318 3394 ὁ
348 3339 631 3411 ἄνθρωπος
674 3340 768 3393 καὶ
799 3339 1082 3401 ἀθάνατος.
1138 3338 1483 3391 Καταπίπτει
1526 3338 1623 3408 μὲν
1651 3333 1743 3391 οὖν
1772 3340 1866 3390 καὶ

293 3433 388 3485 ἐπὶ
413 3431 624 3495 τούτοις
662 3432 845 3493 αὐτοῖς
880 3432 908 3483 ὁ
936 3430 1111 3498 λόγος.
1152 3432 1212 3482 El
1245 3430 1353 3501 γὰρ
1382 3432 1487 3482 πᾶν
1524 3431 1585 3482 τὸ
1611 3430 1867 3500 γιγνόμεο

290 3540 402 3588 νον,
442 3522 476 3593 ἢ
521 3521 861 3591 γεννώμενον
907 3522 1204 3574 ἀπόλλυται
1246 3521 1507 3591 (διαφέρει
1562 3521 1667 3590 γὰρ
1719 3521 1867 3574 οὐδὲν

288 3614 463 3677 οὕτως
497 3615 691 3667 εἰπεῖν’
720 3613 906 3681 ἐπειδὴ
936 3613 1028 3665 καὶ
1053 3614 1103 3663 οἱ
1136 3612 1551 3683 πρωτόπλαστοι
1582 3612 1681 3665 οὑκ
1711 3613 1866 3681 ἐγεν-

290 3705 551 3776 νήθησαν,
584 3704 696 3757 ἀλλ’
732 3703 1115 3775 ἐγενήθησαν)·
1147 3705 1363 3773 γενητοὶ
1401 3703 1458 3756 δὲ
1498 3704 1593 3756 καὶ
1623 3705 1670 3756 οἱ
1701 3705 1866 3772 ἄγγες-

289 3797 392 3862 λοι,
424 3798 515 3850 καὶ
543 3798 599 3850 αἱ
631 3795 801 3865 ψυχαὶ
852 3796 938 3865 (Ὀ
971 3794 1157 3848 ποιῶν
1186 3794 1326 3859 τοὺς
1359 3794 1650 3862 ἀγγέλους
1681 3794 1867 3848 αὺτοῦ

292 3886 641 3956 πνεύματα)·
674 3886 1000 3939 ἀπόλλυνται
1030 3884 1137 3955 ἄρα
1168 3886 1216 3937 οἰ
1248 3884 1466 3952 ἄγγελοι
1495 3887 1615 3936 κατ’
1646 3885 1865 3947 αὐτοὺς,

292 3978 385 4031 καὶ
414 3978 469 4030 αἱ
512 3976 696 4046 ψυχαί.
740 3975 899 4027 Ἀλλὰ
941 3974 1063 4027 οὔτε
1096 3976 1144 4025 οἱ
1175 3974 1423 4041 ἄγγελοι,
1452 3973 1575 4025 οὔτε
1611 3975 1667 4025 αἱ
1699 3974 1868 4042 ψυχαὶ

292 4069 640 4124 ἀπόλλυνται·
668 4066 911 4121 ἀθάνατα
933 4064 1042 4136 γὰρ
1063 4064 1234 4116 ταῦτα
1251 4065 1345 4116 καὶ
1361 4064 1665 4133 ἀδάμαστα,
1686 4064 1869 4127 καθὼς

290 4163 572 4231 ὁποιήσας
617 4155 757 4212 εἶναι
808 4156 1149 4228 βεϐούληται.
1210 4156 1499 4218 Ἀθάνατος
1550 4155 1659 4226 ἄρα
1701 4157 1793 4208 καὶ
1843 4155 1870 4207 ὀ

291 4253 595 4324 ἄνθρωπος.
629 4252 742 4303 Ούκ
770 4249 998 4321 ἀρεστὸν
1025 4249 1083 4301 δὲ
1117 4250 1325 4312 ἐκεῖνο,
1361 4247 1422 4299 τὸ
1453 4247 1629 4314 λέγειν
1662 4248 1740 4310 εἰς
1768 4247 1869 4319 ἀρ-

289 4345 388 4415 δην
425 4342 740 4397 ἀπολεῖσθαι
769 4342 827 4393 τὸ
862 4342 990 4406 πᾶν,
1050 4340 1144 4391 καὶ
1175 4339 1277 4408 γῆν
1317 4338 1412 4390 καὶ
1470 4337 1607 4408 ἀέρα
1646 4338 1739 4390 καὶ
1782 4339 1871 4389 ού-

1969 3159 2193 3214 minime
2240 3166 2368 3212 nata
2411 3166 2561 3222 sunt,
2599 3175 2707 3213 non
2751 3168 3038 3228 aegrotant.
3083 3158 3201 3213 Jam
3236 3175 3365 3214 vero
3395 3175 3548 3229 quaa-

1969 3266 2183 3321 cnnque
2203 3266 2343 3320 mgra
2385 3258 2535 3313 sunt,
2577 3266 2766 3305 eorum
2797 3266 2917 3320 qua:
2955 3251 3223 3305 accedunt
3252 3250 3553 3305 decedunt-

1967 3355 2053 3401 ve,
2085 3341 2240 3408 copia
2272 3340 2355 3393 vel
2393 3340 2579 3408 inopia
2621 3340 2904 3404 laborant;
2938 3341 3081 3410 quod
3118 3348 3296 3395 autem
3323 3342 3550 3410 patitur,

1970 3431 2248 3500 corrumpi
2285 3439 2448 3500 atque
2481 3431 2707 3485 interire
2734 3448 2960 3486 necesse
2989 3440 3095 3495 est,
3125 3433 3283 3502 cujus
3317 3434 3392 3488 rei
3426 3448 3550 3503 gra-

1970 3526 2045 3579 tia
2072 3526 2331 3595 gignitur.
2364 3523 2528 3593 Atqui
2564 3523 2727 3577 homo
2750 3525 3009 3594 gignitur.
3034 3524 3152 3578 Non
3180 3534 3358 3595 potest
3387 3526 3554 3596 igitur

1970 3618 2133 3670 homo
2164 3615 2438 3684 passionis
2468 3631 2663 3684 expers
2708 3624 2763 3668 et
2812 3616 3135 3670 immortalis
3173 3632 3314 3671 esse.
3348 3616 3548 3672 Verum

1970 3708 2055 3763 vel
2079 3708 2143 3760 iis
2161 3707 2295 3776 ipsis
2320 3707 2535 3760 illorum
2556 3708 2820 3773 evertitur
2836 3706 3032 3760 oratio.
3064 3706 3197 3760 Nam
3223 3708 3267 3760 si
3287 3707 3548 3776 quidquid

1970 3798 2295 3867 productum
2350 3805 2444 3850 aut
2495 3798 2740 3866 genitum
2787 3805 2903 3862 est,
2960 3797 3146 3850 interit
3181 3797 3339 3866 (nihil
3372 3807 3552 3851 autem

1972 3885 2160 3946 refert,
2199 3885 2245 3940 si
2279 3885 2351 3936 ita
2386 3884 2709 3945 dixerimus,
2755 3883 3012 3951 quoniam
3058 3883 3215 3951 primi
3248 3882 3420 3937 nostri
3452 3896 3552 3950 pa-

1972 3985 2158 4030 rentes
2182 3991 2287 4029 non
2313 3976 2479 4046 geniti
2510 3984 2659 4036 sunt,
2680 3974 2774 4029 sed
2798 3974 3091 4042 producti):
3122 3989 3245 4026 cum
3274 3981 3327 4027 et
3352 3973 3549 4042 angeli,

1974 4074 2027 4120 et
2067 4067 2262 4120 anima:
2305 4067 2587 4135 producta:
2626 4068 2735 4121 sint
2771 4067 3058 4135 (scriptum
3091 4073 3173 4120 est
3212 4066 3354 4119 enim
3398 4086 3411 4121 :
3447 4066 3554 4131 Qui

1975 4157 2102 4223 facit
2144 4156 2356 4225 angelos
2401 4172 2523 4209 suos
2566 4156 2784 4223 spiritus
2810 4155 2888 4223 ⁸),
2921 4169 2987 4207 ex
3030 4154 3244 4207 illorum
3296 4155 3553 4223 opinione

1972 4262 2315 4317 consequens
2346 4256 2448 4311 est,
2486 4254 2594 4299 tam
2624 4247 2868 4316 angelos,
2903 4262 3065 4314 quam
3104 4246 3316 4300 animas
3355 4246 3549 4315 perire.

1972 4340 2043 4392 At
2081 4354 2257 4407 neque
2297 4337 2494 4406 angeli,
2523 4353 2699 4406 neque
2726 4337 2919 4389 anima:
2951 4335 3230 4400 occidunt,
3257 4344 3384 4390 sunt
3406 4336 3553 4390 enim

298 4436 455 4513 ρανδν
496 4435 569 4505 μὴ
616 4432 855 4486 ἔσεσθαι.
903 4430 1382 4501 Ἐκπυρωθήσεται
1431 4430 1529 4500 μὲν
1576 4428 1684 4501 γὰρ
1732 4430 1868 4499 πρὸς

1974 4430 2311 4483 immortales
2330 4447 2344 4492 ;
2371 4444 2469 4482 nec
2490 4443 2519 4481 a
2542 4444 2815 4497 quoquam
2839 4428 3081 4482 cdomari
3106 4436 3351 4498 possunt,
3372 4444 3556 4498 quem-

292 4526 554 4597 κάθαρσιν
580 4524 674 4577 καὶ
706 4522 1093 4592 ἀνακαινισμὸν
1133 4521 1396 4584 καταϐὰς,
1434 4516 1478 4587 ᾦ
1512 4522 1621 4585 πᾶς
1660 4522 1675 4552 ¹
1710 4523 1737 4574 ὁ
1772 4521 1868 4573 κό-

294 4634 429 4695 σμος
478 4614 946 4683 κατακλυζόμενος
994 4612 1158 4684 πυρὶ,
1200 4612 1260 4664 οὐ
1316 4612 1422 4683 μὴν
1468 4613 1549 4675 εἰς
1596 4612 1872 4665 ἀπώλειαν

296 4706 569 4759 ἐλεύσεται
600 4704 835 4774 παντελῆ
887 4704 981 4757 καὶ
1022 4702 1248 4773 φθοράν.
1286 4703 1350 4755 Εἰ
1389 4701 1497 4772 γὰρ
1531 4705 1779 4774 κρεῖττον
1811 4701 1873 4754 τὸ

298 4797 374 4869 μὴ
420 4793 557 4851 εἶναι
606 4796 700 4849 τοῦ
752 4792 891 4848 εἶναι
944 4794 1037 4847 τὸν
1087 4794 1320 4864 κόσμον,
1370 4792 1461 4846 διὰ
1490 4793 1542 4844 τί
1589 4792 1649 4845 τὸ
1696 4794 1873 4863 χεῖρον

294 4890 476 4960 ᾑρεῖτο
508 4888 740 4958 ποιήσας
770 4885 859 4938 τὸν
889 4884 1092 4954 κόσμον
1127 4884 1155 4935 ὁ
1193 4882 1358 4947 Θεός;
1387 4882 1644 4946 Ματαίως
1668 4882 1875 4952 ἐχειρο-

295 4978 459 5032 ποίει.
496 4976 706 5030 Οὐκοῦν
735 4978 814 5039 είς
854 4974 919 5027 τὸ
968 4972 1104 5027 εἶναι
1154 4975 1248 5027 καὶ
1294 4975 1476 5045 μένειν
1504 4974 1601 5043 τὴν
1639 4974 1816 5026 κτίσιν
1845 4975 1874 5027 ὁ

295 5070 427 5133 Θεὸς
458 5069 873 5139 διεκοσμήσατο,
904 5065 1157 5136 καθάπερ
1186 5065 1279 5118 καὶ
1314 5067 1347 5134 ἡ
1382 5066 1550 5133 Σοφία
1576 5064 1641 5117 δι’
1671 5064 1708 5118 δι
1735 5082 1864 5117 συν-

298 5161 526 5229 ίττησιν,
564 5161 799 5211 ’Έκτισε
827 5158 936 5228 γὰρ
967 5160 1054 5223 εὶς
1100 5158 1167 5210 τὸ
1205 5154 1378 5221 εἶναι,
1411 5157 1667 5225 λέγουσα,
1726 5158 1868 5210 πάν-

296 5270 367 5306 τα
390 5254 422 5305 ό
451 5252 614 5315 Θεός·
645 5250 742 5302 καὶ
780 5248 1059 5317 σωτήριοι
1088 5251 1148 5302 αἱ
1185 5249 1454 5318 γενέσεις
1480 5249 1587 5302 τοῦ
1617 5251 1872 5320 κόσμου,

296 5343 395 5401 καὶ
423 5343 532 5396 οὐκ
559 5341 731 5394 ἐστιν
760 5341 830 5393 ἐν
852 5340 1061 5407 αὐταῖς
1089 5341 1404 5409 φάρμακον
1427 5340 1695 5407 ὀλέθρου.

1975 4521 2264 4575 admodum
2306 4521 2520 4573 illorum
2550 4519 2830 4573 Conditori
2865 4520 3087 4587 placuit.
3132 4517 3298 4588 Igitur
3330 4518 3553 4571 immor-

1975 4611 2103 4665 talis
2127 4622 2211 4665 est
2244 4610 2428 4663 homo.
2464 4608 2568 4664 Sed
2606 4626 2706 4663 nec
2738 4608 2869 4661 illud
2906 4624 3235 4679 magnopere
3267 4609 3470 4678 probo;
3507 4607 3555 4662 si

1978 4710 2032 4758 et
2065 4702 2309 4756 funditus
2336 4702 2437 4756 hoc
2468 4702 2782 4755 universum
2813 4702 3114 4771 periturum
3139 4716 3262 4755 esse
3281 4701 3553 4762 dicamus,

1974 4801 2029 4848 et
2063 4802 2287 4858 terram,
2316 4802 2479 4862 atque
2505 4807 2710 4855 aerem,
2741 4799 2796 4845 et
2825 4791 3023 4845 cceliun
3053 4791 3378 4860 quandoque
3403 4790 3561 4844 desi-‘

1973 4893 2178 4939 turum.
2223 4883 2505 4954 Siquidem
2552 4888 2702 4936 totus
2734 4880 2823 4934 hic
2850 4880 3110 4943 mundus,
3138 4886 3196 4934 ut
3224 4878 3443 4948 purgari
3472 4877 3554 4930 in-

1975 4976 2318 5045 staurarique
2359 4974 2552 5044 possit,
2585 4971 2992 5027 exundantibus
3033 4970 3266 5024 flammis
3301 4968 3554 5023 incendio

1975 5066 2350 5136 conflagrabit,
2390 5062 2552 5133 554
2580 5078 2686 5116 non
2722 5070 2901 5115 tamen
2939 5061 3181 5114 interibit
3210 5075 3273 5113 ac
3306 5074 3553 5112 corrum-

1975 5168 2135 5229 petur
2167 5158 2412 5211 omnino.
2454 5154 2665 5208 Etenim
2700 5156 2745 5206 si
2779 5152 3041 5206 mundum
3074 5167 3183 5206 non
3219 5166 3359 5211 esse,
3389 5164 3552 5219 quam

1978 5264 2102 5304 esse
2127 5248 2322 5302 melius
2351 5254 2455 5309 est,
2488 5261 2586 5299 cur
2616 5242 2762 5313 quod
2793 5242 3032 5297 deterius
3060 5252 3143 5297 est
3173 5242 3434 5295 mundum
3469 5240 3551 5292 fa-

1977 5339 2243 5395 bricando
2279 5339 2422 5394 Deus
2446 5339 2692 5406 eligeret,
2726 5352 2791 5392 ac
2825 5337 3027 5393 frustra
3073 5350 3212 5405 opus
3250 5336 3382 5389 illud
3423 5348 3553 5403 pro-

301 5437 553 5494 duceret?
591 5434 955 5509 Quamobrem
1016 5442 1075 5489 ut
1127 5442 1313 5488 essent
1366 5448 1430 5487 ac
1470 5443 1773 5497 manerent,
1824 5434 2074 5489 conditas
2130 5448 2161 5486 a
2206 5446 2266 5487 se
2306 5448 2395 5486 res
2440 5430 2583 5485 Deus
2639 5432 2951 5496 constituit;
2992 5430 3045 5483 id
3085 5428 3228 5497 quod
3275 5426 3551 5487 Sapientia

298 5531 583 5585 confirmat
613 5530 699 5585 his
732 5529 913 5584 verbis
939 5546 952 5582 :
986 5526 1195 5583 Creavit
1232 5528 1371 5581 enim
1400 5534 1457 5579 ut
1486 5534 1656 5580 essent
1687 5527 1867 5581 omnia
1890 5538 2062 5590 usus;
2093 5535 2142 5579 et
2175 5525 2435 5579 salutares
2464 5533 2585 5578 sunt
2617 5524 2799 5577 mundi
2825 5524 3206 5594 generationes.
3239 5520 3350 5575 Nec
3381 5529 3458 5574 cst
3499 5520 3551 5574 in

299 5626 406 5680 illis
432 5624 866 5680 medicamentum
892 5624 1041 5678 exitii
1067 5625 1109 5677 ⁸.

378 5739 395 5772 ¹
430 5739 555 5793 Cor.
601 5741 765 5803 ἆπας.
842 5745 862 5775 ³
887 5737 1045 5795 Rom.
1077 5737 1474 5799 vnn,35:Psal.
1493 5735 1754 5805 “111,22.
1830 5736 1868 5792 ’ζ

1969 5743 2047 5792 :tr.
2084 5752 2145 5803 ιι,
2170 5736 2259 5792 ει.
2338 5736 2520 5794 ⁸Ρειιι.
2546 5735 2747 5802 cuni;
2777 5734 2940 5791 Hebr.
2972 5750 3011 5795 ι.
3049 5733 3103 5787 7.
3179 5733 3198 5765 ⁵
3232 5730 3358 5802 Sap.
3386 5745 3428 5795 r,
3461 5725 3552 5785 1L
