4082 6394
509 245 652 304 “l9

1912 251 1970 306 S.
2011 246 2352 305 EPIPHANII

3619 245 3781 299 “20

582 363 683 419 Cui
713 372 768 420 et
797 380 1086 436 perspicue
1119 365 1324 421 Paulus
1358 367 1710 436 astipulatur,
1742 367 1871 422 dum
1903 371 1977 422 ita
2009 369 2090 424 lo-

2262 365 2375 420 Καὶ
2396 366 2424 418 ό
2454 363 2664 428 Παῦλος
2701 363 2758 418 δὲ
2787 363 2972 432 σαφῶς
3003 367 3286 436 μαρτυρεῖ,
3313 364 3489 433 λέγων
3507 380 3522 395 ο
3559 364 3626 418 Ἡ
3656 365 3783 433 γὰρ

513 456 736 526 quitur:
768 455 910 509 Nam
927 459 1250 526 exspectatio
1281 468 1538 512 creatura:
1559 459 1923 517 reuelationem
1943 461 2085 530 ﬁlio-

463 566 472 574 ·-
515 565 635 602 rum
681 547 775 602 Dei
803 558 1091 617 exspectat.
1141 549 1384 604 l’anitati
1417 551 1558 605 enim
1585 563 1830 606 creatura
1856 553 2090 621 subjecta

514 650 616 706 est,
649 657 754 694 non
785 640 994 705 uolens;
1022 641 1113 695 sed
1146 651 1358 711 propter
1388 659 1503 697 eum
1535 643 1624 713 qui
1647 643 1867 712 subjecit
1895 661 2010 698 eam
2035 646 2090 698 in

515 748 627 802 spe,
657 730 796 801 quod
821 741 873 788 et
900 733 1017 800 ipsa
1045 741 1291 786 creatura
1320 732 1632 788 liberabitur
1654 751 1686 787 a
1713 735 1956 788 servitute
1975 750 2094 788 cor-

518 822 780 890 ruptionis
813 822 869 875 in
902 821 1198 876 libertatem
1223 821 1410 893 gloria:
1436 823 1671 894 ﬁliorum
1698 823 1818 878 Dei.
1857 823 2092 878 Vanitati

516 911 703 981 quippe
731 919 980 964 creatura
1003 910 1238 979 subjecta
1262 921 1362 974 est,
1397 912 1474 964 ait
1492 912 1535 965 ¹.
1561 911 1644 965 Ab
1672 910 1773 965 hac
1795 926 1959 980 porro
1980 927 2095 966 ser-

520 1004 694 1058 \‘itute
725 1002 1014 1056 liberatum
1055 1003 1120 1055 iri
1157 1011 1462 1056 creaturam
1499 1008 1779 1071 exspectat
1812 1021 1824 1055 :
1857 1017 1966 1071 quo
1998 1017 2096 1055 no-

522 1095 670 1150 mine
704 1093 964 1148 mundum
1002 1095 1144 1148 hunc
1179 1093 1490 1164 signiﬁcare
1535 1094 1743 1147 volunt.
1794 1091 1912 1147 Non
1949 1094 2094 1155 enim

521 1203 645 1257 quae
693 1187 865 1242 videri
911 1194 1210 1256 nequeunt,
1264 1186 1360 1242 sed
1413 1186 1529 1241 haec
1577 1202 1699 1256 quae
1746 1187 2096 1257 aspectabilia

524 1288 675 1344 sunt,
725 1282 1051 1350 corruptela:
1108 1279 1371 1334 serviunt.
1397 1275 1577 1332 Manet
1637 1278 1802 1348 igitur
1849 1286 2097 1332 creatura

525 1374 804 1428 meliorem
847 1373 900 1426 in
949 1382 1150 1427 statum
1193 1370 1668 1441 decentioremque
1701 1379 1978 1432 renovata,
2010 1385 2098 1426 re-

525 1464 868 1519 surrectione
892 1471 1114 1534 pr0pter
1136 1461 1228 1517 Dei
1259 1463 1398 1516 lilios
1434 1462 1679 1533 gaudens
1710 1469 1765 1515 et
1795 1462 2098 1528 exsultans;

525 1572 756 1626 quorum
783 1557 956 1630 gratia
987 1555 1275 1625 ingemiscit
1297 1563 1346 1608 et
1369 1553 1601 1624 parturit
1651 1553 1803 1607 modo
1825 1556 1845 1586 '
1891 1553 2102 1608 redem-

527 1649 765 1718 ptionem
815 1653 1060 1702 nostram
1109 1661 1139 1699 a
1187 1644 1541 1714 corruptione
1578 1644 1692 1713 ipsa
1733 1643 1982 1714 corporis
2008 1659 2102 1697 ex-

2188 455 2635 526 ἁποκαραδοκία
2657 447 2774 524 ¹τῆς
2802 456 3053 522 κτίσεως
3086 455 3198 523 τὴν
3229 455 3621 524 ἀποκάλυψιν
3648 454 3778 508 τῶν

2189 549 2334 602 υἱῶν
2369 548 2474 602 τοῦ
2515 546 2662 601 Θεοῦ
2704 547 3114 617 ἀπεκδέχεται.
3156 546 3234 616 Τῇ
3276 549 3386 619 γὰρ
3416 550 3782 618 ματαιότητι

2189 638 2228 704 ἢ
2271 639 2464 704 κτίσις
2515 635 2801 705 ὑπετάγη,
2855 639 2967 707 οὐχ
2999 637 3248 701 ἑκοῦσα.
3299 638 3459 691 ἀλλὰ
3501 637 3604 690 διὰ
3663 638 3778 689 τόν

2192 726 2572 792 ὑποτάξαντα
2611 727 2704 780 ἐπ’
2743 727 2966 788 ἐλπίδι.
3015 727 3104 783 ὄτι
3153 727 3252 781 καὶ
3288 727 3442 796 αὑτὴ
3476 728 3516 796 ἠ
3565 728 3784 791 κτίσις

2192 817 2732 888 ἐλευθερωθήσεται
2759 818 2881 873 ἀπὸ
2922 817 3029 887 τῆς
3081 819 3361 887 δουλείας
3404 820 3508 888 τῆς
3538 817 3783 890 φθορᾶς

2192 911 2280 975 είς
2329 908 2443 976 τὴν
2523 910 2870 978 ἐλευθερίαν
2928 909 3040 979 τῆς
3101 909 3287 979 δόξης
3355 909 3472 965 τῶν
3535 911 3784 964 τέκνων

2196 1001 2301 1054 τοῦ
2359 1001 2528 1056 Θεοῦ.
2585 1001 2664 1070 Τῇ
2723 1003 2834 1072 γὰρ
2892 1005 3240 1072 ματαιότητι
3295 1003 3334 1072 ἠ
3399 1003 3596 1068 κτίσις
3658 1005 3784 1056 ὐπ-

2199 1088 2609 1160 ετὰγη,φησίν.
2666 1090 3222 1163 Ἐλευθερωθήσεσθαι
3267 1090 3323 1144 δὲ
3370 1091 3467 1162 τῆς
3511 1091 3785 1161 τοιαύτης

2197 1179 2439 1243 δουλείας
2471 1181 2744 1253 προσδοκᾷ
2773 1182 2971 1248 κτίσιν,
3010 1181 3103 1234 τὸν
3136 1181 3337 1252 κόσμον
3367 1180 3556 1234 τοῦτον
3584 1180 3788 1251 βουλό-

2203 1289 2361 1345 μενος
2387 1273 2484 1327 νῦν
2513 1273 2718 1328 καλεῖν.
2749 1274 2824 1328 Οὐ
2856 1275 2965 1345 γὰρ
3001 1274 3069 1328 τὰ
3100 1273 3175 1345 μὴ
3204 1272 3511 1344 βλεπόμενα
3541 1275 3607 1344 τῇ
3647 1272 3774 1341 φθο-

2204 1367 2270 1438 ρᾷ
2315 1366 2576 1432 δουλεύει,
2623 1366 2758 1422 ἀλλὰ
2805 1366 2979 1421 ταῦτα
3022 1367 3086 1437 δὴ
3133 1367 3202 1419 τὰ
3245 1365 3568 1436 βλεπόμενα.
3601 1365 3789 1418 Μὲνει

2199 1459 2309 1530 ἄρα
2337 1458 2370 1530 ἡ
2397 1458 2574 1522 κτίσις
2614 1459 2696 1522 είς
2727 1459 2787 1512 τὸ
2819 1459 3039 1529 ἄμεινον
3068 1456 3640 1527 ἀνακαινοποιηθεῑσα,
3687 1457 3794 1508 καὶ

2201 1551 2644 1624 εὐπρεπέστερον
2688 1549 3065 1622 ἀγαλλομένη,
3102 1549 3197 1602 καὶ
3239 1550 3503 1619 χαίρουσα
3531 1546 3624 1598 ἐπὶ
3666 1547 3793 1608 τοῖς

2200 1642 2411 1706 τέκνοις
2453 1641 2548 1696 τοῦ
2589 1641 2723 1694 Θεοῦ
2765 1643 2830 1712 τῇ
2867 1640 3206 1694 ἀναστάσει·
3247 1638 3313 1692 δι’
3351 1636 3443 1702 οὒς
3483 1634 3791 1698 στενάζει,

528 1747 804 1807 spectans,
831 1747 890 1792 ut
913 1753 1035 1790 cum
1069 1754 1166 1792 nos
1193 1753 1222 1790 ει
1253 1737 1480 1789 mortuis
1505 1735 1766 1790 fuerimus
1789 1735 2006 1788 excitati
2035 1749 2099 1788 ac

2202 1733 2301 1786 καὶ
2328 1733 2644 1787 συνωδίνει
2672 1733 2808 1797 νῦν,
2831 1732 2929 1802 τὴν
2955 1731 3329 1803 ἀπολύτρωσιν
3357 1729 3511 1800 ἡμῶν
3544 1728 3657 1781 ἀπὸ
3685 1727 3794 1797 τῆς

529 1830 914 1883 umrtalitatem
960 1829 1146 1882 carnis
1183 1830 1608 1887 excusserimus.
1644 1843 1741 1897 pio
1777 1843 1840 1879 eo
1869 1842 1931 1879 ac
1963 1827 2101 1879 scri-

531 1931 679 1991 ptqu
713 1933 794 1977 est
827 1941 841 1976 :
877 1921 1074 1974 Excute
1096 1922 1354 1989 pulverem
1379 1931 1427 1974 et
1461 1936 1712 1988 consurge
1737 1936 1754 1980 ;
1780 1918 1919 1980 sede,
1943 1915 2105 1970 Jeru-

529 2014 693 2065 salem
714 2013 753 2066 ⁸.
783 2013 1030 2082 Cumque
1062 2027 1090 2062 a
1123 2022 1342 2079 peccato
1371 2010 1580 2063 liberati
1615 2009 1898 2074 fuerimus,
1929 2023 1957 2060 a
1982 2023 2104 2060 cor-

533 2105 783 2174 ruptioue
813 2105 930 2174 ipsa
968 2118 1186 2173 quoque
1222 2102 1514 2166 liberetur;
1565 2116 1663 2154 nec
1708 2101 1820 2169 jam
1857 2097 2101 2159 vanitati,

532 2197 626 2248 sed
655 2194 884 2264 justitia:
912 2193 1132 2247 serviat.
1169 2192 1378 2246 Scimus
1408 2193 1545 2245 enim
1575 2189 1714 2258 quod
1748 2190 1918 2242 omnis
1949 2205 2100 2241 crea-

535 2295 654 2335 tura
681 2283 973 2353 ingemiscit
1013 2290 1061 2335 et
1092 2279 1322 2349 parturit
1356 2297 1515 2350 ttsqtte
1545 2279 1734 2332 adlmc.
1777 2277 1899 2331 Non
1935 2277 2106 2331 solum

534 2385 740 2434 autem.
780 2373 870 2427 sed
919 2383 968 2427 et
1020 2391 1114 2426 nos
1167 2373 1434 2442 primitias
1478 2371 1695 2438 spiritus
1745 2370 2010 2432 habentes,
2055 2379 2105 2422 et

534 2468 634 2534 ipsi
663 2467 715 2518 in
747 2465 894 2519 nobis
923 2465 1050 2528 ipsis
1074 2467 1328 2534 gemimus
1365 2461 1699 2530 adoptionem
1724 2469 2103 2529 exspectantes,

534 2557 938 2625 redemptionem
964 2555 1199 2619 corporis
1232 2553 1403 2607 nostri
1423 2553 1466 2604 ⁸.
1505 2553 1575 2604 lla
1605 2566 1657 2605 et
1689 2552 1890 2607 Isaias:
1923 2552 2108 2617 Quem-

535 2645 820 2700 admodum
849 2646 1010 2708 enim,
1041 2645 1243 2713 inquit,
1275 2643 1460 2696 caelum
1486 2659 1675 2696 novum
1702 2652 1750 2696 et
1787 2652 1930 2695 terra
1952 2659 2106 2704 nova,

545 2751 650 2804 ,ua:
672 2751 764 2804 ego
789 2734 949 2802 facio.
979 2742 1190 2786 manent
1217 2749 1395 2785 corant
1421 2748 1520 2794 me,
1556 2731 1683 2783 dicit
1725 2730 2004 2795 Dominus,
2033 2730 2109 2782 sic

533 2824 634 2875 erit
665 2839 836 2876 semen
859 2832 1106 2887 vestrum,
1132 2829 1181 2874 et
1206 2837 1390 2873 nomen
1414 2831 1641 2873 vestrum
1664 2819 1684 2851 '
1709 2836 1723 2883 ;
1752 2834 1814 2872 ac
1846 2835 2064 2872 rursum
2091 2836 2106 2874 :

537 2916 626 2970 Sic
663 2914 793 2969 dicit
839 2914 1098 2968 Dominus
1129 2913 1219 2982 qui
1257 2912 1379 2981 fecit
1429 2913 1636 2970 caelum.
1672 2911 1754 2964 hic
1795 2913 1886 2983 qui
1915 2921 2111 2965 terram

2204 1825 2410 1896 φθορᾶς
2437 1825 2530 1878 καὶ
2565 1826 2700 1895 αὑτὴ
2733 1825 2826 1877 τοῦ
2856 1822 3106 1894 σώματος
3160 1822 3588 1892 ἀπεκδεχομένη,
3629 1823 3796 1883 ὅπως

2203 1915 2360 1987 ἡμῶν
2390 1914 2779 1985 ὲξεγερθέντων
2833 1913 2928 1967 καὶ
2961 1910 3438 1981 ἀπστιναξαμένων
3467 1909 3565 1980 τὴν
3592 1909 3797 1978 νεκρό-

2201 2023 2344 2077 τητα
2367 2007 2464 2076 τῆς
2499 2006 2720 2076 σαρκὸς,
2752 2007 2892 2058 κατὰ
2914 2003 2975 2057 τὸ
3003 2003 3404 2073 γεγραμμένον·
3445 2000 3791 2062 Ἐκτίναξαι

2206 2100 2310 2151 τόν
2343 2098 2496 2166 χοῦν
2526 2098 2629 2151 καὶ
2668 2095 2995 2162 ἀνάστηθι·
3042 2094 3327 2159 κάθισον,
3373 2091 3793 2162 Ἰερσυσιιλήμ·.

2219 2189 2721 2260 Ἰζλευθεριιιθέντων
2748 2206 2806 2242 τε
2838 2188 2938 2258 τῆς
2966 2189 3261 2258 ἁμαρτίας,
3289 2185 3798 2255 ἐλευθερωθήσεται

2208 2279 2301 2332 καὶ
2339 2279 2476 2350 αὑτὴ
2519 2279 2618 2348 τῆς
2660 2281 2896 2350 φθορᾶς,
2952 2277 3148 2349 μηκέτι
3189 2279 3255 2347 τῇ
3301 2276 3624 2347 ματαιότητι
3654 2275 3794 2328 δου-

2206 2370 2471 2434 λεύουσα,
2520 2369 2654 2422 ἀλλὰ
2704 2374 2768 2441 τῇ
2811 2370 3144 2443 δικαιοσύνῃ.
3194 2367 3449 2436 Οἴδαμεν
3495 2367 3645 2437 γὰρ,
3695 2367 3799 2422 ὅτι

2207 2463 2374 2516 πᾶσα
2404 2463 2442 2530 ἡ
2485 2462 2682 2528 κτίσις
2722 2461 3108 2526 συστενάζει,
3152 2461 3250 2514 καὶ
3287 2458 3605 2513 συνωδίνει
3645 2459 3799 2528 ἄχρι

2206 2553 2313 2607 τοῦ
2343 2555 2477 2610 νῦν.
2509 2557 2590 2608 Οὐ
2614 2557 2806 2622 μόνον
2829 2554 2917 2616 δὲ,
2945 2554 3106 2608 ἀλλὰ
3133 2554 3228 2607 καὶ
3261 2552 3428 2606 αὐτοὶ
3454 2552 3567 2620 τὴν
3599 2551 3803 2619 ἀπειρ-

2209 2645 2330 2714 χὴν
2357 2645 2462 2700 τοῦ
2487 2647 2823 2716 πνεύματος
2849 2645 3114 2714 ἔχοντες.
3138 2645 3235 2700 καὶ
3263 2644 3432 2698 αὐτοὶ
3458 2642 3528 2696 ἐν
3550 2641 3807 2709 ἑαυτοῖς

2208 2735 2592 2806 στενάζομεν,
2635 2739 2944 2791 υἱοθεσίαν
2977 2737 3464 2805 ἀπεκδεχόμενοι.
3493 2733 3608 2802 τὴν
3637 2733 3803 2787 ἀασ-

2209 2828 2512 2895 λύτρωσιν
2538 2827 2645 2881 τοῦ
2672 2827 2946 2896 σώματος
2965 2824 3152 2896 ήμῶν.
3189 2824 3300 2879 Καὶ
3323 2826 3352 2877 ό
3393 2825 3644 2887 Ἡσαΐας-θ
3683 2825 3810 2876 Ὃν

2211 2921 2434 2987 τρόπον
2464 2918 2574 2988 γὰρ
2600 2921 2634 2972 ό
2661 2919 2916 2986 οὐρανός
2949 2917 3156 2984 καινὸς
3188 2915 3288 2971 καὶ
3325 2917 3364 2984 ἡ
3404 2914 3481 2985 τῆ
3515 2911 3724 2980 καινὴ.
3761 2912 3809 2966 d

534 3006 798 3070 condidit,
834 3016 882 3059 et
915 3005 1038 3074 fecit
1071 3005 1261 3068 illaut;
1297 3005 1408 3072 ipse
1439 3004 1683 3058 discrevit
1710 3003 1899 3067 illaut;
1927 3020 2028 3056 non
2057 3003 2099 3056 in

2212 3012 2347 3082 ἐγὼ,
2384 3012 2536 3081 φησὶ,
2568 3010 2748 3065 ποιῶ.
2795 3011 2958 3077 μένει
2989 3010 3246 3064 ἐνώπιόν
3287 3026 3429 3079 μου,
3471 3005 3636 3076 λέγει
3674 3007 3808 3060 Κύ-

537 3115 746 3160 υαηιιηι,
793 3097 882 3152 sed
921 3108 977 3150 ut
1021 3096 1285 3150 habitetur
1307 3095 1349 3152 ⁸.
1400 3094 1560 3166 555
1608 3094 1740 3148 Nam
1781 3109 1966 3150 revera
2004 3109 2099 3148 nor

2210 3120 2365 3171 ριος·
2395 3102 2584 3166 οὕτως
2611 3104 2781 3156 ἔσται
2815 3102 2880 3154 τὸ
2910 3100 3148 3170 σπέρμα
3170 3101 3357 3169 ὑμῶν,
3384 3098 3481 3154 καὶ
3507 3097 3571 3151 τὸ
3602 3100 3810 3166 ὄνομα

540 3189 766 3248 frustra.
793 3199 969 3259 latque
1003 3189 1238 3242 inaniter
1269 3196 1325 3239 et
1352 3187 1418 3240 ad
1452 3187 1700 3250 exitium,
1741 3203 1804 3240 ex
1840 3186 2099 3255 ineptissi-

2212 3194 2398 3263 ὑμῶν·
2441 3194 2532 3246 καὶ
2577 3193 2768 3246 πάλιν·
2817 3193 2978 3246 Οὕτω
3007 3191 3168 3261 λέγει
3201 3193 3418 3259 Κύριος
3455 3191 3487 3242 ό
3526 3185 3812 3263 ποιήσας

539 3293 752 3332 morum
793 3278 1073 3332 hominum
1128 3277 1388 3345 opinione
1438 3283 1614 3328 totum
1667 3275 1771 3328 hoc
1800 3276 2099 3330 universuu

2213 3285 2322 3340 τὸν
2365 3284 2660 3352 οὐρανόν,
2691 3279 2868 3350 οὗτος
2911 3286 2943 3336 ό
2989 3279 3450 3344 κατασκευάσας
3498 3276 3613 3344 τὴν
3677 3274 3810 3345 τῆν

537 3369 778 3422 condidit
829 3367 992 3428 Deus.
1043 3368 1135 3421 sed
1190 3377 1247 3420 ut
1286 3375 1450 3428 esset,
1483 3374 1536 3420 et
1568 3366 1924 3429 habitaretur,
1957 3375 2099 3436 atque

2211 3377 2310 3429 καὶ
2344 3375 2604 3440 ποιήσας
2643 3375 2856 3442 αὐτὴν,
2899 3374 3090 3440 ἀὐτὸς
3133 3372 3410 3441 διώρισεν
3455 3367 3651 3436 αὐτὴν
3679 3369 3811 3422 οὐκ

542 3467 903 3528 permaneret.
941 3459 1094 3515 Unde
1123 3469 1178 3515 et
1214 3468 1414 3513 terram
1451 3472 1677 3512 necesse
1701 3465 1806 3520 est,
1839 3463 1892 3510 et
1921 3458 2098 3510 cmluu

2215 3469 2303 3532 εις
2332 3467 2532 3528 κενὸν,
2559 3467 2720 3520 ἀλλὰ
2746 3465 3166 3519 κατοικεῖσθαι.
3203 3465 3409 3526 Ὄντως
3446 3461 3554 3532 γάρ
3587 3460 3693 3513 οὐκ
3717 3461 3814 3521 εἰς

543 3559 664 3618 post
698 3550 840 3602 illam
896 3565 1077 3604 rerum
1123 3550 1368 3603 omnium
1425 3547 1906 3616 conliagrationem
1958 3556 2099 3616 atquc

2219 3543 2393 3621 κενόν,
2441 3559 2561 3612 οὐδὲ
2593 3561 2670 3622 είς
2716 3559 2893 3630 μάτην
2941 3557 3078 3629 πρὸς
3105 3555 3378 3609 ἀπώλειαν
3421 3555 3626 3613 ἔκτισε,
3656 3550 3814 3604 κατὰ

539 3648 730 3694 mstqu
781 3641 1067 3694 exsistere.
1119 3641 1230 3694 Cur
1278 3647 1460 3694 autem
1505 3639 1580 3692 ita
1625 3638 1738 3693 ﬁeri
1771 3655 1991 3694 necesse
2025 3641 2096 3694 sit

2217 3647 2342 3711 τοὺς
2374 3647 2706 3718 φρονοῦντας
2740 3647 2964 3718 μάταια,
2987 3646 3050 3699 τὸ
3079 3646 3186 3698 πᾶν
3209 3647 3238 3698 ὁ
3269 3644 3421 3708 Θεὸς,
3456 3641 3590 3696 ἀλλά
3624 3640 3707 3702 εἰς
3741 3638 3813 3691 τὸ

543 3732 839 3801 longiorem
871 3747 1032 3800 quam
1065 3732 1330 3786 hactenus
1378 3745 1686 3785 sermonem
1729 3731 1795 3784 ad
1833 3731 2099 3800 explican-

2220 3734 2360 3793 εἷναί
2405 3757 2466 3794 τε
2514 3739 2607 3793 καὶ
2638 3739 2933 3804 οἰκεῖσθαι,
2984 3737 3081 3791 καὶ
3124 3736 3417 3808 διαμένειν.
3452 3733 3542 3787 Διὸ
3581 3732 3812 3801 ἀνάγκη

540 3822 666 3875 dum
700 3821 948 3889 requirit.
981 3819 1098 3874 Non
1128 3820 1272 3874 enim
1297 3820 1351 3872 in
1377 3820 1605 3873 otiosam
1633 3819 1936 3884 materiem,
1968 3836 2099 3875 eam-

2219 3828 2284 3899 δὴ
2330 3831 2424 3883 καὶ
2449 3830 2547 3901 τὴν
2579 3829 2684 3899 γῆν
2712 3826 2888 3893 αὖθις,
2916 3826 3124 3882 καὶτὸν
3150 3824 3377 3897 οὐρανὸν
3411 3823 3552 3894 μετά
3573 3822 3676 3891 τὴν
3705 3821 3811 3873 ὲκ-

541 3928 667 3980 que,
702 3928 864 3980 quam
902 3921 1026 3965 aute
1051 3911 1498 3964 constitutionem
1533 3909 1743 3973 habuit,
1783 3919 1837 3965 et
1872 3911 1924 3964 in
1952 3927 2099 3980 quau

2222 3920 2493 3990 φλόγωσιν
2527 3919 2743 3974 ἔσεσθαι
2790 3920 3010 3974 πάντων
3051 3918 3144 3972 καὶ
3173 3917 3266 3971 τὸν
3312 3913 3575 3989 βρασμὸν.
3616 3912 3719 3966 Διά
3749 3911 3812 3964 τί

541 4003 806 4057 dissoluta
842 4003 1022 4067 fuerit,
1073 4018 1249 4072 neque
1293 4004 1344 4055 in
1387 4001 1696 4056 absolutum
1732 4002 2009 4057 interitum
2053 4019 2099 4057 at

2219 4012 2277 4066 δὲ
2307 4011 2464 4064 τοῦτο
2493 4011 2726 4081 ἀνάγκη,
2751 4011 2908 4079 λόγος
2934 4009 3000 4062 ἂν
3031 4008 3111 4062 ἔτι
3141 4006 3310 4060 πλείω
3348 4004 3456 4058 τῶν
3495 4002 3815 4074 εἰρημένων

542 4096 945 4165 corruptionem
972 4095 1189 4148 redacta
1215 4095 1549 4150 universitas
1573 4095 1676 4150 ista
1706 4096 2094 4152 reformabitur

2224 4103 2484 4171 γίγνοιτο.
2517 4101 2654 4155 υῦτε
2683 4102 2792 4175 γὰρ
2817 4104 2895 4164 εἰς
2927 4100 3056 4170 ὕλην
3082 4099 3280 4171 ἀργὴν,
3307 4097 3398 4150 καὶ
3437 4094 3692 4164 τοιαύτην
3720 4093 3818 4148 ἔτι

543 4186 893 4248 ιατάστασιν,
925 4185 1040 4238 οἷαν
1067 4185 1158 4237 καὶ
1184 4184 1291 4255 πρὸ
1319 4184 1417 4254 τῆς
1463 4184 1908 4258 διακοσμήσεως,
1969 4190 2050 4253 εἰς
2106 4191 2172 4262 ἢν
2232 4193 2477 4264 διαλυθῇ,
2526 4193 3103 4264 ἀναστοιχειωθήσεται
3157 4191 3216 4243 τὸ
3268 4190 3396 4251 πᾶν,
3446 4186 3556 4240 οὔτ’
3606 4180 3676 4240 αὖ
3725 4185 3816 4246 εἰς

543 4276 818 4330 ἀπώλειαν
854 4273 1090 4345 παντελῆ
1122 4275 1216 4327 καὶ
1255 4273 1480 4344 φθοράν.

617 4363 830 4418 XXXII.
865 4365 933 4416 At
961 4365 1105 4418 enim
1145 4362 1407 4432 objicient
1455 4360 1758 4418 adversarii
1796 4379 1809 4415 :
1843 4359 1901 4414 Si
1940 4367 2099 4414 totum

2292 4364 2414 4419 AB'.
2463 4365 2588 4419 Ἐὰν
2613 4365 2688 4428 δὲ,
2726 4364 2850 4428 Πῶς
2880 4361 2972 4418 οὖν
2993 4403 3007 4428 ,
3033 4365 3128 4419 ἐὰν
3158 4365 3233 4437 μὴ
3259 4365 3553 4419 ἀπόλλυται
3579 4363 3638 4417 τὸ
3673 4365 3814 4432 πᾶν,

546 4455 648 4510 hoc
677 4455 990 4508 universum
1017 4468 1360 4523 nequaquam
1388 4460 1592 4523 pereat,
1622 4449 1894 4522 quomodo
1921 4450 2099 4503 cteluu

2225 4454 2274 4508 οἱ
2324 4456 2382 4522 ἐξ
2427 4421 2688 4518 ἐναντίας,
2709 4421 2970 4522 εἴπωσιν,
2994 4421 3041 4509 ’ό
3085 4421 3183 4527 μὲν
3221 4421 3430 4528 litigio;
3457 4455 3549 4509 τὸν
3575 4421 3812 4526 οὐρανὸν

547 4563 611 4602 ac
639 4556 840 4602 terram
874 4547 1171 4601 transitura
1195 4561 1319 4602 esse
1342 4545 1603 4600 Dominus
1623 4544 1757 4600 dicit
1777 4545 1796 4574 "
1814 4544 1836 4597 ?
1854 4541 2099 4613 Prophet:

2227 4546 2660 4616 παρελεύσεσθαι
2687 4546 2812 4618 ἔφη,
2839 4549 2931 4601 καὶ
2961 4548 3058 4620 τὴν
3083 4550 3206 4619 γῆν·
3234 4551 3262 4601 ὁ
3284 4548 3340 4602 δὲ
3365 4547 3650 4619 προφήτης
3676 4548 3818 4600 ἀπιο-

550 4653 702 4705 vero,
737 4639 936 4693 coelum
992 4637 1128 4692 fumi
1179 4637 1354 4693 instar
1385 4652 1508 4693 esse
1553 4637 1876 4707 periturum,
1919 4643 2099 4689 terran

2225 4638 2436 4692 λεῖσθαι
2466 4639 2564 4710 μὲν
2593 4639 2821 4709 οὐρανὸν
2849 4640 2925 4704 ὡς
2961 4641 3166 4693 καπνὸν
3187 4681 3202 4705 ,
3233 4640 3330 4710 τὴν
3367 4640 3423 4694 δὲ
3452 4639 3554 4710 γῆν
3579 4637 3654 4700 ὡς
3682 4638 3816 4707 [μά-

548 4738 729 4784 aut'em
761 4729 919 4798 quasi
951 4728 1345 4784 vestimentum
1375 4724 1862 4782 inveteraturam‘l
1888 4722 1992 4778 Sed
2025 4737 2099 4776 no:

2226 4749 2341 4785 τιον
2387 4730 2898 4804 παλαιωθήσεσθαις
2959 4731 3177 4804 Ἐπειδὴ
3217 4732 3337 4796 ἔθος
3374 4735 3492 4795 ταῖς
3536 4732 3575 4784 Γ
3581 4732 3811 4803 ραφαῖς.

551 4823 697 4875 hunc
756 4818 1056 4890 Scriptum
1098 4833 1306 4874 morem
1366 4833 1490 4873 esse
1539 4814 2011 4886 reSpoudebimus,
2067 4829 2098 4866 u

2228 4821 2472 4892 λέξομεν,
2501 4821 2598 4892 τὴν
2625 4825 2704 4886 εἰς
2741 4823 2800 4876 τὸ
2835 4825 3076 4893 κρεῖττον
3101 4824 3195 4876 καὶ
3230 4822 3566 4894 ἐνδοξότερον
3595 4822 3812 4876 ἀποκα-

552 4913 740 4968 nmndi
764 4912 1240 4977 instaurationem,
1266 4920 1429 4982 atque
1455 4912 1510 4965 in
1533 4910 1726 4963 melius
1751 4905 2096 4978 przestantius

2229 4913 2489 4967 τάστασιν
2537 4913 2739 4984 ταύτης
2787 4913 2882 4966 τοῦ
2927 4914 3132 4985 κόσμου
3181 4912 3482 4984 μεταϐολὴν
3529 4910 3818 4966 ἀπώλειαν

550 5021 656 5080 que
713 5005 1073 5059 mutationem
1130 5004 1410 5059 interitum
1468 5001 1724 5071 appellet,
1776 5006 1961 5068 utpote
2000 5011 2099 5049 cun

2230 5005 2431 5074 λέγειν,
2457 4999 2567 5058 οἷον
2593 5005 2684 5058 τοῦ
2710 5005 2946 5076 πρόσθεν
2975 5007 3249 5077 σχήματος
3270 5003 3638 5075 ἀπολλυμένου
3667 5003 3819 5056 κατὰ

554 5097 700 5166 prior
728 5095 904 5149 forma
947 5097 1000 5150 in
1038 5097 1128 5150 illa
1159 5093 1541 5166 jucundiorcm
1575 5092 1628 5146 in
1657 5097 1858 5145 statqu
1897 5102 2096 5143 conver

2229 5095 2330 5166 τὴν
2362 5096 2442 5159 εἰς
2470 5096 2531 5149 τὸ
2564 5097 2917 5168 φαιδρότατον
2942 5097 3194 5149 ἁπάντων
3221 5095 3552 5165 ἐξαλλαγήν·
3595 5095 3674 5146 ὅτι
3703 5109 3818 5163 pr;-

560 5188 707 5242 sione
751 5195 954 5257 pereat.
995 5185 1143 5241 Nihil
1175 5186 1320 5242 enim
1355 5186 1410 5240 iu
1446 5185 1621 5240 sacris
1655 5183 1874 5236 Litteris
1911 5191 2099 5235 contra

2232 5186 2394 5256 δεμία
2436 5186 2822 5249 ὑπεναντίωσις
2865 5185 2898 5256 ἢ
2937 5185 3138 5239 ἀτοπία
3166 5186 3223 5238 ὲν
3250 5187 3363 5247 τοῖς
3399 5183 3564 5246 θείοις
3606 5179 3813 5248 λόγοις.

561 5286 694 5333 rium
739 5287 825 5335 est
862 5286 918 5335 el.
952 5278 1278 5334 absurdum.
1319 5277 1566 5333 Pra'terit
1600 5276 1738 5330 enim
1767 5275 1939 5344 ﬁgura
1975 5271 2099 5340 huju

2237 5277 2492 5347 Παράγει
2524 5277 2634 5347 γὰρ
2680 5275 2745 5330 τὸ
2789 5274 2997 5346 σχῆμα
3043 5275 3148 5329 τοῦ
3187 5276 3418 5343 κόσμου
3447 5273 3682 5331 τούτου.
3717 5274 3817 5328 καὶ

567 5371 739 5424 uundi
760 5373 804 5426 ’.
841 5370 962 5426 Non
993 5371 1258 5425 mundum
1283 5371 1462 5440 ipsum
1493 5369 1650 5423 dixit.
1677 5366 1768 5420 Sic
1794 5366 1957 5435 igitur
1982 5361 2099 5417 Scri

2235 5369 2333 5438 οὐχ
2357 5369 2384 5419 ό
2417 5367 2638 5439 κόσμος,
2713 5368 2947 5438 εἴρηται.
2977 5364 3160 5430 Οὕτως
3187 5366 3307 5428 ἔθος
3335 5365 3608 5418 ἀπώλειαν
3628 5360 3820 5413 καλιῖδ

569 5459 736 5532 pluris
767 5461 1188 5535 usitatissimum
1233 5471 1337 5524 est,
1384 5457 1754 5514 antecedentis
1799 5457 1851 5510 iu
1893 5454 1946 5509 id
1984 5469 2099 5525 quoi

2247 5461 2344 5522 τὰς
2374 5459 2596 5531 Γραφὰς
2622 5465 2720 5530 τὴν
2740 5457 2874 5528 πρὸς
2891 5458 2954 5510 τὸ
2979 5457 3198 5527 ἄμεινον
3224 5455 3337 5509 ἔσθ’
3365 5456 3453 5509 ὅτε
3485 5453 3579 5508 καὶ
3608 5451 3820 5521 εὐμορ-

635 5603 650 5631 ¹
678 5599 836 5655 Rom.
867 5615 988 5665 vut,
1025 5601 1211 5656 19-21.
1291 5602 1311 5630 ¹
1338 5599 1468 5654 ibid.
1499 5599 1590 5653 22.
1666 5598 1686 5629 ³
1713 5596 1818 5651 lsa.
1860 5611 1955 5660 ιιι,
1989 5596 2040 5648 9..

2123 5595 2145 5667 ἒ
2178 5596 2334 5654 Rom.
2368 5615 2486 5667 vm,
2515 5599 2608 5666 22,
2636 5598 2728 5652 25.

582 5663 600 5698 ‘
619 5667 811 5734 Matth.
839 5663 992 5729 uti.
1015 5671 1103 5728 ‘55.

2827 5597 2848 5630 ⁸
2879 5594 2989 5652 lsa.
3021 5611 3167 5664 LXVI,
3202 5595 3294 5653 Ἡ..
3371 5597 3393 5627 ⁶
3427 5593 3533 5651 lsa.
3569 5607 3696 5656 su,
3724 5586 3784 5642 8.

1179 5673 1201 5704 ⁸
1235 5670 1380 5728 Psal.
1414 5685 1488 5729 CI.
1518 5669 1611 5724 27.
1685 5670 1707 5702 ³
1735 5666 1756 5721 ι
1785 5666 1911 5722 Cor.
1946 5682 2045 5733 vn,
2076 5665 2167 5721 51.
