4082 6394
358 390 487 445 1121

996 382 1366 440 ADVERSUS
1405 380 1752 439 ILERESES
1790 381 1917 438 LIB.

2076 382 2242 438 TOM.
2288 382 2327 436 Ι.
2368 411 2439 423 -
2478 379 2757 436 ΗΑΞΒΕΒ.
2801 379 2983 436 LXIV.

3489 382 3633 439 “23

352 512 577 583 πρότερον
605 510 814 583 τροπὴν
845 508 941 562 τοῦ
976 509 1213 581 πρόσθεν
1256 510 1558 580 σχήματος.
1596 504 1725 563 Οἶον
1751 508 1941 580 ῶσπερ

2046 508 2244 566 melius
2292 522 2357 564 ac
2406 506 2704 563 formosius
2742 514 2847 571 est,
2902 507 3088 579 ﬁgura:
3144 506 3632 561 commutationem

350 606 516 659 ὁπότε
543 606 608 662 ἄν
628 623 713 669 τις
731 603 1008 659 ἀπώλειαν
1036 603 1186 672 λέγοι
1211 602 1305 655 τοῦ
1335 602 1478 656 κατὰ
1502 602 1562 656 τὸ
1595 603 1787 673 νήπιον
1816 604 1947 674 σχή-

352 716 523 769 ματος
562 698 663 771 τὴν
707 700 786 763 εἰς
828 698 919 751 τὸν
962 698 1136 769 ἄνδρα
1177 697 1269 750 τὸν
1308 695 1515 749 τέλειον
1564 694 1943 766 μεταλλαγὴν,

352 791 694 863 τρεπομένης
727 793 807 855 εἰς
849 790 1081 862 μέγεθος
1110 790 1204 843 καὶ
1242 788 1440 852 κάλλος
1472 788 1571 858 τῆς
1597 787 1817 859 ἡλικίας
1848 787 1944 842 τοῦ

351 882 569 951 νηπίου.
606 884 737 935 Ὅτε
783 881 895 953 γὰρ
942 881 1107 952 ἤμην
1146 879 1385 946 νήπιος,
1415 879 1497 945 ὡς
1540 878 1758 945 νήπιος
1801 878 1943 933 ἐλά-

350 977 525 1038 λουν,
561 974 642 1041 ὡς
684 975 904 1042 νήπιος
937 976 1258 1046 ἐφρόνουν,
1302 977 1385 1043 ὡς
1428 974 1648 1042 νήπιος
1687 972 1945 1045 ἐλογιζό-

350 1084 489 1133 μην·
518 1066 618 1121 ὅτε
645 1068 715 1122 δὲ
758 1069 977 1139 γέγονα
1016 1070 1194 1139 ἀνὴρ,
1226 1071 1301 1124 τὰ
1334 1068 1442 1124 τοῦ
1475 1069 1699 1137 νηπίου
1726 1067 1945 1137 κατήρ-

350 1171 532 1226 γησα.
579 1160 1000 1231 Ταραχθήσεθαι
1051 1160 1151 1232 μὲν
1205 1160 1315 1234 γάρ
1358 1161 1457 1231 τὴν
1504 1160 1716 1219 κτίσιν.
1756 1158 1947 1233 ὥσπερ

351 1248 747 1321 τεθνηξομὲνην
789 1252 933 1307 κατά
979 1253 1080 1325 τὴν
1117 1252 1459 1324 ἐκπύρωσιν,
1489 1253 1577 1307 ἵνα
1619 1252 1943 1325 ἀνακτισθῇ,

350 1338 411 1391 ού
444 1340 551 1411 μὴν
581 1341 903 1396 ἀπολεῖσθαι
929 1343 1330 1416 προσδοκητέον
1352 1360 1365 1374 ·
1392 1344 1541 1407 ὅπως
1577 1344 1626 1396 οἰ
1654 1344 1947 1399 ἀνακαινο-

350 1431 671 1501 ποιηθέντες
729 1436 789 1488 ὲν
842 1435 1388 1506 ἀνακαινοποιηθέντι
1447 1436 1640 1506 κόσμῳ
1686 1439 1945 1504 ἄγευστοι

350 1521 527 1594 λύπης
571 1528 1025 1599 κατοικήσωμεν⁸
1069 1528 1102 1599 ἢ
1145 1527 1285 1582 κατὰ
1325 1528 1387 1582 τὸ
1436 1528 1649 1599 λεχθὲν,
1696 1530 1946 1595 Ἐξαπο-

348 1615 591 1682 στελεῑς
633 1616 701 1670 τὸ
748 1617 987 1688 πνεῦμά
1035 1635 1188 1684 σου,
1238 1620 1338 1674 καὶ
1384 1622 1849 1691 κτισθήσονται,
1886 1623 1945 1675 ὲν

351 1705 629 1776 ἑκατοστῷ
667 1707 836 1780 τρίτῳ
889 1708 1112 1780 ψαλμῷ,
1148 1710 1247 1764 καὶ
1274 1710 1732 1777 ἀνακαινιεῒς“τὸ
1758 1713 1950 1781 πρόσ-

350 1810 514 1851 ωπον
536 1796 647 1866 τῆς
685 1798 819 1870 γῆς,
849 1800 946 1853 τοῦ
985 1802 1333 1874 περιέχοντος
1360 1803 1457 1874 τῆς
1502 1804 1797 1877 εὐκρασίας
1822 1806 1946 1857 ἐπι-

2048 599 2335 656 interitum
2364 600 2567 656 dicere.
2601 598 2835 654 Perinde
2866 612 2930 651 ac
2960 599 3006 652 si
3040 598 3167 668 quis
3203 596 3476 652 infantilis
3498 597 3629 667 figu-

2047 708 2123 749 rze
2171 692 2475 765 perfectum
2522 691 2579 746 in
2620 691 2798 746 virum
2850 689 3140 745 transitum
3178 704 3242 744 ac
3276 690 3633 745 mutationem

2047 782 2333 837 interitum
2365 779 2631 844 nominet,
2670 796 2795 834 cum
2830 779 2978 833 illius
3010 786 3142 834 aetas
3185 779 3251 832 ad
3304 778 3610 848 tmgnitudi

2046 890 2171 930 nem
2210 874 2788 945 pulchritudinemque
2836 872 3165 927 traducitur.
3215 869 3349 927 Cum
3382 873 3520 925 enim
3554 888 3621 937 ea,

2047 984 2156 1022 sem
2208 967 2482 1035 parvulus,
2538 965 2792 1036 loquebar
2840 975 2899 1019 ut
2941 964 3219 1035 parvulus,
3264 965 3533 1033 sapiebam
3576 975 3634 1019 ut

2046 1062 2323 1130 parvulus,
2370 1058 2665 1130 cogitabam
2705 1068 2764 1112 ut
2804 1058 3091 1128 parvulus;
3134 1066 3413 1128 postquam
3462 1067 3637 1111 autem

2047 1152 2223 1222 factus
2250 1169 2365 1208 sum
2397 1154 2499 1218 rir,
2525 1152 2774 1207 evacuavi
2802 1168 2918 1221 qua:
2939 1160 3090 1206 erant
3122 1150 3395 1221 parvuli‘.
3424 1150 3485 1204 Et
3507 1165 3636 1205 vero

2048 1245 2477 1317 perturbandam
2519 1259 2643 1303 esse
2669 1252 3005 1308 creaturam,
3043 1244 3193 1298 velut
3222 1244 3277 1297 in
3310 1243 3399 1297 illa
3434 1241 3621 1296 conﬂa-

2048 1338 2299 1410 gratione
2330 1338 2656 1408 perituram,
2693 1343 2754 1391 ut
2786 1336 2985 1391 iterum
3022 1342 3262 1400 creetur,
3296 1348 3407 1388 non
3450 1341 3635 1388 tamen

2047 1430 2507 1503 exstinguendam
2547 1445 2691 1493 esse,
2740 1430 3047 1501 putandum
3092 1437 3199 1494 est,
3237 1439 3296 1483 ut
3329 1428 3635 1483 instaurata

2049 1524 2255 1577 mundo
2288 1522 2512 1593 ipsiniet
2544 1521 2840 1576 instaurati
2871 1536 2935 1574 ac
2961 1520 3172 1577 doloris
3195 1528 3448 1591 expertes
3480 1521 3634 1575 habi-

2049 1622 2262 1681 temus;
2302 1616 2764 1686 quemadmodum
2802 1616 2857 1670 in
2892 1614 3196 1671 centesimo
3225 1616 3388 1671 tertio
3426 1616 3635 1685 psalmo

2048 1709 2329 1779 proditum
2359 1719 2445 1766 est
2478 1726 2491 1764 :
2527 1708 2752 1764 Emittes
2800 1710 3046 1779 spiritum
3091 1719 3260 1775 tuum,
3302 1720 3352 1764 et
3378 1710 3627 1764 creaban-

2049 1798 2171 1866 bur,
2201 1808 2251 1854 et
2278 1800 2548 1855 renovabia
2574 1800 2765 1869 faciem
2795 1809 2951 1854 terra?
2974 1803 3015 1855 ³.
3047 1800 3203 1867 Quod
3237 1801 3494 1856 nimirum
3522 1816 3635 1854 ant-

348 1890 749 1961 τροπεύσαντος
793 1892 980 1947 λοιπὸν
1027 1892 1122 1948 τοῦ
1154 1894 1312 1950 Θεοῦ.
1372 1894 1668 1967 Ἐσομένης
1704 1894 1815 1967 γάρ
1844 1896 1941 1951 καὶ

2043 1890 2281 1948 bientem
2321 1906 2504 1947 aerem
2535 1900 2645 1949 tem
2658 1894 3068 1963 peratissimum
3096 1894 3359 1965 deinceps
3389 1894 3636 1951 facturus

350 1980 494 2051 μετά
523 1981 712 2037 τοῦτον
750 1983 864 2056 (59)
905 1985 998 2038 τὸν
1039 1986 1218 2042 αἰῶνα
1242 1988 1366 2058 γῆς.
1400 1988 1615 2057 ἀνάγκη
1643 1989 1792 2042 πᾶσα
1817 1986 1940 2041 ἔσε-

350 2073 478 2128 σθαι
512 2075 610 2129 καὶ
657 2077 782 2141 τοὺς
826 2079 1173 2149 οἰκήσοντας,
1202 2079 1387 2133 οὐκέτι
1420 2080 1870 2151 τεθνηξομένους,
1907 2080 1941 2153 ἢ

347 2166 700 2237 γαμήσοντας
732 2168 829 2222 καὶ
880 2171 1330 2243 γεννησομένους,
1402 2171 1519 2226 ἀλλ’
1561 2172 1638 2237 ὡς
1672 2172 1936 2241 ἀγγέλους

349 2256 787 2328 ἀμεταστρόφως
832 2259 891 2312 ἐν
940 2260 1222 2333 ἀφθαρσίᾳ
1262 2261 1331 2315 τὰ
1366 2263 1567 2334 ἄριστα
1607 2261 1937 2335 πράξοντας.

347 2346 442 2399 Διὸ
472 2347 715 2420 ληρῶδες
746 2351 807 2403 τὸ
828 2351 888 2405 ὲν
914 2351 1046 2424 ποίᾳ
1073 2354 1321 2425 διαγωγῇ
1363 2355 1483 2407 τότε
1510 2354 1573 2427 δὴ
1607 2355 1677 2408 τὰ
1713 2352 1941 2425 σώματα

347 2438 559 2495 ἔσονται
604 2441 887 2511 λέγεσθαι,
924 2445 1062 2516 μήτε
1097 2446 1282 2517 ἀέρος,
1330 2449 1468 2520 μήτε
1510 2447 1636 2518 γῆς,
1668 2447 1805 2518 μήτε
1829 2445 1941 2501 τῶν

348 2528 524 2584 ἄλλων
537 2532 849 2603 ἐσομένων.

2047 1983 2122 2039 sit
2155 1982 2319 2039 Deus.
2349 1983 2488 2039 Cum
2524 1984 2673 2041 enim
2720 1993 2846 2055 post
2881 1986 3065 2041 saeculi
3110 1988 3399 2056 prazsentis
3429 1985 3636 2042 exitum

2043 2072 2226 2130 adhuc
2270 2083 2419 2130 terra
2468 2088 2892 2145 perseveratum
2945 2079 3038 2143 sit,
3089 2077 3433 2134 habitatores
3477 2078 3531 2132 in
3569 2095 3633 2133 ea

2043 2165 2313 2236 quosdam
2347 2166 2530 2222 inesse
2564 2182 2793 2224 necesse
2819 2176 2941 2234 est;
2969 2169 3064 2240 qui
3092 2184 3194 2225 nec
3222 2170 3475 2224 morituri
3508 2180 3636 2225 sunt

2044 2260 2302 2331 amplius,
2349 2275 2528 2331 neque
2573 2261 2870 2332 copulandi
2907 2263 3117 2332 nuptiis
3156 2271 3252 2317 aut
3286 2264 3637 2334 procreanda?

2043 2353 2220 2410 soboli
2251 2368 2475 2424 operam
2509 2352 2715 2417 daturi,
2765 2353 2930 2426 556
2979 2354 3076 2410 sed
3118 2356 3438 2426 angelorum
3484 2371 3637 2410 more

2043 2445 2164 2501 sine
2196 2445 2307 2500 ulla
2342 2445 2641 2502 mutatione
2687 2446 2743 2502 in
2778 2447 3209 2504 immortalitatis
3248 2455 3392 2503 statu
3426 2449 3633 2519 optima

2044 2536 2157 2591 sint
2198 2552 2431 2608 qumque
2472 2535 2695 2592 facturi.
2735 2536 3086 2608 Proindeque
3125 2539 3353 2593 stultum
3384 2548 3467 2595 est
3497 2554 3635 2610 qua-

349 2640 478 2679 nam
507 2626 634 2681 vita:
672 2627 1100 2687 ratione.usura
1141 2630 1255 2687 sint
1293 2646 1528 2703 corpora
1572 2645 1847 2703 quaerere,
1887 2627 1936 2686 si
1971 2645 2075 2686 nec
2107 2645 2224 2695 aer,
2286 2646 2465 2703 neque
2515 2640 2686 2700 terra,
2733 2648 2912 2705 neque
2968 2634 3268 2706 quidquam
3309 2642 3633 2689 caterorum

351 2716 427 2770 sit
458 2716 694 2788 amplius
727 2718 998 2776 futurum.

419 2808 543 2863 AI“.
580 2811 764 2876 ’Ἄξιον
787 2813 846 2867 δὲ
888 2815 1113 2868 κάκεῖνο
1140 2814 1281 2887 πρὸς
1308 2818 1422 2881 τοῖς
1464 2817 1779 2889 εἰρημένοις
1817 2816 1941 2869 επι-

243 2920 253 2927 ·
351 2903 595 2966 σκοπεῖν,
622 2902 697 2967 ὡς
722 2903 835 2975 ἔχει
866 2905 1067 2977 πολλὴν
1091 2906 1413 2973 διάπτωσιν,
1448 2909 1497 2961 εἰ
1520 2908 1603 2962 δεῖ
1627 2908 1942 2981 παρρησίαν

348 2989 506 3058 ἄγειν
530 2994 660 3063 περὶ
684 2994 912 3061 τούτων,
937 2991 981 3049 ὦ
1022 2996 1361 3066 ’Δγλαοφῶν,
1389 2998 1772 3069 διαλεγόμενος
1798 3016 1941 3070 πρα-

347 3084 597 3154 γμάτων.
636 3087 857 3160 Φράσας
889 3089 999 3161 γάρ
1042 3091 1427 3164 ἀποφήνασθαι
1471 3094 1563 3148 τὸν
1608 3094 1833 3167 Κύριον,
1866 3096 1943 3160 ὡς

347 3179 398 3231 οἰ
426 3179 527 3250 τῆς
554 3180 907 3247 ἀναστάσεως
934 3185 1254 3256 τευξόμενοι
1285 3187 1502 3243 ἔσονται
1525 3188 1647 3243 τότε
1679 3189 1755 3253 ὡς
1783 3190 1943 3259 ἄγγε-

346 3270 450 3334 λοι,
481 3271 611 3327 ἔνθα
655 3275 1009 3347 πειράζουσιν
1048 3278 1212 3331 αὐτὸν
1245 3281 1293 3332 οἰ
1328 3280 1702 3341 Σαδδουκαῖοι.
1740 3282 1943 3351 ἐπέφε-

351 3381 471 3434 ρεν·
514 3368 575 3419 Οἰ
603 3367 661 3420 δὲ
691 3368 943 3436 ἄγγελοι,
976 3370 1132 3434 ἐκτὸς
1162 3371 1315 3435 ὄντες
1344 3374 1546 3446 σαρκὸς
1571 3374 1631 3426 ἐν
1670 3375 1941 3446 μακαριό-

344 3474 506 3529 τητος
533 3460 798 3532 ἀκρότητι
817 3502 831 3523 ,
862 3463 950 3516 διὰ
980 3463 1141 3517 τοῦτο
1173 3464 1266 3517 καὶ
1309 3464 1469 3537 δόξης
1494 3465 1618 3519 εἰσί.
1654 3467 1764 3520 Καὶ
1794 3468 1943 3538 ἡμᾶς

344 3548 401 3601 δὲ
447 3548 558 3621 ἄρα
600 3550 945 3617 ὲξισάζεσθαι
992 3552 1286 3625 μέλλοντας
1328 3556 1603 3625 ἀγγέλοις,
1632 3558 1845 3630 ἀνάγκη
1875 3557 1941 3630 δὴ

347 3641 571 3712 σαρκῶν
602 3642 864 3708 ὡσαύτως
887 3645 1120 3708 ἐκείνοις
1148 3648 1393 3717 γυμνοὺς
1417 3647 1637 3702 ἔσεσθαι
1662 3649 1793 3704 δεῖν.
1826 3650 1941 3703 Οὐκ

346 3733 670 3805 ἐπιστήσας.
702 3729 747 3787 ὦ
770 3736 982 3807 ἄριστε,
1012 3736 1088 3800 ὡς
1113 3738 1141 3790 6
1170 3739 1406 3810 ποιήσας
1438 3741 1533 3792 καὶ
1563 3740 1941 3812 διακοσμήσας

346 3822 406 3889 ἐξ
446 3824 545 3877 οὐκ
590 3825 761 3879 ὄντων
804 3827 865 3880 τὸ
899 3830 1010 3883 πᾶν
1056 3830 1156 3902 τὴν
1187 3830 1298 3885 τῶν
1342 3830 1626 3887 ἀθανάτων
1671 3834 1853 3902 φύσιν,
1877 3835 1939 3888 οὐ

351 3924 515 3987 μόνον
547 3920 641 3982 εἰς
662 3919 933 3989 ἀγγέλους
960 3922 1057 3975 καὶ
1081 3923 1430 3995 λειτουργοὺς
1456 3924 1739 3996 διανείμας
1767 3926 1942 3981 διεκό-

348 4023 580 4079 σμησεν,
612 4008 747 4063 ἀλλὰ
776 4010 869 4063 καὶ
901 4011 981 4075 εἰς
1006 4013 1182 4084 ἀρχὰς
1202 4055 1217 4079 ,
1250 4015 1345 4068 καὶ
1388 4014 1631 4086 θρόνους,
1661 4017 1758 4071 καὶ
1785 4017 1940 4084 ἐξου-

348 4100 486 4165 σίας.
524 4102 687 4156 Ἀλλο
720 4103 831 4175 γὰρ
880 4104 1036 4174 γένος
1081 4106 1142 4158 τὸ
1172 4105 1283 4159 τῶν
1314 4106 1537 4178 ἀρχῶν,
1583 4108 1679 4162 καὶ
1722 4108 1852 4163 ἄλλο
1878 4109 1941 4163 τὸ

349 4191 457 4245 τῶν
498 4192 755 4259 ἐξουσιῶν
776 4206 794 4225 ⁸
829 4195 911 4248 ὅτι
958 4194 1033 4266 μὴ
1060 4195 1250 4265 τάγμα
1285 4196 1366 4261 ἓν,
1398 4198 1493 4251 καὶ
1524 4198 1622 4269 μία
1654 4198 1937 4266 σύστασις,

346 4284 441 4337 καί
468 4284 633 4357 φυλὴ,
659 4287 753 4339 καὶ
782 4286 989 4359 πατριά
1013 4287 1125 4340 τῶν
1156 4288 1457 4355 ἀθανάτων,
1485 4289 1620 4344 ἀλλά
1652 4292 1810 4363 γένη,
1844 4294 1940 4347 καὶ

347 4377 534 4447 φυλαὶ,
567 4379 664 4433 καὶ
694 4379 969 4451 διαφοραί.
1002 4382 1113 4435 Καὶ
1131 4379 1257 4434 οὔτε
1284 4381 1355 4435 τὰ
1383 4383 1649 4455 χερουσιμ
1670 4384 1773 4456 τῆς
1802 4385 1938 4449 ἰδίας

346 4469 675 4541 ἐξιστάμενα
719 4471 935 4539 φύσεως
983 4475 1063 4538 εἰς
1104 4472 1202 4544 τὴν
1240 4472 1349 4527 τῶν
1378 4474 1628 4543 ἀγγέλων
1664 4477 1809 4530 ἰδέαν
1842 4494 1938 4548 μεο

2120 2806 2356 2864 ΧΧΧΙΙΙ.
2386 2808 2484 2866 Est
2508 2810 2644 2866 illud
2674 2812 2922 2883 insuper,
2954 2828 2987 2869 ο
3014 2813 3355 2886 Aglaophon,
3383 2817 3637 2873 consiue-

2045 2902 2261 2955 ratione
2296 2902 2545 2973 dignum,
2585 2919 2775 2960 errare
2805 2906 2960 2961 illum
2996 2909 3349 2963 vehementer
3385 2924 3452 2964 ac
3496 2910 3635 2975 falli,

2046 2993 2091 3047 si
2127 2994 2271 3062 quod
2315 3010 2405 3050 res
2451 3003 2535 3050 est
2580 2996 2846 3054 audacter
2892 3000 3255 3070 pronuntiare
3296 3002 3478 3067 liceat,
3508 3020 3635 3059 cum

2048 3082 2116 3136 iis
2146 3084 2214 3139 de
2244 3086 2409 3141 rebus
2447 3102 2759 3156 sermonem
2799 3089 3057 3146 instituit.
3102 3091 3235 3146 Nam
3269 3107 3395 3147 cum
3435 3094 3508 3148 ita
3552 3094 3638 3148 di-

2045 3173 2240 3241 xisset,
2290 3175 2580 3233 Dominum
2636 3178 2958 3237 Sadduca'is
3008 3184 3347 3240 tentantibus
3405 3201 3637 3256 respon-

2046 3266 2235 3324 disse:
2268 3269 2373 3335 Qui
2422 3280 2707 3342 compotes
2746 3275 3174 3330 resurrectionis
3216 3284 3425 3340 essent,
3465 3294 3632 3349 ange-

2046 3358 2219 3412 lorum
2252 3361 2429 3417 instar
2459 3362 2677 3420 futuros
2702 3363 2756 3432 ⁸;
2786 3373 2913 3436 post
2945 3366 3051 3422 ista
3082 3368 3367 3436 subiunxit
3396 3388 3408 3424 :
3438 3370 3628 3441 Angeli

2044 3466 2208 3521 porro
2236 3454 2421 3508 carnis
2445 3463 2698 3525 expertes
2725 3457 2780 3512 in
2810 3473 3025 3513 summa
3053 3457 3310 3516 felicitate
3334 3461 3537 3531 degunt
3563 3478 3629 3519 ac

2042 3542 2239 3614 gloria.
2278 3542 2461 3610 Quare
2489 3554 2544 3600 et
2578 3562 2702 3611 nos,
2740 3564 2881 3618 quos
2912 3550 3117 3619 aequari
3149 3553 3358 3621 angelis
3389 3562 3628 3623 oportet,

2042 3649 2274 3691 necesse
2312 3644 2398 3693 est
2429 3638 2496 3692 ad
2529 3640 2779 3694 eumdem
2814 3644 3032 3697 modum
3067 3658 3234 3700 carne
3268 3645 3489 3701 nudari.
3520 3646 3633 3704 Nec

2043 3724 2203 3789 illud,
2246 3728 2452 3798 optime
2492 3729 2763 3795 virorum,
2809 3733 3200 3789 animadvertit
3229 3752 3377 3801 eum,
3426 3738 3519 3808 qui
3562 3754 3632 3793 ex

2041 3817 2217 3873 nihilo
2246 3820 2513 3875 mundum
2544 3821 2857 3888 fabricavit,
2888 3841 2953 3880 ac
2982 3828 3293 3893 constituit,
3326 3845 3435 3883 non
3466 3846 3634 3901 ange-

2042 3910 2111 3965 lis
2148 3912 2311 3966 modo
2343 3920 2397 3967 et
2429 3913 2775 3972 administris
2806 3918 2958 3984 suis,
2990 3919 3085 3973 sed
3121 3928 3175 3973 et
3204 3922 3629 3993 principatibus,

2041 4001 2256 4057 thronis
2328 4018 2393 4059 ac
2464 4008 2828 4074 potestatibus
2893 4010 3142 4065 eamdem
3200 4012 3629 4071 immortalitatis

2041 4092 2412 4149 conditionem
2439 4096 2719 4152 tribuisse.
2750 4098 2911 4153 Aliud
2936 4100 3082 4154 enim
3109 4112 3195 4157 est
3220 4104 3629 4175 principatuunt

2040 4200 2247 4257 genus;
2278 4186 2430 4242 aliud
2463 4195 2817 4258 potestatum,
2859 4207 2925 4245 eo
2956 4193 3101 4262 quod
3133 4210 3243 4249 non
3286 4212 3430 4252 unus
3466 4199 3626 4261 ordo.

2039 4291 2143 4331 nec
2183 4293 2353 4331 unum
2384 4279 2552 4333 veluti
2587 4294 2789 4350 corpus
2818 4296 2883 4335 ac
2926 4282 3103 4339 tribus
3140 4285 3535 4343 immortalium
3574 4298 3628 4345 et

2041 4364 2247 4420 familia
2279 4367 2386 4435 sit;
2421 4369 2516 4424 sed
2550 4384 2811 4440 generum
2848 4387 2913 4426 ac
2944 4374 3091 4429 velut
3118 4376 3405 4431 nationum
3442 4379 3629 4434 divor-

2040 4460 2140 4515 tia.
2187 4459 2377 4531 Neque
2412 4462 2699 4517 cherubim
2736 4465 2903 4534 igitur
2946 4466 3016 4520 ab
3054 4477 3251 4521 natura
3301 4485 3399 4524 sua
3451 4473 3630 4527 desci-

344 4560 793 4625 τασκευάζονται,
840 4563 969 4618 οὔτε
1013 4564 1093 4628 εἰς
1139 4565 1341 4637 ἑτέρων
1394 4566 1556 4622 πάλιν
1592 4570 1642 4621 οἰ
1690 4569 1931 4638 ἄγγελοι.

2043 4554 2249 4610 scentia
2283 4555 2338 4609 in
2368 4556 2686 4627 angelorum
2713 4558 3083 4615 conditionem
3114 4570 3422 4625 transeunt,
3449 4581 3628 4635 neque

346 4649 499 4708 Εἶναι
527 4652 637 4727 γάρ
666 4653 809 4707 αὐτὰ
837 4657 943 4726 χρὴ
989 4655 1085 4709 καὶ
1113 4656 1143 4709 ὃ
1178 4658 1306 4719 εἰσι,
1338 4656 1434 4710 καὶ
1466 4656 1496 4709 6
1525 4658 1834 4727 γεγόνασιν.
1872 4658 1937 4713 Εἰ

346 4744 455 4816 γάρ
502 4744 599 4798 καὶ
627 4745 656 4799 6
698 4744 985 4811 ἄνθρωπος
1029 4746 1120 4800 τὸν
1163 4745 1367 4818 κόσμον
1397 4748 1588 4812 οἰκεῖν,
1617 4748 1712 4801 καὶ
1743 4747 1851 4802 τῶν
1880 4750 1938 4801 ὲν

345 4833 495 4906 αὐτῷ
522 4835 742 4888 πάντων
775 4835 1129 4906 ἡγεμονεύειν
1150 4836 1514 4902 κατασταθεὶς
1546 4837 1645 4908 τῆς
1672 4836 1731 4904 ἐξ
1758 4838 1936 4909 ἀρχῆς

346 4926 756 4996 διακοσμήσεως
786 4926 1057 4991 ἀθάνατος
1084 4925 1181 4994 ὢν,
1209 4928 1306 4981 τοῦ
1341 4923 1480 4982 εἶναι
1520 4929 1808 5000 ἄνθρωπος
1841 4929 1935 4983 οὖ-

346 5036 477 5073 ποτε
528 5018 997 5090 μεταϐληθήσεται
1020 5058 1035 5082 ,
1078 5017 1203 5072 οὔτε
1253 5019 1335 5082 εἰς
1377 5020 1478 5092 τὴν
1516 5018 1628 5073 τῶν
1659 5020 1929 5088 ἀγγέλων,

345 5110 468 5165 οὔτε
495 5113 575 5175 εἰς
603 5111 701 5183 τὴν
724 5110 834 5164 τῶν
859 5110 1060 5181 ἑτέρων
1098 5112 1337 5182 μορφήνο
1362 5112 1445 5166 ὅτι
1471 5112 1608 5183 μηδὲ
1632 5113 1680 5166 οἰ
1710 5111 1933 5182 ἄγγελοι

346 5205 427 5265 εἰς
457 5203 556 5273 τὴν
585 5201 761 5255 ἄλλων
789 5202 891 5273 τῆς
933 5201 994 5267 ἐξ
1022 5203 1202 5276 ἀρχῆς
1249 5202 1393 5265 ἰδέας
1425 5203 1931 5274 μετακοσμούμενα

351 5294 799 5365 μεταὸάλλονται.

418 5496 432 5527 ³
469 5495 487 5548 1
520 5495 649 5550 Cor.
673 5510 793 5558 xm,
828 5493 912 5548 11.
992 5494 1012 5523 ²
1036 5491 1181 5549 Psal.
1214 5507 1332 5554 cm,
1368 5491 1458 5546 50.
1534 5491 1556 5522 ³
1586 5490 1753 5545 Marc.
1787 5507 1886 5557 xtt,
1917 5492 2008 5548 25.

419 5652 533 5722 (39)
570 5652 896 5721 Ἑσομένης
936 5650 1194 5722 γὰρκαί
1210 5649 1362 5720 μετὰ
1401 5648 1635 5722 τοῦτον.
1665 5647 1781 5722 ⁸11ἱρ
1814 5664 1938 5717 per-

351 5719 541 5792 spicue
574 5719 1007 5792 post—judicium
1055 5719 1546 5792 hOIIIit‘ICSriel'l'allt
1591 5719 1936 5775 ltabilaturos

354 5790 589 5853 aSserit,'
616 5810 722 5847 nun
758 5804 818 5846 ut
853 5793 1137 5846 Chiliasta:
1168 5790 1234 5843 ad
1285 5791 1492 5859 aliquot
1516 5790 1782 5842 duntaxat
1829 5805 1933 5843 saa—

355 5868 501 5921 cula.
530 5880 611 5919 sic
644 5874 701 5917 ut
738 5866 955 5918 interim
986 5877 1241 5933 suprema
1278 5862 1370 5914 illa
1403 5861 1683 5925 felicitate,
1720 5862 1821 5915 hoc
1848 5868 1933 5915 est

2038 4654 2233 4702 contra
2267 4649 2609 4705 aliorumoin
2658 4659 2911 4705 naturam
2963 4654 3141 4724 angeli
3192 4666 3623 4714 commutantur.

2039 4738 2252 4811 Quippe
2285 4740 2433 4812 quod
2465 4749 2519 4797 et
2550 4749 2699 4803 sunt,
2725 4754 2779 4798 et
2813 4742 3126 4812 cuiusmodi
3160 4748 3431 4816 producta
3469 4761 3621 4815 sunt.

2038 4844 2162 4886 esse
2182 4831 2273 4884 illa
2295 4846 2524 4887 necesse
2543 4838 2647 4887 est.
2678 4831 2891 4886 Etenim
2912 4836 2959 4889 si
2979 4843 3034 4889 ct
3055 4834 3240 4900 homo,
3263 4837 3358 4909 qui
3390 4845 3452 4894 ut
3481 4838 3630 4897 hunc

2037 4920 2303 4976 mundum
2364 4923 2656 4989 habitaret,
2690 4926 3056 4997 omnibusque
3086 4928 3179 4997 qui
3226 4930 3283 4983 in
3345 4943 3413 4985 eo
3475 4941 3627 4997 sunt,

2040 5021 2325 5081 praeesset,
2343 5028 2411 5067 ex
2433 5014 2609 5084 prima
2636 5014 2997 5082 dispositione
3020 5019 3357 5075 constitutus
3376 5025 3483 5085 est,
3500 5035 3625 5075 cum

2042 5105 2481 5171 sitimmortalis,
2506 5122 2784 5178 nunquam
2819 5107 2873 5162 in
2904 5109 3246 5180 angelorum,
3277 5118 3371 5165 aut
3401 5112 3629 5168 alterius

2042 5196 2338 5266 cujuslibet
2388 5197 2620 5253 formam
2681 5215 2749 5254 ex
2803 5200 3023 5257 homine
3064 5202 3470 5259 convertendus
3504 5213 3622 5266 est;

2043 5298 2193 5345 certe
2247 5307 2370 5355 nec,
2416 5293 2592 5364 angeli
2626 5293 2694 5347 ab
2723 5308 2808 5356 ea,
2860 5307 3023 5365 quam
3078 5295 3236 5351 initio
3263 5296 3441 5351 sortiti
3475 5308 3622 5359 sunt,

2042 5383 2223 5451 specie
2256 5398 2319 5439 ac
2372 5394 2569 5439 natura
2614 5385 3000 5441 transformari
3029 5388 3341 5459 mutarique
3370 5398 3624 5460 possunt.

2048 5660 2272 5721 aspectu
2300 5650 2394 5707 Dei
2418 5658 2701 5717 carerent;
2733 5667 2920 5707 verum
2944 5659 3003 5705 ut
3029 5660 3083 5706 et
3107 5659 3370 5723 perpetuo
3400 5652 3452 5706 in
3479 5660 3623 5708 terra

2006 5736 2009 5739 ‘
2044 5724 2417 5793 degerent,“
2454 5737 2669 5776 smntna
2720 5724 3078 5779 nihilominus
3118 5724 3227 5779 illis
3276 5739 3341 5779 ac
3384 5726 3624 5793 perfecta

2044 5792 2300 5850 beatitate
2331 5792 2668 5849 fruerentur.
