  <div class='ocr_page' id='page_1' title='image "/cluster/home/n/w/nwhite01/storage/ocr_20150623/41/nnc1.0046978747/641.png"; bbox 0 0 4082 6394; ppageno 0'>
   <div class='ocr_carea' id='block_1_1' title="bbox 551 435 688 493">
    <p class='ocr_par' dir='ltr' id='par_1_1' title="bbox 551 435 688 493">
     <span class='ocr_line' id='line_1_1' title="bbox 551 435 688 493; baseline 0 -1"><span class='ocrx_word' id='word_1_1' title='bbox 551 435 688 493; x_wconf 70' lang='lat'><strong>“23</strong></span> 
     </span>
    </p>
   </div>
   <div class='ocr_carea' id='block_1_2' title="bbox 546 637 2128 712">
    <p class='ocr_par' dir='ltr' id='par_1_2' title="bbox 546 637 2128 712">
     <span class='ocr_line' id='line_1_2' title="bbox 546 637 2128 712; baseline -0.006 -14"><span class='ocrx_word' id='word_1_2' title='bbox 546 647 650 698; x_wconf 85' lang='lat' dir='ltr'><strong>tari</strong></span> <span class='ocrx_word' id='word_1_3' title='bbox 674 643 846 712; x_wconf 82' lang='lat' dir='ltr'><strong>vertiq</strong></span> <span class='ocrx_word' id='word_1_4' title='bbox 860 658 926 698; x_wconf 90' lang='lat' dir='ltr'><strong>ue</strong></span> <span class='ocrx_word' id='word_1_5' title='bbox 955 651 1207 696; x_wconf 91' lang='lat' dir='ltr'><strong>naturain</strong></span> <span class='ocrx_word' id='word_1_6' title='bbox 1237 641 1473 695; x_wconf 83' lang='lat' dir='ltr'><strong>hominis</strong></span> <span class='ocrx_word' id='word_1_7' title='bbox 1503 647 1758 711; x_wconf 83' lang='lat' dir='ltr'><strong>Oportere</strong></span> <span class='ocrx_word' id='word_1_8' title='bbox 1788 637 2128 708; x_wconf 65' lang='lat' dir='ltr'><strong>praedicavit,</strong></span> 
     </span>
    </p>
   </div>
   <div class='ocr_carea' id='block_1_3' title="bbox 547 727 2132 799">
    <p class='ocr_par' dir='ltr' id='par_1_3' title="bbox 547 727 2132 799">
     <span class='ocr_line' id='line_1_3' title="bbox 547 727 2132 799; baseline -0.005 -11"><span class='ocrx_word' id='word_1_9' title='bbox 547 733 644 788; x_wconf 83' lang='lat' dir='ltr'><strong>sed</strong></span> <span class='ocrx_word' id='word_1_10' title='bbox 679 734 732 786; x_wconf 89' lang='lat' dir='ltr'><strong>in</strong></span> <span class='ocrx_word' id='word_1_11' title='bbox 768 732 820 786; x_wconf 89' lang='lat' dir='ltr'><strong>id</strong></span> <span class='ocrx_word' id='word_1_12' title='bbox 855 731 1035 786; x_wconf 91' lang='lat' dir='ltr'><strong>redire</strong></span> <span class='ocrx_word' id='word_1_13' title='bbox 1063 731 1353 792; x_wconf 73' lang='lat' dir='ltr'><strong>duntaxat,</strong></span> <span class='ocrx_word' id='word_1_14' title='bbox 1386 730 1536 799; x_wconf 90' lang='lat' dir='ltr'><strong>quod</strong></span> <span class='ocrx_word' id='word_1_15' title='bbox 1570 730 1726 784; x_wconf 92' lang='lat' dir='ltr'><strong>initio</strong></span> <span class='ocrx_word' id='word_1_16' title='bbox 1753 727 1950 790; x_wconf 79' lang='lat' dir='ltr'><strong>fuerat.</strong></span> <span class='ocrx_word' id='word_1_17' title='bbox 1983 735 2132 781; x_wconf 89' lang='lat' dir='ltr'><strong>ante-</strong></span> 
     </span>
    </p>
   </div>
   <div class='ocr_carea' id='block_1_4' title="bbox 547 818 2133 892">
    <p class='ocr_par' dir='ltr' id='par_1_4' title="bbox 547 818 2133 892">
     <span class='ocr_line' id='line_1_4' title="bbox 547 818 2133 892; baseline -0.003 -16"><span class='ocrx_word' id='word_1_18' title='bbox 547 839 712 892; x_wconf 86' lang='lat' dir='ltr'><strong>quam</strong></span> <span class='ocrx_word' id='word_1_19' title='bbox 749 823 1044 887; x_wconf 76' lang='lat' dir='ltr'><strong>excideret,</strong></span> <span class='ocrx_word' id='word_1_20' title='bbox 1081 830 1196 875; x_wconf 91' lang='lat' dir='ltr'><strong>tum</strong></span> <span class='ocrx_word' id='word_1_21' title='bbox 1225 836 1349 875; x_wconf 91' lang='lat' dir='ltr'><strong>cum</strong></span> <span class='ocrx_word' id='word_1_22' title='bbox 1391 830 1537 876; x_wconf 91' lang='lat' dir='ltr'><strong>esset</strong></span> <span class='ocrx_word' id='word_1_23' title='bbox 1571 821 1920 874; x_wconf 84' lang='lat' dir='ltr'><strong>immortalis.</strong></span> <span class='ocrx_word' id='word_1_24' title='bbox 1953 818 2133 888; x_wconf 88' lang='lat' dir='ltr'><strong>Siqui-</strong></span> 
     </span>
    </p>
   </div>
   <div class='ocr_carea' id='block_1_5' title="bbox 515 912 2132 984">
    <p class='ocr_par' dir='ltr' id='par_1_5' title="bbox 515 912 2132 984">
     <span class='ocr_line' id='line_1_5' title="bbox 515 912 2132 984; baseline -0.002 -15"><span class='ocrx_word' id='word_1_25' title='bbox 515 914 670 970; x_wconf 81' lang='lat' dir='ltr'><strong>-dem</strong></span> <span class='ocrx_word' id='word_1_26' title='bbox 690 929 912 969; x_wconf 86' lang='lat' dir='ltr'><strong>necesse</strong></span> <span class='ocrx_word' id='word_1_27' title='bbox 938 923 1022 969; x_wconf 90' lang='lat' dir='ltr'><strong>est</strong></span> <span class='ocrx_word' id='word_1_28' title='bbox 1046 914 1476 984; x_wconf 78' lang='lat' dir='ltr'><strong>unumquodque</strong></span> <span class='ocrx_word' id='word_1_29' title='bbox 1490 929 1700 976; x_wconf 87' lang='lat' dir='ltr'><strong>eorum,</strong></span> <span class='ocrx_word' id='word_1_30' title='bbox 1721 929 1841 983; x_wconf 64' lang='lat' dir='ltr'><strong>qua:</strong></span> <span class='ocrx_word' id='word_1_31' title='bbox 1864 912 2132 981; x_wconf 88' lang='lat' dir='ltr'><strong>producta</strong></span> 
     </span>
    </p>
   </div>
   <div class='ocr_carea' id='block_1_6' title="bbox 547 1004 2133 1076">
    <p class='ocr_par' dir='ltr' id='par_1_6' title="bbox 547 1004 2133 1076">
     <span class='ocr_line' id='line_1_6' title="bbox 547 1004 2133 1076; baseline -0.001 -16"><span class='ocrx_word' id='word_1_32' title='bbox 547 1017 695 1068; x_wconf 89' lang='lat' dir='ltr'><strong>sunt,</strong></span> <span class='ocrx_word' id='word_1_33' title='bbox 733 1009 786 1060; x_wconf 91' lang='lat' dir='ltr'><strong>in</strong></span> <span class='ocrx_word' id='word_1_34' title='bbox 827 1007 1045 1076; x_wconf 90' lang='lat' dir='ltr'><strong>propria</strong></span> <span class='ocrx_word' id='word_1_35' title='bbox 1088 1014 1296 1060; x_wconf 63' lang='lat' dir='ltr'><strong>natura</strong></span> <span class='ocrx_word' id='word_1_36' title='bbox 1329 1022 1441 1060; x_wconf 77' lang='lat' dir='ltr'><strong>sine</strong></span> <span class='ocrx_word' id='word_1_37' title='bbox 1484 1005 1659 1059; x_wconf 82' lang='lat' dir='ltr'><strong>forma</strong></span> <span class='ocrx_word' id='word_1_38' title='bbox 1710 1021 1774 1058; x_wconf 89' lang='lat' dir='ltr'><strong>ac</strong></span> <span class='ocrx_word' id='word_1_39' title='bbox 1819 1004 2133 1058; x_wconf 87' lang='lat' dir='ltr'><strong>conditione</strong></span> 
     </span>
    </p>
   </div>
   <div class='ocr_carea' id='block_1_7' title="bbox 547 1097 2132 1168">
    <p class='ocr_par' dir='ltr' id='par_1_7' title="bbox 547 1097 2132 1168">
     <span class='ocr_line' id='line_1_7' title="bbox 547 1097 2132 1168; baseline -0.002 -17"><span class='ocrx_word' id='word_1_40' title='bbox 547 1113 890 1168; x_wconf 85' lang='lat' dir='ltr'><strong>permanere,</strong></span> <span class='ocrx_word' id='word_1_41' title='bbox 933 1105 992 1150; x_wconf 93' lang='lat' dir='ltr'><strong>ut</strong></span> <span class='ocrx_word' id='word_1_42' title='bbox 1030 1097 1286 1151; x_wconf 88' lang='lat' dir='ltr'><strong>omnibus</strong></span> <span class='ocrx_word' id='word_1_43' title='bbox 1317 1097 1501 1150; x_wconf 84' lang='lat' dir='ltr'><strong>omnia</strong></span> <span class='ocrx_word' id='word_1_44' title='bbox 1543 1097 1925 1166; x_wconf 79' lang='lat' dir='ltr'><strong>compleantur</strong></span> <span class='ocrx_word' id='word_1_45' title='bbox 1959 1114 1972 1149; x_wconf 93' lang='lat'>:</span> <span class='ocrx_word' id='word_1_46' title='bbox 2004 1105 2132 1164; x_wconf 90' lang='lat' dir='ltr'><strong>puta</strong></span> 
     </span>
    </p>
   </div>
   <div class='ocr_carea' id='block_1_8' title="bbox 550 1186 2136 1257">
    <p class='ocr_par' dir='ltr' id='par_1_8' title="bbox 550 1186 2136 1257">
     <span class='ocr_line' id='line_1_8' title="bbox 550 1186 2136 1257; baseline -0.001 -16"><span class='ocrx_word' id='word_1_47' title='bbox 550 1190 803 1242; x_wconf 71' lang='lat' dir='ltr'><strong>cmlestes</strong></span> <span class='ocrx_word' id='word_1_48' title='bbox 847 1189 1052 1257; x_wconf 80' lang='lat' dir='ltr'><strong>angelis</strong></span> <span class='ocrx_word' id='word_1_49' title='bbox 1099 1189 1282 1250; x_wconf 86' lang='lat' dir='ltr'><strong>orbes,</strong></span> <span class='ocrx_word' id='word_1_50' title='bbox 1325 1188 1504 1241; x_wconf 87' lang='lat' dir='ltr'><strong>throni</strong></span> <span class='ocrx_word' id='word_1_51' title='bbox 1545 1188 1929 1257; x_wconf 79' lang='lat' dir='ltr'><strong>potestatibus,</strong></span> <span class='ocrx_word' id='word_1_52' title='bbox 1966 1186 2136 1240; x_wconf 91' lang='lat' dir='ltr'><strong>admi-</strong></span> 
     </span>
    </p>
   </div>
   <div class='ocr_carea' id='block_1_9' title="bbox 559 1278 2133 1348">
    <p class='ocr_par' dir='ltr' id='par_1_9' title="bbox 559 1278 2133 1348">
     <span class='ocr_line' id='line_1_9' title="bbox 559 1278 2133 1348; baseline -0.001 -16"><span class='ocrx_word' id='word_1_53' title='bbox 559 1279 752 1333; x_wconf 91' lang='lat' dir='ltr'><strong>nistris</strong></span> <span class='ocrx_word' id='word_1_54' title='bbox 790 1279 1029 1343; x_wconf 88' lang='lat' dir='ltr'><strong>lumina;</strong></span> <span class='ocrx_word' id='word_1_55' title='bbox 1063 1279 1360 1334; x_wconf 84' lang='lat' dir='ltr'><strong>diviniores</strong></span> <span class='ocrx_word' id='word_1_56' title='bbox 1385 1293 1550 1348; x_wconf 78' lang='lat' dir='ltr'><strong>porro</strong></span> <span class='ocrx_word' id='word_1_57' title='bbox 1583 1279 1764 1343; x_wconf 90' lang='lat' dir='ltr'><strong>sedes,</strong></span> <span class='ocrx_word' id='word_1_58' title='bbox 1800 1278 2133 1333; x_wconf 90' lang='lat' dir='ltr'><strong>sineeriora-</strong></span> 
     </span>
    </p>
   </div>
   <div class='ocr_carea' id='block_1_10' title="bbox 549 1369 2132 1440">
    <p class='ocr_par' dir='ltr' id='par_1_10' title="bbox 549 1369 2132 1440">
     <span class='ocr_line' id='line_1_10' title="bbox 549 1369 2132 1440; baseline 0.001 -18"><span class='ocrx_word' id='word_1_59' title='bbox 549 1385 658 1439; x_wconf 90' lang='lat' dir='ltr'><strong>que</strong></span> <span class='ocrx_word' id='word_1_60' title='bbox 693 1370 898 1422; x_wconf 90' lang='lat' dir='ltr'><strong>lumina</strong></span> <span class='ocrx_word' id='word_1_61' title='bbox 932 1369 1280 1439; x_wconf 89' lang='lat' dir='ltr'><strong>seraphimis,</strong></span> <span class='ocrx_word' id='word_1_62' title='bbox 1317 1371 1411 1439; x_wconf 90' lang='lat' dir='ltr'><strong>qui</strong></span> <span class='ocrx_word' id='word_1_63' title='bbox 1453 1385 1682 1424; x_wconf 69' lang='lat' dir='ltr'><strong>summie</strong></span> <span class='ocrx_word' id='word_1_64' title='bbox 1722 1369 1797 1424; x_wconf 90' lang='lat' dir='ltr'><strong>illi</strong></span> <span class='ocrx_word' id='word_1_65' title='bbox 1840 1370 2132 1440; x_wconf 82' lang='lat' dir='ltr'><strong>providen-</strong></span> 
     </span>
    </p>
   </div>
   <div class='ocr_carea' id='block_1_11' title="bbox 553 1461 2129 1532">
    <p class='ocr_par' dir='ltr' id='par_1_11' title="bbox 553 1461 2129 1532">
     <span class='ocr_line' id='line_1_11' title="bbox 553 1461 2129 1532; baseline 0.001 -18"><span class='ocrx_word' id='word_1_66' title='bbox 553 1461 660 1521; x_wconf 70' lang='lat' dir='ltr'><strong>tiae.</strong></span> <span class='ocrx_word' id='word_1_67' title='bbox 691 1475 798 1530; x_wconf 88' lang='lat' dir='ltr'><strong>qua</strong></span> <span class='ocrx_word' id='word_1_68' title='bbox 833 1461 1014 1514; x_wconf 85' lang='lat' dir='ltr'><strong>omnia</strong></span> <span class='ocrx_word' id='word_1_69' title='bbox 1048 1465 1420 1526; x_wconf 84' lang='lat' dir='ltr'><strong>continentur,</strong></span> <span class='ocrx_word' id='word_1_70' title='bbox 1468 1463 1615 1517; x_wconf 85' lang='lat' dir='ltr'><strong>velut</strong></span> <span class='ocrx_word' id='word_1_71' title='bbox 1652 1463 1994 1532; x_wconf 89' lang='lat' dir='ltr'><strong>apparitores</strong></span> <span class='ocrx_word' id='word_1_72' title='bbox 2039 1476 2129 1516; x_wconf 91' lang='lat' dir='ltr'><strong>as-</strong></span> 
     </span>
    </p>
   </div>
   <div class='ocr_carea' id='block_1_12' title="bbox 548 1551 2128 1623">
    <p class='ocr_par' dir='ltr' id='par_1_12' title="bbox 548 1551 2128 1623">
     <span class='ocr_line' id='line_1_12' title="bbox 548 1551 2128 1623; baseline -0.001 -15"><span class='ocrx_word' id='word_1_73' title='bbox 548 1553 776 1608; x_wconf 72' lang='lat' dir='ltr'><strong>sistunt.</strong></span> <span class='ocrx_word' id='word_1_74' title='bbox 829 1551 1064 1607; x_wconf 82' lang='lat' dir='ltr'><strong>Mundus</strong></span> <span class='ocrx_word' id='word_1_75' title='bbox 1105 1553 1341 1623; x_wconf 92' lang='lat' dir='ltr'><strong>denique</strong></span> <span class='ocrx_word' id='word_1_76' title='bbox 1386 1554 1723 1607; x_wconf 90' lang='lat' dir='ltr'><strong>hominibus.</strong></span> <span class='ocrx_word' id='word_1_77' title='bbox 1769 1553 1926 1623; x_wconf 82' lang='lat'><strong>557</strong></span> <span class='ocrx_word' id='word_1_78' title='bbox 1963 1553 2128 1622; x_wconf 81' lang='lat' dir='ltr'><strong>Atqui</strong></span> 
     </span>
    </p>
   </div>
   <div class='ocr_carea' id='block_1_13' title="bbox 554 1643 2131 1712">
    <p class='ocr_par' dir='ltr' id='par_1_13' title="bbox 554 1643 2131 1712">
     <span class='ocr_line' id='line_1_13' title="bbox 554 1643 2131 1712; baseline 0 -14"><span class='ocrx_word' id='word_1_79' title='bbox 554 1643 602 1698; x_wconf 85' lang='lat' dir='ltr'><strong>si</strong></span> <span class='ocrx_word' id='word_1_80' title='bbox 637 1644 690 1696; x_wconf 90' lang='lat' dir='ltr'><strong>in</strong></span> <span class='ocrx_word' id='word_1_81' title='bbox 721 1644 944 1712; x_wconf 89' lang='lat' dir='ltr'><strong>angelos</strong></span> <span class='ocrx_word' id='word_1_82' title='bbox 984 1644 1183 1698; x_wconf 90' lang='lat' dir='ltr'><strong>mutari</strong></span> <span class='ocrx_word' id='word_1_83' title='bbox 1214 1644 1464 1699; x_wconf 89' lang='lat' dir='ltr'><strong>homines</strong></span> <span class='ocrx_word' id='word_1_84' title='bbox 1493 1647 1956 1700; x_wconf 89' lang='lat' dir='ltr'><strong>concesserimus.</strong></span> <span class='ocrx_word' id='word_1_85' title='bbox 1995 1659 2131 1699; x_wconf 88' lang='lat' dir='ltr'><strong>con-</strong></span> 
     </span>
    </p>
   </div>
   <div class='ocr_carea' id='block_1_14' title="bbox 550 1735 2128 1805">
    <p class='ocr_par' dir='ltr' id='par_1_14' title="bbox 550 1735 2128 1805">
     <span class='ocr_line' id='line_1_14' title="bbox 550 1735 2128 1805; baseline -0.001 -17"><span class='ocrx_word' id='word_1_86' title='bbox 550 1749 790 1803; x_wconf 85' lang='lat' dir='ltr'><strong>sequens</strong></span> <span class='ocrx_word' id='word_1_87' title='bbox 833 1743 918 1790; x_wconf 86' lang='lat' dir='ltr'><strong>est</strong></span> <span class='ocrx_word' id='word_1_88' title='bbox 953 1743 1009 1787; x_wconf 94' lang='lat' dir='ltr'><strong>ut</strong></span> <span class='ocrx_word' id='word_1_89' title='bbox 1037 1742 1090 1788; x_wconf 90' lang='lat' dir='ltr'><strong>et</strong></span> <span class='ocrx_word' id='word_1_90' title='bbox 1124 1736 1348 1805; x_wconf 84' lang='lat' dir='ltr'><strong>angelus</strong></span> <span class='ocrx_word' id='word_1_91' title='bbox 1390 1736 1446 1789; x_wconf 91' lang='lat' dir='ltr'><strong>in</strong></span> <span class='ocrx_word' id='word_1_92' title='bbox 1489 1743 1805 1805; x_wconf 81' lang='lat' dir='ltr'><strong>potestates,</strong></span> <span class='ocrx_word' id='word_1_93' title='bbox 1848 1744 1901 1789; x_wconf 91' lang='lat' dir='ltr'><strong>et</strong></span> <span class='ocrx_word' id='word_1_94' title='bbox 1936 1735 2036 1788; x_wconf 89' lang='lat' dir='ltr'><strong>bas</strong></span> <span class='ocrx_word' id='word_1_95' title='bbox 2075 1735 2128 1787; x_wconf 89' lang='lat' dir='ltr'><strong>in</strong></span> 
     </span>
    </p>
   </div>
   <div class='ocr_carea' id='block_1_15' title="bbox 1953 425 2394 486">
    <p class='ocr_par' dir='ltr' id='par_1_15' title="bbox 1953 425 2394 486">
     <span class='ocr_line' id='line_1_15' title="bbox 1953 425 2394 486; baseline -0.009 0"><span class='ocrx_word' id='word_1_96' title='bbox 1953 428 2012 486; x_wconf 82' lang='lat' dir='ltr'><strong>S.</strong></span> <span class='ocrx_word' id='word_1_97' title='bbox 2053 425 2394 485; x_wconf 78' lang='lat' dir='ltr'><strong>EPIPHANII</strong></span> 
     </span>
    </p>
   </div>
   <div class='ocr_carea' id='block_1_16' title="bbox 618 547 2198 610">
    <p class='ocr_par' dir='ltr' id='par_1_16' title="bbox 618 547 2198 610">
     <span class='ocr_line' id='line_1_16' title="bbox 618 547 2198 610; baseline -0.004 -4"><span class='ocrx_word' id='word_1_98' title='bbox 618 551 684 606; x_wconf 84' lang='lat' dir='ltr'><strong>Et</strong></span> <span class='ocrx_word' id='word_1_99' title='bbox 709 565 835 606; x_wconf 78' lang='lat' dir='ltr'><strong>vero</strong></span> <span class='ocrx_word' id='word_1_100' title='bbox 859 549 1108 606; x_wconf 79' lang='lat' dir='ltr'><strong>Christus</strong></span> <span class='ocrx_word' id='word_1_101' title='bbox 1133 548 1430 604; x_wconf 77' lang='lat' dir='ltr'><strong>adveniens</strong></span> <span class='ocrx_word' id='word_1_102' title='bbox 1458 562 1569 602; x_wconf 94' lang='lat' dir='ltr'><strong>non</strong></span> <span class='ocrx_word' id='word_1_103' title='bbox 1598 548 1653 602; x_wconf 91' lang='lat' dir='ltr'><strong>in</strong></span> <span class='ocrx_word' id='word_1_104' title='bbox 1679 547 1903 602; x_wconf 85' lang='lat' dir='ltr'><strong>alteram</strong></span> <span class='ocrx_word' id='word_1_105' title='bbox 1933 550 2123 601; x_wconf 86' lang='lat' dir='ltr'><strong>demu—</strong></span> <span class='ocrx_word' id='word_1_106' title='bbox 2151 554 2198 610; x_wconf 72' lang='grc' dir='ltr'><strong>Α</strong></span> 
     </span>
    </p>
   </div>
   <div class='ocr_carea' id='block_1_17' title="bbox 3736 423 3919 481">
    <p class='ocr_par' dir='ltr' id='par_1_17' title="bbox 3736 423 3919 481">
     <span class='ocr_line' id='line_1_17' title="bbox 3736 423 3919 481; baseline 0.005 -2"><span class='ocrx_word' id='word_1_107' title='bbox 3736 423 3919 481; x_wconf 69' lang='grc'><strong>1124</strong></span> 
     </span>
    </p>
   </div>
   <div class='ocr_carea' id='block_1_18' title="bbox 2306 539 3906 618">
    <p class='ocr_par' dir='ltr' id='par_1_18' title="bbox 2306 539 3906 618">
     <span class='ocr_line' id='line_1_18' title="bbox 2306 539 3906 618; baseline -0.006 -17"><span class='ocrx_word' id='word_1_108' title='bbox 2306 548 2364 601; x_wconf 81' lang='lat'><strong>&#39;0</strong></span> <span class='ocrx_word' id='word_1_109' title='bbox 2394 546 2504 618; x_wconf 85' lang='grc' dir='ltr'><strong>γάρ</strong></span> <span class='ocrx_word' id='word_1_110' title='bbox 2529 546 2761 618; x_wconf 82' lang='grc' dir='ltr'>Χριστὸς</span> <span class='ocrx_word' id='word_1_111' title='bbox 2791 540 2928 618; x_wconf 85' lang='grc' dir='ltr'>ἦκεν</span> <span class='ocrx_word' id='word_1_112' title='bbox 2959 545 3060 600; x_wconf 80' lang='grc' dir='ltr'><strong>οὐκ</strong></span> <span class='ocrx_word' id='word_1_113' title='bbox 3091 546 3172 604; x_wconf 79' lang='grc' dir='ltr'><strong>είς</strong></span> <span class='ocrx_word' id='word_1_114' title='bbox 3199 544 3385 616; x_wconf 77' lang='grc' dir='ltr'>ἑτέραν</span> <span class='ocrx_word' id='word_1_115' title='bbox 3415 539 3906 616; x_wconf 70' lang='grc' dir='ltr'>μετα-πλασθῆ-</span> 
     </span>
    </p>
   </div>
   <div class='ocr_carea' id='block_1_19' title="bbox 2230 633 3916 710">
    <p class='ocr_par' dir='ltr' id='par_1_19' title="bbox 2230 633 3916 710">
     <span class='ocr_line' id='line_1_19' title="bbox 2230 633 3916 710; baseline -0.006 -17"><span class='ocrx_word' id='word_1_116' title='bbox 2230 657 2320 693; x_wconf 89' lang='grc' dir='ltr'><strong>ναι</strong></span> <span class='ocrx_word' id='word_1_117' title='bbox 2354 639 2646 710; x_wconf 78' lang='grc' dir='ltr'><strong>κηρύσσων</strong></span> <span class='ocrx_word' id='word_1_118' title='bbox 2667 677 2682 702; x_wconf 94' lang='grc'><strong>,</strong></span> <span class='ocrx_word' id='word_1_119' title='bbox 2718 638 2752 709; x_wconf 85' lang='grc' dir='ltr'>ἦ</span> <span class='ocrx_word' id='word_1_120' title='bbox 2788 637 3294 708; x_wconf 78' lang='grc' dir='ltr'><strong>μετασκευασθῆναι</strong></span> <span class='ocrx_word' id='word_1_121' title='bbox 3339 636 3438 707; x_wconf 73' lang='grc' dir='ltr'>τὴν</span> <span class='ocrx_word' id='word_1_122' title='bbox 3472 633 3916 705; x_wconf 72' lang='grc' dir='ltr'><strong>ἀνθρωπείαν</strong></span> 
     </span>
    </p>
   </div>
   <div class='ocr_carea' id='block_1_20' title="bbox 2232 724 3920 801">
    <p class='ocr_par' dir='ltr' id='par_1_20' title="bbox 2232 724 3920 801">
     <span class='ocr_line' id='line_1_20' title="bbox 2232 724 3920 801; baseline -0.005 -18"><span class='ocrx_word' id='word_1_123' title='bbox 2232 731 2424 801; x_wconf 82' lang='grc' dir='ltr'>φύσιν,</span> <span class='ocrx_word' id='word_1_124' title='bbox 2468 731 2605 784; x_wconf 83' lang='grc' dir='ltr'><strong>ἀλλά</strong></span> <span class='ocrx_word' id='word_1_125' title='bbox 2662 731 2743 794; x_wconf 87' lang='grc' dir='ltr'><strong>είς</strong></span> <span class='ocrx_word' id='word_1_126' title='bbox 2773 729 2802 782; x_wconf 84' lang='lat'><strong>6</strong></span> <span class='ocrx_word' id='word_1_127' title='bbox 2843 725 2912 800; x_wconf 78' lang='grc' dir='ltr'>ἦν</span> <span class='ocrx_word' id='word_1_128' title='bbox 2950 727 3010 792; x_wconf 76' lang='grc' dir='ltr'>ἐξ</span> <span class='ocrx_word' id='word_1_129' title='bbox 3052 729 3228 800; x_wconf 74' lang='grc' dir='ltr'>ἀρχῆς</span> <span class='ocrx_word' id='word_1_130' title='bbox 3269 728 3378 801; x_wconf 75' lang='grc' dir='ltr'>πρὸ</span> <span class='ocrx_word' id='word_1_131' title='bbox 3416 726 3514 781; x_wconf 73' lang='grc' dir='ltr'>τοῦ</span> <span class='ocrx_word' id='word_1_132' title='bbox 3579 724 3920 778; x_wconf 67' lang='grc' dir='ltr'>ἐκπεσεῖν</span> 
     </span>
    </p>
   </div>
   <div class='ocr_carea' id='block_1_21' title="bbox 2233 814 3913 892">
    <p class='ocr_par' dir='ltr' id='par_1_21' title="bbox 2233 814 3913 892">
     <span class='ocr_line' id='line_1_21' title="bbox 2233 814 3913 892; baseline -0.006 -16"><span class='ocrx_word' id='word_1_133' title='bbox 2233 823 2499 885; x_wconf 89' lang='grc' dir='ltr'>ἀθάνατος</span> <span class='ocrx_word' id='word_1_134' title='bbox 2531 820 2627 876; x_wconf 82' lang='grc' dir='ltr'><strong>ὢν.</strong></span> <span class='ocrx_word' id='word_1_135' title='bbox 2655 821 2774 892; x_wconf 77' lang='grc' dir='ltr'><strong>Χρὴ</strong></span> <span class='ocrx_word' id='word_1_136' title='bbox 2805 819 2914 892; x_wconf 85' lang='grc' dir='ltr'>γὰρ</span> <span class='ocrx_word' id='word_1_137' title='bbox 2945 820 3002 872; x_wconf 83' lang='grc' dir='ltr'><strong>έν</strong></span> <span class='ocrx_word' id='word_1_138' title='bbox 3038 819 3118 888; x_wconf 82' lang='grc' dir='ltr'><strong>τῷ</strong></span> <span class='ocrx_word' id='word_1_139' title='bbox 3162 820 3273 890; x_wconf 74' lang='grc' dir='ltr'>ἰδίῳ</span> <span class='ocrx_word' id='word_1_140' title='bbox 3303 822 3402 890; x_wconf 79' lang='grc' dir='ltr'><strong>τῆς</strong></span> <span class='ocrx_word' id='word_1_141' title='bbox 3424 819 3629 883; x_wconf 75' lang='grc' dir='ltr'>ἕξεως</span> <span class='ocrx_word' id='word_1_142' title='bbox 3676 814 3913 869; x_wconf 73' lang='grc' dir='ltr'>ἑαυτοῦ</span> 
     </span>
    </p>
   </div>
   <div class='ocr_carea' id='block_1_22' title="bbox 2232 905 3913 981">
    <p class='ocr_par' dir='ltr' id='par_1_22' title="bbox 2232 905 3913 981">
     <span class='ocr_line' id='line_1_22' title="bbox 2232 905 3913 981; baseline -0.005 -15"><span class='ocrx_word' id='word_1_143' title='bbox 2232 912 2388 981; x_wconf 82' lang='grc' dir='ltr'>τύπῳ</span> <span class='ocrx_word' id='word_1_144' title='bbox 2418 912 2528 964; x_wconf 91' lang='grc' dir='ltr'><strong>τῶν</strong></span> <span class='ocrx_word' id='word_1_145' title='bbox 2561 911 2804 981; x_wconf 79' lang='grc' dir='ltr'>γενητῶν</span> <span class='ocrx_word' id='word_1_146' title='bbox 2850 911 3077 963; x_wconf 76' lang='grc' dir='ltr'>ἕκαστον</span> <span class='ocrx_word' id='word_1_147' title='bbox 3116 909 3316 980; x_wconf 85' lang='grc' dir='ltr'>μένειν,</span> <span class='ocrx_word' id='word_1_148' title='bbox 3359 910 3448 962; x_wconf 83' lang='grc' dir='ltr'><strong>ἵνα</strong></span> <span class='ocrx_word' id='word_1_149' title='bbox 3473 909 3716 962; x_wconf 74' lang='grc' dir='ltr'>πάντα</span> <span class='ocrx_word' id='word_1_150' title='bbox 3753 905 3913 958; x_wconf 69' lang='grc' dir='ltr'>πᾶν·</span> 
     </span>
    </p>
   </div>
   <div class='ocr_carea' id='block_1_23' title="bbox 2233 997 3910 1073">
    <p class='ocr_par' dir='ltr' id='par_1_23' title="bbox 2233 997 3910 1073">
     <span class='ocr_line' id='line_1_23' title="bbox 2233 997 3910 1073; baseline -0.005 -16"><span class='ocrx_word' id='word_1_151' title='bbox 2233 1021 2342 1057; x_wconf 88' lang='grc' dir='ltr'><strong>των</strong></span> <span class='ocrx_word' id='word_1_152' title='bbox 2371 999 2473 1057; x_wconf 77' lang='grc' dir='ltr'>ὦσι</span> <span class='ocrx_word' id='word_1_153' title='bbox 2505 1002 2930 1073; x_wconf 76' lang='grc' dir='ltr'><strong>πεπληρωμένα,</strong></span> <span class='ocrx_word' id='word_1_154' title='bbox 2957 1001 3175 1072; x_wconf 77' lang='grc' dir='ltr'>οὐρανοὶ</span> <span class='ocrx_word' id='word_1_155' title='bbox 3203 1001 3298 1071; x_wconf 83' lang='grc' dir='ltr'><strong>μὲν</strong></span> <span class='ocrx_word' id='word_1_156' title='bbox 3337 1000 3652 1069; x_wconf 79' lang='grc' dir='ltr'>ἀγγέλων,</span> <span class='ocrx_word' id='word_1_157' title='bbox 3695 997 3910 1068; x_wconf 67' lang='grc' dir='ltr'>Θρόνιοι</span> 
     </span>
    </p>
   </div>
   <div class='ocr_carea' id='block_1_24' title="bbox 2233 1090 3911 1164">
    <p class='ocr_par' dir='ltr' id='par_1_24' title="bbox 2233 1090 3911 1164">
     <span class='ocr_line' id='line_1_24' title="bbox 2233 1090 3911 1164; baseline -0.005 -17"><span class='ocrx_word' id='word_1_158' title='bbox 2233 1095 2289 1148; x_wconf 81' lang='grc' dir='ltr'>δὲ</span> <span class='ocrx_word' id='word_1_159' title='bbox 2319 1093 2611 1160; x_wconf 80' lang='grc' dir='ltr'>ἐξουσιῶν,</span> <span class='ocrx_word' id='word_1_160' title='bbox 2657 1093 2811 1162; x_wconf 79' lang='grc' dir='ltr'>φῶτα</span> <span class='ocrx_word' id='word_1_161' title='bbox 2856 1093 2913 1145; x_wconf 82' lang='grc' dir='ltr'>δὲ</span> <span class='ocrx_word' id='word_1_162' title='bbox 2945 1091 3306 1164; x_wconf 82' lang='grc' dir='ltr'><strong>λειτουργῶν·</strong></span> <span class='ocrx_word' id='word_1_163' title='bbox 3341 1093 3432 1144; x_wconf 74' lang='grc' dir='ltr'><strong>καὶ</strong></span> <span class='ocrx_word' id='word_1_164' title='bbox 3465 1092 3517 1143; x_wconf 84' lang='grc' dir='ltr'>οἱ</span> <span class='ocrx_word' id='word_1_165' title='bbox 3567 1090 3911 1158; x_wconf 58' lang='grc' dir='ltr'>Θειάτερ-ιι</span> 
     </span>
    </p>
   </div>
   <div class='ocr_carea' id='block_1_25' title="bbox 2233 1181 3910 1255">
    <p class='ocr_par' dir='ltr' id='par_1_25' title="bbox 2233 1181 3910 1255">
     <span class='ocr_line' id='line_1_25' title="bbox 2233 1181 3910 1255; baseline -0.005 -16"><span class='ocrx_word' id='word_1_166' title='bbox 2233 1187 2414 1252; x_wconf 83' lang='grc' dir='ltr'><strong>τόποι,</strong></span> <span class='ocrx_word' id='word_1_167' title='bbox 2449 1186 2540 1238; x_wconf 71' lang='grc' dir='ltr'><strong>καὶ</strong></span> <span class='ocrx_word' id='word_1_168' title='bbox 2573 1184 2644 1237; x_wconf 86' lang='grc' dir='ltr'><strong>τά</strong></span> <span class='ocrx_word' id='word_1_169' title='bbox 2674 1185 2946 1255; x_wconf 77' lang='grc' dir='ltr'>ἀκραιφνῆ</span> <span class='ocrx_word' id='word_1_170' title='bbox 2978 1185 3131 1253; x_wconf 83' lang='grc' dir='ltr'>φῶτα</span> <span class='ocrx_word' id='word_1_171' title='bbox 3157 1183 3266 1237; x_wconf 87' lang='grc' dir='ltr'><strong>τῶν</strong></span> <span class='ocrx_word' id='word_1_172' title='bbox 3293 1184 3563 1252; x_wconf 70' lang='grc' dir='ltr'>σεραςρὶμ,</span> <span class='ocrx_word' id='word_1_173' title='bbox 3611 1181 3665 1235; x_wconf 78' lang='grc' dir='ltr'>ἃ.</span> <span class='ocrx_word' id='word_1_174' title='bbox 3746 1197 3910 1249; x_wconf 73' lang='grc' dir='ltr'>παρ-</span> 
     </span>
    </p>
   </div>
   <div class='ocr_carea' id='block_1_26' title="bbox 2233 1269 3904 1346">
    <p class='ocr_par' dir='ltr' id='par_1_26' title="bbox 2233 1269 3904 1346">
     <span class='ocr_line' id='line_1_26' title="bbox 2233 1269 3904 1346; baseline -0.005 -17"><span class='ocrx_word' id='word_1_175' title='bbox 2233 1279 2493 1346; x_wconf 82' lang='grc' dir='ltr'>εστήκασι</span> <span class='ocrx_word' id='word_1_176' title='bbox 2515 1278 2580 1346; x_wconf 76' lang='grc' dir='ltr'>τῇ</span> <span class='ocrx_word' id='word_1_177' title='bbox 2621 1275 2834 1346; x_wconf 80' lang='grc' dir='ltr'><strong>μεγάλῃ</strong></span> <span class='ocrx_word' id='word_1_178' title='bbox 2865 1274 3026 1345; x_wconf 81' lang='grc' dir='ltr'>βουλῇ</span> <span class='ocrx_word' id='word_1_179' title='bbox 3062 1272 3422 1344; x_wconf 80' lang='grc' dir='ltr'>διακρατούσῃ</span> <span class='ocrx_word' id='word_1_180' title='bbox 3448 1272 3513 1324; x_wconf 82' lang='grc' dir='ltr'><strong>τὸ</strong></span> <span class='ocrx_word' id='word_1_181' title='bbox 3542 1272 3731 1324; x_wconf 76' lang='grc' dir='ltr'>πᾶν·</span> <span class='ocrx_word' id='word_1_182' title='bbox 3773 1272 3810 1321; x_wconf 82' lang='grc' dir='ltr'>ὁ</span> <span class='ocrx_word' id='word_1_183' title='bbox 3842 1269 3904 1321; x_wconf 74' lang='grc' dir='ltr'>δὲ</span> 
     </span>
    </p>
   </div>
   <div class='ocr_carea' id='block_1_27' title="bbox 2234 1360 3904 1437">
    <p class='ocr_par' dir='ltr' id='par_1_27' title="bbox 2234 1360 3904 1437">
     <span class='ocr_line' id='line_1_27' title="bbox 2234 1360 3904 1437; baseline -0.006 -17"><span class='ocrx_word' id='word_1_184' title='bbox 2234 1367 2439 1436; x_wconf 87' lang='grc' dir='ltr'>κόσμος</span> <span class='ocrx_word' id='word_1_185' title='bbox 2481 1364 2810 1437; x_wconf 84' lang='grc' dir='ltr'>ἀνθρώπων.</span> <span class='ocrx_word' id='word_1_186' title='bbox 2875 1366 2999 1418; x_wconf 85' lang='grc' dir='ltr'><strong>Ἐἀν</strong></span> <span class='ocrx_word' id='word_1_187' title='bbox 3043 1364 3101 1418; x_wconf 79' lang='grc' dir='ltr'>δὲ</span> <span class='ocrx_word' id='word_1_188' title='bbox 3161 1361 3617 1435; x_wconf 78' lang='grc' dir='ltr'>μεταόάλλεσθαε</span> <span class='ocrx_word' id='word_1_189' title='bbox 3685 1360 3904 1428; x_wconf 75' lang='grc' dir='ltr'>δῶμεν</span> 
     </span>
    </p>
   </div>
   <div class='ocr_carea' id='block_1_28' title="bbox 2229 1451 3908 1527">
    <p class='ocr_par' dir='ltr' id='par_1_28' title="bbox 2229 1451 3908 1527">
     <span class='ocr_line' id='line_1_28' title="bbox 2229 1451 3908 1527; baseline -0.004 -18"><span class='ocrx_word' id='word_1_190' title='bbox 2229 1457 2355 1520; x_wconf 76' lang='grc' dir='ltr'>τοὺς</span> <span class='ocrx_word' id='word_1_191' title='bbox 2372 1456 2690 1527; x_wconf 78' lang='grc' dir='ltr'>ἀνθρώπους</span> <span class='ocrx_word' id='word_1_192' title='bbox 2713 1457 2792 1519; x_wconf 80' lang='grc' dir='ltr'><strong>εἰς</strong></span> <span class='ocrx_word' id='word_1_193' title='bbox 2812 1455 3096 1524; x_wconf 79' lang='grc' dir='ltr'><strong>ἀγγέλους,</strong></span> <span class='ocrx_word' id='word_1_194' title='bbox 3122 1453 3240 1526; x_wconf 83' lang='grc' dir='ltr'>ὥρα</span> <span class='ocrx_word' id='word_1_195' title='bbox 3268 1451 3769 1524; x_wconf 68' lang='grc' dir='ltr'>μεταϐάλλεσθαι</span> <span class='ocrx_word' id='word_1_196' title='bbox 3806 1451 3908 1503; x_wconf 83' lang='grc' dir='ltr'><strong>λέ-</strong></span> 
     </span>
    </p>
   </div>
   <div class='ocr_carea' id='block_1_29' title="bbox 2234 1543 3903 1618">
    <p class='ocr_par' dir='ltr' id='par_1_29' title="bbox 2234 1543 3903 1618">
     <span class='ocr_line' id='line_1_29' title="bbox 2234 1543 3903 1618; baseline -0.004 -18"><span class='ocrx_word' id='word_1_197' title='bbox 2234 1566 2353 1618; x_wconf 88' lang='grc' dir='ltr'>γειν</span> <span class='ocrx_word' id='word_1_198' title='bbox 2382 1548 2478 1601; x_wconf 74' lang='grc' dir='ltr'><strong>καὶ</strong></span> <span class='ocrx_word' id='word_1_199' title='bbox 2508 1549 2634 1612; x_wconf 77' lang='grc' dir='ltr'>τοὺς</span> <span class='ocrx_word' id='word_1_200' title='bbox 2663 1547 2928 1616; x_wconf 78' lang='grc' dir='ltr'><strong>ἀγγέλους</strong></span> <span class='ocrx_word' id='word_1_201' title='bbox 2958 1549 3035 1610; x_wconf 80' lang='grc' dir='ltr'><strong>εἰς</strong></span> <span class='ocrx_word' id='word_1_202' title='bbox 3081 1545 3345 1610; x_wconf 70' lang='grc' dir='ltr'>ἐξουσίας,</span> <span class='ocrx_word' id='word_1_203' title='bbox 3387 1545 3480 1598; x_wconf 82' lang='grc' dir='ltr'><strong>καὶ</strong></span> <span class='ocrx_word' id='word_1_204' title='bbox 3513 1543 3784 1606; x_wconf 68' lang='grc' dir='ltr'>ταύτας</span> <span class='ocrx_word' id='word_1_205' title='bbox 3812 1543 3903 1606; x_wconf 76' lang='grc' dir='ltr'><strong>είς</strong></span> 
     </span>
    </p>
   </div>
   <div class='ocr_carea' id='block_1_30' title="bbox 2235 1635 3900 1707">
    <p class='ocr_par' dir='ltr' id='par_1_30' title="bbox 2235 1635 3900 1707">
     <span class='ocr_line' id='line_1_30' title="bbox 2235 1635 3900 1707; baseline -0.005 -11"><span class='ocrx_word' id='word_1_206' title='bbox 2235 1641 2364 1696; x_wconf 81' lang='grc' dir='ltr'>ἀλλο</span> <span class='ocrx_word' id='word_1_207' title='bbox 2397 1642 2490 1694; x_wconf 80' lang='grc' dir='ltr'><strong>καὶ</strong></span> <span class='ocrx_word' id='word_1_208' title='bbox 2519 1639 2666 1706; x_wconf 81' lang='grc' dir='ltr'>ἀλλο,</span> <span class='ocrx_word' id='word_1_209' title='bbox 2707 1639 2817 1692; x_wconf 78' lang='grc' dir='ltr'>ἐστ’</span> <span class='ocrx_word' id='word_1_210' title='bbox 2854 1639 2920 1693; x_wconf 84' lang='grc' dir='ltr'><strong>ἂν</strong></span> <span class='ocrx_word' id='word_1_211' title='bbox 2951 1640 2980 1692; x_wconf 90' lang='lat'><strong>6</strong></span> <span class='ocrx_word' id='word_1_212' title='bbox 3022 1637 3178 1707; x_wconf 83' lang='grc' dir='ltr'>λόγος</span> <span class='ocrx_word' id='word_1_213' title='bbox 3215 1636 3419 1700; x_wconf 78' lang='grc' dir='ltr'>ἀναΰάς</span> <span class='ocrx_word' id='word_1_214' title='bbox 3458 1637 3543 1700; x_wconf 77' lang='grc' dir='ltr'>εἰς</span> <span class='ocrx_word' id='word_1_215' title='bbox 3590 1635 3900 1689; x_wconf 79' lang='grc' dir='ltr'>κίνδυνον</span> 
     </span>
    </p>
   </div>
   <div class='ocr_carea' id='block_1_31' title="bbox 2238 1731 2481 1803">
    <p class='ocr_par' dir='ltr' id='par_1_31' title="bbox 2238 1731 2481 1803">
     <span class='ocr_line' id='line_1_31' title="bbox 2238 1731 2481 1803; baseline -0.004 -18"><span class='ocrx_word' id='word_1_216' title='bbox 2238 1731 2481 1803; x_wconf 79' lang='grc' dir='ltr'>ἐμπέσῃ.</span> 
     </span>
    </p>
   </div>
   <div class='ocr_carea' id='block_1_32' title="bbox 549 1821 3622 1899">
    <p class='ocr_par' dir='ltr' id='par_1_32' title="bbox 549 1821 3622 1899">
     <span class='ocr_line' id='line_1_32' title="bbox 549 1821 3622 1899; baseline -0.001 -19"><span class='ocrx_word' id='word_1_217' title='bbox 549 1827 698 1880; x_wconf 81' lang='lat' dir='ltr'><strong>aliud</strong></span> <span class='ocrx_word' id='word_1_218' title='bbox 723 1835 886 1897; x_wconf 78' lang='lat' dir='ltr'><strong>atque</strong></span> <span class='ocrx_word' id='word_1_219' title='bbox 915 1827 1060 1882; x_wconf 92' lang='lat' dir='ltr'><strong>aliud</strong></span> <span class='ocrx_word' id='word_1_220' title='bbox 1093 1832 1330 1884; x_wconf 89' lang='lat' dir='ltr'><strong>transire</strong></span> <span class='ocrx_word' id='word_1_221' title='bbox 1359 1829 1628 1896; x_wconf 88' lang='lat' dir='ltr'><strong>dicamus,</strong></span> <span class='ocrx_word' id='word_1_222' title='bbox 1660 1829 1836 1883; x_wconf 90' lang='lat' dir='ltr'><strong>donec</strong></span> <span class='ocrx_word' id='word_1_223' title='bbox 1865 1830 1933 1885; x_wconf 91' lang='lat' dir='ltr'><strong>ad</strong></span> <span class='ocrx_word' id='word_1_224' title='bbox 1957 1829 2242 1899; x_wconf 89' lang='lat' dir='ltr'><strong>superiora</strong></span> <span class='ocrx_word' id='word_1_225' title='bbox 2272 1842 2454 1883; x_wconf 88' lang='lat' dir='ltr'><strong>sermo</strong></span> <span class='ocrx_word' id='word_1_226' title='bbox 2481 1826 2838 1898; x_wconf 80' lang='lat' dir='ltr'><strong>progrediens</strong></span> <span class='ocrx_word' id='word_1_227' title='bbox 2869 1824 3242 1896; x_wconf 87' lang='lat' dir='ltr'><strong>periculosius</strong></span> <span class='ocrx_word' id='word_1_228' title='bbox 3268 1821 3622 1894; x_wconf 83' lang='lat' dir='ltr'><strong>implicetur.</strong></span> 
     </span>
    </p>
   </div>
   <div class='ocr_carea' id='block_1_33' title="bbox 621 1914 2135 1992">
    <p class='ocr_par' dir='ltr' id='par_1_33' title="bbox 621 1920 2131 1992">
     <span class='ocr_line' id='line_1_33' title="bbox 621 1920 2131 1992; baseline 0.001 -18"><span class='ocrx_word' id='word_1_229' title='bbox 621 1920 859 1976; x_wconf 79' lang='lat' dir='ltr'><strong>X-XXIV.</strong></span> <span class='ocrx_word' id='word_1_230' title='bbox 912 1920 1099 1991; x_wconf 86' lang='lat' dir='ltr'><strong>Neque</strong></span> <span class='ocrx_word' id='word_1_231' title='bbox 1143 1938 1273 1976; x_wconf 86' lang='lat' dir='ltr'><strong>vero</strong></span> <span class='ocrx_word' id='word_1_232' title='bbox 1325 1923 1472 1992; x_wconf 91' lang='lat' dir='ltr'><strong>quod</strong></span> <span class='ocrx_word' id='word_1_233' title='bbox 1514 1924 1664 1977; x_wconf 84' lang='lat' dir='ltr'><strong>velut</strong></span> <span class='ocrx_word' id='word_1_234' title='bbox 1709 1922 1910 1978; x_wconf 92' lang='lat' dir='ltr'><strong>malum</strong></span> <span class='ocrx_word' id='word_1_235' title='bbox 1953 1922 2131 1978; x_wconf 89' lang='lat' dir='ltr'><strong>homi-</strong></span> 
     </span>
    </p>
   </div>
   <div class='ocr_carea' id='block_1_34' title="bbox 2235 1914 3891 1992">
    <p class='ocr_par' dir='ltr' id='par_1_34' title="bbox 2307 1914 3891 1988">
     <span class='ocr_line' id='line_1_34' title="bbox 2307 1914 3891 1988; baseline -0.004 -14"><span class='ocrx_word' id='word_1_236' title='bbox 2307 1922 2429 1974; x_wconf 78' lang='lat' dir='ltr'><strong>AA’.</strong></span> <span class='ocrx_word' id='word_1_237' title='bbox 2453 1920 2595 1973; x_wconf 82' lang='grc' dir='ltr'>Ἀλλ’</span> <span class='ocrx_word' id='word_1_238' title='bbox 2621 1919 2745 1972; x_wconf 74' lang='grc' dir='ltr'>οὔτε</span> <span class='ocrx_word' id='word_1_239' title='bbox 2770 1919 2845 1983; x_wconf 86' lang='grc' dir='ltr'>ὡς</span> <span class='ocrx_word' id='word_1_240' title='bbox 2871 1919 3073 1988; x_wconf 79' lang='grc' dir='ltr'>φαῦλον</span> <span class='ocrx_word' id='word_1_241' title='bbox 3101 1917 3503 1987; x_wconf 79' lang='grc' dir='ltr'><strong>τεκτηνάμενος</strong></span> <span class='ocrx_word' id='word_1_242' title='bbox 3528 1919 3560 1969; x_wconf 98' lang='lat'><strong>6</strong></span> <span class='ocrx_word' id='word_1_243' title='bbox 3581 1915 3765 1980; x_wconf 78' lang='grc' dir='ltr'>Θεὸς·</span> <span class='ocrx_word' id='word_1_244' title='bbox 3788 1914 3891 1969; x_wconf 69' lang='grc' dir='ltr'>τὸν</span> 
     </span>
    </p>
   </div>
   <div class='ocr_carea' id='block_1_35' title="bbox 549 2011 2128 2082">
    <p class='ocr_par' dir='ltr' id='par_1_35' title="bbox 549 2011 2128 2082">
     <span class='ocr_line' id='line_1_35' title="bbox 549 2011 2128 2082; baseline 0.001 -17"><span class='ocrx_word' id='word_1_245' title='bbox 549 2026 675 2065; x_wconf 85' lang='lat' dir='ltr'><strong>nem</strong></span> <span class='ocrx_word' id='word_1_246' title='bbox 699 2012 1053 2067; x_wconf 75' lang='lat' dir='ltr'><strong>fabricaverit</strong></span> <span class='ocrx_word' id='word_1_247' title='bbox 1079 2011 1246 2075; x_wconf 85' lang='lat' dir='ltr'><strong>Deus,</strong></span> <span class='ocrx_word' id='word_1_248' title='bbox 1273 2022 1367 2066; x_wconf 88' lang='lat' dir='ltr'><strong>aut</strong></span> <span class='ocrx_word' id='word_1_249' title='bbox 1393 2014 1446 2066; x_wconf 92' lang='lat' dir='ltr'><strong>in</strong></span> <span class='ocrx_word' id='word_1_250' title='bbox 1469 2028 1536 2067; x_wconf 91' lang='lat' dir='ltr'><strong>eo</strong></span> <span class='ocrx_word' id='word_1_251' title='bbox 1563 2013 1814 2082; x_wconf 86' lang='lat' dir='ltr'><strong>ﬁngendo</strong></span> <span class='ocrx_word' id='word_1_252' title='bbox 1839 2015 2128 2078; x_wconf 85' lang='lat' dir='ltr'><strong>aberrarit,</strong></span> 
     </span>
    </p>
   </div>
   <div class='ocr_carea' id='block_1_36' title="bbox 551 2104 2130 2177">
    <p class='ocr_par' dir='ltr' id='par_1_36' title="bbox 551 2104 2130 2177">
     <span class='ocr_line' id='line_1_36' title="bbox 551 2104 2130 2177; baseline 0.001 -20"><span class='ocrx_word' id='word_1_253' title='bbox 551 2106 804 2172; x_wconf 79' lang='lat' dir='ltr'><strong>angelum</strong></span> <span class='ocrx_word' id='word_1_254' title='bbox 857 2114 1041 2175; x_wconf 90' lang='lat' dir='ltr'><strong>postea</strong></span> <span class='ocrx_word' id='word_1_255' title='bbox 1099 2104 1279 2160; x_wconf 76' lang='lat' dir='ltr'><strong>facere</strong></span> <span class='ocrx_word' id='word_1_256' title='bbox 1315 2107 1464 2158; x_wconf 89' lang='lat' dir='ltr'><strong>illum</strong></span> <span class='ocrx_word' id='word_1_257' title='bbox 1510 2107 1715 2171; x_wconf 79' lang='lat' dir='ltr'><strong>voluit,</strong></span> <span class='ocrx_word' id='word_1_258' title='bbox 1761 2107 1916 2175; x_wconf 84' lang='lat' dir='ltr'><strong>quasi</strong></span> <span class='ocrx_word' id='word_1_259' title='bbox 1953 2107 2130 2177; x_wconf 92' lang='lat' dir='ltr'><strong>ipsum</strong></span> 
     </span>
    </p>
   </div>
   <div class='ocr_carea' id='block_1_37' title="bbox 551 2195 2128 2266">
    <p class='ocr_par' dir='ltr' id='par_1_37' title="bbox 551 2195 2128 2266">
     <span class='ocr_line' id='line_1_37' title="bbox 551 2195 2128 2266; baseline 0.001 -18"><span class='ocrx_word' id='word_1_260' title='bbox 551 2195 943 2250; x_wconf 75' lang='lat' dir='ltr'><strong>vilissimorum</strong></span> <span class='ocrx_word' id='word_1_261' title='bbox 993 2195 1250 2266; x_wconf 90' lang='lat' dir='ltr'><strong>opiﬁcum</strong></span> <span class='ocrx_word' id='word_1_262' title='bbox 1303 2199 1476 2250; x_wconf 89' lang='lat' dir='ltr'><strong>instar</strong></span> <span class='ocrx_word' id='word_1_263' title='bbox 1520 2199 1842 2266; x_wconf 76' lang='lat' dir='ltr'><strong>poenitentia</strong></span> <span class='ocrx_word' id='word_1_264' title='bbox 1874 2199 2128 2266; x_wconf 86' lang='lat' dir='ltr'><strong>cepisset.</strong></span> 
     </span>
    </p>
   </div>
   <div class='ocr_carea' id='block_1_38' title="bbox 551 2283 2129 2358">
    <p class='ocr_par' dir='ltr' id='par_1_38' title="bbox 551 2283 2129 2358">
     <span class='ocr_line' id='line_1_38' title="bbox 551 2283 2129 2358; baseline 0.004 -22"><span class='ocrx_word' id='word_1_265' title='bbox 551 2283 737 2354; x_wconf 83' lang='lat' dir='ltr'><strong>Neque</strong></span> <span class='ocrx_word' id='word_1_266' title='bbox 779 2301 903 2341; x_wconf 93' lang='lat' dir='ltr'><strong>cum</strong></span> <span class='ocrx_word' id='word_1_267' title='bbox 941 2289 1193 2358; x_wconf 78' lang='lat' dir='ltr'><strong>angelum</strong></span> <span class='ocrx_word' id='word_1_268' title='bbox 1235 2288 1502 2358; x_wconf 90' lang='lat' dir='ltr'><strong>principio</strong></span> <span class='ocrx_word' id='word_1_269' title='bbox 1533 2288 1713 2343; x_wconf 81' lang='lat' dir='ltr'><strong>facere</strong></span> <span class='ocrx_word' id='word_1_270' title='bbox 1735 2290 2129 2355; x_wconf 86' lang='lat' dir='ltr'><strong>constituisset,</strong></span> 
     </span>
    </p>
   </div>
   <div class='ocr_carea' id='block_1_39' title="bbox 552 2377 2128 2452">
    <p class='ocr_par' dir='ltr' id='par_1_39' title="bbox 552 2377 2128 2452">
     <span class='ocr_line' id='line_1_39' title="bbox 552 2377 2128 2452; baseline 0.003 -22"><span class='ocrx_word' id='word_1_271' title='bbox 552 2391 729 2446; x_wconf 81' lang='lat' dir='ltr'><strong>neque</strong></span> <span class='ocrx_word' id='word_1_272' title='bbox 778 2377 831 2431; x_wconf 91' lang='lat' dir='ltr'><strong>id</strong></span> <span class='ocrx_word' id='word_1_273' title='bbox 888 2386 1032 2432; x_wconf 87' lang='lat' dir='ltr'><strong>esset</strong></span> <span class='ocrx_word' id='word_1_274' title='bbox 1091 2391 1411 2445; x_wconf 85' lang='lat' dir='ltr'><strong>assecutus,</strong></span> <span class='ocrx_word' id='word_1_275' title='bbox 1480 2380 1752 2435; x_wconf 88' lang='lat' dir='ltr'><strong>hominem</strong></span> <span class='ocrx_word' id='word_1_276' title='bbox 1803 2383 2128 2452; x_wconf 75' lang='lat' dir='ltr'><strong>procreavit.</strong></span> 
     </span>
    </p>
   </div>
   <div class='ocr_carea' id='block_1_40' title="bbox 551 2465 2130 2544">
    <p class='ocr_par' dir='ltr' id='par_1_40' title="bbox 551 2465 2130 2544">
     <span class='ocr_line' id='line_1_40' title="bbox 551 2465 2130 2544; baseline 0.004 -24"><span class='ocrx_word' id='word_1_277' title='bbox 551 2465 789 2521; x_wconf 79' lang='lat' dir='ltr'><strong>Niiiiimi</strong></span> <span class='ocrx_word' id='word_1_278' title='bbox 825 2468 972 2524; x_wconf 82' lang='lat' dir='ltr'><strong>istud</strong></span> <span class='ocrx_word' id='word_1_279' title='bbox 1007 2469 1338 2523; x_wconf 90' lang='lat' dir='ltr'><strong>imbecillum</strong></span> <span class='ocrx_word' id='word_1_280' title='bbox 1371 2480 1474 2526; x_wconf 89' lang='lat' dir='ltr'><strong>est.</strong></span> <span class='ocrx_word' id='word_1_281' title='bbox 1518 2472 1631 2526; x_wconf 86' lang='lat' dir='ltr'><strong>Cur</strong></span> <span class='ocrx_word' id='word_1_282' title='bbox 1659 2473 1825 2544; x_wconf 83' lang='lat' dir='ltr'><strong>igitur</strong></span> <span class='ocrx_word' id='word_1_283' title='bbox 1856 2473 2130 2528; x_wconf 90' lang='lat' dir='ltr'><strong>hominem</strong></span> 
     </span>
    </p>
   </div>
   <div class='ocr_carea' id='block_1_41' title="bbox 555 2561 2130 2634">
    <p class='ocr_par' dir='ltr' id='par_1_41' title="bbox 555 2561 2130 2634">
     <span class='ocr_line' id='line_1_41' title="bbox 555 2561 2130 2634; baseline 0.004 -20"><span class='ocrx_word' id='word_1_284' title='bbox 555 2561 806 2622; x_wconf 77' lang='lat' dir='ltr'><strong>faciebat,</strong></span> <span class='ocrx_word' id='word_1_285' title='bbox 837 2576 943 2614; x_wconf 90' lang='lat' dir='ltr'><strong>non</strong></span> <span class='ocrx_word' id='word_1_286' title='bbox 977 2563 1252 2631; x_wconf 86' lang='lat' dir='ltr'><strong>angelum,</strong></span> <span class='ocrx_word' id='word_1_287' title='bbox 1282 2563 1326 2616; x_wconf 91' lang='lat' dir='ltr'><strong>si</strong></span> <span class='ocrx_word' id='word_1_288' title='bbox 1353 2565 1602 2634; x_wconf 82' lang='lat' dir='ltr'><strong>angelum</strong></span> <span class='ocrx_word' id='word_1_289' title='bbox 1634 2565 1908 2620; x_wconf 90' lang='lat' dir='ltr'><strong>hominem</strong></span> <span class='ocrx_word' id='word_1_290' title='bbox 1933 2567 2130 2633; x_wconf 82' lang='lat' dir='ltr'><strong>facere,</strong></span> 
     </span>
    </p>
   </div>
   <div class='ocr_carea' id='block_1_42' title="bbox 555 2651 2134 2726">
    <p class='ocr_par' dir='ltr' id='par_1_42' title="bbox 555 2651 2134 2726">
     <span class='ocr_line' id='line_1_42' title="bbox 555 2651 2134 2726; baseline 0.005 -22"><span class='ocrx_word' id='word_1_291' title='bbox 555 2667 664 2704; x_wconf 88' lang='lat' dir='ltr'><strong>non</strong></span> <span class='ocrx_word' id='word_1_292' title='bbox 711 2651 985 2704; x_wconf 81' lang='lat' dir='ltr'><strong>hominem</strong></span> <span class='ocrx_word' id='word_1_293' title='bbox 1053 2653 1367 2720; x_wconf 76' lang='lat' dir='ltr'><strong>cogitabat?</strong></span> <span class='ocrx_word' id='word_1_294' title='bbox 1417 2655 1497 2708; x_wconf 85' lang='lat' dir='ltr'><strong>An</strong></span> <span class='ocrx_word' id='word_1_295' title='bbox 1553 2656 1678 2724; x_wconf 87' lang='lat' dir='ltr'><strong>quia</strong></span> <span class='ocrx_word' id='word_1_296' title='bbox 1729 2672 1834 2710; x_wconf 85' lang='lat' dir='ltr'><strong>non</strong></span> <span class='ocrx_word' id='word_1_297' title='bbox 1884 2659 2134 2726; x_wconf 82' lang='lat' dir='ltr'><strong>poterat?</strong></span> 
     </span>
    </p>
   </div>
   <div class='ocr_carea' id='block_1_43' title="bbox 552 2741 2133 2815">
    <p class='ocr_par' dir='ltr' id='par_1_43' title="bbox 552 2741 2133 2815">
     <span class='ocr_line' id='line_1_43' title="bbox 552 2741 2133 2815; baseline 0.007 -20"><span class='ocrx_word' id='word_1_298' title='bbox 552 2741 1023 2796; x_wconf 83' lang='lat' dir='ltr'><strong>Contumeliosum</strong></span> <span class='ocrx_word' id='word_1_299' title='bbox 1047 2744 1191 2796; x_wconf 85' lang='lat' dir='ltr'><strong>istuil</strong></span> <span class='ocrx_word' id='word_1_300' title='bbox 1219 2753 1270 2796; x_wconf 91' lang='lat' dir='ltr'><strong>et</strong></span> <span class='ocrx_word' id='word_1_301' title='bbox 1295 2745 1517 2815; x_wconf 90' lang='lat' dir='ltr'><strong>impium</strong></span> <span class='ocrx_word' id='word_1_302' title='bbox 1552 2755 1654 2801; x_wconf 87' lang='lat' dir='ltr'><strong>est.</strong></span> <span class='ocrx_word' id='word_1_303' title='bbox 1679 2748 1760 2800; x_wconf 79' lang='lat' dir='ltr'><strong>An</strong></span> <span class='ocrx_word' id='word_1_304' title='bbox 1788 2749 1839 2802; x_wconf 91' lang='lat' dir='ltr'><strong>in</strong></span> <span class='ocrx_word' id='word_1_305' title='bbox 1865 2751 2133 2806; x_wconf 80' lang='lat' dir='ltr'><strong>deteriore</strong></span> 
     </span>
    </p>
   </div>
   <div class='ocr_carea' id='block_1_44' title="bbox 556 2834 2132 2905">
    <p class='ocr_par' dir='ltr' id='par_1_44' title="bbox 556 2834 2132 2905">
     <span class='ocr_line' id='line_1_44' title="bbox 556 2834 2132 2905; baseline 0.006 -18"><span class='ocrx_word' id='word_1_306' title='bbox 556 2842 856 2902; x_wconf 89' lang='lat' dir='ltr'><strong>occupatus</strong></span> <span class='ocrx_word' id='word_1_307' title='bbox 890 2834 1035 2904; x_wconf 90' lang='lat' dir='ltr'><strong>quod</strong></span> <span class='ocrx_word' id='word_1_308' title='bbox 1074 2837 1426 2905; x_wconf 62' lang='lat' dir='ltr'><strong>praestantius</strong></span> <span class='ocrx_word' id='word_1_309' title='bbox 1469 2848 1553 2891; x_wconf 91' lang='lat' dir='ltr'><strong>est</strong></span> <span class='ocrx_word' id='word_1_310' title='bbox 1587 2838 1910 2894; x_wconf 84' lang='lat' dir='ltr'><strong>diﬂ‘erebat?</strong></span> <span class='ocrx_word' id='word_1_311' title='bbox 1943 2841 2038 2896; x_wconf 84' lang='lat' dir='ltr'><strong>Est</strong></span> <span class='ocrx_word' id='word_1_312' title='bbox 2077 2851 2132 2896; x_wconf 90' lang='lat' dir='ltr'><strong>et</strong></span> 
     </span>
    </p>
   </div>
   <div class='ocr_carea' id='block_1_45' title="bbox 559 2925 2132 2998">
    <p class='ocr_par' dir='ltr' id='par_1_45' title="bbox 559 2925 2132 2998">
     <span class='ocr_line' id='line_1_45' title="bbox 559 2925 2132 2998; baseline 0.006 -20"><span class='ocrx_word' id='word_1_313' title='bbox 559 2925 692 2978; x_wconf 89' lang='lat' dir='ltr'><strong>illud</strong></span> <span class='ocrx_word' id='word_1_314' title='bbox 726 2925 1144 2995; x_wconf 81' lang='lat' dir='ltr'><strong>perabsurdum.</strong></span> <span class='ocrx_word' id='word_1_315' title='bbox 1193 2927 1378 2998; x_wconf 82' lang='lat' dir='ltr'><strong>Neque</strong></span> <span class='ocrx_word' id='word_1_316' title='bbox 1411 2929 1554 2982; x_wconf 88' lang='lat' dir='ltr'><strong>enim</strong></span> <span class='ocrx_word' id='word_1_317' title='bbox 1590 2930 1642 2982; x_wconf 92' lang='lat' dir='ltr'><strong>in</strong></span> <span class='ocrx_word' id='word_1_318' title='bbox 1691 2932 1963 2985; x_wconf 92' lang='lat' dir='ltr'><strong>moliendo</strong></span> <span class='ocrx_word' id='word_1_319' title='bbox 1989 2933 2132 2987; x_wconf 89' lang='lat' dir='ltr'><strong>bono</strong></span> 
     </span>
    </p>
   </div>
   <div class='ocr_carea' id='block_1_46' title="bbox 558 3017 2132 3094">
    <p class='ocr_par' dir='ltr' id='par_1_46' title="bbox 558 3017 2132 3094">
     <span class='ocr_line' id='line_1_46' title="bbox 558 3017 2132 3094; baseline 0.006 -25"><span class='ocrx_word' id='word_1_320' title='bbox 558 3018 641 3072; x_wconf 79' lang='lat' dir='ltr'><strong>vel</strong></span> <span class='ocrx_word' id='word_1_321' title='bbox 666 3019 884 3072; x_wconf 87' lang='lat' dir='ltr'><strong>aberrat</strong></span> <span class='ocrx_word' id='word_1_322' title='bbox 917 3017 1092 3082; x_wconf 90' lang='lat' dir='ltr'><strong>Deus,</strong></span> <span class='ocrx_word' id='word_1_323' title='bbox 1131 3020 1211 3074; x_wconf 87' lang='lat' dir='ltr'><strong>vel</strong></span> <span class='ocrx_word' id='word_1_324' title='bbox 1262 3022 1318 3074; x_wconf 91' lang='lat' dir='ltr'><strong>in</strong></span> <span class='ocrx_word' id='word_1_325' title='bbox 1367 3020 1514 3074; x_wconf 90' lang='lat' dir='ltr'><strong>aliud</strong></span> <span class='ocrx_word' id='word_1_326' title='bbox 1549 3033 1761 3094; x_wconf 88' lang='lat' dir='ltr'><strong>tempus</strong></span> <span class='ocrx_word' id='word_1_327' title='bbox 1807 3023 2004 3092; x_wconf 84' lang='lat' dir='ltr'><strong>rcjicit,</strong></span> <span class='ocrx_word' id='word_1_328' title='bbox 2050 3026 2132 3079; x_wconf 86' lang='lat' dir='ltr'><strong>vel</strong></span> 
     </span>
    </p>
   </div>
   <div class='ocr_carea' id='block_1_47' title="bbox 557 3109 2134 3182">
    <p class='ocr_par' dir='ltr' id='par_1_47' title="bbox 557 3109 2134 3182">
     <span class='ocr_line' id='line_1_47' title="bbox 557 3109 2134 3182; baseline 0.002 -18"><span class='ocrx_word' id='word_1_329' title='bbox 557 3109 855 3164; x_wconf 82' lang='lat' dir='ltr'><strong>destitutus</strong></span> <span class='ocrx_word' id='word_1_330' title='bbox 894 3109 1102 3164; x_wconf 85' lang='lat' dir='ltr'><strong>viribus</strong></span> <span class='ocrx_word' id='word_1_331' title='bbox 1135 3117 1241 3172; x_wconf 90' lang='lat' dir='ltr'><strong>est,</strong></span> <span class='ocrx_word' id='word_1_332' title='bbox 1273 3110 1368 3165; x_wconf 87' lang='lat' dir='ltr'><strong>sed</strong></span> <span class='ocrx_word' id='word_1_333' title='bbox 1407 3119 1461 3164; x_wconf 86' lang='lat' dir='ltr'><strong>et</strong></span> <span class='ocrx_word' id='word_1_334' title='bbox 1495 3120 1771 3182; x_wconf 85' lang='lat' dir='ltr'><strong>utcunque</strong></span> <span class='ocrx_word' id='word_1_335' title='bbox 1807 3115 2046 3179; x_wconf 81' lang='lat' dir='ltr'><strong>libuerit,</strong></span> <span class='ocrx_word' id='word_1_336' title='bbox 2081 3124 2134 3169; x_wconf 88' lang='lat' dir='ltr'><strong>et</strong></span> 
     </span>
    </p>
   </div>
   <div class='ocr_carea' id='block_1_48' title="bbox 2230 2007 3879 2083">
    <p class='ocr_par' dir='ltr' id='par_1_48' title="bbox 2230 2007 3879 2083">
     <span class='ocr_line' id='line_1_48' title="bbox 2230 2007 3879 2083; baseline -0.005 -16"><span class='ocrx_word' id='word_1_337' title='bbox 2230 2013 2539 2083; x_wconf 72' lang='grc' dir='ltr'>ἄνθρωπον,</span> <span class='ocrx_word' id='word_1_338' title='bbox 2563 2013 2596 2082; x_wconf 85' lang='grc' dir='ltr'>ἢ</span> <span class='ocrx_word' id='word_1_339' title='bbox 2623 2013 3004 2083; x_wconf 84' lang='grc' dir='ltr'>διαμαρτήσας</span> <span class='ocrx_word' id='word_1_340' title='bbox 3031 2009 3196 2064; x_wconf 79' lang='grc' dir='ltr'>αὐτοῦ</span> <span class='ocrx_word' id='word_1_341' title='bbox 3222 2009 3350 2080; x_wconf 81' lang='grc' dir='ltr'>περὶ</span> <span class='ocrx_word' id='word_1_342' title='bbox 3373 2008 3471 2079; x_wconf 85' lang='grc' dir='ltr'><strong>τὴν</strong></span> <span class='ocrx_word' id='word_1_343' title='bbox 3498 2007 3879 2070; x_wconf 79' lang='grc' dir='ltr'>διάπλασιν,</span> 
     </span>
    </p>
   </div>
   <div class='ocr_carea' id='block_1_49' title="bbox 2231 2099 3878 2174">
    <p class='ocr_par' dir='ltr' id='par_1_49' title="bbox 2231 2099 3878 2174">
     <span class='ocr_line' id='line_1_49' title="bbox 2231 2099 3878 2174; baseline -0.004 -16"><span class='ocrx_word' id='word_1_344' title='bbox 2231 2105 2472 2174; x_wconf 78' lang='grc' dir='ltr'>ἄγγελον·</span> <span class='ocrx_word' id='word_1_345' title='bbox 2490 2103 2651 2158; x_wconf 77' lang='grc' dir='ltr'>αὐτὸν</span> <span class='ocrx_word' id='word_1_346' title='bbox 2693 2102 2816 2156; x_wconf 76' lang='grc' dir='ltr'>ὕστε</span> <span class='ocrx_word' id='word_1_347' title='bbox 2828 2120 2918 2174; x_wconf 90' lang='grc' dir='ltr'><strong>ρον</strong></span> <span class='ocrx_word' id='word_1_348' title='bbox 2942 2102 3202 2171; x_wconf 75' lang='grc' dir='ltr'>ἐπενόησε</span> <span class='ocrx_word' id='word_1_349' title='bbox 3224 2100 3464 2171; x_wconf 81' lang='grc' dir='ltr'>ποιῆσαι,</span> <span class='ocrx_word' id='word_1_350' title='bbox 3496 2099 3878 2170; x_wconf 72' lang='grc' dir='ltr'>μεταγνοὺς,</span> 
     </span>
    </p>
   </div>
   <div class='ocr_carea' id='block_1_50' title="bbox 2230 2191 3880 2268">
    <p class='ocr_par' dir='ltr' id='par_1_50' title="bbox 2230 2191 3880 2268">
     <span class='ocr_line' id='line_1_50' title="bbox 2230 2191 3880 2268; baseline -0.006 -16"><span class='ocrx_word' id='word_1_351' title='bbox 2230 2199 2419 2268; x_wconf 86' lang='grc' dir='ltr'>ῶσπερ</span> <span class='ocrx_word' id='word_1_352' title='bbox 2453 2198 2502 2250; x_wconf 88' lang='grc' dir='ltr'>οἱ</span> <span class='ocrx_word' id='word_1_353' title='bbox 2534 2196 2858 2266; x_wconf 76' lang='grc' dir='ltr'>φαυλότατοι</span> <span class='ocrx_word' id='word_1_354' title='bbox 2885 2195 2992 2248; x_wconf 88' lang='grc' dir='ltr'><strong>τῶν</strong></span> <span class='ocrx_word' id='word_1_355' title='bbox 3027 2193 3395 2266; x_wconf 84' lang='grc' dir='ltr'>δημιουργῶν·</span> <span class='ocrx_word' id='word_1_356' title='bbox 3437 2191 3565 2246; x_wconf 64' lang='grc' dir='ltr'>οὔτε</span> <span class='ocrx_word' id='word_1_357' title='bbox 3596 2193 3880 2261; x_wconf 78' lang='grc' dir='ltr'>ἄγγελον</span> 
     </span>
    </p>
   </div>
   <div class='ocr_carea' id='block_1_51' title="bbox 2232 2281 3881 2359">
    <p class='ocr_par' dir='ltr' id='par_1_51' title="bbox 2232 2281 3881 2359">
     <span class='ocr_line' id='line_1_51' title="bbox 2232 2281 3881 2359; baseline -0.005 -17"><span class='ocrx_word' id='word_1_358' title='bbox 2232 2290 2352 2342; x_wconf 82' lang='grc' dir='ltr'>κατ’</span> <span class='ocrx_word' id='word_1_359' title='bbox 2387 2286 2563 2359; x_wconf 77' lang='grc' dir='ltr'>ἀρχάς</span> <span class='ocrx_word' id='word_1_360' title='bbox 2607 2287 2838 2358; x_wconf 86' lang='grc' dir='ltr'>θελήσας</span> <span class='ocrx_word' id='word_1_361' title='bbox 2885 2287 3132 2357; x_wconf 83' lang='grc' dir='ltr'>ποιῆσαι,</span> <span class='ocrx_word' id='word_1_362' title='bbox 3175 2284 3272 2338; x_wconf 80' lang='grc' dir='ltr'><strong>καὶ</strong></span> <span class='ocrx_word' id='word_1_363' title='bbox 3314 2283 3388 2354; x_wconf 83' lang='grc' dir='ltr'>μὴ</span> <span class='ocrx_word' id='word_1_364' title='bbox 3416 2283 3726 2353; x_wconf 75' lang='grc' dir='ltr'>δυνηθεὶς,</span> <span class='ocrx_word' id='word_1_365' title='bbox 3775 2281 3881 2335; x_wconf 72' lang='grc' dir='ltr'><strong>ἄν-</strong></span> 
     </span>
    </p>
   </div>
   <div class='ocr_carea' id='block_1_52' title="bbox 2232 2370 3874 2450">
    <p class='ocr_par' dir='ltr' id='par_1_52' title="bbox 2232 2370 3874 2450">
     <span class='ocr_line' id='line_1_52' title="bbox 2232 2370 3874 2450; baseline -0.005 -18"><span class='ocrx_word' id='word_1_366' title='bbox 2232 2379 2449 2450; x_wconf 80' lang='grc' dir='ltr'>θρωπον</span> <span class='ocrx_word' id='word_1_367' title='bbox 2479 2377 2729 2431; x_wconf 78' lang='grc' dir='ltr'>ἔπλασεν.</span> <span class='ocrx_word' id='word_1_368' title='bbox 2757 2376 3010 2440; x_wconf 81' lang='grc' dir='ltr'>Ἀσθενὲς</span> <span class='ocrx_word' id='word_1_369' title='bbox 3040 2375 3203 2429; x_wconf 80' lang='grc' dir='ltr'>τοῦτο</span> <span class='ocrx_word' id='word_1_370' title='bbox 3232 2374 3362 2445; x_wconf 91' lang='grc' dir='ltr'>γάρ.</span> <span class='ocrx_word' id='word_1_371' title='bbox 3400 2373 3464 2426; x_wconf 89' lang='grc' dir='ltr'>Τί</span> <span class='ocrx_word' id='word_1_372' title='bbox 3486 2373 3550 2444; x_wconf 87' lang='grc' dir='ltr'>δή</span> <span class='ocrx_word' id='word_1_373' title='bbox 3579 2391 3741 2426; x_wconf 83' lang='grc' dir='ltr'>ποτε</span> <span class='ocrx_word' id='word_1_374' title='bbox 3767 2370 3874 2424; x_wconf 67' lang='grc' dir='ltr'><strong>οὖν</strong></span> 
     </span>
    </p>
   </div>
   <div class='ocr_carea' id='block_1_53' title="bbox 2232 2464 3872 2541">
    <p class='ocr_par' dir='ltr' id='par_1_53' title="bbox 2232 2464 3872 2541">
     <span class='ocr_line' id='line_1_53' title="bbox 2232 2464 3872 2541; baseline -0.004 -18"><span class='ocrx_word' id='word_1_375' title='bbox 2232 2471 2322 2524; x_wconf 85' lang='grc' dir='ltr'><strong>τὸν</strong></span> <span class='ocrx_word' id='word_1_376' title='bbox 2354 2470 2640 2541; x_wconf 77' lang='grc' dir='ltr'>ἄνθρωπον</span> <span class='ocrx_word' id='word_1_377' title='bbox 2672 2468 2866 2532; x_wconf 74' lang='grc' dir='ltr'>ἐποίει,</span> <span class='ocrx_word' id='word_1_378' title='bbox 2893 2469 2987 2521; x_wconf 73' lang='grc' dir='ltr'>καὶ</span> <span class='ocrx_word' id='word_1_379' title='bbox 3015 2467 3116 2521; x_wconf 81' lang='grc' dir='ltr'><strong>οὐκ</strong></span> <span class='ocrx_word' id='word_1_380' title='bbox 3149 2466 3400 2534; x_wconf 82' lang='grc' dir='ltr'>ἄγγελον,</span> <span class='ocrx_word' id='word_1_381' title='bbox 3441 2464 3558 2532; x_wconf 76' lang='grc' dir='ltr'>εἴγε</span> <span class='ocrx_word' id='word_1_382' title='bbox 3593 2464 3872 2532; x_wconf 78' lang='grc' dir='ltr'>ἄγγελον</span> 
     </span>
    </p>
   </div>
   <div class='ocr_carea' id='block_1_54' title="bbox 2233 2558 3862 2636">
    <p class='ocr_par' dir='ltr' id='par_1_54' title="bbox 2233 2558 3862 2636">
     <span class='ocr_line' id='line_1_54' title="bbox 2233 2558 3862 2636; baseline -0.006 -19"><span class='ocrx_word' id='word_1_383' title='bbox 2233 2565 2322 2617; x_wconf 84' lang='grc' dir='ltr'><strong>τὸν</strong></span> <span class='ocrx_word' id='word_1_384' title='bbox 2351 2563 2660 2636; x_wconf 85' lang='grc' dir='ltr'>ἄνθρωπον,</span> <span class='ocrx_word' id='word_1_385' title='bbox 2692 2564 2786 2621; x_wconf 68' lang='grc' dir='ltr'><strong>καὶ</strong></span> <span class='ocrx_word' id='word_1_386' title='bbox 2809 2565 2910 2615; x_wconf 74' lang='grc' dir='ltr'><strong>οὐκ</strong></span> <span class='ocrx_word' id='word_1_387' title='bbox 2934 2561 3220 2632; x_wconf 73' lang='grc' dir='ltr'>ἄνθρωπον</span> <span class='ocrx_word' id='word_1_388' title='bbox 3250 2558 3498 2628; x_wconf 78' lang='grc' dir='ltr'>γενέσθαι</span> <span class='ocrx_word' id='word_1_389' title='bbox 3525 2558 3862 2628; x_wconf 69' lang='grc' dir='ltr'>ὴθὲλησενς</span> 
     </span>
    </p>
   </div>
   <div class='ocr_carea' id='block_1_55' title="bbox 2246 2648 3866 2724">
    <p class='ocr_par' dir='ltr' id='par_1_55' title="bbox 2246 2648 3866 2724">
     <span class='ocr_line' id='line_1_55' title="bbox 2246 2648 3866 2724; baseline -0.007 -16"><span class='ocrx_word' id='word_1_390' title='bbox 2246 2656 2333 2718; x_wconf 83' lang='grc' dir='ltr'>Ὠς</span> <span class='ocrx_word' id='word_1_391' title='bbox 2377 2657 2438 2708; x_wconf 81' lang='grc' dir='ltr'><strong>οὑ</strong></span> <span class='ocrx_word' id='word_1_392' title='bbox 2487 2655 2819 2724; x_wconf 82' lang='grc' dir='ltr'>δυνάμενος;</span> <span class='ocrx_word' id='word_1_393' title='bbox 2875 2653 3228 2723; x_wconf 82' lang='grc' dir='ltr'>Βλάσφημον.</span> <span class='ocrx_word' id='word_1_394' title='bbox 3283 2650 3448 2702; x_wconf 83' lang='grc' dir='ltr'>Ἀλλά</span> <span class='ocrx_word' id='word_1_395' title='bbox 3495 2648 3866 2702; x_wconf 78' lang='grc' dir='ltr'>ἀνεϐάλλετο</span> 
     </span>
    </p>
   </div>
   <div class='ocr_carea' id='block_1_56' title="bbox 2235 2737 3860 2818">
    <p class='ocr_par' dir='ltr' id='par_1_56' title="bbox 2235 2737 3860 2818">
     <span class='ocr_line' id='line_1_56' title="bbox 2235 2737 3860 2818; baseline -0.007 -18"><span class='ocrx_word' id='word_1_396' title='bbox 2235 2749 2364 2818; x_wconf 74' lang='grc' dir='ltr'>περὶ</span> <span class='ocrx_word' id='word_1_397' title='bbox 2395 2747 2488 2800; x_wconf 77' lang='grc' dir='ltr'>τοῦ</span> <span class='ocrx_word' id='word_1_398' title='bbox 2522 2747 2832 2818; x_wconf 81' lang='grc' dir='ltr'>κρείττονος</span> <span class='ocrx_word' id='word_1_399' title='bbox 2855 2745 2916 2798; x_wconf 79' lang='grc' dir='ltr'>τὸ</span> <span class='ocrx_word' id='word_1_400' title='bbox 2946 2748 3126 2815; x_wconf 81' lang='grc' dir='ltr'>χεῖρον</span> <span class='ocrx_word' id='word_1_401' title='bbox 3151 2741 3318 2795; x_wconf 84' lang='grc' dir='ltr'>ποιῶν</span> <span class='ocrx_word' id='word_1_402' title='bbox 3340 2758 3354 2806; x_wconf 90' lang='grc'><strong>;</strong></span> <span class='ocrx_word' id='word_1_403' title='bbox 3382 2741 3492 2792; x_wconf 76' lang='grc' dir='ltr'><strong>Καὶ</strong></span> <span class='ocrx_word' id='word_1_404' title='bbox 3517 2739 3700 2792; x_wconf 74' lang='grc' dir='ltr'>τοῦτο</span> <span class='ocrx_word' id='word_1_405' title='bbox 3721 2737 3860 2790; x_wconf 82' lang='grc' dir='ltr'>ἆτο-</span> 
     </span>
    </p>
   </div>
   <div class='ocr_carea' id='block_1_57' title="bbox 2234 2831 3856 2908">
    <p class='ocr_par' dir='ltr' id='par_1_57' title="bbox 2234 2831 3856 2908">
     <span class='ocr_line' id='line_1_57' title="bbox 2234 2831 3856 2908; baseline -0.006 -17"><span class='ocrx_word' id='word_1_406' title='bbox 2234 2856 2355 2891; x_wconf 84' lang='grc' dir='ltr'>πον.</span> <span class='ocrx_word' id='word_1_407' title='bbox 2388 2838 2526 2890; x_wconf 74' lang='grc' dir='ltr'>Οὔτε</span> <span class='ocrx_word' id='word_1_408' title='bbox 2551 2838 2658 2908; x_wconf 85' lang='grc' dir='ltr'><strong>γάρ</strong></span> <span class='ocrx_word' id='word_1_409' title='bbox 2679 2836 3066 2904; x_wconf 76' lang='grc' dir='ltr'>διασφάλλεται</span> <span class='ocrx_word' id='word_1_410' title='bbox 3096 2835 3224 2906; x_wconf 78' lang='grc' dir='ltr'>περὶ</span> <span class='ocrx_word' id='word_1_411' title='bbox 3255 2834 3314 2886; x_wconf 82' lang='grc' dir='ltr'>τὺ</span> <span class='ocrx_word' id='word_1_412' title='bbox 3349 2836 3520 2886; x_wconf 87' lang='grc' dir='ltr'>ποιεῖν</span> <span class='ocrx_word' id='word_1_413' title='bbox 3545 2832 3613 2884; x_wconf 84' lang='grc' dir='ltr'><strong>τὸ</strong></span> <span class='ocrx_word' id='word_1_414' title='bbox 3639 2831 3856 2892; x_wconf 74' lang='grc' dir='ltr'>καλὸν,</span> 
     </span>
    </p>
   </div>
   <div class='ocr_carea' id='block_1_58' title="bbox 2233 2921 3850 2987">
    <p class='ocr_par' dir='ltr' id='par_1_58' title="bbox 2233 2921 3850 2987">
     <span class='ocr_line' id='line_1_58' title="bbox 2233 2921 3850 2987; baseline -0.006 -6"><span class='ocrx_word' id='word_1_415' title='bbox 2233 2927 2354 2981; x_wconf 72' lang='grc' dir='ltr'>οὔτε</span> <span class='ocrx_word' id='word_1_416' title='bbox 2391 2927 2772 2987; x_wconf 73' lang='grc' dir='ltr'>ἀναϐάλλεται,</span> <span class='ocrx_word' id='word_1_417' title='bbox 2809 2925 2932 2978; x_wconf 73' lang='grc' dir='ltr'>οὔτε</span> <span class='ocrx_word' id='word_1_418' title='bbox 2964 2925 3239 2978; x_wconf 75' lang='grc' dir='ltr'>ἀδυνατεῖο</span> <span class='ocrx_word' id='word_1_419' title='bbox 3265 2922 3400 2976; x_wconf 85' lang='grc' dir='ltr'><strong>ἀλλά</strong></span> <span class='ocrx_word' id='word_1_420' title='bbox 3427 2940 3498 2975; x_wconf 92' lang='grc' dir='ltr'><strong>κα</strong></span> <span class='ocrx_word' id='word_1_421' title='bbox 3549 2923 3632 2985; x_wconf 80' lang='grc' dir='ltr'>ὡς</span> <span class='ocrx_word' id='word_1_422' title='bbox 3667 2921 3850 2985; x_wconf 78' lang='grc' dir='ltr'>θέλει,</span> 
     </span>
    </p>
   </div>
   <div class='ocr_carea' id='block_1_59' title="bbox 2237 3010 3852 3085">
    <p class='ocr_par' dir='ltr' id='par_1_59' title="bbox 2237 3010 3852 3085">
     <span class='ocr_line' id='line_1_59' title="bbox 2237 3010 3852 3085; baseline -0.004 -14"><span class='ocrx_word' id='word_1_423' title='bbox 2237 3019 2330 3072; x_wconf 69' lang='grc' dir='ltr'><strong>καὶ</strong></span> <span class='ocrx_word' id='word_1_424' title='bbox 2359 3019 2446 3070; x_wconf 80' lang='grc' dir='ltr'><strong>ὅτε</strong></span> <span class='ocrx_word' id='word_1_425' title='bbox 2479 3017 2622 3070; x_wconf 84' lang='grc' dir='ltr'>θέλει</span> <span class='ocrx_word' id='word_1_426' title='bbox 2652 3017 2712 3070; x_wconf 85' lang='grc' dir='ltr'><strong>τὸ</strong></span> <span class='ocrx_word' id='word_1_427' title='bbox 2739 3016 2998 3069; x_wconf 78' lang='grc' dir='ltr'>δύνασθαι</span> <span class='ocrx_word' id='word_1_428' title='bbox 3039 3015 3150 3085; x_wconf 72' lang='grc' dir='ltr'>ἔχει</span> <span class='ocrx_word' id='word_1_429' title='bbox 3195 3014 3424 3083; x_wconf 82' lang='grc' dir='ltr'>δύναμις</span> <span class='ocrx_word' id='word_1_430' title='bbox 3470 3012 3568 3066; x_wconf 81' lang='grc' dir='ltr'><strong>ὢν.</strong></span> <span class='ocrx_word' id='word_1_431' title='bbox 3613 3010 3852 3066; x_wconf 75' lang='grc' dir='ltr'>Οὐκοῦν</span> 
     </span>
    </p>
   </div>
   <div class='ocr_carea' id='block_1_60' title="bbox 2239 3103 3843 3179">
    <p class='ocr_par' dir='ltr' id='par_1_60' title="bbox 2239 3103 3843 3179">
     <span class='ocr_line' id='line_1_60' title="bbox 2239 3103 3843 3179; baseline -0.005 -17"><span class='ocrx_word' id='word_1_432' title='bbox 2239 3106 2378 3162; x_wconf 77' lang='grc' dir='ltr'>εῖναι</span> <span class='ocrx_word' id='word_1_433' title='bbox 2394 3109 2481 3162; x_wconf 78' lang='grc' dir='ltr'><strong>τὸν</strong></span> <span class='ocrx_word' id='word_1_434' title='bbox 2506 3109 2790 3178; x_wconf 82' lang='grc' dir='ltr'>ἄνθρωπον</span> <span class='ocrx_word' id='word_1_435' title='bbox 2806 3108 3091 3179; x_wconf 80' lang='grc' dir='ltr'>ἄνθρωπον</span> <span class='ocrx_word' id='word_1_436' title='bbox 3115 3106 3282 3158; x_wconf 85' lang='grc' dir='ltr'>θέλων</span> <span class='ocrx_word' id='word_1_437' title='bbox 3303 3105 3361 3168; x_wconf 78' lang='grc' dir='ltr'>ἐξ</span> <span class='ocrx_word' id='word_1_438' title='bbox 3389 3104 3563 3175; x_wconf 78' lang='grc' dir='ltr'>ἀρχῆς</span> <span class='ocrx_word' id='word_1_439' title='bbox 3584 3103 3843 3156; x_wconf 70' lang='grc' dir='ltr'>ἔκτισεν.</span> 
     </span>
    </p>
   </div>
   <div class='ocr_carea' id='block_1_61' title="bbox 557 3175 2135 3271">
    <p class='ocr_par' dir='ltr' id='par_1_61' title="bbox 557 3175 2133 3271">
     <span class='ocr_line' id='line_1_61' title="bbox 557 3175 2133 3271; baseline 0.008 -23"><span class='ocrx_word' id='word_1_440' title='bbox 557 3198 780 3268; x_wconf 87' lang='lat' dir='ltr'><strong>quando</strong></span> <span class='ocrx_word' id='word_1_441' title='bbox 803 3199 1043 3265; x_wconf 90' lang='lat' dir='ltr'><strong>libuerit,</strong></span> <span class='ocrx_word' id='word_1_442' title='bbox 1080 3201 1273 3271; x_wconf 90' lang='lat' dir='ltr'><strong>agendi</strong></span> <span class='ocrx_word' id='word_1_443' title='bbox 1306 3209 1572 3270; x_wconf 82' lang='lat' dir='ltr'><strong>potestate</strong></span> <span class='ocrx_word' id='word_1_444' title='bbox 1601 3175 1858 3270; x_wconf 67' lang='lat' dir='ltr'><strong>prii-ditus</strong></span> <span class='ocrx_word' id='word_1_445' title='bbox 1880 3216 1983 3270; x_wconf 88' lang='lat' dir='ltr'><strong>est,</strong></span> <span class='ocrx_word' id='word_1_446' title='bbox 2011 3175 2133 3260; x_wconf 82' lang='lat' dir='ltr'><strong>eum</strong></span> 
     </span>
    </p>
   </div>
   <div class='ocr_carea' id='block_1_62' title="bbox 2235 3175 3847 3271">
    <p class='ocr_par' dir='ltr' id='par_1_62' title="bbox 2241 3175 3847 3269">
     <span class='ocr_line' id='line_1_62' title="bbox 2241 3175 3847 3269; baseline -0.004 -15"><span class='ocrx_word' id='word_1_447' title='bbox 2241 3203 2300 3254; x_wconf 82' lang='grc' dir='ltr'><strong>Εἰ</strong></span> <span class='ocrx_word' id='word_1_448' title='bbox 2319 3203 2373 3254; x_wconf 73' lang='grc' dir='ltr'>δὲ</span> <span class='ocrx_word' id='word_1_449' title='bbox 2395 3201 2475 3253; x_wconf 68' lang='grc' dir='ltr'>οι)</span> <span class='ocrx_word' id='word_1_450' title='bbox 2489 3221 2584 3264; x_wconf 87' lang='grc' dir='ltr'><strong>ων,</strong></span> <span class='ocrx_word' id='word_1_451' title='bbox 2600 3175 2740 3253; x_wconf 82' lang='grc' dir='ltr'>θέλει</span> <span class='ocrx_word' id='word_1_452' title='bbox 2758 3199 2888 3269; x_wconf 63' lang='grc' dir='ltr'>δεῖτὸ</span> <span class='ocrx_word' id='word_1_453' title='bbox 2912 3175 3097 3262; x_wconf 69' lang='grc' dir='ltr'>καλὸν,</span> <span class='ocrx_word' id='word_1_454' title='bbox 3112 3199 3270 3252; x_wconf 83' lang='grc' dir='ltr'>καλὸν</span> <span class='ocrx_word' id='word_1_455' title='bbox 3286 3198 3384 3267; x_wconf 52' lang='lat' dir='ltr'><strong>sae</strong></span> <span class='ocrx_word' id='word_1_456' title='bbox 3405 3197 3728 3268; x_wconf 77' lang='grc' dir='ltr'>ἄνθρωπος,</span> <span class='ocrx_word' id='word_1_457' title='bbox 3757 3196 3847 3250; x_wconf 74' lang='grc' dir='ltr'>ειν-</span> 
     </span>
    </p>
   </div>
   <div class='ocr_carea' id='block_1_63' title="bbox 557 3288 2138 3357">
    <p class='ocr_par' dir='ltr' id='par_1_63' title="bbox 557 3288 2138 3357">
     <span class='ocr_line' id='line_1_63' title="bbox 557 3288 2138 3357; baseline 0.004 -15"><span class='ocrx_word' id='word_1_458' title='bbox 557 3289 632 3342; x_wconf 79' lang='lat' dir='ltr'><strong>sit</strong></span> <span class='ocrx_word' id='word_1_459' title='bbox 659 3288 776 3357; x_wconf 89' lang='lat' dir='ltr'><strong>ipsa</strong></span> <span class='ocrx_word' id='word_1_460' title='bbox 809 3289 1069 3357; x_wconf 89' lang='lat' dir='ltr'><strong>potentia.</strong></span> <span class='ocrx_word' id='word_1_461' title='bbox 1103 3290 1470 3355; x_wconf 78' lang='lat' dir='ltr'><strong>Quamobrem</strong></span> <span class='ocrx_word' id='word_1_462' title='bbox 1505 3291 1778 3346; x_wconf 90' lang='lat' dir='ltr'><strong>hominem</strong></span> <span class='ocrx_word' id='word_1_463' title='bbox 1806 3310 1929 3349; x_wconf 91' lang='lat' dir='ltr'><strong>esse</strong></span> <span class='ocrx_word' id='word_1_464' title='bbox 1961 3297 2138 3350; x_wconf 77' lang='lat' dir='ltr'><strong>homi-</strong></span> 
     </span>
    </p>
   </div>
   <div class='ocr_carea' id='block_1_64' title="bbox 559 3379 2138 3453">
    <p class='ocr_par' dir='ltr' id='par_1_64' title="bbox 559 3379 2138 3453">
     <span class='ocr_line' id='line_1_64' title="bbox 559 3379 2138 3453; baseline 0.005 -21"><span class='ocrx_word' id='word_1_465' title='bbox 559 3394 683 3433; x_wconf 90' lang='lat' dir='ltr'><strong>nem</strong></span> <span class='ocrx_word' id='word_1_466' title='bbox 711 3380 900 3434; x_wconf 83' lang='lat' dir='ltr'><strong>volens</strong></span> <span class='ocrx_word' id='word_1_467' title='bbox 925 3379 1080 3433; x_wconf 91' lang='lat' dir='ltr'><strong>initio</strong></span> <span class='ocrx_word' id='word_1_468' title='bbox 1114 3382 1392 3449; x_wconf 82' lang='lat' dir='ltr'><strong>produxit.</strong></span> <span class='ocrx_word' id='word_1_469' title='bbox 1438 3382 1592 3448; x_wconf 86' lang='lat' dir='ltr'><strong>Quod</strong></span> <span class='ocrx_word' id='word_1_470' title='bbox 1628 3385 1672 3439; x_wconf 90' lang='lat' dir='ltr'><strong>si</strong></span> <span class='ocrx_word' id='word_1_471' title='bbox 1698 3387 1750 3439; x_wconf 91' lang='lat' dir='ltr'><strong>id</strong></span> <span class='ocrx_word' id='word_1_472' title='bbox 1778 3389 1966 3442; x_wconf 81' lang='lat' dir='ltr'><strong>volens</strong></span> <span class='ocrx_word' id='word_1_473' title='bbox 1993 3389 2138 3453; x_wconf 82' lang='lat' dir='ltr'><strong>fecit,</strong></span> 
     </span>
    </p>
   </div>
   <div class='ocr_carea' id='block_1_65' title="bbox 559 3471 2135 3545">
    <p class='ocr_par' dir='ltr' id='par_1_65' title="bbox 559 3471 2135 3545">
     <span class='ocr_line' id='line_1_65' title="bbox 559 3471 2135 3545; baseline 0.006 -21"><span class='ocrx_word' id='word_1_474' title='bbox 559 3472 675 3524; x_wconf 74' lang='lat' dir='ltr'><strong>vult</strong></span> <span class='ocrx_word' id='word_1_475' title='bbox 691 3481 871 3525; x_wconf 85' lang='lat' dir='ltr'><strong>autem</strong></span> <span class='ocrx_word' id='word_1_476' title='bbox 899 3471 1043 3540; x_wconf 86' lang='lat' dir='ltr'><strong>quod</strong></span> <span class='ocrx_word' id='word_1_477' title='bbox 1085 3471 1284 3526; x_wconf 89' lang='lat' dir='ltr'><strong>bonum</strong></span> <span class='ocrx_word' id='word_1_478' title='bbox 1310 3481 1428 3537; x_wconf 91' lang='lat' dir='ltr'><strong>est,</strong></span> <span class='ocrx_word' id='word_1_479' title='bbox 1454 3475 1616 3529; x_wconf 89' lang='lat' dir='ltr'><strong>homo</strong></span> <span class='ocrx_word' id='word_1_480' title='bbox 1646 3493 1772 3531; x_wconf 89' lang='lat' dir='ltr'><strong>vero</strong></span> <span class='ocrx_word' id='word_1_481' title='bbox 1799 3479 2000 3534; x_wconf 81' lang='lat' dir='ltr'><strong>bonum</strong></span> <span class='ocrx_word' id='word_1_482' title='bbox 2029 3491 2135 3545; x_wconf 81' lang='lat' dir='ltr'><strong>est,</strong></span> 
     </span>
    </p>
   </div>
   <div class='ocr_carea' id='block_1_66' title="bbox 563 3561 2137 3641">
    <p class='ocr_par' dir='ltr' id='par_1_66' title="bbox 563 3561 2137 3641">
     <span class='ocr_line' id='line_1_66' title="bbox 563 3561 2137 3641; baseline 0.008 -26"><span class='ocrx_word' id='word_1_483' title='bbox 563 3561 812 3632; x_wconf 90' lang='lat' dir='ltr'><strong>idemque</strong></span> <span class='ocrx_word' id='word_1_484' title='bbox 864 3579 930 3618; x_wconf 74' lang='lat' dir='ltr'><strong>ex</strong></span> <span class='ocrx_word' id='word_1_485' title='bbox 989 3565 1170 3618; x_wconf 91' lang='lat' dir='ltr'><strong>anima</strong></span> <span class='ocrx_word' id='word_1_486' title='bbox 1249 3574 1464 3620; x_wconf 87' lang='lat' dir='ltr'><strong>constat</strong></span> <span class='ocrx_word' id='word_1_487' title='bbox 1500 3575 1554 3622; x_wconf 90' lang='lat' dir='ltr'><strong>et</strong></span> <span class='ocrx_word' id='word_1_488' title='bbox 1596 3584 1844 3638; x_wconf 88' lang='lat' dir='ltr'><strong>corpore,</strong></span> <span class='ocrx_word' id='word_1_489' title='bbox 1889 3574 2137 3641; x_wconf 89' lang='lat' dir='ltr'><strong>sequitur</strong></span> 
     </span>
    </p>
   </div>
   <div class='ocr_carea' id='block_1_67' title="bbox 563 3654 2134 3726">
    <p class='ocr_par' dir='ltr' id='par_1_67' title="bbox 563 3654 2134 3726">
     <span class='ocr_line' id='line_1_67' title="bbox 563 3654 2134 3726; baseline 0.008 -22"><span class='ocrx_word' id='word_1_490' title='bbox 563 3654 785 3707; x_wconf 90' lang='lat' dir='ltr'><strong>minime</strong></span> <span class='ocrx_word' id='word_1_491' title='bbox 817 3662 968 3707; x_wconf 78' lang='lat' dir='ltr'><strong>extra</strong></span> <span class='ocrx_word' id='word_1_492' title='bbox 999 3670 1198 3723; x_wconf 88' lang='lat' dir='ltr'><strong>corpus</strong></span> <span class='ocrx_word' id='word_1_493' title='bbox 1235 3655 1511 3711; x_wconf 90' lang='lat' dir='ltr'><strong>hominem</strong></span> <span class='ocrx_word' id='word_1_494' title='bbox 1542 3657 1692 3726; x_wconf 77' lang='lat' dir='ltr'><strong>fore;</strong></span> <span class='ocrx_word' id='word_1_495' title='bbox 1732 3661 1827 3715; x_wconf 91' lang='lat' dir='ltr'><strong>sed</strong></span> <span class='ocrx_word' id='word_1_496' title='bbox 1861 3676 1984 3715; x_wconf 89' lang='lat' dir='ltr'><strong>cum</strong></span> <span class='ocrx_word' id='word_1_497' title='bbox 2013 3679 2134 3716; x_wconf 84' lang='lat' dir='ltr'><strong>eor-</strong></span> 
     </span>
    </p>
   </div>
   <div class='ocr_carea' id='block_1_68' title="bbox 563 3745 2130 3820">
    <p class='ocr_par' dir='ltr' id='par_1_68' title="bbox 563 3745 2130 3820">
     <span class='ocr_line' id='line_1_68' title="bbox 563 3745 2130 3820; baseline 0.006 -24"><span class='ocrx_word' id='word_1_498' title='bbox 563 3758 712 3812; x_wconf 88' lang='lat' dir='ltr'><strong>pore.</strong></span> <span class='ocrx_word' id='word_1_499' title='bbox 756 3759 823 3796; x_wconf 91' lang='lat' dir='ltr'><strong>ne</strong></span> <span class='ocrx_word' id='word_1_500' title='bbox 870 3745 1010 3797; x_wconf 88' lang='lat' dir='ltr'><strong>alius</strong></span> <span class='ocrx_word' id='word_1_501' title='bbox 1045 3753 1238 3813; x_wconf 67' lang='lat' dir='ltr'><strong>praeter</strong></span> <span class='ocrx_word' id='word_1_502' title='bbox 1274 3746 1547 3801; x_wconf 89' lang='lat' dir='ltr'><strong>hominem</strong></span> <span class='ocrx_word' id='word_1_503' title='bbox 1582 3749 1743 3803; x_wconf 92' lang='lat' dir='ltr'><strong>homo</strong></span> <span class='ocrx_word' id='word_1_504' title='bbox 1781 3753 2130 3820; x_wconf 79' lang='lat' dir='ltr'><strong>producatur.</strong></span> 
     </span>
    </p>
   </div>
   <div class='ocr_carea' id='block_1_69' title="bbox 564 3828 2135 3908">
    <p class='ocr_par' dir='ltr' id='par_1_69' title="bbox 564 3828 2135 3908">
     <span class='ocr_line' id='line_1_69' title="bbox 564 3828 2135 3908; baseline 0.01 -27"><span class='ocrx_word' id='word_1_505' title='bbox 564 3828 714 3896; x_wconf 81' lang='lat' dir='ltr'><strong>Opus</strong></span> <span class='ocrx_word' id='word_1_506' title='bbox 757 3829 902 3883; x_wconf 90' lang='lat' dir='ltr'><strong>enim</strong></span> <span class='ocrx_word' id='word_1_507' title='bbox 946 3839 1030 3884; x_wconf 84' lang='lat' dir='ltr'><strong>cst</strong></span> <span class='ocrx_word' id='word_1_508' title='bbox 1075 3831 1149 3884; x_wconf 91' lang='lat' dir='ltr'><strong>uti</strong></span> <span class='ocrx_word' id='word_1_509' title='bbox 1197 3831 1305 3886; x_wconf 87' lang='lat' dir='ltr'><strong>Deo</strong></span> <span class='ocrx_word' id='word_1_510' title='bbox 1341 3833 1667 3890; x_wconf 83' lang='lat' dir='ltr'><strong>immortalia</strong></span> <span class='ocrx_word' id='word_1_511' title='bbox 1714 3855 1913 3908; x_wconf 85' lang='lat' dir='ltr'><strong>genera</strong></span> <span class='ocrx_word' id='word_1_512' title='bbox 1954 3844 2135 3896; x_wconf 89' lang='lat' dir='ltr'><strong>omnia</strong></span> 
     </span>
    </p>
   </div>
   <div class='ocr_carea' id='block_1_70' title="bbox 564 3919 2136 3998">
    <p class='ocr_par' dir='ltr' id='par_1_70' title="bbox 564 3919 2136 3998">
     <span class='ocr_line' id='line_1_70' title="bbox 564 3919 2136 3998; baseline 0.01 -25"><span class='ocrx_word' id='word_1_513' title='bbox 564 3930 867 3975; x_wconf 84' lang='lat' dir='ltr'><strong>serventur.</strong></span> <span class='ocrx_word' id='word_1_514' title='bbox 909 3919 1115 3976; x_wconf 87' lang='lat' dir='ltr'><strong>Creavit</strong></span> <span class='ocrx_word' id='word_1_515' title='bbox 1149 3926 1284 3977; x_wconf 87' lang='lat' dir='ltr'><strong>enim</strong></span> <span class='ocrx_word' id='word_1_516' title='bbox 1322 3927 1421 3995; x_wconf 79' lang='lat' dir='ltr'><strong>(ait</strong></span> <span class='ocrx_word' id='word_1_517' title='bbox 1455 3927 1755 3998; x_wconf 87' lang='lat' dir='ltr'><strong>Sapientia)</strong></span> <span class='ocrx_word' id='word_1_518' title='bbox 1791 3931 2049 3986; x_wconf 78' lang='lat' dir='ltr'><strong>hominem</strong></span> <span class='ocrx_word' id='word_1_519' title='bbox 2084 3937 2136 3988; x_wconf 87' lang='lat' dir='ltr'><strong>in</strong></span> 
     </span>
    </p>
   </div>
   <div class='ocr_carea' id='block_1_71' title="bbox 563 4013 2134 4092">
    <p class='ocr_par' dir='ltr' id='par_1_71' title="bbox 563 4013 2134 4092">
     <span class='ocr_line' id='line_1_71' title="bbox 563 4013 2134 4092; baseline 0.008 -27"><span class='ocrx_word' id='word_1_520' title='bbox 563 4013 994 4081; x_wconf 75' lang='lat' dir='ltr'><strong>incorruptione;</strong></span> <span class='ocrx_word' id='word_1_521' title='bbox 1051 4013 1119 4066; x_wconf 86' lang='lat' dir='ltr'><strong>ad</strong></span> <span class='ocrx_word' id='word_1_522' title='bbox 1163 4016 1446 4085; x_wconf 81' lang='lat' dir='ltr'><strong>imaginem</strong></span> <span class='ocrx_word' id='word_1_523' title='bbox 1493 4021 1806 4073; x_wconf 81' lang='lat' dir='ltr'><strong>wternitatis</strong></span> <span class='ocrx_word' id='word_1_524' title='bbox 1857 4039 1968 4075; x_wconf 74' lang='lat' dir='ltr'><strong>rure</strong></span> <span class='ocrx_word' id='word_1_525' title='bbox 2016 4023 2134 4092; x_wconf 83' lang='lat' dir='ltr'><strong>fecit</strong></span> 
     </span>
    </p>
   </div>
   <div class='ocr_carea' id='block_1_72' title="bbox 2235 3289 3843 3364">
    <p class='ocr_par' dir='ltr' id='par_1_72' title="bbox 2235 3289 3843 3364">
     <span class='ocr_line' id='line_1_72' title="bbox 2235 3289 3843 3364; baseline -0.004 -19"><span class='ocrx_word' id='word_1_526' title='bbox 2235 3293 2449 3364; x_wconf 80' lang='grc' dir='ltr'>θρωπος</span> <span class='ocrx_word' id='word_1_527' title='bbox 2477 3293 2531 3345; x_wconf 85' lang='grc' dir='ltr'>δὲ</span> <span class='ocrx_word' id='word_1_528' title='bbox 2564 3293 2624 3343; x_wconf 76' lang='grc' dir='ltr'>τὸ</span> <span class='ocrx_word' id='word_1_529' title='bbox 2648 3294 2712 3344; x_wconf 82' lang='grc' dir='ltr'><strong>ὲκ</strong></span> <span class='ocrx_word' id='word_1_530' title='bbox 2751 3291 2930 3361; x_wconf 71' lang='grc' dir='ltr'>ψυχῆς</span> <span class='ocrx_word' id='word_1_531' title='bbox 2971 3292 3065 3344; x_wconf 78' lang='grc' dir='ltr'><strong>καὶ</strong></span> <span class='ocrx_word' id='word_1_532' title='bbox 3102 3290 3352 3360; x_wconf 84' lang='grc' dir='ltr'>σώματος</span> <span class='ocrx_word' id='word_1_533' title='bbox 3392 3289 3610 3356; x_wconf 82' lang='grc' dir='ltr'>λέγεται</span> <span class='ocrx_word' id='word_1_534' title='bbox 3647 3303 3843 3341; x_wconf 83' lang='grc' dir='ltr'>συντε-</span> 
     </span>
    </p>
   </div>
   <div class='ocr_carea' id='block_1_73' title="bbox 2235 3378 3840 3454">
    <p class='ocr_par' dir='ltr' id='par_1_73' title="bbox 2235 3378 3840 3454">
     <span class='ocr_line' id='line_1_73' title="bbox 2235 3378 3840 3454; baseline -0.004 -17"><span class='ocrx_word' id='word_1_535' title='bbox 2235 3385 2344 3438; x_wconf 80' lang='grc' dir='ltr'>θέν·</span> <span class='ocrx_word' id='word_1_536' title='bbox 2388 3386 2488 3437; x_wconf 75' lang='grc' dir='ltr'><strong>οὐκ</strong></span> <span class='ocrx_word' id='word_1_537' title='bbox 2517 3384 2668 3437; x_wconf 77' lang='grc' dir='ltr'>ἔσται</span> <span class='ocrx_word' id='word_1_538' title='bbox 2701 3384 2810 3454; x_wconf 83' lang='grc' dir='ltr'>ἄρα</span> <span class='ocrx_word' id='word_1_539' title='bbox 2843 3383 2998 3446; x_wconf 80' lang='grc' dir='ltr'>ἐκτὸς</span> <span class='ocrx_word' id='word_1_540' title='bbox 3026 3382 3275 3453; x_wconf 84' lang='grc' dir='ltr'>σώματος</span> <span class='ocrx_word' id='word_1_541' title='bbox 3300 3385 3328 3434; x_wconf 82' lang='grc' dir='ltr'>ὁ</span> <span class='ocrx_word' id='word_1_542' title='bbox 3356 3381 3665 3451; x_wconf 77' lang='grc' dir='ltr'>ἄνθρωπος,</span> <span class='ocrx_word' id='word_1_543' title='bbox 3699 3378 3840 3433; x_wconf 79' lang='grc' dir='ltr'>ἀ).λά</span> 
     </span>
    </p>
   </div>
   <div class='ocr_carea' id='block_1_74' title="bbox 2237 3474 3836 3548">
    <p class='ocr_par' dir='ltr' id='par_1_74' title="bbox 2237 3474 3836 3548">
     <span class='ocr_line' id='line_1_74' title="bbox 2237 3474 3836 3548; baseline -0.003 -19"><span class='ocrx_word' id='word_1_544' title='bbox 2237 3478 2373 3547; x_wconf 82' lang='grc' dir='ltr'><strong>μετά</strong></span> <span class='ocrx_word' id='word_1_545' title='bbox 2401 3476 2674 3547; x_wconf 74' lang='grc' dir='ltr'>σώματος,</span> <span class='ocrx_word' id='word_1_546' title='bbox 2711 3478 2796 3530; x_wconf 84' lang='grc' dir='ltr'><strong>ἵνα</strong></span> <span class='ocrx_word' id='word_1_547' title='bbox 2834 3476 2908 3548; x_wconf 81' lang='grc' dir='ltr'>μὴ</span> <span class='ocrx_word' id='word_1_548' title='bbox 2937 3477 3093 3539; x_wconf 82' lang='grc' dir='ltr'>ἄλλος</span> <span class='ocrx_word' id='word_1_549' title='bbox 3117 3476 3402 3547; x_wconf 84' lang='grc' dir='ltr'>ἄνθρωπος</span> <span class='ocrx_word' id='word_1_550' title='bbox 3435 3474 3582 3546; x_wconf 82' lang='grc' dir='ltr'><strong>παρά</strong></span> <span class='ocrx_word' id='word_1_551' title='bbox 3616 3475 3720 3528; x_wconf 81' lang='grc' dir='ltr'><strong>τὸν</strong></span> <span class='ocrx_word' id='word_1_552' title='bbox 3743 3474 3836 3526; x_wconf 80' lang='grc' dir='ltr'>άν-</span> 
     </span>
    </p>
   </div>
   <div class='ocr_carea' id='block_1_75' title="bbox 2233 3563 3834 3640">
    <p class='ocr_par' dir='ltr' id='par_1_75' title="bbox 2233 3563 3834 3640">
     <span class='ocr_line' id='line_1_75' title="bbox 2233 3563 3834 3640; baseline -0.002 -20"><span class='ocrx_word' id='word_1_553' title='bbox 2233 3567 2451 3640; x_wconf 87' lang='grc' dir='ltr'>θρωπον</span> <span class='ocrx_word' id='word_1_554' title='bbox 2475 3568 2728 3638; x_wconf 78' lang='grc' dir='ltr'>γεννηθῇ.</span> <span class='ocrx_word' id='word_1_555' title='bbox 2777 3570 2867 3619; x_wconf 82' lang='grc' dir='ltr'>Δεῖ</span> <span class='ocrx_word' id='word_1_556' title='bbox 2907 3568 3014 3638; x_wconf 75' lang='grc' dir='ltr'><strong>γὰρ</strong></span> <span class='ocrx_word' id='word_1_557' title='bbox 3043 3567 3120 3637; x_wconf 83' lang='grc' dir='ltr'>τῷ</span> <span class='ocrx_word' id='word_1_558' title='bbox 3166 3567 3284 3637; x_wconf 84' lang='grc' dir='ltr'><strong>Θεῷ</strong></span> <span class='ocrx_word' id='word_1_559' title='bbox 3313 3567 3380 3619; x_wconf 83' lang='grc' dir='ltr'><strong>τά</strong></span> <span class='ocrx_word' id='word_1_560' title='bbox 3407 3566 3654 3619; x_wconf 84' lang='grc' dir='ltr'>ἀθάνατα</span> <span class='ocrx_word' id='word_1_561' title='bbox 3696 3563 3834 3633; x_wconf 81' lang='grc' dir='ltr'>γένη</span> 
     </span>
    </p>
   </div>
   <div class='ocr_carea' id='block_1_76' title="bbox 2231 3654 3836 3726">
    <p class='ocr_par' dir='ltr' id='par_1_76' title="bbox 2231 3654 3836 3726">
     <span class='ocr_line' id='line_1_76' title="bbox 2231 3654 3836 3726; baseline -0.003 -16"><span class='ocrx_word' id='word_1_562' title='bbox 2231 3657 2408 3710; x_wconf 75' lang='grc' dir='ltr'>πάντα</span> <span class='ocrx_word' id='word_1_563' title='bbox 2441 3657 2726 3721; x_wconf 74' lang='grc' dir='ltr'>σώζεσθαι.</span> <span class='ocrx_word' id='word_1_564' title='bbox 2781 3659 3023 3710; x_wconf 78' lang='grc' dir='ltr'>Ἔχτισε</span> <span class='ocrx_word' id='word_1_565' title='bbox 3070 3657 3201 3726; x_wconf 77' lang='grc' dir='ltr'>γὰρ,</span> <span class='ocrx_word' id='word_1_566' title='bbox 3230 3657 3395 3726; x_wconf 61' lang='grc' dir='ltr'>φησιν</span> <span class='ocrx_word' id='word_1_567' title='bbox 3422 3658 3454 3726; x_wconf 81' lang='grc' dir='ltr'>ὴ</span> <span class='ocrx_word' id='word_1_568' title='bbox 3486 3654 3684 3722; x_wconf 80' lang='grc' dir='ltr'>Σοφία,</span> <span class='ocrx_word' id='word_1_569' title='bbox 3725 3654 3836 3706; x_wconf 73' lang='grc' dir='ltr'><strong>τέν</strong></span> 
     </span>
    </p>
   </div>
   <div class='ocr_carea' id='block_1_77' title="bbox 2241 3741 3828 3815">
    <p class='ocr_par' dir='ltr' id='par_1_77' title="bbox 2241 3741 3828 3815">
     <span class='ocr_line' id='line_1_77' title="bbox 2241 3741 3828 3815; baseline -0.002 -15"><span class='ocrx_word' id='word_1_570' title='bbox 2241 3747 2552 3814; x_wconf 73' lang='grc' dir='ltr'>ἄνθρωπον</span> <span class='ocrx_word' id='word_1_571' title='bbox 2585 3751 2616 3799; x_wconf 85' lang='grc' dir='ltr'><strong>ό</strong></span> <span class='ocrx_word' id='word_1_572' title='bbox 2659 3747 2801 3812; x_wconf 79' lang='grc' dir='ltr'>Θεὸς</span> <span class='ocrx_word' id='word_1_573' title='bbox 2825 3747 2922 3799; x_wconf 79' lang='grc' dir='ltr'><strong>ἐπὶ</strong></span> <span class='ocrx_word' id='word_1_574' title='bbox 2952 3749 3276 3815; x_wconf 65' lang='grc' dir='ltr'>ἀφθαρσίᾳ,</span> <span class='ocrx_word' id='word_1_575' title='bbox 3312 3748 3409 3800; x_wconf 79' lang='grc' dir='ltr'>καὶ</span> <span class='ocrx_word' id='word_1_576' title='bbox 3439 3747 3644 3799; x_wconf 72' lang='grc' dir='ltr'>εἰκόνα</span> <span class='ocrx_word' id='word_1_577' title='bbox 3672 3745 3694 3775; x_wconf 90' lang='grc'><em>³</em></span> <span class='ocrx_word' id='word_1_578' title='bbox 3723 3741 3828 3808; x_wconf 75' lang='grc' dir='ltr'>τῆς</span> 
     </span>
    </p>
   </div>
   <div class='ocr_carea' id='block_1_78' title="bbox 2245 3834 3830 3906">
    <p class='ocr_par' dir='ltr' id='par_1_78' title="bbox 2245 3834 3830 3906">
     <span class='ocr_line' id='line_1_78' title="bbox 2245 3834 3830 3906; baseline -0.003 -15"><span class='ocrx_word' id='word_1_579' title='bbox 2245 3838 2398 3903; x_wconf 74' lang='grc' dir='ltr'>ιδίας</span> <span class='ocrx_word' id='word_1_580' title='bbox 2447 3837 2778 3904; x_wconf 78' lang='grc' dir='ltr'>ἁϊδιότητος</span> <span class='ocrx_word' id='word_1_581' title='bbox 2807 3837 3100 3904; x_wconf 81' lang='grc' dir='ltr'>ἐποίησεν</span> <span class='ocrx_word' id='word_1_582' title='bbox 3133 3839 3337 3891; x_wconf 81' lang='grc' dir='ltr'>αὐτόν.</span> <span class='ocrx_word' id='word_1_583' title='bbox 3376 3838 3488 3889; x_wconf 78' lang='grc' dir='ltr'><strong>Οὐκ</strong></span> <span class='ocrx_word' id='word_1_584' title='bbox 3513 3837 3623 3906; x_wconf 80' lang='grc' dir='ltr'><strong>ἀρα</strong></span> <span class='ocrx_word' id='word_1_585' title='bbox 3652 3834 3830 3889; x_wconf 85' lang='grc' dir='ltr'>ἀπόλ-</span> 
     </span>
    </p>
   </div>
   <div class='ocr_carea' id='block_1_79' title="bbox 2242 3924 3829 4002">
    <p class='ocr_par' dir='ltr' id='par_1_79' title="bbox 2242 3924 3829 4002">
     <span class='ocr_line' id='line_1_79' title="bbox 2242 3924 3829 4002; baseline -0.002 -20"><span class='ocrx_word' id='word_1_586' title='bbox 2242 3929 2395 3982; x_wconf 87' lang='grc' dir='ltr'>λυται</span> <span class='ocrx_word' id='word_1_587' title='bbox 2439 3927 2500 3981; x_wconf 76' lang='grc' dir='ltr'>τὸ</span> <span class='ocrx_word' id='word_1_588' title='bbox 2551 3928 2740 4000; x_wconf 84' lang='grc' dir='ltr'>σῶμα·</span> <span class='ocrx_word' id='word_1_589' title='bbox 2803 3930 2831 3982; x_wconf 93' lang='lat'><strong>6</strong></span> <span class='ocrx_word' id='word_1_590' title='bbox 2886 3929 2994 3997; x_wconf 84' lang='grc' dir='ltr'>γὰρ</span> <span class='ocrx_word' id='word_1_591' title='bbox 3041 3930 3325 4002; x_wconf 81' lang='grc' dir='ltr'>ἄνθρωπος</span> <span class='ocrx_word' id='word_1_592' title='bbox 3377 3931 3442 3982; x_wconf 85' lang='grc' dir='ltr'>ἐκ</span> <span class='ocrx_word' id='word_1_593' title='bbox 3493 3928 3677 3999; x_wconf 68' lang='grc' dir='ltr'>ψυχῆς</span> <span class='ocrx_word' id='word_1_594' title='bbox 3733 3924 3829 3980; x_wconf 79' lang='grc' dir='ltr'>καὶ</span> 
     </span>
    </p>
   </div>
   <div class='ocr_carea' id='block_1_80' title="bbox 2201 4020 2524 4091">
    <p class='ocr_par' dir='ltr' id='par_1_80' title="bbox 2201 4020 2524 4091">
     <span class='ocr_line' id='line_1_80' title="bbox 2201 4020 2524 4091; baseline 0 -17"><span class='ocrx_word' id='word_1_595' title='bbox 2201 4045 2204 4048; x_wconf 93' lang='grc'>·</span> <span class='ocrx_word' id='word_1_596' title='bbox 2245 4020 2524 4091; x_wconf 80' lang='grc' dir='ltr'>σώματος.</span> 
     </span>
    </p>
   </div>
   <div class='ocr_carea' id='block_1_81' title="bbox 563 4099 3458 4180">
    <p class='ocr_par' dir='ltr' id='par_1_81' title="bbox 563 4099 3458 4180">
     <span class='ocr_line' id='line_1_81' title="bbox 563 4099 3458 4180; baseline 0.003 -26"><span class='ocrx_word' id='word_1_597' title='bbox 563 4101 716 4154; x_wconf 82' lang='lat' dir='ltr'><strong>illum</strong></span> <span class='ocrx_word' id='word_1_598' title='bbox 746 4100 788 4154; x_wconf 76' lang='grc'><strong>⁸.</strong></span> <span class='ocrx_word' id='word_1_599' title='bbox 824 4099 1038 4171; x_wconf 89' lang='lat' dir='ltr'><strong>Corpus</strong></span> <span class='ocrx_word' id='word_1_600' title='bbox 1085 4103 1265 4172; x_wconf 87' lang='lat' dir='ltr'><strong>itaque</strong></span> <span class='ocrx_word' id='word_1_601' title='bbox 1287 4122 1394 4158; x_wconf 95' lang='lat' dir='ltr'><strong>non</strong></span> <span class='ocrx_word' id='word_1_602' title='bbox 1437 4121 1666 4175; x_wconf 87' lang='lat' dir='ltr'><strong>prorsus</strong></span> <span class='ocrx_word' id='word_1_603' title='bbox 1711 4111 2101 4180; x_wconf 79' lang='lat' dir='ltr'><strong>exstinguitur,</strong></span> <span class='ocrx_word' id='word_1_604' title='bbox 2151 4128 2275 4167; x_wconf 91' lang='lat' dir='ltr'><strong>cum</strong></span> <span class='ocrx_word' id='word_1_605' title='bbox 2311 4112 2472 4164; x_wconf 89' lang='lat' dir='ltr'><strong>homo</strong></span> <span class='ocrx_word' id='word_1_606' title='bbox 2501 4125 2565 4163; x_wconf 80' lang='lat' dir='ltr'><strong>ex</strong></span> <span class='ocrx_word' id='word_1_607' title='bbox 2588 4124 2820 4179; x_wconf 80' lang='lat' dir='ltr'><strong>corpore.</strong></span> <span class='ocrx_word' id='word_1_608' title='bbox 2853 4110 3140 4180; x_wconf 88' lang='lat' dir='ltr'><strong>animaque</strong></span> <span class='ocrx_word' id='word_1_609' title='bbox 3171 4111 3458 4165; x_wconf 86' lang='lat' dir='ltr'><strong>coalescat.</strong></span> 
     </span>
    </p>
   </div>
   <div class='ocr_carea' id='block_1_82' title="bbox 634 4189 2136 4266">
    <p class='ocr_par' dir='ltr' id='par_1_82' title="bbox 634 4189 2136 4266">
     <span class='ocr_line' id='line_1_82' title="bbox 634 4189 2136 4266; baseline 0.009 -21"><span class='ocrx_word' id='word_1_610' title='bbox 634 4189 848 4245; x_wconf 68' lang='lat' dir='ltr'><strong>XXXV.</strong></span> <span class='ocrx_word' id='word_1_611' title='bbox 875 4193 950 4245; x_wconf 83' lang='lat' dir='ltr'><strong>Ac</strong></span> <span class='ocrx_word' id='word_1_612' title='bbox 979 4193 1120 4256; x_wconf 68' lang='lat' dir='ltr'><strong>vide,</strong></span> <span class='ocrx_word' id='word_1_613' title='bbox 1153 4211 1356 4262; x_wconf 77' lang='lat' dir='ltr'><strong>quaeso,</strong></span> <span class='ocrx_word' id='word_1_614' title='bbox 1382 4199 1836 4266; x_wconf 88' lang='lat' dir='ltr'><strong>quemadmodum</strong></span> <span class='ocrx_word' id='word_1_615' title='bbox 1874 4201 2136 4260; x_wconf 88' lang='lat' dir='ltr'><strong>Dominus</strong></span> 
     </span>
    </p>
   </div>
   <div class='ocr_carea' id='block_1_83' title="bbox 562 4283 2135 4352">
    <p class='ocr_par' dir='ltr' id='par_1_83' title="bbox 562 4283 2135 4352">
     <span class='ocr_line' id='line_1_83' title="bbox 562 4283 2135 4352; baseline 0.008 -13"><span class='ocrx_word' id='word_1_616' title='bbox 562 4283 752 4340; x_wconf 86' lang='lat' dir='ltr'><strong>eadem</strong></span> <span class='ocrx_word' id='word_1_617' title='bbox 779 4284 868 4338; x_wconf 87' lang='lat' dir='ltr'><strong>illa</strong></span> <span class='ocrx_word' id='word_1_618' title='bbox 893 4285 1108 4340; x_wconf 89' lang='lat' dir='ltr'><strong>tradere</strong></span> <span class='ocrx_word' id='word_1_619' title='bbox 1131 4287 1446 4343; x_wconf 66' lang='lat' dir='ltr'><strong>Sadducazis</strong></span> <span class='ocrx_word' id='word_1_620' title='bbox 1467 4293 1923 4348; x_wconf 90' lang='lat' dir='ltr'><strong>resurrectionem</strong></span> <span class='ocrx_word' id='word_1_621' title='bbox 1951 4297 2135 4352; x_wconf 91' lang='lat' dir='ltr'><strong>carnis</strong></span> 
     </span>
    </p>
   </div>
   <div class='ocr_carea' id='block_1_84' title="bbox 566 4375 2131 4440">
    <p class='ocr_par' dir='ltr' id='par_1_84' title="bbox 566 4375 2131 4440">
     <span class='ocr_line' id='line_1_84' title="bbox 566 4375 2131 4440; baseline 0.006 -9"><span class='ocrx_word' id='word_1_622' title='bbox 566 4375 938 4431; x_wconf 85' lang='lat' dir='ltr'><strong>inﬁciantibus</strong></span> <span class='ocrx_word' id='word_1_623' title='bbox 981 4378 1231 4432; x_wconf 60' lang='lat' dir='ltr'><strong>voluerit.</strong></span> <span class='ocrx_word' id='word_1_624' title='bbox 1267 4379 1362 4432; x_wconf 90' lang='lat' dir='ltr'><strong>Est</strong></span> <span class='ocrx_word' id='word_1_625' title='bbox 1390 4381 1536 4434; x_wconf 92' lang='lat' dir='ltr'><strong>enim</strong></span> <span class='ocrx_word' id='word_1_626' title='bbox 1569 4381 1671 4437; x_wconf 91' lang='lat' dir='ltr'><strong>hoc</strong></span> <span class='ocrx_word' id='word_1_627' title='bbox 1707 4381 2131 4440; x_wconf 66' lang='lat' dir='ltr'><strong>Sailducaaorum</strong></span> 
     </span>
    </p>
   </div>
   <div class='ocr_carea' id='block_1_85' title="bbox 2309 4199 3822 4273">
    <p class='ocr_par' dir='ltr' id='par_1_85' title="bbox 2309 4199 3822 4273">
     <span class='ocr_line' id='line_1_85' title="bbox 2309 4199 3822 4273; baseline 0.001 -19"><span class='ocrx_word' id='word_1_628' title='bbox 2309 4199 2432 4256; x_wconf 83' lang='lat' dir='ltr'><strong>AE&#39;.</strong></span> <span class='ocrx_word' id='word_1_629' title='bbox 2471 4201 2560 4254; x_wconf 76' lang='grc' dir='ltr'><strong>Διὸ</strong></span> <span class='ocrx_word' id='word_1_630' title='bbox 2593 4201 2904 4272; x_wconf 74' lang='grc' dir='ltr'>ἐπίστησον,</span> <span class='ocrx_word' id='word_1_631' title='bbox 2949 4202 3024 4264; x_wconf 80' lang='grc' dir='ltr'>ὡς</span> <span class='ocrx_word' id='word_1_632' title='bbox 3065 4203 3093 4254; x_wconf 89' lang='lat'><strong>6</strong></span> <span class='ocrx_word' id='word_1_633' title='bbox 3130 4202 3328 4273; x_wconf 76' lang='grc' dir='ltr'>Κύριος</span> <span class='ocrx_word' id='word_1_634' title='bbox 3368 4200 3434 4253; x_wconf 79' lang='grc' dir='ltr'>τὰ</span> <span class='ocrx_word' id='word_1_635' title='bbox 3467 4200 3604 4254; x_wconf 77' lang='grc' dir='ltr'>αὐτὰ</span> <span class='ocrx_word' id='word_1_636' title='bbox 3643 4201 3822 4257; x_wconf 74' lang='grc' dir='ltr'>ταῦτα</span> 
     </span>
    </p>
   </div>
   <div class='ocr_carea' id='block_1_86' title="bbox 2237 4291 3820 4363">
    <p class='ocr_par' dir='ltr' id='par_1_86' title="bbox 2237 4291 3820 4363">
     <span class='ocr_line' id='line_1_86' title="bbox 2237 4291 3820 4363; baseline 0 -17"><span class='ocrx_word' id='word_1_637' title='bbox 2237 4293 2509 4346; x_wconf 82' lang='grc' dir='ltr'>διδάσκειν</span> <span class='ocrx_word' id='word_1_638' title='bbox 2553 4291 2741 4354; x_wconf 86' lang='grc' dir='ltr'>θέλων,</span> <span class='ocrx_word' id='word_1_639' title='bbox 2793 4292 2867 4363; x_wconf 85' lang='grc' dir='ltr'><strong>μὴ</strong></span> <span class='ocrx_word' id='word_1_640' title='bbox 2919 4292 3285 4346; x_wconf 82' lang='grc' dir='ltr'>πιστευόντων</span> <span class='ocrx_word' id='word_1_641' title='bbox 3325 4293 3699 4348; x_wconf 80' lang='grc' dir='ltr'>Σαδδουκαίων</span> <span class='ocrx_word' id='word_1_642' title='bbox 3743 4297 3820 4357; x_wconf 80' lang='grc' dir='ltr'>εἰς</span> 
     </span>
    </p>
   </div>
   <div class='ocr_carea' id='block_1_87' title="bbox 2238 4383 3821 4455">
    <p class='ocr_par' dir='ltr' id='par_1_87' title="bbox 2238 4383 3821 4455">
     <span class='ocr_line' id='line_1_87' title="bbox 2238 4383 3821 4455; baseline 0.001 -18"><span class='ocrx_word' id='word_1_643' title='bbox 2238 4384 2335 4455; x_wconf 73' lang='grc' dir='ltr'>τὴν</span> <span class='ocrx_word' id='word_1_644' title='bbox 2364 4384 2659 4437; x_wconf 83' lang='grc' dir='ltr'>ἀνάστασιν</span> <span class='ocrx_word' id='word_1_645' title='bbox 2691 4383 2790 4454; x_wconf 80' lang='grc' dir='ltr'>τῆς</span> <span class='ocrx_word' id='word_1_646' title='bbox 2820 4384 3040 4454; x_wconf 86' lang='grc' dir='ltr'>σαρκός.</span> <span class='ocrx_word' id='word_1_647' title='bbox 3073 4385 3259 4454; x_wconf 85' lang='grc' dir='ltr'>Δόγμα</span> <span class='ocrx_word' id='word_1_648' title='bbox 3287 4385 3396 4454; x_wconf 80' lang='grc' dir='ltr'>γὰρ</span> <span class='ocrx_word' id='word_1_649' title='bbox 3416 4383 3572 4437; x_wconf 78' lang='grc' dir='ltr'>τοῦτο</span> <span class='ocrx_word' id='word_1_650' title='bbox 3594 4386 3821 4440; x_wconf 86' lang='grc' dir='ltr'>Σαδδου-</span> 
     </span>
    </p>
   </div>
   <div class='ocr_carea' id='block_1_88' title="bbox 563 4459 2135 4546">
    <p class='ocr_par' dir='ltr' id='par_1_88' title="bbox 563 4463 2131 4543">
     <span class='ocr_line' id='line_1_88' title="bbox 563 4463 2131 4543; baseline 0.004 -23"><span class='ocrx_word' id='word_1_651' title='bbox 563 4467 779 4536; x_wconf 89' lang='lat' dir='ltr'><strong>dogma.</strong></span> <span class='ocrx_word' id='word_1_652' title='bbox 812 4463 963 4520; x_wconf 90' lang='lat' dir='ltr'><strong>Unde</strong></span> <span class='ocrx_word' id='word_1_653' title='bbox 989 4466 1218 4520; x_wconf 90' lang='lat' dir='ltr'><strong>conﬁcta</strong></span> <span class='ocrx_word' id='word_1_654' title='bbox 1244 4467 1333 4521; x_wconf 89' lang='lat' dir='ltr'><strong>illa</strong></span> <span class='ocrx_word' id='word_1_655' title='bbox 1359 4469 1424 4523; x_wconf 90' lang='lat' dir='ltr'><strong>de</strong></span> <span class='ocrx_word' id='word_1_656' title='bbox 1454 4471 1700 4534; x_wconf 90' lang='lat' dir='ltr'><strong>muliere,</strong></span> <span class='ocrx_word' id='word_1_657' title='bbox 1731 4473 1904 4543; x_wconf 83' lang='lat' dir='ltr'><strong>deque</strong></span> <span class='ocrx_word' id='word_1_658' title='bbox 1927 4485 2131 4543; x_wconf 82' lang='lat' dir='ltr'><strong>septem</strong></span> 
     </span>
    </p>
   </div>
   <div class='ocr_carea' id='block_1_89' title="bbox 2235 4459 3814 4546">
    <p class='ocr_par' dir='ltr' id='par_1_89' title="bbox 2238 4474 3814 4546">
     <span class='ocr_line' id='line_1_89' title="bbox 2238 4474 3814 4546; baseline 0.002 -19"><span class='ocrx_word' id='word_1_659' title='bbox 2238 4475 2427 4528; x_wconf 80' lang='grc' dir='ltr'>καίων.</span> <span class='ocrx_word' id='word_1_660' title='bbox 2463 4475 2622 4528; x_wconf 86' lang='grc' dir='ltr'>Ὅθεν</span> <span class='ocrx_word' id='word_1_661' title='bbox 2657 4477 3121 4544; x_wconf 87' lang='grc' dir='ltr'>συσκευασάμενοι</span> <span class='ocrx_word' id='word_1_662' title='bbox 3159 4474 3255 4544; x_wconf 80' lang='grc' dir='ltr'>τὴν</span> <span class='ocrx_word' id='word_1_663' title='bbox 3286 4476 3425 4528; x_wconf 85' lang='grc' dir='ltr'><strong>κατά</strong></span> <span class='ocrx_word' id='word_1_664' title='bbox 3455 4475 3553 4546; x_wconf 85' lang='grc' dir='ltr'>τὴν</span> <span class='ocrx_word' id='word_1_665' title='bbox 3577 4480 3814 4544; x_wconf 80' lang='grc' dir='ltr'>γυναῖκα</span> 
     </span>
    </p>
   </div>
   <div class='ocr_carea' id='block_1_90' title="bbox 565 4555 2137 4626">
    <p class='ocr_par' dir='ltr' id='par_1_90' title="bbox 565 4555 2137 4626">
     <span class='ocr_line' id='line_1_90' title="bbox 565 4555 2137 4626; baseline 0.008 -18"><span class='ocrx_word' id='word_1_666' title='bbox 565 4555 830 4609; x_wconf 85' lang='lat' dir='ltr'><strong>Iratribus</strong></span> <span class='ocrx_word' id='word_1_667' title='bbox 881 4555 1168 4626; x_wconf 88' lang='lat' dir='ltr'><strong>parabola,</strong></span> <span class='ocrx_word' id='word_1_668' title='bbox 1199 4573 1361 4626; x_wconf 87' lang='lat' dir='ltr'><strong>quam</strong></span> <span class='ocrx_word' id='word_1_669' title='bbox 1411 4558 1669 4615; x_wconf 87' lang='lat' dir='ltr'><strong>adversus</strong></span> <span class='ocrx_word' id='word_1_670' title='bbox 1715 4565 2137 4620; x_wconf 85' lang='lat' dir='ltr'><strong>resurrectionis</strong></span> 
     </span>
    </p>
   </div>
   <div class='ocr_carea' id='block_1_91' title="bbox 565 4645 2134 4721">
    <p class='ocr_par' dir='ltr' id='par_1_91' title="bbox 565 4645 2134 4721">
     <span class='ocr_line' id='line_1_91' title="bbox 565 4645 2134 4721; baseline 0.008 -25"><span class='ocrx_word' id='word_1_671' title='bbox 565 4659 853 4714; x_wconf 86' lang='lat' dir='ltr'><strong>corporum</strong></span> <span class='ocrx_word' id='word_1_672' title='bbox 886 4645 1078 4715; x_wconf 86' lang='lat' dir='ltr'><strong>dogma</strong></span> <span class='ocrx_word' id='word_1_673' title='bbox 1107 4657 1473 4718; x_wconf 84' lang='lat' dir='ltr'><strong>proponerent</strong></span> <span class='ocrx_word' id='word_1_674' title='bbox 1500 4670 1511 4704; x_wconf 91' lang='lat'>:</span> <span class='ocrx_word' id='word_1_675' title='bbox 1544 4655 1884 4718; x_wconf 71' lang='lat' dir='ltr'><strong>Accesserant</strong></span> <span class='ocrx_word' id='word_1_676' title='bbox 1908 4653 1977 4708; x_wconf 83' lang='lat' dir='ltr'><strong>ad</strong></span> <span class='ocrx_word' id='word_1_677' title='bbox 1993 4673 2134 4721; x_wconf 88' lang='lat' dir='ltr'><strong>eum,</strong></span> 
     </span>
    </p>
   </div>
   <div class='ocr_carea' id='block_1_92' title="bbox 565 4736 2134 4806">
    <p class='ocr_par' dir='ltr' id='par_1_92' title="bbox 565 4736 2134 4806">
     <span class='ocr_line' id='line_1_92' title="bbox 565 4736 2134 4806; baseline 0.009 -16"><span class='ocrx_word' id='word_1_678' title='bbox 565 4736 772 4806; x_wconf 90' lang='lat' dir='ltr'><strong>inquit,</strong></span> <span class='ocrx_word' id='word_1_679' title='bbox 807 4747 857 4790; x_wconf 89' lang='lat' dir='ltr'><strong>et</strong></span> <span class='ocrx_word' id='word_1_680' title='bbox 910 4736 1224 4802; x_wconf 77' lang='lat' dir='ltr'><strong>Sadducwi,</strong></span> <span class='ocrx_word' id='word_1_681' title='bbox 1259 4739 1487 4796; x_wconf 79' lang='lat' dir='ltr'><strong>dicentes</strong></span> <span class='ocrx_word' id='word_1_682' title='bbox 1541 4748 1977 4802; x_wconf 77' lang='lat' dir='ltr'><strong>resurrectionem</strong></span> <span class='ocrx_word' id='word_1_683' title='bbox 2034 4766 2134 4804; x_wconf 87' lang='lat' dir='ltr'><strong>non</strong></span> 
     </span>
    </p>
   </div>
   <div class='ocr_carea' id='block_1_93' title="bbox 562 4826 2138 4895">
    <p class='ocr_par' dir='ltr' id='par_1_93' title="bbox 562 4826 2138 4895">
     <span class='ocr_line' id='line_1_93' title="bbox 562 4826 2138 4895; baseline 0.009 -14"><span class='ocrx_word' id='word_1_684' title='bbox 562 4843 678 4881; x_wconf 66' lang='lat' dir='ltr'><strong>esse</strong></span> <span class='ocrx_word' id='word_1_685' title='bbox 712 4829 754 4882; x_wconf 81' lang='grc'>³.</span> <span class='ocrx_word' id='word_1_686' title='bbox 786 4826 1021 4883; x_wconf 86' lang='lat' dir='ltr'><strong>Proinde</strong></span> <span class='ocrx_word' id='word_1_687' title='bbox 1046 4829 1320 4895; x_wconf 87' lang='lat' dir='ltr'><strong>Christus,</strong></span> <span class='ocrx_word' id='word_1_688' title='bbox 1343 4833 1389 4886; x_wconf 92' lang='lat' dir='ltr'><strong>si</strong></span> <span class='ocrx_word' id='word_1_689' title='bbox 1414 4835 1560 4887; x_wconf 88' lang='lat' dir='ltr'><strong>nulla</strong></span> <span class='ocrx_word' id='word_1_690' title='bbox 1581 4838 1765 4891; x_wconf 86' lang='lat' dir='ltr'><strong>carnis</strong></span> <span class='ocrx_word' id='word_1_691' title='bbox 1787 4847 1932 4892; x_wconf 89' lang='lat' dir='ltr'><strong>esset</strong></span> <span class='ocrx_word' id='word_1_692' title='bbox 1961 4855 2138 4895; x_wconf 88' lang='lat' dir='ltr'><strong>resur-</strong></span> 
     </span>
    </p>
   </div>
   <div class='ocr_carea' id='block_1_94' title="bbox 568 4917 2132 4998">
    <p class='ocr_par' dir='ltr' id='par_1_94' title="bbox 568 4917 2132 4998">
     <span class='ocr_line' id='line_1_94' title="bbox 568 4917 2132 4998; baseline 0.01 -28"><span class='ocrx_word' id='word_1_693' title='bbox 568 4917 758 4980; x_wconf 89' lang='lat' dir='ltr'><strong>rectio,</strong></span> <span class='ocrx_word' id='word_1_694' title='bbox 788 4918 883 4973; x_wconf 89' lang='lat' dir='ltr'><strong>sed</strong></span> <span class='ocrx_word' id='word_1_695' title='bbox 922 4921 1102 4974; x_wconf 88' lang='lat' dir='ltr'><strong>anima</strong></span> <span class='ocrx_word' id='word_1_696' title='bbox 1133 4922 1400 4977; x_wconf 82' lang='lat' dir='ltr'><strong>duntaxat</strong></span> <span class='ocrx_word' id='word_1_697' title='bbox 1428 4925 1658 4981; x_wconf 91' lang='lat' dir='ltr'><strong>salutem</strong></span> <span class='ocrx_word' id='word_1_698' title='bbox 1686 4941 2132 4998; x_wconf 88' lang='lat' dir='ltr'><strong>consequeretur,</strong></span> 
     </span>
    </p>
   </div>
   <div class='ocr_carea' id='block_1_95' title="bbox 567 5007 2133 5088">
    <p class='ocr_par' dir='ltr' id='par_1_95' title="bbox 567 5007 2133 5088">
     <span class='ocr_line' id='line_1_95' title="bbox 567 5007 2133 5088; baseline 0.011 -27"><span class='ocrx_word' id='word_1_699' title='bbox 567 5007 677 5062; x_wconf 87' lang='lat' dir='ltr'><strong>illis</strong></span> <span class='ocrx_word' id='word_1_700' title='bbox 715 5009 927 5077; x_wconf 89' lang='lat' dir='ltr'><strong>utique,</strong></span> <span class='ocrx_word' id='word_1_701' title='bbox 959 5020 1145 5081; x_wconf 90' lang='lat' dir='ltr'><strong>utpote</strong></span> <span class='ocrx_word' id='word_1_702' title='bbox 1179 5022 1326 5068; x_wconf 89' lang='lat' dir='ltr'><strong>recte</strong></span> <span class='ocrx_word' id='word_1_703' title='bbox 1353 5030 1416 5070; x_wconf 90' lang='lat' dir='ltr'><strong>ac</strong></span> <span class='ocrx_word' id='word_1_704' title='bbox 1461 5021 1720 5087; x_wconf 70' lang='lat' dir='ltr'><strong>prieclare</strong></span> <span class='ocrx_word' id='word_1_705' title='bbox 1749 5022 2133 5088; x_wconf 88' lang='lat' dir='ltr'><strong>sentientibus,</strong></span> 
     </span>
    </p>
   </div>
   <div class='ocr_carea' id='block_1_96' title="bbox 565 5101 2134 5180">
    <p class='ocr_par' dir='ltr' id='par_1_96' title="bbox 565 5101 2134 5180">
     <span class='ocr_line' id='line_1_96' title="bbox 565 5101 2134 5180; baseline 0.011 -29"><span class='ocrx_word' id='word_1_706' title='bbox 565 5112 722 5152; x_wconf 85' lang='lat' dir='ltr'><strong>suam</strong></span> <span class='ocrx_word' id='word_1_707' title='bbox 772 5101 1149 5157; x_wconf 87' lang='lat' dir='ltr'><strong>auctoritatem</strong></span> <span class='ocrx_word' id='word_1_708' title='bbox 1199 5105 1536 5177; x_wconf 86' lang='lat' dir='ltr'><strong>adjungeret.</strong></span> <span class='ocrx_word' id='word_1_709' title='bbox 1591 5110 1754 5180; x_wconf 87' lang='lat' dir='ltr'><strong>Atqui</strong></span> <span class='ocrx_word' id='word_1_710' title='bbox 1801 5113 1907 5166; x_wconf 90' lang='lat' dir='ltr'><strong>alia</strong></span> <span class='ocrx_word' id='word_1_711' title='bbox 1952 5116 2134 5168; x_wconf 89' lang='lat' dir='ltr'><strong>omnia</strong></span> 
     </span>
    </p>
   </div>
   <div class='ocr_carea' id='block_1_97' title="bbox 565 5188 2135 5270">
    <p class='ocr_par' dir='ltr' id='par_1_97' title="bbox 565 5188 2135 5270">
     <span class='ocr_line' id='line_1_97' title="bbox 565 5188 2135 5270; baseline 0.008 -28"><span class='ocrx_word' id='word_1_712' title='bbox 565 5188 880 5257; x_wconf 87' lang='lat' dir='ltr'><strong>respondit,</strong></span> <span class='ocrx_word' id='word_1_713' title='bbox 906 5199 991 5244; x_wconf 91' lang='lat' dir='ltr'><strong>et:</strong></span> <span class='ocrx_word' id='word_1_714' title='bbox 1018 5191 1081 5244; x_wconf 87' lang='lat' dir='ltr'><strong>In</strong></span> <span class='ocrx_word' id='word_1_715' title='bbox 1109 5195 1508 5259; x_wconf 78' lang='lat' dir='ltr'><strong>resurrectione.</strong></span> <span class='ocrx_word' id='word_1_716' title='bbox 1531 5197 1725 5268; x_wconf 84' lang='lat' dir='ltr'><strong>inquit,</strong></span> <span class='ocrx_word' id='word_1_717' title='bbox 1757 5216 1913 5270; x_wconf 85' lang='lat' dir='ltr'><strong>neque</strong></span> <span class='ocrx_word' id='word_1_718' title='bbox 1937 5199 2135 5254; x_wconf 85' lang='lat' dir='ltr'><strong>ducunt</strong></span> 
     </span>
    </p>
   </div>
   <div class='ocr_carea' id='block_1_98' title="bbox 566 5282 2130 5358">
    <p class='ocr_par' dir='ltr' id='par_1_98' title="bbox 566 5282 2130 5358">
     <span class='ocr_line' id='line_1_98' title="bbox 566 5282 2130 5358; baseline 0.01 -29"><span class='ocrx_word' id='word_1_719' title='bbox 566 5292 776 5344; x_wconf 73' lang='lat' dir='ltr'><strong>uxores,</strong></span> <span class='ocrx_word' id='word_1_720' title='bbox 816 5294 978 5348; x_wconf 84' lang='lat' dir='ltr'><strong>neque</strong></span> <span class='ocrx_word' id='word_1_721' title='bbox 1011 5282 1250 5345; x_wconf 85' lang='lat' dir='ltr'><strong>nubunt;</strong></span> <span class='ocrx_word' id='word_1_722' title='bbox 1300 5284 1392 5340; x_wconf 78' lang='lat' dir='ltr'><strong>sed</strong></span> <span class='ocrx_word' id='word_1_723' title='bbox 1422 5296 1479 5339; x_wconf 87' lang='lat' dir='ltr'><strong>ut</strong></span> <span class='ocrx_word' id='word_1_724' title='bbox 1513 5288 1687 5358; x_wconf 83' lang='lat' dir='ltr'><strong>angeli</strong></span> <span class='ocrx_word' id='word_1_725' title='bbox 1725 5289 1779 5342; x_wconf 87' lang='lat' dir='ltr'><strong>in</strong></span> <span class='ocrx_word' id='word_1_726' title='bbox 1819 5291 1947 5343; x_wconf 76' lang='lat' dir='ltr'><strong>cazlo</strong></span> <span class='ocrx_word' id='word_1_727' title='bbox 1984 5301 2130 5345; x_wconf 78' lang='lat' dir='ltr'><strong>sunt.</strong></span> 
     </span>
    </p>
   </div>
   <div class='ocr_carea' id='block_1_99' title="bbox 564 5366 2133 5452">
    <p class='ocr_par' dir='ltr' id='par_1_99' title="bbox 564 5366 2133 5452">
     <span class='ocr_line' id='line_1_99' title="bbox 564 5366 2133 5452; baseline 0.01 -30"><span class='ocrx_word' id='word_1_728' title='bbox 564 5366 684 5423; x_wconf 75' lang='lat' dir='ltr'><strong>Non</strong></span> <span class='ocrx_word' id='word_1_729' title='bbox 711 5371 859 5440; x_wconf 89' lang='lat' dir='ltr'><strong>quod</strong></span> <span class='ocrx_word' id='word_1_730' title='bbox 892 5386 1111 5428; x_wconf 91' lang='lat' dir='ltr'><strong>carnem</strong></span> <span class='ocrx_word' id='word_1_731' title='bbox 1149 5377 1383 5446; x_wconf 91' lang='lat' dir='ltr'><strong>amplius</strong></span> <span class='ocrx_word' id='word_1_732' title='bbox 1425 5394 1532 5432; x_wconf 93' lang='lat' dir='ltr'><strong>non</strong></span> <span class='ocrx_word' id='word_1_733' title='bbox 1566 5380 1821 5444; x_wconf 88' lang='lat' dir='ltr'><strong>habeant.</strong></span> <span class='ocrx_word' id='word_1_734' title='bbox 1857 5382 1948 5438; x_wconf 91' lang='lat' dir='ltr'><strong>sed</strong></span> <span class='ocrx_word' id='word_1_735' title='bbox 1986 5383 2133 5452; x_wconf 89' lang='lat' dir='ltr'><strong>quod</strong></span> 
     </span>
    </p>
   </div>
   <div class='ocr_carea' id='block_1_100' title="bbox 565 5462 2134 5543">
    <p class='ocr_par' dir='ltr' id='par_1_100' title="bbox 565 5462 2134 5543">
     <span class='ocr_line' id='line_1_100' title="bbox 565 5462 2134 5543; baseline 0.008 -28"><span class='ocrx_word' id='word_1_736' title='bbox 565 5462 1014 5530; x_wconf 88' lang='lat' dir='ltr'><strong>nuptias&#39;mutuo</strong></span> <span class='ocrx_word' id='word_1_737' title='bbox 1043 5468 1223 5522; x_wconf 88' lang='lat' dir='ltr'><strong>nullas</strong></span> <span class='ocrx_word' id='word_1_738' title='bbox 1249 5471 1611 5539; x_wconf 89' lang='lat' dir='ltr'><strong>contrahant;</strong></span> <span class='ocrx_word' id='word_1_739' title='bbox 1658 5472 1822 5543; x_wconf 77' lang='lat'><strong>558</strong></span> <span class='ocrx_word' id='word_1_740' title='bbox 1857 5475 1952 5529; x_wconf 89' lang='lat' dir='ltr'><strong>sed</strong></span> <span class='ocrx_word' id='word_1_741' title='bbox 1988 5475 2134 5530; x_wconf 90' lang='lat' dir='ltr'><strong>dein-</strong></span> 
     </span>
    </p>
   </div>
   <div class='ocr_carea' id='block_1_101' title="bbox 565 5555 2134 5632">
    <p class='ocr_par' dir='ltr' id='par_1_101' title="bbox 565 5555 2134 5632">
     <span class='ocr_line' id='line_1_101' title="bbox 565 5555 2134 5632; baseline 0.01 -28"><span class='ocrx_word' id='word_1_742' title='bbox 565 5565 694 5620; x_wconf 87' lang='lat' dir='ltr'><strong>ceps</strong></span> <span class='ocrx_word' id='word_1_743' title='bbox 719 5555 1040 5623; x_wconf 70' lang='lat' dir='ltr'><strong>corruptela:</strong></span> <span class='ocrx_word' id='word_1_744' title='bbox 1071 5566 1201 5612; x_wconf 91' lang='lat' dir='ltr'><strong>sunt</strong></span> <span class='ocrx_word' id='word_1_745' title='bbox 1240 5560 1419 5615; x_wconf 89' lang='lat' dir='ltr'><strong>omnis</strong></span> <span class='ocrx_word' id='word_1_746' title='bbox 1449 5570 1720 5632; x_wconf 83' lang='lat' dir='ltr'><strong>expertes.</strong></span> <span class='ocrx_word' id='word_1_747' title='bbox 1757 5563 1823 5617; x_wconf 89' lang='lat' dir='ltr'><strong>Et</strong></span> <span class='ocrx_word' id='word_1_748' title='bbox 1856 5564 2004 5618; x_wconf 89' lang='lat' dir='ltr'><strong>addit</strong></span> <span class='ocrx_word' id='word_1_749' title='bbox 2034 5580 2134 5620; x_wconf 89' lang='lat' dir='ltr'><strong>nos</strong></span> 
     </span>
    </p>
   </div>
   <div class='ocr_carea' id='block_1_102' title="bbox 566 5642 2135 5720">
    <p class='ocr_par' dir='ltr' id='par_1_102' title="bbox 566 5642 2135 5720">
     <span class='ocr_line' id='line_1_102' title="bbox 566 5642 2135 5720; baseline 0.008 -23"><span class='ocrx_word' id='word_1_750' title='bbox 566 5642 670 5698; x_wconf 79' lang='lat' dir='ltr'><strong>hac</strong></span> <span class='ocrx_word' id='word_1_751' title='bbox 705 5643 762 5697; x_wconf 88' lang='lat' dir='ltr'><strong>in</strong></span> <span class='ocrx_word' id='word_1_752' title='bbox 801 5655 950 5702; x_wconf 76' lang='lat' dir='ltr'><strong>parte</strong></span> <span class='ocrx_word' id='word_1_753' title='bbox 983 5649 1300 5720; x_wconf 90' lang='lat' dir='ltr'><strong>angelorum</strong></span> <span class='ocrx_word' id='word_1_754' title='bbox 1338 5666 1460 5706; x_wconf 92' lang='lat' dir='ltr'><strong>esse</strong></span> <span class='ocrx_word' id='word_1_755' title='bbox 1495 5654 1707 5708; x_wconf 87' lang='lat' dir='ltr'><strong>similes</strong></span> <span class='ocrx_word' id='word_1_756' title='bbox 1779 5662 1838 5707; x_wconf 90' lang='lat' dir='ltr'><strong>ut</strong></span> <span class='ocrx_word' id='word_1_757' title='bbox 1874 5653 2135 5708; x_wconf 85' lang='lat' dir='ltr'><strong>aucmad-</strong></span> 
     </span>
    </p>
   </div>
   <div class='ocr_carea' id='block_1_103' title="bbox 641 5794 2215 5872">
    <p class='ocr_par' dir='ltr' id='par_1_103' title="bbox 641 5794 2215 5872">
     <span class='ocr_line' id='line_1_103' title="bbox 641 5794 2215 5872; baseline 0.008 -20"><span class='ocrx_word' id='word_1_758' title='bbox 641 5796 660 5828; x_wconf 81' lang='grc'>⁸</span> <span class='ocrx_word' id='word_1_759' title='bbox 685 5794 815 5865; x_wconf 81' lang='lat' dir='ltr'><strong>Sap.</strong></span> <span class='ocrx_word' id='word_1_760' title='bbox 849 5815 908 5867; x_wconf 89' lang='lat' dir='ltr'><strong>tt,</strong></span> <span class='ocrx_word' id='word_1_761' title='bbox 934 5799 1023 5856; x_wconf 72' lang='grc'><strong>25.</strong></span> <span class='ocrx_word' id='word_1_762' title='bbox 1100 5804 1120 5834; x_wconf 73' lang='grc'><strong>⁸</strong></span> <span class='ocrx_word' id='word_1_763' title='bbox 1152 5801 1340 5860; x_wconf 82' lang='lat' dir='ltr'><strong>Matth.</strong></span> <span class='ocrx_word' id='word_1_764' title='bbox 1377 5821 1509 5872; x_wconf 73' lang='lat' dir='ltr'><strong>uti,</strong></span> <span class='ocrx_word' id='word_1_765' title='bbox 1538 5807 1629 5860; x_wconf 75' lang='grc'><strong>25.</strong></span> <span class='ocrx_word' id='word_1_766' title='bbox 1708 5808 1727 5839; x_wconf 87' lang='grc'>³</span> <span class='ocrx_word' id='word_1_767' title='bbox 1763 5806 1823 5862; x_wconf 86' lang='lat' dir='ltr'><strong>F.</strong></span> <span class='ocrx_word' id='word_1_768' title='bbox 1857 5809 1976 5862; x_wconf 83' lang='grc' dir='ltr'>κατ’</span> <span class='ocrx_word' id='word_1_769' title='bbox 2012 5809 2215 5865; x_wconf 86' lang='grc' dir='ltr'>εἰκόνα.</span> 
     </span>
    </p>
   </div>
   <div class='ocr_carea' id='block_1_104' title="bbox 2236 4563 3814 4637">
    <p class='ocr_par' dir='ltr' id='par_1_104' title="bbox 2236 4563 3814 4637">
     <span class='ocr_line' id='line_1_104' title="bbox 2236 4563 3814 4637; baseline 0 -19"><span class='ocrx_word' id='word_1_770' title='bbox 2236 4566 2328 4618; x_wconf 73' lang='grc' dir='ltr'>καὶ</span> <span class='ocrx_word' id='word_1_771' title='bbox 2370 4566 2494 4627; x_wconf 75' lang='grc' dir='ltr'>τοὺς</span> <span class='ocrx_word' id='word_1_772' title='bbox 2538 4565 2678 4617; x_wconf 74' lang='grc' dir='ltr'>ἑπτὰ</span> <span class='ocrx_word' id='word_1_773' title='bbox 2721 4563 2979 4633; x_wconf 76' lang='grc' dir='ltr'>ἀδελφοὺς</span> <span class='ocrx_word' id='word_1_774' title='bbox 3028 4564 3362 4634; x_wconf 77' lang='grc' dir='ltr'>παραϐολὴν,</span> <span class='ocrx_word' id='word_1_775' title='bbox 3417 4565 3507 4618; x_wconf 84' lang='grc' dir='ltr'><strong>ἴνα</strong></span> <span class='ocrx_word' id='word_1_776' title='bbox 3550 4567 3638 4618; x_wconf 80' lang='grc' dir='ltr'><strong>τὸν</strong></span> <span class='ocrx_word' id='word_1_777' title='bbox 3689 4567 3814 4637; x_wconf 72' lang='grc' dir='ltr'>περὶ</span> 
     </span>
    </p>
   </div>
   <div class='ocr_carea' id='block_1_105' title="bbox 2235 4655 3811 4727">
    <p class='ocr_par' dir='ltr' id='par_1_105' title="bbox 2235 4655 3811 4727">
     <span class='ocr_line' id='line_1_105' title="bbox 2235 4655 3811 4727; baseline 0.001 -17"><span class='ocrx_word' id='word_1_778' title='bbox 2235 4657 2582 4718; x_wconf 82' lang='grc' dir='ltr'>ἀναστάσεως</span> <span class='ocrx_word' id='word_1_779' title='bbox 2607 4656 2702 4722; x_wconf 77' lang='grc' dir='ltr'>τῆς</span> <span class='ocrx_word' id='word_1_780' title='bbox 2736 4655 2936 4727; x_wconf 75' lang='grc' dir='ltr'>σαρκὸς</span> <span class='ocrx_word' id='word_1_781' title='bbox 2961 4655 3120 4723; x_wconf 87' lang='grc' dir='ltr'>λόγον</span> <span class='ocrx_word' id='word_1_782' title='bbox 3161 4656 3500 4726; x_wconf 81' lang='grc' dir='ltr'>ἀπορήσωσι,</span> <span class='ocrx_word' id='word_1_783' title='bbox 3531 4656 3811 4724; x_wconf 68' lang='grc' dir='ltr'>Προσῆλ-</span> 
     </span>
    </p>
   </div>
   <div class='ocr_carea' id='block_1_106' title="bbox 2235 4745 3810 4816">
    <p class='ocr_par' dir='ltr' id='par_1_106' title="bbox 2235 4745 3810 4816">
     <span class='ocr_line' id='line_1_106' title="bbox 2235 4745 3810 4816; baseline 0.001 -15"><span class='ocrx_word' id='word_1_784' title='bbox 2235 4750 2342 4801; x_wconf 86' lang='grc' dir='ltr'>θον</span> <span class='ocrx_word' id='word_1_785' title='bbox 2363 4745 2542 4810; x_wconf 81' lang='grc' dir='ltr'>αὐτῷ.</span> <span class='ocrx_word' id='word_1_786' title='bbox 2576 4747 2729 4815; x_wconf 76' lang='grc' dir='ltr'>φησὶ,</span> <span class='ocrx_word' id='word_1_787' title='bbox 2776 4747 2873 4800; x_wconf 79' lang='grc' dir='ltr'>καὶ</span> <span class='ocrx_word' id='word_1_788' title='bbox 2905 4747 3316 4806; x_wconf 82' lang='grc' dir='ltr'>Σαδδουκαῖοι.</span> <span class='ocrx_word' id='word_1_789' title='bbox 3352 4747 3633 4816; x_wconf 73' lang='grc' dir='ltr'>λέγοντες</span> <span class='ocrx_word' id='word_1_790' title='bbox 3661 4748 3810 4802; x_wconf 82' lang='grc' dir='ltr'>ἀνά-</span> 
     </span>
    </p>
   </div>
   <div class='ocr_carea' id='block_1_107' title="bbox 2234 4834 3808 4910">
    <p class='ocr_par' dir='ltr' id='par_1_107' title="bbox 2234 4834 3808 4910">
     <span class='ocr_line' id='line_1_107' title="bbox 2234 4834 3808 4910; baseline 0.001 -18"><span class='ocrx_word' id='word_1_791' title='bbox 2234 4855 2458 4892; x_wconf 86' lang='grc' dir='ltr'>στασιν</span> <span class='ocrx_word' id='word_1_792' title='bbox 2479 4837 2564 4906; x_wconf 73' lang='grc' dir='ltr'>μὴ</span> <span class='ocrx_word' id='word_1_793' title='bbox 2599 4837 2769 4892; x_wconf 78' lang='grc' dir='ltr'>εἶναι.</span> <span class='ocrx_word' id='word_1_794' title='bbox 2804 4839 2863 4891; x_wconf 90' lang='lat'><strong>&#39;0</strong></span> <span class='ocrx_word' id='word_1_795' title='bbox 2894 4834 2986 4891; x_wconf 79' lang='grc' dir='ltr'>οὖν</span> <span class='ocrx_word' id='word_1_796' title='bbox 3020 4839 3273 4908; x_wconf 86' lang='grc' dir='ltr'>Χριστὸς,</span> <span class='ocrx_word' id='word_1_797' title='bbox 3304 4840 3352 4892; x_wconf 84' lang='grc' dir='ltr'>εἰ</span> <span class='ocrx_word' id='word_1_798' title='bbox 3381 4838 3455 4909; x_wconf 79' lang='grc' dir='ltr'>μὴ</span> <span class='ocrx_word' id='word_1_799' title='bbox 3480 4835 3547 4910; x_wconf 79' lang='grc' dir='ltr'>ἦν</span> <span class='ocrx_word' id='word_1_800' title='bbox 3573 4840 3808 4893; x_wconf 82' lang='grc' dir='ltr'>ἀνάστα-</span> 
     </span>
    </p>
   </div>
   <div class='ocr_carea' id='block_1_108' title="bbox 2233 4927 3810 5000">
    <p class='ocr_par' dir='ltr' id='par_1_108' title="bbox 2233 4927 3810 5000">
     <span class='ocr_line' id='line_1_108' title="bbox 2233 4927 3810 5000; baseline 0.001 -18"><span class='ocrx_word' id='word_1_801' title='bbox 2233 4946 2317 4992; x_wconf 88' lang='grc' dir='ltr'><strong>σις</strong></span> <span class='ocrx_word' id='word_1_802' title='bbox 2356 4927 2578 4998; x_wconf 76' lang='grc' dir='ltr'>σαρκὸς,</span> <span class='ocrx_word' id='word_1_803' title='bbox 2620 4927 2756 4980; x_wconf 87' lang='grc' dir='ltr'><strong>ἀλλά</strong></span> <span class='ocrx_word' id='word_1_804' title='bbox 2797 4928 2956 4998; x_wconf 83' lang='grc' dir='ltr'>μόνον</span> <span class='ocrx_word' id='word_1_805' title='bbox 2988 4929 3221 4993; x_wconf 76' lang='grc' dir='ltr'>ἐσώζετο</span> <span class='ocrx_word' id='word_1_806' title='bbox 3250 4930 3417 5000; x_wconf 76' lang='grc' dir='ltr'>ψυχὴ,</span> <span class='ocrx_word' id='word_1_807' title='bbox 3457 4929 3708 4983; x_wconf 83' lang='grc' dir='ltr'>συνέθετο</span> <span class='ocrx_word' id='word_1_808' title='bbox 3745 4929 3810 4983; x_wconf 78' lang='grc' dir='ltr'>ειν</span> 
     </span>
    </p>
   </div>
   <div class='ocr_carea' id='block_1_109' title="bbox 2227 5017 3804 5090">
    <p class='ocr_par' dir='ltr' id='par_1_109' title="bbox 2227 5017 3804 5090">
     <span class='ocr_line' id='line_1_109' title="bbox 2227 5017 3804 5090; baseline -0.001 -17"><span class='ocrx_word' id='word_1_809' title='bbox 2227 5020 2432 5082; x_wconf 80' lang='grc' dir='ltr'>αὐτοῖς,</span> <span class='ocrx_word' id='word_1_810' title='bbox 2464 5019 2539 5082; x_wconf 84' lang='grc' dir='ltr'>ὼς</span> <span class='ocrx_word' id='word_1_811' title='bbox 2570 5018 2748 5081; x_wconf 86' lang='grc' dir='ltr'>καλῶς</span> <span class='ocrx_word' id='word_1_812' title='bbox 2777 5017 2868 5070; x_wconf 75' lang='grc' dir='ltr'><strong>καὶ</strong></span> <span class='ocrx_word' id='word_1_813' title='bbox 2900 5018 3076 5089; x_wconf 85' lang='grc' dir='ltr'>ὀρθῶς</span> <span class='ocrx_word' id='word_1_814' title='bbox 3106 5018 3382 5090; x_wconf 78' lang='grc' dir='ltr'>φρονοῦσι.</span> <span class='ocrx_word' id='word_1_815' title='bbox 3423 5019 3559 5072; x_wconf 71' lang='grc' dir='ltr'>Νυνὶ</span> <span class='ocrx_word' id='word_1_816' title='bbox 3582 5019 3638 5070; x_wconf 82' lang='grc' dir='ltr'>δὲ</span> <span class='ocrx_word' id='word_1_817' title='bbox 3666 5021 3804 5072; x_wconf 76' lang='grc' dir='ltr'>ἀπο-</span> 
     </span>
    </p>
   </div>
   <div class='ocr_carea' id='block_1_110' title="bbox 2228 5108 3800 5180">
    <p class='ocr_par' dir='ltr' id='par_1_110' title="bbox 2228 5108 3800 5180">
     <span class='ocr_line' id='line_1_110' title="bbox 2228 5108 3800 5180; baseline 0.002 -19"><span class='ocrx_word' id='word_1_818' title='bbox 2228 5109 2495 5180; x_wconf 84' lang='grc' dir='ltr'>κρίνεται,</span> <span class='ocrx_word' id='word_1_819' title='bbox 2518 5108 2710 5177; x_wconf 85' lang='grc' dir='ltr'>λέγων·</span> <span class='ocrx_word' id='word_1_820' title='bbox 2751 5110 2851 5162; x_wconf 77' lang='grc' dir='ltr'><em>Ἐν</em></span> <span class='ocrx_word' id='word_1_821' title='bbox 2869 5108 2943 5177; x_wconf 79' lang='grc' dir='ltr'>τῇ</span> <span class='ocrx_word' id='word_1_822' title='bbox 2966 5109 3298 5163; x_wconf 78' lang='grc' dir='ltr'>ἀναστάσει</span> <span class='ocrx_word' id='word_1_823' title='bbox 3327 5111 3463 5165; x_wconf 81' lang='grc' dir='ltr'>οὔτε</span> <span class='ocrx_word' id='word_1_824' title='bbox 3488 5111 3800 5180; x_wconf 72' lang='grc' dir='ltr'>γαμοῦσιν,</span> 
     </span>
    </p>
   </div>
   <div class='ocr_carea' id='block_1_111' title="bbox 2227 5201 3804 5272">
    <p class='ocr_par' dir='ltr' id='par_1_111' title="bbox 2227 5201 3804 5272">
     <span class='ocr_line' id='line_1_111' title="bbox 2227 5201 3804 5272; baseline 0.001 -17"><span class='ocrx_word' id='word_1_825' title='bbox 2227 5201 2366 5255; x_wconf 82' lang='grc' dir='ltr'>οὔτε</span> <span class='ocrx_word' id='word_1_826' title='bbox 2423 5203 2835 5270; x_wconf 75' lang='grc' dir='ltr'>γαμίσκονται·</span> <span class='ocrx_word' id='word_1_827' title='bbox 2881 5202 3020 5256; x_wconf 68' lang='grc' dir='ltr'><strong>ἀλλ’</strong></span> <span class='ocrx_word' id='word_1_828' title='bbox 3061 5202 3142 5268; x_wconf 87' lang='grc' dir='ltr'>ὡς</span> <span class='ocrx_word' id='word_1_829' title='bbox 3179 5201 3419 5270; x_wconf 58' lang='grc' dir='ltr'>ἄγγελοι</span> <span class='ocrx_word' id='word_1_830' title='bbox 3462 5203 3531 5256; x_wconf 78' lang='grc' dir='ltr'><strong>ὲν</strong></span> <span class='ocrx_word' id='word_1_831' title='bbox 3571 5201 3804 5272; x_wconf 73' lang='grc' dir='ltr'>οὐρανῷ</span> 
     </span>
    </p>
   </div>
   <div class='ocr_carea' id='block_1_112' title="bbox 2230 5291 3801 5366">
    <p class='ocr_par' dir='ltr' id='par_1_112' title="bbox 2230 5291 3801 5366">
     <span class='ocr_line' id='line_1_112' title="bbox 2230 5291 3801 5366; baseline -0.001 -20"><span class='ocrx_word' id='word_1_832' title='bbox 2230 5295 2410 5347; x_wconf 71' lang='grc' dir='ltr'>εἰσιν.</span> <span class='ocrx_word' id='word_1_833' title='bbox 2442 5293 2516 5345; x_wconf 78' lang='grc' dir='ltr'><strong>Οὐ</strong></span> <span class='ocrx_word' id='word_1_834' title='bbox 2554 5293 2630 5363; x_wconf 84' lang='grc' dir='ltr'>τῷ</span> <span class='ocrx_word' id='word_1_835' title='bbox 2666 5294 2845 5365; x_wconf 84' lang='grc' dir='ltr'>σάρκα</span> <span class='ocrx_word' id='word_1_836' title='bbox 2877 5293 2953 5365; x_wconf 81' lang='grc' dir='ltr'>μὴ</span> <span class='ocrx_word' id='word_1_837' title='bbox 2993 5293 3158 5364; x_wconf 80' lang='grc' dir='ltr'>ἔχειν,</span> <span class='ocrx_word' id='word_1_838' title='bbox 3195 5293 3329 5346; x_wconf 84' lang='grc' dir='ltr'><strong>ἀλλά</strong></span> <span class='ocrx_word' id='word_1_839' title='bbox 3372 5291 3452 5364; x_wconf 83' lang='grc' dir='ltr'><strong>τῷ</strong></span> <span class='ocrx_word' id='word_1_840' title='bbox 3494 5293 3568 5366; x_wconf 77' lang='grc' dir='ltr'>μὴ</span> <span class='ocrx_word' id='word_1_841' title='bbox 3609 5296 3801 5363; x_wconf 84' lang='grc' dir='ltr'>γαμεῖν</span> 
     </span>
    </p>
   </div>
   <div class='ocr_carea' id='block_1_113' title="bbox 2232 5379 3807 5456">
    <p class='ocr_par' dir='ltr' id='par_1_113' title="bbox 2232 5379 3807 5456">
     <span class='ocr_line' id='line_1_113' title="bbox 2232 5379 3807 5456; baseline -0.001 -20"><span class='ocrx_word' id='word_1_842' title='bbox 2232 5384 2325 5436; x_wconf 73' lang='grc' dir='ltr'><strong>καὶ</strong></span> <span class='ocrx_word' id='word_1_843' title='bbox 2365 5382 2679 5454; x_wconf 84' lang='grc' dir='ltr'>γαμεῖσθαι,</span> <span class='ocrx_word' id='word_1_844' title='bbox 2707 5384 2843 5437; x_wconf 84' lang='grc' dir='ltr'><strong>ἀλλά</strong></span> <span class='ocrx_word' id='word_1_845' title='bbox 2875 5379 3013 5438; x_wconf 83' lang='grc' dir='ltr'>εἶναι</span> <span class='ocrx_word' id='word_1_846' title='bbox 3040 5385 3225 5438; x_wconf 80' lang='grc' dir='ltr'>λοιπὸν</span> <span class='ocrx_word' id='word_1_847' title='bbox 3264 5387 3321 5439; x_wconf 86' lang='grc' dir='ltr'>ὲν</span> <span class='ocrx_word' id='word_1_848' title='bbox 3361 5384 3656 5456; x_wconf 71' lang='grc' dir='ltr'>ἀφθαρσίᾳ..</span> <span class='ocrx_word' id='word_1_849' title='bbox 3696 5384 3807 5439; x_wconf 68' lang='grc' dir='ltr'><strong>Καὶ</strong></span> 
     </span>
    </p>
   </div>
   <div class='ocr_carea' id='block_1_114' title="bbox 2233 5473 3806 5547">
    <p class='ocr_par' dir='ltr' id='par_1_114' title="bbox 2233 5473 3806 5547">
     <span class='ocr_line' id='line_1_114' title="bbox 2233 5473 3806 5547; baseline 0.003 -21"><span class='ocrx_word' id='word_1_850' title='bbox 2233 5491 2397 5544; x_wconf 89' lang='grc' dir='ltr'>φησιν</span> <span class='ocrx_word' id='word_1_851' title='bbox 2437 5473 2686 5543; x_wconf 81' lang='grc' dir='ltr'>ἀγγέλοις</span> <span class='ocrx_word' id='word_1_852' title='bbox 2727 5475 2869 5528; x_wconf 88' lang='grc' dir='ltr'><strong>κατά</strong></span> <span class='ocrx_word' id='word_1_853' title='bbox 2909 5475 3066 5528; x_wconf 83' lang='grc' dir='ltr'>τοῦτο</span> <span class='ocrx_word' id='word_1_854' title='bbox 3106 5476 3707 5547; x_wconf 76' lang='grc' dir='ltr'>παραπλησιασθένταςο</span> <span class='ocrx_word' id='word_1_855' title='bbox 3739 5476 3806 5531; x_wconf 87' lang='lat' dir='ltr'><strong>i&#39;v&#39;</strong></span> 
     </span>
    </p>
   </div>
   <div class='ocr_carea' id='block_1_115' title="bbox 2232 5564 3809 5637">
    <p class='ocr_par' dir='ltr' id='par_1_115' title="bbox 2232 5564 3809 5637">
     <span class='ocr_line' id='line_1_115' title="bbox 2232 5564 3809 5637; baseline 0.004 -20"><span class='ocrx_word' id='word_1_856' title='bbox 2232 5564 2421 5635; x_wconf 83' lang='grc' dir='ltr'>ὥσπερ</span> <span class='ocrx_word' id='word_1_857' title='bbox 2446 5566 2495 5617; x_wconf 85' lang='grc' dir='ltr'>οἱ</span> <span class='ocrx_word' id='word_1_858' title='bbox 2533 5565 2754 5633; x_wconf 78' lang='grc' dir='ltr'>ἄγγελοι</span> <span class='ocrx_word' id='word_1_859' title='bbox 2784 5568 2841 5620; x_wconf 83' lang='grc' dir='ltr'>ὲν</span> <span class='ocrx_word' id='word_1_860' title='bbox 2864 5566 2942 5636; x_wconf 82' lang='grc' dir='ltr'>τῷ</span> <span class='ocrx_word' id='word_1_861' title='bbox 2972 5566 3208 5637; x_wconf 79' lang='grc' dir='ltr'>οὐρανῷ,</span> <span class='ocrx_word' id='word_1_862' title='bbox 3241 5566 3415 5630; x_wconf 81' lang='grc' dir='ltr'>οὕτως</span> <span class='ocrx_word' id='word_1_863' title='bbox 3444 5567 3537 5620; x_wconf 82' lang='grc' dir='ltr'>καὶ</span> <span class='ocrx_word' id='word_1_864' title='bbox 3564 5567 3726 5637; x_wconf 78' lang='grc' dir='ltr'>ἡμεῖς</span> <span class='ocrx_word' id='word_1_865' title='bbox 3759 5572 3809 5622; x_wconf 83' lang='grc' dir='ltr'>ὲν</span> 
     </span>
    </p>
   </div>
   <div class='ocr_carea' id='block_1_116' title="bbox 2231 5655 3795 5730">
    <p class='ocr_par' dir='ltr' id='par_1_116' title="bbox 2231 5655 3795 5730">
     <span class='ocr_line' id='line_1_116' title="bbox 2231 5655 3795 5730; baseline 0.003 -22"><span class='ocrx_word' id='word_1_866' title='bbox 2231 5656 2308 5726; x_wconf 83' lang='grc' dir='ltr'>τῷ</span> <span class='ocrx_word' id='word_1_867' title='bbox 2340 5655 2673 5728; x_wconf 83' lang='grc' dir='ltr'>παραδείσῳ,</span> <span class='ocrx_word' id='word_1_868' title='bbox 2705 5658 2843 5728; x_wconf 79' lang='grc' dir='ltr'>μήτε</span> <span class='ocrx_word' id='word_1_869' title='bbox 2877 5658 3077 5730; x_wconf 84' lang='grc' dir='ltr'>γάμοις</span> <span class='ocrx_word' id='word_1_870' title='bbox 3116 5658 3150 5728; x_wconf 82' lang='grc' dir='ltr'>ἢ</span> <span class='ocrx_word' id='word_1_871' title='bbox 3179 5656 3484 5722; x_wconf 79' lang='grc' dir='ltr'>εἰλαπίναις</span> <span class='ocrx_word' id='word_1_872' title='bbox 3506 5656 3588 5710; x_wconf 74' lang='grc' dir='ltr'>ἔτι</span> <span class='ocrx_word' id='word_1_873' title='bbox 3610 5656 3795 5728; x_wconf 76' lang='grc' dir='ltr'>σγολά-</span> 
     </span>
    </p>
   </div>
  </div>
