4082 6394
309 402 447 456 ίιὲῦ

961 398 1332 455 ΑῡνΕῐὶὸὶῖὃ
1370 395 1714 454 ΠΛΕΒΕδΕΞ
1752 394 1880 450 LIB.

2024 391 2190 450 TOM.
2217 396 2271 449 1.
2293 424 2363 435 —
2397 391 2671 448 HAE'RES.
2706 390 2891 446 LXIV.

3428 387 3565 445 1126

308 517 511 582 ξοντες.
563 515 698 570 ἀλλὰ
744 516 870 569 τοῦ¹
924 516 1145 587 βλέπειν
1178 519 1268 572 τὸν
1300 519 1452 584 Θεὸν,
1492 520 1587 573 καὶ
1619 520 1885 590 γεωργεῖν

1991 515 2211 569 modum
2244 515 2419 585 angeli
2454 516 2506 568 in
2539 515 2680 569 coelo
2701 553 2716 578 ,
2753 514 2833 570 sic
2878 527 2979 567 nos
3010 512 3065 566 in
3098 510 3357 582 paradiso
3388 526 3566 579 neque

308 608 406 679 τὴν
435 609 600 678 ζωὴν,
638 610 1064 678 πρυτανεύοντος
1097 614 1225 681 ἡμῖν
1258 611 1351 664 τοῦ
1383 610 1634 681 Χριστοῦ.
1669 612 1744 663 Οὐ
1775 610 1883 681 γὰρ

308 696 489 766 εἶπεν,
539 702 794 753 Ἔσονται
836 701 1086 771 ἄγγελοι,
1132 702 1273 767 ἀλλ’,
1326 704 1408 769 ὡς
1458 702 1725 772 ἄγγελοι,
1770 697 1884 755 οἷον

308 791 455 858 δόξῃ
479 792 597 860 μὲν
618 792 715 844 καὶ
740 792 898 862 τιμῇ,
928 796 1073 847 κατά
1108 798 1169 846 τὸ
1199 794 1604 865 γεγραμμένον,
1628 794 1884 861 ἐστεφα-

308 882 585 950 νωμένοι,
610 884 811 954 ,ϐραχὺ
848 885 915 938 δέ
946 904 1001 938 τι
1033 887 1193 955 παρά
1220 887 1359 952 τοὺς
1391 886 1686 955 ἀγγέλους
1720 886 1886 939 διαλ-

309 973 671 1040 λάσσοντες,
693 976 787 1028 καὶ
815 977 981 1043 ἐγγὺς
1011 976 1162 1039 ὄντες
1178 976 1270 1029 τοῦ
1302 971 1440 1028 εἶναι
1468 975 1703 1043 ἄγγελοι.
1733 974 1883 1028 Καθ-

312 1064 454 1135 άπερ
480 1066 527 1116 εἰ
555 1065 739 1133 ἔλεγεν
763 1084 776 1097 ο
810 1066 991 1138 Οὔσης
1019 1067 1271 1132 εὐταξίας
1310 1068 1450 1120 κατά
1482 1068 1573 1121 τὸν
1604 1068 1760 1137 ἀέρα.
1791 1067 1886 1121 καὶ

311 1155 574 1225 γαλήνης,
621 1156 714 1209 καὶ
754 1160 967 1220 νυκτὸς,
1007 1158 1102 1211 καὶ
1141 1158 1359 1211 πάντων
1388 1158 1497 1211 τῶν
1526 1158 1623 1227 τῆς
1655 1158 1885 1228 σελήνης

312 1247 535 1318 αἰθερίῳ
566 1249 705 1317 φωτὶ
744 1251 1192 1321 κεκοσμημένων,
1303 1251 1497 1321 σελήνη
1543 1250 1720 1319 φαίνει
1750 1249 1825 1313 ὡς
1856 1250 1884 1301 6

310 1338 480 1409 ἥλιος.
532 1340 640 1393 Καὶ
686 1341 745 1395 οὑ
797 1342 1013 1404 πάντως
1059 1341 1125 1395 ἂν
1158 1342 1308 1413 ἥλιον
1354 1340 1622 1414 εἶναιτὴν
1658 1343 1885 1414 σελήνην

310 1432 722 1503 ἀπομαρτυρεῖν
753 1433 916 1486 αὑτὸν
945 1433 1197 1505 λέγομεν,
1230 1435 1342 1489 ἀλλ’
1370 1434 1444 1499 ὼς
1474 1435 1644 1506 ἦλιον.
1676 1436 1885 1507 Ὥσπερ

312 1523 405 1576 καὶ
426 1524 486 1576 τὸ
512 1525 585 1595 μὴ
607 1525 849 1597 ὑπάρχον
872 1527 1091 1598 χρυσὸς,
1122 1529 1289 1597 ἐγγὺς
1309 1529 1365 1582 δὲ
1384 1527 1476 1581 τοῦ
1499 1523 1638 1581 εἶναι
1662 1527 1884 1599 χρυσὸς,

313 1615 552 1683 πεφυκὸς
575 1616 650 1680 ὼς
677 1620 876 1690 χρυσὸς
910 1618 1146 1688 λέγεται,
1184 1622 1275 1673 καὶ
1312 1621 1370 1673 οὐ
1396 1622 1614 1691 χρυσός.
1645 1622 1707 1673 Εἰ
1738 1620 1793 1672 δὲ
1818 1616 1886 1691 ἦν

311 1704 529 1776 χρυσὸς,
549 1705 648 1757 οὐκ
672 1707 888 1776 ὲλέγετο
910 1708 976 1762 ἂν
997 1709 1072 1772 ὡς
1094 1710 1311 1779 χρυσὸς,
1335 1709 1470 1762 ἀλλά
1487 1710 1706 1781 χρυσός.
1732 1710 1887 1763 Ἐπεὶ

308 1796 367 1851 δὲ
394 1797 472 1874 μὴ
496 1798 609 1852 ἔστι
645 1804 863 1871 χρυσὸς.
900 1802 1070 1855 ἀλλά²
1102 1800 1195 1855 τοῦ
1228 1798 1364 1856 εἶναι
1392 1802 1610 1873 χρυσὸς,
1640 1803 1733 1855 καὶ
1754 1818 1882 1872 (pav-

311 1890 567 1955 τάξεσθαι
589 1891 681 1945 τὸν
712 1893 928 1963 χρυσὸν,
955 1895 1029 1959 ὡς
1052 1895 1247 1965 χρυσὸς
1274 1895 1513 1964 λέγεται.

383 2156 539 2212 Οὕτω
586 2158 680 2211 καὶ
731 2157 807 2222 ὡς
861 2157 1127 2227 ἀγγέλους
1181 2157 1400 2212 ἔσεσθαι
1459 2159 1709 2227 λέγοντος
1758 2160 1886 2224 τοὺς

311 2250 497 2318 ἁγίους
537 2251 595 2303 ὲν
640 2253 705 2322 τῇ
751 2251 1065 2316 ἀναστάσει,
1118 2253 1218 2305 οὐκ
1262 2253 1393 2305 αὐτὸ
1432 2252 1590 2304 τοῦτο
1621 2252 1886 2321 ἀγγέλους

311 2342 472 2395 αὐτὸν
524 2341 953 2411 ἐπαγγέλλεσθαι
1003 2343 1273 2414 ἀκούομεν
1324 2344 1451 2407 τοὺς
1504 2344 1691 2412 ἁγίους
1725 2347 1782 2397 ὲν
1818 2347 1883 2415 τῇ

311 2433 604 2486 ἀναστάσει
653 2433 892 2498 ἔσεσθαι,
928 2433 1063 2486 ἀλλά
1105 2433 1271 2500 ἐγγὺς
1301 2433 1395 2485 τοῦ
1429 2428 1567 2487 εἶναι
1600 2434 1883 2502 ἀγγέλους.

315 2523 477 2576 Ὥστε
519 2522 858 2592 ἀλογώτατον
895 2523 1096 2591 λέγειν,
1138 2522 1323 2592 ἐπειδὴ
1353 2523 1382 2574 ὁ
1409 2522 1643 2594 Χριστὸς
1677 2524 1889 2592 ἀπεφή-

311 2633 441 2669 νατο
469 2617 594 2679 τοὺς
618 2616 807 2685 ἁγίους
829 2615 1057 2685 ὀφθῆναι
1083 2615 1157 2678 ὡς
1184 2614 1448 2683 ἀγγέλους
1479 2616 1536 2668 ὲν
1561 2617 1627 2685 τῇ
1651 2614 1887 2667 ἀναστά-

313 2724 416 2766 σει,
448 2707 517 2760 τὰ
546 2706 772 2777 σώματα
799 2707 887 2759 διά
913 2706 1069 2759 τοῦτο
1092 2706 1264 2760 ταῦτα
1297 2707 1371 2777 μὴ
1401 2707 1738 2760 ἀνίστασθαι·
1766 2707 1887 2759 καί·

312 2815 395 2849 τοι
428 2797 529 2866 τῆς
576 2796 772 2863 λέξεως
810 2798 979 2868 αὐτὴν
1020 2798 1118 2867 τὴν
1158 2795 1356 2869 πρᾶξιν
1397 2797 1663 2868 δηλούσης
1704 2798 1890 2868 σαφῶς

313 2889 408 2941 τοῦ
450 2890 856 2959 συμϐαίνοντος.
915 2890 1233 2954 Ἀνάστασις
1268 2890 1376 2961 γὰρ
1407 2890 1508 2943 οὐκ
1548 2891 1640 2943 ἐπὶ
1677 2888 1773 2943 τοῦ
1815 2890 1889 2961 μὴ

315 2979 686 3043 πεπτωκότος,
724 2978 838 3032 ἀλλ’
873 2980 966 3032 ἐπὶ
1005 2980 1100 3033 τοῦ
1145 2981 1495 3041 πεπτωκότος
1531 2979 1749 3048 λέγεται
1795 2982 1889 3033 καὶ

316 3070 693 3140 ἀνισταμένου*
729 3071 917 3142 ὥσπερ
954 3072 1156 3126 ὁπόταν
1193 3071 1340 3140 λέγει
1379 3074 1469 3125 καὶ
1509 3074 1537 3125 6
1581 3074 1885 3144 προφήτης·

313 3161 424 3217 Kal
457 3162 784 3231 ἀναστήσω
829 3163 945 3231 τὴν
993 3162 1235 3231 σκηνὴν
1280 3163 1461 3216 Δαϐὶδ
1504 3162 1620 3232 τὴν
1661 3177 1890 3217 πεπτω-

316 3251 510 3306 κυῖαν.
558 3250 762 3305 ’Έπεσε
810 3254 868 3307 δὲ
916 3253 1194 3307 ὀκλάσασα
1239 3255 1273 3325 ὴ
1320 3254 1528 3325 ποθητὴ
1561 3253 1671 3324 (40)
1716 3253 1890 3325 σκηνὴ

314 3344 414 3413 τῆς
447 3342 624 3413 ψυχῆς
666 3346 754 3409 είς
794 3341 914 3411 γῆν
948 3341 1235 3411 χώματος.
1287 3343 1361 3397 Οὐ
1410 3344 1519 3415 γὰρ
1556 3345 1617 3396 τὸ
1653 3346 1727 3415 μὴ
1767 3343 1891 3415 θνῆ-

318 3451 465 3499 σκον,
493 3433 629 3488 ἀλλὰ
657 3433 719 3486 τὸ
748 3435 979 3503 θνῆσκον
1010 3434 1270 3488 κλίνεται.
1304 3435 1539 3506 Θνήσκει
1571 3435 1627 3488 δὲ
1664 3437 1697 3507 ἡ
1732 3435 1887 3506 σάρξο

314 3527 460 3601 ψυχὴ
488 3527 595 3598 γὰρ
625 3526 913 3590 ἀθάνατος.
944 3528 1055 3580 Καὶ
1077 3526 1254 3583 τοίνυν
1287 3529 1336 3580 εί
1365 3529 1398 3599 ἡ
1428 3528 1572 3599 ψυχὴ
1603 3528 1889 3591 ἀθάνατος,

318 3619 477 3689 σῶμα
513 3618 569 3671 δὲ
598 3621 626 3672 6
655 3619 867 3690 νεκρός·
908 3620 958 3672 οἱ
991 3618 1240 3687 λέγοντες
1268 3620 1566 3673 ἀνάστασιν
1599 3620 1696 3690 μὲν
1727 3616 1890 3685 εἶναι,

318 3708 518 3778 σαρκὸς
545 3708 602 3763 δὲ
644 3708 718 3779 μὴ
758 3704 916 3775 εἶναι,
951 3709 1240 3781 ἀρνοῦνται
1267 3711 1578 3765 ἀνάστασιν·
1607 3715 1689 3767 ὅτι
1731 3713 1805 3785 μὴ
1833 3715 1894 3767 τὸ

317 3797 511 3863 ἑστὼς.
544 3799 679 3852 ἀλλὰ
724 3799 785 3852 τὸ
826 3801 1112 3863 πεπτωκὸς
1168 3801 1260 3854 καὶ
1300 3802 1481 3855 κλιθὲν
1538 3803 1889 3871 διανίσταται,

310 3888 458 3941 κατὰ
477 3889 538 3941 τὸ
561 3890 964 3960 γεγραμμένον·
990 3890 1085 3959 Μὴ
1110 3894 1143 3944 ό
1163 3893 1398 3945 πίπτων
1420 3894 1531 3946 οὐκ
1553 3894 1891 3960 ἀνίσταται,

318 3979 357 4045 ἢ
383 3982 415 4032 ὁ
442 3980 839 4048 ἀποστρέφων
869 3984 979 4034 οὐκ
1012 3982 1405 4052 ἀναστρέφει;

1988 606 2192 676 nuptiis
2220 606 2487 675 amplius,
2529 619 2706 674 neque
2732 603 2998 658 conviviis
3034 601 3437 670 indulgeamus,
3468 601 3564 654 sed

1987 698 2040 750 in
2067 697 2488 766 contemplando
2508 694 2618 749 Deo
2641 694 3048 761 excolendaque
3074 693 3183 746 vita
3209 692 3380 746 simus
3401 704 3565 743 occu-
3604 764 3607 765 ν

1984 790 2119 859 pati,
2166 789 2395 860 praeside
2443 804 2507 843 ac
2560 788 2907 842 moderatore
2949 785 3191 839 Christo.
3247 781 3365 837 Non
3419 781 3564 836 enim
3602 775 3609 781 ’

1985 882 2143 947 dixit,
2186 882 2357 936 Erunt
2381 881 2555 951 angeli
2596 898 2609 935 :
2645 880 2737 935 sed
2763 918 2776 941 ,
2808 880 2944 933 sicut
2982 876 3193 947 angeli;
3227 876 3451 945 perinde
3503 888 3566 926 ac
3593 888 3607 912 '-

1984 972 2156 1043 gloria
2179 982 2228 1027 et
2258 974 2454 1026 honore
2475 971 2738 1032 coronati,
2766 970 2845 1023 uti
2872 969 3137 1038 scriptum
3159 974 3263 1030 est,
3286 964 3564 1035 paululum

1986 1082 2104 1119 vero
2137 1067 2200 1118 ab
2234 1063 2434 1134 angelis
2478 1062 2780 1131 differentes
2808 1061 2851 1122 ³,
2892 1067 3056 1128 atque
3094 1058 3313 1110 illorum
3356 1066 3566 1109 naturae

1988 1157 2244 1227 proximi.
2284 1156 2454 1222 Quasi
2492 1156 2566 1208 ita
2594 1154 2800 1208 diceret
2828 1173 2840 1209 :
2877 1151 3194 1222 Tranquillo
3225 1166 3320 1219 per
3348 1159 3563 1202 noctem

1988 1264 2054 1303 ac
2082 1263 2278 1304 sereno
2303 1263 2447 1311 aere,
2472 1262 2596 1299 cum
2622 1244 2832 1299 coelesti
2861 1245 3001 1299 lunae
3025 1245 3145 1297 luce
3170 1242 3566 1295 collustrantur

1987 1341 2193 1405 omnia,
2238 1341 2371 1396 solis
2401 1340 2575 1393 instar
2603 1339 2729 1391 luna
2756 1335 3084 1406 resplendet.
3122 1333 3257 1387 Tum
3281 1333 3423 1386 enim
3454 1346 3565 1385 non

1986 1435 2215 1490 omnino
2245 1434 2415 1488 solem
2442 1448 2564 1487 esse
2588 1432 2772 1483 lunam
2797 1445 2862 1483 ex
2890 1428 3035 1482 illius
3076 1426 3389 1483 testimonio
3414 1423 3566 1478 colli-

1987 1542 2255 1598 geremus,
2286 1525 2380 1580 sed
2413 1525 2479 1578 ad
2514 1525 2683 1578 solum
2709 1520 2988 1577 accedere.
3022 1521 3177 1573 Sicut
3201 1517 3344 1588 quod
3370 1531 3564 1571 aurum

1989 1635 2098 1673 non
2129 1626 2231 1678 est,
2266 1629 2319 1671 et
2341 1632 2475 1670 auro
2501 1625 2680 1670 tamen
2711 1622 2909 1668 natura
2940 1627 3037 1666 sua
3071 1610 3431 1681 propinquius
3454 1616 3563 1671 est,

1990 1724 2099 1763 non
2135 1723 2353 1774 aurum,
2381 1706 2475 1762 sed
2504 1705 2624 1759 auri
2655 1703 2835 1760 simile
2865 1717 2989 1757 esse
3014 1700 3236 1765 dicitur,
3268 1699 3411 1769 quod
3438 1699 3565 1771 qui-

1990 1803 2112 1857 dem
2152 1817 2344 1855 aurum
2387 1799 2432 1854 si
2476 1805 2643 1860 esset,
2691 1812 2799 1850 non
2839 1795 2956 1849 auri
2993 1795 3190 1855 simile.
3225 1793 3317 1848 sed
3370 1808 3564 1847 aurum

1988 1894 2282 1948 diceretur.
2316 1889 2473 1945 Nunc
2503 1889 2764 1960 quoniam
2799 1902 2992 1941 aurum
3025 1900 3133 1940 non
3168 1892 3273 1950 est,
3307 1882 3401 1940 sed
3432 1899 3567 1938 auro

1990 1984 2319 2054 proximum,
2376 1980 2733 2051 ejusdemque
2790 1980 3055 2033 mentitur
3110 1976 3385 2047 speciem,
3443 1975 3562 2030 auri

1988 2076 2165 2131 simile
2199 2080 2570 2142 nunwpatur.

2058 2164 2258 2219 Eodem
2288 2162 2450 2218 modo
2489 2174 2714 2232 prorsus
2740 2158 2960 2229 quodin
2995 2160 3400 2215 resurrectione
3434 2174 3565 2214 san-

1987 2264 2105 2311 ctos
2137 2255 2453 2324 angelorum
2491 2252 2607 2308 fore
2648 2253 2858 2307 similes
2896 2252 3295 2321 pronuntiavit,
3333 2267 3443 2305 non
3486 2251 3568 2305 sic

1988 2346 2363 2416 accipiendum
2385 2353 2489 2409 est,
2515 2345 2670 2415 quasi
2700 2345 2753 2397 in
2790 2347 3103 2414 angelorum
3132 2353 3384 2397 naturam
3414 2352 3567 2398 tran-

1987 2441 2307 2495 scribendos
2319 2454 2441 2493 esse
2460 2444 2681 2491 sanctos
2698 2437 2749 2491 iu
2769 2437 2857 2489 illa
2880 2436 3285 2491 resurrectione
3302 2435 3567 2502 voluerit;

1990 2532 2083 2586 sed
2118 2531 2251 2585 nihil
2288 2529 2457 2595 aliud,
2494 2529 2598 2584 nisi
2640 2529 2956 2598 angelorum
3001 2527 3299 2582 conditioni
3341 2528 3567 2597 propiu-

1990 2638 2127 2692 quos
2146 2623 2381 2675 futuros.
2405 2620 2770 2686 Quamobrem
2791 2621 3180 2674 stultissimum
3207 2619 3334 2673 mihi
3356 2619 3572 2673 videtur

1990 2714 2063 2766 ita
2106 2714 2362 2782 colligere
2394 2731 2407 2766 :
2442 2710 2723 2796 Quonian‘i‘
2751 2709 3004 2763 Christus
3034 2718 3256 2763 sanctos
3294 2710 3347 2762 in
3384 2724 3571 2763 resur-

1989 2805 2233 2860 rectione
2260 2812 2519 2874 tanquam
2546 2802 2771 2871 angelos
2802 2803 2975 2855 visum
2999 2802 3066 2855 iri
3093 2802 3426 2870 prwdixcrit,
3458 2801 3575 2855 lucc

1993 2896 2200 2949 idcirco
2245 2904 2627 2948 resurrectura
2670 2908 2779 2946 nuu
2819 2908 2940 2947 esse
2974 2908 3226 2962 corpora.
3258 2892 3573 2946 Prmsertim

1991 3003 2116 3042 cum
2140 2987 2461 3040 vocabulum
2486 2986 2666 3054 ipsum
2689 2984 2809 3053 ejus
2831 2986 2973 3055 quod
3000 2985 3267 3055 contingit
3302 2987 3571 3038 actionem

1992 3079 2277 3148 perspicue
2299 3076 2558 3131 declaret.
2587 3075 2721 3130 Nam
2742 3076 3075 3131 resurrectio
3097 3091 3205 3130 non
3229 3076 3296 3130 de
3316 3091 3402 3141 eo,
3426 3075 3575 3146 quod

1918 3196 1961 3252 ρ
1996 3184 2275 3239 nunquam
2330 3167 2547 3231 cecidit,
2603 3169 2697 3221 sed
2744 3168 2810 3221 de
2845 3183 2941 3231 eo,
2978 3167 3124 3237 quod
3164 3168 3363 3221 cecidit
3410 3176 3577 3237 atque

1991 3268 2186 3320 iterum
2234 3260 2503 3328 assurgit,
2548 3266 2868 3327 usurpatur.
2930 3258 3085 3313 Velut
3136 3274 3260 3313 cum
3314 3260 3576 3329 propheta

1990 3352 2161 3406 dicit:
2202 3350 2270 3403 Et
2320 3353 2561 3403 excitabo
2603 3350 3006 3403 tabernaculum
3044 3349 3218 3403 David
3261 3350 3400 3419 quod
3434 3351 3573 3404 ceci—

1990 3446 2070 3497 d-tt
2104 3444 2144 3494 ‘.
2186 3442 2400 3496 Cecidit
2456 3458 2619 3511 porro
2664 3453 2908 3510 optatum
2963 3442 3098 3495 illud
3154 3444 3351 3497 anima:
3394 3444 3578 3497 taber-

1992 3537 2247 3591 naculum
2289 3537 2343 3588 in
2389 3545 2589 3587 terram
2635 3534 2841 3603 aggeris
2866 3535 2886 3564 ⁵
2923 3535 3248 3603 collapsum.
3284 3534 3401 3589 Non
3433 3536 3578 3589 enim

1992 3626 2138 3696 quod
2167 3641 2272 3678 non
2299 3625 2530 3677 moritur
2551 3663 2565 3684 ,
2595 3623 2688 3677 sed
2714 3622 2859 3691 quod
2884 3623 3119 3675 moritur
3158 3622 3423 3676 inclinare
3445 3621 3582 3675 dici-

1995 3730 2101 3770 tur.
2123 3717 2191 3769 At
2225 3716 2459 3769 moritur
2488 3728 2636 3768 caro.
2667 3713 2864 3779 Anima
2890 3713 3091 3783 quippe
3124 3713 3448 3766 immortalis
3473 3722 3577 3766 est.

1991 3809 2334 3877 Quapropter
2373 3806 2417 3858 si
2458 3804 2786 3858 immortalis
2812 3812 2897 3857 est
2943 3806 3147 3867 anima,
3195 3819 3398 3873 corpus
3448 3820 3581 3858 vero

1992 3902 2225 3954 cadaver
2242 3911 2353 3965 est;
2379 3899 2470 3968 qui
2503 3898 2571 3951 ita
2593 3900 3055 3951 resurrectionem
3086 3896 3200 3951 fore
3222 3897 3578 3959 conﬁtentur,

1994 3999 2054 4044 ut
2081 4007 2199 4044 eam
2232 3989 2454 4043 nihilad
2490 4005 2710 4043 carnem
2748 4000 3022 4058 pertinere
3064 3998 3284 4058 putent,
3331 4004 3583 4042 resurre-

319 4071 556 4125 ctionem
590 4070 835 4124 funditus
879 4078 1102 4137 negant.
1152 4071 1603 4142 Quandoquidem
1648 4090 1758 4128 non
1792 4076 1925 4130 illud
1965 4081 2111 4148 quod
2139 4086 2266 4143 stat,
2295 4078 2390 4133 sed
2420 4079 2564 4148 quod
2589 4078 2812 4142 cecidit,
2840 4086 2889 4132 et
2920 4078 3229 4140 inclinavit,
3284 4093 3584 4148 exsurgere

320 4162 544 4225 dicitur,
590 4177 691 4232 pro
718 4177 784 4217 eo
812 4177 875 4215 ac
916 4162 1182 4232 scriptum
1217 4171 1301 4218 est
1349 4182 1362 4218 :
1405 4163 1551 4217 Num
1585 4167 1675 4235 qui
1721 4168 1909 4221 cecidit
1967 4186 2070 4223 non
2110 4173 2389 4239 resurget?
2434 4179 2527 4223 aut
2571 4170 2661 4234 qui
2702 4186 2919 4222 aversus
2950 4177 3029 4221 est
3066 4185 3171 4222 non
3217 4171 3586 4223 revertetur“!

388 4257 527 4324 AG".
577 4255 693 4310 Ὅτι
721 4256 778 4309 δὲ
810 4241 1079 4320 ἀθάνατος
1111 4259 1144 4327 ἡ
1178 4258 1347 4329 ψυχὴ,
1380 4259 1617 4327 ἐδίδαξεν
1650 4263 1893 4332 ἀναφαν-

321 4349 410 4403 δὸν
440 4350 468 4402 6
505 4350 708 4420 Κύριος
734 4348 828 4402 καὶ
862 4347 927 4401 δι’
960 4349 1177 4414 ἑαυτοῦ,
1210 4352 1303 4403 καὶ
1329 4350 1417 4405 διὰ
1450 4352 1768 4423 Σαλομῶνος
1818 4356 1896 4408 εί-

2073 4265 2236 4337 559
2253 4264 2492 4319 XXXVI.
2533 4265 2688 4331 Quod
2713 4274 2894 4319 autem
2924 4265 3252 4321 immortalis
3280 4266 3460 4319 anima
3489 4268 3582 4331 sit,

2002 4359 2289 4413 manifeste
2336 4357 2601 4411 Dominus
2651 4371 2775 4410 cum
2821 4371 2916 4426 per
2958 4371 3103 4424 sese,
3136 4364 3249 4410 tum
3286 4373 3383 4427 per
3431 4356 3588 4413 Salo-

322 4440 458 4495 πών.
488 4440 564 4494 Δι’
592 4439 786 4494 ἑαυτοῦ
817 4440 915 4511 μὲν
939 4441 998 4493 ὲν
1026 4442 1093 4511 τῇ
1128 4442 1272 4495 κατὰ
1294 4441 1384 4494 τὸν
1416 4441 1671 4497 πλούσιον
1694 4446 1787 4497 καὶ
1804 4444 1894 4497 τὸν

2004 4465 2220 4504 monem
2274 4448 2516 4503 edocuit.
2568 4446 2675 4502 Per
2720 4462 2841 4503 sese
2890 4447 3133 4516 quidem,
3179 4447 3236 4501 in
3292 4448 3588 4504 divitisac

323 4534 528 4604 πένητα
560 4531 810 4606 Λάζαρον
840 4532 1072 4605 ἱστορίᾳ,
1098 4530 1188 4585 τὸν
1211 4532 1309 4601 μὲν
1327 4534 1383 4586 ὲν
1405 4532 1625 4598 κόλποις
1644 4534 1899 4607 Ἀϐραὰμ

324 4625 445 4690 δοὺς
484 4625 855 4679 ἀναπαύεσθαι
899 4626 1036 4696 μετά
1068 4624 1166 4697 τὴν
1196 4625 1454 4679 ἀπόθεσιν
1496 4625 1590 4680 τοῦ
1626 4626 1898 4697 σώματος,

325 4719 414 4774 τὸν
452 4720 508 4774 δὲ
542 4722 598 4774 ἐν
636 4720 946 4792 ἀχθηδόσιν,
990 4715 1073 4784 οἷς
1101 4721 1480 4792 διαλεγόμενον
1520 4722 1610 4775 τὸν
1648 4723 1901 4795 Ἀϐραὰμ

325 4819 603 4889 εἰσήγαγε·
636 4818 722 4872 διὰ
748 4816 1066 4889 Σαλομῶνος
1095 4816 1153 4870 δὲ
1184 4820 1242 4870 ὲν
1269 4820 1335 4888 τῇ
1368 4818 1780 4891 ἐπιγραφομένῃ
1800 4819 1900 4871 -Σο-

326 4911 444 4981 φίᾳ,
480 4910 626 4974 ἔνθα,
658 4910 910 4963 Δικαίων
947 4912 1004 4962 al
1041 4908 1233 4979 ψυχαί
1268 4909 1339 4963 ἐν
1367 4909 1540 4977 χειρὶ,
1570 4909 1902 4980 γέγραπται,

328 5000 497 5066 Θεοῦ,
520 5002 617 5056 καὶ
643 5005 715 5056 οὑ
740 5002 825 5072 μὴ
850 5002 1075 5071 ἅψηται
1100 5000 1300 5056 αὐτῶν
1317 5000 1617 5067 βάσανος.
1649 5001 1906 5066 Ἕδοξαν

327 5094 398 5147 ἐν
436 5092 764 5163 ὀφθαλμοῖς
803 5094 1082 5162 ἀφρόνων
1130 5092 1428 5157 τεθνάναι,
1480 5093 1580 5146 καὶ
1618 5093 1905 5161 ἐλογίσθη

327 5184 589 5249 κάκωσις
614 5184 653 5251 ἠ
681 5183 894 5249 ἔξοδος
922 5181 1142 5248 αὐτῶν,
1172 5181 1271 5236 καὶ
1300 5183 1338 5249 ἡ
1370 5183 1473 5251 ἀφ’
1503 5182 1675 5251 ἡμῶν
1698 5184 1911 5250 πορεία

328 5276 683 5343 σύντριμμα.
736 5277 799 5327 Οἱ
845 5273 913 5327 δέ
952 5276 1111 5328 εἰσιν
1138 5274 1209 5327 ἐν
1238 5272 1469 5341 εἰρήνῃ,
1511 5273 1611 5327 καὶ
1647 5275 1686 5343 ἠ
1731 5275 1910 5341 ἐλπίς

329 5365 528 5421 αὐτῶν
554 5366 887 5431 ἀθανασίας
916 5365 1173 5434 πλήρης.
1216 5365 1381 5419 Ὅθεν
1413 5365 1662 5436 σώματος
1704 5368 1737 5438 ή
1777 5368 1909 5421 ἀνά-

333 5472 537 5520 στασις,
568 5457 663 5510 καὶ
696 5456 757 5510 οὐ
788 5455 987 5527 ψυχῆς·
1014 5456 1076 5508 οὺ
1106 5454 1215 5528 γὰρ
1235 5456 1326 5510 τὸν
1349 5456 1561 5510 ἑστῶτά
1582 5473 1667 5520 τις
1690 5456 1911 5527 ἀνίστη-

409 5589 529 5665 ‘F.
568 5592 666 5665 τῷ.
742 5595 762 5626 ⁸
796 5591 955 5648 Deest
1003 5596 1068 5663 ὲγ

336 5676 444 5724 Ivi.
477 5664 542 5719 i9
574 5680 726 5734 seqq.
800 5666 822 5697 ⁸
851 5664 979 5736 Sap.
1000 5680 1081 5729 ιιι,
1115 5665 1229 5720 ινδ.

1069 5593 1191 5663 γύς.
1267 5593 1290 5626 ³
1327 5592 1475 5650 Psal.
1516 5608 1633 5659 vui,
1697 5592 1752 5648 6.
1827 5593 1850 5625 '*
1884 5595 2054 5651 Amos
2112 5611 2191 5663 1x,
2224 5596 2311 5653 il.

2001 4541 2191 4597 Lazari
2214 4542 2471 4613 pauperis
2491 4541 2722 4596 historia
2740 4541 2778 4593 τε
2804 4554 3036 4610 quorum
3056 4541 3199 4594 hunc
3221 4540 3273 4595 in
3292 4540 3588 4598 Abraham!

2002 4634 2125 4688 sinu
2158 4643 2284 4705 post
2316 4641 2543 4688 exutum
2583 4647 2786 4701 corpus
2817 4631 3166 4700 acquiescere
3198 4632 3374 4685 voluit
3405 4650 3419 4687 :
3454 4633 3588 4687 alte-

2002 4742 2123 4780 rum
2149 4725 2489 4780 cruciatibus
2512 4723 2793 4778 damnavit
2814 4739 2828 4786 ;
2847 4738 2876 4777 e
2902 4723 3103 4792 quibus
3126 4738 3249 4777 cum
3276 4723 3590 4779 Abrahamo

2003 4817 2402 4886 colloquentem
2430 4814 2760 4868 introduxit.
2792 4811 2935 4866 Idem
2962 4828 3093 4866 vero
3116 4830 3212 4883 per
3239 4812 3588 4868 Salomonem

2004 4909 2059 4962 in
2090 4924 2155 4963 eo
2184 4908 2326 4962 libro
2354 4908 2446 4977 qui
2490 4905 2768 4976 Sapientia
2804 4906 3129 4959 inscribitur
3161 4906 3420 4971 ostendit,
3453 4906 3544 4960 ubi
3571 4944 3588 4970 ,

2006 5001 2305 5063 Justorum,
2352 4999 2564 5068 inquit,
2600 4999 2792 5051 anima:
2821 4999 2877 5050 in
2908 5013 3071 5049 manu
3103 4996 3202 5050 Dei
3230 5006 3374 5058 sunt.
3405 5007 3453 5050 et
3486 5014 3591 5051 non

2009 5098 2187 5160 tanget
2207 5089 2329 5143 illo:
2345 5096 2685 5142 tormentum.
2719 5087 2828 5141 Visi
2839 5092 2963 5140 sunt
2979 5087 3033 5139 in
3050 5086 3215 5140 oculis
3233 5087 3591 5156 insipientium

2010 5181 2167 5239 mori,
2200 5188 2249 5233 et
2279 5178 2547 5233 wstimata
2570 5186 2649 5231 est
2671 5178 2882 5249 afﬂictio
2912 5177 3087 5230 exitus
3116 5176 3356 5240 illorum,
3385 5186 3434 5230 et
3453 5175 3592 5245 quod

2010 5289 2042 5325 a
2066 5271 2215 5325 nobis
2238 5280 2316 5324 est
2339 5271 2442 5324 iter
2472 5271 2865 5324 exterminium.
2904 5267 2932 5323 1
2941 5269 3001 5322 lli
3023 5277 3196 5322 autem
3220 5278 3341 5321 sunt
3363 5268 3418 5320 in
3442 5283 3590 5335 pace,

2010 5373 2061 5418 et
2089 5378 2202 5431 spes
2236 5361 2457 5415 illorum
2485 5360 2893 5415 immortalitate
2920 5359 3076 5429 plena
3105 5368 3183 5413 est
3216 5359 3259 5411 ⁸.
3296 5357 3436 5429 Ergo
3464 5371 3591 5410 cor-

2012 5456 2164 5525 poris
2192 5460 2276 5510 est
2298 5452 2657 5539 resurrectio,
2687 5467 2796 5507 non
2822 5451 3051 5518 animae;
3081 5466 3254 5521 neque
3276 5449 3420 5505 enim
3446 5456 3597 5503 stan-

2420 5596 2440 5628 ⁵
2467 5594 2604 5651 Dan.
2633 5610 2728 5661 xu,
2753 5593 2810 5646 ἓ.
2917 5591 2936 5623 ⁸
2956 5587 3069 5645 Jer.
3094 5604 3216 5654 xui,
3247 5588 3300 5643 4.
3410 5585 3432 5618 ⁷
3457 5585 3592 5641 Luc.

405 5783 516 5865 (ιο)
554 5782 773 5836 Ἔπεσε
793 5780 859 5833 δὲ
890 5779 1211 5835 ὀκλάσασα
1240 5780 1278 5847 ἡ
1304 5778 1551 5847 ποθητή.
1583 5775 1711 5833 Cor.
1775 5777 2025 5851 παθητὴ..
