4082 6394
561 372 705 427 Hi1

558 504 664 547 tem
702 490 866 556 ullus,
901 488 995 543 sed
1023 487 1295 557 jacentem
1319 483 1501 556 erigit.
1534 483 1621 538 Uti
1653 498 1829 553 neque
1861 496 1997 537 sano
2020 497 2143 539 cor-
2168 491 2217 549 Α

559 584 697 653 pori,
730 580 822 636 sed
859 581 999 634 male
1030 577 1223 632 aﬂ'ecto
1252 578 1551 632 remedium
1581 575 1891 630 adhibetur.

628 670 784 736 Quod
822 672 866 727 si
899 672 1024 741 quis
1060 668 1518 724 resurrectionem
1554 667 1749 721 animae
1781 682 1889 720 non
1926 664 2145 735 corpori

557 770 872 815 eventuram
920 758 1256 829 pertinacius
1293 757 1562 810 ailirmare
1610 756 1760 817 velit,
1819 769 2016 825 magna
2060 763 2146 808 est

562 849 801 904 hominis
846 850 1119 906 rfoliditas
1158 858 1211 903 et
1248 848 1507 901 amentia.
1552 846 1710 900 Prius
1758 845 1904 899 enim
1950 846 2146 898 anima:

560 944 971 1012 corruptionem
1004 958 1068 996 ac
1100 941 1520 997 dissolutionem
1552 954 1779 993 necesse
1804 948 1889 993 est
1918 953 2141 993 asseve-

562 1043 663 1097 ret,
692 1045 747 1087 ut
780 1034 927 1088 illius
952 1034 1121 1103 partis
1142 1048 1264 1087 esse
1292 1028 1753 1085 resurrectionem
1782 1026 2013 1091 inferat;
2045 1042 2146 1080 nec

563 1140 790 1195 prorsus
845 1125 1080 1179 delirare
1128 1122 1225 1179 sed
1281 1130 1560 1190 utcunque
1612 1119 1819 1189 aliquid
1872 1118 2146 1173 disserere

561 1216 837 1269 videatur.
871 1213 1072 1268 Verum
1101 1211 1293 1267 demus
1326 1212 1428 1265 hoc
1465 1209 1538 1262 illi
1567 1251 1581 1274 ,
1615 1216 1673 1261 ut
1708 1207 1992 1261 mortalem
2025 1222 2147 1261 esse

560 1308 798 1361 animam
828 1304 1067 1359 deﬁniat.
1098 1302 1217 1356 Jam
1244 1304 1476 1357 duorum
1500 1301 1731 1354 alterum
1760 1300 1887 1368 poni
1921 1313 2147 1353 necesse

561 1406 644 1451 est
667 1415 681 1459 ;
707 1406 798 1451 aut
832 1412 953 1451 vere
984 1397 1371 1466 pronuntiasse
1405 1393 1716 1457 Dominum,
1750 1406 1877 1444 cum
1921 1390 2147 1443 immor-

561 1489 727 1541 talem
752 1501 873 1541 esse
898 1488 1136 1538 animam
1167 1484 1352 1538 docuit
1373 1524 1386 1545 ,
1420 1492 1473 1536 et
1501 1482 1580 1535 sic
1601 1478 1846 1535 eamdem
1869 1476 2147 1547 corrumpi

562 1577 855 1631 falsissime
904 1575 1223 1646 praedicari;
1275 1583 1369 1627 aut
1411 1574 1557 1626 illam
1606 1580 1757 1627 certe
1802 1586 1989 1625 revera
2024 1586 2148 1625 cor-

562 1668 777 1737 rumpi,
836 1668 1081 1735 adquue
1137 1665 1497 1719 immortalem
1559 1663 1707 1716 illam
1767 1671 1930 1731 atque
1980 1662 2147 1716 exitio

562 1766 838 1813 carentem
862 1774 1005 1821 esse,
1032 1771 1314 1827 perperam
1336 1756 1588 1809 docuisse
1611 1754 1924 1816 Christum;
1952 1761 2063 1804 tum
2092 1752 2145 1804 in

561 1850 654 1904 illa
675 1850 863 1905 divitis
902 1864 965 1902 ac
1000 1847 1255 1918 pauperis
1286 1846 1517 1899 historia
1549 1846 1563 1875 ¹
1592 1865 1605 1911 ;
1632 1852 1747 1896 tum
1780 1843 1833 1895 in
1862 1842 2052 1907 altera,
2093 1842 2148 1895 in
2181 1857 2221 1911 Β

564 1957 673 2013 qua
700 1941 880 1997 Moses
902 1950 1065 2012 atque
1087 1940 1234 1993 Elias
1257 1940 1577 2009 apparuit‘.
1604 1937 1768 2005 Atqui
1792 1934 1927 1988 nihil
1951 1942 2155 1988 temere

565 2033 786 2089 locutus
814 2042 918 2095 est,
950 2047 1127 2101 neque
1153 2033 1416 2085 mentitus
1435 2037 1519 2083 est
1537 2027 1819 2082 Dominus.
1845 2024 1962 2079 Non
1985 2027 2153 2089 enim,

564 2132 626 2181 ut
650 2126 922 2196 apostolis
948 2125 1224 2185 illuderct,
1252 2124 1411 2177 inane
1450 2123 1517 2176 iis
1541 2121 1897 2175 simulacrum
1926 2134 1988 2173 ac
2016 2117 2156 2171 ludi—

565 2230 717 2269 cram
760 2215 997 2285 specicm
1029 2213 1305 2276 ostendit,
1352 2227 1478 2265 cum
1524 2212 1576 2264 in
1629 2220 1814 2264 monte
1865 2208 2036 2262 Eliam
2092 2223 2157 2262 ac

570 2308 807 2379 Moysen]
839 2306 1148 2372 exhibuit';
1179 2306 1271 2359 sed
1316 2304 1460 2375 quod
1498 2306 1677 2374 reipsa
1716 2314 1873 2357 erant
1898 2304 2015 2357 sine
2047 2304 2158 2355 ullo

566 2400 855 2455 mendacio
887 2398 1163 2468 patefecit.
1212 2394 1363 2449 Unde
1396 2394 1479 2449 vel
1520 2393 1965 2463 imperitissimus
2004 2393 2155 2461 quis-

1992 362 2049 414 S.
2090 356 2433 416 EPIPHANII

3774 357 3925 415 ηπ

2246 500 2352 548 σιν,
2384 480 2520 536 ἀλλά
2552 483 2643 536 τὸν
2691 482 2951 555 κείμενον·
3005 482 3195 557 ὥσπερ
3235 484 3358 539 οὐδὲ
3398 484 3488 539 τὸν
3535 484 3926 553 ὕγίαινηντα

2248 574 2659 647 θεραπεύουσιν,
2691 573 2828 628 ἀλλά
2859 575 2951 628 τὸν
2982 577 3280 647 πάσχοντα.

2317 668 2380 719 Εἰ
2407 667 2464 720 δέ
2489 684 2571 729 τις
2598 668 2696 736 τὴν
2726 667 3023 720 ἀνάστασιν
3051 668 3143 720 ἐπὶ
3171 668 3269 739 τῆς
3293 668 3499 741 ψυχῆς,
3544 668 3681 722 καὶ
3715 667 3808 737 μὴ
3831 668 3925 719 ἐπὶ

2246 758 2347 827 τῆς
2376 758 2577 828 σαρκὸς
2610 756 2857 827 βιάζεται
2891 758 3069 826 λέγειν
3107 758 3350 823 ἔσεσθαι,
3387 759 3585 830 πολλὴ
3640 758 3772 829 μὲν
3807 776 3922 827 μω-

2247 850 2342 920 ρία
2383 849 2557 919 τούτῳ
2603 852 2697 903 καὶ
2725 850 2941 919 ἀλογία.
2975 852 3137 919 Λέγει
3171 853 3281 922 γὰρ
3308 853 3330 885 ⁸
3366 853 3611 924 φθορὰν
3650 852 3920 922 πρῶτον,

2246 942 2342 994 καὶ
2372 940 2523 994 λύσιν
2554 941 2643 993 τὸν
2672 942 2911 995 τοιοῦτον
2936 944 3033 1013 τῆς
3054 943 3233 1013 ψυχῆς
3256 944 3576 1009 δεικνύναι,
3615 944 3735 995 ἵνα
3760 943 3921 1016 δείξῃ

2246 1032 2313 1103 δὴ
2342 1034 2435 1085 καὶ
2465 1032 2563 1103 τὴν
2582 1033 2902 1097 ἀνάστασιν,
2941 1036 3014 1105 μή
3043 1052 3125 1088 τοι
3158 1036 3429 1106 ληροῦντά
3456 1054 3558 1104 γε,
3610 1037 3793 1089 ἀλλὰ
3822 1053 3918 1087 σα-

2248 1124 2364 1192 φῶς
2400 1124 2625 1193 λέγοντά
2665 1142 2717 1178 τι
2752 1126 3059 1194 φαίνεσθαι.
3094 1126 3284 1198 Ὅμως
3310 1129 3444 1197 γοῦν
3477 1130 3723 1183 δοτέον
3756 1129 3917 1198 αὐτῷ

2248 1213 2448 1284 θνητὴν
2472 1214 2760 1285 ὁρίσασθαι
2798 1216 2896 1286 τὴν
2928 1218 3126 1287 ψυχήν.
3169 1222 3325 1271 Δυοίν
3354 1221 3465 1289 γάρ
3500 1238 3609 1273 τοι.
3654 1220 3915 1289 Θάτερον

2246 1305 2423 1358 ταῦτα
2455 1305 2659 1371 θετέον,
2698 1306 2731 1377 ἢ
2762 1307 2937 1377 ἀληθῆ
2970 1308 3060 1361 τὸν
3090 1308 3289 1380 Κύριον
3322 1311 3783 1381 ἀποφήνασθαι
3817 1313 3917 1380 τὴν

2248 1394 2426 1466 ψυχὴν
2464 1395 2734 1449 ἀθάνατον
2782 1397 3120 1465 διδάσκοντα,
3171 1399 3265 1451 καὶ
3311 1399 3509 1468 ψεῦδος
3570 1401 3802 1469 αὐτὴν

2250 1485 2568 1557 φθείρεσθαι
2616 1487 2815 1555 λέγειν·
2860 1489 2894 1558 ἢ
2940 1488 3283 1561 φθείρεσθαι,
3323 1493 3414 1543 καὶ
3444 1490 3693 1559 ψεῦδος
3730 1491 3917 1560 αὐτὴν

2249 1577 2310 1630 τὸ
2338 1577 2623 1649 ἁνύλεθρον
2656 1582 2751 1633 καὶ
2777 1580 3045 1634 ἀθάνατον
3082 1579 3221 1635 εἶναι
3264 1583 3539 1637 διδάσκειν
3598 1586 3727 1638 τὸν
3773 1587 3913 1655 Χριο

2252 1669 2376 1722 στὸν
2427 1670 2521 1723 καὶ
2572 1673 2627 1724 ὲν
2659 1675 2725 1742 τῇ
2774 1674 2915 1727 κατά
2940 1674 3033 1725 τὸν
3077 1675 3330 1728 πλούσιον
3376 1677 3471 1729 καὶ¹
3507 1677 3625 1730 τὸν
3674 1679 3913 1745 πένητα

2252 1759 2469 1830 φράσει,
2505 1762 2598 1812 καὶ
2625 1762 2682 1813 ὲν
2722 1765 2788 1831 τῇ
2828 1762 2971 1815 κατὰ
3011 1764 3101 1816 τὸν
3134 1765 3369 1818 Μωῦσέα
3399 1768 3496 1819 καὶ
3521 1768 3643 1819 τὸν
3700 1767 3908 1819 Ἠλίαν

2250 1850 2505 1920 ὀπτασίᾳ.
2564 1851 2702 1903 Ἀλλ’
2730 1852 2881 1905 οὐδὲν
2916 1854 2945 1905 ὀ
2980 1852 3183 1923 Κύριος
3229 1854 3402 1918 ἄλλως
3444 1855 3837 1924 ἐφθέγξατο,
3872 1855 3906 1924 ἢ

2252 1941 2537 2011 ἐψεύσατο.
2569 1944 2641 1995 Οὐ
2670 1944 2777 2014 γὰρ
2802 1945 3020 1999 εἴδωλον
3047 1947 3079 2017 ἢ
3108 1947 3418 2018 φάντασμα,
3448 1950 3589 2011 τοὺς
3626 1949 3903 2001 ﬁmo-

2252 2031 2377 2095 λους
2402 2032 2721 2103 βουλόμενος
2746 2038 2981 2108 ἀπατᾷν,
3007 2039 3279 2092 ἐδείκνυεν
3308 2041 3489 2103 αὐτοῖς
3519 2040 3586 2092 ὲν
3622 2040 3723 2110 τῷ
3750 2040 3902 2109 ὄρει,

2252 2124 2343 2177 τὸν
2401 2125 2586 2179 Ἠλίαν
2632 2129 2726 2181 καὶ
2771 2129 2861 2182 τὸν
2895 2131 3157 2197 Μωῦσέα,
3190 2132 3303 2185 ἀλλ’
3328 2131 3357 2184 δ
3383 2127 3527 2201 ἦσαν
3578 2131 3896 2201 ἀψευδῶς.

2256 2216 2442 2280 Ὥστε,
2479 2219 2555 2281 ὡς
2591 2219 2721 2284 ἔπος
2769 2223 2965 2289 εἰπεῖν,
3016 2226 3109 2278 καὶ
3151 2224 3759 2293 τὸνδυσμαθέστατον
3790 2241 3898 2292 μα-

2262 2302 2373 2356 θεῖν
2395 2305 2665 2363 ἀθάνατον
2693 2310 2856 2364 αὑτὸν
2879 2307 3042 2377 εἶναι,
3079 2314 3172 2367 καὶ
3190 2314 3474 2384 ἀνόλεθρον
3506 2310 3893 2367 διαϐεϐαιοῦ-

2264 2396 2389 2449 σθαι
2425 2398 2522 2471 τὴν
2552 2401 2753 2473 ψυχήν,

562 2512 691 2568 que,
721 2504 781 2549 ut
806 2509 916 2548 uno
968 2492 1136 2547 verbo
1187 2491 1366 2546 dicam
1387 2530 1403 2556 ,
1449 2489 1759 2559 intelligere
1812 2493 2017 2557 potest,
2050 2485 2411 2549 immortalem
2441 2496 2509 2549 ab
2541 2495 2683 2566 ipso,
2710 2506 2765 2552 et
2786 2497 2938 2553 exitii
2970 2498 3266 2554 immunem
3295 2500 3533 2556 animam
3558 2516 3708 2558 esse
3737 2518 3885 2556 con-

564 2590 797 2647 ﬁrmari.

636 2679 897 2735 XXXVII.
932 2678 1193 2750 Corporis
1242 2678 1429 2748 itaque
1487 2676 1820 2731 resurrectio
1872 2683 1979 2742 est,
2034 2690 2147 2731 non

565 2774 781 2836 animae,
831 2781 891 2827 ut
926 2773 981 2825 in
1010 2772 1420 2842 corruptionem
1454 2770 1669 2839 lapsum
1710 2768 1931 2824 Davhlis
1963 2770 2148 2825 taber-

566 2866 824 2923 naculum
872 2871 1122 2933 resurgat
1157 2882 1171 2925 ;
1204 2873 1366 2932 atque
1392 2861 1482 2914 ubi
1506 2861 1841 2927 constiterit,
1861 2872 1914 2914 et
1942 2860 2152 2914 instau-

567 2968 746 3013 ratum
778 2956 962 3019 fuerit,
993 2956 1138 3009 sicut
1158 2954 1276 3008 dies
1300 2953 1509 3015 saeculi,
1554 2952 1868 3007 inviolabile
1893 2952 2151 3021 deinceps

568 3063 634 3103 ac
658 3048 1052 3119 sempiternum
1081 3053 1418 3116 permaneat.
1439 3042 1624 3111 Neque
1645 3058 1775 3097 vero
1806 3042 1973 3097 Deum
2002 3043 2153 3094 arbi-

568 3144 704 3196 trari
723 3109 989 3196 debemus
1020 3109 1289 3209 lapideam
1312 3137 1450 3191 vello
1481 3109 1643 3205 560
1668 3137 1892 3190 domum
1933 3134 2155 3189 Davidis
2182 3109 2228 3170 ε

567 3245 879 3297 exstruere,
912 3246 1090 3301 neque
1118 3231 1175 3284 in
1205 3230 1417 3284 caelesti
1447 3245 1616 3300 regno
1644 3228 1905 3284 eximium
1938 3228 2159 3299 aliquod

568 3329 908 3385 domicilium
954 3336 1300 3379 construere.
1339 3322 1445 3377 Sed
1477 3323 1544 3377 de
1585 3339 1750 3376 carne
1794 3323 1979 3393 loqui,
2014 3322 2159 3391 quod

572 3425 770 3477 anima:
823 3418 1237 3474 tabernaculum
1282 3415 1578 3485 est,'quod
1626 3414 1845 3485 quidem
1889 3416 2005 3469 suis
2048 3417 2162 3483 ipse

572 3512 827 3567 manibus
851 3513 1070 3564 molitus
1099 3518 1203 3563 est.
1238 3506 1321 3561 Tu
1352 3523 1500 3570 vero,
1535 3506 1941 3577 sapientissime
1964 3505 2161 3573 Aglao-

572 3604 717 3674 phon
744 3642 759 3665 ,
795 3601 941 3654 hunc
982 3598 1047 3650 ad
1098 3596 1318 3650 modum
1373 3595 1479 3648 ista
1524 3594 1835 3647 considera.
1878 3590 2159 3645 Facillime

568 3694 716 3749 enim
769 3693 857 3746 illa
891 3691 1075 3743 animo
1120 3688 1430 3758 perceperis
1452 3726 1466 3748 ,
1508 3688 1553 3742 si
1587 3686 1653 3739 ad
1688 3685 2074 3739 dormientium
2104 3694 2158 3737 et

570 3782 1069 3854 expcrgiscentium
1128 3778 1543 3833 similitudinem
1605 3778 1864 3831 attendis.
1922 3775 2053 3828 Nam
2112 3776 2157 3829 si

574 3892 802 3931 somnus
829 3873 1060 3944 \igiliam
1083 3872 1349 3941 sequitur,
1377 3878 1431 3925 et
1456 3886 1709 3925 somnum
1735 3868 2154 3939 expergefactio,

574 3971 741 4039 idque
774 3965 1199 4021 resurrectionis
1242 3979 1307 4018 ac
1332 3968 1522 4021 mortis
1569 3971 1652 4019 est
1685 3964 1953 4019 nonnulla
1984 3964 2158 4019 ιιιιιιιί-

571 4062 705 4117 tatio
732 4078 748 4117 :
780 4060 982 4131 quippe

884 4150 953 4204 Et
984 4167 1168 4204 somno
1198 4159 1245 4203 et
1277 4148 1434 4202 morti
1461 4146 1703 4215 geminis,

572 4242 800 4316 perinde
832 4242 1205 4297 necessarium
1236 4253 1341 4303 est,
1379 4248 1437 4294 ut
1459 4249 1512 4293 ct
1543 4240 1870 4295 reviviscere
1893 4248 2066 4294 morte
2088 4241 2159 4293 sit

573 4336 868 4408 posterius,
897 4342 956 4388 ut
979 4334 1230 4403 corporis
1256 4334 1359 4387 vita
1396 4332 1679 4395 succedat,
1704 4348 1828 4386 cum
1852 4340 1905 4386 et
1928 4334 2156 4386 excitari

567 4446 602 4488 e
623 4430 1024 4485 dormientibus
1048 4428 1319 4498 quispiam
1341 4427 1576 4483 dicatur.
1601 4425 1813 4481 Etenim
1835 4434 1893 4479 ut
1915 4443 1946 4479 e
1963 4442 2157 4481 somno

568 4520 754 4590 vigilia
777 4518 1045 4588 sequitur,
1073 4526 1127 4571 et
1150 4517 1242 4586 qui
1268 4516 1469 4571 dormit
1498 4534 1604 4571 non
1630 4517 1684 4569 in
1710 4516 1901 4571 eodem
1929 4516 2155 4570 omnino

571 4610 766 4665 habitu
817 4608 1095 4678 persistit.
1129 4619 1185 4661 ut
1214 4606 1432 4661 assidue
1461 4605 1734 4673 dormiat;
1781 4605 1878 4660 sed
1925 4606 2158 4660 subinde

570 4697 889 4767 consurgit;
915 4696 989 4749 ita
1029 4703 1083 4750 et
1119 4711 1183 4748 ex
1238 4702 1413 4748 morte
1462 4697 1571 4749 vita
1611 4705 2014 4765 consequetur;
2059 4710 2158 4749 nec

570 4789 797 4843 omnino
816 4787 908 4857 qui
927 4796 1179 4841 mortuus
1200 4794 1284 4840 est
1306 4793 1427 4855 post
1448 4794 1674 4841 mortem
1694 4785 1884 4840 eodem
1917 4785 1971 4839 in
2008 4795 2153 4840 stam

570 4888 904 4951 perseverat.
930 4879 1066 4934 Cum
1089 4877 1233 4933 enim
1258 4887 1380 4945 post
1406 4893 1657 4932 somnum
1679 4878 1863 4947 vigilia
1884 4878 2152 4941 succedit,

568 4980 623 5027 ct
654 4978 778 5041 post
808 4972 1018 5041 lapsum
1050 4969 1328 5037 excitatio,
1366 4979 1420 5023 et
1453 4977 1575 5039 post
1616 4969 2023 5023 demolitionem
2070 4970 2156 5023 in-

571 5063 858 5126 stauratio,
881 5077 1064 5117 nonne
1095 5071 1149 5117 et
1179 5063 1246 5116 ab
1272 5077 1357 5129 eo,
1386 5059 1531 5131 quod
1558 5059 1865 5121 inclinavit.
1897 5060 2153 5129 quodque

570 5160 846 5206 mortuum
902 5161 1008 5215 est,
1060 5150 1428 5221 exspectanda
1492 5146 1826 5203 resurrectio
1877 5146 1991 5200 est?
2034 5146 2151 5199 Non

567 5244 711 5293 enim
740 5242 851 5294 haec
871 5256 971 5295 nos
995 5241 1198 5295 frustra
1221 5240 1565 5300 conﬁtemur.
1594 5245 1952 5309 posteaquam
1975 5250 2154 5290 emor-

568 5340 663 5385 tua
696 5346 927 5402 corpora
970 5341 1134 5398 sunt,
1178 5334 1358 5387 denuo
1396 5330 1741 5385 reviviscere.
1784 5327 1937 5393 Quod
1972 5327 2151 5397 ipsum

571 5437 677 5475 non
729 5421 783 5474 in
829 5437 1021 5477 somno
1061 5423 1262 5486 solum,
1309 5428 1364 5475 et
1414 5417 1913 5490 expergefactione,
1958 5418 2052 5472 sed
2095 5418 2150 5471 in

568 5514 873 5570 seminibus
920 5529 985 5569 ac
1030 5513 1290 5585 stirpibus
1318 5514 1555 5575 intuere,
1584 5510 1630 5565 si
1672 5509 1845 5574 lubet,
1887 5510 2153 5579 quemad-

568 5606 791 5659 modum
840 5608 1299 5663 resurrectionem
1344 5602 1678 5673 haaeomnia
1727 5600 2023 5672 praedicare
2070 5602 2154 5656 vi-

2324 2676 2445 2731 AZ'.
2483 2675 2691 2729 ούκοῦν
2726 2679 2927 2748 σαρκὸς
2959 2679 2991 2748 ή
3023 2678 3318 2742 ἀνάστασις
3361 2680 3598 2748 γίνεται,
3659 2682 3737 2735 οὐ
3778 2682 3882 2750 ψυ-

2254 2767 2377 2839 χῆς,
2420 2768 2568 2831 ὅπως
2618 2769 2653 2838 ή
2702 2772 3025 2823 πεπτωκυῖα
3070 2770 3165 2824 τοῦ
3204 2772 3369 2825 Δαὸὶδ
3401 2775 3482 2836 είς
3507 2773 3619 2845 τὴν
3652 2774 3882 2844 φθορὰν

2255 2858 2465 2926 ἀναστῇ
2510 2857 2706 2927 σκηνὴ,
2748 2858 2843 2911 καὶ
2874 2860 3178 2922 ἀναστᾶσα,
3211 2862 3304 2913 καὶ⁵
3332 2863 3874 2934 ἀειοικοδομηθείσα,

2257 2948 2440 3012 καθὼς
2473 2949 2531 3002 αἰ
2577 2950 2781 3020 ἡμέραι
2824 2951 2918 3003 τοῦ
2966 2952 3183 3017 αἰῶνος,
3233 2956 3472 3024 ἀπήμων
3515 2956 3731 3009 λοιπὸν
3780 2957 3874 3009 καὶ

2257 3041 2593 3105 ἀδιάπτωτος
2617 3042 2879 3113 διαμένοι.
2916 3045 3038 3097 Ὀτι
3064 3046 3137 3117 μὴ
3162 3047 3238 3116 τῷ
3263 3046 3383 3118 Θεῴ
3403 3049 3503 3119 τὴν
3522 3050 3764 3120 λιθίνην
3792 3053 3870 3102 οι-

2259 3134 2383 3187 κίαν
2420 3134 2713 3204 δείμασθαι
2742 3135 2836 3188 τοῦ
2875 3138 3059 3201 Δαϐὶδ,
3107 3140 3241 3209 μηδὲ
3289 3140 3353 3192 ἵν’
3383 3144 3441 3195 ὲν
3484 3145 3549 3213 τῇ
3602 3143 3868 3213 βασιλεία

2258 3226 2365 3281 τῶν
2408 3227 2655 3297 οὐρανῶν
2701 3229 2880 3281 οἰκίαν
2916 3233 3015 3301 σχῇ
3057 3231 3248 3302 καλὴν,
3284 3232 3418 3286 ἀλλά
3448 3233 3545 3305 τὴν
3582 3236 3781 3306 σάρκα
3811 3234 3868 3285 τὺ

2260 3318 2458 3386 σκῆνος
2486 3318 2585 3387 τῆς
2618 3318 2815 3389 ψυχῆς,
2856 3320 2923 3390 ἢν
2962 3323 3123 3385 αὐτὸς
3151 3326 3269 3386 ταῖς
3304 3325 3495 3376 ἑαυτοῦ
3518 3327 3724 3396 χερσὶν
3749 3327 3861 3376 ἐτει

2259 3412 2516 3480 κτήνατο.
2550 3412 2881 3464 Σχοπεῖσθαι
2919 3413 2975 3465 δέ
3010 3430 3091 3479 σε,
3118 3408 3164 3466 ὦ
3188 3415 3465 3484 σοφώτατε
3505 3417 3861 3485 ’Δγλαοφών,

2258 3501 2458 3553 οὑτωσὶ
2486 3503 2611 3572 χρή.
2640 3503 2861 3566 Πάντως
2887 3504 2944 3555 δὲ
2985 3507 3156 3575 ῥᾷστα
3188 3505 3407 3580 μαθήσῃ
3434 3507 3613 3569 τοῦτο,
3640 3509 3746 3561 si»
3769 3504 3858 3557 ἐπὶ

2260 3591 2357 3658 τὴν
2404 3592 2499 3644 τοῦ
2546 3594 2829 3646 καθεύδειν
2863 3595 3049 3649 εἰκόνα
3082 3596 3326 3667 πρόσχῃς
3367 3598 3459 3651 καὶ
3498 3598 3854 3652 ἀνίστασθαι.

2264 3679 2325 3729 Εἰ
2364 3679 2472 3749 γὰρ
2506 3681 2567 3732 τὸ
2596 3681 2797 3735 ύπνοῦν
2828 3684 2935 3736 ἀπὸ
2973 3685 3066 3737 τοῦ
3096 3687 3481 3758 ἐγρηγορέναι,
3513 3688 3611 3741 καὶ
3662 3690 3728 3740 τό
3765 3688 3852 3738 ἁν-

2264 3770 2515 3824 ίστασθαι
2559 3773 2667 3825 ἀπὸ
2693 3773 2786 3826 τοῦ
2821 3776 3100 3830 καθεύδειν
3132 3780 3362 3845 γίνεται,
3396 3781 3490 3832 καὶ
3522 3779 3690 3833 τοῦτο
3727 3780 3854 3832 ἀνα-

2262 3868 2506 3931 στάσεως
2538 3870 2633 3921 καὶ
2659 3870 2892 3923 θανάτου
2929 3872 3150 3943 μελέτη·

2421 4137 2620 4201 Ὕπνῳ
2648 4137 2759 4207 τὰρ
2789 4136 2889 4191 καὶ
2920 4136 3151 4203 θανάτῳ
3177 4130 3501 4205 δίδιῖμαῶν
3525 4135 3589 4189 ἓν
3628 4138 3653 4168 ⁸
3686 4153 3693 4161 ·

2262 4229 2478 4300 ἀνάγκη
2505 4229 2570 4300 δὴ
2603 4231 2698 4283 καὶ
2730 4229 2790 4282 τὸ
2821 4230 3260 4283 ἀναόιώσκεσθαι
3317 4225 3458 4281 εἶναι
3512 4229 3576 4280 ὲκ
3630 4226 3735 4281 τοῦ
3765 4240 3845 4278 τε·

2263 4320 2472 4386 θνάναι,
2522 4324 2599 4384 εἰς
2630 4322 2690 4374 τὸ
2741 4320 2841 4393 ζῇν
2878 4321 2976 4393 τὴν
3003 4322 3202 4393 σάρκα,
3236 4322 3396 4392 εἴπερ
3422 4320 3517 4373 καὶ
3545 4320 3606 4372 τὸ
3636 4318 3843 4386 ἀνεγεί-

2265 4412 2452 4481 ρεσθαι
2483 4415 2547 4466 ὲκ
2580 4413 2688 4466 τῶν
2729 4413 3118 4467 καθευδόντων.
3155 4413 3245 4475 Ὠς
3277 4414 3387 4483 γὰρ
3418 4415 3482 4465 ὲκ
3512 4411 3607 4465 τοῦ
3647 4412 3843 4465 καθεύ-

2259 4505 2370 4557 δειν
2396 4504 2456 4558 τὸ
2483 4505 2844 4577 ἐγρηγορέναι
2870 4505 3100 4573 γίνεται,
3131 4505 3228 4557 κα)⁸
3254 4505 3316 4556 ού
3348 4504 3564 4566 πάντως
3584 4506 3613 4557 ὁ
3643 4500 3839 4557 καθεύ-

2257 4598 2362 4649 δων
2397 4600 2454 4651 ὲν
2502 4597 2578 4668 τῷ
2624 4597 2772 4667 αὐτῷ
2808 4597 3048 4667 διαμένει
3101 4599 3340 4668 σχήματι
3396 4597 3483 4649 ἀεὶ
3543 4595 3837 4654 καθεύδων,

2258 4688 2396 4741 ἀλλά
2418 4685 2575 4751 αὖθις
2602 4689 2908 4742 ἀνίσταται·
2948 4687 3121 4752 οὕτως
3159 4688 3254 4742 καὶ
3280 4688 3342 4741 τὸ
3374 4688 3471 4759 ζῇν
3499 4690 3563 4740 ἐκ
3588 4687 3687 4740 τοῦ
3712 4690 3837 4741 ἀπο-

2261 4778 2443 4833 θανεῖν
2472 4780 2831 4852 συμϐήσεται,
2861 4781 2955 4835 καὶ
2976 4782 3036 4834 ού
3060 4782 3276 4844 πάντως
3306 4783 3333 4833 ὁ
3360 4780 3669 4842 ἀποθανὼν,
3696 4782 3837 4832 ἐπει-

2260 4870 2355 4923 δὰν
2388 4872 2667 4935 ἀποθάνοι,
2709 4873 2765 4925 ἐν
2785 4871 2864 4942 τῷ
2890 4872 3036 4943 αὐτῷ
3059 4873 3233 4943 μένει.
3271 4873 3333 4926 Ei
3359 4871 3469 4942 γὰρ
3503 4874 3567 4924 ἐκ
3591 4870 3687 4924 τοῦ
3728 4886 3831 4922 κοι-

2264 4965 2469 5034 μᾶσθαι
2514 4966 2574 5017 τὸ
2628 4965 3007 5036 ἐγρηγορέναι,
3049 4968 3144 5018 καὶ
3177 4968 3241 5019 ὲκ
3279 4966 3372 5019 τοῦ
3414 4967 3600 5019 πεσεῖν
3629 4963 3693 5016 τὸ
3749 4963 3832 5014 ἀν-

2262 5054 2578 5125 εγερθῆναι,
2616 5056 2709 5108 καὶ
2743 5058 2808 5109 ὲκ
2841 5055 2933 5109 τοῦ
2960 5057 3365 5128 καταϐληθῆναι
3391 5058 3453 5111 τὸ
3476 5056 3824 5123 ἀνοικοδομη-

2259 5146 2437 5217 θῆναι·
2474 5148 2555 5211 τίς
2601 5150 2816 5219 μηχανή
2864 5151 2959 5203 καὶ
3009 5150 3075 5202 ὲκ
3124 5148 3219 5203 τοῦ
3270 5149 3546 5212 κλιθέντος
3595 5148 3667 5219 μὴ
3716 5142 3827 5215 οὐχι

2260 5239 2563 5309 προσδοκᾷν
2593 5240 2651 5292 τὸ
2678 5241 3097 5311 ἀναστήσεσθαι,
3132 5242 3225 5295 καὶ⁵
3250 5243 3315 5293 ὲκ
3344 5241 3597 5303 θανόντος
3624 5240 3684 5292 τὸ
3714 5240 3824 5292 ἁνα-

2260 5329 2591 5399 στήσεσθαιιὲ
2627 5332 2737 5384 Καὶ
2761 5330 2870 5401 γὰρ
2903 5334 3066 5404 ἡμεῖς
3098 5332 3269 5386 ταῦτα
3295 5333 3395 5385 οὐκ
3422 5329 3824 5399 ἐξαπατώμενοι

2258 5418 2648 5491 ὁμολογοῦμεν,
2693 5424 2759 5475 ἐκ
2798 5422 2910 5477 τῶν
2962 5422 3271 5477 τεθνεώτων
3322 5423 3588 5491 σωμάτων
3615 5421 3675 5473 τὸ
3708 5422 3823 5472 ἁνα-

2258 5509 2587 5566 6ιώσκεσθαι
2617 5515 2957 5585 συμϐαίνειν.
2990 5517 3101 5568 Καὶ¹
3130 5516 3204 5586 μὴ
3233 5515 3392 5586 μόνον
3418 5514 3598 5579 τοῦτο,
3634 5517 3683 5568 εἰ
3714 5512 3823 5584 βού-

2257 5604 2361 5670 λει,
2390 5606 2497 5660 ἀπὸ
2524 5607 2617 5660 τοῦ
2644 5609 2928 5663 καθεύδειν
2950 5610 3164 5675 σκόπει,
3205 5611 3300 5663 καὶ
3329 5609 3670 5671 ἀνίστασθαι,
3699 5603 3820 5661 ἀλλά

640 5803 660 5841 ⁸
692 5804 820 5862 Luc.
847 5823 960 5877 xvi,
996 5807 1063 5863 19
1087 5822 1207 5879 sqq.
1283 5808 1305 5840 ²
1334 5805 1524 5862 Matth.
1551 5819 1682 5869 xvn,
1716 5802 1741 5856 l
1778 5814 1899 5871 sqq.
1977 5799 1997 5830 ³
2018 5799 2149 5857 ibid.

2283 5808 2408 5867 Cor.
2467 5816 2559 5868 Δεῖ
2581 5815 2710 5887 γάρ.
2787 5815 2808 5847 ⁵
2844 5815 2969 5871 Cor.
3039 5814 3372 5887 διδυμάοσιν.
3402 5813 3622 5870 Homeri
3650 5813 3725 5870 Il.
