4082 6394
290 421 432 477 1129

1016 411 1386 471 ADVERSUS
1421 408 1759 468 leERESES
1795 406 1890 462 LIE

1990 404 2026 460 Ι.
2069 405 2233 463 ΤΟΜ.
2274 404 2406 461 1.-
2445 403 2719 461 ΗΑΞΒΕΞ.
2756 403 2941 459 LXIV.

3404 404 3542 459 “30

289 539 388 591 καὶ
432 535 541 590 ἀπὸ
580 532 691 587 τῶν
743 531 1075 605 σπερμάτων
1109 533 1205 586 καὶ
1239 531 1444 601 φυτῶν,
1491 530 1567 592 ὡς
1608 531 1667 581 ὲν
1705 528 1871 581 πᾶσιν

1990 524 2226 579 leantur.
2265 524 2460 595 Aspice
2489 524 2717 587 semina,
2745 538 2865 593 quae
2899 519 3041 576 nuda
3083 512 3145 576 ac
3177 536 3339 575 carne
3379 521 3546 576 desti-

262 630 475 691 αὐτοῖς
521 630 555 697 ἡ
600 626 902 690 ἀνάστασις
939 623 1388 694 καταγγέλλεται.
1429 619 1729 691 Κατάμαθε
1767 618 1876 689 γὰρ

290 722 363 774 τά
393 719 705 790 σπέρματα,
739 716 863 781 πῶς
893 716 1100 789 γυμνά,
1142 714 1337 787 φησὶι,
1368 714 1463 768 καὶ
1495 712 1712 784 ἄσαρκα
1749 711 1877 782 βάλε

295 811 449 863 λεται
484 811 564 872 είς
592 810 692 879 τὴν
718 807 844 877 γῆν,
871 807 966 861 καὶ
990 801 1470 876 τελεσφορούμενα
1495 801 1658 855 πάλιν
1690 799 1878 852 ἀποδί-

292 900 465 953 δοται.
513 900 665 951 Ἐπεὶ
706 900 756 951 εἰ
798 897 1021 968 θνήσκοι
1058 896 1157 967 μὲν
1190 896 1284 948 καὶ
1328 895 1551 963 σήποιτο
1581 890 1650 943 τὰ
1712 890 1881 961 σπέρ-

302 1009 471 1063 ματα,
518 993 582 1044 ὲκ
622 990 680 1044 δὲ
719 988 828 1043 τῶν
859 988 1191 1059 σπερμάτων
1223 985 1420 1057 μηκέτι
1451 983 1512 1036 τὸ
1545 982 1749 1053 άναζῇν
1786 982 1880 1033 καὶ

299 1084 456 1152 φύειν
478 1083 715 1151 γένοιτο·
740 1080 822 1144 τίς
846 1081 879 1151 ἡ
900 1079 1283 1150 ἀποκλήρωσις
1310 1075 1384 1148 μὴ
1404 1074 1524 1146 οὐχὶ
1548 1074 1725 1137 πάντα
1752 1088 1882 1125 κατ-

298 1176 642 1246 αναλωθῆναι
674 1176 753 1237 εἰς
783 1174 844 1226 τὸ
869 1172 1152 1235 τεθνάναι;

372 1272 503 1324 AH'.
543 1266 704 1321 Ἀλλὰ
733 1265 842 1336 γὰρ
872 1264 1003 1334 περὶ
1026 1262 1233 1317 τούτων
1269 1260 1439 1315 πλείω
1464 1259 1642 1329 λέγειν
1668 1258 1736 1312 τὰ
1763 1257 1880 1320 νῦν,

297 1358 348 1418 ὦ
380 1362 637 1435 κράτιστε
662 1356 910 1426 Θεόφιλε,
938 1354 1280 1426 παρήσομεν,
1306 1353 1401 1407 καὶ
1425 1354 1472 1406 οἱ
1503 1351 1679 1404 λοιποὶ
1700 1351 1883 1421 κριταὶ

301 1456 413 1508 τῶν
448 1454 642 1521 λόγων.
676 1449 945 1520 Λάδωμεν
972 1448 1030 1501 δὲ
1056 1446 1150 1500 καὶ
1178 1446 1247 1499 τὰ
1273 1444 1484 1507 τούτοις
1514 1442 1710 1512 ἐφεξῆς
1749 1441 1879 1493 ἀκό-

301 1545 490 1607 λουθα,
527 1542 603 1605 ὼς
631 1539 907 1609 ἀφέστηκε
952 1535 1048 1589 τοῦ
1079 1535 1290 1597 δέοντος
1320 1533 1535 1604 μακράν
1557 1532 1599 1585 ³.
1655 1530 1714 1583 ’0
1752 1528 1885 1590 Θεὸς

1976 624 2090 671 tuta
2131 624 2290 670 terra:
2325 615 2671 679 mandantur,
2708 614 2904 668 dehinc
2935 610 3172 682 perfecta
3205 626 3546 666 consumma-

1978 716 2141 775 taque
2188 706 2512 761 redduntur.
2559 704 2693 759 Nam
2736 706 2782 760 si
2837 710 3178 757 morerentur
3216 702 3434 772 quidem
3482 717 3545 755 ac

1979 806 2357 868 putrescerent
2400 799 2608 852 semina
2630 834 2646 855 ,
2676 811 2775 850 nec
2804 810 2867 850 ex
2902 795 2988 850 his
3028 793 3323 864 quidquam
3357 794 3548 847 revivi-

1979 900 2153 945 sceret
2174 905 2237 943 ac
2264 890 2551 959 pullularet
2575 888 2751 953 aliud;
2774 903 2894 958 qua:
2917 889 3037 942 sors
3063 897 3207 941 esset
3233 886 3337 939 alia
3366 901 3545 941 rermn

1979 987 2142 1049 atque
2187 980 2449 1046 conditio,
2490 996 2651 1053 quam
2693 991 2749 1033 ut
2783 979 2965 1033 omnia
3013 987 3188 1032 morte
3225 985 3548 1046 consumpta

1979 1077 2193 1141 penitus
2227 1072 2572 1127 occiderent?

2052 1247 2335 1303 XXXVIII.
2377 1247 2483 1304 Sed
2514 1249 2581 1304 de
2615 1250 2699 1305 his
2731 1250 2979 1321 pluribus
3011 1250 3311 1321 disputare,
3349 1251 3551 1321 Optime

1982 1341 2302 1413 Theophile,
2325 1357 2531 1412 vosque
2548 1344 2727 1398 caeteri
2745 1359 3055 1399 sermonum
3079 1357 3386 1398 nostrorum
3410 1346 3553 1421 arbi-

1987 1437 2081 1500 tri,
2135 1437 2192 1491 in
2243 1438 2528 1506 praesentia
2585 1434 3080 1507 supersedebimus.
3135 1436 3266 1504 Quaa
3316 1454 3441 1493 vero
3482 1442 3551 1492 ἱιε

1987 1532 2356 1581 consentanea
2381 1539 2442 1579 ac
2464 1524 2856 1595 consequentia
2880 1533 3027 1590 sunt,
3056 1526 3325 1595 quomodo
3347 1527 3554 1583 scilicet

304 1638 415 1708 γὰρ
459 1632 608 1704 αὐτῷ
648 1631 807 1685 πάλιν
855 1628 1023 1692 αὑτὰς
1060 1629 1163 1690 τὰς
1201 1624 1378 1697 ψυχὰς
1413 1626 1471 1677 ἐν
1513 1624 1578 1694 τῇ
1619 1620 1760 1675 κατὰ
1793 1620 1884 1672 τὸν

1990 1618 2173 1686 procul
2203 1617 2271 1670 ab
2296 1632 2469 1687 scopo
2498 1617 2766 1671 aberrarit
2786 1657 2799 1681 ,
2830 1618 3089 1689 deinceps
3127 1617 3426 1676 videmnus.
3456 1618 3552 1672 Et-

305 1707 596 1800 ἑξηκοστὸν
622 1723 835 1794 ψαλμὸν
862 1719 1171 1791 προφητείᾳ
1193 1719 1288 1772 καὶ
1323 1717 1570 1787 πέμπτον
1597 1712 1885 1784 βεϐιασμέ-

1990 1708 2129 1763 enim
2181 1708 2271 1763 ille
2309 1708 2376 1763 de
2424 1709 2624 1764 animis
2669 1707 2949 1765 disserens
2988 1710 3053 1765 ad
3107 1712 3373 1781 psalmum
3428 1728 3552 1778 va,

440 1817 608 1888 αὐτὴν
641 1815 735 1869 καὶ
775 1810 1058 1874 ἀνοικείως
1102 1808 1455 1878 ὲκτιθεμένῳ,
1495 1805 1571 1869 ὥς
1600 1821 1755 1874 φησι,
1785 1803 1885 1873 τὴν

1990 1814 2153 1870 quem
2197 1800 2437 1855 violenta
2488 1799 2723 1870 quadam
2776 1799 3221 1870 interpretatione
3274 1802 3556 1873 alienaque

306 1876 603 1983 ᾁνάστασίν
632 1908 723 1961 ἐπὶ
746 1907 908 1977 μόνου
935 1903 1027 1957 τοῦ
1052 1903 1221 1965 εἴδους
1246 1876 1513 1965 σώζεσθαι
1541 1898 1622 1952 δεῖ
1649 1897 1878 1968 προσδο-

1990 1893 2242 1956 declarat,
2262 1890 2762 1958 Resurrectionem,
2782 1892 2979 1964 inquit,
2993 1894 3093 1950 soli
3114 1894 3349 1950 hominis
3370 1895 3556 1952 formae

308 2005 431 2074 κᾷν.
466 2002 576 2056 Kal
608 2000 693 2053 ἵνα
732 1997 806 2069 μὴ
851 1997 1031 2067 εἴπῃς,
1075 1994 1158 2047 ὅτι
1203 1994 1301 2047 οὐκ
1348 1991 1433 2044 ἀεὶ
1458 1990 1569 2059 (LI)
1618 1988 1876 2060 μανθάνει

1990 1984 2275 2040 convenire
2301 1984 2603 2055 putandum
2630 1994 2735 2041 est.
2758 1986 2837 2040 Ac
2861 2001 2929 2041 ne
2956 1985 3087 2041 illud
3115 1986 3345 2043 fortasse
3371 1989 3550 2053 dicas,

309 2093 617 2155 σκοτεινῶς
650 2093 854 2151 ἐκεῖνος
886 2088 994 2159 γὰρ
1023 2084 1180 2139 τοῦτο
1216 2083 1478 2137 διέλαϐεν
1528 2081 1668 2150 Ἐγὼ
1697 2081 1752 2133 δέ
1796 2096 1878 2132 σοι

1990 2078 2217 2132 obscure
2241 2075 2397 2147 561
2432 2076 2598 2131 istum
2632 2076 2893 2132 discenda
2925 2077 3012 2131 illa
3050 2080 3423 2149 proposuisse,
3454 2080 3555 2135 hoc

310 2186 643 2255 σαφέστερον
681 2177 784 2237 ὦδε
809 2182 899 2235 τὸν
933 2178 1057 2233 νοῦν
1104 2177 1291 2231 τοῦτον
1334 2175 1691 2246 ἐξηγήσομαι.
1740 2173 1878 2242 Ἤδη

309 2278 417 2350 γὰρ
449 2278 665 2338 πάντως
693 2276 942 2346 ἑώρακας
962 2272 1138 2343 δέρμα
1164 2267 1325 2333 ζώου,
1356 2267 1389 2338 ἢ
1418 2266 1546 2321 ἄλλο
1566 2282 1618 2319 τι
1643 2264 1880 2318 τοιοῦτον

309 2368 571 2438 γεμισθὲν
599 2367 808 2429 ὓδατος,
842 2367 1009 2427 ὅπως,
1039 2362 1135 2416 ἐὰν
1164 2362 1301 2432 πρὸς
1326 2360 1507 2428 ὀλίγον
1536 2357 1877 2428 κενούμενον,

311 2462 447 2532 πρὸς
470 2460 648 2529 ὀλίγον
680 2460 957 2528 πληροῖτο,
992 2456 1079 2509 ἀεὶ
1102 2454 1163 2507 τὸ
1191 2449 1328 2517 εἶδος
1349 2452 1409 2505 τὸ
1433 2452 1564 2505 αύτὺ
1591 2451 1878 2504 δείκνυσιν.

309 2548 436 2606 Οἷον
458 2551 567 2621 γὰρ
594 2551 661 2605 ἂν
759 2549 820 2601 τὸ
845 2546 1121 2618 περιέχον,
1148 2544 1360 2613 ἀνάγκη
1389 2543 1527 2616 πρὸς
1553 2541 1682 2594 αὐτὸ
1708 2540 1801 2594 καὶ⁵
1824 2540 1884 2592 τὸ

309 2646 460 2707 ἐντὸς
491 2642 940 2714 σχηματίζεσθαι.
964 2639 1101 2711 Φέρε
1122 2639 1228 2711 γὰρ
1254 2636 1612 2709 ύπεκρέοντος
1638 2633 1733 2688 τοῦ
1764 2632 1885 2686 ὕδα-

311 2754 422 2799 τος,
465 2735 517 2788 εἴ
552 2752 635 2797 τις
665 2732 992 2806 προσὸάλλει
1023 2731 1294 2799 τοσοῦτον,
1336 2729 1459 2783 ὅσον
1503 2729 1761 2798 ἐκχεῖται,
1811 2726 1885 2797 μὴ

314 2828 418 2880 ἐῶν
452 2827 540 2879 τὸν
571 2826 737 2878 ἀσκὸν
764 2824 978 2895 ἀθρόως
1008 2822 1310 2894 κενωθῆναι
1337 2818 1432 2875 τοῦ
1470 2818 1681 2883 ὓδατος,
1722 2819 1773 2871 εί
1811 2818 1884 2889 μὴ

313 2921 526 2989 ἀνάγκη
553 2917 762 2971 τοιοῦτο
788 2915 1073 2984 φαίνεσθαι
1106 2915 1166 2968 τὸ
1194 2913 1633 2987 προστιθέμενον,
1660 2906 1770 2964 οἷον
1792 2909 1886 2963 καὶ

313 3012 373 3064 τὸ
401 3013 531 3077 πᾶν,
570 3010 657 3064 διὰ
688 3009 749 3062 τὸ
783 3006 921 3063 εἶναι
946 3009 1041 3062 καὶ
1068 3008 1130 3060 τὸ
1159 3006 1412 3078 περιέχον
1437 3005 1498 3058 τὸ
1527 3003 1657 3057 αὐτὸ
1678 3004 1700 3035 ³
1733 3020 1888 3074 περι-

313 3105 446 3169 θεὶς,
487 3106 571 3176 ῥεῖ
594 3102 689 3158 καὶ
720 3102 953 3174 ἀπορρεῖ
987 3100 1049 3155 τὸ
1087 3100 1249 3172 ὕδωρ.

384 3285 494 3338 Καὶ
513 3283 576 3353 δὴ
614 3283 708 3335 καὶ
736 3282 796 3335 τὸ
833 3279 990 3351 σῶμα
1028 3279 1235 3343 τούτοις
1267 3281 1297 3332 ὁ
1335 3278 1533 3331 ἐθέλων
1570 3277 1890 3349 ἀπεικάζειν

311 3377 413 3428 οὐκ
466 3360 859 3443 αἰδεσθήσεται.
926 3371 1198 3435 Ὡσαύτως
1250 3368 1358 3442 γάρ
1385 3369 1476 3423 καὶ
1526 3368 1595 3422 τά
1638 3367 1746 3423 ἀπὸ
1790 3366 1891 3436 τῆς

313 3468 518 3539 τροφῆς
551 3465 980 3535 ἀντεισαγόμενα
1006 3464 1126 3517 ἀντὶ
1171 3462 1279 3516 τῶν
1310 3461 1717 3529 ὑπεξεωθεισῶν
1764 3478 1893 3530 σαρ-

315 3558 429 3612 κῶν
458 3559 537 3620 εἰς
570 3556 632 3609 τὸ
674 3557 857 3626 σχῆμα
903 3553 996 3607 τοῦ
1045 3552 1389 3625 περιέχοντος
1434 3552 1606 3615 εἴδους
1658 3551 1893 3622 μεταϐα-

316 3648 555 3702 λοῦνται.
595 3646 705 3699 Kal
741 3646 936 3698 ὁπόσον
980 3645 1079 3715 μὲν
1116 3644 1182 3697 ἂν
1229 3643 1369 3696 κατὰ
1413 3644 1540 3706 τοὺς
1581 3641 1892 3712 ὀφθαλμοὺς

316 3741 566 3811 διαχυθῇ,
607 3742 719 3802 τοῖς
751 3738 1047 3807 ὀφθαλμοῖς
1096 3736 1296 3790 ἔοικεν·
1328 3735 1521 3789 ὁπόσον
1566 3735 1623 3788 δὲ
1661 3734 1801 3789 κατὰ
1828 3734 1894 3786 -τδ

319 3831 628 3901 πρόσωπον,
653 3828 730 3898 τῷ
777 3827 1054 3898 προσώπῳ
1072 3844 1086 3857 ο
1115 3827 1311 3880 ὁπόσον
1344 3826 1401 3879 δὲ
1433 3826 1574 3879 κατὰ
1612 3825 1679 3878 τὰ
1708 3825 1889 3896 ἔτερα,

319 3921 547 3984 τούτοις.
584 3922 744 3974 Ὥστε
772 3921 860 3972 τὸν
890 3919 1051 3972 αὑτὸν
1087 3919 1316 3972 ἕκαστον
1341 3916 1646 3986 φαίνεσθαι,
1674 3918 1773 3969 οὐκ
1799 3917 1892 3969 ού-

320 4011 430 4064 σῶν
450 4011 558 4064 τῶν
588 4010 805 4083 σαρκῶν
832 4013 888 4062 ὲν
912 4009 1091 4079 ταυτῷ
1118 4010 1224 4061 τῶν
1250 4008 1479 4077 πρώτων
1499 4008 1891 4077 ὑποκειμένων,

320 4103 456 4156 ἀλλὰ
487 4102 580 4155 τοῦ
606 4102 796 4164 εἴδους,
821 4101 954 4154 καθὸ
979 4099 1366 4152 είδοποιοῦνται
1386 4099 1452 4152 τὰ
1473 4101 1891 4170 προσγινόμενα.

326 4196 433 4247 Καὶ
459 4194 637 4247 τοίνυν
679 4196 727 4246 εί
782 4194 854 4263 μή
890 4194 1055 4262 ἐσμεν
1101 4193 1149 4243 οἱ
1198 4189 1371 4252 αὐτοὶ,
1411 4189 1515 4242 κᾶν
1570 4192 1664 4242 ἐπὶ
1706 4189 1895 4257 ὀλίγας

322 4286 563 4357 ἡμέρας,
595 4286 673 4355 τῷ
711 4285 944 4354 σώματι,
988 4280 1123 4335 ἀλλὰ
1161 4282 1240 4351 τῷ
1283 4280 1415 4333 εἴδει
1461 4283 1518 4333 ἐν
1564 4281 1639 4351 τῷ
1683 4280 1893 4350 σώματι

321 4378 501 4446 (τοῦτο
529 4377 636 4449 γὰρ
665 4375 822 4445 μόνον
849 4373 1078 4444 ἕστηκεν
1106 4373 1212 4426 ἀπὸ
1245 4371 1533 4439 γενέσεως)
1554 4388 1566 4401 ·
1593 4371 1770 4441 πολλῷ
1800 4366 1893 4424 οὖν

322 4468 526 4539 μᾶλλον
565 4468 684 4521 οὐδὲ
739 4467 856 4518 τότε
896 4466 944 4516 οἱ
984 4465 1136 4517 αύτοὶ
1171 4463 1309 4534 μετὰ
1354 4463 1451 4534 τὴν
1496 4462 1662 4533 αὐτὴν
1716 4463 1894 4531 σάρκα

1982 2168 2158 2238 ipsum
2187 2168 2279 2224 ille
2307 2169 2625 2238 disputavit.
2656 2167 2768 2239 Ego
2796 2183 2928 2224 vero
2959 2169 3162 2225 clarius
3185 2171 3400 2225 illorum
3430 2162 3550 2227 vier-

1982 2259 2176 2314 borum
2199 2275 2420 2316 sensum
2443 2260 2589 2315 hunc
2604 2261 2658 2314 in
2677 2259 2895 2315 modum
2913 2263 3185 2331 aperiam:
3210 2261 3425 2327 Vidisti,
3448 2270 3561 2339 opi-

1982 2367 2105 2415 nor,
2142 2351 2437 2422 aliquando
2463 2352 2653 2421 pellem
2683 2352 2954 2416 animalis,
2996 2355 3280 2412 autsimile
3299 2358 3555 2428 quiddam

1984 2459 2124 2515 aqua
2138 2444 2426 2515 repletum.
2449 2444 2563 2499 Hoc
2582 2446 2624 2499 si
2651 2445 2904 2515 paulatim
2932 2447 3264 2503 exinanitum
3297 2450 3554 2520 paulatim

1984 2535 2294 2606 impleatur,
2319 2535 2565 2591 eamdem
2592 2544 2854 2607 perpetuo
2876 2536 3105 2593 formam
3126 2540 3344 2596 retinet.
3369 2542 3558 2613 Cujus-

1985 2626 2129 2682 modi
2158 2627 2305 2682 enim
2329 2634 2414 2683 est
2438 2625 2491 2680 id
2517 2627 2660 2697 quod
2686 2629 2953 2693 continet,
2982 2645 3208 2687 necesse
3232 2643 3316 2688 est
3335 2636 3385 2689 ei
3411 2636 3557 2705 quod

1988 2718 2138 2773 intus
2174 2727 2259 2774 est
2284 2717 2636 2773 conformari.
2670 2719 2783 2791 Age
2806 2721 2981 2786 enim,
3010 2739 3131 2777 cum
3166 2740 3307 2796 aqua
3329 2726 3521 2782 difﬂuit
3542 2771 3556 2792 ,

1988 2812 2033 2866 si
2086 2813 2212 2882 quis
2247 2813 2583 2868 tantumdem
2667 2812 2936 2881 effundat,
2989 2826 3251 2886 quantmn
3304 2818 3557 2881 elabitur,

1988 2919 2165 2974 neque
2214 2911 2392 2960 utrem
2442 2919 2596 2974 aqua:
2638 2905 2929 2961 confertim
2961 2907 3240 2963 exhauriri
3285 2911 3558 2981 patiatur,

1988 3010 2213 3051 necesse
2228 3004 2311 3051 est
2327 2997 2433 3051 tale
2454 2992 2623 3052 videri
2646 2997 2788 3068 quod
2812 2998 3048 3063 additur,
3073 3001 3232 3070 quale
3252 3008 3336 3056 est
3359 3009 3555 3069 totum,

1987 3105 2053 3143 eo
2075 3089 2216 3159 quod
2243 3089 2381 3143 idem
2407 3088 2542 3143 illud
2570 3091 2747 3161 ipsum
2771 3099 2874 3154 est,
2898 3091 3042 3162 quod
3069 3093 3332 3162 continet,
3357 3093 3556 3150 ﬂuente

1915 3211 1959 3273 ο
1990 3196 2053 3235 ac
2084 3181 2360 3235 diﬂluente
2389 3181 2621 3251 liquore.

2060 3274 2161 3340 Qui
2218 3275 2379 3346 igitur
2433 3290 2631 3344 corpus
2671 3291 2795 3329 cum
2852 3275 2937 3330 his
2982 3276 3145 3331 rebus
3192 3274 3439 3332 conferre
3467 3294 3559 3332 vo-

1992 3369 2191 3433 luerit,
2243 3370 2382 3424 citra
2437 3369 2696 3440 pudorem
2737 3369 2905 3423 ullum
2960 3370 3062 3424 hoc
3120 3368 3301 3426 faciet.
3356 3369 3556 3426 Eodem

1991 3462 2190 3531 quippe
2218 3461 2379 3515 modo
2408 3463 2744 3524 alimentum,
2774 3461 2919 3531 quod
2948 3462 3273 3516 amissarum
3312 3463 3557 3517 carnium

1994 3553 2114 3607 loco
2169 3552 2523 3608 substituitur
2551 3592 2565 3615 ,
2627 3552 2682 3607 in
2723 3554 3056 3609 continentis
3111 3552 3297 3609 formae
3336 3556 3557 3625 figuram

1992 3644 2336 3714 speciemque
2369 3651 2634 3697 mutatur.
2668 3642 2748 3697 Ex
2800 3659 2908 3713 quo
2953 3642 3216 3715 quidquid
3267 3645 3323 3698 in
3373 3648 3562 3702 oculos

1992 3735 2342 3802 diﬂ'unditur,
2375 3737 2659 3792 oculorum
2699 3736 2758 3792 fit
2789 3738 2998 3805 simile,
3030 3750 3090 3794 ut
3119 3748 3173 3795 et
3208 3741 3388 3797 vultus
3418 3744 3561 3812 quod

1993 3829 2048 3883 in
2083 3830 2289 3883 vultum
2336 3829 2700 3900 dispergitur:
2742 3844 2806 3885 ac
2842 3838 3162 3886 cretei-orum
3202 3833 3402 3888 similia
3439 3833 3563 3889 red-

1993 3920 2199 3974 duntur
2233 3919 2334 3973 hoc
2376 3919 2572 3985 modo,
2620 3933 2741 3990 quae
2790 3936 2889 3991 per
2938 3921 3026 3976 illa
3073 3922 3431 3993 dissipantur.
3483 3926 3563 3980 Ex

1994 4027 2103 4081 quo
2136 4012 2213 4075 fit,
2238 4020 2298 4065 ut
2328 4011 2469 4067 idem
2496 4024 2619 4068 esse
2649 4013 2873 4069 cuilibet
2898 4015 3164 4080 videatur,
3200 4030 3322 4072 cum
3347 4018 3559 4072 interim

1994 4118 2213 4166 carnes,
2239 4118 2360 4174 quae
2387 4104 2560 4172 prima
2590 4111 2708 4159 erat
2735 4104 2982 4174 corporis
3007 4108 3255 4170 materia,
3281 4124 3391 4163 non
3416 4126 3564 4164 eum-

1994 4195 2115 4250 dem
2155 4202 2357 4252 statum
2384 4196 2695 4261 retineant,
2729 4196 2826 4251 sed
2866 4194 3038 4250 forma
3065 4196 3364 4263 duntaxat,
3398 4214 3428 4251 a
3457 4216 3563 4268 qua

1996 4303 2059 4341 ea
2106 4287 2556 4358 configurantur,
2596 4303 2718 4358 quae
2770 4286 2838 4341 ad
2870 4303 3070 4359 corpus
3121 4289 3407 4353 accedunt.
3442 4290 3563 4346 1am

1997 4392 2126 4432 vero
2182 4378 2229 4433 si
2278 4376 2347 4432 ad
2386 4378 2747 4449 paucissimos
2795 4378 2913 4435 dies
2948 4395 3056 4435 non
3093 4380 3287 4448 iidem,
3324 4383 3477 4452 quad,
3497 4386 3561 4437 ad

1996 4486 2198 4541 corpus
2235 4473 2460 4535 attinet,
2493 4487 2809 4528 maneamus
2831 4513 2846 4537 ,
2880 4474 2973 4529 sed
3024 4474 3139 4527 sola
3192 4490 3312 4544 quac
3348 4478 3564 4545 corpori

322 4559 576 4631 ἐσόμεθα,
617 4556 752 4611 ἀλλὰ
797 4555 935 4610 κατὰ
966 4556 1027 4607 τὸ
1054 4551 1191 4618 εἶδος
1233 4554 1291 4607 τὸ
1316 4556 1410 4608 καὶ
1437 4555 1530 4607 νῦν
1568 4555 1656 4607 ἀεὶ
1696 4554 1890 4607 διασω-

1997 4561 2196 4616 insidet
2226 4561 2437 4616 forma:
2469 4562 2521 4616 id
2563 4562 2706 4617 enim
2745 4577 2910 4615 unum
2954 4562 3023 4616 ab
3061 4573 3181 4617 ortu
3214 4572 3471 4618 constans
3502 4580 3565 4617 ac

322 4650 548 4721 ζόμενον
586 4651 643 4700 ἐν
682 4651 812 4718 ἡμῖν
864 4647 957 4699 καὶ
1003 4647 1176 4717 μένον.
1211 4647 1275 4699 Ὃ
1302 4647 1412 4717 γὰρ
1440 4650 1555 4700 ἐκεῖ
1592 4648 1653 4700 τὸ
1693 4647 1891 4719 δέρμα,

320 4741 479 4792 τοῦτο
509 4738 570 4791 τὸ
624 4734 760 4800 εἶδος
794 4737 1009 4790 ἐνθάδε·
1039 4736 1068 4789 ὃ
1110 4737 1166 4790 δὲ
1212 4738 1326 4789 ἐκεῖ
1374 4738 1435 4790 τὸ
1484 4737 1625 4809 ὕδωρ
1668 4741 1758 4791 ἐπὶ
1795 4740 1895 4809 τῆς

323 4831 557 4895 εἰκόνος,
587 4829 743 4884 τοῦτο
776 4828 1004 4882 ἐνταῦθα
1034 4829 1095 4881 τὸ
1122 4830 1541 4900 προσγινόμενον
1578 4831 1668 4883 καὶ
1701 4831 1894 4899 ἀπογι-

323 4924 564 4992 νόμενον.
600 4923 807 4990 ’Ὡσπερ
837 4918 927 4973 οὖν
951 4921 1044 4973 νῦν
1076 4920 1169 4973 τοῦ
1216 4919 1464 4991 σώματος
1495 4924 1594 4974 ούκ
1622 4921 1771 4986 ὄντος
1801 4922 1892 4975 τοῦ

322 5012 510 5076 αὑτοῦ,
542 5012 688 5081 ὅμως
716 5014 744 5064 ὀ
768 5010 1049 5081 χαρακτὴρ
1076 5011 1104 5062 ὀ
1131 5012 1268 5064 κατὰ
1298 5012 1396 5082 τὴν
1422 5012 1589 5083 αὐτὴν
1625 5011 1835 5084 μορφὴν
1866 5015 1894 5065 ὀ

326 5104 488 5166 αὐτὸς
519 5102 772 5166 σώζεται·
798 5103 968 5165 οὕτως
1002 5104 1050 5154 εί
1084 5102 1177 5154 καὶ
1203 5102 1352 5165 ὄντος
1383 5103 1475 5155 τοῦ
1526 5102 1774 5174 σώματος
1798 5104 1891 5157 τοῦ

326 5196 511 5261 αὑτοῦ,
537 5197 615 5259 εἰς
638 5195 699 5247 τὸ
724 5195 1057 5265 ἐνδοξότερον
1082 5195 1142 5247 τὸ
1171 5191 1307 5258 εἶδος
1340 5195 1591 5266 αύξηθὲν,
1627 5196 1807 5249 οὐκέτι
1836 5199 1892 5249 ἐν

326 5286 567 5356 φθαρτῷ,
601 5285 715 5340 ἀλλ’
739 5286 797 5337 ὲν
828 5285 1027 5338 ἀπαθεῖ
1053 5286 1146 5340 καὶ
1172 5285 1526 5355 πνευματικῷ
1554 5285 1891 5356 δειχθήσεται

328 5379 555 5451 σώματι.
594 5379 800 5449 Ὥσπερ
846 5375 956 5430 οἷον
990 5376 1068 5446 τῷ
1102 5376 1274 5448 Ἰησοῦ
1318 5376 1457 5431 κατὰ
1488 5376 1587 5447 τὴν
1618 5377 1891 5447 μεταμόρ-

1999 4653 2192 4707 stabile
2236 4663 2515 4712 remanet:
2548 4659 2718 4712 multo
2756 4661 2929 4730 magis
2958 4674 3065 4713 non
3098 4660 3257 4714 iidem
3278 4701 3291 4721 ,
3324 4662 3466 4731 quod
3496 4662 3564 4715 ad

1997 4757 2216 4797 carnem
2258 4754 2508 4814 spectat,
2548 4748 2641 4802 illo
2675 4757 2917 4817 tempore
2946 4765 3069 4805 esse
3100 4751 3429 4819 poterimus,
3471 4752 3567 4807 sed

1999 4831 2171 4887 forma
2206 4842 2414 4890 tantum
2440 4874 2454 4897 .
2487 4854 2608 4908 qua:
2637 4839 2692 4893 in
2727 4840 2883 4896 nobis
2913 4853 3174 4912 perpetuo
3224 4842 3382 4897 modo
3429 4856 3566 4897 con-

2002 4932 2251 4979 servatur
2294 4943 2361 4982 ac
2416 4931 2677 4999 persistit.
2726 4930 2860 4985 Nam
2895 4933 3038 5002 quod
3086 4933 3138 4985 in
3177 4932 3444 5003 superiori
3475 4934 3569 4988 illa

2002 5011 2357 5072 similitudine
2402 5018 2557 5086 pellis
2602 5028 2727 5085 est,
2771 5020 2912 5074 idem
2948 5028 3032 5075 est
3072 5020 3173 5074 hoc
3206 5020 3325 5074 loco
3355 5019 3565 5075 forma:

2000 5107 2146 5176 quod
2175 5116 2352 5164 autem
2386 5110 2495 5164 illic
2525 5126 2687 5181 aqua,
2721 5111 2957 5181 idlpsum
2985 5112 3038 5165 in
3074 5112 3352 5181 prOposito
3378 5118 3572 5165 nostro

1999 5199 2130 5253 illud
2163 5210 2283 5262 est.
2319 5202 2479 5271 cujus
2531 5204 2777 5259 accessio
2826 5204 2885 5258 ﬁt
2938 5214 3033 5259 aut
3079 5204 3345 5258 decessio.
3391 5202 3572 5268 Quare

1998 5293 2486 5360 quemadmodum,
2522 5295 2625 5349 etsi
2677 5312 2784 5349 non
2835 5295 2973 5351 idem
3012 5296 3173 5350 modo
3217 5311 3418 5365 corpus
3461 5302 3568 5359 εει,

1996 5380 2185 5437 eadem
2218 5384 2569 5440 nihilominus
2593 5384 2778 5441 forma:
2813 5388 3023 5457 species
3064 5399 3125 5441 ac
3160 5385 3328 5459 figura
3373 5387 3570 5441 retine-

398 5561 414 5591 ¹
453 5559 513 5613 F.
552 5560 731 5630 φύσει.
807 5562 827 5591 ³
853 5560 1070 5615 Mutilus
1110 5560 1281 5615 locus.
1362 5561 1524 5617 aVox
1572 5562 1661 5615 illa
1714 5561 2007 5616 mendosa:

395 5732 503 5799 (ιΗ)
529 5733 637 5786 Καὶ
657 5734 776 5815 ,ἵνα
800 5732 885 5803 μὴ
916 5735 1112 5803 εἴπῃς,
1145 5735 1232 5787 ὅτι
1267 5738 1375 5789 οὐκ
1404 5737 1513 5791 ἀεί.
1555 5737 1757 5793 Desunt
1812 5751 1890 5792 n0;

1990 5738 2089 5794 illa.
2144 5738 2220 5791 Ac
2257 5737 2393 5793 forte
2445 5738 2517 5792 ita
2556 5737 2962 5793 rescribendum
3008 5738 3087 5790 ὅτι
3132 5737 3219 5789 ἀεὶ
3273 5732 3570 5804 διαλαμϐά-

327 5821 405 5858 νει
438 5820 739 5865 σκοτεινως.

647 5899 914 5955 ΡΑτιιοι..
965 5900 1079 5956 Gn.
1142 5900 1302 5959 XLI.

3197 5892 3273 5951 36
