4082 6394
576 342 705 398 “3|

1996 341 2061 395 δ.
2107 340 2441 399 EPIPHANH

3716 342 3862 396 H32

573 472 660 515 tur
683 506 696 527 ,
736 462 808 516 ita
846 463 971 517 licet
1001 478 1107 517 non
1147 459 1289 516 idem
1318 474 1519 529 corpus
1552 467 1803 526 exsistat,
1842 459 2012 513 forma
2032 464 2142 531 ipsa

2252 480 2424 531 φωῖιν
2465 456 2553 532 ἦν,
2590 463 2677 514 ὅτε
2723 462 2802 525 εις
2845 462 2905 514 τὸ
2943 462 3068 532 ὅρος
3108 459 3272 531 ἀνέϐη
3316 458 3456 530 μετὰ
3488 457 3719 527 Πέτρου
3764 460 3863 511 καὶ

574 556 1003 623 praestantiorem
1047 556 1101 609 in
1136 562 1335 610 statum
1374 562 1559 607 evecta
1584 591 1601 616 ,
1647 567 1757 606 non
1802 552 1913 622 jam
1944 553 2144 623 incor-

2250 553 2343 604 τοῦ
2378 553 2656 614 Μωῦσέως
2698 554 2791 605 καὶ
2838 552 2933 605 τοῦ
2977 552 3156 604 Ἡλίου
3199 550 3304 602 τῶν
3347 549 3634 617 ὀφθέντων
3677 546 3855 615 αὐτῷ

573 648 815 716 ruptihili
850 664 1099 717 corpore,
1127 648 1220 703 sed
1249 646 1521 717 passionis
1552 657 1771 716 experte
1803 648 2144 717 spiritalique
2177 646 2684 717 comprehendetur.
2717 646 3033 715 Cujusmodi
3070 644 3231 700 Jesus
3258 645 3468 705 habuit,
3496 650 3631 712 post
3668 651 3858 695 trans-

570 744 951 812 tigurationem
994 744 1133 798 hanc
1162 743 1380 814 quando
1426 743 1479 796 in
1507 752 1744 798 montem
1774 760 1897 798 cum
1935 744 2095 803 Petro
2120 790 2135 814 ,
2187 747 2371 817 Moyse
2410 756 2464 801 et
2502 744 2616 799 Elia
2640 786 2655 808 ,
2689 745 2780 812 qui
2827 754 2941 797 tum
2975 746 3048 799 illi
3083 752 3474 814 apparuerunt,
3508 743 3787 796 ascendit
3816 730 3874 793 ¹.¹

642 834 884 890 XXXIX.
933 835 1038 891 Sed
1086 836 1153 890 de
1203 837 1290 891 his
1343 836 1648 893 hactenus:
1698 838 1811 892 haec
1865 841 2009 893 enim
2063 850 2147 896 est

572 924 823 993 Origcnis
851 926 1166 997 dogmatum
1199 943 1413 981 summa
1450 928 1885 997 comprehensio.
1914 928 2069 997 Quod
2099 931 2146 986 si

571 1020 696 1088 quis
752 1019 1187 1073 adversariorum
1239 1019 1441 1073 Christi
1499 1034 1699 1090 corpus
1754 1021 2017 1089 objiciat,
2080 1038 2147 1077 eo

570 1111 717 1181 quod
748 1110 907 1181 562
930 1112 1303 1178 primogenitus
1326 1120 1654 1165 mortuorum
1677 1130 1738 1165 ac
1760 1114 2009 1181 primitire
2030 1116 2150 1169 dor-

571 1200 841 1252 mientium
863 1199 1160 1268 appelletur
1186 1201 1230 1259 ',
1271 1201 1452 1268 itaque
1478 1202 1699 1271 colligat
1726 1222 1739 1256 :
1782 1202 2147 1267 Quemadmo-

556 1290 701 1344 dum
730 1290 817 1344 ille
848 1290 1146 1344 resurrexit
1172 1329 1185 1351 .
1229 1290 1302 1343 ita
1348 1298 1403 1345 et
1436 1300 1807 1346 resurrectura
1838 1300 2032 1347 czetcra
2063 1293 2146 1347 vi-

570 1380 709 1442 deri,
748 1390 805 1434 ut
840 1378 1110 1449 quomodo
1133 1378 1387 1435 Christus
1427 1381 1767 1447 resurrexit,
1799 1382 1881 1436 sic
1919 1392 1973 1437 et
2002 1380 2143 1439 Deus

571 1479 817 1526 mortuos
866 1485 963 1539 per
1013 1468 1201 1525 Jcsum
1254 1470 1489 1524 adducat
1526 1471 1579 1537 ³;
1624 1487 1747 1526 cum
1804 1472 1923 1541 ipso
1974 1487 2141 1543 porro

566 1561 697 1618 Jesu
725 1578 925 1633 corpus
962 1564 1043 1618 sic
1088 1578 1211 1617 esse
1239 1578 1268 1617 a
1312 1562 1544 1619 mortuis
1581 1563 1874 1618 excitatum
1902 1603 1917 1629 ,
1951 1564 2143 1619 iisdem

571 1656 650 1708 nti
678 1655 937 1709 carnibus
964 1695 978 1719 ,
1010 1657 1340 1726 ossibusque
1371 1664 1685 1721 constaret,
1726 1656 1777 1711 id
1819 1656 1964 1727 quod
1994 1656 2143 1713 Tho-

570 1762 669 1801 une
692 1762 1011 1816 persuasum
1042 1746 1204 1802 fuerit
1235 1764 1250 1813 ;
1282 1763 1383 1803 nos
1408 1747 1474 1801 ad
1501 1762 1566 1803 ea
1592 1748 1672 1802 sic
1697 1747 2141 1817 respondeamus:

568 1838 775 1892 Christi
808 1853 1148 1909 corpus‘non
1175 1854 1241 1893 ex
1276 1840 1552 1893 voluntate
1584 1839 1747 1904 viri‘,
1782 1854 1846 1894 ac
1870 1840 2145 1909 voluptate

568 1932 853 2000 somnique
880 1931 1267 2001 congressione
1305 1930 1360 1985 in
1391 1930 1773 2001 iniquitatibus
1798 1946 1921 1986 esse
1949 1946 2145 1987 susce-

566 2033 719 2092 ptum
748 2024 793 2086 ',
834 2031 890 2077 et
939 2022 996 2076 in
1044 2022 1283 2091 peccatis
1337 2022 1581 2092 genitum
1626 2023 1669 2085 ⁸,
1717 2022 1812 2077 sed
1843 2024 1909 2077 de
1936 2023 2143 2092 Spiritu

566 2096 759 2170 sancto
778 2124 834 2170 et
854 2114 1120 2170 Altissimi
1142 2116 1341 2169 virtute
1356 2115 1399 2179 ",
1427 2129 1492 2168 ac
1511 2112 1733 2184 Virgine
1762 2122 2143 2184 procreatum;

554 2218 721 2261 .tnum
750 2215 930 2262 autem
965 2221 1161 2262 somno
1198 2220 1263 2260 ac
1298 2205 1579 2276 voluptate
1609 2205 1974 2274 sordibusque
2007 2218 2144 2259 con«

567 2309 735 2353 stare.
796 2297 969 2363 Quam
1019 2297 1091 2353 ob
1146 2311 1371 2353 causam
1408 2296 1625 2366 sapiens
1685 2295 1775 2351 ille
1814 2295 2005 2351 Sirach
2070 2297 2145 2351 ita

548 2387 885 2456 pronuntiat
913 2403 925 2438 :
953 2382 1087 2440 Cum
1117 2385 1256 2439 enim
1291 2386 1543 2438 morietur
1576 2384 1729 2439 homo
1752 2424 1768 2450 ,
1810 2384 2144 2439 Inereditabit

563 2488 861 2545 serpentes,
908 2488 957 2531 et
1001 2476 1226 2542 bestias,
1266 2486 1315 2531 et
1351 2492 1543 2531 vermes
1568 2477 1609 2529 ⁸.
1652 2477 1733 2530 Ad
1780 2477 1894 2532 haec
1924 2492 2143 2532 Lxxxvn

565 2566 775 2633 psalmo
803 2584 816 2618 :
851 2564 1105 2636 Nunquid
1142 2568 1365 2619 mortuis
1397 2566 1559 2635 [aries
1591 2567 1883 2631 mirabilia,
1915 2580 2001 2621 aut
2038 2585 2145 2622 me-

563 2654 670 2707 dici
704 2654 1031 2707 suscitabunt
1069 2662 1118 2707 et
1146 2654 1534 2722 conﬁtebuntur
1564 2653 1703 2708 tibi?
1737 2652 1991 2722 Nunquid
2019 2670 2144 2706 nar-

566 2743 703 2797 rabit
757 2743 948 2813 aliquis
1000 2743 1054 2796 in
1099 2741 1337 2811 sepulcro
1391 2740 1811 2796 misericordiam
1860 2752 2045 2804 tuam,
2094 2750 2145 2795 et

566 2836 832 2888 veritatem
864 2844 1007 2888 tuam
1034 2833 1086 2887 in
1108 2834 1439 2902 perditione?
1470 2831 1724 2901 Nunquid
1768 2842 2144 2902 cognoscentur

565 2927 616 2979 in
653 2926 873 2980 tenebris
924 2926 1195 2979 mirabilia
1235 2934 1327 2979 tua
1353 2966 1369 2990 ,
1408 2934 1457 2979 et
1508 2924 1729 2994 justitia
1767 2933 1859 2977 tua
1899 2924 1955 2977 in
2003 2933 2144 2977 terra

564 3018 842 3073 oblivionis
876 3017 941 3071 οἳ
970 3017 1249 3087 Ejusmodi
1294 3025 1349 3072 et
1380 3018 1485 3071 alia
1521 3015 1813 3087 Scriptura:
1845 3016 2008 3071 verba
2035 3016 2146 3069 cui-

2322 841 2446 894 ΛΘ.
2484 841 2590 893 Καὶ
2632 840 2805 893 ταῦτα
2857 840 2955 909 μὲν
3004 839 3163 909 μέχρι
3203 837 3456 890 τοσούτου
3502 835 3857 902 διεσκέςρθω.

2251 930 2435 992 Οὕτως
2465 928 2573 997 γὰρ
2612 930 2687 991 ὡς
2734 930 2790 980 ἐν
2825 927 3102 996 κεφαλαίῳ
3140 926 3247 978 τῶν
3291 924 3613 996 Ὡριγένονς
3643 924 3861 989 δογμασ

2249 1020 2512 1089 τισμῶνὸ
2556 1019 2699 1080 νοῦς.
2746 1019 2870 1071 Ἐὰν
2914 1018 2970 1070 δέ
3019 1034 3103 1077 τις
3157 1016 3263 1068 τῶν
3309 1012 3858 1083 ἀμφισϐητούντων,

2251 1111 2680 1182 προόαλλόμενος
2715 1110 2774 1163 τὸ
2811 1108 2971 1179 σῶμα
3020 1107 3114 1161 τοῦ
3163 1105 3418 1177 Χριστοῦ,
3448 1104 3542 1157 διὰ
3586 1103 3657 1156 τὸ
3693 1118 3860 1171 xpu-

2250 1202 2498 1255 τότοκον
2527 1198 2645 1253 τῶν
2669 1198 2897 1267 νεκρῶν
2936 1198 3034 1251 καὶ
3069 1196 3352 1265 ἀπαρχὴν
3379 1195 3544 1248 αὐτὸν
3586 1194 3861 1264 εἰρῆσθαι

2250 1290 2369 1343 τῶν
2412 1290 2876 1359 κεκοιμημένων,
2916 1290 3101 1358 λέγοι,
3151 1289 3255 1353 ὅτι,
3313 1287 3573 1356 καθάπερ
3638 1289 3861 1347 ἐκεῖνος

2250 1383 2473 1451 ἀνέστη,
2497 1383 2590 1433 καὶ
2608 1382 2676 1433 τὰ
2700 1382 2875 1434 πάντα
2898 1380 3160 1443 ὡσαύτως
3187 1381 3363 1431 έκεῖνο
3388 1378 3497 1430 δεῖν
3524 1380 3859 1447 προσδοκᾷν

2250 1470 2665 1542 ἀναστήσεσθαι,
2703 1472 2808 1535 ἵνα,
2840 1471 3027 1542 ὥσπερ
3056 1470 3285 1541 Χριστὸς
3310 1470 3639 1539 ἐγήγερται,
3676 1468 3861 1529 οὕτως

2252 1565 2346 1617 καὶ
2370 1566 2399 1616 ὁ
2428 1564 2561 1627 Θεὸς
2592 1566 2718 1627 τοὺς
2752 1563 3111 1634 κοιμηθέντας
3132 1563 3220 1616 διὰ
3246 1561 3337 1615 τοῦ
3380 1560 3556 1629 Ἰησοῦ
3595 1560 3723 1622 ἄξει
3760 1561 3861 1611 σὺν

2250 1654 2400 1724 αὑτῴ
2424 1671 2435 1684 ⁸
2470 1656 2765 1724 ἐγήγερται
2793 1654 2848 1706 δὲ
2887 1655 2949 1705 τὸ
2988 1651 3081 1705 τοῦ
3129 1651 3324 1719 Ἰησοῦ,
3355 1650 3450 1703 καὶ
3483 1649 3589 1711 τὰς
3629 1650 3860 1717 σάρκας

2250 1745 2315 1809 ἃς
2350 1742 2482 1816 εἶχε,
2511 1747 2604 1798 καὶ
2636 1746 2704 1797 τὰ
2725 1745 2877 1808 ὀστᾶ,
2918 1743 3170 1813 καθάπερ
3203 1741 3428 1809 ἐπείσθη
3463 1741 3558 1791 καὶ
3592 1740 3821 1809 Θωμᾶς
3843 1756 3857 1766 ·

2250 1840 2525 1910 λέξωμεν·
2582 1838 2741 1890 Ἀλλὰ
2770 1838 2831 1890 τὸ
2876 1836 2970 1889 τοῦ
3029 1833 3265 1905 Χριστοῦ
3300 1833 3457 1903 σῶμα
3503 1833 3601 1884 οὐ)
3662 1827 3736 1901 ἦν
3796 1833 3862 1882 ἐκ

2247 1931 2552 2001 Οελήματος
2581 1930 2791 2001 ἀνδρὸς,
2817 1928 3008 1999 ἡδονῆς
3039 1926 3191 1995 ὕπνῳ
3216 1923 3600 1993 συνελθούσης,
3630 1924 3693 1974 ὲν
3728 1923 3859 1973 ἀνο-

2249 2023 2398 2093 μίαις
2423 2020 2740 2090 σνλληφθὲν,
2775 2022 2869 2074 καὶ
2893 2017 3152 2087 κισσηοὲν
3174 2019 3232 2069 ὲν
3263 2015 3584 2085 ἁμαρτίαις,
3608 2013 3761 2066 ἀλλὰ
3796 2014 3860 2063 ἐκ

2246 2116 2562 2183 Πνεῦματος
2591 2112 2766 2180 ἁγίου,
2807 2111 2899 2164 καὶ
2936 2110 3215 2180 δυνάμεως
3256 2107 3532 2176 Ὑψίστου,
3560 2106 3665 2156 καὶ
3697 2106 3858 2172 Παρ-

2247 2205 2420 2257 Θένου.
2450 2205 2523 2257 Τὸ
2549 2204 2604 2257 δὲ
2638 2203 2727 2256 σὺν
2771 2202 2939 2265 ὕπνος
2973 2202 3113 2263 ἐστὶ,
3161 2200 3253 2253 καὶ
3286 2199 3465 2270 ἡδονὴ,
3507 2198 3607 2249 καὶ
3646 2197 3855 2265 ῥύπος.

2246 2297 2356 2351 Καὶ
2392 2297 2479 2349 διὰ
2514 2296 2667 2349 τοῦτο
2687 2296 2781 2348 καὶ
2807 2297 2836 2348 ὁ
2865 2293 3025 2362 σοφὸς
3048 2292 3267 2364 Σειρὰχ,
3311 2292 3413 2343 Ἐν
3435 2290 3546 2358 τὰρ
3574 2286 3667 2351 τῷ
3694 2288 3857 2341 ἀπε-

2245 2388 2534 2454 θνήσκειν
2566 2388 2896 2455 ἄνθρωπον,
2922 2384 3349 2453 ἁποᾳθέγγεται,
3381 2379 3857 2447 κληρονομήσει

2247 2483 2484 2550 ἑρπετὰ,
2515 2480 2615 2532 καὶ
2654 2479 2847 2547 θηρία,
2882 2477 2979 2530 καὶ
3024 2474 3346 2541 σκώληκας
3369 2490 3381 2501 ·
3410 2472 3504 2525 καὶ
3535 2473 3594 2523 ὲν
3641 2471 3855 2541 ὀγδοη-

2246 2573 2422 2642 κοστῷ
2447 2570 2647 2641 ψαλμῷ
2693 2570 2902 2639 ἑϐδόμῳ
2927 2586 2939 2599 ·
2973 2568 3067 2635 Μὴ
3102 2566 3226 2633 τοῖς
3268 2565 3498 2633 νεκροῖς
3550 2564 3857 2629 ποιήσεις

2245 2663 2565 2732 θαυμάσια,
2610 2662 2646 2731 ἢ
2679 2660 2866 2729 ἰατροὶ
2905 2659 3345 2725 ἀναστήσουσι,
3396 2654 3495 2707 καὶ
3542 2655 3857 2723 ἐξομολο-

2244 2755 2533 2825 γήσονταί
2550 2771 2645 2807 σοι
2662 2770 2678 2815 ;
2697 2753 2792 2820 Μὴ
2815 2751 3167 2820 διηγήσεταί
3188 2767 3275 2814 τις
3290 2749 3360 2801 ἐν
3382 2746 3548 2814 τάξῳ
3564 2745 3639 2799 τὸ
3663 2747 3855 2811 ἔλεός

2245 2862 2381 2909 σου,
2416 2847 2513 2899 καὶ
2543 2846 2655 2913 τὴν
2695 2842 2987 2909 ἀλήθειάν
3018 2858 3134 2895 σου
3176 2842 3245 2894 ἐν
3282 2838 3356 2907 τῇ
3393 2839 3715 2904 ἀπωλείᾳς
3748 2840 3853 2904 Μὴ

2245 2936 2657 3006 γνωσθήσεται
2685 2936 2754 2989 ἐν
2782 2934 2861 2999 τῷ
2891 2935 3093 2987 σκότει
3124 2932 3196 2985 τὰ
3227 2928 3527 2998 θαυμάσιὰ
3556 2946 3715 2991 σου,
3748 2932 3851 2981 καὶ

2246 3030 2283 3096 ἡ
2339 3028 2695 3093 δικαιοσύνη
2748 3040 2864 3079 σου
2915 3026 2985 3077 ἐν
3040 3023 3117 3094 γῇ
3170 3020 3675 3090 ὲπιλελησμένῃς
3737 3023 3854 3073 Καὶ

568 3110 698 3165 libet
730 3111 985 3181 colligere
1014 3110 1177 3175 licet,
1212 3127 1303 3176 ne,
1326 3111 1372 3166 si
1402 3111 1583 3165 omnia
1607 3111 1827 3180 copiose
1858 3110 2142 3178 complecti

2249 3120 2409 3191 ἕτερα
2435 3120 2490 3171 δὲ
2524 3119 2743 3189 ῥήματα
2774 3114 2999 3169 τοιαῦτα
3028 3114 3104 3182 τῷ
3143 3112 3446 3183 βουλομένῳ
3480 3111 3759 3178 συνάγειν
3786 3113 3853 3161 ἐκ

558 3216 630 3255 ac
678 3217 1107 3258 commemorare
1160 3202 1432 3267 velimus,
1491 3200 1752 3271 majorem
1809 3202 1865 3255 in
1920 3202 2140 3255 modum

546 3302 846 3349 excrescat
875 3294 1071 3347 oratio.

1023 3495 1268 3567 Sequitur
1294 3512 1357 3550 ea:
1398 3494 1451 3549 Μ
1456 3494 1681 3549 ethodio.

638 3611 748 3666 XL.
781 3610 916 3665 Cum
962 3609 1189 3665 Proclus
1239 3624 1380 3679 aegre
1432 3607 1647 3662 dicendi
1706 3607 1864 3662 finem
1903 3605 2139 3672 fecisset,

564 3704 658 3758 diu
706 3704 774 3759 iis
820 3703 913 3773 qui
960 3702 1186 3757 aderant
1236 3700 1587 3765 tacentibus,
1640 3706 1694 3755 et
1731 3699 1800 3753 ad
1836 3698 2144 3753 infidelita-

549 3805 675 3850 .tem
712 3792 926 3849 abunde
966 3794 1252 3863 proStratis
1276 3833 1290 3857 ,
1324 3800 1679 3862 posteaquam
1727 3790 1958 3846 desiisse
1991 3791 2140 3844 illum

550 3885 960 3951 animadverti,
1010 3885 1211 3942 sensim
1244 3891 1409 3955 caput
1440 3884 1695 3939 attollens
1737 3898 1801 3938 ac
1838 3883 2140 3954 respirans,

569 3991 627 4036 ut
668 3981 705 4035 ii
752 3980 845 4051 qui
890 3979 947 4033 in
983 3978 1119 4032 mari
1152 3978 1448 4046 navigant,
1485 3976 1579 4031 ubi
1636 3975 1817 4031 sedari
1840 3983 2142 4045 tempestas

566 4073 774 4143 coepit,
830 4052 1069 4125 tremens
1109 4069 1290 4124 adhuc
1341 4068 1701 4124 nihilominus
1759 4081 1823 4120 ac
1875 4068 2143 4137 vertigine

565 4171 851 4234 correptus
882 4162 979 4234 (ut
1008 4162 1153 4216 enim
1183 4160 1329 4231 quod
1364 4176 1451 4216 res
1482 4168 1564 4217 est
1599 4160 1831 4229 ingenue
1866 4158 2022 4214 vobis
2063 4158 2140 4210 fa-

552 4263 704 4317 tear,
736 4261 887 4307 tanta
917 4252 1131 4307 dicendi
1165 4253 1323 4323 copia
1364 4267 1427 4306 ac
1456 4252 1712 4305 facultate
1747 4250 2033 4321 perculsus
2078 4265 2142 4303 ac

558 4344 713 4398 velut
736 4344 966 4398 obrutus
998 4343 1255 4409 fueram),
1286 4341 1352 4397 ad
1386 4340 1715 4396 Auxentium
1739 4355 2057 4403 conversus.
2088 4347 2142 4395 et

565 4451 691 4489 eum
719 4434 1028 4504 appellans,
1056 4432 1290 4487 Auxenti
1315 4473 1330 4498 ,
1359 4433 1602 4502 inquam,
1636 4446 1745 4486 non
1775 4438 1980 4487 temere
2006 4446 2136 4503 poe-

558 4528 732 4579 ticum
763 4524 894 4579 illud
917 4532 1238 4593 usurpatum
1267 4524 1503 4577 arbitror
1530 4540 1544 4577 :

918 4631 1057 4685 Dum
1072 4633 1248 4702 juncti
1268 4642 1550 4702 properant
1578 4631 1752 4686 ambo.

2245 3210 2350 3264 τῶν
2397 3209 2627 3281 Γραφῶν
2655 3211 2914 3277 πάρεστιν
2940 3207 3059 3267 ὅσα,
3091 3206 3178 3256 ἵνα
3208 3203 3282 3274 μὴ
3314 3203 3531 3255 πάντων
3555 3204 3735 3271 ἡμεῖς
3771 3205 3854 3262 εἰς

2246 3300 2445 3369 πλῆθος
2480 3298 2932 3370 μνημονεύοντες,
2965 3295 3363 3348 πολυπλασίονα.
3386 3294 3851 3363 τῶνεεὶρη

2245 3392 2569 3462 αὐξήσωμεν
2595 3390 2772 3458 λόγον.

2674 3502 2900 3557 Λοιπὸν
2938 3502 3229 3556 Μωοδίου
3263 3499 3398 3569 (42).

2314 3618 2402 3671 Μ’.
2450 3617 2537 3679 Ὠς
2574 3613 2665 3669 οὖν
2714 3616 2987 3669 ἐπαύσατο
3030 3616 3188 3685 μόγις
3229 3614 3321 3666 καὶ
3352 3615 3380 3665 ὁ
3431 3612 3709 3683 Πρόκλος,
3750 3614 3851 3666 καὶ

2246 3712 2371 3781 σιγὴ
2421 3711 2528 3763 τῶν
2582 3710 2864 3778 παρόντων
2909 3705 2975 3778 ἦν
3022 3709 3114 3761 ἐπὶ
3165 3706 3318 3770 πολὺ,
3373 3704 3852 3775 καταδληθέντων

2245 3801 2445 3864 ἱκανῶς
2474 3799 2609 3870 πρὸς
2634 3799 2908 3858 ἀπιστίαν,
2944 3799 3036 3851 καὶ
3064 3796 3174 3865 ἐγὼ
3193 3794 3460 3867 ᾐσθόμην,
3492 3794 3577 3845 ὅτι
3606 3793 3691 3863 τῷ
3725 3794 3853 3847 ὄντι

2244 3892 2593 3961 πεπαυμένος
2616 3890 2731 3959 εἴην
2761 3890 2824 3952 ⁸⁸,
2850 3889 3030 3960 ἡρέμα
3067 3889 3166 3959 τὴν
3204 3886 3440 3956 κεφαλὴν
3473 3885 3695 3954 ἐπάρας
3750 3887 3853 3939 καὶ

2244 3982 2607 4045 ἀναπνεύσας,
2663 3982 2851 4052 ὥσπερ
2895 3983 2942 4033 οἱ
2994 3980 3247 4043 πλέοντες
3284 3978 3377 4031 τοῦ
3440 3977 3694 4047 κύματος
3742 3979 3850 4049 ἤδη

2243 4078 2550 4147 λωφῶντος,
2610 4076 2932 4146 ὑποτρέμων
2976 4075 3053 4127 ἔτι
3108 4075 3200 4127 καὶ
3247 4070 3629 4139 σκοτιζόμενος
3696 4073 3852 4135 (ἐϐε-

2244 4172 2458 4241 ϐλήμην
2488 4170 2615 4238 γὰρ,
2666 4168 2738 4231 ὼς
2793 4168 2927 4237 πρὸς
2975 4168 3119 4236 ὑμᾶς
3155 4165 3409 4236 εἰρήσθω,
3445 4165 3509 4233 τῇ
3558 4163 3849 4233 δεινότητι

2244 4261 2351 4313 τῶν
2384 4259 2556 4327 λόγων
2586 4257 3045 4327 κατηντλημένος)
3072 4272 3084 4285 ·
3118 4255 3388 4324 τρέπομαι
3424 4252 3558 4323 πρὸς
3602 4253 3703 4305 τὸν
3736 4256 3850 4307 Αὑ-

2246 4352 2466 4417 ξὲντιον,
2512 4349 2607 4401 καὶ
2643 4348 2880 4409 καλέσας
2927 4348 3109 4408 αὑτὸν,
3147 4340 3217 4397 Ὦ
3268 4344 3542 4409 Αὐξέντιε,
3597 4346 3847 4413 νομίζω,

2245 4444 2406 4515 ἔφην,
2440 4442 2513 4514 μὴ
2552 4444 2729 4513 μάτην
2754 4440 3000 4511 λελέχθαι
3027 4440 3087 4493 τὸ
3118 4437 3417 4511 ποιητικὸν,

2598 4641 2722 4693 Σύν
2744 4656 2805 4692 τε
2837 4636 3008 4692 δυοῖν
3033 4634 3377 4706 ἐρχομένων
3399 4634 3461 4686 ¹¹.

562 4747 683 4801 “Duo
713 4746 913 4817 quippe
942 4745 1240 4801 adversarii
1270 4755 1419 4801 sunt.
1454 4744 1635 4811 Quare
1672 4744 1956 4799 amborum
2000 4746 2142 4803 vires

2249 4749 2357 4802 Καὶ
2397 4749 2503 4819 γὰρ
2541 4751 2590 4801 οἱ
2615 4748 3009 4817 ἀνταγωνισταὶ
3036 4746 3146 4799 δύο.
3182 4747 3270 4799 Διὸ
3300 4745 3479 4808 σθένος
3524 4746 3849 4817 ἀμφότεροι

566 4839 831 4892 ambobus
885 4838 1042 4892 nobis
1076 4837 1411 4891 sustinendae
1466 4847 1611 4893 sunt.
1647 4835 1725 4891 Te
1770 4838 1915 4892 enim
1952 4854 2142 4908 pugnae

2249 4840 2571 4910 ἀμφοτέρων
2601 4841 2887 4909 ἐπέχομεν.
2915 4838 3388 4907 Συναντιληπτορα
3418 4836 3524 4906 γὰρ
3548 4839 3647 4889 καὶ
3708 4854 3850 4890 συν-

562 4932 829 4986 adversus
869 4930 989 4985 illos
1036 4938 1089 4983 et
1116 4929 1435 4985 certaminis
1464 4930 1767 5000 adjutorem
1807 4937 1861 4985 et
1908 4931 2145 5001 opitula-

635 5086 653 5118 ¹
688 5085 879 5139 Matth.
916 5101 1048 5145 xvu.
1070 5086 1110 5156 Ai
1139 5101 1283 5156 sqq.;
1319 5084 1485 5139 Marc.
1514 5101 1589 5156 ix,
1622 5085 1647 5138 1
1677 5100 1799 5156 sqq.
1877 5086 1897 5117 '
1928 5062 2099 5156 .Apoc.
2141 5103 2180 5153 I,
2206 5087 2269 5155 5;
2327 5085 2498 5142 lCor.
2536 5104 2625 5150 xv,
2651 5087 2742 5143 20.

1746 5100 1799 5211 qs.
1878 5100 1897 5117 ·
1930 5100 2099 5212 Apicio.
2141 5106 2142 5110 η

1924 5157 1945 5189 ⁸
1998 5157 2012 5171 ‘
2048 5157 2141 5213 cli.

2254 5105 2269 5155 ;
2327 5100 2498 5142 tuor.
2536 5104 2625 5150 xv,
2651 5100 2742 5143 πυ.
2840 5100 2861 5119 ⁸
2888 5100 2905 5140 l
2937 5100 3102 5141 't'nes.
3132 5102 3204 5154 Iv,
3251 5100 3339 5139 1's.
3416 5100 3439 5116 υ
3466 5100 3628 5139 Joan.
3663 5100 3703 5144 l.
3748 5100 3843 5142 15.

2249 5156 2377 5223 ,13.
2454 5160 2475 5191 ⁹
2514 5156 2660 5214 Psal.
2685 5174 2931 5224 Lxxxvu,
2964 5158 3151 5212 11-15.
3229 5155 3275 5188 ³⁸
3302 5154 3360 5211 F.
3400 5157 3510 5226 εἴη.
3575 5157 3617 5186 ¹¹
3649 5155 3728 5209 lt.
3764 5162 3843 5212 Κ.

561 5159 582 5189 ³
618 5156 748 5228 Sap.
772 5173 871 5220 vn,
904 5156 958 5209 2.
1030 5154 1299 5221 'PsalJL,
1333 5156 1386 5208 7.
1463 5157 1483 5189 ⁷
1513 5155 1645 5211 Luc.
1690 5173 1727 5221 ι,

632 5336 774 5408 (42)
840 5335 1113 5408 deinde“
1162 5336 1479 5390 Μεθοδίου.
1533 5333 1810 5390 Hactenus
1876 5336 2128 5391 Proclus.

558 5405 829 5477 Deinceps
863 5405 1348 5477 Methodiiparles
1383 5413 1531 5477 sunt,
1581 5408 1675 5475 qui
1720 5407 1988 5477 adversus
2012 5408 2134 5459 ()ri-

557 5476 1028 5548 gnnem'disserit,
1060 5476 1220 5548 cujus
1253 5476 1615 5548 patrocinium
1631 5492 1677 5548 _a
1717 5476 1910 5531 Proclo
1946 5492 2135 5548 susce-

560 5546 710 5617 ptum
744 5548 906 5617 paulo
929 5555 1049 5614 post
1083 5547 1301 5599 indicat.
1340 5547 1535 5617 verum
1561 5547 1606 5601 si
1630 5546 1807 5599 Procli
1831 5554 1915 5599 est
1940 5563 2001 5600 ea
2025 5547 2139 5600 dis-

561 5616 790 5685 putatio,
824 5633 945 5686 qua:
977 5633 1005 5669 a
1037 5632 1188 5670 num.
1227 5616 1291 5669 l7
1317 5616 1382 5669 ad
1426 5617 1571 5686 hunc
1612 5633 1784 5685 usque
1817 5618 2136 5686 pertexitur,

562 5684 669 5740 non
717 5684 875 5741 video
924 5686 1379 5754 quemadmodum
1411 5684 1661 5754 Origenis
1702 5684 1927 5741 causam
1961 5687 2142 5741 defen-

560 5755 686 5822 dat,
714 5772 840 5812 cum
868 5756 987 5826 ejus
1017 5756 1213 5828 dogma
1244 5755 1581 5813 validissime
1613 5757 1844 5824 refellat,
1872 5767 1925 5813 ct
1955 5773 2141 5812 resur-

2249 4934 2552 5003 αγωνιστὴν
2582 4932 2841 5004 αἱροῦμαί
2894 4948 2952 4984 σε
2974 4931 3072 5000 τῆς
3103 4930 3238 4999 πρὸς
3266 4930 3459 4992 αὐτοὺς
3500 4928 3709 4999 μάχης,
3768 4931 3850 5001 μὴ

2840 5087 2861 5119 ³
2888 5088 2905 5140 l
2936 5085 3102 5141 Thes.
3132 5102 3204 5154 Iv,
3251 5085 3339 5139 15.
3416 5085 3439 5116 δ
3466 5084 3628 5139 Joan.
3663 5100 3703 5144 ι,
3748 5089 3844 5142 13.

2241 5336 2539 5391 rectionem
2578 5350 2867 5406 corporum
2907 5334 3156 5389 afﬁrmet.
3203 5333 3311 5389 Sed
3346 5348 3525 5406 neque
3561 5330 3847 5406 methodii

2240 5422 2586 5476 consequens
2617 5401 2877 5460 refutatio
2926 5405 2993 5458 ad
3041 5401 3453 5459 antecedentem
3480 5401 3667 5476 Procli
3709 5419 3847 5457 ser-

2242 5474 2458 5530 monem
2510 5479 2775 5546 pertinet;
2831 5485 2884 5529 et
2923 5476 3319 5546 AglaOpbontis
3354 5474 3658 5546 orationem
3693 5488 3846 5546 con-

2243 5548 2434 5605 vincit.
2470 5543 2590 5614 qua:
2622 5548 2767 5601 nulla
2802 5547 2888 5600 hic
2914 5543 3115 5600 exstat.
3152 5544 3253 5598 Hic
3286 5546 3451 5614 igitur
3484 5543 3687 5614 haereo.
3723 5544 3842 5614 _At-

2245 5632 2351 5685 que
2373 5626 2465 5670 aut
2490 5612 2845 5687 transposita,
2875 5624 2967 5669 aut
2988 5617 3193 5687 omissa
3215 5612 3475 5687 pleraque
3503 5613 3624 5667 istic
3659 5612 3842 5668 fuisse

2246 5688 2541 5741 verisimile
2593 5685 2696 5742 est.
2758 5688 2907 5751 Quae,
2964 5689 3011 5740 si
3051 5685 3314 5742 Methodii
3366 5685 3508 5741 liber
3559 5691 3840 5749 exstaret,

2249 5757 2490 5813 discerni
2540 5756 2930 5819 elncndariuue
2958 5764 3202 5824 possent.
