4082 6394
312 400 453 457 1153

1004 400 1374 459 ADVERSUS
1411 399 1751 460 HIERESES
1790 403 1898 457 LIB

2009 445 2025 458 .
2065 400 2229 458 TOM.
2269 400 2311 454 Ι.
2351 430 2419 442 —
2457 398 2731 454 HIERES.
2770 395 2954 452 LXIV.

3429 393 3569 450 1158

311 519 446 589 ἡμῖν
474 520 503 570 ό
537 516 846 587 Ἀγλαοφῶν
885 517 1020 589 μετά
1059 520 1302 591 Πρόκλου
1326 522 1419 576 καὶ
1444 523 1751 594 Ὠριγένους
1780 525 1891 585 τοῖς

2006 527 2169 575 torem
2195 519 2359 589 eligo,
2392 533 2461 573 ne
2485 516 2802 588 Aglaophon
2829 528 2952 567 cum
2986 509 3180 564 Proclo
3214 516 3267 564 et
3313 507 3568 581 Origene,

312 610 433 681 ἅμα
462 613 774 682 τρεπτικοῖς
801 612 815 641 ¹
862 612 983 664 καθ’
1008 613 1167 682 ἡμῶν
1197 613 1540 685 ὡπλισμένος
1566 616 1746 683 λόγοις
1802 616 1896 669 ὲκ-

314 700 457 770 πέσῃ
487 700 507 730 ¹
542 700 640 770 τὴν
687 700 1000 755 ἀνάστασιν.
1039 703 1173 770 Ἀγε
1209 698 1303 755 οὖν
1335 702 1900 775 ἀντιπαραταξώμεθα

312 792 427 851 τοῖς
456 790 782 857 σοφίσμασιν
815 790 1014 853 αὐτῶν,
1054 791 1220 861 μηδὲν
1262 791 1370 843 τῶν
1405 790 1782 858 ἀντιλογικῶν,
1817 785 1900 853 οἷς

311 878 480 931 δειλοὶ
519 878 820 947 βάλλονται,
855 880 1201 951 φοϐηθέντες.
1239 883 1348 935 Καὶ
1385 882 1495 953 γὰρ
1528 883 1678 935 οὐδὲν
1712 884 1770 935 ἐν
1802 881 1900 934 αὺ-

314 974 429 1034 τοῖς
458 972 607 1039 ὑγιὲς
631 972 751 1024 ούδέ
784 973 998 1040 πάγιον,
1030 973 1165 1027 ἀλλά
1206 974 1480 1043 φαντασία
1512 973 1672 1044 μόνον
1700 974 1901 1045 εὐπρε-

316 1060 429 1130 πὴς
461 1060 720 1131 ῥημάτων
753 1062 890 1132 πρὸς
924 1061 1256 1131 κατάπληξιν
1288 1061 1395 1114 τῶν
1450 1059 1773 1123 ἀκουόντων,
1808 1058 1900 1111 καὶ

312 1149 493 1203 πειθὼ
542 1152 1049 1223 κατεσκευασμένη,
1097 1154 1157 1205 οὐ
1192 1153 1290 1224 τῆς
1341 1152 1599 1222 ἀληθείας
1642 1152 1763 1205 οὐδὲ
1804 1150 1897 1203 τοῦ

316 1240 693 1312 συμφέροντος
739 1243 919 1314 χάριν,
963 1243 1101 1296 ἀλλὰ
1144 1241 1238 1296 τοῦ
1284 1241 1453 1305 δεῖξαι
1504 1243 1617 1304 τοῖς
1663 1239 1900 1311 παροῦσι

317 1335 448 1396 τοὺς
484 1334 675 1401 λόγους
716 1334 932 1403 σοφούς.
974 1334 1254 1388 Ἐντεῦθεν
1285 1334 1416 1404 γοῦν
1450 1336 1564 1397 τοῖς
1603 1333 1818 1396 πολλοῖς
1851 1334 1899 1386 oi

318 1426 387 1477 ἐκ
410 1424 517 1477 τῶν
542 1426 765 1479 εἰκότων
804 1426 916 1479 ἔσθ’
949 1428 1038 1479 ὅτε
1079 1427 1227 1495 λόγοι
1256 1428 1389 1499 πρὸς
1419 1426 1616 1491 κάλλος
1655 1427 1750 1480 xa‘.
1777 1426 1900 1497 ἡδο-

317 1518 419 1588 νὴν
457 1517 867 1588 πεποικιλμένοι
899 1518 1097 1589 μᾶλλον
1124 1518 1233 1572 τῶν
1266 1522 1345 1583 είς
1385 1518 1674 1589 ἀκρίϐειαν
1710 1518 1904 1590 ἐξητα-

319 1609 535 1678 σμένων
586 1608 892 1679 νομίζονται
938 1610 1364 1681 σπουδαιότεροι,
1417 1611 1525 1665 τῶν
1567 1612 1901 1666 διδασκάλων

316 1700 444 1755 οὕτε
474 1702 609 1774 πρὸς
636 1703 697 1755 τὸ
726 1702 997 1772 βέλτιστον
1017 1702 1411 1774 ἁμιλλωμένων
1447 1702 1526 1757 ἔτι
1559 1705 1654 1758 καὶ
1682 1706 1898 1776 σεμνὸν,

316 1793 455 1847 ἀλλά
487 1793 625 1862 πρὸς
661 1795 720 1845 τὸ
768 1793 961 1865 ἀρέσαι
1008 1795 1103 1848 καὶ
1156 1794 1519 1865 εὐημερῆσαι,
1569 1794 1819 1867 καθάπερ
1849 1797 1899 1850 οἱ

2001 612 2143 681 aptis
2184 611 2249 664 ad
2288 609 2640 665 refellendum
2672 606 2975 661 rationibus
3019 604 3342 666 instructus,
3385 618 3572 657 resur-

1999 704 2299 757 rectionem
2349 710 2575 756 evertat.
2637 700 2804 770 Igitur
2852 696 3165 767 sophisticis
3218 695 3434 750 illorum
3478 712 3572 749 ca-

2000 794 2224 848 lumniis
2254 791 2619 847 resistendum
2653 790 2812 844 nobis
2863 798 2947 844 est
2968 831 2981 854 ,
3016 803 3194 857 neque
3224 788 3440 841 illorum
3480 802 3570 841 ra-

2000 885 2178 937 tiones
2200 883 2394 951 quibus
2411 882 2567 952 563
2590 882 2812 949 ignavos
2845 881 3108 949 impetunt
3137 880 3246 933 ullo
3270 878 3433 932 modo
3460 893 3574 932 me-

2003 975 2238 1029 tuenda}.
2266 973 2412 1028 Nihil
2439 978 2583 1029 enim
2608 975 2663 1027 in
2692 974 2777 1028 his
2808 988 3001 1027 sanum
3031 979 3114 1027 est
3145 979 3307 1041 atque
3334 971 3572 1032 firtnum,

2000 1067 2095 1121 sed
2127 1069 2420 1121 verborum
2455 1066 2716 1121 duntaxat
2745 1074 2974 1120 ornatus
3014 1065 3081 1118 ad
3126 1078 3381 1133 pompam
3417 1071 3473 1117 et
3506 1060 3574 1115 ad

2001 1156 2336 1213 audientium
2389 1156 2809 1212 admirationem
2854 1158 3195 1219 instructus,
3229 1169 3296 1209 ac
3348 1168 3574 1225 persua-

2000 1251 2161 1305 dendi
2201 1250 2476 1320 quoddam
2536 1250 2864 1305 lenocinium
2911 1249 3350 1334 nonxveritatis,
3398 1262 3575 1317 neque

2003 1344 2252 1398 utilitatis
2288 1343 2453 1398 ullius
2476 1384 2490 1408 ,
2532 1343 2627 1398 sed
2665 1344 3053 1399 ostentationis
3090 1357 3259 1396 causa
3291 1355 3575 1410 compara-

2004 1443 2141 1500 tum,
2182 1445 2239 1490 ut
2275 1435 2504 1491 callidos
2540 1450 2604 1490 ac
2638 1436 2865 1491 solerter
2901 1434 3240 1506 excogitatos
3296 1445 3576 1489 sermones

2002 1524 2345 1581 auditoribus
2399 1524 2710 1579 exhibeant.
2766 1525 2944 1595 Atque
3003 1523 3131 1577 hinc
3183 1537 3577 1592 nonnunquam

2004 1616 2207 1671 accidit
2240 1626 2299 1671 ut
2322 1631 2447 1686 quae
2473 1632 2540 1671 ex
2566 1616 2959 1673 verisimilibus
2998 1615 3245 1671 deductae
3283 1624 3410 1670 sunt
3447 1629 3575 1669 ora-

2002 1710 2211 1775 tiones,
2246 1716 2301 1765 et
2342 1708 2409 1763 ad
2445 1709 2681 1779 speciem
2711 1724 2777 1764 ac
2813 1709 3145 1778 voluptatem
3176 1716 3417 1773 ornatae,
3456 1708 3579 1763 aliis

2004 1800 2414 1869 praestantiores
2443 1798 2770 1863 videantur,
2823 1814 2944 1870 quae
2994 1799 3062 1854 ad
3111 1800 3578 1856 accuratissimam

321 1888 595 1957 σοφισταὶ,
625 1888 674 1940 οἳ
725 1886 914 1957 μισθὸν
950 1887 1228 1959 αἱροῦνται
1268 1888 1377 1942 τῶν
1404 1888 1600 1956 λόγων,
1640 1889 1902 1942 ἐπευωνι-

2006 1868 2258 1947 veritatis
2308 1906 2557 1946 normam
2596 1897 2802 1947 exactae
2840 1868 2999 1945 sunt.
3052 1890 3132 1945 Ex
3163 1905 3274 1962 quo
3327 1890 3386 1944 fit
3417 1899 3478 1947 ut
3524 1898 3586 1945 et

318 1976 536 2046 ζόμενοι
583 1977 682 2047 τῆς
721 1976 912 2046 σοφίας
964 1977 1228 2041 ἐπαίνοις.
1265 1978 1339 2031 Τὸ
1382 1978 1481 2050 μὲν
1527 1974 1620 2033 οὖν
1675 1979 1902 2033 παλαιὸν

321 2066 497 2137 βραχὺ
524 2067 801 2131 παντελῶς
827 2068 887 2121 τὸ
916 2069 1042 2139 περὶ
1066 2068 1165 2140 τὴν
1190 2069 1448 2142 ἐξήγησιν
1473 2065 1562 2141 ἦν,
1591 2070 1903 2141 φιλοτιμου-

323 2158 503 2229 μένων
532 2158 606 2230 μὴ
636 2159 877 2231 τέρπειν,
910 2159 1046 2214 ἀλλά
1064 2160 1295 2230 ὠφελεῖν
1324 2162 1450 2225 τοὺς
1488 2162 1761 2233 παρόντας
1788 2162 1896 2215 τῶν

319 2254 465 2308 τότε.

2008 1982 2266 2039 doctores
2298 1998 2407 2039 non
2442 1982 2556 2054 jam
2587 1983 2660 2048 ei,
2690 1982 2835 2055 quod
2864 1983 3127 2053 optimum
3159 1982 3229 2037 sit
3272 1982 3581 2053 gravitatis-

2010 2091 2117 2146 que
2145 2076 2362 2146 plenum
2382 2116 2398 2141 ,
2432 2075 2724 2139 studeant,
2755 2074 2851 2131 sed
2877 2075 2932 2131 id
2970 2073 3267 2138 duntaxat,
3298 2074 3444 2144 quod
3473 2076 3581 2144 pla.

2003 2175 2090 2223 cet
2143 2167 2396 2238 quodque
2425 2167 2669 2223 secundo
2701 2166 2891 2222 favore
2924 2166 3116 2231 fertur,
3151 2166 3466 2237 respiciant,
3499 2167 3577 2219 uti

2007 2261 2267 2332 sophistae
2304 2260 2487 2317 facere
2521 2271 2954 2326 consueverunt,
2994 2260 3089 2331 qui
3122 2260 3430 2315 orationum
3461 2274 3582 2315 sua-

320 2362 446 2403 rum
480 2348 783 2403 mercedem
817 2348 1149 2419 accipientes
1183 2349 1446 2405 doctrinae
1498 2357 1551 2405 et
1609 2349 1936 2407 eruditionis
1991 2367 2105 2408 sua:
2156 2351 2412 2409 laudibus
2467 2361 2727 2425 tanquam
2780 2352 2874 2406 vili
2927 2352 3165 2422 quodam
3218 2353 3391 2421 pretio
3439 2351 3581 2406 redi-

320 2449 566 2496 mttntur.
598 2440 676 2494 Ac
701 2440 899 2512 priscis
924 2441 1143 2511 quidem
1176 2442 1514 2511 temporibus
1573 2457 1786 2498 summa
1838 2449 1959 2499 erat
2002 2443 2058 2498 in
2092 2446 2414 2511 explicando
2452 2446 2729 2509 brevitas,
2761 2459 2885 2500 cum
2935 2442 2991 2497 in
3034 2442 3088 2497 id
3120 2441 3197 2496 illi
3232 2444 3576 2513 potissimum

322 2541 724 2607 incumberent,
756 2556 862 2595 non
896 2548 955 2595 ut
976 2541 1338 2605 oblectarent,
1373 2540 1467 2596 sed
1494 2551 1554 2595 ut
1582 2541 1906 2610 prodessent
1945 2543 2306 2625 auditoribus.

406 2634 523 2702 Ἀφ’
553 2628 613 2688 οὗ
642 2634 699 2687 δὲ
743 2633 927 2687 λοιπὸν
956 2636 1037 2698 εἰς
1083 2634 1364 2706 ῥᾳστώνην
1407 2635 1690 2707 ἐπετράπη
1738 2638 1906 2690 πᾶσιν

323 2723 649 2796 ἑρμηνεύειν
688 2724 885 2790 ἐξεῖναι
928 2724 1027 2788 τὰς
1076 2724 1320 2794 Γραφάς,
1356 2726 1450 2779 καὶ
1495 2726 1695 2789 πάντες
1728 2728 1808 2790 εἰς
1845 2726 1906 2779 τὸ

324 2818 548 2887 ποιῆσαι
572 2817 669 2887 μὲν
692 2816 753 2870 τὸ
771 2816 934 2870 καλὸν
966 2816 1347 2889 ἠμϐλύνθησαν
1366 2817 1693 2889 πλησθέντες
1717 2820 1907 2889 οἰήμαο

2080 2635 2442 2707 Posteaquam
2497 2651 2628 2691 vero
2665 2635 3134 2706 explanandarum
3168 2634 3576 2707 Scripturarum

2011 2727 2159 2783 nullo
2194 2727 2394 2797 cuique
2419 2727 2635 2796 negotio
2668 2724 2900 2782 facultas
2929 2735 3014 2783 est
3050 2742 3333 2795 concessa,
3370 2729 3563 2782 univer

2010 2819 2167 2889 sique
2218 2818 2364 2873 fastu
2416 2833 2480 2874 ac
2525 2818 2609 2872 sui
2668 2819 2925 2889 Opinione
2975 2819 3146 2874 inﬂati
3192 2820 3259 2874 ad
3290 2820 3348 2875 id
3380 2862 3395 2886 ,
3431 2820 3583 2891 quod

326 2925 418 2970 τος
440 2924 455 2938 ”
492 2908 619 2978 περὶ
654 2907 714 2959 τὸ
742 2907 1119 2976 λογικεύεσθαι
1153 2907 1210 2960 δὲ
1238 2907 1547 2978 προέκοψαν
1571 2907 1878 2971 καλλωπιξό

328 3015 502 3069 μενοι,
535 2998 611 3062 ὡς
642 2999 817 3052 πάντα
849 2997 1137 3066 γινώσκειν
1179 2999 1513 3070 ὑπάρχοντες
1542 2998 1725 3062 δεινοὶ,
1766 2999 1906 3052 διδά-

2008 2919 2218 2966 rectum
2283 2918 2368 2966 est
2401 2950 2416 2975 ,
2479 2910 2661 2965 obtusi
2722 2919 2885 2982 atque
2938 2911 3158 2967 hebetes
3221 2911 3347 2966 facti
3413 2921 3580 2975 sunt.

2011 3015 2236 3071 magnos
2264 3015 2396 3057 vero
2437 3000 2489 3055 in
2525 3001 2887 3056 ratiocinandi
2925 3002 3225 3057 subtilitate
3260 3018 3584 3073 progressus

329 3091 551 3144 σκεσθαι
592 3090 688 3161 μὲν
712 3091 990 3161 ὁμολογεῖν
1026 3092 1250 3162 χρῄζειν
1283 3092 1641 3156 αἰδεσθέντες,
1672 3093 1902 3161 φιλονει-

2011 3092 2299 3159 fecerunt,
2334 3107 2400 3147 ae
2451 3092 2638 3147 fucum
2675 3094 2729 3148 in
2779 3092 3011 3148 dicendo
3064 3096 3362 3151 consectati
3414 3105 3581 3156 sunt,

328 3185 443 3237 κεῖν
488 3182 544 3234 δὲ
588 3156 784 3253 μᾶλλον
846 3156 941 3236 καὶ
1341 3183 1416 3246 ὡς
1469 3184 1519 3236 οἱ
1563 3156 1902 3236 διδάσκαλοι·

2010 3185 2237 3254 perinde
2266 3198 2330 3239 ac
2359 3199 2542 3239 rerum
2568 3184 2811 3237 omnium
2843 3185 3071 3240 scientia
3102 3187 3345 3257 praediti:
3375 3202 3497 3240 cum
3529 3196 3586 3241 et

329 3274 721 3345 θρασυνθέντες
758 3273 889 3342 γοῦν
932 3274 1201 3338 ἐντεῦθεν,
1232 3274 1325 3327 τοῦ
1370 3276 1466 3345 μὲν
1513 3273 1777 3338 εὐλαϐοῦς
1814 3275 1902 3329 καὶ

2011 3272 2198 3328 doceri
2238 3288 2299 3330 se
2344 3289 2483 3343 opus
2535 3272 2737 3328 habere
2782 3273 3030 3330 confiteri
3061 3276 3448 3331 erubescerent
3476 3317 3489 3340 ,
3530 3286 3586 3333 et

328 3368 526 3440 πράου,
559 3369 653 3420 καὶ
674 3368 847 3421 πάντα
874 3366 1129 3419 δύνασθαι
1160 3369 1334 3419 ποιεῖν
1361 3367 1451 3418 τὸν
1474 3366 1606 3419 Θεὸν
1638 3360 1712 3420 ῶν
1737 3368 1902 3436 ἐπηγ-

2009 3366 2354 3421 contentiose
2375 3364 2585 3435 iurgari
2611 3380 2675 3419 ac
2705 3366 2956 3435 prosilire
2985 3375 3381 3437 praeceptorum
3410 3369 3586 3423 instar

329 3458 565 3526 γείλατο,
608 3459 667 3511 τὸ
695 3459 715 3489 ³
748 3458 1021 3513 πιστεύειν
1062 3456 1403 3527 ώλίσθησανο
1432 3460 1513 3521 είς
1550 3458 1607 3510 δὲ
1653 3458 1902 3528 ζητήσεις

2011 3458 2269 3525 mallent;
2317 3467 2431 3513 tum
2467 3458 2683 3513 demum
2715 3458 2950 3522 accidit,
2994 3469 3053 3515 ut
3090 3461 3394 3516 temeritate
3448 3478 3584 3531 qua-

329 3552 490 3616 κενάς
518 3552 610 3605 καὶ
658 3551 1006 3621 βλασφημίας
1052 3550 1241 3620 ἧκασι,
1283 3549 1357 3620 μὴ
1387 3551 1699 3621 νοήσαντες,
1729 3549 1806 3612 ὡς
1846 3549 1902 3600 ού

2013 3550 2137 3604 dam
2160 3550 2288 3604 elati
2315 3550 2383 3602 ab
2408 3549 2662 3619 religiosa
2692 3559 3086 3621 mansuetaque
3112 3552 3277 3605 animi
3302 3551 3586 3608 affectione

328 3643 397 3696 τὰ
426 3644 563 3713 ἔργα
592 3643 698 3695 τῶν
725 3643 896 3710 λόγων
930 3641 1260 3712 ἐπετηδεύθη
1293 3642 1472 3712 χάριν,
1507 3641 1643 3695 ἀλλά
1670 3641 1781 3695 τῶν
1813 3641 1902 3714 ἐρ-

2013 3656 2078 3695 ac
2104 3641 2428 3697 credulitate
2466 3642 2555 3696 illa
2593 3640 3002 3707 desciscerent,
3057 3660 3164 3714 qua
3209 3642 3377 3700 Deum
3424 3660 3585 3715 posse

328 3751 440 3804 γων
472 3738 519 3787 oi
550 3734 726 3803 λόγοι·
775 3734 962 3804 ὥσπερ
994 3733 1261 3805 ἰατρικῆς,
1295 3735 1361 3786 δι’
1400 3728 1476 3788 ὧν
1513 3734 1638 3797 τοὺς
1675 3734 1902 3804 κάμνονη

2013 3732 2279 3802 quidquid
2346 3734 2661 3802 promiserit
2713 3733 2921 3790 ellicere
2984 3736 3088 3790 sibi
3154 3735 3582 3805 persuaderent,

328 3843 430 3888 τας
452 3826 533 3879 δεῖ
559 3824 846 3888 σώζεσθαι,
879 3824 986 3877 τῶν
1017 3824 1189 3892 λόγων
1215 3824 1397 3895 ἔργοις
1441 3824 1814 3895 κυρουμένων·
1841 3824 1902 3875 ἵν’

2012 3836 2206 3880 contra
2234 3840 2365 3880 vero
2404 3824 2472 3879 ad
2509 3826 2701 3881 inanes
2750 3826 3080 3896 quaastiones
3127 3839 3191 3880 ac
3217 3825 3585 3896 blasphemia:

334 3918 691 3989 ἡρμοσμένων
731 3916 888 3988 ἡμῶν
921 3919 1098 3971 πάντα
1132 3918 1459 3988 συμφώνως,
1487 3918 1515 3970 ὁ
1545 3916 1669 3979 νοῦς
1695 3916 1781 3986 εἴη
1800 3919 1902 3979 τοῖς

2011 3916 2206 3972 deduci
2238 3932 2297 3972 se
2335 3924 2671 3987 paterentur,
2713 3933 2782 3972 ne
2811 3917 2944 3971 illud
2981 3917 3197 3987 quidem
3240 3918 3584 3972 animadver-

332 4011 575 4081 ἀρίστοις
605 4010 783 4078 λόγοις
807 4013 875 4062 τὰ
905 4010 1008 4080 ἤθη
1042 4013 1107 4080 τῇ
1142 4010 1363 4080 γλώσσῃ
1391 4008 1602 4079 συνῳδὰ
1630 4008 1902 4080 παρέχων,

2014 4015 2192 4067 tentes
2245 4024 2350 4062 non
2386 4023 2550 4076 opera
2598 4010 2714 4078 ipsa
2763 4023 3075 4062 sermonum
3105 4049 3120 4074 ,
3162 4007 3257 4063 sed
3303 4022 3583 4067 sermones

332 4103 489 4171 δίκην
520 4102 708 4172 λύρας,
756 4101 889 4154 ἀλλά
923 4100 996 4171 μὴ
1026 4102 1240 4171 ἄμουσα
1290 4101 1384 4153 καὶ
1424 4098 1748 4174 ἀσύμφωνα.
1788 4100 1902 4151 Ἐπὶ

2012 4115 2237 4170 cperum
2272 4101 2444 4171 gratia
2485 4102 2789 4171 comparari
2820 4140 2834 4162 ,
2877 4108 2934 4153 ut
2966 4101 3018 4154 in
3054 4100 3324 4155 medicina
3354 4117 3459 4156 usu
3492 4116 3588 4155 ve-

333 4194 442 4262 γάρ
470 4192 547 4262 τῷ
577 4193 881 4264 κτήσασθαι
911 4193 1050 4246 κατά
1080 4192 1335 4263 ἀλήθειαν
1365 4191 1727 4260 ἀγωνίζεσθαι
1748 4192 1830 4243 δεῖ
1850 4192 1902 4243 τὲ

2015 4193 2132 4246 nire
2181 4193 2489 4257 cernimus,
2528 4191 2583 4245 in
2629 4207 2734 4261 qua
2786 4192 3044 4246 nimirum
3104 4207 3386 4247 sermones
3430 4191 3589 4247 factis

332 4286 539 4339 δίκαιον
571 4288 779 4349 ἀσκεῖν,
828 4287 920 4339 καὶ
972 4287 1071 4338 οὐκ
1120 4285 1212 4337 ἐπὶ
1241 4285 1318 4355 τῷ
1357 4284 1552 4345 δοκεῖν,
1585 4282 1773 4354 χωλῶς
1800 4286 1902 4335 ἐπι-

2013 4285 2119 4338 illis
2170 4285 2624 4353 comprobantur,
2656 4284 2857 4353 quibus
2907 4292 3170 4354 mgrotum
3207 4286 3587 4353 repraesentari

334 4376 584 4429 Caivovm
621 4377 833 4445 σοφίας,
858 4377 950 4429 καὶ
982 4375 1118 4445 πρὸς
1138 4375 1295 4441 δόξαν
1328 4374 1526 4445 μᾶλλον
1559 4374 1591 4444 ἢ
1615 4374 1749 4445 πρὸς
1774 4372 1902 4443 ἀλή-

2013 4385 2264 4431 sanatum
2305 4384 2538 4444 Oportet.
2586 4376 2705 4443 Quo
2737 4375 2986 4430 videlicet
3019 4375 3306 4445 aptissimo
3349 4374 3588 4444 quodam

332 4470 483 4522 θειαν
522 4469 895 4540 ἁμιλλώμενον
938 4468 1208 4539 πρόθυρα,
1254 4468 1349 4521 καὶ
1391 4469 1777 4539 προσχήματα,
1814 4467 1902 4519 καὶ

2010 4471 2279 4518 concentu
2318 4468 2633 4535 temperati,
2670 4464 2936 4534 ejusmodi
2982 4471 3214 4518 mentem
3270 4464 3588 4529 habeamus,

334 4564 511 4615 πᾶσαν
541 4562 943 4633 ύποδυσάμενον
978 4561 1077 4632 τῆς
1107 4560 1447 4632 ὑποκρίσεως
1478 4560 1576 4632 τὴν
1606 4560 1826 4629 σκευήν.

2016 4571 2136 4625 ηοω
2172 4556 2637 4625 praestantissimis
2667 4555 3010 4610 sermonibus
3040 4561 3435 4608 consentaneos
3475 4569 3591 4607 mo-

335 4670 423 4709 res
453 4669 563 4724 praz
592 4669 650 4709 se
681 4653 853 4718 ferat,
895 4654 1024 4725 lyra:
1065 4652 1352 4722 cujusdam
1404 4652 1600 4715 instar,
1666 4665 1773 4705 non
1837 4650 2200 4704 abhorrentes
2244 4657 2408 4718 atque
2451 4647 2757 4703 discordes.
2796 4646 3008 4717 Qu‘ppe
3060 4647 3124 4702 ad
3178 4648 3229 4702 id
3255 4688 3269 4714 ,
3313 4658 3371 4701 ut
3400 4662 3590 4703 revera

335 4758 615 4819 compotes
664 4750 871 4813 simus,
901 4764 1011 4804 non
1053 4756 1267 4805 utesse
1303 4748 1608 4813 videamur,
1659 4748 1809 4802 omni
1839 4754 1927 4801 est
1973 4747 2134 4802 nobis
2197 4746 2362 4799 animi
2418 4745 2768 4799 contentione
2827 4745 3054 4799 colenda
3094 4745 3343 4815 justitia,
3375 4752 3433 4798 ut
3479 4760 3589 4801 non

335 4844 499 4899 veluti
528 4845 888 4900 claudicando
921 4845 1204 4915 sapientiae
1239 4845 1480 4901 studium
1515 4860 1891 4914 capessamus,
1943 4859 2123 4914 neque
2160 4843 2226 4897 ad
2255 4844 2481 4925 gloriam
2513 4843 2712 4912 magis,
2741 4858 2903 4912 quam
2940 4841 3007 4896 ad
3068 4842 3349 4896 veritatem
3416 4842 3593 4896 enita-

336 4955 477 5004 mur,
525 4949 619 4994 aut
659 4942 740 4996 sic
792 4949 1050 5011 tanquam
1101 4941 1357 4996 eximiam
1387 4941 1679 5011 quamdam
1719 4939 1915 4995 faciem
1967 4947 2021 4995 et
2058 4940 2276 4994 inanem
2331 4938 2568 5008 speciem
2608 4937 2980 5002 obducamus,
3030 4952 3358 5009 omnemque
3419 4938 3592 4992 simu-

337 5030 553 5086 lationis
582 5040 836 5085 ornatum
869 5039 1300 5102 apparatumque
1330 5033 1643 5087 subeamus.

405 5125 541 5181 MA'.
578 5124 698 5177 Εἰσὶ
729 5125 857 5197 γάρ,
881 5127 1017 5179 εἰσὶν
1048 5126 1096 5179 οἳ
1129 5125 1302 5194 λόγων
1334 5125 1613 5196 τραγικῶς
1642 5142 1910 5195 κεκοσμη-

341 5218 513 5290 μένων
530 5216 848 5289 προσϐολαῖς
862 5217 901 5281 ⁸,
918 5218 1167 5288 καθάπερ
1183 5220 1435 5286 γυναῖκες
1456 5219 1512 5271 αἱ
1532 5218 1729 5285 ἔξωθεν
1746 5219 1911 5290 ὡραῖ-

338 5312 559 5382 ζὸμεναι
592 5310 729 5381 πρὸς
757 5310 972 5380 ἀπάτην
997 5311 1278 5380 ἐντέχνως,
1310 5311 1404 5363 ἐὰν
1449 5313 1522 5381 μή
1559 5329 1643 5374 τις
1670 5310 1909 5379 πεφυλα-

335 5403 548 5473 γμένως
579 5403 767 5465 αὐταῖς
794 5402 898 5455 τῶν
920 5402 996 5454 ἔτι
1019 5402 1296 5472 νεωτέρων
1313 5402 1626 5475 προσ-ϐλέψῃ
1648 5405 1711 5472 τῇ
1731 5402 1909 5455 πίστει

338 5496 429 5547 καὶ
470 5494 767 5564 νηπτικῶς.
802 5493 961 5546 Ὅθεν
1004 5493 1347 5563 εὐλαϐητέον,
1386 5493 1490 5563 πρὸ
1536 5493 1629 5546 τοῦ
1663 5509 1911 5561 καταμα-

339 5585 447 5639 θεῖν
480 5585 757 5655 ἀσφαλῶς,
789 5587 867 5649 εἱς
893 5587 990 5658 τὴν
1004 5586 1227 5657 καρδίαν
1256 5584 1597 5649 εἰσδέξασθαι
1625 5584 1716 5637 τὸν
1738 5582 1911 5637 τοιοῦ-

337 5696 426 5733 τον
464 5678 640 5747 λόγον.
668 5679 779 5732 Καὶ
806 5677 913 5749 γάρ
950 5677 1239 5746 φθάνουσιν
1281 5679 1328 5729 οἱ
1370 5676 1746 5742 ἐξαπατῶντες
1779 5674 1911 5727 πολ-

410 5836 428 5871 ²
461 5834 522 5891 F.
553 5838 986 5907 ἀνατρεπτικοῖς.

2091 5119 2252 5193 564
2278 5118 2415 5173 XLI.
2445 5117 2585 5173 Sunt
2614 5118 2757 5173 enim
2784 5117 3051 5189 profecto,
3083 5123 3229 5181 sunt,
3262 5118 3355 5187 qui
3385 5120 3593 5175 oratio-

2017 5213 2105 5269 nis
2144 5214 2402 5283 tragicam
2439 5210 2507 5265 ad
2556 5224 2808 5279 pompam
2861 5217 3134 5263 exornata:
3186 5209 3419 5263 artificio
3471 5226 3593 5266 sese

2015 5303 2325 5367 venditant,
2353 5302 2429 5357 uti
2469 5299 2725 5355 mulieres
2758 5298 2937 5354 facere
2968 5300 3175 5363 solent;
3201 5313 3342 5368 quae,
3393 5299 3460 5353 ad
3495 5300 3593 5354 illi-

2016 5396 2270 5451 ciendum
2322 5409 2385 5449 ac
2430 5393 2843 5464 decipiendum,
2872 5401 3158 5447 externum
3197 5392 3444 5463 corporis
3476 5393 3594 5446 cul-

2016 5496 2131 5543 tum
2185 5503 2248 5543 ac
2302 5486 2633 5542 lenocinium
2685 5486 2980 5549 adhibent,
3038 5486 3144 5539 nisi
3199 5499 3411 5541 summa
3466 5499 3591 5539 cum

2018 5581 2186 5637 animi
2218 5581 2470 5636 cautione
2491 5620 2505 5645 ,
2538 5580 2642 5635 fide
2693 5594 2757 5635 ac
2809 5579 3105 5634 sobrietate
3146 5578 3340 5632 muniti
3367 5575 3433 5630 ad
3466 5576 3590 5631 illas

2019 5675 2397 5730 adolescentes
2442 5674 2633 5730 oculos
2672 5673 2951 5743 adiiciant.
2993 5670 3263 5736 Quocirca
3300 5668 3592 5740 diligenter

1078 5836 1096 5865 ²
1128 5834 1395 5905 Corrupta
1427 5850 1528 5890 vox
1560 5842 1682 5890 est.-
1752 5833 1772 5865 ³
1795 5829 1858 5886 F.
1882 5829 1995 5885 τοῦ.
2073 5832 2094 5864 ⁸
2135 5828 2196 5887 F.
2233 5831 2546 5903 προϐολαῖς.
