4082 6394
527 409 666 468 1:35
1914 403 1970 459 S.
2014 400 2355 458 EPIPIIANII
3666 396 3690 449 Ι
3711 394 3818 450 136

524 522 944 577 cavendum-est
970 559 984 583 ,
1020 534 1125 581 ne,
1154 525 1444 587 antequam
1479 525 1647 572 totam
1682 532 1796 571 rem
1846 524 2136 578 accurate,

2207 515 2355 578 λάκις
2382 514 2507 575 τοὺς
2531 512 2909 574 διδάσκοντας·
2936 509 3185 580 καθάπερ
3208 508 3301 561 καὶ⁵
3315 507 3653 580 αίΣειρῆνες
3680 512 3819 571 tab;

526 613 935 684 perceperimus
960 652 979 677 ,
1010 610 1279 681 ejusmodi
1328 624 1609 665 sermones
1659 609 1726 663 ad
1758 609 1971 664 animos
2004 624 2102 663 no-

2209 606 2508 675 φεύγοντας
2542 603 2711 668 αὐτὰς
2744 603 3047 673 κρύπτουσι
3080 601 3350 673 μακρόθεν
3379 602 3440 654 τὸ
3482 601 3821 671 μισάνθρω-

526 710 673 757 stros
708 700 1083 756 adhaerescere
1124 700 1416 769 patiamur.
1475 696 1630 769 Saepe
1679 699 1824 753 enim
1876 698 2098 761 accidit,

2206 713 2307 748 πον
2348 698 2415 766 τῇ
2439 694 2793 765 καλλιφωνία.
2829 695 2900 746 ’Ἡ
2934 692 3073 757 πῶς,
3101 687 3146 745 ὦ
3173 692 3447 758 Λὺξέντιε,
3482 692 3628 761 εφην
3668 692 3815 759 ἐγὼ,

527 802 585 846 ιιι
615 793 938 861 deceptores
988 792 1275 846 doctorum
1327 804 1548 871 operam
1589 796 1957 859 antevertant,
1991 804 2101 843 non

2207 788 2289 842 σοὶ
2312 789 2327 819 ¹
2348 789 2520 841 ταῦτα
2548 787 2825 851 τίθεσθαι;
2852 787 2961 840 Καὶ
2983 786 3042 849 ὃς
3061 784 3419 855 ἀπεκρίνατο’
3445 785 3642 846 Οὕτως
3672 784 3818 836 καθ-

527 886 684 938 aliter
724 898 787 936 ac
812 882 1033 937 Sirenes
1067 882 1443 937 crudelitatem
1475 897 1630 936 suam
1665 890 1719 936 et
1770 881 1824 935 in
1856 881 2103 935 homines

2209 880 2351 951 άπερ
2391 881 2485 933 καὶ
2527 880 2612 933 σύ.
2647 878 2856 933 Οὐκοῦν
2903 878 3119 941 πάντως
3144 877 3253 930 τῶν
3292 874 3625 947 ἑτεροδόξων
3674 876 3818 935 τοὺς

528 974 714 1027 odium
754 974 853 1037 iis,
883 973 975 1043 qui
1017 986 1138 1027 sese
1166 971 1414 1042 fugiunt,
1446 980 1715 1026 suavitate
1741 971 1890 1027 vocis
1926 972 2104 1025 occul-

2207 973 2465 1042 σοφιστάς
2516 973 2761 1044 μιμητάς
2793 970 3025 1025 εἰδώλων
3061 969 3319 1040 ἀληθείας
3365 965 3503 1022 εἶναι
3534 968 3816 1037 λέγομεν,

529 1072 666 1119 tant.
695 1064 851 1131 Quod
882 1064 987 1119 uisi
1027 1064 1101 1117 ita
1125 1074 1229 1127 est,
1275 1065 1515 1134 inquam,
1544 1062 1799 1127 Auxenti,
1848 1077 1969 1133 quae
2008 1072 2101 1117 tua

2210 1064 2460 1134 ἀλήθειαν
2493 1066 2567 1135 μὴ
2598 1063 2985 1132 γινώσκοντας,
3028 1062 3275 1131 καθάπερ
3300 1059 3655 1131 ζωγράφους.
3694 1060 3822 1111 Καὶ

529 1166 615 1213 est
643 1158 710 1212 de
744 1172 807 1213 ea
847 1172 905 1212 re
938 1156 1241 1211 sententia?
1272 1156 1472 1211 Eadem
1501 1170 1621 1226 quae
1651 1164 1764 1217 tua,
1798 1155 2100 1225 respondit.

2211 1158 2311 1227 γάρ
2346 1149 2493 1209 οὗτοι
2530 1155 2810 1226 μιμεῖσθαι
2849 1154 2948 1222 μὲν
2982 1154 3315 1223 ναυπηγοὺς,
3361 1152 3454 1205 καὶ
3483 1152 3680 1213 πλοῖα,
3714 1152 3823 1209 καὶ

530 1248 767 1305 Proinde
817 1249 1108 1303 contrariae
1156 1248 1430 1317 opinionis
1473 1248 1749 1318 sephistas
1784 1263 1977 1302 omnes
2031 1248 2106 1303 si—

2209 1248 2543 1319 κυϐερνήτας
2594 1246 2966 1317 ἐπιχειροῦσι,
3024 1247 3323 1315 ναυπηγεῖν
3377 1245 3470 1298 καὶ
3521 1242 3821 1314 κυϐερνᾷν

532 1344 905 1397 mulacrorum
956 1342 1201 1396 veritatis
1247 1342 1548 1396 imitatores
1578 1356 1701 1396 esse
1738 1341 2009 1406 dicimus,
2042 1356 2106 1395 ac

2210 1340 2286 1410 μὴ
2325 1339 2701 1407 γινώσκοντες.
2737 1337 2947 1391 Ούκοῦν
2985 1336 3310 1400 ἀποξέοντες
3343 1335 3517 1398 θέλεις
3553 1336 3631 1387 τὰ
3660 1335 3822 1405 χρώ-

533 1436 779 1490 veritatis
833 1434 1004 1503 ipsius
1046 1434 1287 1505 ignaros,
1340 1434 1648 1502 cujusmodi
1678 1440 1806 1488 sunt
1843 1433 2102 1503 pictores.

2211 1447 2353 1500 ματα
2382 1430 2658 1501 πείθωμεν
2687 1429 2870 1482 αὐτῶν
2897 1430 2965 1482 τά
3010 1426 3356 1498 θαυμάζοντα
3394 1427 3494 1490 τὰς
3534 1429 3823 1489 τοιαύτας

533 1527 667 1580 Nam
698 1534 752 1582 et
777 1528 865 1581 isti
899 1527 1117 1581 navium
1151 1526 1516 1591 architectos,
1546 1533 1601 1580 et
1642 1539 1808 1579 naves
1842 1525 1991 1595 ipsas
2043 1539 2106 1577 ac

2210 1522 2423 1593 γραφὰς
2447 1521 2655 1583 παιδία,
2695 1522 2777 1573 ὅτι
2808 1520 2933 1573 οὔτε
2960 1521 3021 1573 τὺ
3051 1519 3233 1572 πλοῖον
3258 1519 3441 1571 πλοῖόν
3471 1519 3654 1580 ἐστιν,
3679 1515 3822 1568 οὔτε

533 1619 928 1687 gubernatores
985 1617 1290 1687 exprimere
1346 1616 1612 1671 imitando
1662 1616 1925 1681 student,
1982 1631 2107 1671 cum

2206 1616 2235 1667 ὁ
2264 1614 2601 1685 κυὸερνήτης
2632 1613 2993 1683 κυϐερνήτης,
3029 1612 3163 1666 ἀλλά
3203 1615 3376 1681 τοῖχος
3411 1610 3619 1674 ἔξωθεν
3656 1610 3817 1679 πρὸς

534 1707 974 1762 fabricandarum
1040 1708 1259 1761 navium
1324 1706 1773 1777 gubernaudique
1838 1706 1949 1760 sint
2006 1705 2108 1758 im-

2210 1704 2396 1775 τέρψιν
2435 1703 2689 1774 χρώμασι
2718 1705 2811 1757 καὶ
2838 1706 3075 1775 γραφαῖς
3105 1702 3548 1772 κεκοσμημένος;
3582 1702 3704 1753 Καὶ
3727 1703 3822 1753 ὅτι

532 1797 711 1867 periti.
770 1795 935 1852 Visne
982 1796 1183 1867 igitur,
1224 1802 1284 1849 ut
1326 1795 1541 1850 abrasis
1587 1794 1867 1850 coloribus
1921 1796 2106 1863 pueris

2214 1794 2448 1865 μιμηταὶ
2495 1794 2593 1860 μὲν
2623 1792 2843 1846 εἰδώλου
2873 1792 3061 1846 πλοίου
3107 1793 3200 1846 καὶ
3244 1791 3583 1861 κυϐερνήτου
3628 1792 3683 1842 οἱ
3714 1790 3825 1857 δη-

532 1890 868 1956 picturarum
903 1886 1119 1941 illarum
1155 1885 1522 1940 admiratione
1551 1884 1743 1941 deﬁxis
1777 1885 2107 1955 persuadea-
2142 1874 2144 1925 ἶ

2217 1885 2650 1958 μιουργήσαντές
2678 1887 2816 1938 είσιν
2856 1884 2964 1938 ἀπὸ
2992 1884 3099 1937 τῶν
3129 1884 3432 1956 χρωμάτων
3467 1881 3672 1945 ταῦτα,
3709 1882 3822 1934 καὶ

534 1993 659 2033 mus
680 2021 693 2043 ,
738 1993 913 2049 neque
944 1992 1136 2033 navem
1173 1992 1297 2033 esse
1334 1992 1460 2047 qum
1486 1978 1643 2033 navis
1671 1978 1902 2042 videtur,
1941 1993 2113 2047 neque

2210 1980 2269 2031 ού
2299 1977 2505 2040 πλοίου,
2540 1975 2749 2045 μακρὸν
2770 1975 2829 2028 τὸ
2860 1975 3092 2028 ἀκοῦσαι
3124 1974 3375 2027 ποθοῦντι
3395 1973 3455 2025 τὸ
3484 1973 3819 2042 προοίμιον,

532 2070 952 2139 gubernatorem
989 2070 1083 2140 qui
1140 2068 1472 2140 gubernator
1527 2076 1819 2139 appareat,
1871 2069 1965 2123 sed
2019 2083 2113 2139 pa-

2209 2069 2345 2124 ἀλλά
2394 2067 2692 2138 ὠφέλιμον,
2743 2066 2900 2137 ἔφην,
2944 2060 2988 2121 ὦ
3018 2067 3224 2138 ἄριστε.
3259 2066 3339 2120 Τὰ
3383 2066 3492 2135 γὰρ
3543 2064 3662 2117 ἀπὸ
3696 2063 3821 2115 τῶν

534 2163 723 2221 rietem
749 2177 872 2217 esse
897 2162 1127 2233 picturis
1151 2160 1516 2216 aecoloribus
1548 2160 1893 2216 extrinsecus
1924 2161 1990 2214 ad
2019 2177 2115 2215 vo-

2210 2159 2583 2213 θεοπνεύστων
2622 2158 2852 2229 Γραφῶν
2882 2160 3122 2229 ῥήματα,
3154 2154 3234 2221 οἷς
3261 2156 3821 2227 ἐπιχρωματίζοντες

536 2251 799 2321 luptatem
830 2250 1131 2305 ornatum?
1161 2248 1317 2315 Quod
1352 2256 1532 2303 autem
1558 2287 1573 2312 ,
1619 2248 1826 2319 optime
1856 2249 1970 2313 vir,
2029 2253 2112 2302 in-

2217 2251 2579 2304 ποικίλλουσιν
2615 2250 2824 2304 ἑαυτῶν
2860 2249 2995 2321 πρὸς
3039 2250 3255 2321 ἀπάτην
3292 2243 3436 2302 οὗτοι
3476 2248 3577 2319 τὴν
3613 2247 3816 2312 δόξαν,

534 2356 698 2410 quam
722 2380 739 2406 ,
768 2339 1050 2396 simulacri
1087 2339 1348 2394 duntaxat
1392 2338 1549 2394 navis
1594 2351 1658 2392 ac
1706 2338 2110 2408 gubernatoris,

2206 2342 2552 2413 δικαιοσύνην
2593 2342 2838 2406 αὐθαδῶς
2889 2342 2983 2396 καὶ
3025 2341 3277 2412 ἀλήθειαν
3314 2341 3703 2411 ὀνομάζοντες,
3732 2342 3809 2393 οὐ

533 2449 642 2487 non
697 2433 853 2488 navis
892 2432 1068 2502 ipsius
1123 2431 1428 2487 imitatores
1485 2430 1631 2496 sint,
1690 2430 1785 2499 qui
1836 2430 2109 2499 ejusmodi

2207 2434 2565 2503 γινώσκοντες
2584 2435 2722 2499 ὅλως
2749 2433 3114 2504 δικαιοσύνην,
3140 2436 3193 2487 εί
3217 2451 3300 2498 τις
3327 2433 3601 2503 ἀφέλοιτο,
3628 2433 3817 2485 πόσον

532 2536 697 2592 opera
727 2522 970 2577 colorum
1000 2520 1259 2575 varietate
1299 2520 1591 2584 ﬁnxerunt,
1628 2518 1848 2590 longum
1874 2526 1959 2574 est
1986 2520 2107 2589 qui-

2211 2527 2313 2580 οίει
2370 2527 2757 2598 γυμνωθέντας
2807 2528 3003 2590 αὐτοὺς
3049 2526 3161 2580 τῶν
3216 2526 3469 2579 τοιούτων
3511 2525 3817 2595 ὀνομάτων

517 2616 654 2669 ιόοιη
685 2614 755 2669 iis
793 2613 888 2682 qui
934 2612 1125 2667 audire
1157 2613 1385 2682 cupiunt
1416 2610 1733 2675 exordium,
1780 2610 1875 2666 sed
1923 2618 2107 2665 tamen

2212 2614 2708 2687 χλευασθήσεσθαι;
2755 2618 2905 2672 Πάνυ
2951 2616 3108 2682 πολὺ,
3167 2618 3294 2689 εφη.
3339 2618 3575 2688 Πότερον
3608 2613 3733 2677 οὖν.
3760 2612 3819 2670 ὦ

532 2706 686 2761 utile.
739 2703 952 2759 Etenim
1003 2703 1051 2759 si
1100 2702 1405 2757 divinarum
1441 2702 1845 2771 Scripturarum
1902 2702 2106 2767 verba,

2214 2707 2491 2773 Αὐξέντιε,
2531 2704 2600 2779 ἦν
2628 2709 2682 2762 δέ
2711 2708 2845 2777 ἐγὼ,
2896 2711 2959 2763 σὺ
2994 2709 3172 2779 βούλει
3207 2710 3410 2781 ταύτης
3436 2710 3816 2779 ἡγεμονεύειν

524 2798 735 2869 quibus
763 2795 1075 2866 opinionem
1126 2809 1280 2848 suam
1332 2796 1397 2849 ad
1436 2791 1771 2848 illudendum
1801 2833 1815 2855 ,
1848 2800 2105 2863 tanquam

2211 2798 2311 2868 τῆς
2344 2799 2487 2865 ὁδοῦ,
2521 2800 2554 2871 ἢ
2597 2799 2707 2869 ἐγὼ
2735 2803 3041 2873 ήγήσομαι;
3070 2804 3309 2867 Δίκαιον,
3356 2802 3481 2873 ἔφη,
3521 2802 3605 2854 σοὶ
3642 2806 3816 2871 ἡγεῖ-

532 2890 687 2944 vario
716 2888 963 2943 colorum
993 2901 1188 2956 genere
1216 2924 1231 2950 ,
1274 2884 1617 2954 distinguunt
1645 2922 1661 2946 ,
1723 2897 1787 2936 ac
1834 2882 2103 2952 justitiam

1645 2922 1661 2946 ,
1723 2897 1787 2936 ac
1834 2882 2103 2952 justitiam
2213 2888 2357 2944 σθαι.
2380 2891 2451 2943 Σὺ
2478 2892 2587 2963 γάρ
2608 2893 2903 2964 κατάρχεις
2926 2895 3019 2947 τοῦ
3054 2893 3236 2961 λόγου.

533 2981 922 3047 veritatemque
950 2983 1265 3046 arroganter
1289 2974 1594 3037 nominaut,
1624 2972 1850 3041 iustitia:
1882 2973 2095 3042 penitus
2127 2973 2337 3044 ignari;
2373 2978 2469 3035 sed
2528 2980 2575 3035 si
2632 2981 2757 3050 quis
2795 2982 2885 3036 illa
2923 2982 3191 3045 detrahat,
3250 2998 3412 3053 quam
3466 2992 3525 3037 tu
3586 2984 3818 3039 ridica--

533 3072 616 3127 los
639 3070 900 3125 forevillos
925 3068 1205 3124 existimas
1229 3066 1537 3122 istiusmodi
1562 3065 1847 3119 vocabulis
1883 3066 2112 3120 exutos?
2161 3066 2355 3124 Mirum
2392 3071 2447 3126 in
2485 3072 2734 3137 modum,
2788 3073 2987 3144 inquit.
3024 3073 3163 3129 Tum
3212 3090 3312 3145 ego
3347 3093 3362 3129 :
3414 3074 3554 3129 Num
3588 3086 3653 3129 tu
3706 3084 3818 3130 via:

536 3163 682 3217 illius
716 3160 823 3215 dux
858 3157 1213 3225 esse,mavis,
1252 3157 1483 3211 Auxenti
1512 3195 1527 3221 ,
1557 3171 1628 3211 an
1665 3170 1753 3210 me
1787 3155 1970 3226 potius
2007 3156 2200 3211 ducem
2232 3160 2531 3217 adhibere?
2566 3162 2807 3234 Equum
2871 3172 2955 3219 est
3001 3164 3192 3220 ducem
3248 3174 3301 3222 te
3350 3181 3506 3231 esse,
3564 3182 3814 3238 respou-

534 3254 612 3308 dit
632 3266 647 3303 :
667 3251 749 3306 'l'u
776 3251 922 3305 enim
941 3250 990 3305 ei
1022 3249 1260 3304 sermoni
1292 3248 1518 3318 praeisti.

609 3345 767 3399 XLII.
809 3342 924 3397 Hoc
973 3343 1140 3412 igitur
1176 3343 1381 3397 dictum
1416 3349 1501 3397 est
1536 3345 1677 3413 (age
1726 3342 1872 3398 enim
1915 3342 2113 3413 Aglao-
2138 3347 2184 3408 C

2283 3342 2417 3395 MB’.
2443 3343 2652 3397 Οὐκοῦν
2680 3344 2896 3414 ἐλέγετο
2923 3344 3080 3416 (φέρε
3114 3346 3219 3419 γάρ
3253 3348 3389 3418 πρὸς
3423 3349 3592 3419 μέρος
3613 3352 3680 3418 ἐξ
3702 3355 3812 3425 ἀρ-

535 3437 759 3507 phontis
806 3434 1127 3490 sententiam
1164 3436 1233 3489 ab
1282 3434 1443 3489 initio
1480 3436 1767 3505 repetitam
1794 3436 2111 3507 singillatim

2216 3435 2317 3504 χῆς
2346 3434 2654 3499 ἀκολούθως
2704 3436 2794 3489 τὸν
2835 3436 3236 3505 Ἀγλαοφῶντος
3268 3438 3609 3509 ἐξετάσωμεν
3642 3443 3812 3511 νοῦν)

535 3523 973 3597 expendamus),
1021 3526 1258 3618 animam
1291 3542 1512 3596 corpus,
1546 3527 1691 3597 quod
1719 3526 2112 3583 circumfusum

2214 3526 2422 3597 ἡψυχὴ
2472 3526 2533 3579 τὸ
2565 3526 2722 3597 σῶμα
2758 3528 2845 3582 διὰ
2872 3527 2969 3599 τὴν
3012 3529 3318 3601 παράϐασιν
3359 3530 3388 3583 ὃ
3427 3534 3812 3603 περικείμεθα

538 3623 696 3675 nobis
728 3627 833 3684 est,
872 3619 927 3673 in
963 3618 1147 3673 delicti
1183 3616 1399 3689 poenam
1435 3621 1834 3690 assumpsisse,
1862 3636 1984 3676 eum
2016 3636 2112 3676 su-

2220 3616 2379 3670 τοῦτο
2393 3617 2758 3687 ἀνειληφέναι,
2792 3620 3000 3689 χρόνοις
3025 3622 3135 3682 τοῖς
3165 3620 3276 3673 ἄνω
3302 3622 3469 3691 χωρὶς
3492 3624 3663 3676 αὑτοῦ
3703 3645 3810 3696 μει-

528 3712 845 3782 perioribus
893 3709 1229 3779 temporibus
1270 3710 1338 3764 ab
1378 3725 1442 3765 eo
1498 3720 1749 3779 separata
1799 3725 2009 3765 summa
2056 3711 2111 3764 in

2211 3707 2420 3777 καρίως
2441 3706 2691 3770 διάξασα.
2718 3708 2855 3770 Τοὺς
2877 3708 2984 3778 γάρ
3011 3708 3365 3778 δερματίνους
3396 3706 3532 3763 εἶναι
3558 3715 3811 3781 χιτῶνας

530 3803 796 3857 ~t'elieitate
851 3799 1090 3871 degeret.
1152 3799 1365 3855 Etenim
1419 3810 1663 3857 scorteas
1721 3803 1840 3855 illas
1895 3803 2112 3857 tunicas

2213 3797 2462 3869 σώματα,
2511 3802 2589 3862 είς
2622 3800 2657 3854 ἀ
2690 3799 2960 3871 ἐνεῖρχθαι
3006 3800 3203 3871 συνέϐη
3253 3801 3351 3865 τάς
3389 3802 3589 3873 ψυχάς,
3634 3806 3811 3878 δίκην

535 3907 767 3962 corpora
801 3906 923 3947 esse
964 3892 1218 3955 dicebat,
1253 3892 1453 3961 quibus
1505 3891 1664 3962 565
1723 3892 1946 3946 inclusa:
1983 3900 2112 3947 sunt

2210 3889 2359 3951 ὅπως
2392 3886 2467 3942 ὧν
2507 3890 2740 3959 ἔδρασαν
2770 3892 3192 3963 νεκροφοροῦσαι
3224 3895 3596 3965 παράσχωσιν.
3632 3899 3713 3950 Ἦ
3742 3904 3810 3954 οὐ

535 3986 765 4047 animae,
802 3993 861 4038 ut
908 3990 1182 4038 mortuum
1235 3984 1368 4039 illud
1422 3998 1624 4054 corpus
1660 3984 2110 4040 circumferentes

2209 3979 2380 4032 ταῦτα
2440 3981 2656 4052 πρῶτον
2699 3977 2765 4052 ἦν
2820 3984 2877 4036 ὲν
2929 3984 3072 4054 ἀρχῇ
3121 3983 3190 4036 τά
3219 3985 3477 4055 λεχθέντα
3530 3988 3638 4040 ὑπὸ
3676 3991 3807 4056 σοῦ,

535 4086 723 4124 eorum
776 4086 897 4142 qua:
974 4072 1396 4138 commiserant,
1463 4087 1655 4144 pcenas
1718 4072 2108 4143 dependet-ent.

2212 4075 2397 4146 ίατρὲ;
2430 4076 2567 4129 Ἀλλ’
2590 4078 2670 4141 είς
2699 4077 3000 4147 ὑπόμνησιν
3028 4079 3122 4133 ἐάν
3148 4080 3230 4142 τίς
3254 4082 3275 4111 ³
3308 4098 3389 4134 σοι
3419 4082 3685 4152 φαίνομαι
3726 4088 3807 4155 μὴ

537 4158 729 4216 Nonne
770 4162 883 4216 haec
935 4171 1048 4217 ate
1092 4162 1249 4217 initio
1288 4162 1565 4235 proposita
1604 4170 1755 4228 sunt,
1801 4177 1835 4217 ο
1866 4164 2113 4218 medice?

2213 4168 2594 4239 μεμνημένος·
2649 4169 2768 4222 οὐδὲ
2818 4170 2911 4223 νῦν
2951 4172 3306 4243 ὑπομνήσεως
3353 4175 3433 4237 είς
3471 4174 3632 4227 τοῦτο
3676 4177 3804 4243 δέῃ.

537 4252 617 4305 Tu
647 4267 797 4316 vero,
830 4252 876 4307 si
907 4254 1089 4307 minus
1123 4253 1401 4308 recordari
1430 4253 1648 4319 videor,
1674 4253 1949 4307 memoriae
1978 4267 2110 4307 mea:

2209 4230 2359 4314 Ᾰὺτά
2381 4230 2563 4314 ’ταῦτα
2609 4262 2717 4331 γὰρ
2762 4257 2830 4331 ἦν
2863 4262 2923 4314 ἐν
2957 4230 3362 4333 πρώτοίξήμίν
3391 4230 3459 4317 τά
3497 4230 3805 4336 είρημένέί.

531 4345 814 4413 subjicito.
854 4344 1001 4399 Nihil
1031 4360 1095 4400 ea
1150 4360 1209 4399 re
1250 4360 1396 4399 nunc
1433 4345 1652 4414 quidem
1703 4360 1842 4414 opus
1876 4354 1997 4409 est,
2036 4345 2111 4399 ait

2210 4350 2273 4402 Τί
2304 4350 2361 4402 δὲ
2391 4351 2512 4419 οὐχὶ
2541 4352 2636 4404 καὶ
2664 4350 2822 4404 τοῦτο
2854 4354 2912 4405 ὲν
2941 4355 3053 4416 τοῖς
3093 4353 3216 4424 ἑξῆς
3243 4354 3461 4423 ἐλέγετο
3501 4356 3810 4427 πολλαχῶς

535 4438 644 4491 ille.
680 4435 816 4489 Nam
848 4437 960 4491 haec
992 4437 1109 4506 ipsa
1147 4444 1296 4500 sunt,
1324 4451 1443 4507 qua:
1473 4436 1649 4506 primo
1680 4436 1799 4491 loco
1846 4436 2103 4492 diximus.

2208 4441 2311 4493 ὑπὸ
2329 4440 2442 4504 σοῦ,
2461 4442 2535 4504 ώς
2551 4443 2801 4511 ἐμποδὼν
2817 4444 2952 4517 πρὸς
2968 4445 3066 4515 τὴν
3088 4446 3389 4516 κατάληψιν
3405 4449 3533 4517 ἡμῖν
3548 4448 3611 4501 τὸ
3630 4451 3809 4521 σῶμα

534 4525 677 4590 Quid
717 4525 955 4580 deinde?
991 4524 1181 4583 Nonne
1219 4526 1323 4580 hoc
1355 4532 1542 4595 postea
1570 4524 1769 4594 saepius
1803 4539 1833 4577 a
1869 4535 1919 4579 te
1957 4539 2109 4578 com-

2207 4532 2314 4585 τῶν
2341 4532 2507 4594 ὅντως
2527 4534 2717 4602 ὄντων,
2744 4536 2837 4588 καὶ
2859 4536 3076 4604 γνῶσιν,
3099 4537 3186 4591 διά
3205 4538 3303 4603 τάς
3324 4540 3456 4609 πρὸς
3478 4541 3537 4593 τὸ
3560 4549 3809 4611 κοσμεῖν

537 4624 893 4669 memoratum
928 4626 1045 4680 est,
1103 4632 1298 4685 magno
1346 4616 1503 4670 nobis
1553 4614 1939 4686 impedimento
1983 4630 2106 4671 esse

2208 4623 2464 4693 ἀσχολίας
2493 4625 2625 4678 αὐτὸ
2646 4627 2740 4679 καὶ
2763 4626 3107 4697 θεραπεύειν,
3134 4630 3365 4697 γίνεται,
3388 4632 3481 4684 καὶ
3503 4631 3601 4694 τὰς
3623 4634 3808 4698 ἄλλοις

533 4721 759 4775 corpus,
816 4706 880 4758 ad
911 4721 1100 4761 eorum
1130 4721 1250 4774 quae
1285 4720 1477 4760 revera
1506 4714 1673 4772 sunt,
1710 4707 2106 4776 perceptionem
2139 4699 2145 4755 l

2211 4713 2310 4776 τάς
2341 4716 2465 4785 περὶ
2494 4715 2592 4786 τὴν
2629 4717 2922 4788 ἐπιθυμίαν
2960 4720 3059 4790 τῆς
3088 4721 3323 4791 γαστρὸς
3353 4722 3674 4793 προσϐολάς,
3712 4726 3806 4778 ἔτι

533 4810 598 4850 ac
650 4797 966 4861 scientiam;
1001 4796 1145 4866 quod
1178 4798 1377 4865 partim
1415 4796 1471 4849 in
1517 4810 1585 4851 eo
1618 4795 1863 4851 curando
1902 4811 1965 4850 ac
2016 4795 2103 4851 fo-

2211 4821 2269 4856 τε
2308 4804 2684 4876 βλασφημιῶν,
2726 4811 2819 4861 καὶ
2847 4812 3113 4864 παντοίων
3136 4813 3306 4865 αἴτιον
3337 4815 3763 4886 ἁμαρτημάτων
3786 4836 3800 4848 ·

532 4887 711 4941 vendo
736 4888 909 4942 simus
929 4888 1201 4957 occupati,
1234 4888 1427 4955 partim
1449 4886 1654 4941 ventris
1692 4900 1793 4941 nos
1838 4887 2106 4942 illecebrae

2209 4893 2295 4946 διὰ
2328 4896 2389 4947 τὸ
2424 4897 2499 4968 μὴ
2538 4896 2797 4952 δύνασθαι
2830 4900 2953 4953 καθ’
2986 4901 3183 4973 ἑαυτὴν
3212 4903 3334 4974 δίχα
3369 4904 3617 4975 σώματος
3646 4906 3803 4971 ὅλως

532 4993 595 5031 ac
622 4978 946 5047 cupiditates
974 4977 1357 5033 infestent?Ad
1383 4977 1494 5031 haec
1516 4976 1900 5031 maledicentia:
1927 4978 2106 5031 omnis

2212 4986 2528 5058 ἀμαρτῆσαι
2576 4988 2676 5059 τὴν
2702 4991 2900 5060 ψυχὴν,
2946 4994 3040 5046 καὶ
3071 4993 3161 5046 διὰ
3195 4995 3348 5048 τοῦτο
3391 4997 3527 5066 μετά
3555 4997 3652 5069 τὴν
3699 5001 3798 5054 ἐν·

537 5071 589 5122 in
628 5068 832 5133 Deum,
871 5084 933 5122 ac
961 5077 1305 5137 peccatorum
1335 5068 1577 5121 omnium
1623 5082 1843 5121 causam
1883 5066 1950 5121 ad
1980 5084 2103 5123 cor-

2208 5076 2397 5131 τεῦθεν
2430 5080 2737 5151 ἀποδημίαν
2765 5083 2919 5146 ἐκτὸς
2954 5085 3367 5157 ἁμαρτημάτων
3394 5090 3540 5153 ὅπως
3582 5066 3771 5145 ἔσοιτο

531 5176 633 5229 pus
678 5157 892 5221 referri,
931 5166 1215 5228 propterea
1262 5156 1407 5226 quod
1452 5172 1546 5225 per
1573 5171 1693 5211 sese
1724 5157 1842 5211 sine
1875 5171 2103 5226 corpore

2210 5171 2303 5221 καὶ
2330 5171 2611 5241 παρακοῆς
2642 5173 2700 5225 ὲν
2733 5176 2844 5237 τοῖς
2875 5135 3142 5246 ούράνοίς,
3163 5135 3303 5233 ⁸ἔνθα
3332 5180 3425 5233 καί
3457 5181 3552 5245 τὰς
3570 5135 3794 5253 διατρι-ἶ

534 5266 763 5320 pcccare
790 5266 1015 5322 prorsus
1054 5253 1232 5303 anima
1282 5263 1392 5303 non
1441 5247 1664 5318 potest?
1696 5246 1849 5302 Unde
1893 5254 1947 5303 et
1978 5258 2103 5317 post

2208 5260 2306 5323 ϐὰς
2350 5261 2461 5325 ἕξει
2504 5262 2642 5332 μετά
2678 5264 2787 5319 τῶν
2834 5267 3101 5335 ἀγγέλων.
3152 5270 3442 5343 ἐλευθέραν
3487 5246 3794 5345 αὐτὴνκαὶ

530 5344 739 5397 obitum
765 5382 780 5407 ,
820 5357 928 5412 quo
970 5349 1193 5412 peccato
1245 5348 1410 5409 atque
1448 5340 1504 5393 in
1556 5337 1727 5394 Deum
1757 5343 2099 5395 contumacia

2206 5352 2417 5422 γυμνὴν
2467 5355 2660 5425 χρῆναι
2711 5356 2982 5428 διαμεῖναι
3045 5337 3676 5437 σώματος-ἐπειδήπερ
3727 5369 3794 5420 τὸ

531 5449 726 5489 vacare
756 5434 811 5488 in
841 5434 979 5488 ccelo
1012 5440 1216 5502 posset,
1254 5431 1343 5486 ubi
1376 5446 1500 5485 eum
1536 5432 1743 5502 angelis
1769 5432 1819 5488 ei
1863 5430 2095 5486 domici-

2220 5418 2227 5419 κ
2284 5418 2294 5421 _
2375 5418 2386 5422 ,
2468 5418 2518 5424 ---
2559 5418 2570 5425 ν
2804 5418 2816 5428 1
3127 5418 3138 5431 ι
3276 5418 3293 5427 υ
3317 5418 3330 5431 1
3553 5418 3564 5436 ο
3629 5418 3658 5437 Ἀ
3742 5418 3787 5420 ’-

2208 5440 2366 5511 σῶμα
2396 5443 2490 5495 τοῦ
2524 5446 2844 5515 χραίνεσθαι
2883 5449 3040 5503 τοῦτο
3083 5453 3175 5505 καὶ
3212 5456 3547 5526 ἁμαρτάνειν
3584 5460 3794 5528 παραί-

533 5530 665 5583 lium
699 5530 1058 5584 constitutum
1109 5535 1221 5594 est,
1265 5528 1489 5582 liberam
1538 5527 1686 5582 illam
1743 5542 1808 5581 ac
1868 5542 2097 5600 corpore

2292 5504 2304 5511 .
3128 5504 3133 5505 κ
3218 5504 3538 5526 -.κατ-μη-.
3591 5504 3762 5528 ---τη

2203 5548 2315 5585 τιον
2346 5534 2481 5605 αὐτῇ
2505 5536 2602 5589 καὶ
2630 5540 2890 5608 συνεργὸν
2922 5543 3149 5611 γίνεται.
3186 5546 3348 5599 ’Ἄνευ
3385 5548 3490 5620 γὰρ
3537 5548 3792 5619 σώματος

533 5619 790 5674 nudatam
830 5622 950 5674 εδει)
998 5619 1196 5675 debere
1224 5660 1238 5685 ,
1277 5618 1715 5689 quandoquidem
1774 5620 2093 5690 inquinandi

2204 5626 2479 5697 ἀμήχανον
2524 5630 2833 5703 ἀμαρτῆσαι
2875 5635 3074 5707 ψυχήν.
3115 5639 3272 5693 Ὅθεν
3308 5641 3393 5695 ἵνα
3430 5618 3520 5697 τον
3557 5644 3790 5716 ἄπειρον

622 5779 850 5835 'Deesse
898 5780 1113 5834 videtur
1138 5779 1408 5835 nonnihil.
1486 5781 1506 5812 ³
1535 5756 1618 5832 [δέ
1673 5778 1759 5846 ἄγ’
1793 5779 1871 5842 εἰς
1900 5780 2064 5853 ύπομ.
2101 5782 2192 5837 ἐάν
2219 5801 2289 5837 τι.
