4082 6394
302 363 331 416 1
355 363 481 417 l37-
970 364 1343 422 ADVERSUS
1382 366 1723 423 "ERESES
1761 367 1891 424 LIB.

1947 370 1996 425 ,1.
2039 371 2203 428 TUM.
2242 375 2284 428 1.
2325 404 2392 417 ι-
2431 373 2706 429 ῙΙᾸΞΒΕΞ.
2748 370 2932 428 LXIV.
3423 366 3559 421 1158

298 479 690 549 ἀναμάρτητος
736 480 907 535 αἰῶνα
946 485 1180 556 τηρηθῇ,
1217 488 1401 540 οὐκέτι
1452 490 1514 540 τὸ
1559 490 1882 542 ταλαντεῦον

1945 516 1952 553 ι
1988 492 2073 545 sui
2108 496 2478 565 peccandique
2528 510 2695 551 causa
2731 493 2810 548 illi
2847 507 3048 562 corpus
3090 500 3173 545 est
3198 528 3212 551 ,
3243 496 3295 544 et
3324 488 3557 543 admini-

297 570 479 640 αὐτὴν
518 572 599 634 εἰς
634 571 734 642 τὴν
764 573 968 645 φθορὰν
1002 578 1153 629 κάτω
1192 577 1286 631 καὶ⁵
1335 578 1433 649 τὴν
1479 579 1690 632 ἀδικίαν
1724 580 1884 648 σῶμα

1992 591 2162 638 stram
2213 602 2433 655 operam
2470 587 2714 655 praebet?
2746 585 2881 639 Nam
2931 585 3137 652 absque
3173 596 3403 650 corpore
3434 594 3558 648 pec-

297 660 594 729 λήῲεεθαι.
643 662 867 734 Ἐλέχθη
900 666 995 718 καὶ¹
1034 666 1212 723 τοῦτο.
1240 668 1305 719 Τί
1348 669 1404 721 δὲ
1451 671 1540 722 καὶ
1590 669 1768 733 καλῶς
1802 688 1883 724 σοι

1989 690 2114 729 care
2162 679 2342 731 anima
2394 694 2501 733 non
2536 688 2734 748 potest.
2768 677 2896 732 Ideo
2949 684 3009 729 ut
3060 673 3273 728 infinito
3316 681 3560 740 tempore

297 749 465 802 τοῦτο
498 752 592 802 καὶ
622 751 815 822 ὀρθῶς,
845 753 1000 824 ἔφην,
1028 756 1233 827 ἥγησαι
1254 757 1499 829 λελέχθαι
1524 777 1538 825 ;
1567 762 1675 814 Καὶ
1695 762 1747 813 τί
1778 778 1880 825 σοι,

1987 768 2194 834 peccati
2225 782 2425 837 corpus
2446 784 2642 838 expers
2672 782 2793 823 esse
2812 767 3004 837 possit,
3030 780 3136 819 non
3165 764 3293 818 illud
3324 762 3557 831 amplius

301 843 436 912 ἔφη.
466 842 624 896 τοῦτο
644 844 919 916 διαφέρειν
952 848 967 879 ⁸
988 865 1003 914 ;
1039 848 1198 901 Ἀλλὰ
1219 850 1319 902 οὐκ
1342 849 1565 923 ἐλέγξῃς
1589 852 1681 905 τὸν
1704 853 1883 921 λόγον.

1985 872 2188 925 corpus
2210 860 2461 929 accipiet,
2492 860 2637 929 quod
2663 874 2881 929 pessum
2901 859 3048 911 illam
3074 856 3140 911 ad
3192 854 3554 922 corruptelam

303 932 445 983 υὺδὲ
482 932 659 1004 ψυχὴν
687 935 762 997 δὲ,
801 937 931 1005 ἐγώ.
981 939 1141 991 Ἀλλὰ
1168 939 1234 991 δι’
1267 940 1303 993 ἃ.
1337 941 1583 1012 εἴρηκας,
1613 943 1761 1006 ὅπως
1800 945 1886 1008 ἐξ·

1985 955 2038 1003 et
2064 948 2131 1002 ad
2162 950 2482 1018 injustitiam
2510 952 2785 1022 deprimit.
2813 949 2928 1004 Hoc
2962 949 3139 1019 ipsum
3160 986 3175 1010 ,
3222 946 3299 999 ait
3327 946 3415 999 ille
3434 985 3449 1007 ,
3476 943 3556 996 di-

299 1022 568 1093 ετάζηται
599 1029 627 1078 ὁ
672 1026 847 1095 λόγος,
879 1027 1058 1093 καλῶς
1082 1032 1176 1084 καὶ
1221 1033 1415 1103 ὀρθῶς,
1445 1035 1567 1106 ἔφη.
1606 1036 1796 1101 Καλῶς
1823 1040 1881 1093 δέ

1991 1042 2189 1095 ximus.
2229 1040 2367 1099 Num
2404 1052 2461 1097 tu
2490 1058 2619 1099 vero
2644 1081 2662 1109 ,
2719 1044 2944 1112 inquam
2973 1080 2988 1105 ,
3024 1049 3169 1095 recte
3202 1052 3266 1092 ac
3302 1036 3556 1105 praeclare

299 1129 392 1211 σοι
422 1114 571 1167 δοκεῖ
612 1116 853 1172 τίθεσθαι
889 1121 982 1173 καὶ
1013 1121 1206 1192 ὀρθῶς,
1252 1124 1310 1187 ὃς
1344 1125 1522 1196 ἐαυτῷ
1554 1126 1623 1180 τὰ
1666 1130 1881 1183 ἐναντία

1990 1131 2193 1185 dictum
2231 1132 2363 1187 illud
2393 1134 2718 1190 existimas?
2750 1133 2890 1199 Quid
2924 1131 3068 1187 enim
3101 1137 3193 1184 tua
3232 1128 3434 1182 refert?
3458 1127 3552 1180 ait.

302 1201 477 1269 λέγων
513 1206 605 1257 καὶ
633 1206 966 1276 άσύμφωνα;
990 1212 1110 1263 Οὐδ’
1141 1213 1307 1276 ὅπως.
1334 1214 1397 1265 Τί
1427 1212 1519 1270 οὖν
1543 1233 1557 1282 ;
1604 1218 1882 1287 ’Λμούσως

1989 1223 2153 1293 Atqui
2204 1224 2453 1280 refellere
2500 1225 2604 1280 ista
2637 1238 2744 1279 non
2790 1225 3011 1294 poteris.
3041 1221 3227 1291 Neque
3273 1237 3401 1276 vero
3434 1220 3554 1273 ani-

297 1292 414 1387 ἶάρ
447 1293 619 1358 οὕτως
652 1314 734 1351 σοι
766 1300 1011 1367 φαίνεται
1043 1303 1140 1375 τὴν
1171 1304 1427 1377 ἀλήθειαν
1455 1309 1875 1381 ὑποκρίνεσθαι;

1986 1292 2152 1381 mam,
2186 1316 2413 1385 subjeci.
2446 1316 2642 1372 Verum
2671 1334 2735 1372 ex
2774 1292 2858 1372 bis
2890 1332 3011 1387 qua:
3038 1314 3247 1377 dixisti,
3283 1314 3552 1384 plaeetne,

301 1385 533 1483 lliv'cwv
587 1389 1001 1483 μάλιστα,.ἐφη.
1050 1395 1163 1447 Οὐκ
1212 1397 1319 1467 ἄρα
1366 1399 1604 1471 ἀποδέχῃ
1656 1404 1746 1454 τὸν
1780 1403 1880 1466 τὰς

1988 1415 2049 1462 ιιι
2081 1409 2135 1462 in
2183 1424 2491 1465 sermonem
2545 1417 2695 1463 tuum
2727 1409 3103 1479 inquiramus?
3142 1407 3320 1470 Belle,
3353 1405 3552 1473 inquit,

301 1477 581 1547 ἁμαρτίας
623 1477 926 1537 ἐντείνοντα
957 1486 1093 1558 πρὸς
1122 1488 1184 1541 τὸ
1219 1489 1408 1559 ψευδὲς
1450 1492 1611 1562 μέλος
1644 1494 1751 1547 τῶν
1790 1495 1878 1549 λό-

1989 1515 2053 1555 ac
2083 1501 2385 1555 commode.
2416 1500 2654 1556 Rectene
2681 1516 2810 1555 vero
2854 1516 2917 1554 ac
2957 1499 3217 1571 praeclare
3254 1512 3445 1551 censes
3487 1495 3556 1549 ab

299 1584 447 1634 γωνς
475 1571 595 1624 Οὐδ’
626 1574 775 1638 ὅπως
808 1575 860 1628 τί
885 1572 978 1631 οὖν
1012 1578 1071 1644 ';

1988 1605 2056 1644 eo
2088 1591 2323 1660 positum
2359 1590 2563 1661 aliquid
2585 1629 2599 1654 ,
2632 1592 2728 1660 qui
2780 1590 2883 1644 sibi
2922 1591 3026 1659 ipsi
3064 1589 3337 1645 contraria
3368 1602 3431 1641 ac
3458 1601 3553 1655 pa-

301 1678 428 1717 rum
484 1667 811 1724 cohaerentia
890 1673 1199 1743 loquatur?
1261 1674 1484 1734 Minime
1536 1694 1709 1745 sane,
1759 1681 1916 1737 dixit.
1974 1683 2117 1751 Quid
2168 1685 2365 1755 igitur?
2420 1684 2560 1739 Num
2596 1685 2696 1739 tibi
2747 1684 2981 1739 absurde
3022 1683 3111 1737 ille
3162 1682 3442 1737 veritatem
3480 1679 3555 1734 si-

302 1762 548 1818 mulasse
576 1765 834 1823 videtur?
870 1770 1123 1837 Omnino,
1164 1775 1566 1844 respondiLNe
1593 1794 1717 1833 eum
1750 1780 1970 1849 quidem
2012 1782 2180 1854 igitur
2206 1782 2437 1853 probare
2470 1790 2642 1852 potes,
2693 1783 2784 1853 qui
2827 1781 3020 1837 delicta
3070 1778 3136 1833 ad
3189 1777 3385 1833 falsum
3430 1790 3557 1831 ora-

298 1854 470 1909 tionis
491 1869 818 1914 concentum
842 1870 1003 1933 atque
1025 1865 1364 1922 harmoniam
1389 1870 1674 1925 intendat?
1695 1871 1876 1939 Nullo,
1914 1876 2109 1944 inquit,
2148 1875 2329 1930 modo.

373 1946 580 2001 ‘lt'ncofw
602 1950 720 2003 οὐδὲ
741 1953 968 2006 σεαυτοῦ
1000 1954 1247 2024 λέγοντος
1273 1958 1546 2028 ἀμούσως,
1563 1961 1669 2013 οὐδ’
1697 1962 1874 2015 ὁτιοῦν
1909 1973 1947 2025 Β

1942 1980 1947 2021 ι
2048 1963 2217 2033 Igitur
2258 1980 2325 2020 ne
2366 1972 2419 2019 te
2460 1964 2638 2036 ipsum
2681 1963 2900 2035 quidem
2940 1957 3255 2033 probaveris
3312 1959 3402 2027 qui
3445 1967 3554 2011 tam

298 2033 580 2109 ἀποδείξῃ.
642 2042 776 2105 Δοὺς
826 2043 937 2117 γὰρ
996 2046 1303 2116 ἀσωμάτως
1358 2051 1734 2122 ἡμαρτηκέναι
1782 2054 1881 2116 τὰς

1986 2055 2222 2110 absurde
2266 2033 2508 2124 loquare.
2574 2033 2710 2107 Nam
2741 2068 2863 2106 cum
2896 2064 3151 2120 peccasse
3180 2047 3313 2101 citra
3355 2061 3554 2114 corpus

299 2126 500 2196 ψυχὰς,
542 2131 947 2201 ἀποσφαλείσας
981 2137 1079 2206 τῆς
1122 2138 1358 2209 ἐντολῆς,
1403 2141 1497 2194 καὶ
1542 2142 1758 2213 φράσας
1794 2144 1881 2197 διὰ

1984 2145 2196 2199 animas
2237 2145 2633 2208 concessisses,
2662 2158 2725 2197 ac
2756 2142 3068 2196 mandatum
3103 2154 3224 2194 esse
3252 2149 3556 2206 transgres-

300 2219 401 2287 τὴν
436 2222 663 2291 ἰνομίαν
699 2227 823 2289 τοὺς
862 2227 1094 2297 χιτῶνας
1124 2229 1313 2293 αὐταῖς
1355 2229 1580 2302 ὕστερον
1607 2234 1733 2297 τοὺς
1762 2234 1884 2306 δερ-

1985 2252 2099 2301 sas,
2147 2245 2312 2306 atque
2357 2237 2426 2291 ob
2469 2237 2518 2291 id
2566 2244 2849 2306 peccatum
2898 2241 3139 2290 scorteas
3185 2232 3291 2285 illis
3340 2230 3554 2284 tunicas

303 2311 563 2378 ματίνους
596 2313 885 2370 δεδωκέναι
918 2319 1009 2372 τὸν
1046 2320 1196 2386 Θεὸν,
1235 2322 1321 2374 ἵνα
1352 2322 1505 2393 δίκην
1526 2326 1884 2396 νεκροφοροῦ-

1985 2326 2255 2381 obtulisse
2280 2325 2469 2393 Deum,
2500 2336 2644 2382 utea
2671 2333 3010 2381 mortuorum
3037 2323 3339 2395 gestatione
3363 2334 3555 2390 ptenas

302 2418 393 2454 σαι
425 2404 769 2477 παράσχωσι,
793 2409 1024 2478 χιτῶνας
1054 2412 1122 2464 τὰ
1154 2412 1377 2483 σώματα
1410 2416 1641 2484 φράσας,
1668 2418 1878 2488 προῖόν⁶

1988 2420 2400 2489 persolverent;
2465 2418 2682 2474 tunicas
2737 2418 2882 2474 enim
2931 2419 3065 2473 istas
3114 2415 3182 2470 de
3231 2414 3555 2483 corporibus

300 2509 392 2555 τος
417 2493 512 2546 τοῦ
541 2496 699 2565 λόγου
731 2500 1140 2571 ἐπιλαθόμενος,
1171 2502 1207 2556 ἃ
1228 2504 1288 2556 τὸ
1309 2503 1523 2574 πρῶτον
1554 2507 1776 2571 ὑπέθου,
1807 2506 1883 2579 μὴ

1984 2511 2406 2581 interpretaris,
2463 2526 2589 2565 cum
2651 2510 2797 2572 haec,
2877 2522 3133 2580 mquam,
3186 2505 3552 2565 asseruisses,

300 2584 558 2640 δύνασθαι
588 2589 710 2641 καθ’
739 2592 935 2663 ἑαυτὴν
974 2594 1074 2664 τὴν
1110 2595 1288 2664 ψυχὴν
1330 2597 1642 2668 ἁμαρτῆσαι
1682 2599 1878 2667 λέγεις,

1986 2603 2364 2673 progrediente
2409 2603 2669 2674 deinceps
2715 2602 2995 2664 oratione,
3028 2600 3174 2655 velut
3197 2612 3384 2653 eorum
3434 2612 3554 2665 qua:

305 2674 383 2724 Οὐ
418 2676 719 2743 πεφυκέναι
752 2678 859 2751 γάρ
892 2681 1028 2745 ὅλως
1057 2683 1193 2753 πρὸς
1225 2682 1401 2746 τοῦτο,
1430 2684 1567 2738 ἀλλὰ
1594 2687 1883 2757 παραίτιον

1985 2705 2140 2751 antea
2189 2710 2557 2765 proposueras
2604 2694 2807 2750 oblitus
2837 2733 2852 2760 ,
2916 2708 3021 2747 non
3081 2705 3243 2761 posse
3292 2702 3389 2759 per
3434 2702 3554 2740 sese

303 2765 440 2854 αότῇ
474 2768 743 2821 παντοίων
770 2771 957 2824 κακῶν
976 2772 1035 2825 τὸ
1060 2772 1217 2843 σῶμα
1237 2776 1536 2843 γεγονέναι.
1563 2776 1723 2830 Ὅθεν
1748 2778 1883 2849 πρὸς

1984 2786 2221 2839 animam
2248 2799 2489 2854 .peccare
2526 2784 2860 2839 confirmas:
2891 2782 3058 2853 566
3101 2794 3277 2849 neque
3309 2777 3453 2833 enim
3487 2774 3554 2829 ad

302 2851 479 2945 "copi
532 2861 951 2933 παρορμηθῆναι
1005 2864 1142 2935 πρὸς
1192 2865 1403 2919 ἀδικίαν
1461 2868 1648 2939 αὐτὴν,
1705 2864 1879 2932 αὖθις,

1985 2875 2037 2930 id
2067 2892 2097 2929 a
2137 2886 2331 2930 natura
2375 2891 2495 2931 esse
2534 2882 2901 2945 comparatam
2938 2914 2953 2939 ,
2984 2872 3078 2928 sed
3123 2871 3389 2926 malorum
3447 2882 3557 2921 om-

305 2943 557 3017 καθάπερ
591 2951 786 3022 συνέϐη
828 2955 918 3006 καὶ
951 2954 1184 3025 πρόσθεν
1216 2957 1318 3010 ὑπὸ
1362 2957 1455 3010 τοῦ
1488 2960 1759 3029 σώματος.
1795 2959 1883 3012 οὓ-

1985 2967 2135 3020 nium
2162 2981 2382 3022 causam
2416 2966 2466 3022 ei
2512 2982 2710 3037 corpus
2748 2965 3018 3019 attulisse.
3044 2963 3223 3029 Quare
3262 2975 3329 3014 ne
3361 2957 3427 3011 ad
3459 2958 3556 3009 im-

302 3039 522 3101 τως-είς
570 3042 697 3103 τοὺς
738 3043 940 3108 αἰῶνας
996 3046 1165 3117 αὐτὴν
1221 3047 1436 3102 ἔσεσθαι
1484 3050 1653 3120 χωρὶς
1695 3051 1878 3104 αὑτοῦ.

1985 3056 2308 3125 probitatem
2354 3056 2551 3110 iterum
2595 3055 2874 3118 incitetur,
2905 3049 3361 3122 quemadmodum
3397 3052 3553 3098 antea

305 3127 497 3183 Καίτοι
525 3133 736 3203 πρῶτον
764 3137 930 3190 εἰπὼν
964 3141 1020 3191 ἐν
1048 3140 1126 3211 τῷ
1158 3142 1471 3212 παραδείσῳ
1505 3143 1611 3214 πρὸ
1642 3143 1736 3196 τοῦ
1780 3143 1883 3196 σώ-

1983 3162 2047 3202 ex
2100 3148 2422 3219 contagione
2460 3147 2707 3217 corporis
2758 3144 3047 3207 acciderat,
3084 3143 3165 3195 sic
3205 3140 3351 3194 illam
3388 3136 3458 3190 ab
3492 3149 3557 3190 eo

309 3237 475 3289 ματος
498 3224 594 3295 τὴν
615 3226 810 3298 ψυχὴν.
833 3230 991 3283 ὁπότε
1023 3230 1102 3284 ἔτι
1136 3233 1379 3304 μακαρία
1408 3234 1500 3287 καὶ
1532 3233 1768 3306 ἀναλγὴς
1792 3230 1880 3305 ἦν,

1988 3248 2295 3309 separatam
2363 3248 2623 3310 perpetuo
2685 3219 2947 3294 futuram.
3000 3234 3165 3305 Atqui
3212 3231 3375 3303 paulo
3431 3236 3556 3282 ante

306 3315 702 3387 ἡμαρτηκέναι,
746 3322 1046 3391 Παραϐἄσα
1100 3325 1207 3394 γὰρ
1257 3325 1356 3395 τὴν
1404 3326 1643 3397 ἐντολὴν,
1688 3343 1918 3399 κεκρα-ι

1943 3325 1958 3379 3
1993 3331 2252 3395 dixeras,
2299 3332 2536 3393 animam
2582 3336 2707 3384 ante
2757 3342 2959 3398 corpus
3001 3325 3057 3379 in
3100 3322 3375 3394 paradiso,
3425 3318 3555 3371 dum

304 3407 545 3479 τημένης
577 3410 597 3440 ³
646 3413 745 3483 ἤδη
792 3413 881 3467 διὰ
931 3416 1028 3485 τὴν
1094 3416 1227 3486 πρὸς
1277 3417 1363 3470 τὸν
1402 3417 1523 3485 ὅφιν
1571 3418 1742 3471 πειθὼ
1781 3420 1877 3489 τῆς

1987 3421 2166 3477 adhuc
2213 3421 2361 3487 felix,
2396 3430 2450 3477 et
2478 3438 2508 3475 a
2537 3420 2724 3476 dolore
2769 3418 3031 3474 immunis
3079 3424 3249 3478 esset,
3305 3425 3427 3466 sese
3464 3409 3559 3461 ob-

304 3496 593 3571 άμαρτίας,
626 3503 823 3575 δεσμὸν
857 3506 991 3577 αὐτῇ
1030 3506 1090 3558 τὸ
1137 3505 1297 3577 σῶμα
1333 3508 1575 3563 δεδόσθαι
1618 3511 1876 3581 τιμωρόν.

1988 3516 2278 3570 strinxisse
2337 3521 2583 3584 peccato.
2643 3512 2855 3582 Quippe
2907 3510 3112 3565 violato
3150 3506 3242 3561 Dei
3277 3501 3555 3561 mandato,

306 3603 428 3641 cum
451 3590 562 3659 jam
600 3603 901 3661 peccatum,
936 3612 1033 3666 pro
1060 3611 1125 3651 eo
1150 3599 1294 3667 quod
1330 3598 1567 3669 serpenti
1614 3610 1892 3670 paruerat,
1928 3604 2268 3669 invaluisset,
2303 3620 2503 3675 corpus
2534 3605 2611 3657 illi
2655 3602 2906 3674 supplicii
2956 3601 3078 3655 loco
3121 3595 3326 3653 vinculi
3387 3593 3560 3646 instar

308 3684 724 3740 circumdatum.

381 3776 542 3829 Ὥστε
577 3777 609 3847 ἢ
638 3780 701 3831 τὸ
728 3781 987 3852 πρότερον
1015 3782 1048 3853 ἢ
1084 3784 1144 3836 τὸ
1161 3783 1386 3856 ὕστερον
1414 3786 1513 3838 οὐκ
1549 3785 1725 3858 ὀρθῶς
1746 3786 1877 3857 ἔχει.

2062 3785 2233 3856 Igitur
2280 3785 2364 3839 vel
2417 3785 2590 3855 prius,
2650 3785 2736 3839 vel
2792 3782 3065 3854 posterius
3122 3794 3409 3851 perperam
3446 3795 3474 3832 a
3509 3789 3559 3833 te

313 3867 465 3918 Ἤτοι
498 3869 608 3939 γὰρ
645 3871 750 3941 πρὸ
782 3871 1028 3943 σώματος
1066 3876 1300 3947 ἥμαρτε,
1334 3879 1427 3930 καὶ
1469 3878 1620 3932 οὐδέν
1661 3897 1714 3931 τι
1746 3879 1880 3950 μᾶλ-

1988 3878 2226 3947 positum
2276 3884 2380 3933 est.
2432 3875 2568 3930 Nam
2624 3884 2718 3931 aut
2762 3883 2888 3929 ante
2936 3889 3136 3941 corpus
3179 3872 3428 3941 deliquit,
3470 3885 3554 3933 ac,

310 3955 415 4018 λον,
448 3957 548 4010 κᾶν
580 3960 653 4030 μὴ
685 3960 822 4032 λάϐῃ
869 3964 1047 4035 σῶμα,
1090 3967 1488 4037 ἁμαρτήσεται,
1523 3969 1618 4021 καὶ
1653 3969 1882 4040 μάταιος

1990 3969 2209 4023 tametsi
2239 3983 2442 4037 corpus
2478 3968 2702 4022 minime
2734 3972 2999 4027 resumat,
3040 3963 3398 4016 nihilominus
3443 3976 3560 4030 pec-

311 4050 344 4118 ὴ
378 4048 623 4119 περὶτοῦ
655 4053 728 4122 μὴ
764 4055 1084 4108 ἀνίστασθαι
1111 4057 1172 4109 τὸ
1216 4057 1374 4128 σῶμα
1404 4061 1811 4131 περισσολογία·
1843 4063 1877 4133 ἦ

1988 4059 2154 4124 cabit,
2208 4066 2262 4112 et
2313 4058 2493 4112 inanis
2538 4058 2641 4111 erit
2686 4056 2867 4111 omnis
2913 4055 3005 4109 illa
3061 4060 3253 4109 contra
3312 4050 3559 4122 corporis

313 4140 448 4210 μετὰ
498 4140 770 4212 σώματος,
810 4146 904 4217 καὶ
944 4148 1006 4199 οὐ
1060 4147 1311 4201 δύνανται
1360 4151 1516 4221 σῶμα
1558 4154 1606 4206 οἱ
1658 4153 1881 4224 χιτῶνες

1989 4149 2445 4204 resurrectionem
2495 4164 2560 4202 ac
2616 4163 3017 4219 supervacanea
3075 4146 3417 4217 disputatio:
3466 4152 3560 4196 aut

312 4230 620 4301 νομίζεσθαι
655 4230 790 4287 εἶναι
829 4236 878 4288 οἱ
913 4236 1241 4309 δερμάτινοι.
1289 4242 1612 4311 Εὑρίσκεται
1643 4245 1753 4316 γὰρ
1781 4245 1883 4315 πρὸ

1988 4256 2112 4294 cum
2165 4254 2396 4310 corpore
2443 4241 2728 4309 peccavit,
2765 4249 2928 4308 atque
2959 4238 3032 4292 ita
3065 4246 3292 4293 scorteze
3324 4236 3426 4289 illa:
3464 4244 3556 4288 tu-

312 4323 405 4392 τῆς
446 4329 793 4396 κατασκευῆς
823 4328 1000 4401 αὐτῶν
1030 4330 1300 4402 ἀθετήσας
1329 4333 1357 4384 ὀ
1388 4333 1669 4405 ἄνθρωπος
1702 4337 1879 4407 (πρὸς)

1989 4331 2124 4384 nicas
2178 4329 2246 4383 ad
2296 4346 2497 4401 corpus
2554 4329 2745 4385 referri
2798 4344 2908 4383 non
2962 4336 3237 4399 poterunt,
3290 4326 3559 4397 siquidem

312 4414 407 4483 τὴν
438 4414 585 4467 θείαν
622 4417 866 4487 ἐντολήν·
902 4411 963 4471 οὗ
1008 4420 1100 4472 καὶ
1145 4420 1303 4490 χάριν
1350 4422 1398 4473 οἱ
1447 4422 1669 4491 χιτῶνες
1714 4440 1883 4478 κατα-

1991 4429 2283 4491 antequam
2332 4422 2437 4475 illa:
2485 4428 2915 4482 consuerenlur,
2967 4419 3210 4474 divinum
3242 4419 3311 4473 ab
3342 4418 3561 4471 homine

316 4507 683 4571 σκευάζονται,
720 4507 818 4579 τὴν
860 4510 1140 4579 γύμνωσιν
1181 4511 1279 4581 τὴν
1322 4511 1430 4564 άπὸ
1462 4512 1562 4581 τῆς
1612 4513 1884 4584 ἁμαρτίας

1990 4514 2251 4567 violatum
2295 4529 2419 4570 esse
2457 4521 2785 4583 prmceptum
2830 4512 3337 4575 animadvertimus,
3395 4510 3556 4578 cujus

315 4597 491 4651 αὐτῶν
534 4600 974 4671 προσγενομένην
1034 4600 1381 4670 καλὺιμοντες.
1443 4601 1607 4655 Ἀλλὰ
1659 4603 1927 4707 πότερον¹

1946 4651 1965 4699 ι
1993 4606 2218 4673 insuper
2265 4621 2428 4661 causa
2466 4612 2791 4675 comparata:
2820 4605 2923 4659 illae
2950 4604 3149 4659 tunica:
3178 4610 3326 4668 sunt,
3357 4603 3558 4672 quibus

317 4689 482 4742 πείθω
512 4706 591 4755 σε,
624 4692 717 4743 καὶ
744 4693 896 4763 ὀρᾷς,
922 4692 995 4755 ὡς
1024 4692 1201 4763 ἐαυτῷ
1234 4692 1515 4763 μαχόμενα
1546 4692 1766 4759 ὑπέθου,
1794 4695 1887 4746 καί
1920 4689 1929 4707 ¹

1947 4689 1962 4699 ’
1995 4702 2283 4749 contracta
2343 4710 2409 4749 ex
2461 4702 2684 4765 peccato
2736 4694 2963 4749 nuditas
3013 4694 3379 4759 obtegeretur.
3423 4690 3558 4745 Num

319 4799 395 4835 σοι
442 4782 598 4837 τοῦτο
634 4785 922 4854 γεγένηται
962 4786 1161 4853 σαφές;
1194 4787 1266 4839 Ἢ
1315 4786 1526 4838 οὐδέπω
1574 4785 1883 4856 μανθάνεις,

1995 4787 2210 4839 tandem
2235 4785 2329 4838 tibi
2350 4786 2453 4838 ista
2476 4784 2802 4855 persuadeo,
2823 4784 2981 4853 idque
3008 4783 3143 4837 adeo
3166 4783 3360 4845 sentis,
3380 4798 3562 4851 quem-

316 4866 359 4927 ὧ
398 4874 726 4943 Ἀγλαοφῶν,
771 4876 938 4946 ἔφην.
992 4877 1022 4929 ὃ
1074 4876 1253 4945 λέγω;
1296 4877 1581 4942 Μανθάνω,
1627 4876 1755 4949 ἔφη,
1794 4879 1889 4930 καὶ

1993 4873 2283 4929 admodum
2313 4886 2489 4929 tecum
2520 4875 2635 4944 ipse
2673 4877 2888 4929 ratione
2910 4883 3002 4928 tua
3027 4873 3374 4936 dissenseris,
3400 4881 3561 4943 atque

318 4964 493 5017 οὐκέτι
522 4964 712 5035 δέομαι
734 4964 985 5036 δεύτερον
1012 4966 1346 5020 άκούσασθαι
1365 4984 1379 4997 ⁸
1410 4966 1545 5019 ἀλλὰ
1574 4964 1759 5020 ἔλαθον
1788 4967 1890 5019 οὐκ

1993 4966 2096 5021 hoc
2120 4982 2151 5020 a
2186 4982 2272 5021 me
2315 4967 2411 5021 tibi
2452 4975 2536 5021 est
2567 4968 2852 5037 perspicue
2880 4966 3284 5021 monstratum?
3313 4967 3393 5019 An
3432 4982 3564 5019 non-

319 5055 488 5125 ὀρθῶς
516 5055 704 5109 εἰπών.
752 5057 989 5126 Ἀνάγκη
1033 5056 1140 5127 γάρ
1176 5074 1287 5127 μοι,
1323 5057 1576 5110 δεδωκότι
1604 5058 1730 5120 τοὺς
1763 5056 1886 5127 δερ·

1993 5056 2120 5111 dum
2176 5058 2322 5127 quod
2382 5058 2505 5112 dico
2562 5058 2815 5127 percipis,
2871 5057 3227 5128 Aglaophon?
3282 5057 3395 5128 Ego
3434 5073 3562 5112 vero

325 5147 571 5216 ματίνους
602 5147 834 5217 χιτῶνας
882 5144 1021 5200 εἶναι
1065 5149 1133 5201 τὰ
1174 5146 1420 5217 σώματα,
1452 5146 1753 5217 ὁμολογεῖν,
1794 5147 1889 5217 καὶ

1994 5147 2258 5217 percipio,
2296 5148 2500 5217 inquit,
2544 5162 2645 5201 nec
2684 5148 2873 5202 audire
2907 5148 3148 5202 secundo
3190 5164 3413 5203 necesse
3456 5156 3559 5202 est.

324 5239 444 5309 πρὶν
470 5240 550 5302 είς
586 5240 649 5291 τὸ
694 5238 851 5309 σῶμα
888 5239 984 5309 τὴν
1016 5238 1194 5309 ψυχὴν
1218 5238 1550 5309 ἐληλυθέναι,
1580 5239 1891 5309 ἡμαρτηκὲ-

2001 5235 2108 5290 Sed
2155 5237 2342 5291 nescio
2392 5253 2501 5306 quo
2546 5237 2708 5291 modo
2746 5237 3062 5307 imprudens
3119 5252 3399 5307 perperam
3462 5238 3566 5291 isla

323 5345 423 5390 ναι,
458 5329 573 5381 ἀνθ’
600 5322 674 5381 ὧν
698 5330 802 5400 πρὸ
831 5331 927 5400 τῆς
949 5328 1290 5398 κατασκευῆς
1321 5328 1498 5382 αὐτῶν
1527 5331 1559 5400 ἡ
1582 5328 1892 5399 παράϐασις

1989 5325 2215 5394 jactavi.
2251 5323 2486 5380 Necesse
2519 5334 2602 5380 est
2633 5330 2777 5380 enim
2812 5342 2938 5381 cum
2988 5329 3244 5398 pelliceas
3275 5327 3394 5381 illas
3419 5328 3566 5380 tuni-

324 5416 551 5484 ἐγένετο.
588 5416 684 5469 Διὰ
722 5418 819 5487 τὴν
861 5419 1168 5485 παράϐασιν
1199 5418 1308 5487 γάρ
1346 5418 1395 5468 οἱ
1435 5417 1657 5486 χιτῶνες
1688 5417 1889 5480 αὐτοῖς,

1993 5431 2087 5471 cas
2147 5431 2376 5486 corpora
2421 5432 2547 5472 esse
2595 5419 2961 5473 concesserim
2988 5459 3002 5483 ,
3037 5420 3271 5471 animam
3324 5431 3561 5486 quoque,

327 5508 413 5559 mi.
452 5508 519 5561 δι’
555 5507 735 5560 αὐτῶν
771 5511 805 5578 ἡ
850 5508 1052 5562 τούτων
1095 5510 1274 5572 αὐτοῖς
1323 5507 1757 5570 κατασκεύασις,
1798 5508 1892 5560 καὶ

2069 5508 2317 5578 iusquam
2358 5507 2413 5562 in
2446 5523 2648 5578 corpus
2694 5509 2923 5574 subiret,
2978 5525 3234 5579 peccasse
3268 5507 3678 5589 confiterizd.»

324 5599 415 5669 οὐχ
447 5601 481 5671 ἡ
520 5576 829 5671 παράϐασις
901 5601 993 5654 διά
1042 5601 1169 5665 τοὺς
1208 5600 1439 5671 χιτῶνας
1482 5601 1763 5670 γίγνεταιο
1799 5601 1894 5653 καὶ

2000 5576 2282 5671 propterea
2314 5600 2459 5673 quod
2483 5576 2763 5669 delictum,
2788 5576 3079 5673 antequam
3113 5604 3218 5656 ill-e
3242 5576 3612 5700 ἢριιριιιίῧς

393 5775 410 5807 ¹
438 5773 499 5828 F.
542 5774 805 5838 διαωέοει,
859 5774 953 5833 sed
996 5791 1185 5837 parum
1228 5773 1512 5831 commoda
1566 5776 1677 5829 haec
1728 5774 1886 5830 lectio
1942 5776 2005 5829 vit

1951 5776 2169 5831 videtur.
2244 5775 2263 5807 '
2296 5774 2354 5828 F.
2402 5773 2512 5828 οὐδ’
2561 5776 2707 5839 ὅπως
2748 5771 2859 5831 οὖν.
2937 5778 2958 5809 ³
2991 5774 3049 5831 F.
3086 5775 3563 5847 zsxpatupuéwb.
