4082 6394
542 362 679 419 H39
1913 366 1970 422 S.
2006 366 2347 423 EPIPHANII
3662 363 3691 416 1
3715 361 3824 415 ιω

543 480 866 535 admissum.
925 478 1058 533 Nam
1108 480 1179 535 ob
1230 481 1396 553 legem
1444 483 1698 538 violatam
1749 484 1947 540 tunica:
2000 486 2137 550 illis,

2241 504 2273 537 κ
2300 484 2501 555 ταύτης
2533 484 2629 553 τῆς
2651 483 2939 553 ὁμολογίας
2983 477 3485 549 συγκατατίθεσθαι,
3512 477 3598 540 ὡς
3640 476 3717 529 οὐ
3759 475 3826 527 τὸ

547 570 743 623 oblatae
784 577 933 631 sunt.
983 570 1055 626 ob
1104 586 1333 644 eamque
1356 581 1632 638 consutae;
1680 589 1857 642 neque
1890 582 2110 644 propter

2243 576 2365 645 ὡμα
2413 574 2567 627 τοῦτο
2613 574 2899 643 παραίτιον
2948 574 3145 635 κακίας
3200 572 3365 632 ἐστὶν,
3419 568 3531 622 ἀλλ’
3564 568 3740 636 αὐτὴ
3784 570 3820 635 ἡ

546 660 764 715 tunicas
790 659 881 714 illa
906 668 991 715 est
1019 660 1159 714 facta
1195 661 1529 715 commissio.
1557 660 1687 727 Quae
1715 676 1839 715 cum
1878 660 2111 731 professi

2240 668 2352 737 νυχὴ
2386 669 2442 717 ἐν
2465 668 2652 735 ἑαυτῇ.
2688 667 2797 728 Διὸ,
2835 665 2937 717 κᾶν
2968 664 3040 734 μὴ
3062 663 3200 735 λάϐῃ
3225 662 3283 713 τὸ
3318 660 3495 730 σῶμα,
3527 659 3787 729 ἀμαρτή

549 750 838 817 fuerimus,
894 754 1149 808 assentiri
1192 767 1298 807 una
1325 763 1377 807 et
1409 752 1537 806 illud
1568 751 1850 816 debemus,
1882 768 1951 807 ne
1985 752 2112 806 huic

2240 773 2383 817 ἐται,
2423 756 2721 826 ἐπειδήπερ
2750 756 2843 807 καὶ
2876 753 3110 825 πρόσθεν
3140 755 3351 823 ἥμαρτε
3397 752 3562 821 χωρὶς
3604 750 3807 818 σώμα-

546 844 765 914 quidem
796 847 1012 916 corpori
1045 854 1299 914 tanquam
1334 858 1514 898 causa:
1550 844 1677 897 mali
1710 852 1917 914 partem
1949 845 2113 899 ullam

2244 864 2321 909 ος.
2364 848 2472 900 Καὶ
2513 847 2735 917 ἀνόητον
2767 845 2826 898 τὸ
2876 845 3051 913 λέγειν
3089 844 3384 897 ἀναϐιῶναι
3414 842 3488 912 μὴ
3522 840 3817 893 δύνασθαι

550 953 673 993 esse
696 938 1062 1004 tribuendam,
1084 937 1176 992 sed
1202 936 1375 1006 ipsam
1408 951 1502 1006 per
1523 952 1643 991 sese
1679 938 1914 989 animam
1942 942 2114 989 totam

2240 938 2274 989 ηδ
2303 937 2480 1007 σῶμα,
2512 936 2597 990 διά
2633 937 2791 990 τοῦτο
2820 936 2938 1006 (τὴν
2980 937 3158 1007 σάρκα
3197 936 3237 1003 ³)
3270 936 3354 987 ἵνα
3395 935 3467 1006 μὴ
3498 933 3808 1004 παραίτιοκ

554 1028 702 1083 illam
752 1030 1042 1083 sustinere.
1096 1028 1278 1095 Quare
1325 1028 1539 1083 tametsi
1574 1043 1775 1098 corpus
1802 1042 1937 1104 .uon
1966 1040 2117 1080 resu-

2248 1031 2278 1098 ᾖ
2306 1028 2448 1098 ψυχῇ
2479 1028 2570 1080 τοῦ
2600 1028 2915 1100 ἀμαρτῆσαι
2947 1029 3169 1097 γενηθῇ.
3198 1028 3603 1097 Ἀμαρτήσεται
3672 1023 3820 1092 γάρ,

554 1128 687 1183 mat,
744 1121 1095 1175 nihilominus
1161 1121 1427 1190 peccabit,
1484 1136 1607 1174 cum
1655 1128 1709 1174 et
1764 1130 1921 1174 antea
1976 1120 2117 1173 citra

2240 1122 2287 1182 )ς
2319 1120 2410 1171 καὶ
2442 1121 2546 1191 πρὸ
2586 1121 2679 1173 τοῦ
2722 1120 2970 1189 σώματος
3002 1120 3266 1189 ἥμαρτεν,
3300 1118 3468 1181 οὕτως
3519 1116 3621 1169 καὶ
3667 1112 3818 1184 μετὰ

553 1226 753 1279 corpus
786 1211 1105 1281 peccaverit.
1134 1209 1476 1281 Omninoque
1514 1211 1770 1264 stolidum
1801 1219 1887 1265 est
1922 1224 2119 1281 negare

2240 1212 2311 1282 ὴν
2335 1212 2428 1264 τοῦ
2462 1211 2710 1282 σώματος
2757 1213 3035 1274 ἀπόθεσιν,
3075 1210 3177 1263 κᾶν
3213 1210 3286 1280 μὴ
3320 1206 3474 1271 αὖθις
3519 1207 3583 1259 τὸ
3639 1205 3819 1272 σῶμα

556 1302 627 1357 ob
668 1302 720 1357 id
755 1317 955 1371 corpus
1015 1311 1109 1355 aut
1166 1317 1385 1357 carnem
1452 1317 1613 1372 posse
1669 1316 1975 1371 resurgere,
2050 1317 2120 1357 ne

2240 1302 2487 1375 ιπολάόῃ.
2518 1303 2679 1355 Ὅθεν
2714 1304 2921 1373 ἀνάγκη
2960 1302 3157 1372 μοιδιά
3179 1301 3351 1354 ταῦτα
3383 1301 3515 1369 μήτε
3547 1294 3821 1368 ἐμαυτοῦ

551 1394 769 1464 corpori
802 1403 1077 1463 utcunque
1104 1394 1173 1449 sit
1206 1409 1369 1448 causa
1397 1392 1673 1464 peccandi.
1693 1392 1945 1447 Peccabit
1968 1393 2115 1447 enim

2240 1396 2363 1466 ιήτε
2395 1395 2559 1449 ἄλλου
2594 1396 2947 1465 ἀποδέχεσθαι
2992 1394 3237 1462 λέγοντος
3276 1392 3400 1454 τοὺς
3434 1389 3821 1463 δερματίνους

555 1490 743 1557 utique
788 1487 967 1559 posito
1012 1502 1261 1557 corpore,
1298 1497 1354 1539 ut
1386 1498 1438 1540 et
1462 1493 1584 1538 ante
1620 1499 1822 1554 corpus
1851 1497 2113 1552 peccave-

554 1588 658 1642 rat,
688 1581 790 1634 etsi
826 1594 1025 1647 corpus
1044 1594 1150 1631 non
1198 1577 1425 1631 subinde
1468 1576 1713 1644 recipiat.
1763 1574 1837 1628 Ex
1874 1589 1983 1644 quo
2020 1589 2118 1629 ne-

2220 1485 2453 1554 χιτῶνας
2481 1481 2619 1541 εῐναι
2654 1485 2722 1537 τὰ
2751 1484 2995 1554 σώματα.
3039 1486 3099 1537 El
3135 1484 3194 1536 δὲ
3235 1479 3627 1550 ἀποδεξαίμην,
3672 1478 3810 1547 ὁμο-

2221 1576 2399 1645 λογεῖν
2432 1579 2534 1648 χρή
2565 1594 2630 1647 με
2660 1578 2752 1630 καὶ
2776 1576 2845 1630 τὰ
2875 1576 3157 1648 εἰρημένα.

555 1685 708 1724 resse
759 1677 843 1724 est
893 1686 1068 1739 neque
1108 1685 1194 1723 me
1247 1669 1444 1738 ipsum,
1506 1684 1683 1737 neque
1715 1667 1946 1721 alterum
1979 1682 2007 1719 a
2043 1681 2130 1721 me
2192 1670 2411 1738 probari
2446 1670 2607 1741 567
2660 1672 2754 1740 qui
2808 1679 3047 1725 scorteas
3090 1668 3304 1723 tunicas
3348 1680 3581 1737 corpora
3625 1662 3823 1717 fuisse

554 1760 768 1814 dixerit.
806 1759 961 1826 Quod
992 1761 1037 1814 si
1067 1760 1121 1813 id
1162 1776 1262 1831 ego
1310 1759 1674 1827 comprobem,
1717 1771 1822 1811 una
1854 1757 1942 1820 iis,
1982 1771 2104 1827 quae
2147 1756 2281 1823 dixi,
2308 1761 2563 1815 assentiri
2605 1762 2877 1816 convenit.
3432 1768 3437 1773 ‘

627 1846 804 1901 XLIII.
854 1846 934 1900 Ad
967 1847 1080 1901 haec
1112 1863 1211 1917 ego
1246 1868 1256 1901 :
1295 1846 1429 1900 Illud
1484 1861 1632 1909 vero,
1684 1859 1717 1899 o
1760 1844 2112 1915 Aglaophon,

2289 1849 2386 1901 ΜΓ
2387 1855 2420 1903 ’.
2469 1850 2534 1901 Τί
2584 1849 2661 1912 δὲ,
2709 1851 2831 1920 οὐχὶ
2883 1850 3123 1911 κάκεῖνο,
3176 1848 3333 1918 ἔφην,
3371 1840 3416 1899 ὦ
3452 1841 3815 1913 Ἀγλαοφῶν,

557 1952 737 1991 nonne
766 1937 866 1992 tibi
891 1951 1172 2007 perperam
1221 1936 1443 1989 allatum
1493 1934 1747 1988 videtur?
1804 1933 1945 1999 Quid
1986 1932 2119 1988 illud

558 2030 678 2083 est?
747 2030 944 2098 inquit.
1002 2026 1237 2097 Corpus,
1295 2027 1549 2096 inquam,
1619 2040 1864 2080 asserere
1917 2024 2120 2079 vinculi

560 2122 734 2177 instar
785 2136 849 2174 ac
888 2120 1164 2189 compedis
1203 2119 1467 2173 adversus
1503 2118 1737 2171 animam
1797 2131 1918 2171 esse
1955 2114 2124 2170 fabri-

559 2221 741 2266 catum
772 2231 785 2265 :
819 2211 964 2281 quod
991 2220 1045 2265 et
1074 2210 1332 2280 propheta
1360 2211 1567 2263 vinctos
1597 2223 1696 2262 nos
1731 2208 1784 2261 in
1823 2216 1965 2260 terra
2001 2220 2124 2261 esse

562 2305 707 2358 dicat
736 2306 777 2367 ¹,
815 2313 869 2359 et
903 2302 1072 2356 David
1109 2301 1447 2371 compeditos
1484 2300 1793 2370 appellat’?
1825 2297 1961 2351 Tum
1990 2299 2120 2353 ille:

562 2392 936 2463 Ilespondere,
970 2391 1171 2460 inquit,
1214 2398 1324 2444 tam
1350 2389 1599 2459 expedite
1630 2389 1727 2442 tibi
1758 2402 1988 2457 nequeo.
2014 2388 2125 2442 Cur

562 2491 745 2538 autem
777 2498 900 2537 cum
937 2482 1045 2535 alio
1072 2481 1253 2551 potius
1285 2496 1393 2534 non
1429 2478 1715 2549 disputas?
1752 2478 1820 2531 At
1848 2492 1949 2547 ego
1980 2478 2127 2544 (sen-

563 2591 740 2632 seram
774 2576 917 2630 enim
966 2573 1252 2631 erubuisse
1297 2572 1591 2633 hominem,
1624 2569 1983 2639 convincique
2015 2584 2128 2623 me-

563 2669 775 2737 tuere),
832 2668 971 2721 Num
1025 2676 1081 2721 tu
1138 2665 1354 2719 tandem
1416 2664 1710 2717 adductum
1774 2678 1860 2716 me
1923 2661 2126 2715 invidia

565 2768 725 2830 putas
760 2757 997 2811 voluisse
1042 2754 1308 2817 refellere,
1356 2767 1420 2806 ac
1470 2768 1577 2805 non
1619 2752 1798 2822 potius
1831 2749 1978 2819 quod
2009 2756 2127 2802 erat

564 2851 902 2921 propositum
971 2848 1250 2904 declarare
1314 2845 1602 2901 voluisse?
1676 2842 1782 2897 Sed
1843 2843 1978 2898 heus
2036 2842 2122 2894 tul

557 2958 663 3000 nec
702 2954 753 2999 te
806 2939 1129 3010 interrogari
1164 2940 1360 3008 pigeat.
1412 2934 1574 2991 Vides
1623 2936 1768 2991 enim
1807 2949 1917 2989 non
1948 2935 2129 3005 parvis

564 3034 820 3091 derebus
848 3041 1034 3087 natum
1088 3031 1233 3086 hunc
1281 3028 1439 3084 nobis
1476 3044 1598 3085 esse
1648 3041 1975 3091 sermonem,
2033 3025 2129 3080 sed

565 3127 634 3180 de
658 3140 725 3179 eo
753 3124 987 3186 scilicet,
1014 3135 1248 3191 quanam
1290 3120 1499 3173 ratione
1543 3117 1875 3173 credendum
1913 3116 2003 3171 sit.
2032 3115 2127 3168 Et-

2220 1940 2368 1994 δοκεῖ
2397 1957 2475 1993 σοι
2512 1941 2585 2010 μὴ
2614 1939 2791 2011 ὀρθῶς
2838 1939 3014 2009 ἔχειν;
3046 1937 3119 1991 Τὸ
3165 1940 3351 2002 ποῖον;
3394 1935 3467 1988 Τὸ
3497 1934 3714 2000 λέγειν,
3744 1926 3817 1999 ἦν

2221 2032 2276 2085 δὲ
2319 2031 2449 2101 ἐγὼ,
2491 2032 2689 2103 δεσμὸν
2726 2033 2821 2084 καὶ
2866 2031 3029 2093 πέδας
3068 2031 3129 2083 τὸ
3171 2030 3327 2099 σῶμα
3376 2022 3816 2098 μεμηχανῆσθαι

2224 2124 2365 2179 κατά
2389 2124 2488 2194 τῆς
2519 2124 2697 2194 ψυχῆς
2725 2141 2737 2154 ·
2789 2123 2883 2176 καὶ
2914 2124 2995 2175 ὅτι
3025 2122 3119 2174 καὶ
3158 2122 3187 2172 ὁ
3230 2119 3511 2189 προφήτης
3540 2114 3815 2184 δεσμίους

2223 2215 2326 2284 γῆς
2362 2213 2466 2283 ἔφη
2523 2216 2700 2283 ἡμᾶς·
2742 2213 2829 2266 διά
2868 2211 3023 2265 τοῦτο
3069 2211 3161 2263 καὶ
3188 2213 3216 2263 ὁ
3262 2208 3421 2261 Δαιῖιδ
3483 2203 3815 2272 πεπεδημέ-

2224 2323 2381 2371 νους;
2409 2305 2510 2359 Kal.
2541 2305 2618 2368 ὃς,
2644 2305 2756 2357 Οὐκ
2785 2304 2893 2373 ἔχω
2920 2320 3001 2355 σοι
3046 2302 3350 2372 προχείρως
3376 2296 3809 2369 ἀποκρίνασθαι,

2225 2397 2351 2466 ἔφη.
2386 2396 2545 2449 Ἀλλά
2568 2396 2621 2448 τί
2656 2396 2799 2465 ἄλλῳ
2826 2394 2884 2447 οὺ
2918 2393 3189 2459 διαλέγει;
3226 2392 3335 2445 Καὶ
3366 2389 3477 2457 ἐγὼ
3528 2388 3813 2458 (ᾐσθόμην

2226 2490 2334 2560 γὰρ
2358 2488 2611 2560 ὲρυθριᾷν
2631 2487 2813 2553 αὐτὸν,
2841 2486 3106 2555 φεύγοντα
3136 2484 3454 2553 ἐλεγχθῆναι
3480 2482 3571 2535 τὸν
3600 2480 3809 2547 λόγον),

2227 2582 2341 2633 Οἴει
2378 2581 2485 2650 γάρ
2536 2580 2611 2650 μὴ
2659 2579 2799 2633 κατὰ
2849 2577 3044 2646 φθόνον
3096 2578 3387 2647 ἐπιχειρεῖν
3442 2591 3501 2625 σε
3558 2570 3810 2638 ἐλέγξαι»

2231 2672 2385 2743 ἔφην,
2437 2671 2531 2725 καὶ
2572 2671 2645 2741 μὴ
2698 2670 2759 2722 τὸ
2808 2670 3165 2739 προκείμενον
3212 2665 3517 2734 καταφανὲς
3565 2663 3807 2731 φιλονει-

2232 2768 2347 2818 κεῖν
2390 2764 2610 2835 ποιῆσαι
2636 2781 2651 2829 ;
2680 2765 2844 2829 Ἀλλ’,
2897 2757 2943 2817 ὦ
3004 2760 3199 2829 ἀγαθὲ,
3253 2758 3327 2829 μὴ
3388 2757 3702 2823 ἀποκάμοις
3746 2750 3813 2802 ἂν

2232 2856 2601 2928 ἐρωτώμενος.
2645 2857 2809 2927 Ὁρᾷς
2840 2855 2970 2926 γὰρ,
3018 2854 3093 2916 ὼς
3129 2852 3191 2905 οὐ
3247 2850 3374 2921 περὶ
3417 2846 3628 2917 μικρῶν
3672 2845 3812 2896 εἰσιν

2234 2952 2363 3020 ἡμῖν
2388 2952 2435 3003 οί
2464 2949 2639 3017 λόγοι,
2666 2949 2779 3002 ἀλλ’
2798 2950 2980 3001 ὅντινα
3008 2948 3114 3017 χρὴ
3140 2945 3341 3016 τρόπον
3363 2937 3809 2994 πεπιστευκέναι’

2235 3044 2328 3096 καὶ
2378 3042 2484 3113 γὰρ
2541 3042 2693 3095 οὐδὲν
2738 3036 2890 3110 οἶμαι
2946 3038 3214 3091 τοσούτων
3255 3034 3439 3089 κακῶν
3471 3033 3493 3063 ⁸
3535 3029 3812 3099 ἀνθρώπῳ

2234 3134 2508 3203 γενέσθαι,
2557 3134 2680 3186 ὅσον
2733 3133 2841 3185 ἀπὸ
2880 3131 2987 3183 τῶν
3033 3129 3363 3197 ἀναγκαίων,
3399 3125 3597 3178 ὁπόταν
3641 3119 3810 3191 ψευδῆ

564 3216 713 3271 enim
754 3214 959 3268 nullum
992 3211 1196 3266 homini
1222 3210 1441 3281 gravius
1472 3209 1673 3263 malum
1699 3206 1949 3261 accidere
1975 3220 2133 3277 posse

2240 3222 2363 3292 περὶ
2387 3221 2565 3274 αὐτῶν
2582 3218 2810 3287 δοξάζοι.
2838 3220 2939 3272 Ἴθι
2964 3214 3059 3272 οὗν
3085 3218 3376 3289 προθύμως
3407 3215 3540 3286 πρὸς
3573 3213 3645 3265 τὰ
3676 3214 3812 3281 ἐρω-

566 3316 720 3378 puto,
769 3319 933 3375 quam
985 3303 1311 3358 necessariis
1363 3317 1431 3357 ex
1476 3301 1659 3360 rebus.
1691 3314 1815 3353 cum
1846 3298 2037 3353 falsam
2067 3297 2134 3351 de

2240 3313 2452 3382 τὼμενα
2488 3312 2791 3380 ἀποσάφει·
2830 3312 2923 3364 καὶ
2964 3311 3058 3363 ὲάν
3093 3310 3145 3361 τί
3184 3326 3264 3361 σοι
3298 3308 3474 3375 λέγειν
3513 3304 3714 3374 ἀληθὲς
3740 3302 3810 3370 μὴ

566 3399 675 3453 illis
704 3396 1010 3466 opinionem
1057 3392 1387 3462 conceperit.
1406 3390 1589 3444 Palam
1623 3390 1811 3459 igitur.
1843 3403 2048 3458 quaeso,
2082 3396 2137 3441 et

570 3489 828 3542 alacriter
881 3484 949 3538 ad
1007 3484 1339 3554 interrogata
1397 3482 1764 3551 respondeas;
1816 3496 1881 3535 ac
1918 3480 1962 3533 si
2006 3478 2137 3548 quid

569 3580 758 3634 minus
795 3590 984 3631 verum
1022 3573 1383 3644 proposuisse
1412 3573 1621 3636 videor,
1655 3571 1863 3639 majore
1894 3570 2139 3625 veritatis

572 3686 734 3739 quam
786 3669 891 3724 mei
940 3666 1120 3723 studio
1165 3666 1365 3719 ductus
1414 3664 1698 3734 redargue.
1730 3661 1864 3717 Nam
1891 3662 2139 3731 redargui

572 3763 774 3832 ipsum,
806 3774 970 3830 quam
1008 3758 1172 3811 alium
1222 3757 1548 3827 redarguere
1588 3756 1745 3825 longe
1783 3755 2141 3810 excellentius

573 3868 695 3907 esse
744 3851 945 3905 bonum
996 3848 1232 3903 arbitror
1253 3888 1266 3909 ,
1299 3862 1408 3916 quo
1442 3845 1651 3901 scilicet
1684 3844 1860 3913 majus
1888 3853 1969 3899 est
2001 3843 2143 3898 malo

576 3945 756 4014 Ipsum
779 3941 937 4011 eripi,
973 3955 1136 4010 quam
1169 3940 1306 3993 alios
1339 3938 1570 4007 eripere.
1600 3937 1712 4007 Age
1741 3937 1904 4007 igitur
1934 3936 2144 3992 collatis

575 4033 805 4089 invicem
854 4029 1220 4092 sermonibus,
1268 4028 1549 4083 videamus
1571 4027 1763 4097 ecquid
1801 4042 1831 4081 a
1868 4043 1928 4082 se
1958 4035 2146 4081 mutuo

574 4124 922 4183 dissentiant.
968 4120 1088 4176 Non
1134 4122 1277 4176 enim
1337 4120 1473 4175 levia
1524 4127 1651 4175 sunt
1682 4120 1797 4186 illa,
1841 4119 1908 4173 de
1946 4119 2147 4188 quibus

577 4213 985 4276 contendimus,
1021 4211 1114 4269 sed
1147 4210 1438 4281 ejusmodi,
1491 4218 1551 4265 ut
1604 4219 1659 4265 et
1694 4210 1787 4263 illa
1829 4210 1972 4265 scire
2012 4226 2149 4279 pra:-

2235 3403 2403 3465 δοκῶ,
2474 3404 2672 3474 μᾶλλον
2728 3405 2824 3474 τῆς
2874 3402 3129 3472 ἀληθείας
3197 3398 3487 3469 φροντίσας
3549 3395 3582 3464 ἢ
3647 3391 3809 3463 ἐμοῦ.

2238 3496 2471 3564 ἔλεγξον.
2528 3494 2728 3558 Μεῖζον
2787 3496 2896 3565 γὰρ
2955 3493 3159 3561 ἀγαθὸν
3217 3491 3279 3543 τὸ
3340 3487 3663 3556 ἐλεγχθῆναι
3722 3480 3810 3535 τοῦ

2238 3588 2453 3658 ἐλέγξαι
2491 3587 2723 3659 νομίζω·
2765 3589 2873 3657 ὃσῳ
2917 3586 3100 3656 μεῖζόν
3140 3587 3254 3637 ἐστι
3284 3583 3344 3635 τὸ
3377 3581 3536 3634 αὑτὸν
3575 3577 3813 3630 ἀπαλλα-

2239 3680 2400 3749 γῆναι
2430 3678 2601 3731 κακοῦ
2644 3677 2738 3730 τοῦ
2790 3676 2946 3731 ἄλλον
2994 3673 3320 3737 ἀπαλλάξαι.
3366 3673 3499 3740 Φέρε
3532 3665 3649 3731 οὖν,
3688 3666 3809 3734 παρ’

2241 3770 2499 3841 ἀλλήλους
2525 3770 2547 3800 ⁸
2569 3768 3004 3840 παραϐάλλοντες
3032 3767 3158 3828 τοὺς
3190 3764 3397 3831 λόγους,
3430 3756 3802 3825 σκεπτώνςθα.

2244 3865 2296 3917 εί
2318 3880 2371 3916 τι
2395 3862 2680 3915 διοίσουσιν
2706 3860 2971 3931 ἀλλήλων.
3005 3860 3111 3911 Καὶ
3156 3858 3264 3927 γὰρ
3304 3855 3559 3924 τυγχάνει
3591 3848 3725 3921 περὶ
3745 3842 3815 3898 ὧν

2244 3954 2695 4027 ἀμφισῦητοῦμεν
2723 3955 2784 4007 οὐ
2821 3954 2961 4007 πάνυ
2994 3952 3202 4016 σμικρά
3244 3951 3389 4011 ὅντα,
3420 3945 3556 3999 ἀλλὰ
3579 3944 3713 4012 περὶ
3747 3933 3815 3991 ὧν

2246 4048 2444 4101 εἰδέναι
2480 4063 2539 4098 τε
2570 4044 2805 4107 κάλλιον,
2844 4044 2917 4113 μὴ
2944 4043 3141 4096 ειδέναι
3169 4058 3229 4093 τε
3256 4037 3498 4108 αἰσχρόν.
3524 4032 3735 4088 Οὐκοῦν
3756 4030 3814 4082 σὺ

2251 4139 2347 4208 μὲν
2368 4139 2428 4190 οὐ
2457 4136 2696 4207 νομίζεις
2724 4133 3018 4187 ἀναϐιῶναι
3062 4132 3121 4184 τὸ
3165 4130 3343 4200 σῶμα,
3376 4124 3578 4197 νομίζω
3604 4124 3662 4175 δὲ
3694 4118 3813 4188 ἐγώ.

2249 4228 2397 4281 Πάνυ
2449 4226 2546 4297 μὲν
2578 4222 2689 4291 οὖν,
2737 4224 2893 4294 ἔφην,
2934 4224 3026 4276 καὶ
3053 4222 3119 4274 δι’
3146 4220 3182 4274 ἃ.
3228 4219 3447 4289 εἴρηκα.
3496 4215 3605 4268 Καὶ
3646 4213 3713 4265 σὺ
3744 4209 3813 4272 δὲ,

578 4306 820 4362 stantius
862 4304 963 4368 sit,
1018 4312 1073 4359 et
1125 4303 1378 4373 ignorare
1427 4302 1828 4372 turpissimum.
1879 4300 1960 4355 Tu
1987 4302 2137 4370 igitul

2247 4314 2315 4389 ἦν
2340 4318 2435 4388 μὲν
2470 4314 2600 4385 ἐγὼ,
2630 4316 2828 4385 δεσμὸν
2872 4315 3024 4375 αὐτὸ,
3069 4313 3163 4365 καὶ
3201 4309 3466 4379 φυλακὴν,
3515 4304 3605 4358 καὶ
3649 4302 3813 4371 σῆμα,

577 4397 903 4452 reviviscere
924 4409 1124 4463 corpus
1148 4410 1254 4447 non
1283 4393 1566 4449 existimas
1596 4412 1608 4447 :
1643 4409 1743 4463 ego
1767 4408 1898 4447 vero
1928 4408 2145 4448 censeo.

580 4487 659 4542 Ita
688 4502 747 4544 se
798 4502 891 4543 res,
937 4486 1120 4549 habet,
1181 4485 1377 4555 inquit,
1418 4501 1485 4541 ex
1528 4485 1613 4541 his
1660 4501 1781 4556 quae
1818 4493 1977 4540 antea
2012 4486 2145 4539 dixi.

2251 4411 2344 4464 καὶ
2369 4408 2552 4479 ἀχθος,
2611 4410 2704 4462 καὶ
2742 4409 2905 4471 πέδας
2954 4405 3089 4460 εἶναι
3132 4405 3297 4475 ἔφης·
3325 4401 3435 4471 ἐγὼ
3477 4399 3533 4453 δὲ
3566 4399 3627 4451 οὐ
3660 4392 3814 4467 φημί.

2265 4500 2486 4571 Ἀληθῆ,
2512 4499 2635 4569 ἔφη,
2670 4501 2760 4570 μοὶ
2787 4498 2981 4567 λέγεις.
3018 4499 3126 4552 Καὶ
3166 4495 3269 4566 μὴν
3307 4494 3373 4547 δι’
3395 4489 3713 4553 ἀκολασίας,
3741 4485 3819 4540 καὶ

581 4578 871 4641 Praeterea,
908 4578 1151 4648 inquam,
1179 4578 1452 4635 vinculum
1485 4576 1625 4631 idem
1652 4592 1714 4630 ac
1744 4576 2069 4642 custodiam,
2099 4588 2137 4632 e1

2256 4591 2482 4661 πλάνης,
2526 4591 2619 4642 καὶ
2663 4590 2857 4661 λύπης,
2895 4591 2988 4643 καὶ
3022 4586 3215 4658 θυμοῦ,
3252 4588 3346 4640 καὶ
3382 4582 3683 4654 συλλήϐδην
3725 4578 3818 4633 τῶν

583 4672 913 4739 sepulcrum,
940 4679 995 4723 et
1018 4684 1156 4723 onus
1185 4684 1247 4723 ac
1272 4668 1487 4737 pedicas
1509 4684 1629 4723 esse
1656 4668 1875 4735 dixisti;
1900 4683 1998 4739 ego
2022 4684 2150 4722 vero

2255 4682 2429 4737 ἄλλων
2452 4682 2727 4746 ἁπάντων,
2752 4677 2826 4735 ὧν
2851 4677 2987 4734 εἶναι
3013 4679 3298 4749 παραίτιον
3316 4674 3449 4729 αὐτὸ
3469 4672 3652 4727 κακῶν
3672 4673 3818 4740 ἔφης,

580 4777 691 4817 non
726 4762 1014 4819 assentior.
1040 4760 1198 4825 Vere,
1228 4761 1423 4830 inquit,
1456 4774 1486 4813 a
1517 4768 1569 4814 te
1608 4761 1709 4815 ista
1744 4760 2024 4813 dicuntur.
2068 4759 2137 4815 Ad

2258 4772 2549 4843 ἐμπθδίξον
2584 4774 2714 4842 ἡμῖν
2740 4772 2839 4841 τὴν
2872 4770 3007 4841 πρὸς
3045 4770 3106 4821 τὸ
3138 4767 3353 4822 κάλλιον
3396 4765 3570 4835 ὁρμὴν
3605 4762 3708 4831 τῆς
3735 4760 3821 4829 ψυ-

582 4853 698 4908 Iuec
758 4852 1211 4921 intemperantia.
1262 4865 1485 4915 errore,
1538 4850 1785 4911 tristitia,
1846 4851 2152 4916 iracundia,

583 4943 925 5012 exterisque,
963 4948 1021 4996 ut
1053 4956 1159 4995 uno
1194 4942 1356 4994 verbo
1395 4939 1598 5000 dicam,
1634 4939 2155 5008 omnibus,quorum

585 5045 645 5091 tu
716 5034 984 5088 malorum
1049 5045 1272 5085 causam
1332 5029 1603 5085 sustinere
1672 5045 1871 5098 corpus
1931 5030 2154 5091 asseris,

586 5126 782 5179 anima:
806 5123 873 5177 ad
898 5123 1120 5177 meliora
1147 5123 1405 5194 impetum
1437 5122 1721 5192 praepediri
1743 5121 1950 5187 dixisti,
1980 5134 2160 5189 neque

589 5218 771 5273 sinere
820 5229 921 5270 nos
975 5213 1042 5271 ad
1080 5229 1293 5277 eorum,
1327 5230 1446 5282 quae
1484 5214 1661 5282 reipsa
1712 5222 1859 5275 sunt,
1907 5228 2156 5282 compre—

589 5309 907 5382 hensionem
957 5321 1022 5362 ac
1073 5305 1359 5361 scientiam
1395 5304 1696 5373 pervenire.
1731 5303 1958 5369 Quoties
2011 5304 2155 5358 enim

591 5415 783 5455 eorum
838 5412 962 5468 quae
1013 5405 1141 5452 sunt
1189 5396 1449 5465 indagare
1490 5395 1697 5465 aliquid
1732 5396 2002 5459 volumus,
2045 5403 2137 5448 tun

2259 5379 2613 5451 πεπλήρωται
2652 5378 2861 5451 σκέψις,
2902 5376 2976 5439 ὠς
3017 5374 3180 5445 ἕφης’
3214 5370 3429 5439 ἀπάτης

595 5492 789 5545 oborta
836 5489 1012 5558 caligo
1068 5486 1341 5543 mentibus
1379 5486 1586 5541 nostris
1625 5486 1880 5542 tenebras
1910 5485 2161 5552 offundit,

595 5596 772 5652 neque
795 5580 1077 5635 veritatem
1110 5576 1346 5639 dilucide
1379 5592 1409 5630 a
1443 5577 1605 5632 nobis
1638 5575 1905 5648 pervideri
1941 5577 2162 5646 patitur.

667 5705 682 5734 ¹
712 5701 878 5775 Zach.
911 5697 1149 5775 μμ...
1190 5699 1210 5729 ³
1245 5696 1391 5753 Psal.
1423 5714 1547 5763 va,
1576 5697 1628 5753 7.
1670 5699 1689 5729 ³
1750 5696 1863 5755 Nisi
1914 5697 2006 5750 καὶ
2052 5697 2149 5770 τὴν
2178 5700 2353 5774 σάρκα
2403 5702 2570 5775 legas,
2617 5712 3019 5773 supervacanea
3078 5696 3182 5754 ista
3235 5702 3386 5751 sunt.

570 5773 789 5865 Ὦκακόν.
827 5772 849 5803 ⁸
911 5768 973 5827 F.
998 5766 1264 5839 ἀλλήλοις.

583 5892 627 5933 ‘1'

2252 4871 2376 4943 χῆς,
2412 4873 2486 4945 μὴ
2531 4872 2635 4925 ὲῶν
2664 4871 2756 4925 τὸν
2798 4872 2965 4933 ὅντως
3006 4870 3175 4923 ὅντων
3216 4869 3296 4929 εἰς
3341 4862 3640 4930 κατάληψιν
3688 4860 3821 4931 ἡμᾶς

2254 4976 2349 5029 καὶ
2381 4974 2580 5044 γνῶσιν
2616 4972 2926 5044 παρελθεῖν.
2967 4968 3085 5023 Κᾶν
3116 4968 3223 5039 γάρ
3266 4964 3705 5036 ἐπιχειρήσωμεν
3737 4957 3822 5026 θη-

2257 5078 2446 5151 ρεῦσαί
2475 5094 2527 5128 τι
2549 5076 2656 5129 τῶν
2681 5077 2869 5137 όντων,
2908 5071 2996 5125 ἀεὶ
3032 5070 3434 5142 παρεμπίπτων
3486 5065 3642 5133 ζόφος
3682 5059 3823 5129 Carpe?

2255 5178 2345 5231 τὸν
2368 5177 2641 5248 λογισμὸν,
2703 5174 2773 5248 μὴ
2806 5172 3114 5244 ἐπιτρέπων
3164 5170 3313 5241 ἡμᾶς
3368 5165 3739 5233 ἐπισκοπῆσαι
3775 5159 3824 5210 τὸ

2256 5278 2452 5349 ἀληθὲς
2482 5278 2712 5350 τρανῶς.
2758 5277 2997 5345 Ἀπάτης
3026 5272 3135 5343 γὰρ
3165 5273 3197 5341 ἡ
3236 5269 3326 5323 διὰ
3362 5267 3470 5320 τῶν
3502 5265 3651 5317 ὤτων
3677 5265 3711 5333 ἡ
3723 5261 3824 5331 μῶν

3471 5367 3525 5420 δὲ
3571 5364 3663 5417 καί
3690 5365 3722 5433 ἡ
3753 5358 3824 5414 διά

2259 5479 2358 5549 τῆς
2390 5479 2581 5549 ὅψεως,
2612 5480 2825 5549 ἀπάτης
2868 5478 2921 5531 δὲ
2967 5477 3061 5530 καὶ
3099 5477 3132 5544 ἡ
3170 5472 3258 5525 διὰ
3305 5469 3413 5523 τῶν
3452 5467 3625 5521 ἄλλων
3649 5460 3821 5529 αἰσθή-

2267 5596 2425 5634 σεων.
2466 5582 2661 5651 Ὁρᾷς,
2705 5580 2844 5651 ἔφη,
2892 5572 2937 5633 ὦ
2978 5575 3271 5641 Εὐϐούλιε,
3317 5574 3393 5637 ὡς
3449 5569 3559 5639 ἐγὼ
3621 5562 3824 5632 ἕτοιμός

3470 5702 3490 5725 ⁵
3529 5691 3591 5749 F.
3619 5691 3824 5751 τοσοῦτο
