4082 6394
300 336 433 391 wn
948 331 1317 388 ADVERSUS
1355 331 1697 389 H£RESES
1738 330 1864 386 UB.
1905 329 1968 383 ll.
2011 328 2173 385 TOM.
2216 329 2255 383 l.
2297 357 2369 368 —--
2404 323 2679 381 ιιΑῑῑιΕδ.
2720 322 2908 379 LXIV.
3423 321 3575 376 ωε

295 451 419 525 εἰμί
455 470 514 505 σε
569 450 831 514 ἐπαινεῖν,
858 450 1053 503 ὁπόταν
1095 450 1269 521 ὀρθῶς
1312 453 1581 521 διασαφῇς
1623 451 1751 516 τοὺς
1792 450 1882 503 λό-

2012 447 2122 500 iam
2157 454 2209 501 et
2240 461 2302 501 ea
2336 443 2637 516 perceptio,
2671 456 2793 503 qua:
2831 440 2891 494 fit
2934 437 3187 501 auribus,
3249 438 3566 508 plenissima

298 561 434 614 γους
460 563 474 611 ;

1995 540 2221 594 fallaciae
2254 546 2367 605 est;
2401 536 2565 606 568
2613 534 2779 588 fallax
2826 533 2956 586 item
2989 545 3109 600 qua:
3146 531 3320 584 oculis
3356 545 3419 584 ac
3448 532 3569 585 reli-

298 640 428 706 quis
472 637 696 691 omnino
738 637 993 692 sensibus
1031 636 1283 692 eﬂicitur.
1314 637 1500 703 Vides,
1555 637 1772 708 inquit,
1804 635 2034 701 Eubuli,
2086 649 2249 705 quam
2295 648 2394 703 ego
2437 633 2545 686 sim
2593 630 2646 683 in
2700 629 2780 682 tui
2821 626 3192 680 laudationem
3237 639 3567 698 propensus,

301 745 430 785 cum
463 740 647 800 aperte
672 728 1042 800 distincteque
1069 730 1356 800 loqueris?

376 822 506 874 ΜΝ.
545 822 687 891 Ἀρα
716 815 828 881 οὖν,
863 820 949 873 ἵνα
986 821 1048 889 δή
1088 838 1155 891 με
1190 822 1284 874 καὶ
1316 821 1514 891 μᾶλλον
1556 822 1887 885 ἐπαινέσεις,

304 916 355 967 εἰ
390 913 587 983 δεσμὸς
622 913 683 966 τὸ
721 913 880 983 σῶμα
917 912 1039 965 καθ’
1071 912 1214 983 ὑμᾶς
1244 913 1410 977 δοκεῖ,
1452 913 1513 965 οὑ
1553 913 1772 967 δύναται
1798 931 1890 966 κα-

305 1005 431 1069 κίας
463 1004 707 1057 ὑπαίτιον
738 1000 878 1057 εἶναι
909 1004 1224 1074 νομίζεσθαι
1251 1007 1316 1075 τῇ
1347 1004 1514 1076 ψυχῇ,
1550 1004 1643 1058 καὶ
1682 1004 1895 1067 ἀδικίας

306 1096 408 1157 ἔτι,
448 1094 583 1148 ἀλλὰ
643 1093 997 1165 σωφροσύνης
1056 1096 1427 1166 ἀντιστρόφως
1474 1095 1568 1148 καὶ
1621 1095 1890 1157 παιδείας.

304 1183 435 1239 Ὠδε
455 1187 511 1240 δὲ
546 1186 757 1240 σκόπει.
783 1185 939 1241 Οὕτω
962 1186 1068 1259 γάρ
1111 1186 1176 1240 ἂν
1217 1187 1417 1258 μᾶλλον
1454 1187 1892 1258 ἀκολουθήσειας.

308 1280 410 1332 Ποῖ
449 1278 652 1349 ἄγομεν
697 1278 824 1341 τοὺς
866 1278 937 1330 τὰ
976 1277 1204 1348 σώματα
1255 1278 1592 1348 κάμνοντας;
1633 1279 1706 1330 Οὐ
1743 1276 1895 1348 παρά

306 1372 436 1433 τοὺς
462 1369 711 1440 ἰατρούςς
738 1370 926 1439 Δῆλον,
954 1369 1079 1440 ἔφη.
1107 1371 1205 1422 Ποῖ
1228 1370 1283 1423 δὲ
1302 1370 1427 1432 τοὺς
1453 1369 1891 1441 ἀμαρτάνονταςς

308 1462 388 1518 Οὐ
421 1462 572 1534 παρά
604 1463 731 1525 τοὺς
754 1462 1050 1524 δικαστάςς
1093 1461 1354 1533 Ἀνάγκη.
1384 1461 1594 1515 Οὐκοῦν
1631 1461 1786 1531 δίκην
1819 1455 1897 1514 ὧν

310 1556 544 1626 ἔδρασαν
572 1554 863 1618 δώσοντας,
912 1554 1069 1625 ἔφην,
1106 1552 1360 1619 δικαίως;
1412 1552 1540 1608 Ναί.
1595 1554 1668 1607 Τὸ
1715 1554 1773 1607 δὲ
1818 1552 1897 1606 δί-

311 1664 466 1701 καιον
499 1648 607 1700 πᾶν
648 1646 847 1706 καλόνς
887 1644 1187 1715 Ὁμολογεῖ.
1228 1645 1287 1697 ὐ
1334 1644 1389 1697 δὲ
1435 1644 1658 1707 δικαίως
1696 1643 1896 1714 κρίνων

2066 814 2250 869 XLIV.
2294 813 2366 869 Ut
2411 813 2594 883 igitur,
2633 812 2877 881 inquam,
2917 826 3005 866 me
3045 809 3344 880 impensius
3370 810 3571 863 collau-

1995 907 2092 963 des
2128 925 2141 960 :
2173 906 2217 961 si
2262 920 2461 975 corpus
2488 901 2761 974 quoddam
2787 900 3045 970 opinione
3079 907 3259 955 vestra
3292 899 3567 953 vinculum

1991 1009 2105 1064 est,
2153 1014 2261 1054 non
2301 1006 2481 1068 potest
2527 996 2720 1050 anima:
2772 992 3139 1064 improbitatis
3180 1001 3234 1046 et
3287 992 3572 1061 iniustitiae

1997 1093 2180 1162 aliquo
2212 1092 2373 1144 modo
2425 1104 2546 1144 esse
2594 1100 2758 1142 causa
2804 1085 3013 1151 videri,
3066 1084 3161 1139 sed
3211 1101 3242 1141 e
3292 1082 3573 1138 contrario

1992 1183 2366 1252 temperantize
2436 1188 2599 1250 atque
2651 1180 2976 1249 disciplinae.
3037 1179 3129 1232 Sic
3180 1184 3361 1231 autem
3425 1174 3573 1230 istud

1995 1277 2172 1347 ipsum
2197 1275 2509 1339 considera,
2546 1286 2656 1343 quo
2686 1274 2860 1343 magis
2889 1270 3023 1343 quid
3063 1270 3223 1324 velim
3250 1281 3579 1337 assequare:

1992 1369 2095 1436 Qui
2147 1369 2312 1439 igitur
2346 1366 2594 1436 corporis
2631 1365 2951 1437 aegritudine
2992 1364 3274 1428 laborant,
3318 1375 3425 1431 quo
3450 1367 3574 1412 tan-

1993 1466 2116 1519 dem
2167 1462 2530 1517 deducimus?
2584 1459 2777 1516 Nonne
2834 1460 2902 1514 ad
2963 1459 3247 1515 medicos?
3309 1461 3569 1529 Apparet,

1994 1556 2188 1625 inquit.
2225 1554 2473 1621 Quonam
2498 1568 2627 1608 vero
2658 1568 2776 1617 eos,
2821 1553 2913 1623 qui
2955 1550 3343 1621 peccaverint?
3379 1549 3585 1603 Nonne

1996 1648 2062 1703 ad
2094 1646 2347 1717 iudices?
2381 1644 2619 1701 Necesse
2650 1652 2757 1708 est,
2789 1645 2880 1699 ait.
2904 1643 3197 1705 Nimirum,
3237 1641 3480 1711 inquam,
3514 1648 3574 1693 ut

311 1740 494 1802 καλῶς
534 1742 721 1792 ποιεῖ·
771 1738 995 1802 δικαίως
1038 1737 1148 1808 γὰρ
1192 1736 1398 1806 κρίνει;
1451 1736 1685 1806 Συνέφη.
1715 1728 1787 1788 T6
1839 1735 1897 1788 δὲ

2012 1754 2101 1809 pro
2131 1739 2198 1793 iis
2236 1753 2357 1807 qua:
2394 1734 2780 1791 commiserint
2806 1734 2956 1804 iuste
2988 1731 3337 1802 puniantur?
3354 1728 3574 1783 Fateor.

312 1833 475 1885 καλὸν
501 1832 772 1902 ώφέὶιμον
804 1830 1074 1900 φαίνεται.
1113 1828 1459 1896 Ὠφελοῦνται
1492 1829 1601 1898 ἄρα
1630 1830 1678 1880 οἱ
1717 1827 1894 1898 κρινό-

317 1944 489 1997 μενοι.
530 1927 855 1997 Ἀναιρεῖται
894 1924 1003 1995 γάρ
1032 1922 1210 1976 αὐτῶν
1252 1924 1372 1985 ταῖς
1424 1920 1675 1991 βασάνοις
1709 1922 1742 1991 ὴ
1794 1935 1892 1985 πο·

312 2018 477 2089 νηρία
517 2016 858 2087 κωλυομένη,
906 2015 1156 2084 καθάπερ
1206 2014 1300 2067 καὶ
1354 2012 1492 2084 πρὸς
1541 2010 1648 2067 τῶν
1696 2010 1895 2082 ἰατρῶν

313 2113 509 2181 τομαῖς
537 2111 632 2163 καλ⁵
680 2109 991 2179 φαρμάκοις
1034 2108 1090 2160 αί
1143 2106 1309 2160 νόσοι.
1366 2106 1439 2158 T6
1471 2104 1579 2173 γὰρ
1611 2101 1897 2157 ἀδικοῦντα

312 2204 515 2259 διδόναι
542 2203 719 2273 δίκην,
738 2199 1167 2271 ἐπανορθοῦσθαι
1196 2199 1294 2270 τὴν
1314 2196 1487 2268 ψυχήν
1510 2198 1647 2258 ἐστι,
1671 2196 1771 2265 τὴν
1801 2210 1898 2264 με·

315 2297 490 2366 γάλην
518 2295 671 2348 νόσον
701 2293 913 2347 ἀδικίαν
963 2291 1354 2346 ἀποϐάλλοντα.
1398 2288 1699 2359 Ὠμολόγει.
1732 2284 1796 2337 Τί
1821 2284 1897 2348 δὲ,

314 2389 378 2442 οὐ
411 2386 552 2441 κατά
579 2386 863 2454 ἀναλογίαν
904 2382 1014 2437 τῶν
1045 2381 1477 2455 ἁμαρτηθέντων
1522 2379 1620 2442 τὰς
1653 2375 1902 2438 κολάσεις

315 2485 428 2545 τοῖς
451 2480 830 2550 κολαζομένοις
867 2477 1089 2540 δικαίως
1132 2473 1534 2547 προσφέρεσθαι
1567 2471 1694 2541 φῂς,
1732 2467 1900 2522 καθά-

320 2594 427 2647 περ
476 2575 570 2628 καὶ
614 2576 727 2637 τοῖς
786 2571 1191 2643 ἰατρευομένοις
1253 2568 1394 2622 κατὰ
1455 2564 1742 2634 ἀναλογίαν
1794 2561 1904 2615 τῶν

318 2666 651 2737 τραυμάτων
686 2665 784 2727 τὰς
833 2662 1218 2735 χειρουργίας;
1256 2660 1594 2713 Ἐπὲνευσεν.
1638 2655 1844 2710 Οὐκοῦν
1877 2656 1907 2708 6

324 2760 424 2832 μὲν
468 2758 698 2812 θανάτου
755 2757 960 2827 δράσας
1011 2754 1137 2820 ἄξια
1180 2755 1407 2824 τιμᾶται
1446 2751 1660 2821 θανάτῳ
1706 2748 1804 2819 τὴν
1831 2747 1908 2800 δί-

321 2868 450 2920 κην,
485 2852 513 2902 6
552 2849 609 2902 δὲ
642 2847 865 2919 πληγῶν
920 2846 1185 2916 πληγαῖς,
1235 2846 1263 2897 6
1311 2844 1369 2897 δὲ
1415 2842 1630 2913 δεσμῶν
1668 2840 1906 2909 δεσμοῖς.

1992 1830 2206 1885 Justum
2251 1842 2421 1900 porro
2471 1841 2634 1881 omne
2677 1828 2878 1881 bonum
2922 1831 3085 1895 atque
3129 1823 3417 1877 honestum
3453 1818 3577 1877 est?

1995 1922 2267 1977 Assensus
2326 1927 2431 1974 est.
2483 1916 2605 1971 Jam
2663 1917 2752 1987 qui
2804 1917 2950 1986 iuste
3007 1914 3243 1985 iudicat,
3305 1913 3568 1983 praclare

1998 2012 2169 2077 facit;
2224 2019 2372 2067 recte
2428 2010 2575 2065 enim
2642 2008 2900 2079 iudicat?
2956 2006 3075 2062 Non
3121 2006 3360 2076 negavit.
3420 2003 3579 2069 Quod

2000 2117 2183 2160 autem
2209 2104 2411 2159 bonum
2442 2110 2548 2167 est,
2597 2102 2758 2157 etiam
2812 2100 2946 2155 utile
2985 2099 3221 2154 videtur.
3264 2097 3449 2164 Quare
3486 2095 3582 2166 qui

1995 2198 2315 2266 iudicantur
2366 2195 2653 2250 utilitatem
2702 2193 2968 2263 capiunt:
3005 2192 3201 2246 horum
3253 2188 3455 2260 quippe
3503 2201 3584 2240 re-

2004 2303 2189 2359 pressa
2230 2286 2472 2357 nequitia
2528 2284 2866 2340 cruciatibus
2907 2283 3176 2346 evellitur,
3211 2289 3328 2335 uta
3356 2278 3598 2334 medicis

2004 2381 2343 2436 sectionibus
2384 2395 2449 2434 ac
2489 2377 2931 2434 medicamentis.
2950 2375 3341 2447 aegrotationes
3384 2372 3584 2425 tollun-

2005 2483 2113 2529 tur.
2179 2472 2391 2527 Etenim
2462 2486 2586 2526 eum
2644 2471 2739 2541 qui
2792 2468 3052 2538 iniuriam
3115 2465 3328 2529 fecerit,
3389 2476 3585 2531 poenas

2006 2568 2177 2629 luere,
2213 2564 2358 2619 idem
2396 2570 2481 2620 est
2524 2570 2690 2632 atque
2741 2562 2925 2615 animo
2963 2559 3187 2629 corrigi,
3215 2566 3269 2611 et
3305 2557 3583 2625 ingentem

2007 2659 2281 2721 morbum,
2324 2658 2427 2711 hoc
2452 2663 2537 2710 est
2566 2653 2914 2723 iniustitiam,
2942 2650 3238 2721 deponere.
3280 2645 3401 2701 Non
3442 2644 3584 2699 ditii-

2009 2753 2244 2807 tebatur.
2273 2749 2415 2817 Quid
2460 2757 2576 2803 tum
2627 2745 2850 2817 postea?
2899 2743 3097 2797 Annon
3140 2756 3241 2813 pro
3284 2739 3470 2795 delicti
3504 2753 3591 2790 ra-

2010 2845 2178 2908 tione,
2206 2843 2333 2912 iure
2382 2840 2451 2896 iis
2502 2839 2595 2911 qui
2637 2837 2949 2909 puniuntur
2973 2833 3140 2904 inﬂigi
3175 2847 3369 2903 poenas
3395 2829 3586 2885 existi-

336 2941 637 3013 Ὠμολόγει.
674 2939 974 3011 Ζημιοῦται
1017 2938 1073 2991 δὲ
1110 2940 1137 2991 6
1169 2936 1430 3007 ὀφλήσας,
1470 2933 1626 3006 ἔφην,
1666 2932 1907 3001 δεσμοῖς,

2012 2950 2150 2999 mas,
2182 2948 2293 2988 non
2320 2932 2483 2987 aliter
2506 2938 2668 2999 atque
2688 2926 2909 2997 aegrotis
2935 2939 3032 2995 pro
3058 2924 3343 2978 vulnerum
3376 2920 3592 2975 ratione

324 3033 359 3105 ἦ
398 3010 653 3102 ίπληγαῖς,
688 3030 721 3100 ἢ
754 3010 887 3100 ἀλλῃ
915 3028 1022 3083 τινὶ
1048 3026 1271 3097 τοιαύτῃ
1298 3025 1558 3096 τιμωρίᾳ,
1597 3023 1745 3085 ὅπως
1772 3018 1911 3073 παύ-

2013 3024 2224 3080 medica
2272 3037 2470 3078 manus
2509 3017 3087 3074 adhibetur?‘Annuit
3127 3014 3238 3069 ille.
3288 3011 3454 3083 Igitur
3493 3010 3589 3079 qui

326 3094 504 3197 crrgratt'
522 3094 834 3195 μεταγνοὺς
861 3094 887 3100 Π
906 3120 1003 3174 τοῦ
1054 3094 1277 3184 ἀδικεῖν,
1331 3094 1485 3182 ξόλον
1515 3094 1792 3184 *καθάπερ
1831 3113 1911 3166 δι-

2019 3126 2199 3172 morte
2229 3114 2392 3185 digna
2418 3110 2781 3174 commiserit,
2812 3115 3119 3163 extremum
3163 3106 3218 3160 in
3262 3105 3414 3159 illum
3463 3118 3587 3173 sup-

325 3196 703 3289 εστραμμένον
772 3214 1024 3285 βασάνοις
1075 3210 1471 3281 εὑθυνόμενος;
1515 3206 1911 3277 Ἀληθέ.στατα,

2021 3210 2245 3281 plicium
2298 3204 2638 3262 decernitur.
2695 3202 2799 3268 Qui
2853 3200 3083 3255 verbera
3136 3196 3438 3262 meruerit,
3496 3204 3592 3250 aut

329 3288 456 3382 ἔφη,
485 3310 683 3377 λέγεις.
709 3307 1042 3377 Τιμωρεῖται
1072 3304 1179 3374 γὰρ
1218 3300 1470 3357 αὺτὸν-οὺ,
1489 3299 1582 3355 τοῦ
1613 3296 1911 3369 παρεληλυ-

2012 3299 2251 3364 vincula,
2318 3296 2660 3360 verberibus,
2712 3300 2809 3348 aut
2853 3291 3423 3348 vinculiscoercetur.
3466 3288 3607 3342 Haec}

327 3380 479 3465 θότος
509 3401 853 3470 ἐγκλήματος
892 3398 1055 3451 ’ἑνεκα
1099 3399 1127 3448 6
1156 3393 1439 3463 δικαστὴς,
1482 3391 1616 3445 ἀλλά
1650 3390 1743 3444 τοῦ
1788 3389 1911 3461 μέλε

2013 3391 2105 3447 ille
2155 3390 2479 3445 fassus~est.
2510 3386 2650 3441 Tum
2680 3400 2786 3457 ego
2818 3402 2832 3439 :
2868 3383 3077 3439 Vinclis
3109 3383 3314 3453 itaque.
3352 3380 3595 3437 verberi-

326 3496 531 3556 λοντος,
559 3494 708 3555 ὅπως
738 3490 811 3561 μὴ
844 3490 937 3543 καὶ
969 3485 1126 3550 αὖθις
1173 3489 1322 3557 ποιῇ.
1362 3484 1531 3537 Τοῦτο
1579 3482 1759 3553 δῆλον,
1787 3480 1913 3551 ἔφη.

340 3590 400 3641 '0
438 3588 547 3659 γὰρ
571 3585 767 3655 δεσμὸς
795 3581 943 3651 αὑτῷ
991 3580 1148 3650 δῆλον
1190 3579 1266 3641 ὼς
1294 3578 1391 3647 τὴν
1437 3574 1575 3647 πρὸς
1615 3573 1675 3626 τὸ
1702 3572 1909 3627 ἀδικεῖν

2012 3573 2261 3635 afﬁcitur,
2306 3578 2365 3625 ut
2403 3569 2473 3625 ab
2501 3568 2800 3625 sceleribus
2850 3567 2966 3623 suis
3013 3567 3333 3636 resipiscat,
3384 3565 3601 3629 ae’sic,

330 3654 504 3751 ὁρμην
520 3654 761 3747 ἀναιρεῖ,
784 3676 857 3747 μὴ
884 3671 1194 3743 ἐπιτρέπων
1219 3672 1391 3722 ποιεῖν
1414 3666 1451 3721 ἃ.
1472 3665 1635 3719 θέλει.
1665 3663 1909 3734 Ἀληθές.

2012 3670 2270 3734 tanquam
2311 3660 2605 3715 distortum
2656 3658 2887 3728 lignum,
2945 3657 3233 3710 tormentis
3272 3654 3601 3721 corrigitur.-

332 3744 541 3825 όυκοῦν
584 3744 971 3839 εἴργεταιὝτοῦ
1019 3763 1372 3834 ἁμαρτάνειν,
1430 3758 1538 3812 τῶν
1579 3756 1796 3828 δεσμῶν
1839 3753 1911 3826 μὴ

2012 3754 2314 3810 Verissime
2344 3752 2398 3806 id
2429 3750 2649 3822 quidem
2683 3763 2898 3813 narras,
2932 3748 3128 3817 inquit.
3153 3746 3271 3800 Non
3308 3744 3617 3799 tam-enim

336 3859 550 3913 ἐώντων
581 3835 1025 3927 ἐλευθεριάζοντα
1077 3851 1312 3924 χρῆσθαι
1358 3852 1480 3913 ταῖς
1513 3849 1747 3918 ἡδοναῖς,
1780 3844 1911 3898 ἀλλά

2012 3846 2084 3899 ob
2115 3843 2456 3915 prmteritum
2483 3840 2715 3905 crimen,
2750 3853 2913 3909 quam
2951 3838 3117 3892 futuri
3146 3835 3373 3891 cavendi
3398 3838 3615 3905 gratia;

337 3952 751 4014 συστελλόντων,
776 3949 870 4000 καὶ
909 3947 971 3999 1:6
1007 3946 1212 4000 δίκαιον
1240 3942 1595 3997 διδασκόντων
1617 3942 1780 4010 τιμᾷν
1806 3935 1911 3989 ἔστ’

2018 3937 2182 4007 iudex
2241 3935 2296 3989 in
2363 3934 2517 3987 illum
2599 3930 3008 3985 animadvertit.
3064 3929 3338 4000 Apparet",
3397 3928 3613 3997 inquit;

338 4044 404 4096 ἂν
454 4039 713 4111 ἀπομάθῃ
738 4055 752 4068 ι
801 4034 1212 4103 νουθετούμενος
1264 4032 1582 4101 σωφρονεῖν.
1630 4028 1911 4090 Φαίνεται,

2023 4026 2235 4095 Quippe
2270 4022 2490 4078 vincula
2538 4020 2685 4074 illius
2724 4019 2791 4072 ad
2844 4018 3086 4072 facinora
3129 4020 3390 4087 impetum
3425 4016 3605 4085 repri-s

338 4135 463 4206 ἔφη.
571 4109 580 4111 _
689 4109 710 4111 Π
2026 4124 2220 4180 munt,
2279 4115 2407 4169 dum
2460 4127 2583 4182 quae
2631 4111 2760 4166 velit
2807 4124 2906 4180 pro
2968 4110 3196 4164 arbitrio
3256 4109 3432 4164 facere
3486 4124 3599 4163 non

340 4200 684 4301 permittunt.
738 4222 905 4277 Recte
962 4218 1211 4274 omnino.
1264 4216 1407 4287 Ergo
1455 4230 1485 4268 a
1529 4210 1807 4283 peccando
1870 4210 2220 4280 prohibetur,
2277 4205 2423 4278 quod
2489 4220 2613 4260 eum
2672 4203 2889 4256 vincula
2939 4201 3108 4256 libere
3188 4201 3243 4255 in
3289 4200 3598 4268 voluptates

342 4294 674 4394 pi'aacipitem
702 4317 829 4372 ferri
851 4315 1162 4387 prohibent,
1196 4311 1294 4368 sed
1342 4313 1715 4379 compescunt.
1754 4305 1961 4376 potius,
2019 4318 2085 4358 ac
2126 4303 2396 4371 iustitiam
2455 4301 2636 4356 colere
2685 4300 3023 4367 perdocent,
3085 4296 3261 4351 donec
3321 4294 3596 4364 ejusmodi

2016 3482 2141 3543 bus,
2197 3491 2361 3550 atque
2415 3477 2471 3533 id
2521 3491 2696 3547 genus
2737 3474 3027 3546 suppliciis
3065 3474 3158 3544 qui
3182 3474 3471 3528 convictus
3505 3478 3615 3527 est~

344 4417 701 4488 castigatione
748 4412 1165 4483 temperantiam
1218 4406 1525 4464 condiscat.
1566 4404 1669 4467 Ita,
1715 4402 1915 4472 inquit,
1958 4399 2199 4455 videtur.
2290 4428 2295 4435 -

414 4474 553 4566 Οὔτε
590 4509 766 4562 τοίνυν
795 4474 1081 4577 παραίτιος
1101 4506 1129 4557 6
1148 4501 1343 4573 δεσμὸς
1363 4500 1607 4570 γίγνεται
1632 4497 1725 4551 τοῦ
1751 4497 1911 4567 πλημ·

2100 4494 2219 4549 Νοη
2260 4490 2427 4562 igitur
2468 4486 2678 4559 peccati
2711 4484 2875 4557 569
2906 4498 3132 4539 causam
3167 4478 3384 4536 vincula
3431 4474 3601 4532 susti-

348 4603 549 4675 μελεῖν,
577 4602 653 4665 ὡς
679 4600 839 4653 ἔοικε.
867 4594 1196 4667 Σωφρονίζει
1224 4592 1352 4663 γὰρ,
1378 4592 1473 4645 καὶ
1502 4591 1645 4643 ποιεῖ
1671 4586 1928 4641 δικαιοτέ-

352 4715 476 4768 ρους
516 4694 956 4764 ἀλεξιφάρμακον
1003 4688 1079 4741 ῶν
1115 4687 1320 4757 ψυχῆς,
1367 4682 1637 4754 αὐστηρὸν
1690 4680 1787 4750 μὲν
1832 4678 1927 4731 καὶ

347 4790 621 4861 δηκτικὸν,
657 4786 793 4840 ἀλλά
837 4783 1063 4836 ίατικόν.
1104 4779 1293 4849 Δῆλον,
1333 4776 1459 4847 ἔφη.
1501 4776 1566 4826 Τί
1607 4773 1752 4845 γάρ;
1793 4771 1926 4839 φέρε

349 4860 460 4954 γάρ
494 4879 845 4949 ἐξετάζωμεν
865 4875 1023 4928 πάλιν
1062 4872 1131 4925 τά
1166 4869 1497 4954 ἔμπροσθεν.
1538 4868 1617 4920 Οὐ
1641 4863 1839 4934 δεσμὸν
1867 4860 1937 4914 τδ

355 4953 516 5044 σῶμα
545 4972 632 5025 διὰ
661 4971 759 5041 τὴν
799 4966 1111 5038 παράϐασιν
1146 4962 1382 5021 δέδωκας
1412 4953 1551 5011 εἶναι
1586 4956 1683 5025 τῆς
1715 4953 1937 5044 ψυχῆς

354 5043 465 5120 Καὶ
503 5063 713 5132 δίδωμι,
759 5059 883 5128 ἔφη.
939 5054 1298 5126 Ἀμαρτάνειν
1350 5049 1406 5105 δὲ
1449 5048 1548 5119 τὴν
1584 5043 1935 5116 ψυχὴνημετά

359 5151 627 5221 σώματος,
662 5147 819 5218 εἴπερ
841 5146 901 5197 τὸ
933 5141 1244 5214 μοιχᾶσθαι,
1281 5138 1527 5207 φονεύειν
1559 5153 1618 5188 τε
1679 5134 1770 5187 καὶ
1805 5133 1933 5184 ἀσεο

359 5246 473 5297 δεῖν
501 5241 746 5313 ἁμαρτία
774 5238 1054 5298 σοι-δοκεῖ,
1086 5234 1121 5287 ἃ
1156 5232 1293 5304 μετά
1328 5231 1422 5284 τοῦ
1459 5231 1708 5301 σώματος
1732 5228 1764 5297 ἡ
1790 5224 1935 5295 ψυχὴ

361 5339 538 5400 ποιεῖ;
586 5333 923 5385 Ἐπένευσεν.
966 5326 1125 5380 Ἀλλὰ
1157 5325 1246 5379 τὸν
1267 5323 1551 5393 δεσμώτην
1579 5319 1936 5390 ὡμολογήσα-

366 5440 463 5493 μεν
529 5424 602 5494 μὴ
658 5419 916 5474 δύνασθαι
970 5418 1214 5480 ἀδικεῖν;
1279 5413 1754 5484 Ὠμολογήσαμεν,
1805 5408 1932 5476 ἔφη.

363 5516 682 5571 κωλύεσθαι
721 5515 778 5567 δὲ
818 5510 1200 5580 ἀλγυνόμενον-
1223 5504 1325 5558 ὑπὸ
1364 5504 1473 5558 τῶν
1519 5502 1763 5573 δεσμῶν;
1807 5500 1933 5555 Ναί.

366 5609 572 5678 Δεσμὺς
623 5608 679 5660 δὲ
718 5610 749 5678 ὴ
810 5604 944 5671 σὰρξ
984 5604 1082 5672 τῆς
1127 5599 1342 5671 ψυχῆς,
1388 5595 1726 5648 Ἐπένευσεν.
1775 5590 1935 5644 Ἀλλὰ

370 5700 752 5771 ἁμαρτάνομεν
791 5698 940 5758 ὄντες
983 5696 1038 5746 ὲν
1076 5692 1258 5760 σαρκὶ,
1298 5685 1654 5757 ὀμοδοξούσης
1697 5685 1828 5753 ἡμῖν
1859 5684 1936 5744 εἰς

369 5791 528 5852 τοῦτο
558 5792 653 5859 τῆς
686 5788 883 5861 σαρκός
909 5803 922 5853 ;
970 5781 1401 5855 ’Λμαρτάνομεν,
1437 5777 1561 5848 ἔφη.
1604 5777 1661 5829 ’0
1686 5775 1741 5828 δὲ
1773 5791 1939 5826 πεπε-

2026 4601 2158 4642 nere
2184 4585 2461 4647 videntur,
2494 4580 2587 4635 sed
2622 4580 2735 4633 haec
2760 4578 2942 4648 potius
2966 4574 3033 4628 ad
3054 4572 3293 4627 ofﬁcium
3316 4574 3601 4631 revocant,

2028 4692 2091 4731 ac
2114 4676 2375 4746 iustiores
2403 4672 2642 4727 etﬁciunt
2664 4710 2678 4735 ,
2710 4684 2833 4724 cum
2868 4667 3021 4721 velut
3051 4662 3373 4734 praesidiarii
3414 4661 3605 4729 cuius-

2030 4768 2157 4822 dam
2205 4763 2589 4821 medicamenti
2616 4762 2737 4815 loco
2763 4760 2908 4824 sint;
2935 4755 3142 4811 austeri
3174 4753 3394 4824 quidem
3433 4752 3602 4812 illius,

2031 4874 2096 4913 ac
2119 4856 2414 4919 mordacis,
2444 4854 2537 4910 sed
2570 4862 2751 4906 tamen
2776 4846 3209 4921 praesentissimi.
3244 4843 3605 4913 Perspicuum

2031 4951 2171 5007 illud
2206 4959 2313 5015 est,
2370 4947 2570 5014 inquit.
2612 4943 2752 5011 Quid
2802 4941 3003 5012 porro?
3039 4955 3158 5011 age,
3215 4952 3435 4993 rursum
3487 4950 3609 5004 quae

2034 5042 2295 5114 superius
2328 5040 2505 5111 posita
2555 5044 2685 5093 sunt
2733 5034 3130 5105 expendamus.
3166 5028 3286 5083 Non
3314 5038 3369 5083 tu
3408 5041 3610 5096 corpus

2032 5136 2102 5190 ob
2151 5133 2431 5195 delictum,
2481 5129 2754 5197 quoddam
2808 5126 3003 5179 animae
3043 5121 3325 5176 vinculum
3352 5133 3476 5173 esse
3506 5126 3614 5170 sta-

2031 5225 2219 5280 tuisti?
2257 5223 2368 5293 Ego
2396 5236 2527 5275 vero
2580 5226 2781 5281 statuo,
2831 5216 3027 5286 inquit.
3059 5214 3139 5268 Ad
3199 5211 3334 5274 haec,
3388 5222 3616 5277 peccare

2034 5326 2159 5366 cum
2193 5324 2424 5380 corpore
2451 5307 2713 5368 animam,
2769 5307 2815 5361 si
2844 5304 3065 5375 quidem
3102 5300 3455 5363 adulterium,
3484 5311 3614 5367 par-

2040 5402 2292 5457 ricidium
2314 5407 2369 5454 et
2396 5398 2646 5468 impietas
2670 5406 2891 5465 peccata
2917 5403 3066 5459 sunt,
3092 5406 3213 5463 qute
3236 5405 3362 5444 cum
3386 5401 3615 5456 corpore

2041 5492 2220 5546 anima
2269 5488 2588 5559 perpetrat?
2625 5487 2912 5541 Annuente
2956 5486 3089 5538 illo:
3138 5480 3331 5551 Atqui,
3367 5480 3611 5547 inquam,

2043 5586 2283 5639 vinctum
2307 5584 2487 5638 scelus
2511 5581 2718 5635 nullum
2736 5579 3075 5632 committere
3099 5589 3260 5644 posse
3283 5566 3614 5626 fatebamur?

2046 5677 2198 5733 Fassi
2250 5676 2475 5732 omnino
2525 5688 2746 5735 sumus,
2803 5670 3003 5739 inquit,
3040 5668 3385 5723 vinculorum
3415 5661 3614 5729 quippe

2047 5769 2238 5825 dolore
2295 5754 2652 5836 crucialuque
2704 5759 2983 5834 prohiberi
3018 5759 3205 5815 etiam.
3241 5757 3642 5824 Corpusveto.
