4082 6394
432 270 570 327 1143
1838 282 1895 337 S.
1929 282 2005 338 ΕΡ

2102 284 2268 339 ῘΑΝΙΙ
3533 283 3558 335 1
3583 282 3693 336 HJ

434 401 561 438 ltum
594 386 788 439 animae
818 389 1095 443 vinculum
1136 402 1219 447 est
1242 393 1267 445 τ
1301 393 1625 449 Aflirmavit.
1670 393 1993 451 Utrumnam

2102 398 2327 468 δημένος
2349 396 2405 450 οὐ
2428 397 2649 451 δύναται
2674 397 3039 466 ἀμαρτάνειν;
3066 396 3173 447 Καὶ
3201 386 3429 446 ἐνταῦθα
3454 394 3694 446 ἐπένευ-

432 477 599 546 igitur
630 479 870 548 quandiu
907 481 958 534 in
992 483 1095 537 hoc
1147 497 1374 553 corpore
1429 500 1639 544 sumus.
1696 485 1768 538 ita
1816 501 2003 556 pecca-

2102 505 2211 541 σεν.
2247 489 2505 557 Ἀγχεται
2530 487 2658 556 γάρ.
2693 485 2815 540 Ναί.
2842 486 2932 557 Μὴ
2954 485 3185 557 ὲώμενος
3210 484 3313 536 ὑπὸ
3331 484 3420 536 τοῦ
3444 484 3684 553 δεσμοῦς

433 582 575 628 inus,
630 576 689 621 ut
722 568 788 623 ad
846 569 899 623 id
944 586 1075 626 caro
1125 572 1241 642 ipsa
1294 574 1641 628 consentiat?
1677 573 1997 634 Peccamus.

2102 579 2283 649 Δῆλον.
2340 579 2497 631 Ἀλλά
2561 579 2621 632 τὸ
2671 579 2769 649 μὲν
2832 579 2992 649 σῶμα
3048 577 3185 649 πρὸς
3239 578 3299 630 τὸ
3360 578 3689 647 ἀμαρτῆσαι

429 656 626 725 inquit.
666 659 735 711 At
763 661 856 731 qui
886 664 1216 719 constrictus
1248 672 1353 730 est,
1396 681 1619 735 peccare
1650 682 1756 720 non
1790 666 2002 735 potest?

2102 670 2395 741 συνεργόν;
2447 670 2572 722 Ναί.
2630 671 2816 740 Εῐργει
2852 669 2909 722 δὲ
2956 670 2985 722 ό
3042 668 3256 738 δεσμός.
3294 667 3521 735 Συνέιρη.
3559 666 3683 717 Οὐκ

433 746 497 801 Ει
556 749 679 805 huic
736 753 941 823 pariter
990 770 1251 811 assensus
1308 766 1410 812 est.
1473 756 1707 827 Angitur
1750 758 1895 813 enim
1936 772 2002 812 ac

2102 759 2208 831 ἄρα
2236 759 2296 812 τὸ
2328 759 2485 830 σῶμα
2513 762 2542 812 ό
2569 759 2783 829 δεσμὸς,
2814 757 2937 811 οὗτε
2976 757 3115 811 κατὰ
3150 758 3229 819 σὲ,
3267 754 3387 808 οὔτε
3408 754 3547 808 κατὰ
3577 753 3681 807 ἀλ-

432 850 735 897 coercetur.
777 843 964 912 Recte,
1005 848 1198 919 inquit.
1238 848 1372 904 Nam
1405 850 1474 905 ab
1508 850 1743 904 vinculis
1787 849 2001 903 inhibe-

2104 850 2216 913 λον,
2269 850 2433 921 ἔφην,
2472 845 2516 904 ὦ
2558 850 2898 920 Ἀγλαοφῶν·
2939 850 3076 904 ἀλλά
3131 849 3267 919 πρὸς
3312 848 3569 916 ἑκάτερον
3611 847 3685 915 τῇ

432 932 559 984 tur?
588 932 704 988 Non
737 938 957 992 dubium
986 949 1091 1005 est,
1130 940 1431 1011 respondit.
1466 941 1661 995 Verum
1696 956 1895 1010 corpus
1929 940 1997 995 ad

2102 942 2247 1014 ψυχῇ
2280 944 2557 1014 συνεργὸν,
2604 945 2714 997 εἴτε
2766 942 2901 1015 πρὸς
2936 942 2997 996 τὸ
3043 942 3277 1013 ἀγαθὸν,
3312 941 3419 994 εῖτε
3444 937 3594 1008 πρὸς
3618 935 3688 987 τὸ

432 1026 763 1091 peccandum
791 1029 1169 1087 administrum
1193 1035 1307 1089 est?
1341 1034 1455 1097 Est,
1486 1034 1679 1104 inquit.
1708 1031 1993 1087 Vinculum

2102 1034 2290 1086 κακόν.
2327 1033 2650 1105 Συνεχὼρει.

433 1119 611 1167 autem
666 1119 916 1171 coercet?
952 1121 1177 1175 Annuit.
1242 1120 1502 1193 Sequitur
1551 1122 1775 1193 proinde
1815 1137 1993 1191 neque
2059 1138 2123 1177 ex
2175 1134 2287 1184 tua,
2342 1123 2695 1195 AglaOphon,
2748 1140 2927 1195 neque
2972 1138 3038 1179 ex
3102 1122 3329 1177 alterius
3378 1120 3683 1182 sententia,

433 1207 708 1263 vinculum
768 1226 890 1269 esse
942 1229 1172 1285 corpus;
1229 1218 1325 1272 sed
1372 1217 1438 1272 ad
1504 1216 1807 1279 utrumvis,
1849 1226 1960 1270 tam
2010 1216 2213 1271 bonum
2271 1219 2512 1286 scilicet,
2561 1235 2725 1290 quam
2775 1220 3010 1279 malum,
3060 1218 3256 1272 animm
3302 1216 3517 1285 adjutor
3563 1225 3687 1269 est.

432 1301 730 1357 Concess't.

504 1416 660 1475 XLV.
702 1418 827 1477 "th
858 1438 980 1477 cum
1015 1425 1089 1479 ita
1152 1426 1282 1490 sint,
1334 1434 1487 1482 tuum
1534 1436 1639 1492 est,
1663 1429 2002 1500 Aglaophon,

435 1524 668 1581 purgare
712 1528 832 1582 quae
882 1525 1043 1570 antea
1097 1519 1350 1587 posuisti.
1390 1519 1590 1575 Aiebas
1618 1522 1762 1575 enim
1800 1534 2003 1591 corpus

2172 1427 2305 1483 ME’.
2331 1426 2538 1481 Οὐκοῦν
2566 1426 2708 1481 οὕτω
2733 1425 2798 1497 δή
2820 1426 3023 1478 τούτων
3055 1425 3287 1495 ἑχόντων
3316 1423 3685 1495 ἀπολόγησαι,

2102 1513 2146 1572 ὦ
2181 1519 2515 1588 Ἀγλαοφῶν,
2551 1519 2685 1589 πρὸς
2731 1516 2768 1572 ἀ
2809 1518 3026 1589 πρῶτον
3078 1516 3301 1570 ὑπέθου.
3346 1517 3522 1585 Ἔφής
3563 1516 3686 1587 γὰρ

434 1602 625 1658 ani'mrc
653 1605 1242 1673 vinculum,carcercm
1289 1624 1353 1665 ac
1386 1611 1677 1681 compedes
1702 1628 1843 1668 esse.
1872 1612 2004 1679 Qua:

2102 1610 2298 1681 δεσμὸν
2332 1612 2423 1663 καὶ
2453 1608 2676 1681 εἱρκτὴν
2706 1609 2802 1662 καὶ
2845 1608 3011 1671 πέδας
3048 1608 3108 1660 τὸ
3145 1608 3306 1677 σῶμα
3354 1608 3450 1676 τῆς
3494 1608 3684 1677 ψυχῆς

432 1708 553 1744 tum
590 1692 656 1749 iis
685 1709 804 1764 qua
842 1697 1003 1752 modo
1036 1698 1241 1764 dixisti,
1283 1715 1624 1770 nequaquam
1649 1704 1999 1757 conveniunt.
2032 1724 2067 1770 ι,

431 1782 534 1847 Qui
563 1784 705 1837 enim
731 1790 1027 1843 convenire
1058 1798 1308 1859 possunt,
1336 1792 1381 1845 si
1421 1792 1638 1861 quidem
1670 1809 1895 1849 necexse
1919 1806 2005 1850 est

431 1889 649 1928 carnem
682 1878 880 1932 vinculi
905 1880 1077 1935 instar
1108 1881 1568 1946 haberi,animam
1592 1900 1720 1940 vero
1756 1887 2003 1955 adjutore

432 1967 495 2019 ad
531 1968 708 2024 scelus
732 1971 806 2024 uti
827 1972 1078 2027 vinculo?
1114 1976 1256 2044 quod
1288 1977 1504 2045 quidem
1531 1978 1643 2032 tieri
1675 1979 1824 2032 nullo
1845 1990 2005 2049 pacto

430 2059 773 2126 potest.Nam
798 2078 923 2117 cum
953 2074 1175 2135 propter
1205 2068 1463 2123 delictum
1498 2084 1669 2139 pana:
1694 2072 2003 2126 constituta:

431 2151 561 2205 sint.
604 2160 663 2205 ut
696 2152 891 2208 aﬂ‘ecta
940 2156 1128 2213 dolore
1181 2160 1359 2213 anima
1391 2159 1459 2213 ad
1509 2160 1798 2215 colendum
1832 2161 2001 2216 Deum

430 2244 733 2308 erudiatur,
790 2245 978 2301 ﬁerine
1022 2257 1221 2317 potest,
1262 2257 1321 2304 ut
1349 2250 1415 2304 ad
1445 2250 1893 2307 committendum
1922 2251 2003 2305 fa-

429 2336 589 2391 cinus
623 2351 823 2406 corpus
857 2340 931 2393 illi
962 2341 1279 2409 adjumcnto
1306 2343 1617 2412 auxilioque
1645 2359 1767 2398 esse
1797 2346 2005 2414 possit?

430 2424 660 2482 Vincula
696 2430 919 2501 quippe,
960 2432 1243 2494 custodiae,
1302 2436 1595 2505 compedes
1647 2444 1703 2490 et
1741 2436 1794 2489 id
1826 2452 2001 2507 genus

429 2521 610 2575 omnia
637 2537 921 2592 pmnarum
955 2524 1338 2590 instrumenta,
1387 2543 1508 2597 qua:
1539 2528 1605 2581 ad
1634 2528 2001 2583 emendandos

430 2608 680 2665 homines
714 2613 1005 2681 pertinent,
1055 2623 1405 2684 peccatorum
1452 2631 1516 2672 ac
1546 2618 1813 2672 scelerum
1848 2618 1901 2672 in
1934 2618 2002 2675 iis

428 2701 521 2767 qui
574 2702 880 2769 puniuntur
937 2706 1455 2774 compescendorum
1501 2708 1553 2761 vi
1598 2708 1822 2777 praedita
1851 2716 1997 2764 sunt.

428 2790 563 2845 Nam
596 2808 702 2847 non
738 2794 878 2858 ideo,
918 2806 977 2849 ut
1005 2796 1310 2854 sceleratus
1345 2798 1554 2867 majora
1609 2800 1817 2855 scelera
1852 2816 2003 2856 com-

429 2884 629 2944 mittat,
666 2884 809 2938 velut
851 2887 1163 2954 praesidium
1201 2888 1476 2958 quoddam
1524 2891 1803 2946 vinculum
1849 2893 2002 2947 adhi-

428 2970 607 3035 betur,
656 2974 751 3028 sed
814 2985 874 3029 ut
926 2993 992 3033 eo
1044 2977 1206 3033 modo
1232 2978 1395 3050 570
1421 2981 1700 3037 cruciatus
1743 2996 1773 3036 a
1813 2998 2002 3053 perpe-

2102 1703 2160 1754 ὲν
2183 1703 2294 1765 τοῖς
2326 1700 2651 1771 ἔμπροσθεν.
2687 1702 2795 1753 Kal
2831 1701 2984 1771 ὁρᾷς,
3020 1700 3096 1763 ὠς
3135 1701 3195 1752 οὐ
3231 1699 3511 1769 συνᾴδουσι
3547 1698 3686 1751 τοὺ-

2102 1812 2215 1857 τοις
2243 1794 2278 1849 ἀ
2305 1794 2476 1866 ἐφηςς
2505 1794 2628 1857 Πῶς
2659 1793 2768 1863 γὰρ
2806 1793 3099 1862 συνᾴδοιεν,
3146 1792 3301 1863 εἴπερ
3330 1808 3393 1859 γε
3435 1793 3684 1860 ἀνάγκη,

2102 1880 2379 1957 ῶάριστε,
2411 1885 2606 1956 δεσμὸν
2639 1885 2736 1955 μὲν
2765 1887 2863 1953 τὴν
2897 1883 3073 1953 σάρκα
3099 1883 3435 1954 νομίζεσθαι,
3481 1885 3581 1962 τήν
3616 1884 3687 1937 δὲ

2101 1978 2277 2049 ψυχὴν
2307 1978 2551 2049 συνεργῷ
2578 1978 2713 2047 πρὸς
2744 1976 2959 2030 ἀδικίαν
2992 1973 3248 2046 χρῆσθαι,
3286 1974 3381 2026 καὶ
3421 1972 3687 2041 συμπρά-

2103 2088 2259 2142 κτορι
2305 2068 2384 2139 τῷ
2422 2068 2626 2137 δεσμῷ,
2673 2068 2811 2138 ὅπερ
2861 2067 3156 2130 ἀδύνατονς
3190 2067 3252 2119 Εἰ
3294 2064 3403 2134 γὰρ
3431 2064 3516 2117 διὰ
3573 2063 3689 2133 τὴν

2102 2160 2378 2232 ἁμαρτίαν
2414 2159 2832 2229 βασανιστήριον
2862 2157 3043 2228 ἐδόθη,
3076 2157 3211 2227 πρὸς
3235 2156 3294 2209 τὸ
3319 2154 3685 2223 ἀλγυνθεῖσαν

2102 2252 2182 2309 εἰς
2214 2248 2275 2301 τὸ
2314 2249 2479 2318 τιμᾷν
2511 2246 2605 2300 τὸν
2640 2247 2774 2300 Θεὸν
2816 2246 3170 2315 παιδευθῆναι
3200 2245 3297 2314 τὴν
3329 2244 3525 2315 ψυχὴν,
3558 2242 3685 2305 πῶς

2104 2342 2354 2411 συνεργεῖ
2381 2340 2475 2393 καὶ
2513 2339 2935 2407 συναγωνίζεται
2962 2338 3023 2391 τὸ
3055 2338 3215 2407 σῶμα
3245 2338 3382 2407 αὐτῇ
3428 2336 3564 2407 πρὸς
3612 2332 3683 2387 τὸ

2101 2432 2342 2497 ἀδικεῖν;
2389 2431 2590 2502 Δεσμοὶ
2645 2431 2755 2503 γὰρ
2793 2430 2889 2483 καὶ
2932 2429 3191 2500 φυλακαὶ,
3239 2429 3333 2482 καὶ
3368 2428 3542 2492 πέδαι,
3580 2427 3679 2479 καὶ

2102 2524 2402 2597 συλλήϐδην
2431 2524 2489 2576 al.
2518 2524 2765 2578 τοιαῦται
2791 2527 2964 2579 πᾶσαι
3005 2524 3141 2594 πρὸς
3182 2521 3550 2592 ἐπανόρθωσιν
3594 2537 3682 2572 τι-

2104 2618 2277 2688 μωροὶ
2302 2617 2542 2688 μηχαναὶ
2584 2618 2872 2686 ὲφεκτικαὶ
2914 2616 3006 2670 τοῦ
3051 2616 3259 2669 ἀδικεῖν
3302 2613 3396 2666 καὶ
3426 2611 3675 2683 ἀμαρτὰ-

2100 2726 2210 2761 νειν
2263 2712 2374 2773 τοῖς
2426 2708 2806 2779 κολαζομένοις
2847 2708 3148 2776 γίγνονται.
3187 2704 3264 2759 Οὐ
3314 2705 3423 2773 γὰρ
3468 2704 3616 2766 ὅπως
3649 2702 3681 2755 ὁ

2100 2800 2366 2871 ἀδικήσας
2395 2801 2631 2873 ἀδικήσῃ
2656 2800 2836 2863 πλέον,
2867 2800 3126 2870 συνεργὸς
3147 2796 3295 2869 αὐτῷ
3321 2797 3458 2868 πρὸς
3480 2796 3542 2848 τὸ
3561 2796 3682 2848 ἀδι-

2066 2874 2071 2881 ¹
2101 2896 2266 2948 κεῖνό
2294 2893 2490 2965 δεσμὸς
2525 2893 2743 2956 δίδοται,
2797 2893 2916 2947 ἀλλ’
2964 2894 3111 2955 ὅπως
3145 2892 3282 2962 λήξῃ
3323 2889 3417 2943 τοῦ
3448 2888 3678 2949 ἀδικεῖν,

2103 2986 2523 3057 βασανιζόμενος
2554 2985 2643 3039 διὰ
2668 2984 2776 3037 τῶν
2798 2985 3031 3055 δεσμῶν.
3069 2985 3181 3037 Kal.
3214 2983 3322 3053 γὰρ
3345 2984 3394 3035 oi
3425 2981 3682 3035 δικασταὶ

430 3066 642 3121 trandis
687 3068 1022 3125 facinoribus
1057 3071 1305 3127 desistat.
1338 3074 1516 3143 Atque
1562 3090 1627 3128 ea
1689 3091 1856 3132 causa
1916 3086 2003 3133 est

2102 3077 2274 3151 ταύτῃ
2305 3078 2526 3131 πεδοῦσι
2548 3078 2675 3141 τοὺς
2700 3077 2955 3146 φαύλους.
2975 3076 3289 3130 κωλύονται
3316 3074 3445 3145 γάρ,
3469 3073 3570 3126 κᾶν
3599 3074 3679 3142 μὴ

426 3170 531 3210 cur
580 3158 875 3216 facinerosi
908 3161 1155 3219 homines
1185 3163 1420 3221 vinculis
1460 3181 1489 3218 a
1518 3165 1704 3234 judice
1732 3172 2001 3224 constrin-

426 3258 648 3317 gantur,
676 3260 961 3321 propterea
992 3256 1137 3323 quod
1156 3256 1311 3311 abiis
1338 3258 1421 3313 vel
1453 3259 1604 3314 inviti
1635 3262 1762 3314 mali
1795 3262 2001 3331 aliquid

434 3340 614 3394 facere
637 3342 1012 3411 prohibemur.
1032 3346 1175 3412 Quin
1194 3347 1303 3401 into
1326 3348 1621 3404 liberorum
1647 3366 1710 3405 ac
1752 3354 1834 3406 sui
1860 3353 2002 3422 juris

434 3430 735 3495 hominum,
796 3449 1029 3503 quorum
1087 3453 1245 3493 nemo
1303 3439 1466 3493 vitam
1528 3457 1683 3494 suam
1722 3443 1999 3506 observ’at,

433 3536 661 3589 peccare
693 3525 973 3594 proprium
1006 3535 1111 3590 est,
1148 3544 1255 3583 non
1290 3539 1614 3585 vnnctoruin.
1653 3532 1825 3587 llumo
1874 3550 2004 3588 vero

322 3652 325 3661 .
433 3612 665 3679 primum
683 3613 900 3683 quidem
920 3616 1275 3685 parricidium
1295 3621 1534 3685 admisit,
1562 3624 1723 3677 veluti
1739 3626 1941 3679 (Jaiuus
1961 3627 2000 3678 ⁸.

432 3698 568 3754 Tum
593 3702 660 3756 ad
690 3703 1059 3761 inﬁdelitatem
1096 3708 1353 3773 adolevit,
1388 3712 1680 3767 simulacra
1715 3725 2004 3769 veneratus

430 3801 598 3857 cst,a
642 3793 751 3851 Deo
780 3796 1032 3853 descivit.
1085 3796 1299 3855 Fierinc
1359 3802 1525 3871 Igitur
1584 3812 1764 3872 potest
1834 3815 1891 3859 ut
1953 3808 2003 3860 ei

431 3900 635 3955 corpus
694 3896 949 3958 tanquam
1010 3890 1288 3944 vinculum
1346 3892 1414 3945 sit
1488 3896 1850 3949 attributum?
1900 3899 2005 3951 Ακι

431 3978 704 4045 quomodo
732 3979 894 4045 Deus,
932 3999 1054 4036 cum
1085 3999 1142 4037 se
1177 3966 1337 4040 homo
1367 3988 1605 4054 peccatis
1635 3998 1761 4041 auze
1805 4005 2005 4059 corpus

430 4068 833 4135 obstrinxisset,
870 4072 938 4125 ad
996 4074 1201 4139 majora
1250 4076 1455 4129 scelera
1495 4077 1640 4130 velut
1695 4080 2003 4147 praesidium

430 4159 702 4225 quoddam
727 4160 771 4214 ei
801 4175 1001 4231 corpus
1032 4162 1272 4217 aliinxit?
1298 4165 1578 4230 Quomodo
1627 4169 1860 4238 denique
1886 4178 2006 4239 post

431 4250 562 4302 illud
621 4251 940 4307 fabricatum
992 4256 1265 4310 vinculum
1320 4258 1394 4311 ita
1451 4259 1665 4315 locutus
1714 4263 2008 4317 estzEcce

430 4355 608 4392 coram
641 4351 687 4392 te
706 4344 856 4409 posui
884 4344 1042 4396 vitam
1067 4355 1111 4397 et
1146 4356 1391 4410 mortem;
1418 4348 1547 4419 elige
1579 4351 1784 4405 vitam:
1814 4351 2005 4409 bonum

2104 3172 2421 3241 βούλωνται,
2454 3173 2768 3225 κακοποιεῖν
2790 3171 2893 3224 ὑπὸ
2915 3170 3023 3223 τῶν
3054 3168 3288 3239 δεσμῶν.
3338 3166 3682 3234 Ἐλευθερια-

2102 3264 2301 3327 ςόντων
2338 3262 2397 3315 δὲ
2422 3262 2482 3317 τὸ
2512 3265 2840 3333 κακουργεῖν
2890 3263 3025 3323 ἔστι,
3068 3260 3162 3313 καὶ
3207 3258 3422 3322 ζώντων
3468 3255 3678 3325 ἀφυλά-

2102 3371 2265 3419 κτως,
2292 3353 2404 3407 ἀλλ’
2433 3354 2495 3407 οὺ
2530 3353 2943 3423 πεπεδημένων.
2977 3352 3035 3404 '0
3065 3351 3121 3404 δὲ
3146 3350 3426 3420 ἄνθρωπος
3460 3348 3675 3419 πρῶτον

2106 3446 2205 3516 μὲν
2230 3445 2505 3513 ὶφόνευσε,
2538 3444 2679 3499 κατά
2698 3444 2790 3499 τὸν
2817 3444 2979 3508 Κάϊν,
2999 3444 3212 3514 ηὐξήθη
3241 3443 3377 3514 πρὸς
3398 3441 3677 3502 ἀπιστίαν,

2103 3536 2342 3599 εἰδώλοις
2359 3537 2678 3608 προσέσχεν,
2701 3536 3082 3605 ἀπεστάτησεν
3108 3534 3215 3588 ἀπὸ
3235 3532 3393 3586 Θεοῦ.
3417 3533 3527 3585 Kal.
3557 3530 3681 3594 πῶς

2102 3623 2252 3693 αὑτῷ
2272 3622 2467 3694 δεσμὸς
2492 3622 2553 3677 τὸ
2579 3624 2737 3694 σῶμα
2761 3624 2916 3695 ἐδόθη
2940 3640 2954 3687 ;
2984 3625 3055 3677 Ἢ
3086 3622 3204 3687 πῶς
3232 3622 3429 3688 ὀΘεδς,
3458 3620 3594 3692 μετά
3614 3620 3681 3673 τὺ

2105 3714 2209 3783 πρὸ
2238 3713 2487 3782 σώματος
2511 3714 2783 3785 ἀνομῆσαι
2803 3715 2895 3769 τὸν
2917 3714 3225 3785 ἄνθρωπον,
3254 3714 3515 3787 συνεργὸν
3541 3710 3681 3782 πρὸς

2108 3807 2319 3860 ἀδικίαν
2344 3807 2491 3878 αὐτῷ
2540 3808 2761 3878 μείζονα
2785 3808 2847 3860 τὸ
2896 3808 3056 3878 σῶμα
3085 3807 3269 3873 ἐδοτος
3312 3806 3437 3869 Πῶς
3480 3805 3535 3857 δὲ
3583 3804 3683 3856 καὶ

2108 3898 2245 3967 μετὰ
2292 3899 2391 3971 τὴν
2442 3898 2787 3971 κατασκευὴν
2836 3898 2931 3952 τοῦ
2984 3897 3183 3969 δεσμοῦ
3226 3898 3308 3962 τὸ,
3373 3895 3526 3951 Ἰδοὺ
3562 3893 3681 3961 πρὸ

2106 3992 2428 4058 προσώπου
2454 3989 2845 4057 σου,λέγεται,
2872 3989 3105 4043 τέθεικα
3124 3987 3240 4055 τὴν
3267 3985 3421 4054 ζωὴν
3451 3987 3546 4040 καὶ
3573 3985 3685 4038 τὸν

2107 4081 2384 4144 θάνατον,
2421 4079 2662 4143 ἕκλεξαι
2706 4079 2821 4147 τὴν
2863 4078 3046 4144 ζωήνο
3096 4078 3164 4131 τὸ
3195 4077 3421 4147 ἀγαθὸν
3464 4075 3563 4129 καὶ
3610 4075 3681 4129 τὸ

2107 4172 2391 4240 πονηρὸν,
2444 4172 2685 4237 ἐκλεξαι
2724 4172 2791 4225 τὸ
2831 4174 3083 4240 ἀγαθόν·
3109 4171 3227 4235 καὶ,
3271 4170 3408 4223 Ἐὰν
3467 4169 3682 4236 θέλητε

2107 4265 2203 4317 καὶ
2234 4264 2633 4331 είσακούσητέ
2658 4280 2814 4332 μου;
2857 4264 3042 4317 Ταῦτα
3071 4264 3182 4332 γὰρ
3221 4262 3297 4326 ὠς
3344 4261 3491 4332 αὑτῷ
3526 4261 3679 4325 ἐξου-

2110 4356 2370 4419 σιάζοντι,
2398 4356 2489 4409 καὶ
2513 4356 2609 4425 οὐχ
2639 4355 2715 4419 ὡς
2739 4354 2843 4409 ὑπὸ
2880 4354 3055 4425 δεσμά
3108 4356 3205 4407 καὶ
3255 4353 3501 4422 ἀνάγκην
3529 4354 3678 4422 ,ἀγο-

427 4439 477 4483 et
503 4432 737 4497 malum;
764 4434 894 4501 elige
923 4433 1113 4488 bonum
1144 4438 1183 4490 '.
1211 4435 1342 4492 Item
1378 4454 1392 4489 :
1425 4438 1484 4493 Si
1515 4442 1782 4495 volueritis
1811 4452 1857 4497 el
1904 4460 2000 4497 au-

2107 4449 2251 4516 μένῳ
2276 4446 2505 4518 ἐρρήθη.
2539 4447 2702 4500 Ὥστε
2734 4449 2799 4500 ὲκ
2826 4448 3024 4509 παντὸς
3052 4445 3401 4499 συνίστασθαι
3426 4447 3559 4516 μήτε
3584 4444 3680 4497 πέ-

428 4523 632 4577 dieritis
659 4542 737 4578 me
767 4525 826 4577 '?
852 4524 976 4581 Haec
1009 4528 1152 4582 enim
1188 4528 1261 4581 illi
1295 4538 1548 4599 tanquam
1602 4533 1847 4589 libertate
1879 4550 2007 4604 pra!-

428 4615 563 4680 ditu,
599 4634 707 4672 non
755 4619 992 4674 vinculis
1024 4636 1088 4674 ac
1132 4624 1456 4678 necessitate
1499 4634 1693 4679 coacto
1743 4628 1888 4681 dicta
1923 4628 2006 4681 vi-

430 4709 645 4764 dentur.
668 4709 735 4764 Ut
766 4711 1001 4783 idipsum
1028 4714 1251 4769 omnino
1276 4730 1617 4784 consequens
1643 4717 1735 4780 sit,
1759 4734 1867 4774 non
1885 4735 2007 4775 esse

430 4817 630 4872 corpus
646 4805 1099 4874 compedum,aut
1124 4810 1407 4876 custodiae,
1425 4820 1516 4865 aut
1532 4812 1869 4865 vinculorum
1887 4812 2007 4867 loco

430 4895 769 4963 habendum,
811 4914 987 4969 neque
1034 4901 1245 4957 vinctas
1290 4912 1445 4957 terrae
1478 4902 1682 4958 idcirco
1708 4904 2009 4972 appellatas

432 4987 673 5052 animas,
731 4992 890 5059 quasi
950 4992 1182 5047 terrenis
1238 4993 1568 5062 quibusdam
1648 4994 2048 5062 compedibus.

432 5079 573 5135 Deus
629 5082 751 5137 illas
806 5082 1162 5139 damnaverit.
1220 5084 1351 5139 Nam
1396 5086 1669 5155 quomodo
1720 5102 1907 5139 verum
1951 5086 2003 5140 id

430 5190 547 5227 esse
580 5182 781 5243 potest,
814 5189 939 5229 cum
967 5176 1333 5231 demonstrari
1363 5178 1509 5231 nulla
1544 5178 1752 5232 ratione
1783 5178 1957 5247 possit
1983 5178 2007 5231 ‘P

430 5265 532 5318 Sed
565 5276 617 5321 et
649 5267 935 5336 perspicue
962 5267 1091 5322 illud
1125 5269 1421 5324 absurdum
1461 5276 1580 5333 est,
1615 5285 1815 5338 corpus
1852 5269 2001 5324 arbi-

431 5358 558 5411 trari
583 5358 635 5412 in
667 5367 871 5414 asterna
916 5360 1008 5414 illa
1040 5360 1147 5413 vita
1176 5361 1365 5431 procul
1402 5362 1471 5415 ab
1505 5362 1683 5414 anima
1715 5361 1955 5414 futurum
1982 5400 1998 5422 ,

432 5452 569 5520 quod
602 5452 731 5508 huic
761 5452 890 5507 illud
924 5461 1182 5523 tanquam
1217 5453 1494 5507 vinculum
1526 5468 1590 5507 ac
1618 5451 1818 5521 pedica:
1846 5453 1955 5507 sint
1983 5469 1997 5518 ;

500 5677 515 5703 '
552 5675 681 5731 Gen.
711 5680 859 5745 iv,8.
936 5683 956 5713 ’
986 5679 1140 5736 Deut.
1177 5696 1301 5744 an,
1337 5681 1417 5734 15.
1498 5680 1639 5735 "lsa.
1666 5697 1702 5745 ι,
1736 5682 1816 5735 l9.

2101 4539 2198 4602 δας
2238 4538 2270 4609 ἢ
2314 4537 2578 4607 φυλακὴν,
2612 4537 2646 4608 ἢ
2681 4537 2917 4608 δεσμοὺς
2949 4537 3189 4608 νομίζειν
3211 4536 3271 4590 τὸ
3309 4536 3490 4606 σῶμα,
3539 4534 3677 4605 μήτε

2102 4628 2435 4699 δεσμὼτιδας
2469 4628 2572 4697 γῆς
2601 4627 2690 4681 διὰ
2722 4627 2895 4682 ταῦτα
2926 4628 3024 4690 τάς
3051 4627 3229 4696 ψυχὰς
3267 4628 3477 4696 χοῖκαῖς
3508 4641 3679 4678 κατα-

2103 4721 2378 4790 κρίνοντοε
2407 4720 2575 4782 αὐτὰς
2604 4718 2700 4771 τοῦ
2736 4718 2870 4770 Θεοῦ
2898 4718 3114 4787 δεθῆναι
3142 4717 3351 4779 πέδαις.
3388 4715 3512 4779 Πῶς
3544 4715 3675 4785 γὰρ,

2102 4809 2262 4862 ὁπότε
2310 4808 2385 4879 μὴ
2424 4809 2646 4862 δύναται
2699 4808 3081 4877 ἀποδειχθῆναι
3125 4806 3321 4873 τοῦτο;
3354 4807 3587 4859 Ἀτοπον
3620 4804 3679 4858 δὲ

2106 4904 2327 4956 κάκεῖνο
2361 4899 2653 4972 προφανῶς
2689 4900 2749 4954 τὸ
2775 4900 2980 4955 οἴεσθαι
3020 4901 3081 4953 τὸ
3126 4900 3284 4970 σῶμα
3315 4901 3372 4953 ὲν
3410 4903 3473 4970 τῇ
3535 4898 3680 4952 κατὰ

2104 4995 2225 5056 τοὺς
2260 4992 2463 5055 αἰῶνας
2485 4992 2726 5062 διαγωγῇ
2755 4993 2828 5063 μὴ
2867 4992 3181 5045 συνέσεσθαι
3210 4995 3275 5063 τῇ
3303 4993 3470 5062 ψυχῇ,
3502 4990 3589 5043 διὰ
3617 4990 3681 5043 τὸ

2102 5082 2298 5152 δεσμόν
2332 5082 2481 5153 αὑτῷ
2505 5084 2597 5137 καὶ
2633 5084 2798 5146 πέδας
2832 5078 2992 5147 εἶναι,
3028 5084 3115 5135 ἵνα
3150 5082 3224 5153 μὴ
3268 5082 3478 5137 αίὼνιοι
3509 5080 3680 5149 γενώ-

2105 5175 2243 5247 μεΟα
2292 5174 2609 5246 κατάκριτοι
2640 5174 2938 5244 δεσμῶται,
2986 5175 3128 5229 κατὰ
3162 5175 3288 5237 τοὺς
3331 5174 3587 5245 φθορέας,
3618 5174 3680 5224 ἐν

2105 5273 2172 5339 τῇ
2216 5267 2462 5340 βασιλείᾳ
2511 5266 2604 5321 τοῦ
2657 5268 2833 5337 φωτὸς
2896 5266 3165 5335 ἐσόμενοι.
3210 5266 3519 5336 Λελυμένου
3570 5264 3679 5335 γὰρ

2110 5361 2330 5424 ἱκανῶς,
2362 5362 2458 5415 καὶ
2493 5358 2897 5429 ἐξελεγχθέντος
2924 5359 3018 5411 τοῦ
3042 5357 3225 5427 λόγου,
3267 5359 3327 5411 ἐν
3378 5351 3423 5425 ᾧ
3474 5358 3677 5427 δεσμὸν

2104 5451 2205 5521 τῆς
2228 5450 2404 5520 ψυχῆς
2449 5448 2716 5521 ὡρίσαντο
2759 5444 2895 5503 εἶναι
2937 5447 3033 5518 τὴν
3075 5447 3272 5519 σάρκα,
3316 5447 3530 5501 λέλυται
3584 5447 3677 5501 καὶ
