4082 6394
303 315 441 370 1145

944 317 983 371 Α
997 317 1313 376 DVERSUS
1353 320 1694 378 "(ERESES
1733 323 1858 378 LIB.

2016 325 2179 384 TOM.
2224 326 2267 380 l.
2304 358 2373 366 —
2415 325 2687 382 ΠΑΞιιΕΞ.
2726 326 2908 381 LXIV.

3432 330 3564 384 ιιιδ

297 432 364 484 τὸ
392 426 529 484 εἶναι
554 429 689 501 (45)¹
723 430 796 502 μὴ
831 430 1104 501 δεσμῶται
1135 433 1203 486 δι’
1225 434 1395 506 αὐτὴν
1435 438 1492 489 ὲν
1533 440 1600 508 τῇ
1634 437 1880 509 βασιλείᾳ

2002 455 2051 494 te
2076 441 2422 510 sempiternis
2459 442 2694 496 vinculis
2725 443 3112 496 sceleratorum
3149 445 3325 498 instar
3359 443 3562 498 addicti

299 524 399 576 τοῦ
439 524 636 592 φωτὸς,
677 524 744 594 ἢν
782 524 1261 596 ἀπολαμϐάνομεν,
1286 527 1545 599 ἐσόμεθα,
1584 529 1672 583 διὰ
1723 529 1882 583 τοῦτο

301 614 406 668 οὐκ
427 615 815 684 ἀναστήσεται.

1988 531 2430 594 videamur,cum
2453 533 2506 585 in
2535 533 2714 586 lucido
2735 533 2826 587 illo
2852 549 3020 603 regno
3047 535 3221 587 simus
3248 535 3561 590 habitaturi.

1989 622 2125 676 Cum
2181 624 2325 676 enim
2378 623 2594 679 abunde
2643 625 2911 678 dissoluta
2965 642 3029 680 ac
3076 626 3306 680 refutata
3360 629 3433 683 sit
3475 631 3564 683 illa

305 711 601 776 sententia,
631 726 754 780 quas
785 711 982 766 animae
1022 711 1301 767 vinculum
1355 728 1578 769 carnem
1635 730 1759 770 esse
1811 715 2126 780 deﬁniebat,
2185 733 2291 770 una
2322 727 2376 772 et
2401 719 2532 772 illud
2565 719 2865 786 refellitur;
2915 735 3115 791 corpus
3169 723 3293 777 ideo
3345 724 3567 779 minime

305 815 787 872 resurrecturum;
823 823 892 862 ne
928 808 982 861 in
1014 808 1300 876 splendido
1325 810 1417 864 illo
1452 825 1640 880 regno,
1673 812 1718 865 si
1754 812 1890 865 illud
1923 812 2316 881 receperimus,
2351 815 2516 867 vincti
2544 829 2667 868 esse
2693 813 2997 868 videamur.

377 905 526 970 Μςι.
558 902 808 957 Ποταπὺν
849 903 956 974 γὰρ
991 903 1178 958 λοιπὸν
1205 906 1285 970 είς
1319 905 1492 959 πειθὼ
1533 911 1642 970 τοῖς
1693 909 1886 978 δυσχεο

310 981 585 1065 ῥαίνουσιν
619 993 803 1065 ἕτερον
846 993 1127 1064 ἀλήθευμα
1166 996 1270 1066 χρὴ
1311 996 1607 1062 δεικνύναι,
1649 998 1728 1060 εἰς
1784 1016 1888 1052 πα-

305 1086 432 1154 γίδα
465 1084 561 1156 τὴν
594 1086 771 1157 σάρκα
814 1085 967 1156 δίκην
1005 1085 1303 1155 ὑφέξουσαν
1334 1087 1443 1141 τῶν
1485 1089 1889 1160 ἡμαρτημένων

307 1176 600 1247 ἐμϐιϐάζει
624 1193 638 1206 ο
664 1177 802 1248 ὅπερ
832 1178 852 1207 ¹
885 1176 1084 1246 μᾶλλον
1113 1177 1145 1247 ἢ
1170 1175 1482 1248 ὀρθοδοξίας
1499 1178 1666 1232 ἐστίν.
1692 1180 1754 1232 Et
1779 1179 1889 1250 γὰρ

309 1266 418 1336 πρὸ
445 1267 546 1337 τῆς
579 1267 964 1337 παραϐάσεως,
996 1267 1248 1338 καθάπερ
1279 1269 1380 1339 ἤδη
1413 1271 1508 1322 καὶ
1555 1272 1612 1323 ὲν
1641 1273 1754 1334 τοῖς
1791 1270 1892 1341 έμ-

309 1358 548 1428 προσθεν
591 1356 917 1428 ἑξεθέμεθα,
964 1357 1195 1429 σώματα
1243 1360 1537 1430 ἐκέκτηντο
1580 1361 1636 1414 αἱ
1695 1359 1886 1431 ψυχαὶ,

309 1451 429 1513 πῶς
465 1452 545 1512 εἰς
601 1449 805 1517 παγίδα
856 1448 1082 1522 ὕστερον
1140 1450 1276 1520 μετά
1320 1451 1420 1522 τὴν
1455 1451 1768 1522 παράϐασιν
1812 1453 1893 1514 είς

313 1542 473 1612 σῶμα
501 1541 907 1613 ὲμόιϐἀζονται,
931 1543 1030 1596 οὐκ
1059 1542 1213 1606 ὄντος
1239 1544 1454 1615 χρόνου,
1481 1546 1539 1598 ὲν
1567 1539 1612 1612 ᾧ
1638 1545 1768 1617 πρὶν
1801 1545 1895 1598 αὑ-

311 1635 412 1697 τάς
441 1633 502 1687 τὸ
543 1633 704 1704 σῶμα
732 1633 916 1688 λαϐεῖν
951 1634 1334 1707 ἐξημάρτοσαν
1355 1654 1369 1703 ;
1393 1638 1494 1708 ,Οὐ
1528 1637 1639 1709 γὰρ
1683 1637 1894 1708 ἐμφροο

2061 907 2245 962 XLVI.
2285 909 2416 975 Quae
2444 911 2610 975 enim,
2646 910 2736 964 illa
2769 911 3004 976 sublata,
3037 919 3182 966 certa
3211 927 3275 966 ac
3304 921 3566 968 constans

1985 1001 2128 1052 ratio
2154 1015 2279 1055 esse
2310 1008 2508 1070 potest,
2537 1016 2643 1070 qua
2672 1000 2724 1054 id
2749 1016 2892 1071 aegre
2918 1001 3221 1072 ferentibus
3247 1004 3567 1072 persuaderi

1987 1091 2182 1160 possit,
2242 1092 2477 1144 animam
2531 1098 2590 1144 ut
2638 1091 2959 1145 delictorum
2999 1107 3222 1145 suorum
3259 1107 3447 1160 ptenas
3475 1107 3571 1145 ex-

1988 1185 2183 1247 solvat,
2209 1184 2264 1238 in
2296 1184 2439 1238 hanc
2469 1199 2688 1239 carnem
2745 1183 2893 1236 velut
2941 1183 2995 1236 in
3044 1183 3297 1253 laqueum
3329 1183 3572 1252 conjici?

1988 1276 2135 1345 quod
2190 1275 2437 1330 stultitia:
2492 1275 2687 1345 magis,
2719 1290 2884 1344 quam
2913 1275 3141 1329 sincerae
3175 1275 3296 1328 lidei
3329 1275 3575 1354 tribuens

1988 1366 2118 1420 dum
2157 1374 2275 1429 est;
2308 1379 2434 1418 nam
2487 1379 2611 1418 cum
2657 1373 2784 1418 ante
2813 1364 3072 1417 violatqu
3107 1363 3198 1419 Dei
3233 1365 3570 1426 mandatum,

1990 1463 2050 1512 ut
2069 1437 2243 1511 ‘antea
2279 1456 2726 1517 monstravimus,
2750 1456 3074 1524 corporibus
3105 1455 3340 1524 praeditae
3371 1454 3574 1509 fuerint

1990 1549 2207 1612 animae,
2243 1562 2480 1618 quonam
2522 1554 2682 1616 pacto
2732 1547 3032 1602 secundum
3080 1547 3339 1600 delictum
3371 1546 3574 1599 includi

1991 1656 2224 1711 corpore
2262 1647 2580 1710 potuerunt,
2609 1654 2733 1692 cum
2765 1654 2874 1693 non
2911 1647 3166 1709 suppetat
3197 1646 3410 1708 tempus
3441 1654 3572 1707 quo,

311 1743 402 1787 vo;
425 1725 515 1780 ὁτὲ
549 1727 647 1795 μὲν
677 1727 754 1790 ὡς
786 1727 875 1780 διὰ
896 1727 956 1780 τὸ
987 1727 1147 1799 σῶμα
1175 1728 1354 1798 λέγειν
1384 1731 1483 1794 τὰς
1512 1730 1690 1801 ψυχὰς
1713 1733 1895 1802 ἡμαρ-

2002 1732 2316 1802 priusquam
2337 1745 2539 1800 corpus
2573 1730 2882 1795 induerent,
2913 1732 2965 1783 in
2997 1738 3278 1800 peccatum
3310 1729 3578 1798 prolapsae

311 1818 560 1879 τηκέναι,
586 1819 676 1872 ὁτὲ
698 1819 775 1882 δὲ,
803 1820 1101 1892 ἐπειδήπερ
1134 1821 1486 1894 ήμάρτησαν,
1513 1824 1599 1877 διά
1627 1825 1782 1878 τοῦτο
1801 1828 1897 1880 καὶ

313 1909 515 1978 δεσμὸν
539 1910 688 1975 αὐτὸ,
719 1912 812 1964 καὶ
846 1911 1048 1980 παγίδα
1079 1912 1216 1984 πρὸς
1243 1914 1567 1986 κατάκρισιν
1590 1917 1894 1984 γεγονέναι.

315 2003 380 2054 Εἰ
406 2002 514 2072 γάρ
551 2001 640 2055 διά
672 2002 735 2055 τὸ
771 2002 932 2073 σῶμα
961 2004 1228 2076 ἥμαρτον,
1265 2005 1433 2074 συνῆν
1465 2007 1573 2077 ἄρα
1624 2005 1684 2070 ἐξ
1720 2006 1898 2077 ἀρχῆς

315 2096 510 2158 αὑταῖς
541 2095 636 2147 καὶ
663 2095 769 2165 πρὸ
795 2095 894 2166 τῆς
923 2096 1197 2167 ἁμαρτίας
1223 2096 1284 2149 τὸ
1324 2096 1499 2166 σῶμα.
1531 2096 1655 2161 Πῶς
1680 2098 1788 2170 γὰρ
1811 2099 1898 2152 διὰ

315 2187 476 2239 τοῦτο
502 2188 836 2259 ἡμάρτανον,
869 2188 898 2240 ὃ
927 2189 1000 2258 μὴ
1033 2184 1101 2259 ἦν
1133 2189 1386 2258 μηδέπω;
1420 2191 1481 2242 Εἰ
1512 2190 1569 2242 δὲ
1595 2192 1762 2259 παγὶς
1795 2191 1901 2245 πά-

315 2278 399 2330 λιν
421 2277 568 2348 αὑτῷ
591 2277 652 2330 τὸ
681 2277 842 2348 σῶμα
871 2279 965 2332 καὶ
1007 2279 1165 2332 πέδαι
1197 2278 1503 2348 νομίζεται,
1552 2280 1648 2332 καὶ
1676 2280 1897 2350 δεσμὸς,

315 2369 500 2422 οὐκέτι
549 2362 613 2420 τῦ
661 2370 1070 2440 συναμφότερον
1113 2367 1311 2434 αἴτιον,
1371 2369 1510 2422 ἀλλά
1543 2369 1688 2441 ψυχὴ
1738 2371 1897 2443 μόνη,

319 2463 670 2534 ἀμαρτῆσαν.
708 2462 774 2514 Τί
808 2461 916 2531 γὰρ
974 2460 1113 2531 μετά
1153 2461 1216 2513 τὸ
1249 2463 1565 2533 ἀμαρτῆσαι
1607 2464 1686 2534 τῷ
1717 2465 1903 2536 ἀμαρ-

317 2554 578 2624 τήσαντι;
609 2550 796 2622 Δεσμά
826 2551 921 2604 καὶ
949 2551 1196 2620 παγίδες,
1233 2552 1328 2605 καὶ
1359 2553 1515 2607 πέδαι
1559 2555 1902 2609 κατασκευά-

320 2643 526 2707 ζονται.
569 2643 730 2696 Ἀλλά
769 2643 866 2714 μὲν
911 2643 974 2716 δὴ
1021 2643 1476 2715 ὡμολογήσαμεν,
1525 2647 1598 2717 μὴ
1640 2647 1902 2701 δύνασθαι

318 2735 515 2806 δεσμὸν
552 2729 690 2788 εἶναι
716 2733 778 2786 τὸ
809 2734 968 2805 σῶμα
998 2735 1095 2805 τῆς
1114 2735 1294 2806 ψυχῆς
1317 2753 1329 2766 ·
1364 2737 1558 2810 ἐπειδὴ
1581 2738 1642 2790 τὸ
1671 2738 1768 2809 μὲν
1794 2738 1902 2791 σῶ-

324 2843 400 2897 μα
440 2826 576 2896 πρὸς
605 2825 864 2896 ἑκάτερα,
901 2826 994 2880 καὶ
1044 2828 1182 2898 πρὸς
1232 2827 1295 2880 τὸ
1348 2827 1556 2882 δίκαιον
1590 2829 1685 2882 καὶ
1717 2829 1904 2883 ἄδικον

323 2919 598 2987 συνεργεῖ,
641 2919 669 2970 ὁ
715 2917 772 2970 δὲ
825 2916 1026 2987 δεσμὸς
1075 2917 1250 2988 εἴργει
1296 2916 1390 2970 τοῦ
1442 2918 1666 2973 ἀδικεῖν.
1717 2919 1902 2985 Ὥστε,

320 3010 459 3081 ὅπερ
484 3009 648 3077 λέγω,
679 3009 825 3088 δυοῖν
854 3009 1101 3080 θάτερον.
1139 3011 1208 3061 Ἢ
1237 3009 1345 3079 γὰρ
1370 3009 1429 3074 ἐξ
1453 3010 1629 3081 ἀρχῆς
1657 3011 1902 3083 ἡμάρτο-

1997 1824 2160 1879 sunt?
2191 1823 2377 1893 Neque
2403 1839 2532 1878 vero
2565 1825 2650 1877 sui
2681 1839 2905 1893 compos
2934 1833 3034 1882 est.
3070 1823 3161 1892 qui
3194 1822 3330 1876 alias
3360 1833 3578 1890 propter

1995 1930 2196 1984 corpus
2217 1930 2476 1985 peccasse
2498 1915 2654 1985 571
2677 1926 2830 1985 putat
2852 1915 3084 1979 animas,
3109 1915 3267 1979 alias,
3289 1923 3578 1983 postquam

1997 2007 2367 2076 peccaverint,
2405 2007 2594 2061 eodem
2623 2008 2715 2060 illo
2749 2023 2978 2077 corpore
3007 2016 3265 2076 tanquam
3292 2005 3486 2060 vinclis
3515 2018 3578 2058 ac

1997 2097 2352 2167 compedibus
2377 2097 2545 2154 fuisse
2558 2098 2865 2153 damnatas.
2888 2099 2944 2152 Si
2970 2099 3113 2152 enim
3141 2105 3364 2167 propter
3381 2111 3581 2165 corpus

1997 2189 2346 2260 deliquerint,
2385 2204 2507 2243 cum
2538 2204 2604 2243 eo
2652 2189 2736 2242 vel
2769 2196 2895 2242 ante
2945 2195 3229 2258 peccatum
3277 2189 3582 2254 conjuncta:

2002 2281 2202 2334 fuerint
2225 2287 2464 2349 oportet.
2483 2279 2700 2347 Alioqui
2725 2286 2944 2348 propter
2966 2278 3016 2331 id
3044 2277 3188 2349 quod
3217 2277 3461 2332 nondum
3496 2292 3583 2331 ex-

2000 2370 2240 2430 stiterat,
2264 2383 2525 2437 peccasse
2548 2368 2822 2437 quomodo
2851 2367 3184 2437 potuerunt?
3210 2366 3363 2434 Quod
3395 2370 3441 2422 si
3472 2369 3583 2420 vin-

2000 2461 2110 2515 culi
2145 2461 2266 2514 loco
2305 2459 2690 2530 compedisque
2719 2474 2921 2529 corpus
2964 2465 3048 2513 est
3083 2459 3298 2522 animal,
3331 2471 3441 2512 non
3469 2458 3581 2526 jam

2006 2553 2224 2623 utrique
2245 2553 2406 2607 simul
2431 2560 2536 2617 est,
2555 2552 2646 2605 sed
2669 2552 2865 2604 animae
2890 2551 3150 2604 duntaxat
3179 2549 3389 2620 peccati
3416 2563 3584 2602 causa

2003 2645 2312 2699 tribuenda.
2335 2643 2479 2710 Quid
2510 2643 2778 2706 est‘enitn,
2803 2643 2944 2712 quod
2973 2641 3273 2696 secundum
3303 2647 3584 2711 peccatum

2002 2740 2048 2795 ei
2077 2741 2168 2808 qui
2197 2739 2438 2809 peccarit
2467 2737 2770 2808 inﬂigitur?
2795 2736 3023 2791 Vincula
3049 2735 3410 2793 nimirumtae
3436 2749 3586 2788 com-

2001 2831 2168 2900 pedes
2203 2840 2484 2900 parantur.
2509 2829 2620 2884 Nos
2654 2837 2832 2883 autem
2862 2829 3025 2899 paulo
3061 2828 3190 2881 illud
3231 2835 3355 2882 ante
3383 2826 3587 2880 fateba-

2004 2937 2146 2984 mur,
2197 2934 2399 2990 corpus
2451 2921 2644 2974 animae
2705 2919 2984 2973 vinculum
3043 2935 3166 2974 esse
3218 2935 3328 2973 non
3384 2932 3584 2987 posse.

2005 3015 2261 3082 quoniam
2296 3013 2360 3066 ad
2398 3020 2710 3082 utrumque,
2750 3021 2858 3065 tam
2902 3012 3112 3081 justum
3145 3012 3376 3074 scilicet,
3421 3025 3584 3078 quam

325 3119 424 3170 μεν
455 3100 593 3172 μετά
638 3100 920 3172 σώματος,
966 3102 1063 3155 καὶ
1109 3101 1170 3154 οὐ
1220 3102 1467 3171 φαίνεται
1508 3101 1722 3174 χρόνος,
1773 3106 1831 3158 ἐν
1857 3097 1901 3172 ᾧ

2005 3104 2294 3173 iniustum,
2331 3105 2638 3158 ministerio
2688 3104 2935 3173 corporis
2989 3103 3334 3172 adjuvantur.
3372 3104 3436 3154 At
3464 3102 3586 3154 vin-

321 3189 479 3254 ἐκτὸς
511 3190 832 3262 ὑπήρξαμεν
872 3189 1146 3261 σώματος,
1183 3192 1279 3244 καὶ
1326 3191 1598 3247 συναίτιον
1635 3193 1696 3246 τὸ
1743 3194 1904 3265 σῶμα

323 3283 418 3335 καὶ
445 3283 631 3336 κακῶν
663 3287 728 3355 τῇ
756 3284 900 3354 ψυχῇ
935 3284 1030 3336 καὶ
1065 3283 1314 3351 ἀγαθῶν·
1349 3285 1381 3355 ἢ
1428 3285 1597 3356 χωρὶς
1653 3285 1905 3356 σώματος

322 3375 640 3447 ἡμάρτομεν
667 3377 1018 3446 διαγαγόντες
1041 3394 1056 3408 ’
1100 3378 1192 3430 καὶ
1235 3377 1475 3431 ἀναίτιον
1502 3378 1564 3431 τὺ
1611 3379 1771 3450 σῶμα
1806 3398 1906 3434 xa-

322 3466 447 3529 κίας
476 3468 540 3520 ὲκ
586 3467 806 3530 παντός.
861 3465 1024 3518 Ἀλλά
1067 3465 1237 3537 χωρὶς
1284 3465 1537 3536 σώματος
1576 3467 1683 3520 ὑπὸ
1709 3467 1905 3534 ἀλόγου

319 3559 516 3630 ἡδονῆς
567 3561 627 3613 οὺ
673 3562 955 3629 κρατεῖται
1002 3560 1034 3629 ἡ
1087 3557 1254 3630 ψυχή.
1301 3559 1720 3630 Ἐκρατήθησαν
1763 3559 1820 3612 δὲ
1853 3559 1904 3613 οί

323 3647 738 3720 πρωτόπλαστοι
768 3651 949 3721 ἀλόγῳ
979 3648 1360 3714 δελεασθέντες
1391 3650 1570 3722 ἡδονῇ.

2008 3196 2190 3249 culum
2224 3196 2294 3250 ab
2323 3210 2388 3250 eo
2412 3194 2557 3264 quod
2589 3195 2853 3264 injustum
2908 3201 2992 3248 est
3050 3192 3440 3248 committendo
3486 3207 3588 3246 nos

2007 3287 2284 3356 prohibet.
2315 3287 2394 3340 Ex
2437 3301 2546 3356 quo
2597 3287 2852 3348 alterum,
2887 3286 2966 3338 uti
3020 3285 3280 3346 diximus,
3316 3298 3346 3337 e
3375 3281 3589 3337 duobus

2003 3379 2272 3449 sequitur.
2310 3379 2416 3432 Aut
2444 3379 2589 3433 enim
2616 3378 2773 3432 initio
2803 3393 2927 3431 cum
2964 3391 3193 3446 corpore
3218 3374 3586 3445 peccavimus;

2006 3487 2107 3526 nec
2133 3471 2305 3524 ullum
2338 3478 2556 3539 tempus
2586 3476 2834 3539 apparet,
2870 3483 2980 3538 quo
3011 3467 3130 3522 sine
3159 3481 3390 3536 corpore
3423 3464 3591 3518 fueri-

2005 3578 2164 3630 mus;
2218 3573 2410 3632 estque
2468 3563 2741 3617 bonorum
2798 3561 3179 3630 malorumque
3243 3573 3410 3615 causa
3465 3572 3588 3610 cum

2003 3655 2184 3708 anima
2215 3655 2580 3709 communiter
2614 3668 2834 3722 corpus.
2879 3652 2984 3706 Aut
3018 3660 3131 3705 tum
3172 3658 3454 3721 peccatqu
3497 3646 3594 3701 ad-

293 3745 594 3812 ‘tnisimus,
625 3761 748 3801 cum
777 3748 912 3803 citra
957 3763 1159 3818 corpus
1193 3749 1546 3816 degeremus,
1577 3757 1639 3803 ut
1664 3751 1734 3805 ab
1763 3749 1912 3804 omni
1943 3751 2164 3805 malitiae
2199 3751 2358 3820 culpa
2395 3764 2598 3820 corpus
2630 3750 2872 3802 immune
2925 3747 3016 3801 sit.
3073 3745 3234 3815 Atqui
3277 3744 3424 3798 nulla
3475 3741 3595 3795 sine

323 3851 556 3906 corpore
606 3837 838 3891 rationis
911 3851 1138 3908 experte
1190 3839 1472 3908 voluptate
1523 3839 1645 3910 capi
1701 3841 1886 3894 anima
1913 3849 2112 3911 potest.
2178 3840 2502 3910 Cujusmodi
2562 3838 2726 3910 primi
2789 3839 2965 3893 nostri
3020 3848 3275 3910 parentes
3339 3834 3594 3890 illecebra

322 3933 464 4001 capti
491 3935 844 4003 superatique
872 3945 1001 3989 sunt
1019 3936 1059 3989 ³.

393 4018 501 4075 Ἦν
552 4023 661 4095 ἀρα
705 4027 738 4095 ἡ
808 4025 955 4096 ψυχὴ
996 4027 1136 4096 μετά
1187 4026 1438 4098 σώματος
1489 4027 1584 4082 καὶ
1640 4029 1748 4101 πρὸ
1805 4031 1908 4101 τῆς

325 4116 620 4186 ἁμαρτίας.
673 4117 810 4188 Περὶ
853 4119 962 4190 γὰρ
1008 4118 1101 4171 τοῦ
1141 4118 1216 4188 μὴ
1262 4121 1528 4191 ἐγχωρεῖν
1576 4122 1708 4174 αὐτὸ
1753 4122 1910 4192 νομί-

325 4208 512 4272 ζεσθαι
559 4209 647 4264 διὰ
683 4209 782 4281 τὴν
834 4210 1150 4281 παράϐασιν
1185 4212 1385 4282 δεσμὸν
1418 4213 1510 4265 ἐπὶ
1549 4215 1792 4284 τιμωρία
1817 4230 1912 4281 γε·

325 4299 540 4366 γονότα,
575 4300 642 4351 ἶν’
685 4300 924 4370 ἄκρατον
948 4303 980 4371 ή
1007 4301 1151 4372 ψυχὴ
1195 4302 1289 4355 καὶ
1327 4301 1526 4371 συνεχῆ
1559 4304 1679 4354 κατ’
1713 4303 1914 4365 αὐτοὺς

2075 4031 2268 4084 Anima
2317 4031 2483 4100 igitur
2526 4027 2746 4098 corpori
2801 4026 3097 4096 conjuncta
3128 4025 3231 4080 fuit
3257 4027 3420 4080 etiam
3471 4033 3596 4080 ante

2005 4128 2315 4190 peccatum.
2366 4117 2522 4184 Quod
2565 4119 2710 4172 enim
2752 4115 3054 4170 absurdum
3111 4116 3202 4179 sit,
3261 4129 3437 4184 preme
3478 4114 3596 4170 loce

2007 4225 2209 4278 corpus
2251 4209 2450 4262 animae
2500 4215 2623 4278 post
2667 4213 2948 4275 peccatum
3003 4214 3260 4274 tanquam
3318 4203 3594 4258 vinculum

2009 4301 2181 4355 fuisse
2203 4300 2585 4361 constitutum,
2609 4306 2667 4351 ut
2685 4297 2899 4352 addicta
2926 4304 3145 4350 mortuo
3161 4296 3396 4366 gerendo
3413 4297 3595 4350 anima

327 4392 559 4460 βάσανον
599 4391 694 4462 ἔχῃ
737 4393 1162 4462 νεκροφοροῦσα,
1209 4393 1350 4446 δοκῶ
1387 4411 1476 4464 μοι
1511 4393 1692 4466 πλήρη
1739 4393 1901 4447 ταῦτα

2013 4406 2166 4446 mero
2211 4391 2454 4462 quodam
2513 4390 2764 4461 supplicii
2791 4404 2989 4460 genere
3039 4402 3104 4441 ac
3159 4388 3494 4457 sempiterno
3528 4404 3593 4442 ex

324 4481 423 4552 ἤδη
492 4481 631 4552 μετά
689 4483 868 4551 πάσης
923 4483 1251 4549 ἀποδείξεως
1311 4485 1690 4557 δεδηλωκέναι.
1745 4485 1907 4540 Ὅθεν

323 4573 627 4628 ἀσύστατον
678 4577 772 4628 καὶ
805 4575 1122 4630 ἀνένδεκτον
1153 4578 1214 4630 τὸ
1264 4579 1362 4649 μὲν
1398 4576 1558 4647 σῶμα
1591 4576 1793 4645 παγίδα
1826 4577 1907 4629 τί-

326 4666 514 4720 θεσθαι
543 4667 638 4720 καὶ
681 4667 878 4738 δεσμά,
915 4669 1007 4721 τὸν
1044 4669 1100 4722 δὲ
1139 4669 1273 4722 Θεὸν
1301 4668 1542 4737 εἰσάγειν
1587 4669 1688 4732 τὰς
1729 4669 1908 4739 ψυχάς

325 4761 404 4821 εἰς
444 4761 543 4831 τὴν
584 4760 810 4829 παγίδα,
855 4760 1009 4831 δίκην
1051 4762 1387 4830 ὑφεξούσας·
1436 4760 1643 4817 ἀνωθεν
1689 4762 1755 4816 ἐκ
1792 4762 1910 4833 τρί-

325 4871 418 4905 του
469 4852 800 4906 ὲκὸἀλλοντα
841 4853 1072 4923 οὐρανοῦ
1093 4894 1110 4915 ,
1165 4855 1246 4907 ὅτι
1299 4854 1510 4926 ,ἄνωθεν
1561 4855 1917 4925 παρήκουσαν

323 4945 424 5013 τῆς
461 4945 702 5016 ἐντολῆς.
759 4946 904 5018 Πρὸς
959 4946 1011 4999 τί
1053 4947 1164 5017 γάρ
1213 4964 1297 5010 τις
1350 4946 1550 5017 βλέψας
1573 4946 1916 5000 πιστεύσειεν

324 5038 437 5099 τοῖς
470 5035 611 5088 οὕτω
641 5036 734 5089 ὑπ’
762 5038 941 5090 αὐτῶν
975 5039 1267 5110 προπετῶς
1309 5039 1660 5110 είρημένοιςς
1697 5039 1914 5109 Καίπερ

325 5128 424 5179 οὐκ
466 5127 684 5199 ἔχοντος
727 5127 902 5193 οὕτως
945 5131 1040 5184 τοῦ
1081 5131 1328 5202 ψαλμοῦ,
1377 5131 1484 5184 κᾶν
1536 5130 1912 5201 βεϐιασμένως

326 5218 488 5270 αὑτὸν
527 5218 851 5274 ἐκτίθενται.
901 5220 1052 5274 Αὐτά
1100 5221 1155 5274 δὲ
1198 5223 1437 5293 προοίσω
1469 5222 1538 5276 τὰ
1573 5221 1906 5291 ἐγκείμεναο

327 5311 412 5364 ἵνα
448 5310 545 5381 (δὲ)
579 5310 757 5365 καὶτὸ
791 5313 1037 5382 μυθῶδες
1060 5314 1240 5367 αὐτῶν
1266 5315 1367 5384 τῆς
1395 5315 1708 5387 ἐξηγήσεως
1741 5317 1908 5385 φανῇ,

325 5401 501 5473 ὀρθῶς
545 5402 620 5474 μὴ
669 5401 932 5458 θελόντων
989 5409 1130 5458 νοεῖν
1185 5405 1285 5470 τὰς
1333 5407 1576 5478 Γραςςάςρ
1629 5409 1751 5460 Είσὶ
1800 5408 1910 5478 γὰρ

401 5558 418 5591 ¹
453 5559 763 5631 Corruptus
792 5567 876 5616 est
912 5560 1000 5616 hic
1024 5561 1202 5616 locus.
1280 5563 1300 5592 ¹
1329 5560 1483 5617 Deest
1520 5560 1727 5632 aliquid
1749 5569 1802 5617 et
1827 5563 1901 5632 ἐμ

2002 5558 2222 5625 άζεσθαι
2246 5559 2350 5630 leg.

2012 4485 2229 4538 illorum
2277 4483 2536 4554 opinione
2579 4484 2880 4545 crucietur,
2926 4480 3113 4534 videor
3145 4479 3277 4533 illud
3326 4479 3594 4534 hactenus

2014 4577 2230 4631 abunde
2276 4576 2605 4646 copioseque
2651 4576 3082 4630 demonstrasse.
3135 4571 3316 4637 Quare
3371 4572 3594 4625 minime

2012 4669 2296 4724 cohrcrens
2349 4683 2412 4722 ac
2446 4667 2728 4740 probabile
2773 4667 3009 4730 videtur,
3048 4664 3224 4734 laquei
3275 4679 3340 4717 ac
3390 4662 3594 4716 vinculi

2014 4763 2190 4817 instar
2227 4775 2350 4817 esse
2381 4777 2605 4830 corpus,
2636 4760 2691 4814 in
2723 4759 2870 4830 quod
2902 4759 3112 4812 animas
3149 4755 3290 4810 Deus
3341 4754 3595 4823 supplicii

2015 4871 2180 4912 causa
2214 4856 2572 4912 nihilominus
2626 4857 2855 4917 inserat,
2897 4868 3034 4923 quas
3059 4867 3089 4906 e
3120 4849 3281 4905 tertio
3331 4849 3470 4903 coelo
3502 4847 3597 4900 de-

2016 4949 2270 5012 turbarit,
2299 4947 2445 5017 quod
2477 4947 2793 5000 mandatum
2830 4961 2990 5001 suum
3023 4943 3116 4996 illo
3151 4941 3204 4995 in
3255 4941 3376 4994 loco
3422 4938 3593 4991 viola-

2011 5043 2143 5096 rint.
2183 5040 2324 5106 Quid
2370 5047 2452 5095 est
2483 5040 2651 5099 enim,
2683 5047 2932 5108 quotam
2975 5044 3179 5090 temere
3223 5033 3337 5085 haec
3383 5031 3452 5084 ab
3483 5031 3600 5083 illis

2010 5133 2271 5187 allirntata
2317 5130 2630 5202 persuaderi
2663 5128 2915 5199 possint?
2946 5126 3082 5180 Cum
3121 5121 3420 5194 praesertim
3458 5119 3595 5173 nihil

2013 5225 2282 5294 ejusmodi
2318 5223 2559 5293 psalmus
2590 5221 2681 5275 ille
2714 5221 3015 5283 contineat,
3080 5214 3294 5270 tmuetsi
3353 5227 3450 5282 per
3484 5212 3594 5262 vim

2015 5317 2136 5383 ejus
2169 5314 2498 5371 sententiam
2533 5313 2861 5381 detorquere
2900 5306 3204 5362 conentur?
3243 5302 3350 5357 Sed
3404 5303 3593 5355 eadem

2016 5407 2108 5461 illa
2135 5406 2296 5461 verba
2327 5405 2458 5459 libet
2494 5403 2711 5465 all'erre,
2777 5415 2886 5470 quo
2949 5396 3166 5454 illorum
3217 5388 3598 5461 interpretatio

2445 5557 2626 5612 1'(I-en.
2667 5571 2748 5621 ιιι,
2782 5555 2804 5608 ’1
2846 5569 2966 5624 sqq.

405 5739 515 5810 "3)
559 5738 815 5794 Λέλυται
857 5738 955 5794 καί
993 5738 1059 5792 τὸ
1103 5735 1275 5792 εἶναι.
1339 5735 1621 5807 Expttncta
1662 5735 1901 5792 voculae

2009 5751 2026 5787 t
2056 5742 2334 5802 utcunque
2367 5728 2640 5786 sententia
2671 5724 2999 5782 cohaerebit.
