4082 6394
539 308 677 387 ιιι-ι

1916 334 1972 390 8.
2016 338 2358 397 EPIPIMN"

3656 364 3814 417 H48

535 447 699 500 quam
755 435 1007 493 inanibus
1051 439 1121 495 sit
1149 441 1347 496 referta
1412 446 1613 504 fabulis
1685 463 1964 522 appareat,
2021 475 2091 526 qu

2218 460 2361 514 οὕτω
2402 480 2520 525 πως
2568 464 2738 534 δήπου
2773 464 3062 536 λεχθέντα·
3112 468 3494 539 Ἐδοκίμασας
3534 473 3718 541 ἡμᾶς,
3770 482 3813 533 ό

538 522 944 594 Scripturarnm
970 543 1176 587 rectam
1212 535 1629 606 intelligentiam
1656 546 1961 612 repudiant.
1989 522 2113 603 Haec

533 616 678 668 enim
704 618 794 672 illo
834 621 886 674 in
926 625 1137 691 psalmo
1174 627 1428 696 leguntur
1460 646 1471 680 :
1520 630 1766 687 Probasti
1796 653 1914 702 nos,
1950 637 2111 703 Deus;

533 708 648 777 igne
701 727 794 764 nos
841 717 1183 778 examinasti,
1245 720 1379 771 sicut
1435 727 1771 778 examinatur
1815 740 2107 797 argentum.

537 797 811 855 lnduxisti
841 822 935 859 nos
968 808 1020 859 in
1057 808 1331 878 laqueum;
1358 816 1580 880 posuisti
1638 818 2000 875 tribulatione:
2056 824 2109 877 in

530 889 689 942 dorso
729 902 931 947 nostro.
966 894 1276 965 Intposuisti
1307 902 1539 958 homines
1571 906 1729 975 572
1754 925 1907 976 super
1935 913 2109 979 capita

530 988 734 1035 nostra.
758 981 1119 1042 Transivimus
1151 1008 1242 1058 per
1265 996 1435 1059 ignem
1481 1007 1529 1049 et
1565 1014 1778 1067 aquam.
1804 1012 1851 1053 et
1877 1004 2110 1058 eduxisti

530 1086 622 1124 nos
656 1075 707 1127 in
767 1076 1099 1147 refrigerium
1133 1081 1169 1135 ί.
1200 1082 1411 1148 Quibus
1447 1088 1627 1141 statim
1672 1090 1935 1158 adjiciunt
1969 1114 1981 1148 :
2015 1094 2109 1150 llis

530 1164 727 1219 anima:
778 1174 1124 1227 sermonibus
1175 1184 1421 1241 utuntur,
1472 1194 1593 1248 qua:
1638 1180 1690 1235 in
1722 1199 1929 1254 corpus
1964 1187 2110 1241 velut

527 1255 580 1307 in
617 1257 890 1327 laqueum,
916 1281 943 1315 e
977 1266 1137 1317 tertio
1169 1268 1308 1320 cmlo
1340 1269 1431 1322 ubi
1478 1279 1531 1325 et
1584 1274 1873 1341 paradisus
1903 1286 2005 1338 est.
2040 1279 2105 1331 ad

526 1360 800 1407 certamen
832 1355 1023 1410 delatae
1053 1368 1200 1414 sunt.
1234 1360 1366 1415 Nam
1404 1364 1470 1419 iis
1502 1366 1705 1429 verbis,
1750 1368 2107 1427 Transivimus

524 1458 616 1509 per
656 1446 821 1514 ignem
848 1458 899 1501 et
926 1467 1139 1519 aquam,
1174 1463 1268 1507 aut
1304 1455 1499 1510 animae
1526 1460 1831 1514 maternum
1866 1479 1961 1531 per
2001 1472 2110 1518 nte-

528 1548 646 1586 rum
702 1536 755 1589 in
810 1536 955 1592 hunc
982 1541 1247 1596 mundum
1280 1546 1547 1601 transitus
1586 1550 1930 1619 exprimitur,
1962 1554 2107 1623 quod

526 1624 580 1677 in
644 1633 795 1682 tanto
856 1628 1110 1684 incendio
1166 1641 1330 1702 atque
1390 1635 1620 1693 humore
1679 1651 1965 1711 versetur;
2015 1656 2106 1700 aut

521 1715 767 1783 ejusdem
808 1718 862 1773 in
898 1718 1037 1774 hanc
1073 1721 1236 1776 vitam
1271 1740 1301 1779 e
1336 1728 1477 1781 caelo
1516 1729 1703 1798 lapsus
1759 1736 2100 1802 ostenditur;

522 1806 576 1858 in
604 1823 712 1876 quo
739 1823 862 1862 cum
892 1811 1034 1882 ignis
1064 1814 1224 1867 veluti
1256 1815 1450 1881 l’ontes,
1477 1829 1587 1873 tum
1612 1821 1909 1893 illam,qua:
1936 1801 2098 1896 supra
2134 1801 2176 1854 Β

520 1903 924 1959 [irritamentum
947 1916 1048 1973 est,
1067 1924 1330 1979 aquarum
1354 1916 1460 1968 vim
1486 1917 1807 1988 cepiamque
1828 1925 2103 1979 transmit-

521 1993 606 2047 tit.
660 1993 867 2052 Contra
926 2014 1067 2067 quos
1107 2003 1284 2056 visum
1336 2012 1420 2058 est
1476 2007 1606 2061 mihi
1655 2009 1954 2079 disputare.
1988 2016 2101 2085 Age

520 2084 725 2155 itaque,
756 2088 1095 2161 AglaOplion,
1153 2103 1209 2147 tu
1256 2111 1354 2165 pro
1385 2098 1514 2163 illis,
1568 2117 1689 2171 qua:
1732 2102 1912 2158 atl'crri
1946 2084 2100 2163 abiis

518 2186 771 2245 possunt,
810 2182 1164 2250 respondeas.

589 2267 791 2323 XLVII.
838 2273 1090 2343 Inprimis
1128 2278 1272 2332 enim
1322 2281 1610 2349 paradisus
1645 2286 1753 2348 ille,
1790 2287 1858 2343 de
1904 2306 2014 2360 quo
2043 2291 2098 2345 in

518 2361 693 2429 primo
711 2372 899 2417 nostro
928 2375 1149 2435 parente
1168 2370 1361 2438 dejecti
1384 2372 1608 2439 fuimus,
1628 2378 1860 2434 eximius
1878 2383 2096 2449 quidam

519 2451 664 2506 haud
697 2454 862 2509 dubie
890 2456 989 2512 bac
1016 2460 1069 2512 in
1104 2470 1245 2515 terra
1276 2463 1431 2519 locus
1458 2475 1565 2529 est,
1592 2477 1644 2521 et
1675 2468 1739 2522 ad
1768 2473 2094 2539 exquisitam

516 2547 810 2612 quamdam
839 2564 900 2603 ac
950 2551 1409 2619 jncumlissimam
1460 2560 1673 2629 piorum
1710 2565 1950 2632 requiem
2002 2566 2098 2619 ha—

514 2638 951 2713 bitationemque
989 2655 1255 2703 secretus.
1291 2647 1533 2706 Indidem
1588 2671 1750 2724 porro
1783 2658 1987 2728 Tigris,
2043 2669 2097 2714 et

514 2730 823 2802 Euphrates
856 2746 1160 2809 casteraque
1215 2740 1437 2797 ﬂumina
1472 2747 1914 2816 proficiscuntur,
1964 2768 2099 2822 quo-

512 2839 636 2878 rum
684 2826 737 2880 in
786 2830 1155 2886 continentem
1200 2843 1445 2889 nostram
1502 2838 1869 2896 derivationes
1910 2858 1972 2897 ac
2004 2842 2100 2897 de-

512 2931 711 2973 cursus
744 2921 1042 2976 exundant.
1085 2922 1203 2978 Nou
1244 2927 1387 2980 enim
1420 2929 1471 2982 in
1506 2936 1681 2987 terras
1731 2948 1761 2987 e
1812 2935 1952 2988 cmlo
2001 2935 2098 2989 de-

511 3008 661 3074 lapsa
721 3011 1079 3079 praecipitant.
1124 3013 1311 3085 Neque
1365 3019 1509 3071 enim
1573 3028 1777 3075 tantam
1833 3039 2096 3093 aquarum

2216 554 2381 620 Θεός,
2412 556 2728 625 ἐπίερωσας
2758 558 2933 627 ἡμᾶς,
2966 561 3045 625 ὡς
3068 561 3355 628 πυροῦται
3384 565 3447 616 τὸ
3480 565 3780 635 ἀργύριον
3800 612 3820 626 .

2208 646 2541 717 Είσήγαγες
2583 648 2741 718 ἡμᾶς
2782 653 2868 715 εἰς
2908 651 3023 719 τὴν
3072 652 3293 720 παγίδα
3317 672 3328 682 ·
3367 655 3504 708 ἔθου
3547 659 3763 725 θλίψει»
3786 680 3823 721 ι,-

2210 737 2308 790 ἐπὶ
2354 738 2461 791 τὸν
2512 739 2705 793 νῶτον
2752 741 2938 810 ἡμῶν.
2999 744 3389 809 Ἐπεόίϐασας
3434 747 3755 814 ἀνθρώπου
3780 768 3819 809 ς

2209 825 2308 879 ἐπὶ
2368 828 2476 894 τὰς
2525 832 2787 899 κεφαλὰς
2862 832 3044 902 ἡμῶν.
3087 834 3417 903 Διήλθομεν
3454 836 3550 891 διὰ
3593 842 3803 904 πυρὸς

2211 918 2305 970 καί
2343 918 2582 988 ὓδατος,
2626 925 2723 978 καὶ
2774 924 3064 994 ἐξήγαγες
3108 927 3262 996 ἡμᾶς
3307 932 3392 996 εὶς
3430 931 3792 999 ἀναψυχήν.

2210 1010 2319 1062 Καὶ
2352 1011 2553 1075 εὐθέως
2593 1015 2944 1086 ἐπιφέρουσι·
2997 1018 3178 1070 Ταῦτα
3216 1019 3272 1071 δὲ
3318 1020 3421 1073 ὑπὸ
3452 1022 3555 1073 τῶν
3592 1022 3803 1092 ψυχῶν

2209 1103 2442 1172 εἴρηται,
2474 1104 2580 1156 τῶν
2610 1108 2689 1169 είς
2727 1109 2826 1179 τὴν
2858 1109 3058 1176 παγίδα
3092 1110 3151 1163 τὸ
3198 1111 3375 1181 σῶμα,
3413 1114 3487 1175 ὡς
3529 1114 3607 1174 είς
3638 1113 3796 1179 ἀγώ-

2210 1210 2397 1264 νισμα,
2431 1199 2856 1266 κατενεχυεισῶν
2886 1202 2947 1253 ἐκ
2977 1200 3069 1253 τοῦ
3097 1201 3279 1273 τρίτου
3315 1203 3562 1274 οὐρανοῦ,
3601 1204 3735 1255 ἔνθα
3760 1208 3795 1257 ὁ

2210 1287 2554 1355 παράδεισος.
2581 1288 2654 1341 Τὸ
2676 1290 2783 1361 γὰρ
2801 1332 2815 1354 ,
2842 1292 3169 1362 Διήλθομεν
3192 1294 3289 1348 διὰ
3308 1295 3496 1362 πυρὸς
3517 1296 3615 1348 καὶ
3642 1296 3795 1348 ὓδα-

2207 1394 2329 1442 τος,
2361 1379 2498 1447 ἦτοι,
2530 1383 2683 1451 φησὶ,
2706 1383 2802 1451 τὴν
2826 1383 2911 1436 διὰ
2967 1385 3181 1454 μήτρας
3219 1388 3298 1449 εἰς
3328 1387 3418 1439 τὸν
3448 1386 3655 1457 κόσμον
3682 1386 3793 1456 τῆς

2206 1468 2385 1539 ψυχῆς
2432 1473 2661 1542 πάροδον
2712 1474 2879 1545 δηλοῖ,
2918 1478 3215 1550 ἐπειδήπερ
3257 1482 3314 1532 ὲν
3343 1480 3498 1548 φλογὶ
3539 1482 3794 1553 τοσαύτῃ

2208 1561 2302 1614 καὶ
2337 1563 2571 1635 ὐγρασίᾳ
2600 1568 3016 1635 καταγίγνεται·
3056 1570 3088 1641 ἢ
3128 1571 3224 1641 τὴν
3271 1572 3379 1623 ἀπὸ
3402 1572 3507 1624 τῶν
3534 1574 3791 1644 οὐρανῶν

2206 1654 2556 1708 κατάπτωσιν
2608 1660 2844 1737 ἐπὶοτὸν
2893 1661 3006 1729 βίον
3058 1663 3408 1734 διερχομένην
3447 1664 3543 1727 τὰς
3593 1667 3793 1734 πηγὰς

2207 1745 2301 1797 τοῦ
2338 1747 2506 1817 πυρὸς
2549 1751 2736 1804 καὶτὰ
2776 1754 2915 1824 ὑπὲρ
2960 1753 3029 1806 τὰ
3070 1756 3215 1809 νῶτα
3259 1756 3353 1809 τοῦ
3398 1757 3790 1827 στερεώματος

2206 1838 2390 1891 ὕδατα.
2436 1841 2577 1911 Πρὸς
2611 1842 2703 1905 οὓς
2745 1844 2926 1913 ἠξίουν
2956 1844 3285 1899 ἐνίστασθαι.
3338 1846 3471 1918 Φέρε
3501 1849 3609 1919 γάρ
3635 1850 3789 1919 ὑπὲρ

2202 1931 2404 1994 αὐτῶν,
2462 1926 2506 1983 ὦ
2549 1934 2882 2004 Ἀγλαοφῶν,
2929 1938 3092 2002 αὐτὸς
3132 1940 3353 2011 ποίησαι
3400 1940 3496 2010 τὴν
3540 1942 3788 2006 ἀπόκρι-

2204 2040 2307 2089 σιν,
2336 2025 2388 2077 τί
2430 2025 2663 2090 λέξουσι.

2272 2289 2404 2343 λη’.
2447 2290 2669 2361 Πρῶτον
2704 2292 2811 2363 γὰρ
2840 2297 2868 2347 δ
2897 2296 3241 2365 παράδεισος,
3272 2298 3391 2351 ὅθεν
3425 2301 3517 2353 καὶ
3544 2302 3787 2373 ἐξεϐλή-

2201 2373 2394 2445 θημεν,
2444 2378 2500 2429 ὲν
2546 2378 2622 2448 τῷ
2673 2382 3110 2453 πρωτοπλάστῳ,
3164 2388 3228 2439 ἐκ
3266 2388 3466 2458 ταύτης
3507 2392 3624 2442 ἐστὶ
3675 2392 3786 2460 τῆς

2200 2467 2303 2537 γῆς
2346 2469 2621 2538 προδήλως
2662 2473 2825 2535 τόπος
2875 2474 3168 2546 ἐξαίρετος.
3226 2480 3360 2551 πρὸς
3407 2480 3607 2533 ἄλυπον
3640 2486 3784 2536 ἀνά-

2200 2575 2401 2611 παυσιν
2465 2563 2558 2613 καί¹
2625 2562 2897 2634 διαγωγὴν
2959 2568 3071 2628 τοῖς
3148 2568 3318 2636 ἁγίοις
3391 2572 3785 2643 ἀφωρισμένος

2198 2651 2503 2721 κρείττονα.
2581 2654 2699 2705 Ἀπ’
2742 2655 2905 2707 αὐτοῦ
2957 2657 3051 2709 καὶ
3100 2657 3189 2710 τὸν
3238 2660 3462 2731 Τίγριν,
3520 2664 3616 2716 καὶ
3680 2666 3785 2718 τὸν

2197 2743 2510 2813 Εὐφράτην.
2547 2745 2639 2796 καὶ
2676 2745 2800 2808 τοὺς
2829 2745 3047 2811 λοιποὺς
3094 2751 3369 2819 ποταμοὺς
3407 2751 3529 2814 τοὺς
3553 2754 3784 2807 ἐκεῖθεν

2198 2837 2594 2907 προχεομένους
2614 2839 2845 2893 ἐνταῦθα
2875 2838 3176 2905 φαίνεσθαι,
3221 2841 3329 2894 τῶν
3356 2844 3643 2913 ῥευμάτων
3674 2846 3788 2909 τὰς

2196 2929 2477 2993 διεκϐολὰς
2508 2933 2586 2993 είς
2613 2932 2711 3002 τὴν
2764 2931 2885 2984 καθ’
2914 2932 3060 3001 ἡμᾶς
3101 2933 3326 3002 ἤπειρον
3359 2935 3785 3001 ἐπικλύζοντας.

2199 3018 2272 3069 Οὐ
2324 3020 2432 3089 γὰρ
2484 3020 2591 3072 ἀπὸ
2639 3020 2745 3073 τῶν
2787 3021 3029 3091 οὐρανῶν
3083 3022 3290 3076 ἄνωθεν
3330 3026 3791 3095 διαταράσσονται

514 3100 713 3152 molem
750 3115 873 3154 cum
896 3102 1098 3172 ingenti
1129 3122 1193 3160 ex
1220 3109 1330 3162 alto
1360 3109 1562 3179 impetu
1600 3111 1914 3182 depressam
1943 3117 2096 3169 susti-

2198 3108 2466 3177 χεόμενοι,
2514 3111 2663 3163 Ἐπεὶ
2704 3111 2823 3165 οὐδὲ
2854 3114 3063 3185 ὑπέστη
3100 3115 3166 3168 ἂν
3204 3117 3235 3186 ἡ
3286 3116 3357 3186 γῆ
3392 3118 3549 3185 δγκον
3579 3118 3786 3171 τοσοῦ-

510 3202 643 3245 nere
670 3199 813 3246 terra
851 3197 1139 3264 potuisset.
1175 3197 1280 3252 Sed
1308 3215 1409 3253 nec
1438 3202 1735 3271 Apostolus
1782 3205 2095 3274 paradisum

508 3282 672 3336 tertio
713 3284 765 3337 in
791 3288 931 3340 caelo
964 3289 1218 3352 collocat,
1263 3292 1307 3346 si
1349 3295 1473 3361 quis
1515 3295 1664 3351 illius
1702 3296 1860 3349 verba
1909 3298 2094 3352 subtili

508 3374 747 3441 quadam
769 3376 1125 3449 intelligentia
1150 3392 1438 3453 penetrare
1467 3388 1660 3455 possit.
1698 3386 1858 3451 Novi,
1893 3390 2092 3459 inquit.

507 3467 772 3520 hominem
800 3480 1009 3535 raptum
1039 3472 1108 3525 ad
1158 3476 1369 3527 tertium
1399 3477 1606 3541 uelum,
1632 3487 1679 3531 et
1708 3479 1943 3533 eumdem
1978 3483 2095 3534 novi

507 3558 788 3624 hominem,
817 3561 927 3614 sine
985 3563 1039 3615 in
1097 3579 1333 3631 corpore,
1361 3568 1464 3620 sive
1512 3578 1665 3622 extra
1711 3586 1919 3637 corpus,
1954 3570 2092 3625 Deus

506 3649 639 3707 scil;
695 3651 945 3718 quoniam
1000 3662 1183 3719 raptus
1236 3664 1313 3706 est
1362 3656 1416 3708 in
1469 3656 1778 3725 paradisum
1805 3662 1845 3712 ‘.
1882 3658 2092 3725 Quibus

506 3740 691 3794 verbis
715 3741 825 3794 duo
855 3742 957 3795 sibi
983 3743 1204 3796 maximi
1223 3746 1477 3799 momenti
1507 3748 1774 3817 patefacta
1802 3749 2089 3818 signiﬁcat,

504 3845 631 3883 cum
683 3830 766 3885 bis
796 3834 1090 3901 perspicue
1120 3843 1267 3889 esset
1300 3847 1659 3908 assumptus;
1698 3840 1932 3909 primum
1974 3848 2089 3894 ter-

504 3925 641 3979 tium
683 3926 736 3979 in
767 3928 990 3992 caelum,
1033 3928 1233 3985 deinde
1284 3931 1339 3985 in
1378 3931 1714 4001 paradisum.
1766 3930 1890 3986 Haec
1944 3933 2087 3987 enim

501 4017 817 4072 verba:Scio
841 4029 1048 4088 raptum
1068 4022 1370 4091 hujusmodi
1389 4041 1550 4093 usque
1566 4024 1633 4077 ad
1653 4026 1861 4078 tertium
1879 4026 2085 4089 caelum,

508 4111 785 4179 peculiare
840 4113 1123 4181 quiddam,
1180 4130 1303 4168 cum
1337 4115 1403 4169 ad
1441 4118 1664 4170 tertium
1709 4119 1908 4172 caelum
1942 4126 2088 4173 esset

502 4210 747 4266 evectus,
777 4210 1057 4258 ostensum
1112 4206 1187 4258 illi
1246 4222 1370 4261 esse
1424 4208 1829 4263 demonstrant.
1857 4209 1925 4263 At
1956 4209 2086 4263 illud

503 4294 647 4362 quod
681 4298 997 4364 subjicitur:
1024 4296 1087 4350 Et
1118 4300 1225 4352 scio
1244 4300 1550 4367 hujusmodi
1576 4302 1859 4367 hominem,
1894 4304 2001 4357 sive
2032 4305 2087 4357 iit

502 4403 740 4451 corpore,
777 4389 880 4443 sive
926 4399 1078 4443 extra
1122 4407 1347 4460 corpus;
1377 4395 1627 4460 quoniam
1670 4403 1852 4463 raptus
1903 4405 1979 4449 est
2030 4396 2085 4448 in

2196 3216 2286 3251 τον
2347 3200 2557 3271 ἀθρόως
2611 3202 2669 3267 ἐξ
2720 3204 2883 3272 ὕψους
2931 3206 3368 3276 καταφερόμενον
3413 3207 3786 3271 ὐποδέξασθαι

2198 3289 2408 3353 ὓδατος.
2479 3294 2617 3346 Ἀλλ’
2652 3295 2774 3347 οὐδὲ
2834 3297 2863 3348 δ
2918 3296 3239 3359 Ἀπόστολος
3297 3298 3613 3351 ὑποτίθεται
3658 3300 3785 3371 (44)

2193 3383 2284 3435 τὸν
2321 3386 2642 3456 παράδεισον
2675 3383 2813 3440 εἶναι
2848 3389 2905 3441 ἐν
2953 3388 3121 3459 τρίτῳ
3152 3389 3363 3462 οὐρανῷ
3406 3394 3516 3453 τοῖς
3556 3390 3786 3445 λεπτῶν

2194 3481 2496 3551 ἀκροᾶσθαι
2552 3480 2723 3548 λόγων
2776 3481 3185 3551 ἐπισταμένοις,
3237 3484 3381 3536 Οἶδα
3419 3484 3529 3552 γὰρ
3582 3486 3787 3552 ἁρπαο

2192 3574 2372 3643 γέντα
2396 3573 2505 3639 ἕως
2539 3575 2763 3639 τρίτου,
2810 3572 3003 3641 λέγων,
3041 3575 3301 3642 οὐρανοῦ
3322 3596 3333 3607 ·
3368 3577 3464 3629 καὶ
3507 3572 3641 3629 οἶδα
3668 3577 3787 3630 τὸν

2191 3665 2463 3719 τοιοῦτον
2504 3665 2837 3733 ἄνθρωπον,
2872 3666 2991 3717 εἴτε
3037 3667 3106 3718 ἐν
3148 3667 3391 3736 σώματι,
3438 3669 3553 3721 εἴτε
3593 3669 3787 3737 χωρὶς

2192 3758 2488 3827 σώματος,
2532 3761 2564 3811 ὀ
2612 3758 2753 3823 Θεὸς
2793 3755 2975 3823 οἶδεν,
3009 3760 3098 3813 ὅτι
3140 3760 3377 3829 ἡρπάγη
3413 3764 3499 3825 εὶς
3527 3762 3634 3813 τὸν
3661 3780 3785 3816 πα-

2184 3849 2492 3917 ράδεισον.
2564 3848 2668 3901 Δύο
2730 3849 3100 3919 ἀποκαλύψεις
3166 3851 3405 3921 μεγάλας
3468 3853 3786 3921 ἑωρακέναι

2195 3941 2406 4011 μηνύει,
2426 3940 2504 4003 δὶς
2525 3940 2854 4011 ἀναληφθεὶς
2875 3943 3116 4015 ἐναργῶς
3135 3961 3148 3975 ’
3176 3942 3323 4007 ἅπαξ
3350 3944 3444 4013 μὲν
3464 3944 3565 4006 ἓως
3587 3946 3783 4014 τρίτου

2189 4030 2441 4101 οὐρανοῦ,
2484 4030 2630 4096 ἅπαξ
2655 4033 2711 4085 δὲ
2753 4036 2833 4097 είς
2869 4035 2958 4087 τὸν
2992 4034 3337 4104 παράδεισον.
3371 4036 3444 4088 Τὸ
3469 4032 3785 4103 γάρςνοῖδα

2189 4122 2530 4192 ἁρπαγέντα
2577 4124 2685 4176 τὸν
2743 4126 3015 4179 τοιοῦτον
3066 4125 3177 4191 ἕως
3235 4127 3435 4193 τρίτου
3481 4128 3780 4193 οὐρανοῦ,

2194 4212 2335 4276 ἰδίως
2363 4214 2701 4284 ἀποκάλυψιν
2732 4216 2878 4286 αὐτῴ
2903 4216 3042 4269 κατὰ
3076 4217 3167 4269 τὸν
3196 4218 3375 4287 τρίτον
3408 4218 3783 4287 ἀναληφθέντι

2189 4306 2490 4373 πεφηνέναι
2524 4307 2825 4380 συνίστησι.
2862 4308 2933 4360 Τὸ
2974 4308 3049 4367 δὲ,
3096 4308 3204 4361 Καὶ
3246 4304 3397 4373 οἶδα,
3446 4308 3605 4361 πάλιν
3648 4311 3781 4360 ἐπι-

2189 4394 2506 4464 φερόμενον,
2550 4395 2660 4449 τὸν
2704 4397 2976 4451 τοιοῦτον
3018 4395 3349 4465 ἄνθρωπον,
3378 4396 3496 4481 εἴτε
3543 4398 3614 4448 ἑν
3656 4398 3783 4451 σὼ.

500 4478 832 4545 paradisum,
901 4482 1049 4535 aliud
1111 4497 1304 4538 rursus
1352 4484 1405 4537 in
1449 4484 1701 4554 paradiso
1752 4486 2080 4555 patefactum

2196 4503 2342 4549 ματι.
2389 4486 2509 4539 εἴτε
2550 4487 2722 4555 ἐκτὸς
2763 4488 2869 4542 τοῦ
2916 4487 3208 4557 σώματος,
3261 4491 3349 4543 ὅτι
3395 4489 3639 4557 ἡρπάγη
3682 4492 3782 4556 εἰς

503 4571 607 4638 ipsi
644 4578 806 4641 atque
837 4573 1135 4627 indicatum
1173 4574 1533 4630 demonstrat.

573 4752 846 4818 Quocirca
879 4768 1095 4807 canora:
1126 4754 1243 4807 ista:
1276 4770 1432 4827 nugze
1466 4763 1614 4815 sunt.
1647 4764 1700 4811 et
1734 4757 1799 4810 ad
1832 4773 2081 4827 pompam

503 4846 857 4914 speciemque
893 4844 1099 4915 tragice
1130 4847 1395 4909 conﬁctae,
1427 4846 1638 4900 demitti
1691 4864 1721 4902 e
1765 4851 1904 4903 caalo
1962 4851 2083 4903 ani-

502 4952 619 4990 mas
650 4952 921 4999 asserere,
957 4945 1119 5005 atque
1145 4937 1198 4989 in
1243 4937 1387 4990 hunc
1419 4937 1731 4992 inferiorem
1776 4941 1964 4993 orbem
1993 4940 2059 4994 de

503 5030 683 5098 lapsos
741 5029 931 5099 igneos
990 5031 1167 5085 fontes
1207 5037 1262 5084 et
1320 5047 1512 5099 aquas.
1560 5048 1679 5101 qua:
1711 5031 1869 5102 573
1919 5048 2085 5101 supra

504 5122 909 5175 ﬁrmamentum
952 5121 1211 5184 eminent,
1255 5131 1654 5189 transcurrere;
1696 5140 1819 5176 nam
1852 5135 1905 5178 et
1936 5126 2082 5178 Ada-

502 5228 624 5266 mus
653 5213 973 5283 neutiquam
1004 5228 1035 5266 e
1058 5213 1199 5267 cmlo
1234 5213 1481 5281 dejectus
1518 5222 1623 5279 est,
1656 5215 1751 5270 sed
1788 5232 1853 5270 ex
1899 5232 1964 5271 eo
1994 5231 2084 5287 pa-

504 5304 711 5369 radiso,
749 5305 841 5375 qui
868 5306 921 5357 in
945 5304 1093 5358 Eden
1126 5303 1303 5359 fuerat
1334 5303 1399 5358 ad
1451 5307 1716 5360 orientem
1752 5307 2000 5363 consitus
2038 5310 2080 5362 ³.

501 5397 619 5452 Non
671 5400 840 5464 enim,
876 5404 1171 5466 antequam
1222 5411 1423 5464 corpus
1484 5396 1756 5461 indueret,
1795 5409 2081 5469 peccaturo

590 5554 604 5583 ¹
630 5550 772 5606 Psal.
808 5568 932 5618 LXV,
971 5553 1153 5610 10-12.
1229 5555 1249 5585 ³
1281 5554 1321 5608 ll
1346 5554 1473 5610 Cor.
1502 5569 1599 5615 xu,
1624 5554 1747 5610 2-4.

570 5706 678 5771 (Η)
728 5707 878 5760 Ἀλλ’
909 5709 1053 5761 οὐδὲ
1083 5714 1115 5761 ό
1170 5709 1519 5776 Ἀπόστολος
1559 5710 1915 5764 ὑποτίθεται.
1963 5709 2071 5763 Me.-

497 5776 714 5832 tltotltus
749 5779 820 5831 ita
853 5780 919 5833 de
952 5781 1191 5849 Apostoli
1232 5790 1385 5849 raptu
1435 5782 1617 5844 sentit,
1666 5790 1722 5834 ut
1756 5783 1807 5834 in
1870 5782 2068 5835 caelum

2184 4582 2293 4631 τὸν
2316 4578 2702 4659 παριζδεισον,
2742 4581 2935 4648 ἑτέραν
2969 4577 3122 4644 αὖθις
3159 4582 3305 4653 αὐτῴ
3347 4582 3780 4653 πεφανερῶσθαι

2184 4672 2325 4723 κατὰ
2365 4672 2454 4724 τὸν
2486 4672 2809 4742 παράδεισον
2844 4673 3185 4742 ἀποκάλυψιν
3222 4674 3478 4727 δείκνυσι.

2258 4761 2590 4831 Τερετισμος
2622 4757 2713 4815 οὖν
2760 4764 2876 4815 ἐστι
2920 4764 3013 4816 καὶ
3066 4764 3449 4834 τραγικολογία
3502 4763 3562 4815 τὸ
3596 4782 3780 4817 κατα-

2185 4850 2472 4905 ϐάλλεσθαι
2520 4851 2698 4919 λέγειν
2747 4852 2845 4916 τὰς
2882 4854 3060 4923 ψυχὰς
3101 4857 3165 4908 ἐκ
3194 4855 3301 4907 τῶν
3356 4854 3623 4926 οὐρανῶν,
3676 4859 3783 4909 καὶ

2180 4942 2476 4998 διαϐαίνειν
2516 4943 2611 4996 τοῦ
2650 4945 2821 5017 πυρὸς
2858 4945 2958 5009 τὰς
2994 4947 3199 5017 πηγὰς,
3245 4949 3338 5000 καὶ
3375 4948 3443 5000 τὰ
3482 4948 3654 5000 ὕδατα
3702 4951 3784 5001 τὲ

2181 5034 2319 5105 ὑπὲρ
2359 5036 2427 5088 τὰ
2459 5035 2606 5089 νῶτα
2650 5036 2744 5089 τοῦ
2782 5036 3179 5109 στερεώματος,
3217 5041 3296 5102 εἰς
3326 5040 3417 5092 τὸν
3452 5039 3572 5091 καθ’
3618 5042 3780 5110 ἡμᾶς

2182 5130 2489 5196 φερομένας
2544 5128 2768 5198 κόσμον.
2828 5131 2978 5184 Ἐπεὶ
3039 5132 3171 5202 μηδὲ
3229 5133 3257 5184 ὁ
3316 5132 3485 5202 Ἀδὰμ
3538 5133 3601 5185 ἐκ
3660 5134 3780 5186 τῶν

2181 5212 2429 5286 οὐρανῶν
2457 5218 2743 5291 ἐξεϐλήθη,
2778 5221 2912 5274 ἀλλὰ
2954 5223 3061 5275 ἀπὸ
3084 5222 3177 5275 τοῦ
3221 5222 3362 5275 κατὰ
3407 5224 3674 5287 ἀνατολάς
3712 5228 3780 5278 ἐν

2193 5307 2356 5378 Ἐδὲμ
2402 5311 2808 5380 πεφυτευμένου
2853 5314 3200 5384 παραδείσου.
3246 5315 3320 5366 Οὐ
3363 5314 3473 5385 γὰρ
3511 5314 3617 5385 πρὸ
3668 5320 3782 5386 τῆς

2180 5400 2619 5471 ἐνσωματώσεως
2659 5404 2718 5456 τὸ
2765 5405 3152 5476 παράπτωαα,
3196 5406 3447 5477 καθάπερ
3481 5406 3781 5478 ἐδείξαμεν

1837 5556 1856 5588 ³
1886 5553 2022 5610 Gen.
2060 5569 2116 5620 ιι,
2154 5555 2240 5609 15.

2178 5710 2376 5780 primo,
2400 5718 2515 5763 tum
2544 5710 2594 5763 in
2619 5710 2930 5779 paradisum
2950 5719 3224 5772 terrenum
3249 5715 3320 5771 sit
3337 5723 3589 5771 evectus:
3612 5717 3785 5787 quod.

2184 5783 2411 5835 uberius
2445 5781 2709 5835 declarat.

2184 5783 2411 5837 uberius
2445 5783 2709 5836 declarat.
