4082 6394
309 366 337 421 1
358 367 455 422 H9
993 365 1363 424 ADVERSUS
1402 368 1742 425 HEBESES
1781 368 1872 424 LII

1979 367 2017 422 Ι.
2060 367 2229 426 ΤΟΜ.
2269 370 2312 427 ι.
2353 401 2419 412 --
2459 368 2732 425 IIERES.
2770 367 2956 423 LXIV.
3422 369 3560 424 1150

305 483 542 552 ἱκανῶς,
584 483 694 538 οὐδ’
739 483 872 537 αὐτὸ
910 484 1069 556 σῶμα
1104 486 1272 554 παγὶς
1312 487 1489 542 τοῦτο.
1538 488 1698 541 Ἀλλὰ
1743 487 1872 559 μετὰ

1983 488 2243 558 contigit,
2281 495 2340 540 ut
2370 487 2586 540 abunde
2633 494 2757 540 ante
2792 486 3119 550 docuimus;
3156 499 3331 554 neque
3357 499 3558 552 corpus

303 576 409 647 τὴν
446 577 527 638 είς
573 577 635 630 τὸ
687 577 844 646 σῶμα
896 575 1173 646 σύμφυσιν
1226 578 1324 648 τῆς
1366 578 1541 650 ψυχῆς
1582 580 1788 649 γίνεται
1825 579 1886 632 τὸ

305 665 698 735 παράπτωμα·
741 665 823 717 ὅτι
861 663 1020 718 τοῦτο
1048 667 1452 737 συναμφότερον
1495 671 1524 721 ὁ
1567 668 1880 739 ἄνθρωπος·

305 757 406 808 καὶ
433 758 464 827 ἠ
494 757 559 809 ὲκ
601 754 695 809 τοῦ
727 756 1056 826 παραδείσου
1101 758 1451 822 κατάπτωσις
1476 759 1684 814 ἐνθάδε.
1730 761 1788 812 ’0
1828 759 1886 812 δὲ

303 848 446 911 ὅλως
515 848 816 920 προσέσχεν
873 846 1321 920 ἐπιμελέστερον,
1399 850 1743 919 Ἀγλαοφῶν,
1804 850 1885 922 τῷ

302 938 486 1008 λόγῳ·
531 939 664 992 ἀλλὰ
705 938 999 992 διετείνατο
1056 940 1183 1011 περὶ
1223 942 1566 1012 πραγμάτων
1611 943 1883 1013 διανόησιν

305 1033 408 1084 οὐκ
452 1030 682 1100 ἐχόντων
727 1030 1096 1101 ἐπιχείρησιν,
1142 1031 1282 1084 κατὰ
1333 1033 1432 1095 τὰς
1481 1031 1636 1099 δόξας
1681 1031 1880 1104 ἐξηγή-

308 1121 506 1175 σασθαι
549 1122 655 1174 τῶν
709 1121 927 1190 φαύλων
976 1122 1066 1175 τὸν
1114 1121 1360 1193 ψαλμὸν,
1420 1124 1548 1196 περὶ
1590 1119 1664 1178 ὧν
1703 1123 1881 1193 λέγειν

307 1213 479 1266 πλείω
518 1213 856 1284 παρήσομεν.

374 1505 520 1589 ΜΗς.
556 1505 824 1576 Βούλομαι
869 1505 996 1576 γὰρ,
1040 1505 1226 1578 ἐπειδὴ
1270 1505 1415 1570 ἅπαξ
1452 1507 1531 1569 εἰς
1565 1507 1624 1559 τὸ
1666 1506 1877 1560 διευθῦ·

302 1612 392 1648 ναι
431 1597 531 1665 τὴν
562 1595 858 1667 μοχθηρίαν
899 1595 1075 1649 αὐτῶν
1103 1598 1331 1667 ἥκομεν,
1367 1596 1757 1667 ἀπογυμνῶσαι
1785 1599 1879 1650 καὶ

301 1685 506 1754 ταύτης
533 1688 714 1750 αὐτοῖς
739 1689 836 1758 τῆς
881 1689 1214 1760 προφητείας
1242 1689 1340 1759 τὴν
1380 1690 1670 1760 πρόφασιν.
1717 1689 1879 1742 Ἐδο-

303 1777 564 1846 κίμασας
591 1776 768 1846 ἡμᾶς,
816 1783 849 1832 o'
893 1779 1054 1845 Θεὸς,
1101 1779 1198 1832 καί
1235 1781 1549 1848 ὲπύρωσας
1587 1780 1763 1850 ἡμᾶς,
1793 1781 1873 1846 ὡς

301 1868 592 1936 πυροῦται
640 1868 705 1921 τὸ
745 1870 1047 1938 ἀργύριον.
1085 1847 1512 1941 Δοκιμασθέντες
1549 1847 1784 1944 διαρκῶς
1823 1875 1870 1925 οἱ
1899 1847 1944 1903 Β

305 1957 580 2030 μάρτυρες
625 1961 681 2012 έν
723 1962 845 2023 ταῖς
889 1959 1031 2012 κατὰ
1068 1961 1193 2023 τοὺς
1239 1961 1578 2032 πειρασμοῦς
1621 1961 1727 2014 τῶν
1772 1961 1871 2032 βα-

302 2050 480 2104 σάνων
525 2050 848 2121 προσϐολαῖς
891 2051 995 2119 (τὰ
1062 2051 1231 2104 πολλὰ
1289 2050 1399 2122 γὰρ
1456 2055 1535 2116 εἰς
1593 2052 1692 2122 τὴν
1749 2051 1871 2107 καθ’

301 2142 448 2210 ἡμᾶς
488 2142 544 2193 αἱ
579 2145 900 2210 προφητεῖαι
947 2141 1128 2194 πίστιν
1170 2143 1541 2214 πληροῦνται),
1578 2143 1672 2196 καὶ
1715 2145 1870 2195 εὐσε-

300 2232 411 2296 ϐῶς
440 2233 532 2286 καὶ
552 2233 999 2304 ἐρρωμενέστατα
1025 2234 1426 2305 διαθλήσαντες,
1469 2234 1867 2306 εὐχαριστοῦσι,

297 2324 378 2388 τὸ,
431 2324 788 2393 ἐδοκίμασας
828 2325 1003 2394 ἡμᾶς,
1046 2324 1314 2394 λέγοντες,
1350 2325 1428 2396 τῷ
1465 2326 1620 2396 Θεῷ·
1667 2327 1746 2390 ὃς,
1783 2327 1871 2381 ἵνα

297 2416 398 2485 τὴν
431 2411 591 2480 δόξαν
629 2417 758 2487 παρ’
794 2416 940 2487 αὐτῷ
990 2417 1570 2488 κτήσωνταιμείζονα,
1610 2417 1703 2471 διὰ
1743 2419 1870 2472 πολ-

297 2505 407 2560 λῶν
444 2507 639 2570 αὐτοὺς
684 2507 876 2578 ηλεγξε
924 2509 1119 2571 πόνων,
1165 2509 1256 2563 τὸν
1305 2508 1519 2579 ἀληθῶς
1574 2510 1872 2582 Ὀλυμπια-

300 2599 396 2650 κον
437 2599 624 2668 ἀγῶνα
670 2601 889 2670 νικῆσαι
935 2599 1173 2672 προθείς.
1223 2602 1333 2654 Καὶ
1365 2600 1750 2670 ἐπισκέψασθε,
1795 2602 1872 2666 ὡς

298 2689 508 2754 τούτοις
551 2691 760 2762 συνῳδὰ
791 2691 972 2758 σαφῶς
1001 2694 1112 2754 τοῖς
1156 2691 1332 2758 λόγοις
1361 2692 1488 2763 περὶ
1514 2692 1622 2745 τῶν
1666 2691 1872 2763 μαρτύ-

301 2800 413 2854 ρων
459 2783 553 2837 καὶ
586 2785 614 2836 ό
655 2782 904 2855 Σολομὼν
951 2784 1386 2853 ἀναφθέγγεται·
1429 2785 1490 2838 οὺ
1543 2784 1651 2855 γὰρ
1691 2786 1871 2857 ἀμάρ-

296 2893 460 2946 τυρος
510 2878 539 2930 ό
581 2877 738 2946 λόγος
790 2876 884 2930 καὶ
938 2875 1112 2932 ἄλλων
1149 2872 1411 2945 Γραφῶν·
1471 2875 1550 2928 ὅτι
1608 2875 1669 2929 '0
1726 2876 1871 2943 Θεὸς

295 2967 618 3036 ἐπείμισεν
675 2966 925 3033 αὐτοὺς,
994 2965 1089 3020 καὶ
1148 2962 1325 3035 εὗρεν
1375 2967 1598 3034 αὐτοὺς
1659 2967 1871 3034 ἀξίους

295 3056 531 3112 ἑαυτοῦ.
588 3059 684 3123 Ὡς
723 3057 957 3125 χρυσὸν
981 3057 1052 3111 ἐν
1094 3059 1466 3126 χωνευτηρίῳ
1510 3054 1871 3128 ἐδοκίμασεν

1987 577 2164 646 ipsum
2225 577 2404 644 laquei
2465 576 2640 629 instar
2669 575 2886 628 aliixum
2917 583 3018 628 est.
3048 573 3152 628 Sed
3186 583 3297 626 tum
3325 574 3560 643 denique

1985 678 2268 742 peccatum
2297 675 2380 722 est
2409 667 2730 731 admissum,
2762 682 2886 720 cum
2925 667 2979 720 in
3023 683 3189 719 unum
3215 681 3414 734 corpus
3446 666 3560 719 ani-

1984 774 2181 828 maque
2226 758 2578 819 coaluissent,
2617 765 2902 826 propterea
2937 757 3079 824 quod
3110 771 3173 809 ex
3208 763 3437 823 utroque
3468 754 3558 808 ho-

1983 850 2148 903 minis
2179 857 2376 902 natura
2420 847 2730 912 conﬂatur;
2771 855 2966 915 estque
3020 845 3074 898 in
3131 845 3276 898 hunc
3315 845 3490 898 locmn
3524 859 3556 897 e

1983 938 2238 1008 paradiso
2269 939 2414 992 facta
2463 939 2790 1008 deportatio.
2835 936 2928 990 Ille
2961 950 3112 1000 vero,
3151 952 3184 990 ο
3214 921 3548 1004 Aglaophon,

1982 1046 2089 1084 non
2113 1037 2318 1084 attente
2348 1029 2637 1083 admodum
2691 1030 2747 1084 in
2802 1029 2949 1083 illius
2985 1026 3088 1082 loci
3117 1029 3442 1082 sententiam
3475 1027 3554 1079 in-

1981 1121 2196 1185 cubuit,
2249 1120 2344 1175 sed
2384 1135 2448 1175 ea
2478 1120 2808 1190 disputando
2842 1120 3110 1176 allirmare
3142 1120 3392 1185 instituit,
3430 1135 3552 1188 qua:

1982 1213 2187 1282 percipi
2235 1212 2386 1266 nullo
2421 1212 2581 1266 modo
2616 1221 2868 1282 possunt,
2920 1220 3082 1282 atque
3138 1227 3205 1265 ex
3260 1225 3550 1280 pravorum

1980 1306 2264 1360 hominum
2326 1307 2584 1376 opinione
2634 1308 2909 1376 explicare
2961 1306 3228 1376 psalmum
3274 1304 3427 1359 illum
3468 1319 3553 1376 ag-

1979 1411 2203 1467 gressus
2239 1405 2343 1451 est.

2046 1509 2276 1565 XLVIII.
2323 1511 2479 1566 Libet
2536 1512 2704 1576 enim,
2760 1510 3204 1583 quandoquidem
3264 1510 3431 1564 semel
3483 1507 3549 1561 ad

1978 1599 2197 1657 illorum
2263 1603 2766 1674 reprehendendam
2827 1603 3124 1674 nequitiam
3187 1605 3548 1670 devenimus,

1977 1695 2124 1750 illius
2163 1695 2370 1750 oraculi
2423 1696 2704 1752 declarare
2751 1704 3010 1750 mentem.
3044 1695 3294 1748 Probasti
3320 1713 3435 1758 nos,
3467 1697 3551 1750 in-

1977 1787 2114 1857 quit,
2152 1785 2315 1850 Deus,
2349 1796 2397 1841 et
2421 1788 2536 1857 igne
2567 1803 2661 1842 nos
2690 1787 3030 1850 examinasti,
3059 1787 3551 1841 sicutexaminatur

1973 1885 2264 1945 argentum.
2295 1873 2396 1930 Ubi
2421 1885 2710 1948 martyres,
2744 1876 2835 1946 qui
2866 1877 3156 1932 tormentis
3204 1891 3268 1930 ac
3304 1877 3554 1931 cruciati-

1973 1965 2078 2020 bus
2115 1966 2352 2022 admotis
2396 1968 2620 2023 assidue
2670 1971 2972 2039 probantur
3017 1968 3184 2038 (saepe
3230 1969 3374 2023 enim
3423 1985 3551 2039 pro-

1973 2053 2263 2122 phetarum
2294 2069 2559 2124 responsa
2591 2056 2647 2110 in
2676 2056 2779 2112 ﬁde
2807 2064 2994 2111 nostra
3031 2071 3094 2110 ac
3127 2057 3385 2128 religione
3401 2073 3548 2112 com-

1973 2146 2237 2216 plentur),
2288 2155 2644 2217 posteaquam
2710 2147 2796 2218 pie
2853 2165 2917 2204 ac
2994 2147 3212 2205 fortiter
3271 2159 3545 2205 certamen

1971 2238 2244 2302 obierunt,
2278 2239 2345 2294 iis
2380 2239 2515 2309 ipsis
2540 2240 2742 2304 verbis,
2778 2240 3030 2296 Probasti
3058 2257 3173 2305 nos,
3204 2240 3316 2296 Deo
3340 2243 3546 2311 gratias

1973 2337 2140 2400 agunt
2171 2348 2183 2383 :
2216 2331 2332 2401 qui,
2375 2339 2434 2385 ut
2470 2332 2738 2401 majorem
2790 2332 2867 2386 illi
2892 2332 3122 2400 gloriam
3160 2333 3306 2402 apud
3334 2348 3391 2386 se
3415 2348 3544 2402 pro-

1972 2432 2337 2486 merereutur,
2369 2421 2538 2477 variis
2565 2423 2688 2476 illos
2724 2423 3003 2478 laboribus
3033 2423 3330 2492 periclitari
3355 2423 3544 2487 voluit,

1973 2525 2038 2565 ac
2071 2528 2196 2567 vere
2228 2513 2527 2585 Olympiaci
2581 2514 2866 2584 cujusdam
2908 2514 3224 2569 certaminis
3261 2515 3542 2568 victoriam

1973 2605 2275 2676 proposuit.
2297 2605 2471 2672 Quam
2492 2622 2620 2662 vero
2647 2615 3013 2662 consentanea
3034 2607 3099 2661 iis
3123 2607 3189 2661 de
3217 2607 3546 2678 martyribus

1974 2711 2005 2751 a
2037 2696 2328 2752 Salomone
2360 2698 2710 2770 pronuntiata
2745 2699 2876 2764 sint,
2894 2698 3171 2753 attendite.
3194 2695 3378 2768 Neque
3400 2699 3542 2751 enim

1973 2791 2202 2845 aliarum
2243 2790 2650 2860 Scripturarum
2702 2791 3021 2845 testimonio
3073 2804 3341 2844 caremus.
3382 2787 3544 2849 Deus,

1973 2881 2172 2952 inquit,
2202 2883 2418 2935 tentavit
2441 2881 2586 2944 illos,
2618 2891 2666 2934 et
2691 2881 2883 2934 invenit
2915 2896 3004 2934 eos
3047 2878 3231 2948 dignos
3277 2894 3352 2932 se.
3399 2875 3542 2930 Ton-

1972 2990 2130 3044 quam
2161 2989 2352 3026 aurum
2374 2974 2430 3026 in
2461 2973 2677 3042 fornace
2702 2971 2941 3040 probavit
2966 2970 3116 3034 illos;
3149 2978 3200 3023 et
3240 2969 3374 3022 sicut
3397 2967 3546 3021 holc—

1973 3075 2215 3120 caustum
2247 3065 2526 3118 suavitatis
2557 3064 2751 3132 accepit
2784 3063 2938 3127 illos;
2961 3071 3009 3116 et
3035 3063 3091 3115 in
3115 3070 3341 3131 tempore
3365 3061 3545 3114 visita-

296 3149 549 3215 αὐτοὺς,
633 3149 729 3203 καὶ
790 3150 871 3214 ὡς
929 3147 1322 3218 όλοκάρπωμα
1377 3149 1626 3216 εὐωδίας
1679 3165 1868 3218 προσ-

1975 3158 2133 3210 tionis
2178 3156 2459 3220 illorum',
2509 3163 2642 3220 etc.,
2699 3171 2823 3209 cum
2882 3164 3039 3208 antea
3099 3154 3366 3208 dixisset:
3401 3151 3544 3205 Etsi

294 3239 539 3303 εδέξατο
575 3240 812 3306 αὐτούς.
852 3239 960 3294 Kal
989 3240 1060 3292 ἑν
1081 3237 1261 3308 καιρῷ
1286 3240 1622 3308 ἐπισκοπῆς
1644 3239 1867 3294 αὐτῶν·

295 3331 534 3404 πρόσθεν
580 3331 749 3385 είπὼν
771 3348 786 3362 ·
830 3332 942 3386 Καὶ
970 3329 1079 3401 γὰρ
1116 3331 1224 3385 ἐὰν
1262 3331 1334 3384 ἐν
1372 3332 1507 3400 ὄψει
1547 3330 1874 3400 ἀνθρώπων

296 3423 697 3484 κολασθῶσιν,
735 3425 772 3491 ἡ
805 3423 980 3489 ἐλπίς
1003 3423 1202 3478 αὐτῶν
1229 3425 1561 3489 ἀθανασίας
1597 3423 1836 3491 πλήρης
1854 3439 1870 3455 ·

295 3516 392 3570 καί
430 3516 604 3585 ὀλίγα
633 3513 1073 3580 παιδευθέντες,
1102 3515 1335 3585 μεγάλα
1366 3511 1872 3584 εὐεργετηθήσον-

294 3622 409 3659 ται.
462 3603 626 3658 Ἀλλὰ
653 3606 746 3658 καὶ
772 3606 828 3656 ὲν
849 3604 925 3675 τῷ
962 3611 1080 3675 ρκγ¹
1104 3604 1303 3678 ψαλμῷ
1339 3605 1399 3658 τὸ
1432 3607 1751 3677 είρημένον·
1802 3610 1870 3661 El

290 3697 374 3767 μὴ
409 3698 498 3752 δτι
541 3699 756 3768 Κύριος
801 3694 881 3768 ἦν
905 3697 975 3751 ἐν
1011 3697 1175 3767 ἡμῖν,
1227 3699 1297 3751 ἐν
1328 3695 1408 3763 τῷ
1456 3699 1872 3768 ἐπαναστῆναι

293 3788 641 3856 ἀνθρώπους
686 3790 778 3857 ἐφ’
818 3787 994 3857 ἡμᾶς,
1047 3789 1160 3858 ἄρα
1197 3788 1416 3856 ζῶντας
1463 3790 1540 3845 ἂν
1586 3792 1872 3846 κατέπιον

294 3877 469 3948 ἡμᾶς.
522 3879 890 3949 Χειμάῤῥουν
935 3879 1185 3948 διῆλθεν
1228 3883 1266 3949 ἡ
1300 3880 1470 3950 ψυχὴ
1504 3881 1703 3951 ἡμῶν·
1758 3883 1872 3950 ἄρα

295 3970 540 4038 διῆλθεν
567 3972 605 4038 ἠ
633 3971 803 4040 ψυχὴ
843 3971 1010 4041 ἡμῶν
1038 3972 1103 4024 τὸ
1133 3971 1290 4040 ὕδωρ
1324 3973 1390 4026 τὸ
1422 3975 1866 4036 ἀνυπόστατον.

295 4063 638 4132 Εὐλογητὸς
675 4064 909 4130 Κύριος,
943 4062 1011 4127 ὃς
1051 4064 1161 4115 οὐκ
1191 4063 1413 4126 ἔδωκεν
1453 4063 1611 4134 ἡμᾶς
1643 4068 1730 4131 είς
1765 4064 1870 4132 θή-

293 4170 405 4223 ραν
451 4153 576 4220 τοῖς
636 4154 888 4208 ὀδοῦσιν
941 4152 1160 4208 αὐτῶν.
1219 4154 1294 4208 Ἠ
1338 4155 1510 4224 ψυχὴ
1565 4156 1734 4227 ἡμῶν
1789 4157 1870 4222 ὡς

295 4246 612 4312 στρουθίον
638 4245 898 4313 ἐρῤύσθη
922 4245 990 4298 ἐκ
1032 4243 1142 4311 τῆς
1172 4245 1423 4314 παγίδος
1451 4245 1570 4299 τῶν
1594 4251 1871 4316 θηρευόν-

293 4351 425 4390 των.
489 4335 552 4390 Ἡ
592 4337 770 4407 παγίς
818 4339 1158 4406 συνετρίϐη,
1215 4339 1312 4393 καί
1362 4338 1532 4408 ἡμεῖς
1580 4341 1870 4409 ἐῤῥύσθη-

290 4444 422 4496 μεν.
467 4429 530 4482 Ol
575 4431 847 4501 μάρτυρές
883 4432 1021 4483 εἰσιν
1071 4435 1117 4486 οἱ
1143 4432 1456 4502 ψάλλοντες.
1513 4434 1616 4486 Δύο
1657 4434 1714 4488 δὲ
1758 4435 1867 4488 τῶν

1933 3313 1937 3319 η
1971 3265 2150 3302 coram
2200 3246 2496 3302 hominibus
2528 3256 2783 3300 tormenta
2816 3246 2961 3314 passi
2993 3253 3136 3308 sunt,
3165 3261 3280 3313 spes
3329 3243 3543 3298 illorum

1969 3339 2376 3395 immortalitate
2396 3337 2550 3408 plena
2579 3345 2676 3392 est.
2720 3334 2784 3390 In
2826 3335 3008 3404 paucis
3062 3334 3307 3402 correpti,
3352 3349 3572 3403 magna-

1971 3431 2219 3500 beneﬁcia
2260 3440 2627 3500 consequentu:
2669 3431 2714 3482 ’.
2754 3425 3023 3480 Prazterea
3087 3426 3300 3496 psalmo
3349 3439 3542 3490 cxxul,

1969 3537 2093 3577 cum
2118 3521 2220 3576 ista
2249 3519 2546 3576 dicuntur:
2576 3517 2700 3571 Nisi
2731 3518 2856 3588 quia
2888 3515 3140 3570 Dominus
3162 3525 3274 3570 erat
3295 3517 3348 3569 in
3369 3512 3542 3579 nobis,

1969 3629 2087 3666 cum
2111 3621 2445 3682 exsurgerent
2476 3610 2709 3665 homines
2747 3612 2799 3662 in
2847 3625 2964 3670 nos,
3013 3608 3148 3676 forte
3190 3609 3328 3661 vivos
3357 3608 3544 3676 deglu-

1971 3709 2154 3763 tissent
2186 3724 2300 3762 nos.
2339 3707 2643 3762 Torrentem
2695 3703 3035 3774 pertransivit
3084 3703 3264 3755 anima
3318 3714 3542 3755 nostra:

1971 3800 2195 3862 forsitan
2220 3800 2592 3869 pertransisset
2632 3798 2811 3850 anima
2855 3807 3039 3850 nostra
3068 3811 3258 3864 aquam
3287 3793 3542 3846 intolera-

1971 3893 2148 3946 bilem.
2184 3891 2500 3946 Benedictus
2545 3889 2828 3951 Dominus,
2867 3889 2956 3957 qui
3019 3903 3122 3940 non
3173 3885 3314 3939 dedit
3356 3902 3450 3938 nos
3490 3885 3541 3938 in

1970 3985 2266 4054 captionem
2292 3982 2531 4036 dentibus
2553 3997 2757 4036 eorum.
2777 3979 2973 4031 Anima
3000 3986 3182 4031 nostra
3205 3978 3338 4030 sicut
3361 3991 3544 4043 passer

1968 4083 2146 4142 erepta
2173 4083 2251 4128 est
2294 4071 2358 4126 de
2393 4071 2579 4142 laqueo
2632 4069 2954 4124 venantium.
2993 4067 3232 4140 Laqueus
3280 4070 3540 4123 contritus

1968 4175 2066 4233 est,
2095 4175 2145 4220 et
2174 4181 2267 4220 nos
2294 4163 2508 4218 liberati
2535 4179 2717 4216 sumus
2737 4161 2778 4215 ³.
2804 4159 3068 4231 Martyres
3091 4159 3252 4232 574
3275 4161 3541 4229 psalmum

1972 4257 2126 4310 illum
2177 4254 2558 4324 pronuntiant.
2607 4252 2812 4321 Duplex
2874 4267 3036 4323 porro
3095 4251 3540 4319 triumphantium

1967 4355 2267 4423 [nartyrum
2299 4343 2502 4398 chorus
2529 4350 2636 4397 est.
2668 4342 2816 4396 Alter
2845 4342 2990 4396 enim
3021 4340 3086 4395 ad
3114 4339 3320 4394 Novum
3349 4339 3540 4395 Testa-

1968 4446 2210 4493 mentum
2232 4477 2247 4501 ,
2284 4435 2422 4490 alter
2449 4434 2517 4489 ad
2551 4434 2720 4489 Vetus
2753 4434 3019 4504 pertinet;
3074 4433 3166 4503 qui
3209 4432 3427 4502 quidem
3486 4433 3540 4486 in

295 4520 609 4573 καλλινίκων
639 4523 684 4574 οί
733 4525 882 4593 χοροὶ
921 4523 1232 4597 μαρτύρων,
1281 4520 1362 4588 εἷς
1405 4525 1497 4594 μὲν
1548 4525 1642 4597 τῆς
1670 4527 1867 4600 Διαθή-

1972 4529 2182 4601 patroni
2206 4545 2269 4582 ac
2302 4528 2444 4598 regis
2473 4526 2716 4582 omnium
2752 4524 2844 4580 Dei
2869 4525 3134 4578 honorem
3163 4525 3371 4578 alterna
3406 4524 3541 4577 invi-

295 4627 395 4682 κης
413 4612 750 4684 τῆςΚαινῆς,
775 4613 999 4686 θάτερος
1023 4615 1077 4668 δὲ
1095 4616 1196 4686 τῆς
1225 4616 1488 4682 Παλαιᾶς,
1513 4617 1868 4687 ἀντίφθογγον

296 4699 459 4770 ὕμνον
505 4703 812 4772 συμφώνως
858 4705 936 4774 τῷ
998 4706 1302 4777 ὑπερμάχῳ
1349 4707 1469 4777 Θεῷ
1513 4709 1607 4762 καὶ
1660 4708 1870 4778 βασιλεῖ

294 4794 397 4846 τῶν
447 4793 582 4847 ὅλων
627 4796 1069 4866 ἀναπέμποντες·
1135 4797 1528 4868 Ἐδοκίμασας
1587 4799 1776 4869 ἡμᾶς,
1833 4805 1868 4857 ὀ

296 4885 432 4950 Θεός
455 4902 468 4915 ·
519 4887 834 4954 ἐπύρωσας
880 4886 1058 4956 ἡμᾶς,
1114 4889 1195 4955 ὡς
1244 4890 1533 4958 πυροῦται
1567 4890 1632 4944 τὸ
1689 4892 1868 4962 ἀργύ-

292 4992 436 5043 ριον.
498 4976 832 5046 Είσήγαγες
884 4979 1040 5048 ἡμᾶς
1101 4983 1188 5047 είς
1245 4981 1360 5049 τὴν
1414 4982 1668 5051 παγίδα·
1724 4985 1866 5038 ἔθου

297 5067 526 5135 θλίψεις
555 5067 651 5120 ἐπὶ
687 5067 793 5121 τὸν
820 5067 1013 5124 νῶτον
1049 5071 1216 5141 ἡμῶν
1235 5089 1248 5103 ·
1283 5073 1344 5125 τὸ
1379 5073 1729 5146 δικαστήριον
1754 5075 1864 5129 τῶν

296 5156 476 5220 ἐθνῶν,
523 5157 555 5228 ἢ
595 5159 724 5222 τοὺς
764 5164 1131 5232 πειρασμοὺς,
1196 5163 1318 5217 καθ’
1382 5164 1472 5228 οὓς
1517 5165 1863 5231 ὲκθλιϐέντες

299 5248 526 5318 ἰσχυρῶς
563 5249 1016 5320 ἐδοκιμάσθησαν.
1058 5254 1393 5322 Δοκίμασόν
1417 5271 1494 5323 με
1531 5256 1662 5324 γὰρ,
1705 5258 1859 5328 φησι,

1975 4636 2092 4676 cem
2122 4619 2282 4688 hujus
2311 4612 2499 4690 hymni
2520 4603 2887 4671 modulatione
2904 4616 3268 4686 respondent:
3292 4609 3544 4668 Probasti

1975 4729 2092 4771 nos.
2120 4710 2296 4773 Deus;
2323 4711 2439 4779 igne
2459 4726 2550 4764 nos
2579 4708 2917 4770 exantinasti,
2942 4709 3076 4760 sicut
3099 4707 3434 4760 examinatur
3459 4722 3542 4758 ar-

1970 4811 2202 4872 gentum.
2229 4798 2502 4853 Induxisti
2541 4814 2634 4851 nos
2662 4797 2713 4849 in
2743 4791 2983 4866 laqueum
3007 4808 3025 4845 ε
3058 4793 3281 4860 posuisti
3316 4791 3542 4844 tributa-

1973 4896 2138 4948 tiones
2164 4895 2215 4946 in
2247 4892 2404 4945 dorso
2449 4899 2649 4943 nostro.
2677 4887 2780 4943 Ubi
2824 4885 3114 4940 tribunalia
3148 4885 3424 4955 gentilium
3476 4897 3541 4937 ac

1971 4988 2301 5043 tentationes
2333 4983 2661 5055 significant,
2694 4980 2894 5049 quibus
2933 4978 3111 5032 vexati
3145 4991 3207 5031 ac
3240 4976 3380 5031 velut
3418 4975 3540 5046 igne

1969 5077 2210 5147 percocti
2239 5075 2571 5131 validissime
2598 5071 2820 5142 probati
2860 5075 3006 5124 sunt.
3036 5067 3216 5120 Proba
3261 5083 3340 5120 me
3370 5067 3534 5130 enim,

1969 5165 2166 5234 inquit,
2202 5164 2364 5229 Deus,
2403 5173 2452 5218 et
2493 5171 2634 5217 tenta
2679 5175 2805 5215 me:
2843 5151 2939 5212 ure
2979 5174 3125 5212 renes
3159 5173 3299 5211 meos
3349 5165 3399 5210 et
3449 5171 3541 5209 cor

1969 5272 2161 5311 meum.

298 5345 487 5413 Κύριε,
520 5345 617 5398 καί
659 5346 949 5414 πείρασόν
974 5365 1070 5415 με.
1112 5349 1400 5415 Πύρωσον
1433 5349 1576 5414 τοὺς
1607 5353 1866 5419 νεφρούς
1897 5371 2017 5422 μου
2049 5350 2146 5404 καὶ
2192 5347 2306 5416 τὴν
2340 5346 2595 5415 καρδίαν
2623 5363 2764 5415 μου.

358 5435 578 5504 Λεγέτω
620 5437 684 5506 δὴ
733 5437 826 5489 καὶ
876 5436 1124 5507 Ἀϐραὰμ
1169 5439 1266 5492 ἐπὶ
1304 5438 1383 5510 τῷ
1429 5443 1709 5510 μονογενεῖ
1755 5459 1858 5494 πυ-

298 5528 483 5600 potest;
524 5527 591 5582 τὰ
638 5528 940 5598 σπλάγχνα,
985 5532 1328 5601 προτιμήσας
1369 5549 1430 5584 τε
1478 5532 1538 5585 τὸ
1587 5531 1681 5585 τοῦ
1719 5532 1854 5586 Θεοῦ

297 5621 490 5694 μᾶλλον
540 5620 886 5692 πρόσταγμα,
940 5621 1073 5692 μετὰ
1136 5621 1197 5676 τὸ
1243 5620 1506 5677 ἀκοῦσαι·
1580 5622 1856 5695 Ἀϐραὰμ,

361 5807 375 5839 ¹
410 5803 537 5876 Sap.
571 5819 654 5869 ιιι,
686 5803 739 5868 5,
775 5803 828 5858 6.
903 5799 1076 5860 'ibid.
1111 5801 1165 5858 4.
1242 5804 1261 5836 ¹
1299 5803 1442 5861 Psa'.
1469 5822 1658 5873 cxxnt,
1697 5807 1804 5862 I-7.

2040 5441 2220 5495 Liceat
2271 5446 2324 5493 et
2355 5439 2468 5492 hinc
2503 5437 2810 5492 Abrahamo
2863 5434 3066 5495 dicere,
3107 5446 3231 5486 cum
3290 5428 3535 5499 unigenm

1964 5533 2059 5589 lilii
2101 5533 2280 5604 gratia
2311 5530 2460 5585 illius
2491 5530 2701 5584 viscera
2740 5525 2905 5582 veluti
2961 5525 3196 5596 quodam
3250 5523 3372 5590 igne
3420 5529 3534 5574 tor-

1963 5633 2235 5692 terentur,
2277 5638 2341 5679 ac
2367 5622 2626 5694 majorem
2659 5619 2828 5677 divini
2867 5617 3104 5674 mandati
3138 5617 3399 5671 rationem
3433 5611 3534 5666 iia-

3783 6184 4070 6311 Al
