  <div class='ocr_page' id='page_1' title='image "/cluster/home/n/w/nwhite01/storage/ocr_20150623/41/nnc1.0046978747/656.png"; bbox 0 0 4082 6394; ppageno 0'>
   <div class='ocr_carea' id='block_1_1' title="bbox 270 391 418 445">
    <p class='ocr_par' dir='ltr' id='par_1_1' title="bbox 270 391 418 445">
     <span class='ocr_line' id='line_1_1' title="bbox 270 391 418 445; baseline 0 0"><span class='ocrx_word' id='word_1_1' title='bbox 270 391 418 445; x_wconf 71' lang='grc' dir='ltr'><strong>Ηῖὶἷ)</strong></span> 
     </span>
    </p>
   </div>
   <div class='ocr_carea' id='block_1_2' title="bbox 956 363 2911 440">
    <p class='ocr_par' dir='ltr' id='par_1_2' title="bbox 956 363 2911 440">
     <span class='ocr_line' id='line_1_2' title="bbox 956 363 2911 440; baseline -0.012 0"><span class='ocrx_word' id='word_1_2' title='bbox 956 383 1325 440; x_wconf 80' lang='lat' dir='ltr'><strong>ADVERSUS</strong></span> <span class='ocrx_word' id='word_1_3' title='bbox 1364 381 1704 439; x_wconf 63' lang='lat' dir='ltr'><strong>HIERESES</strong></span> <span class='ocrx_word' id='word_1_4' title='bbox 1742 378 1871 434; x_wconf 77' lang='lat' dir='ltr'><strong>LIB.</strong></span> <span class='ocrx_word' id='word_1_5' title='bbox 1912 376 1978 432; x_wconf 86' lang='grc'><strong>11.</strong></span> <span class='ocrx_word' id='word_1_6' title='bbox 2019 372 2181 429; x_wconf 74' lang='grc' dir='ltr'><strong>ΤΟΜ.</strong></span> <span class='ocrx_word' id='word_1_7' title='bbox 2220 372 2259 426; x_wconf 90' lang='grc'><strong>1.</strong></span> <span class='ocrx_word' id='word_1_8' title='bbox 2301 401 2369 411; x_wconf 89' lang='grc'><strong><em>-</em></strong></span> <span class='ocrx_word' id='word_1_9' title='bbox 2407 366 2682 425; x_wconf 71' lang='lat' dir='ltr'><strong>ILERES.</strong></span> <span class='ocrx_word' id='word_1_10' title='bbox 2724 363 2911 420; x_wconf 73' lang='lat' dir='ltr'><strong>LXIV.</strong></span> 
     </span>
    </p>
   </div>
   <div class='ocr_carea' id='block_1_3' title="bbox 3408 357 3544 413">
    <p class='ocr_par' dir='ltr' id='par_1_3' title="bbox 3408 357 3544 413">
     <span class='ocr_line' id='line_1_3' title="bbox 3408 357 3544 413; baseline 0.015 -2"><span class='ocrx_word' id='word_1_11' title='bbox 3408 357 3544 413; x_wconf 69' lang='grc' dir='ltr'>ιιει</span> 
     </span>
    </p>
   </div>
   <div class='ocr_carea' id='block_1_4' title="bbox 272 477 1870 573">
    <p class='ocr_par' dir='ltr' id='par_1_4' title="bbox 272 494 1855 573">
     <span class='ocr_line' id='line_1_4' title="bbox 272 494 1855 573; baseline -0.008 -18"><span class='ocrx_word' id='word_1_12' title='bbox 272 507 332 573; x_wconf 66' lang='grc' dir='ltr'>τῇ</span> <span class='ocrx_word' id='word_1_13' title='bbox 363 500 609 573; x_wconf 69' lang='grc' dir='ltr'>ἁμαρτίᾳ</span> <span class='ocrx_word' id='word_1_14' title='bbox 636 496 743 554; x_wconf 75' lang='grc' dir='ltr'><strong>οὐκ</strong></span> <span class='ocrx_word' id='word_1_15' title='bbox 771 497 836 551; x_wconf 73' lang='grc' dir='ltr'>ἂν</span> <span class='ocrx_word' id='word_1_16' title='bbox 861 496 1109 568; x_wconf 76' lang='grc' dir='ltr'>ἥμαρτεν</span> <span class='ocrx_word' id='word_1_17' title='bbox 1151 500 1285 560; x_wconf 83' lang='grc' dir='ltr'>ὅλως</span> <span class='ocrx_word' id='word_1_18' title='bbox 1314 498 1420 568; x_wconf 79' lang='grc' dir='ltr'><strong>πρὸ</strong></span> <span class='ocrx_word' id='word_1_19' title='bbox 1459 497 1552 549; x_wconf 87' lang='grc' dir='ltr'><strong>τοῦ</strong></span> <span class='ocrx_word' id='word_1_20' title='bbox 1586 494 1855 564; x_wconf 81' lang='grc' dir='ltr'>σώματος.</span> 
     </span>
    </p>
   </div>
   <div class='ocr_carea' id='block_1_5' title="bbox 1972 477 3548 573">
    <p class='ocr_par' dir='ltr' id='par_1_5' title="bbox 1972 477 3548 557">
     <span class='ocr_line' id='line_1_5' title="bbox 1972 477 3548 557; baseline -0.01 -15"><span class='ocrx_word' id='word_1_21' title='bbox 1972 503 2060 557; x_wconf 82' lang='lat' dir='ltr'><strong>per</strong></span> <span class='ocrx_word' id='word_1_22' title='bbox 2099 502 2221 541; x_wconf 90' lang='lat' dir='ltr'><strong>sese</strong></span> <span class='ocrx_word' id='word_1_23' title='bbox 2250 491 2476 553; x_wconf 87' lang='lat' dir='ltr'><strong>peccato</strong></span> <span class='ocrx_word' id='word_1_24' title='bbox 2511 481 2647 535; x_wconf 81' lang='lat' dir='ltr'><strong>allici</strong></span> <span class='ocrx_word' id='word_1_25' title='bbox 2680 489 2863 550; x_wconf 82' lang='lat' dir='ltr'><strong>queat,</strong></span> <span class='ocrx_word' id='word_1_26' title='bbox 2898 477 3049 532; x_wconf 92' lang='lat' dir='ltr'><strong>nullo</strong></span> <span class='ocrx_word' id='word_1_27' title='bbox 3076 482 3234 546; x_wconf 84' lang='lat' dir='ltr'><strong>pacto</strong></span> <span class='ocrx_word' id='word_1_28' title='bbox 3273 482 3398 528; x_wconf 85' lang='lat' dir='ltr'><strong>ante</strong></span> <span class='ocrx_word' id='word_1_29' title='bbox 3426 490 3548 527; x_wconf 85' lang='lat' dir='ltr'><strong>cor-</strong></span> 
     </span>
    </p>
   </div>
   <div class='ocr_carea' id='block_1_6' title="bbox 268 585 1850 665">
    <p class='ocr_par' dir='ltr' id='par_1_6' title="bbox 268 585 1850 665">
     <span class='ocr_line' id='line_1_6' title="bbox 268 585 1850 665; baseline -0.008 -18"><span class='ocrx_word' id='word_1_30' title='bbox 268 598 332 647; x_wconf 76' lang='lat' dir='ltr'><strong>Et</strong></span> <span class='ocrx_word' id='word_1_31' title='bbox 389 596 444 647; x_wconf 86' lang='grc' dir='ltr'>δὲ</span> <span class='ocrx_word' id='word_1_32' title='bbox 486 595 753 665; x_wconf 71' lang='grc' dir='ltr'>ἥμαρτεν,</span> <span class='ocrx_word' id='word_1_33' title='bbox 806 589 906 641; x_wconf 84' lang='grc' dir='ltr'><strong>οὐκ</strong></span> <span class='ocrx_word' id='word_1_34' title='bbox 952 586 1019 659; x_wconf 85' lang='grc' dir='ltr'><strong>ῆν</strong></span> <span class='ocrx_word' id='word_1_35' title='bbox 1073 588 1313 659; x_wconf 77' lang='grc' dir='ltr'>ἄληπτος</span> <span class='ocrx_word' id='word_1_36' title='bbox 1357 586 1480 639; x_wconf 88' lang='grc' dir='ltr'>καθ’</span> <span class='ocrx_word' id='word_1_37' title='bbox 1540 585 1735 655; x_wconf 79' lang='grc' dir='ltr'>ἑαυτὴν</span> <span class='ocrx_word' id='word_1_38' title='bbox 1783 585 1850 654; x_wconf 79' lang='grc' dir='ltr'>τῇ</span> 
     </span>
    </p>
   </div>
   <div class='ocr_carea' id='block_1_7' title="bbox 270 676 1851 755">
    <p class='ocr_par' dir='ltr' id='par_1_7' title="bbox 270 676 1851 755">
     <span class='ocr_line' id='line_1_7' title="bbox 270 676 1851 755; baseline -0.005 -17"><span class='ocrx_word' id='word_1_39' title='bbox 270 686 537 755; x_wconf 65' lang='grc' dir='ltr'>ἁμαρτίᾳ,</span> <span class='ocrx_word' id='word_1_40' title='bbox 579 683 715 736; x_wconf 77' lang='grc' dir='ltr'>ἀλλὰ</span> <span class='ocrx_word' id='word_1_41' title='bbox 739 680 831 733; x_wconf 78' lang='grc' dir='ltr'>καὶ</span> <span class='ocrx_word' id='word_1_42' title='bbox 871 680 1142 743; x_wconf 75' lang='grc' dir='ltr'><strong>εὐάλωτος</strong></span> <span class='ocrx_word' id='word_1_43' title='bbox 1191 680 1390 750; x_wconf 83' lang='grc' dir='ltr'>μᾶλλον</span> <span class='ocrx_word' id='word_1_44' title='bbox 1431 678 1525 731; x_wconf 77' lang='grc' dir='ltr'>καὶ</span> <span class='ocrx_word' id='word_1_45' title='bbox 1565 676 1851 746; x_wconf 74' lang='grc' dir='ltr'>εὗληπτος.</span> 
     </span>
    </p>
   </div>
   <div class='ocr_carea' id='block_1_8' title="bbox 272 769 1857 842">
    <p class='ocr_par' dir='ltr' id='par_1_8' title="bbox 272 769 1857 842">
     <span class='ocr_line' id='line_1_8' title="bbox 272 769 1857 842; baseline -0.005 -14"><span class='ocrx_word' id='word_1_46' title='bbox 272 777 364 828; x_wconf 80' lang='grc' dir='ltr'>Διὸ</span> <span class='ocrx_word' id='word_1_47' title='bbox 392 777 483 828; x_wconf 71' lang='grc' dir='ltr'>καὶ</span> <span class='ocrx_word' id='word_1_48' title='bbox 514 774 693 838; x_wconf 89' lang='grc' dir='ltr'>πάλιν,</span> <span class='ocrx_word' id='word_1_49' title='bbox 727 773 830 826; x_wconf 77' lang='grc' dir='ltr'><strong>κᾶν</strong></span> <span class='ocrx_word' id='word_1_50' title='bbox 861 774 935 842; x_wconf 86' lang='grc' dir='ltr'>μὴ</span> <span class='ocrx_word' id='word_1_51' title='bbox 964 772 1103 842; x_wconf 70' lang='grc' dir='ltr'>λάϐῃ</span> <span class='ocrx_word' id='word_1_52' title='bbox 1128 772 1187 824; x_wconf 88' lang='grc' dir='ltr'><strong>τὸ</strong></span> <span class='ocrx_word' id='word_1_53' title='bbox 1214 771 1371 839; x_wconf 86' lang='grc' dir='ltr'>σῶμα</span> <span class='ocrx_word' id='word_1_54' title='bbox 1395 771 1574 829; x_wconf 86' lang='grc' dir='ltr'>τοῦτο,</span> <span class='ocrx_word' id='word_1_55' title='bbox 1606 769 1857 839; x_wconf 83' lang='grc' dir='ltr'>ἁμαρτή-</span> 
     </span>
    </p>
   </div>
   <div class='ocr_carea' id='block_1_9' title="bbox 273 860 1851 933">
    <p class='ocr_par' dir='ltr' id='par_1_9' title="bbox 273 860 1851 933">
     <span class='ocr_line' id='line_1_9' title="bbox 273 860 1851 933; baseline -0.006 -15"><span class='ocrx_word' id='word_1_56' title='bbox 273 883 450 925; x_wconf 81' lang='grc' dir='ltr'>σεται,</span> <span class='ocrx_word' id='word_1_57' title='bbox 490 862 677 933; x_wconf 82' lang='grc' dir='ltr'>ὥσπερ</span> <span class='ocrx_word' id='word_1_58' title='bbox 707 880 769 931; x_wconf 91' lang='grc' dir='ltr'><strong>γε</strong></span> <span class='ocrx_word' id='word_1_59' title='bbox 804 863 896 915; x_wconf 76' lang='grc' dir='ltr'>καὶ</span> <span class='ocrx_word' id='word_1_60' title='bbox 931 862 1035 932; x_wconf 85' lang='grc' dir='ltr'><strong>πρὸ</strong></span> <span class='ocrx_word' id='word_1_61' title='bbox 1064 861 1159 913; x_wconf 86' lang='grc' dir='ltr'><strong>τοῦ</strong></span> <span class='ocrx_word' id='word_1_62' title='bbox 1212 860 1394 913; x_wconf 76' lang='grc' dir='ltr'>λαϐεῖν</span> <span class='ocrx_word' id='word_1_63' title='bbox 1427 860 1556 912; x_wconf 75' lang='grc' dir='ltr'>αὐτὸ</span> <span class='ocrx_word' id='word_1_64' title='bbox 1584 861 1851 929; x_wconf 72' lang='grc' dir='ltr'>ἥμαρτεν.</span> 
     </span>
    </p>
   </div>
   <div class='ocr_carea' id='block_1_10' title="bbox 272 949 1856 1025">
    <p class='ocr_par' dir='ltr' id='par_1_10' title="bbox 272 949 1856 1025">
     <span class='ocr_line' id='line_1_10' title="bbox 272 949 1856 1025; baseline -0.004 -17"><span class='ocrx_word' id='word_1_65' title='bbox 272 957 373 1009; x_wconf 71' lang='grc' dir='ltr'><strong>Διὰ</strong></span> <span class='ocrx_word' id='word_1_66' title='bbox 401 957 452 1008; x_wconf 89' lang='grc' dir='ltr'><strong>τί</strong></span> <span class='ocrx_word' id='word_1_67' title='bbox 479 956 534 1008; x_wconf 77' lang='grc' dir='ltr'>δὲ</span> <span class='ocrx_word' id='word_1_68' title='bbox 563 957 697 1018; x_wconf 80' lang='grc' dir='ltr'>ὅλως</span> <span class='ocrx_word' id='word_1_69' title='bbox 725 954 819 1006; x_wconf 74' lang='grc' dir='ltr'><strong>καὶ</strong></span> <span class='ocrx_word' id='word_1_70' title='bbox 859 954 919 1006; x_wconf 82' lang='grc' dir='ltr'><strong>τὸ</strong></span> <span class='ocrx_word' id='word_1_71' title='bbox 954 955 1113 1025; x_wconf 87' lang='grc' dir='ltr'>σῶμα</span> <span class='ocrx_word' id='word_1_72' title='bbox 1137 952 1439 1023; x_wconf 84' lang='grc' dir='ltr'>ἐλάμϐανεν</span> <span class='ocrx_word' id='word_1_73' title='bbox 1464 951 1687 1021; x_wconf 71' lang='grc' dir='ltr'>ὕστερον</span> <span class='ocrx_word' id='word_1_74' title='bbox 1720 949 1856 1018; x_wconf 85' lang='grc' dir='ltr'>μετὰ</span> 
     </span>
    </p>
   </div>
   <div class='ocr_carea' id='block_1_11' title="bbox 275 1038 1856 1119">
    <p class='ocr_par' dir='ltr' id='par_1_11' title="bbox 275 1038 1856 1119">
     <span class='ocr_line' id='line_1_11' title="bbox 275 1038 1856 1119; baseline -0.005 -18"><span class='ocrx_word' id='word_1_75' title='bbox 275 1050 333 1101; x_wconf 85' lang='grc' dir='ltr'><strong>τὸ</strong></span> <span class='ocrx_word' id='word_1_76' title='bbox 359 1048 773 1119; x_wconf 80' lang='grc' dir='ltr'>ὴμαρτηκέναι;</span> <span class='ocrx_word' id='word_1_77' title='bbox 809 1047 880 1098; x_wconf 83' lang='grc' dir='ltr'><em>Ἤ</em></span> <span class='ocrx_word' id='word_1_78' title='bbox 908 1046 991 1109; x_wconf 83' lang='grc' dir='ltr'><strong>τίς</strong></span> <span class='ocrx_word' id='word_1_79' title='bbox 1017 1046 1153 1115; x_wconf 75' lang='grc' dir='ltr'>αὐτῇ</span> <span class='ocrx_word' id='word_1_80' title='bbox 1190 1045 1345 1115; x_wconf 80' lang='grc' dir='ltr'>χρεία</span> <span class='ocrx_word' id='word_1_81' title='bbox 1377 1043 1624 1113; x_wconf 85' lang='grc' dir='ltr'>σώματος</span> <span class='ocrx_word' id='word_1_82' title='bbox 1657 1038 1762 1113; x_wconf 85' lang='grc' dir='ltr'>ῆν;</span> <span class='ocrx_word' id='word_1_83' title='bbox 1808 1042 1856 1093; x_wconf 82' lang='grc' dir='ltr'><strong>εί</strong></span> 
     </span>
    </p>
   </div>
   <div class='ocr_carea' id='block_1_12' title="bbox 276 1136 1858 1210">
    <p class='ocr_par' dir='ltr' id='par_1_12' title="bbox 276 1136 1858 1210">
     <span class='ocr_line' id='line_1_12' title="bbox 276 1136 1858 1210; baseline -0.004 -18"><span class='ocrx_word' id='word_1_84' title='bbox 276 1142 379 1210; x_wconf 83' lang='grc' dir='ltr'>μὲν</span> <span class='ocrx_word' id='word_1_85' title='bbox 411 1138 503 1192; x_wconf 75' lang='grc' dir='ltr'>οὗν</span> <span class='ocrx_word' id='word_1_86' title='bbox 533 1139 616 1190; x_wconf 79' lang='grc' dir='ltr'>ἵνα</span> <span class='ocrx_word' id='word_1_87' title='bbox 651 1137 1004 1207; x_wconf 76' lang='grc' dir='ltr'>βασανίζηται</span> <span class='ocrx_word' id='word_1_88' title='bbox 1045 1138 1137 1189; x_wconf 55' lang='grc' dir='ltr'><strong>καὶ⁵</strong></span> <span class='ocrx_word' id='word_1_89' title='bbox 1170 1137 1329 1207; x_wconf 80' lang='grc' dir='ltr'>ἀλγῇ,</span> <span class='ocrx_word' id='word_1_90' title='bbox 1377 1136 1494 1199; x_wconf 87' lang='grc' dir='ltr'><strong>πῶς</strong></span> <span class='ocrx_word' id='word_1_91' title='bbox 1546 1136 1743 1205; x_wconf 79' lang='grc' dir='ltr'>μᾶλλον</span> <span class='ocrx_word' id='word_1_92' title='bbox 1774 1136 1858 1186; x_wconf 79' lang='grc' dir='ltr'>ἐν-</span> 
     </span>
    </p>
   </div>
   <div class='ocr_carea' id='block_1_13' title="bbox 276 1224 1859 1301">
    <p class='ocr_par' dir='ltr' id='par_1_13' title="bbox 276 1224 1859 1301">
     <span class='ocr_line' id='line_1_13' title="bbox 276 1224 1859 1301; baseline -0.004 -17"><span class='ocrx_word' id='word_1_93' title='bbox 276 1233 461 1301; x_wconf 79' lang='grc' dir='ltr'>τρυφᾷ</span> <span class='ocrx_word' id='word_1_94' title='bbox 490 1229 584 1281; x_wconf 71' lang='grc' dir='ltr'>καὶ</span> <span class='ocrx_word' id='word_1_95' title='bbox 620 1227 997 1282; x_wconf 82' lang='grc' dir='ltr'><strong>ἀκολασταίνει</strong></span> <span class='ocrx_word' id='word_1_96' title='bbox 1025 1226 1161 1297; x_wconf 78' lang='grc' dir='ltr'>μετὰ</span> <span class='ocrx_word' id='word_1_97' title='bbox 1189 1225 1438 1297; x_wconf 80' lang='grc' dir='ltr'>σώματος</span> <span class='ocrx_word' id='word_1_98' title='bbox 1466 1244 1479 1290; x_wconf 89' lang='grc'>;</span> <span class='ocrx_word' id='word_1_99' title='bbox 1518 1225 1640 1287; x_wconf 86' lang='grc' dir='ltr'>Πῶς</span> <span class='ocrx_word' id='word_1_100' title='bbox 1683 1225 1738 1277; x_wconf 83' lang='grc' dir='ltr'><strong>δὲ</strong></span> <span class='ocrx_word' id='word_1_101' title='bbox 1765 1224 1859 1277; x_wconf 74' lang='grc' dir='ltr'>καὶ</span> 
     </span>
    </p>
   </div>
   <div class='ocr_carea' id='block_1_14' title="bbox 280 1316 1860 1389">
    <p class='ocr_par' dir='ltr' id='par_1_14' title="bbox 280 1316 1860 1389">
     <span class='ocr_line' id='line_1_14' title="bbox 280 1316 1860 1389; baseline -0.004 -13"><span class='ocrx_word' id='word_1_102' title='bbox 280 1325 335 1376; x_wconf 77' lang='grc' dir='ltr'><strong>τὸ</strong></span> <span class='ocrx_word' id='word_1_103' title='bbox 360 1322 703 1385; x_wconf 74' lang='grc' dir='ltr'>αὐτεξούσιον</span> <span class='ocrx_word' id='word_1_104' title='bbox 741 1317 878 1373; x_wconf 87' lang='grc' dir='ltr'>εἷναι</span> <span class='ocrx_word' id='word_1_105' title='bbox 924 1322 981 1371; x_wconf 86' lang='grc' dir='ltr'><strong>ἐν</strong></span> <span class='ocrx_word' id='word_1_106' title='bbox 1022 1321 1196 1389; x_wconf 82' lang='grc' dir='ltr'>τούτῳ</span> <span class='ocrx_word' id='word_1_107' title='bbox 1225 1318 1470 1388; x_wconf 85' lang='grc' dir='ltr'>φαίνεται</span> <span class='ocrx_word' id='word_1_108' title='bbox 1505 1317 1646 1387; x_wconf 80' lang='grc' dir='ltr'>ἔχειν</span> <span class='ocrx_word' id='word_1_109' title='bbox 1667 1316 1743 1387; x_wconf 82' lang='grc' dir='ltr'>τῷ</span> <span class='ocrx_word' id='word_1_110' title='bbox 1770 1316 1860 1369; x_wconf 84' lang='grc' dir='ltr'><strong>κό-</strong></span> 
     </span>
    </p>
   </div>
   <div class='ocr_carea' id='block_1_15' title="bbox 279 1407 1863 1485">
    <p class='ocr_par' dir='ltr' id='par_1_15' title="bbox 279 1407 1863 1485">
     <span class='ocr_line' id='line_1_15' title="bbox 279 1407 1863 1485; baseline -0.004 -19"><span class='ocrx_word' id='word_1_111' title='bbox 279 1432 442 1485; x_wconf 83' lang='grc' dir='ltr'>σμῳ;</span> <span class='ocrx_word' id='word_1_112' title='bbox 482 1415 594 1481; x_wconf 81' lang='grc' dir='ltr'><strong>Ἐφ’</strong></span> <span class='ocrx_word' id='word_1_113' title='bbox 631 1414 760 1483; x_wconf 74' lang='grc' dir='ltr'>ἡμῖν</span> <span class='ocrx_word' id='word_1_114' title='bbox 793 1412 903 1482; x_wconf 77' lang='grc' dir='ltr'>γὰρ</span> <span class='ocrx_word' id='word_1_115' title='bbox 943 1410 1003 1463; x_wconf 75' lang='grc' dir='ltr'>τὸ</span> <span class='ocrx_word' id='word_1_116' title='bbox 1050 1409 1338 1462; x_wconf 85' lang='grc' dir='ltr'>πιστεῦσαι</span> <span class='ocrx_word' id='word_1_117' title='bbox 1386 1413 1592 1471; x_wconf 84' lang='grc' dir='ltr'>κεῖται,</span> <span class='ocrx_word' id='word_1_118' title='bbox 1648 1408 1742 1460; x_wconf 74' lang='grc' dir='ltr'>καὶ</span> <span class='ocrx_word' id='word_1_119' title='bbox 1798 1407 1863 1459; x_wconf 85' lang='grc' dir='ltr'><strong>τὸ</strong></span> 
     </span>
    </p>
   </div>
   <div class='ocr_carea' id='block_1_16' title="bbox 283 1502 1863 1578">
    <p class='ocr_par' dir='ltr' id='par_1_16' title="bbox 283 1502 1863 1578">
     <span class='ocr_line' id='line_1_16' title="bbox 283 1502 1863 1578; baseline -0.005 -17"><span class='ocrx_word' id='word_1_120' title='bbox 283 1508 358 1578; x_wconf 85' lang='grc' dir='ltr'><strong>μὴ</strong></span> <span class='ocrx_word' id='word_1_121' title='bbox 400 1506 706 1560; x_wconf 85' lang='grc' dir='ltr'>πιστεῦσαι.</span> <span class='ocrx_word' id='word_1_122' title='bbox 733 1505 899 1557; x_wconf 82' lang='grc' dir='ltr'>Ἔνθα</span> <span class='ocrx_word' id='word_1_123' title='bbox 937 1504 993 1557; x_wconf 82' lang='grc' dir='ltr'>δὲ</span> <span class='ocrx_word' id='word_1_124' title='bbox 1039 1504 1123 1573; x_wconf 79' lang='grc' dir='ltr'><strong>ἐφ’</strong></span> <span class='ocrx_word' id='word_1_125' title='bbox 1161 1506 1292 1573; x_wconf 74' lang='grc' dir='ltr'>ἡμῖν</span> <span class='ocrx_word' id='word_1_126' title='bbox 1327 1503 1388 1555; x_wconf 79' lang='grc' dir='ltr'><strong>τὸ</strong></span> <span class='ocrx_word' id='word_1_127' title='bbox 1420 1503 1705 1555; x_wconf 84' lang='grc' dir='ltr'>πιστεῦσαι</span> <span class='ocrx_word' id='word_1_128' title='bbox 1751 1502 1863 1553; x_wconf 84' lang='grc' dir='ltr'>κεῖ-</span> 
     </span>
    </p>
   </div>
   <div class='ocr_carea' id='block_1_17' title="bbox 278 1589 1861 1663">
    <p class='ocr_par' dir='ltr' id='par_1_17' title="bbox 278 1589 1861 1663">
     <span class='ocr_line' id='line_1_17' title="bbox 278 1589 1861 1663; baseline -0.001 -18"><span class='ocrx_word' id='word_1_129' title='bbox 278 1611 368 1645; x_wconf 84' lang='grc' dir='ltr'><strong>ται</strong></span> <span class='ocrx_word' id='word_1_130' title='bbox 416 1594 509 1645; x_wconf 72' lang='grc' dir='ltr'><strong>καὶ</strong></span> <span class='ocrx_word' id='word_1_131' title='bbox 544 1592 606 1644; x_wconf 84' lang='grc' dir='ltr'>τὸ</span> <span class='ocrx_word' id='word_1_132' title='bbox 653 1592 730 1663; x_wconf 78' lang='grc' dir='ltr'><strong>μῆ</strong></span> <span class='ocrx_word' id='word_1_133' title='bbox 773 1592 1078 1657; x_wconf 83' lang='grc' dir='ltr'>πιστεῦσαι,</span> <span class='ocrx_word' id='word_1_134' title='bbox 1119 1592 1203 1660; x_wconf 80' lang='grc' dir='ltr'><strong>ἐφ’</strong></span> <span class='ocrx_word' id='word_1_135' title='bbox 1238 1593 1370 1662; x_wconf 77' lang='grc' dir='ltr'>ἡμῖν</span> <span class='ocrx_word' id='word_1_136' title='bbox 1418 1592 1479 1645; x_wconf 86' lang='grc' dir='ltr'><strong>τὸ</strong></span> <span class='ocrx_word' id='word_1_137' title='bbox 1513 1589 1861 1660; x_wconf 82' lang='grc' dir='ltr'>κατορθῶσα-</span> 
     </span>
    </p>
   </div>
   <div class='ocr_carea' id='block_1_18' title="bbox 280 1679 1864 1751">
    <p class='ocr_par' dir='ltr' id='par_1_18' title="bbox 280 1679 1864 1751">
     <span class='ocr_line' id='line_1_18' title="bbox 280 1679 1864 1751; baseline 0.001 -20"><span class='ocrx_word' id='word_1_138' title='bbox 280 1682 405 1731; x_wconf 91' lang='grc' dir='ltr'><strong>σάι</strong></span> <span class='ocrx_word' id='word_1_139' title='bbox 462 1679 554 1732; x_wconf 75' lang='grc' dir='ltr'>καὶ</span> <span class='ocrx_word' id='word_1_140' title='bbox 613 1680 1057 1750; x_wconf 82' lang='grc' dir='ltr'>άμαρτήσασθαι,</span> <span class='ocrx_word' id='word_1_141' title='bbox 1106 1682 1190 1750; x_wconf 79' lang='grc' dir='ltr'><strong>ἐφ’</strong></span> <span class='ocrx_word' id='word_1_142' title='bbox 1236 1683 1368 1751; x_wconf 82' lang='grc' dir='ltr'>ἡμῖν</span> <span class='ocrx_word' id='word_1_143' title='bbox 1416 1680 1476 1733; x_wconf 82' lang='grc' dir='ltr'>τὸ</span> <span class='ocrx_word' id='word_1_144' title='bbox 1516 1680 1864 1748; x_wconf 84' lang='grc' dir='ltr'>άγαθοποιείν</span> 
     </span>
    </p>
   </div>
   <div class='ocr_carea' id='block_1_19' title="bbox 278 1771 1861 1843">
    <p class='ocr_par' dir='ltr' id='par_1_19' title="bbox 278 1771 1861 1843">
     <span class='ocr_line' id='line_1_19' title="bbox 278 1771 1861 1843; baseline 0.003 -20"><span class='ocrx_word' id='word_1_145' title='bbox 278 1772 375 1824; x_wconf 59' lang='grc' dir='ltr'><strong>και)⁸</strong></span> <span class='ocrx_word' id='word_1_146' title='bbox 436 1771 496 1823; x_wconf 85' lang='grc' dir='ltr'><strong>τὸ</strong></span> <span class='ocrx_word' id='word_1_147' title='bbox 549 1774 883 1825; x_wconf 84' lang='grc' dir='ltr'>κακοποιεῖν.</span> <span class='ocrx_word' id='word_1_148' title='bbox 968 1771 1123 1824; x_wconf 80' lang='grc' dir='ltr'><strong>Ἀλλὰ</strong></span> <span class='ocrx_word' id='word_1_149' title='bbox 1179 1773 1273 1826; x_wconf 74' lang='grc' dir='ltr'>καὶ</span> <span class='ocrx_word' id='word_1_150' title='bbox 1323 1774 1355 1843; x_wconf 80' lang='grc' dir='ltr'>ἡ</span> <span class='ocrx_word' id='word_1_151' title='bbox 1406 1774 1584 1843; x_wconf 87' lang='grc' dir='ltr'>κρίσις</span> <span class='ocrx_word' id='word_1_152' title='bbox 1632 1772 1750 1834; x_wconf 89' lang='grc' dir='ltr'><strong>πῶς</strong></span> <span class='ocrx_word' id='word_1_153' title='bbox 1797 1771 1861 1841; x_wconf 83' lang='grc' dir='ltr'>δὴ</span> 
     </span>
    </p>
   </div>
   <div class='ocr_carea' id='block_1_20' title="bbox 1964 568 3548 651">
    <p class='ocr_par' dir='ltr' id='par_1_20' title="bbox 1964 568 3548 651">
     <span class='ocr_line' id='line_1_20' title="bbox 1964 568 3548 651; baseline -0.009 -17"><span class='ocrx_word' id='word_1_154' title='bbox 1964 597 2066 651; x_wconf 84' lang='lat' dir='ltr'><strong>pus</strong></span> <span class='ocrx_word' id='word_1_155' title='bbox 2094 593 2320 649; x_wconf 88' lang='lat' dir='ltr'><strong>peccare</strong></span> <span class='ocrx_word' id='word_1_156' title='bbox 2344 577 2631 647; x_wconf 87' lang='lat' dir='ltr'><strong>potuisset.</strong></span> <span class='ocrx_word' id='word_1_157' title='bbox 2658 572 2754 625; x_wconf 85' lang='lat' dir='ltr'><strong>Sin</strong></span> <span class='ocrx_word' id='word_1_158' title='bbox 2782 571 3044 641; x_wconf 82' lang='lat' dir='ltr'><strong>peccavit,</strong></span> <span class='ocrx_word' id='word_1_159' title='bbox 3073 569 3268 623; x_wconf 77' lang='lat' dir='ltr'><strong>falsum</strong></span> <span class='ocrx_word' id='word_1_160' title='bbox 3293 575 3375 620; x_wconf 83' lang='lat' dir='ltr'><strong>est</strong></span> <span class='ocrx_word' id='word_1_161' title='bbox 3399 568 3548 620; x_wconf 90' lang='lat' dir='ltr'><strong>nullo</strong></span> 
     </span>
    </p>
   </div>
   <div class='ocr_carea' id='block_1_21' title="bbox 1966 658 3549 741">
    <p class='ocr_par' dir='ltr' id='par_1_21' title="bbox 1966 658 3549 741">
     <span class='ocr_line' id='line_1_21' title="bbox 1966 658 3549 741; baseline -0.01 -13"><span class='ocrx_word' id='word_1_162' title='bbox 1966 689 2087 729; x_wconf 89' lang='lat' dir='ltr'><strong>eam</strong></span> <span class='ocrx_word' id='word_1_163' title='bbox 2138 678 2363 741; x_wconf 88' lang='lat' dir='ltr'><strong>peccato</strong></span> <span class='ocrx_word' id='word_1_164' title='bbox 2417 682 2516 738; x_wconf 87' lang='lat' dir='ltr'><strong>per</strong></span> <span class='ocrx_word' id='word_1_165' title='bbox 2542 682 2663 721; x_wconf 89' lang='lat' dir='ltr'><strong>sese</strong></span> <span class='ocrx_word' id='word_1_166' title='bbox 2711 664 2957 735; x_wconf 90' lang='lat' dir='ltr'><strong>potuisse</strong></span> <span class='ocrx_word' id='word_1_167' title='bbox 2994 660 3195 729; x_wconf 84' lang='lat' dir='ltr'><strong>corripi</strong></span> <span class='ocrx_word' id='word_1_168' title='bbox 3227 675 3240 711; x_wconf 89' lang='lat'><strong>:</strong></span> <span class='ocrx_word' id='word_1_169' title='bbox 3269 659 3399 728; x_wconf 90' lang='lat' dir='ltr'><strong>quin</strong></span> <span class='ocrx_word' id='word_1_170' title='bbox 3439 658 3549 712; x_wconf 90' lang='lat' dir='ltr'><strong>imo</strong></span> 
     </span>
    </p>
   </div>
   <div class='ocr_carea' id='block_1_22' title="bbox 1964 749 3549 826">
    <p class='ocr_par' dir='ltr' id='par_1_22' title="bbox 1964 749 3549 826">
     <span class='ocr_line' id='line_1_22' title="bbox 1964 749 3549 826; baseline -0.01 -8"><span class='ocrx_word' id='word_1_171' title='bbox 1964 765 2125 818; x_wconf 79' lang='lat' dir='ltr'><strong>facile</strong></span> <span class='ocrx_word' id='word_1_172' title='bbox 2156 763 2225 816; x_wconf 85' lang='lat' dir='ltr'><strong>ab</strong></span> <span class='ocrx_word' id='word_1_173' title='bbox 2276 776 2341 815; x_wconf 92' lang='lat' dir='ltr'><strong>eo</strong></span> <span class='ocrx_word' id='word_1_174' title='bbox 2390 754 2569 813; x_wconf 84' lang='lat' dir='ltr'><strong>invadi</strong></span> <span class='ocrx_word' id='word_1_175' title='bbox 2604 756 3017 826; x_wconf 79' lang='lat' dir='ltr'><strong>expugnarique</strong></span> <span class='ocrx_word' id='word_1_176' title='bbox 3054 752 3252 822; x_wconf 59' lang='lat' dir='ltr'><strong>potuit:</strong></span> <span class='ocrx_word' id='word_1_177' title='bbox 3302 749 3457 804; x_wconf 85' lang='lat' dir='ltr'><strong>Unde</strong></span> <span class='ocrx_word' id='word_1_178' title='bbox 3496 759 3549 803; x_wconf 89' lang='lat' dir='ltr'><strong>et</strong></span> 
     </span>
    </p>
   </div>
   <div class='ocr_carea' id='block_1_23' title="bbox 1964 842 3547 921">
    <p class='ocr_par' dir='ltr' id='par_1_23' title="bbox 1964 842 3547 921">
     <span class='ocr_line' id='line_1_23' title="bbox 1964 842 3547 921; baseline -0.009 -12"><span class='ocrx_word' id='word_1_179' title='bbox 1964 857 2089 911; x_wconf 90' lang='lat' dir='ltr'><strong>licet</strong></span> <span class='ocrx_word' id='word_1_180' title='bbox 2148 855 2328 909; x_wconf 91' lang='lat' dir='ltr'><strong>denuo</strong></span> <span class='ocrx_word' id='word_1_181' title='bbox 2380 866 2584 921; x_wconf 87' lang='lat' dir='ltr'><strong>corpus</strong></span> <span class='ocrx_word' id='word_1_182' title='bbox 2635 848 2770 915; x_wconf 76' lang='lat' dir='ltr'><strong>illud</strong></span> <span class='ocrx_word' id='word_1_183' title='bbox 2825 863 2933 901; x_wconf 92' lang='lat' dir='ltr'><strong>non</strong></span> <span class='ocrx_word' id='word_1_184' title='bbox 2986 846 3257 915; x_wconf 86' lang='lat' dir='ltr'><strong>accipiat,</strong></span> <span class='ocrx_word' id='word_1_185' title='bbox 3306 842 3547 913; x_wconf 77' lang='lat' dir='ltr'><strong>peccabit</strong></span> 
     </span>
    </p>
   </div>
   <div class='ocr_carea' id='block_1_24' title="bbox 1956 940 3549 1017">
    <p class='ocr_par' dir='ltr' id='par_1_24' title="bbox 1956 940 3549 1017">
     <span class='ocr_line' id='line_1_24' title="bbox 1956 940 3549 1017; baseline -0.009 -12"><span class='ocrx_word' id='word_1_186' title='bbox 1956 950 2333 1013; x_wconf 84' lang='lat' dir='ltr'><strong>nihilominus,</strong></span> <span class='ocrx_word' id='word_1_187' title='bbox 2381 946 2842 1017; x_wconf 83' lang='lat' dir='ltr'><strong>quemadmodum</strong></span> <span class='ocrx_word' id='word_1_188' title='bbox 2904 955 3197 1012; x_wconf 89' lang='lat' dir='ltr'><strong>antequam</strong></span> <span class='ocrx_word' id='word_1_189' title='bbox 3261 957 3385 995; x_wconf 88' lang='lat' dir='ltr'><strong>cum</strong></span> <span class='ocrx_word' id='word_1_190' title='bbox 3456 940 3549 993; x_wconf 92' lang='lat' dir='ltr'><strong>illo</strong></span> 
     </span>
    </p>
   </div>
   <div class='ocr_carea' id='block_1_25' title="bbox 1957 1032 3551 1108">
    <p class='ocr_par' dir='ltr' id='par_1_25' title="bbox 1957 1032 3551 1108">
     <span class='ocr_line' id='line_1_25' title="bbox 1957 1032 3551 1108; baseline -0.008 -15"><span class='ocrx_word' id='word_1_191' title='bbox 1957 1038 2405 1108; x_wconf 71' lang='lat' dir='ltr'><strong>coniungeretur,</strong></span> <span class='ocrx_word' id='word_1_192' title='bbox 2465 1035 2790 1105; x_wconf 87' lang='lat' dir='ltr'><strong>jamdudum</strong></span> <span class='ocrx_word' id='word_1_193' title='bbox 2843 1033 3069 1089; x_wconf 82' lang='lat' dir='ltr'><strong>fecerat.</strong></span> <span class='ocrx_word' id='word_1_194' title='bbox 3116 1032 3389 1099; x_wconf 87' lang='lat' dir='ltr'><strong>Quorsum</strong></span> <span class='ocrx_word' id='word_1_195' title='bbox 3423 1045 3551 1083; x_wconf 87' lang='lat' dir='ltr'><strong>vero</strong></span> 
     </span>
    </p>
   </div>
   <div class='ocr_carea' id='block_1_26' title="bbox 1958 1123 3544 1199">
    <p class='ocr_par' dir='ltr' id='par_1_26' title="bbox 1958 1123 3544 1199">
     <span class='ocr_line' id='line_1_26' title="bbox 1958 1123 3544 1199; baseline -0.006 -16"><span class='ocrx_word' id='word_1_196' title='bbox 1958 1145 2162 1199; x_wconf 87' lang='lat' dir='ltr'><strong>corpus</strong></span> <span class='ocrx_word' id='word_1_197' title='bbox 2207 1129 2431 1183; x_wconf 91' lang='lat' dir='ltr'><strong>omnino</strong></span> <span class='ocrx_word' id='word_1_198' title='bbox 2486 1134 2610 1197; x_wconf 91' lang='lat' dir='ltr'><strong>post</strong></span> <span class='ocrx_word' id='word_1_199' title='bbox 2654 1126 2955 1180; x_wconf 88' lang='lat' dir='ltr'><strong>admissum</strong></span> <span class='ocrx_word' id='word_1_200' title='bbox 2988 1125 3247 1179; x_wconf 90' lang='lat' dir='ltr'><strong>delictum</strong></span> <span class='ocrx_word' id='word_1_201' title='bbox 3278 1123 3544 1192; x_wconf 83' lang='lat' dir='ltr'><strong>capiebat,</strong></span> 
     </span>
    </p>
   </div>
   <div class='ocr_carea' id='block_1_27' title="bbox 1959 1215 3550 1291">
    <p class='ocr_par' dir='ltr' id='par_1_27' title="bbox 1959 1215 3550 1291">
     <span class='ocr_line' id='line_1_27' title="bbox 1959 1215 3550 1291; baseline -0.003 -16"><span class='ocrx_word' id='word_1_202' title='bbox 1959 1230 2053 1275; x_wconf 89' lang='lat' dir='ltr'><strong>aut</strong></span> <span class='ocrx_word' id='word_1_203' title='bbox 2078 1222 2207 1291; x_wconf 90' lang='lat' dir='ltr'><strong>quid</strong></span> <span class='ocrx_word' id='word_1_204' title='bbox 2238 1220 2329 1274; x_wconf 93' lang='lat' dir='ltr'><strong>illo</strong></span> <span class='ocrx_word' id='word_1_205' title='bbox 2347 1235 2484 1289; x_wconf 90' lang='lat' dir='ltr'><strong>opus</strong></span> <span class='ocrx_word' id='word_1_206' title='bbox 2507 1219 2781 1274; x_wconf 73' lang='lat' dir='ltr'><strong>habebat?</strong></span> <span class='ocrx_word' id='word_1_207' title='bbox 2806 1215 2863 1271; x_wconf 91' lang='lat' dir='ltr'><strong>Si</strong></span> <span class='ocrx_word' id='word_1_208' title='bbox 2896 1224 2955 1271; x_wconf 90' lang='lat' dir='ltr'><strong>ut</strong></span> <span class='ocrx_word' id='word_1_209' title='bbox 2983 1217 3253 1287; x_wconf 90' lang='lat' dir='ltr'><strong>supplicio</strong></span> <span class='ocrx_word' id='word_1_210' title='bbox 3275 1231 3337 1270; x_wconf 91' lang='lat' dir='ltr'><strong>ac</strong></span> <span class='ocrx_word' id='word_1_211' title='bbox 3360 1216 3550 1270; x_wconf 82' lang='lat' dir='ltr'><strong>dolore</strong></span> 
     </span>
    </p>
   </div>
   <div class='ocr_carea' id='block_1_28' title="bbox 1961 1306 3549 1392">
    <p class='ocr_par' dir='ltr' id='par_1_28' title="bbox 1961 1306 3549 1392">
     <span class='ocr_line' id='line_1_28' title="bbox 1961 1306 3549 1392; baseline -0.005 -25"><span class='ocrx_word' id='word_1_212' title='bbox 1961 1313 2289 1392; x_wconf 64' lang='lat' dir='ltr'><strong>adiceretur,</strong></span> <span class='ocrx_word' id='word_1_213' title='bbox 2343 1327 2445 1365; x_wconf 91' lang='lat' dir='ltr'><strong>cur</strong></span> <span class='ocrx_word' id='word_1_214' title='bbox 2493 1326 2616 1365; x_wconf 89' lang='lat' dir='ltr'><strong>cum</strong></span> <span class='ocrx_word' id='word_1_215' title='bbox 2650 1325 2883 1380; x_wconf 91' lang='lat' dir='ltr'><strong>corpore</strong></span> <span class='ocrx_word' id='word_1_216' title='bbox 2938 1310 3128 1363; x_wconf 82' lang='lat' dir='ltr'><strong>luxum</strong></span> <span class='ocrx_word' id='word_1_217' title='bbox 3183 1308 3365 1378; x_wconf 91' lang='lat' dir='ltr'><strong>potius</strong></span> <span class='ocrx_word' id='word_1_218' title='bbox 3416 1306 3549 1360; x_wconf 87' lang='lat' dir='ltr'><strong>deli-</strong></span> 
     </span>
    </p>
   </div>
   <div class='ocr_carea' id='block_1_29' title="bbox 1961 1401 3549 1471">
    <p class='ocr_par' dir='ltr' id='par_1_29' title="bbox 1961 1401 3549 1471">
     <span class='ocr_line' id='line_1_29' title="bbox 1961 1401 3549 1471; baseline -0.004 -13"><span class='ocrx_word' id='word_1_219' title='bbox 1961 1405 2188 1471; x_wconf 87' lang='lat' dir='ltr'><strong>ciasque</strong></span> <span class='ocrx_word' id='word_1_220' title='bbox 2215 1402 2487 1458; x_wconf 77' lang='lat' dir='ltr'><strong>sectatur?</strong></span> <span class='ocrx_word' id='word_1_221' title='bbox 2518 1402 2745 1455; x_wconf 83' lang='lat' dir='ltr'><strong>Arbitrii</strong></span> <span class='ocrx_word' id='word_1_222' title='bbox 2786 1416 2917 1456; x_wconf 80' lang='lat' dir='ltr'><strong>vero</strong></span> <span class='ocrx_word' id='word_1_223' title='bbox 2952 1401 3035 1456; x_wconf 92' lang='lat' dir='ltr'><strong>sui</strong></span> <span class='ocrx_word' id='word_1_224' title='bbox 3070 1401 3374 1454; x_wconf 89' lang='lat' dir='ltr'><strong>libertatem</strong></span> <span class='ocrx_word' id='word_1_225' title='bbox 3410 1413 3549 1469; x_wconf 90' lang='lat' dir='ltr'><strong>quo-</strong></span> 
     </span>
    </p>
   </div>
   <div class='ocr_carea' id='block_1_30' title="bbox 1967 1493 3550 1553">
    <p class='ocr_par' dir='ltr' id='par_1_30' title="bbox 1967 1493 3550 1553">
     <span class='ocr_line' id='line_1_30' title="bbox 1967 1493 3550 1553; baseline -0.001 -5"><span class='ocrx_word' id='word_1_226' title='bbox 1967 1496 2129 1549; x_wconf 92' lang='lat' dir='ltr'><strong>modo</strong></span> <span class='ocrx_word' id='word_1_227' title='bbox 2151 1494 2387 1548; x_wconf 91' lang='lat' dir='ltr'><strong>retinere</strong></span> <span class='ocrx_word' id='word_1_228' title='bbox 2412 1495 2464 1553; x_wconf 89' lang='lat' dir='ltr'><strong>in</strong></span> <span class='ocrx_word' id='word_1_229' title='bbox 2500 1495 2600 1547; x_wconf 87' lang='lat' dir='ltr'><strong>hoc</strong></span> <span class='ocrx_word' id='word_1_230' title='bbox 2638 1494 2840 1548; x_wconf 91' lang='lat' dir='ltr'><strong>mundo</strong></span> <span class='ocrx_word' id='word_1_231' title='bbox 2867 1493 3115 1548; x_wconf 86' lang='lat' dir='ltr'><strong>videtur?</strong></span> <span class='ocrx_word' id='word_1_232' title='bbox 3141 1493 3377 1548; x_wconf 84' lang='lat' dir='ltr'><strong>Credere</strong></span> <span class='ocrx_word' id='word_1_233' title='bbox 3403 1495 3550 1548; x_wconf 91' lang='lat' dir='ltr'><strong>enim</strong></span> 
     </span>
    </p>
   </div>
   <div class='ocr_carea' id='block_1_31' title="bbox 1964 1586 3549 1655">
    <p class='ocr_par' dir='ltr' id='par_1_31' title="bbox 1964 1586 3549 1655">
     <span class='ocr_line' id='line_1_31' title="bbox 1964 1586 3549 1655; baseline -0.001 -16"><span class='ocrx_word' id='word_1_234' title='bbox 1964 1595 2059 1639; x_wconf 85' lang='lat' dir='ltr'><strong>aut</strong></span> <span class='ocrx_word' id='word_1_235' title='bbox 2091 1601 2200 1639; x_wconf 87' lang='lat' dir='ltr'><strong>non</strong></span> <span class='ocrx_word' id='word_1_236' title='bbox 2232 1586 2457 1641; x_wconf 81' lang='lat' dir='ltr'><strong>credere</strong></span> <span class='ocrx_word' id='word_1_237' title='bbox 2523 1586 2577 1639; x_wconf 88' lang='lat' dir='ltr'><strong>in</strong></span> <span class='ocrx_word' id='word_1_238' title='bbox 2627 1593 2812 1639; x_wconf 86' lang='lat' dir='ltr'><strong>nostra</strong></span> <span class='ocrx_word' id='word_1_239' title='bbox 2852 1594 2935 1641; x_wconf 89' lang='lat' dir='ltr'><strong>est</strong></span> <span class='ocrx_word' id='word_1_240' title='bbox 2977 1587 3253 1640; x_wconf 88' lang='lat' dir='ltr'><strong>voluntate</strong></span> <span class='ocrx_word' id='word_1_241' title='bbox 3289 1586 3549 1655; x_wconf 85' lang='lat' dir='ltr'><strong>positum.</strong></span> 
     </span>
    </p>
   </div>
   <div class='ocr_carea' id='block_1_32' title="bbox 1966 1677 3549 1748">
    <p class='ocr_par' dir='ltr' id='par_1_32' title="bbox 1966 1677 3549 1748">
     <span class='ocr_line' id='line_1_32' title="bbox 1966 1677 3549 1748; baseline 0 -16"><span class='ocrx_word' id='word_1_242' title='bbox 1966 1677 2067 1733; x_wconf 89' lang='lat' dir='ltr'><strong>Ubi</strong></span> <span class='ocrx_word' id='word_1_243' title='bbox 2102 1686 2281 1733; x_wconf 89' lang='lat' dir='ltr'><strong>autem</strong></span> <span class='ocrx_word' id='word_1_244' title='bbox 2316 1686 2610 1748; x_wconf 88' lang='lat' dir='ltr'><strong>utrumque</strong></span> <span class='ocrx_word' id='word_1_245' title='bbox 2639 1678 2780 1748; x_wconf 90' lang='lat' dir='ltr'><strong>juris</strong></span> <span class='ocrx_word' id='word_1_246' title='bbox 2802 1693 2866 1732; x_wconf 89' lang='lat' dir='ltr'><strong>ac</strong></span> <span class='ocrx_word' id='word_1_247' title='bbox 2894 1678 3188 1733; x_wconf 87' lang='lat' dir='ltr'><strong>voluntatis</strong></span> <span class='ocrx_word' id='word_1_248' title='bbox 3218 1685 3301 1731; x_wconf 90' lang='lat' dir='ltr'><strong>est</strong></span> <span class='ocrx_word' id='word_1_249' title='bbox 3327 1688 3549 1740; x_wconf 67' lang='lat' dir='ltr'><strong>nostras,</strong></span> 
     </span>
    </p>
   </div>
   <div class='ocr_carea' id='block_1_33' title="bbox 1964 1769 3547 1840">
    <p class='ocr_par' dir='ltr' id='par_1_33' title="bbox 1964 1769 3547 1840">
     <span class='ocr_line' id='line_1_33' title="bbox 1964 1769 3547 1840; baseline -0.001 -16"><span class='ocrx_word' id='word_1_250' title='bbox 1964 1784 2308 1836; x_wconf 81' lang='lat' dir='ltr'><strong>consequens</strong></span> <span class='ocrx_word' id='word_1_251' title='bbox 2345 1778 2429 1824; x_wconf 89' lang='lat' dir='ltr'><strong>est</strong></span> <span class='ocrx_word' id='word_1_252' title='bbox 2459 1777 2517 1823; x_wconf 92' lang='lat' dir='ltr'><strong>ut</strong></span> <span class='ocrx_word' id='word_1_253' title='bbox 2554 1779 2609 1824; x_wconf 91' lang='lat' dir='ltr'><strong>et</strong></span> <span class='ocrx_word' id='word_1_254' title='bbox 2638 1776 2786 1825; x_wconf 87' lang='lat' dir='ltr'><strong>recte</strong></span> <span class='ocrx_word' id='word_1_255' title='bbox 2816 1785 2997 1840; x_wconf 87' lang='lat' dir='ltr'><strong>agere,</strong></span> <span class='ocrx_word' id='word_1_256' title='bbox 3027 1769 3111 1824; x_wconf 89' lang='lat' dir='ltr'><strong>vel</strong></span> <span class='ocrx_word' id='word_1_257' title='bbox 3140 1784 3385 1839; x_wconf 90' lang='lat' dir='ltr'><strong>peccare,</strong></span> <span class='ocrx_word' id='word_1_258' title='bbox 3418 1770 3547 1823; x_wconf 87' lang='lat' dir='ltr'><strong>boni</strong></span> 
     </span>
    </p>
   </div>
   <div class='ocr_carea' id='block_1_34' title="bbox 279 1850 1870 1936">
    <p class='ocr_par' dir='ltr' id='par_1_34' title="bbox 279 1862 1863 1936">
     <span class='ocr_line' id='line_1_34' title="bbox 279 1862 1863 1936; baseline 0.001 -22"><span class='ocrx_word' id='word_1_259' title='bbox 279 1862 657 1935; x_wconf 74' lang='grc' dir='ltr'>ἐπιφέρεσθαι,</span> <span class='ocrx_word' id='word_1_260' title='bbox 704 1864 779 1926; x_wconf 82' lang='grc' dir='ltr'>ὡς</span> <span class='ocrx_word' id='word_1_261' title='bbox 826 1865 1115 1935; x_wconf 84' lang='grc' dir='ltr'>μέλλουσα,</span> <span class='ocrx_word' id='word_1_262' title='bbox 1150 1865 1553 1936; x_wconf 81' lang='grc' dir='ltr'>προσδοκᾶσθαι</span> <span class='ocrx_word' id='word_1_263' title='bbox 1592 1864 1671 1917; x_wconf 81' lang='grc' dir='ltr'><strong>ἐτι</strong></span> <span class='ocrx_word' id='word_1_264' title='bbox 1705 1864 1863 1916; x_wconf 81' lang='grc' dir='ltr'>δύνα-</span> 
     </span>
    </p>
   </div>
   <div class='ocr_carea' id='block_1_35' title="bbox 1972 1850 3552 1936">
    <p class='ocr_par' dir='ltr' id='par_1_35' title="bbox 1972 1859 3552 1931">
     <span class='ocr_line' id='line_1_35' title="bbox 1972 1859 3552 1931; baseline 0.001 -18"><span class='ocrx_word' id='word_1_265' title='bbox 1972 1859 2170 1928; x_wconf 86' lang='lat' dir='ltr'><strong>aliquid</strong></span> <span class='ocrx_word' id='word_1_266' title='bbox 2194 1860 2391 1924; x_wconf 79' lang='lat' dir='ltr'><strong>facere,</strong></span> <span class='ocrx_word' id='word_1_267' title='bbox 2417 1861 2499 1915; x_wconf 84' lang='lat' dir='ltr'><strong>vel</strong></span> <span class='ocrx_word' id='word_1_268' title='bbox 2522 1861 2671 1925; x_wconf 88' lang='lat' dir='ltr'><strong>mali,</strong></span> <span class='ocrx_word' id='word_1_269' title='bbox 2697 1860 2769 1915; x_wconf 89' lang='lat' dir='ltr'><strong>sit</strong></span> <span class='ocrx_word' id='word_1_270' title='bbox 2795 1861 3087 1931; x_wconf 81' lang='lat' dir='ltr'><strong>integrum.</strong></span> <span class='ocrx_word' id='word_1_271' title='bbox 3114 1860 3361 1927; x_wconf 86' lang='lat' dir='ltr'><strong>Quonam</strong></span> <span class='ocrx_word' id='word_1_272' title='bbox 3394 1871 3552 1930; x_wconf 90' lang='lat' dir='ltr'><strong>pacto</strong></span> 
     </span>
    </p>
   </div>
   <div class='ocr_carea' id='block_1_36' title="bbox 280 1952 1860 2024">
    <p class='ocr_par' dir='ltr' id='par_1_36' title="bbox 280 1952 1860 2024">
     <span class='ocr_line' id='line_1_36' title="bbox 280 1952 1860 2024; baseline 0 -20"><span class='ocrx_word' id='word_1_273' title='bbox 280 1969 397 2005; x_wconf 85' lang='grc' dir='ltr'>ται·</span> <span class='ocrx_word' id='word_1_274' title='bbox 436 1953 558 2006; x_wconf 85' lang='grc' dir='ltr'>καθ’</span> <span class='ocrx_word' id='word_1_275' title='bbox 597 1952 662 2023; x_wconf 83' lang='grc' dir='ltr'><strong>ἢν</strong></span> <span class='ocrx_word' id='word_1_276' title='bbox 693 1956 721 2007; x_wconf 99' lang='lat'><strong>6</strong></span> <span class='ocrx_word' id='word_1_277' title='bbox 752 1953 883 2016; x_wconf 71' lang='grc' dir='ltr'>Θεὸς</span> <span class='ocrx_word' id='word_1_278' title='bbox 912 1954 1126 2024; x_wconf 80' lang='grc' dir='ltr'>ἑκάστῳ</span> <span class='ocrx_word' id='word_1_279' title='bbox 1165 1953 1306 2006; x_wconf 77' lang='grc' dir='ltr'>κατὰ</span> <span class='ocrx_word' id='word_1_280' title='bbox 1332 1953 1401 2006; x_wconf 78' lang='grc' dir='ltr'>τὰ</span> <span class='ocrx_word' id='word_1_281' title='bbox 1428 1953 1563 2023; x_wconf 72' lang='grc' dir='ltr'>ἔργα</span> <span class='ocrx_word' id='word_1_282' title='bbox 1596 1953 1690 2005; x_wconf 76' lang='grc' dir='ltr'>καὶ</span> <span class='ocrx_word' id='word_1_283' title='bbox 1718 1952 1860 2005; x_wconf 81' lang='grc' dir='ltr'>κατὰ</span> 
     </span>
    </p>
   </div>
   <div class='ocr_carea' id='block_1_37' title="bbox 280 2045 1859 2116">
    <p class='ocr_par' dir='ltr' id='par_1_37' title="bbox 280 2045 1859 2116">
     <span class='ocr_line' id='line_1_37' title="bbox 280 2045 1859 2116; baseline 0 -20"><span class='ocrx_word' id='word_1_284' title='bbox 280 2045 349 2096; x_wconf 84' lang='grc' dir='ltr'><strong>τά</strong></span> <span class='ocrx_word' id='word_1_285' title='bbox 382 2045 784 2116; x_wconf 82' lang='grc' dir='ltr'>ἐπιτηδεύματα</span> <span class='ocrx_word' id='word_1_286' title='bbox 841 2045 1158 2099; x_wconf 82' lang='grc' dir='ltr'>ἀποδίδωσι·</span> <span class='ocrx_word' id='word_1_287' title='bbox 1200 2046 1294 2099; x_wconf 71' lang='grc' dir='ltr'>καὶ</span> <span class='ocrx_word' id='word_1_288' title='bbox 1342 2045 1438 2115; x_wconf 83' lang='grc' dir='ltr'><strong>οὐχ</strong></span> <span class='ocrx_word' id='word_1_289' title='bbox 1471 2046 1545 2109; x_wconf 87' lang='grc' dir='ltr'>ὠς</span> <span class='ocrx_word' id='word_1_290' title='bbox 1583 2046 1682 2115; x_wconf 69' lang='grc' dir='ltr'>ἤδη</span> <span class='ocrx_word' id='word_1_291' title='bbox 1717 2060 1859 2113; x_wconf 87' lang='grc' dir='ltr'>παρ-</span> 
     </span>
    </p>
   </div>
   <div class='ocr_carea' id='block_1_38' title="bbox 281 2133 1861 2206">
    <p class='ocr_par' dir='ltr' id='par_1_38' title="bbox 281 2133 1861 2206">
     <span class='ocr_line' id='line_1_38' title="bbox 281 2133 1861 2206; baseline 0 -19"><span class='ocrx_word' id='word_1_292' title='bbox 281 2133 419 2187; x_wconf 88' lang='grc' dir='ltr'>οῦσα</span> <span class='ocrx_word' id='word_1_293' title='bbox 450 2135 856 2205; x_wconf 80' lang='grc' dir='ltr'>νομισθήσεται,</span> <span class='ocrx_word' id='word_1_294' title='bbox 896 2137 1009 2203; x_wconf 76' lang='grc' dir='ltr'>εἴγε</span> <span class='ocrx_word' id='word_1_295' title='bbox 1050 2136 1109 2188; x_wconf 85' lang='grc' dir='ltr'><strong>τὸ</strong></span> <span class='ocrx_word' id='word_1_296' title='bbox 1136 2136 1461 2206; x_wconf 81' lang='grc' dir='ltr'><strong>γεννηθῆναι</strong></span> <span class='ocrx_word' id='word_1_297' title='bbox 1507 2136 1605 2205; x_wconf 81' lang='grc' dir='ltr'>μὲν</span> <span class='ocrx_word' id='word_1_298' title='bbox 1650 2136 1742 2188; x_wconf 76' lang='grc' dir='ltr'>καὶ</span> <span class='ocrx_word' id='word_1_299' title='bbox 1782 2137 1861 2197; x_wconf 77' lang='grc' dir='ltr'>εἰς</span> 
     </span>
    </p>
   </div>
   <div class='ocr_carea' id='block_1_39' title="bbox 284 2226 1861 2300">
    <p class='ocr_par' dir='ltr' id='par_1_39' title="bbox 284 2226 1861 2300">
     <span class='ocr_line' id='line_1_39' title="bbox 284 2226 1861 2300; baseline -0.001 -21"><span class='ocrx_word' id='word_1_300' title='bbox 284 2227 444 2297; x_wconf 89' lang='grc' dir='ltr'>σῶμα</span> <span class='ocrx_word' id='word_1_301' title='bbox 474 2226 645 2279; x_wconf 80' lang='grc' dir='ltr'>ἐλθεῖν</span> <span class='ocrx_word' id='word_1_302' title='bbox 680 2227 774 2298; x_wconf 82' lang='grc' dir='ltr'>τὴν</span> <span class='ocrx_word' id='word_1_303' title='bbox 804 2228 982 2299; x_wconf 74' lang='grc' dir='ltr'>ψυχὴν</span> <span class='ocrx_word' id='word_1_304' title='bbox 1016 2228 1271 2300; x_wconf 80' lang='grc' dir='ltr'>κριθῆναι</span> <span class='ocrx_word' id='word_1_305' title='bbox 1304 2231 1449 2281; x_wconf 81' lang='grc' dir='ltr'>ἐστιν</span> <span class='ocrx_word' id='word_1_306' title='bbox 1479 2229 1575 2299; x_wconf 80' lang='grc' dir='ltr'><strong>ῆδη</strong></span> <span class='ocrx_word' id='word_1_307' title='bbox 1608 2228 1699 2281; x_wconf 70' lang='grc' dir='ltr'><strong>καὶ</strong></span> <span class='ocrx_word' id='word_1_308' title='bbox 1732 2229 1861 2280; x_wconf 85' lang='grc' dir='ltr'>άντ-</span> 
     </span>
    </p>
   </div>
   <div class='ocr_carea' id='block_1_40' title="bbox 282 2317 1863 2391">
    <p class='ocr_par' dir='ltr' id='par_1_40' title="bbox 282 2317 1863 2391">
     <span class='ocr_line' id='line_1_40' title="bbox 282 2317 1863 2391; baseline 0.001 -22"><span class='ocrx_word' id='word_1_309' title='bbox 282 2317 611 2370; x_wconf 77' lang='grc' dir='ltr'>απολαϐεῖν·</span> <span class='ocrx_word' id='word_1_310' title='bbox 648 2318 708 2371; x_wconf 86' lang='grc' dir='ltr'><strong>τὸ</strong></span> <span class='ocrx_word' id='word_1_311' title='bbox 755 2319 811 2371; x_wconf 84' lang='grc' dir='ltr'>δὲ</span> <span class='ocrx_word' id='word_1_312' title='bbox 872 2320 1192 2387; x_wconf 86' lang='grc' dir='ltr'>ἀποθανεῖν,</span> <span class='ocrx_word' id='word_1_313' title='bbox 1238 2321 1333 2372; x_wconf 71' lang='grc' dir='ltr'><strong>καὶ</strong></span> <span class='ocrx_word' id='word_1_314' title='bbox 1394 2320 1725 2391; x_wconf 85' lang='grc' dir='ltr'>χωρισθῆναι</span> <span class='ocrx_word' id='word_1_315' title='bbox 1768 2318 1863 2371; x_wconf 85' lang='grc' dir='ltr'><strong>τοῦ</strong></span> 
     </span>
    </p>
   </div>
   <div class='ocr_carea' id='block_1_41' title="bbox 286 2409 1867 2481">
    <p class='ocr_par' dir='ltr' id='par_1_41' title="bbox 286 2409 1867 2481">
     <span class='ocr_line' id='line_1_41' title="bbox 286 2409 1867 2481; baseline 0 -20"><span class='ocrx_word' id='word_1_316' title='bbox 286 2412 557 2480; x_wconf 84' lang='grc' dir='ltr'>σώματος,</span> <span class='ocrx_word' id='word_1_317' title='bbox 605 2410 1030 2481; x_wconf 81' lang='grc' dir='ltr'>ἐλευθερωθῆναί</span> <span class='ocrx_word' id='word_1_318' title='bbox 1078 2428 1139 2463; x_wconf 88' lang='grc' dir='ltr'><strong>τε</strong></span> <span class='ocrx_word' id='word_1_319' title='bbox 1189 2412 1283 2465; x_wconf 75' lang='grc' dir='ltr'><strong>καὶ</strong></span> <span class='ocrx_word' id='word_1_320' title='bbox 1331 2413 1410 2474; x_wconf 76' lang='grc' dir='ltr'><strong>εἰς</strong></span> <span class='ocrx_word' id='word_1_321' title='bbox 1459 2409 1719 2478; x_wconf 80' lang='grc' dir='ltr'>άνάψυξιν</span> <span class='ocrx_word' id='word_1_322' title='bbox 1782 2409 1867 2462; x_wconf 89' lang='grc' dir='ltr'>ἐλ-</span> 
     </span>
    </p>
   </div>
   <div class='ocr_carea' id='block_1_42' title="bbox 285 2502 1869 2574">
    <p class='ocr_par' dir='ltr' id='par_1_42' title="bbox 285 2502 1869 2574">
     <span class='ocr_line' id='line_1_42' title="bbox 285 2502 1869 2574; baseline 0.001 -21"><span class='ocrx_word' id='word_1_323' title='bbox 285 2503 418 2565; x_wconf 86' lang='grc' dir='ltr'>θεῖν,</span> <span class='ocrx_word' id='word_1_324' title='bbox 445 2502 533 2555; x_wconf 79' lang='grc' dir='ltr'>διὰ</span> <span class='ocrx_word' id='word_1_325' title='bbox 575 2503 635 2555; x_wconf 81' lang='grc' dir='ltr'>τὸ</span> <span class='ocrx_word' id='word_1_326' title='bbox 678 2503 783 2572; x_wconf 78' lang='grc' dir='ltr'><strong>πρὸ</strong></span> <span class='ocrx_word' id='word_1_327' title='bbox 835 2502 1087 2573; x_wconf 80' lang='grc' dir='ltr'>σώματος</span> <span class='ocrx_word' id='word_1_328' title='bbox 1131 2504 1298 2574; x_wconf 84' lang='grc' dir='ltr'>αὐτὴν</span> <span class='ocrx_word' id='word_1_329' title='bbox 1343 2504 1760 2574; x_wconf 81' lang='grc' dir='ltr'>άμαρτήσασαν,</span> <span class='ocrx_word' id='word_1_330' title='bbox 1792 2504 1869 2565; x_wconf 84' lang='grc' dir='ltr'>ὡς</span> 
     </span>
    </p>
   </div>
   <div class='ocr_carea' id='block_1_43' title="bbox 286 2594 1865 2667">
    <p class='ocr_par' dir='ltr' id='par_1_43' title="bbox 286 2594 1865 2667">
     <span class='ocr_line' id='line_1_43' title="bbox 286 2594 1865 2667; baseline 0.001 -21"><span class='ocrx_word' id='word_1_331' title='bbox 286 2598 367 2658; x_wconf 81' lang='grc' dir='ltr'>εἰς</span> <span class='ocrx_word' id='word_1_332' title='bbox 406 2596 724 2667; x_wconf 76' lang='grc' dir='ltr'>κατάκρισιν</span> <span class='ocrx_word' id='word_1_333' title='bbox 762 2596 854 2649; x_wconf 76' lang='grc' dir='ltr'><strong>καὶ</strong></span> <span class='ocrx_word' id='word_1_334' title='bbox 895 2596 1186 2666; x_wconf 75' lang='grc' dir='ltr'>καταδίκην</span> <span class='ocrx_word' id='word_1_335' title='bbox 1219 2598 1299 2658; x_wconf 83' lang='grc' dir='ltr'><strong>είς</strong></span> <span class='ocrx_word' id='word_1_336' title='bbox 1342 2596 1403 2648; x_wconf 85' lang='grc' dir='ltr'><strong>τὸ</strong></span> <span class='ocrx_word' id='word_1_337' title='bbox 1446 2596 1603 2665; x_wconf 87' lang='grc' dir='ltr'>σῶμα</span> <span class='ocrx_word' id='word_1_338' title='bbox 1640 2594 1865 2664; x_wconf 73' lang='grc' dir='ltr'>ἐμὸιϐά-</span> 
     </span>
    </p>
   </div>
   <div class='ocr_carea' id='block_1_44' title="bbox 289 2688 1869 2759">
    <p class='ocr_par' dir='ltr' id='par_1_44' title="bbox 289 2688 1869 2759">
     <span class='ocr_line' id='line_1_44' title="bbox 289 2688 1869 2759; baseline 0.001 -21"><span class='ocrx_word' id='word_1_339' title='bbox 289 2688 476 2750; x_wconf 77' lang='grc' dir='ltr'>ςεσθαι</span> <span class='ocrx_word' id='word_1_340' title='bbox 502 2689 621 2741; x_wconf 79' lang='grc' dir='ltr'>καθ’</span> <span class='ocrx_word' id='word_1_341' title='bbox 658 2689 834 2758; x_wconf 82' lang='grc' dir='ltr'>ὑμᾶς;</span> <span class='ocrx_word' id='word_1_342' title='bbox 876 2688 1145 2753; x_wconf 81' lang='grc' dir='ltr'>Ἀπέδειξε</span> <span class='ocrx_word' id='word_1_343' title='bbox 1178 2689 1233 2741; x_wconf 80' lang='grc' dir='ltr'>δὲ</span> <span class='ocrx_word' id='word_1_344' title='bbox 1267 2689 1502 2759; x_wconf 86' lang='grc' dir='ltr'>διαρκῶς</span> <span class='ocrx_word' id='word_1_345' title='bbox 1548 2691 1608 2741; x_wconf 85' lang='grc' dir='ltr'><strong>ἐκ</strong></span> <span class='ocrx_word' id='word_1_346' title='bbox 1654 2705 1869 2759; x_wconf 87' lang='grc' dir='ltr'>περιου-</span> 
     </span>
    </p>
   </div>
   <div class='ocr_carea' id='block_1_45' title="bbox 294 2778 1867 2851">
    <p class='ocr_par' dir='ltr' id='par_1_45' title="bbox 294 2778 1867 2851">
     <span class='ocr_line' id='line_1_45' title="bbox 294 2778 1867 2851; baseline 0.003 -21"><span class='ocrx_word' id='word_1_347' title='bbox 294 2781 414 2841; x_wconf 82' lang='grc' dir='ltr'>σίας</span> <span class='ocrx_word' id='word_1_348' title='bbox 448 2782 476 2831; x_wconf 90' lang='grc' dir='ltr'>ὀ</span> <span class='ocrx_word' id='word_1_349' title='bbox 520 2780 697 2848; x_wconf 78' lang='grc' dir='ltr'>λόγος,</span> <span class='ocrx_word' id='word_1_350' title='bbox 742 2780 1052 2834; x_wconf 82' lang='grc' dir='ltr'>ἀνένδεκτον</span> <span class='ocrx_word' id='word_1_351' title='bbox 1083 2778 1220 2834; x_wconf 83' lang='grc' dir='ltr'>εἶναι</span> <span class='ocrx_word' id='word_1_352' title='bbox 1260 2779 1575 2851; x_wconf 78' lang='grc' dir='ltr'>νομίζεσθαι</span> <span class='ocrx_word' id='word_1_353' title='bbox 1608 2780 1669 2833; x_wconf 86' lang='grc' dir='ltr'><strong>τὸ</strong></span> <span class='ocrx_word' id='word_1_354' title='bbox 1706 2779 1867 2851; x_wconf 85' lang='grc' dir='ltr'>σῶμα.</span> 
     </span>
    </p>
   </div>
   <div class='ocr_carea' id='block_1_46' title="bbox 295 2872 1386 2943">
    <p class='ocr_par' dir='ltr' id='par_1_46' title="bbox 295 2872 1386 2943">
     <span class='ocr_line' id='line_1_46' title="bbox 295 2872 1386 2943; baseline 0.004 -21"><span class='ocrx_word' id='word_1_355' title='bbox 295 2872 711 2943; x_wconf 80' lang='grc' dir='ltr'>βασανιστήριον</span> <span class='ocrx_word' id='word_1_356' title='bbox 742 2874 837 2925; x_wconf 70' lang='grc' dir='ltr'>καὶ</span> <span class='ocrx_word' id='word_1_357' title='bbox 871 2872 1036 2935; x_wconf 81' lang='grc' dir='ltr'>πέδας</span> <span class='ocrx_word' id='word_1_358' title='bbox 1062 2872 1161 2943; x_wconf 90' lang='grc' dir='ltr'><strong>τῆς</strong></span> <span class='ocrx_word' id='word_1_359' title='bbox 1187 2872 1386 2943; x_wconf 79' lang='grc' dir='ltr'>ψυχῆς.</span> 
     </span>
    </p>
   </div>
   <div class='ocr_carea' id='block_1_47' title="bbox 363 3134 1868 3212">
    <p class='ocr_par' dir='ltr' id='par_1_47' title="bbox 363 3134 1868 3212">
     <span class='ocr_line' id='line_1_47' title="bbox 363 3134 1868 3212; baseline 0 -19"><span class='ocrx_word' id='word_1_360' title='bbox 363 3140 444 3194; x_wconf 81' lang='lat' dir='ltr'><strong>N&#39;.</strong></span> <span class='ocrx_word' id='word_1_361' title='bbox 477 3142 671 3212; x_wconf 86' lang='grc' dir='ltr'>Ἤρκει</span> <span class='ocrx_word' id='word_1_362' title='bbox 713 3140 811 3211; x_wconf 84' lang='grc' dir='ltr'><strong>μὲν</strong></span> <span class='ocrx_word' id='word_1_363' title='bbox 843 3134 955 3206; x_wconf 81' lang='grc' dir='ltr'>οῦν,</span> <span class='ocrx_word' id='word_1_364' title='bbox 990 3140 1097 3194; x_wconf 75' lang='grc' dir='ltr'>ἀπὸ</span> <span class='ocrx_word' id='word_1_365' title='bbox 1129 3139 1227 3211; x_wconf 84' lang='grc' dir='ltr'><strong>τῆς</strong></span> <span class='ocrx_word' id='word_1_366' title='bbox 1271 3140 1491 3211; x_wconf 86' lang='grc' dir='ltr'>Γραφῆς</span> <span class='ocrx_word' id='word_1_367' title='bbox 1533 3141 1701 3211; x_wconf 81' lang='grc' dir='ltr'>αὐτῆς</span> <span class='ocrx_word' id='word_1_368' title='bbox 1732 3142 1868 3193; x_wconf 84' lang='grc' dir='ltr'>ἀπο-</span> 
     </span>
    </p>
   </div>
   <div class='ocr_carea' id='block_1_48' title="bbox 292 3235 1870 3307">
    <p class='ocr_par' dir='ltr' id='par_1_48' title="bbox 292 3235 1870 3307">
     <span class='ocr_line' id='line_1_48' title="bbox 292 3235 1870 3307; baseline 0 -20"><span class='ocrx_word' id='word_1_369' title='bbox 292 3235 539 3299; x_wconf 77' lang='grc' dir='ltr'>δείξαντα</span> <span class='ocrx_word' id='word_1_370' title='bbox 573 3236 678 3306; x_wconf 80' lang='grc' dir='ltr'>πρὸ</span> <span class='ocrx_word' id='word_1_371' title='bbox 702 3236 800 3304; x_wconf 84' lang='grc' dir='ltr'><strong>τῆς</strong></span> <span class='ocrx_word' id='word_1_372' title='bbox 828 3236 1188 3307; x_wconf 77' lang='grc' dir='ltr'>παραϐάσεως</span> <span class='ocrx_word' id='word_1_373' title='bbox 1225 3236 1316 3288; x_wconf 88' lang='grc' dir='ltr'><strong>τὸν</strong></span> <span class='ocrx_word' id='word_1_374' title='bbox 1353 3235 1771 3307; x_wconf 81' lang='grc' dir='ltr'>πρωτόπλαστον</span> <span class='ocrx_word' id='word_1_375' title='bbox 1805 3237 1870 3287; x_wconf 83' lang='grc' dir='ltr'><strong>ἐκ</strong></span> 
     </span>
    </p>
   </div>
   <div class='ocr_carea' id='block_1_49' title="bbox 293 3326 1872 3397">
    <p class='ocr_par' dir='ltr' id='par_1_49' title="bbox 293 3326 1872 3397">
     <span class='ocr_line' id='line_1_49' title="bbox 293 3326 1872 3397; baseline 0 -19"><span class='ocrx_word' id='word_1_376' title='bbox 293 3326 469 3397; x_wconf 73' lang='grc' dir='ltr'>ψυχῆς</span> <span class='ocrx_word' id='word_1_377' title='bbox 504 3329 596 3379; x_wconf 69' lang='grc' dir='ltr'>καὶ</span> <span class='ocrx_word' id='word_1_378' title='bbox 639 3327 886 3397; x_wconf 84' lang='grc' dir='ltr'>σώματος</span> <span class='ocrx_word' id='word_1_379' title='bbox 929 3327 1092 3390; x_wconf 79' lang='grc' dir='ltr'>δντα,,</span> <span class='ocrx_word' id='word_1_380' title='bbox 1111 3328 1441 3381; x_wconf 77' lang='grc' dir='ltr'>καταπαύειν</span> <span class='ocrx_word' id='word_1_381' title='bbox 1475 3328 1566 3379; x_wconf 83' lang='grc' dir='ltr'><strong>τὸν</strong></span> <span class='ocrx_word' id='word_1_382' title='bbox 1597 3328 1724 3397; x_wconf 75' lang='grc' dir='ltr'>περὶ</span> <span class='ocrx_word' id='word_1_383' title='bbox 1752 3326 1872 3379; x_wconf 86' lang='grc' dir='ltr'>τού-</span> 
     </span>
    </p>
   </div>
   <div class='ocr_carea' id='block_1_50' title="bbox 295 3420 1872 3491">
    <p class='ocr_par' dir='ltr' id='par_1_50' title="bbox 295 3420 1872 3491">
     <span class='ocr_line' id='line_1_50' title="bbox 295 3420 1872 3491; baseline 0 -20"><span class='ocrx_word' id='word_1_384' title='bbox 295 3437 402 3472; x_wconf 86' lang='grc' dir='ltr'><strong>των</strong></span> <span class='ocrx_word' id='word_1_385' title='bbox 448 3420 682 3473; x_wconf 86' lang='grc' dir='ltr'>ἐνταῦθα</span> <span class='ocrx_word' id='word_1_386' title='bbox 726 3420 902 3487; x_wconf 86' lang='grc' dir='ltr'>λόγον.</span> <span class='ocrx_word' id='word_1_387' title='bbox 944 3420 1113 3489; x_wconf 86' lang='grc' dir='ltr'><strong>Κάγὼ</strong></span> <span class='ocrx_word' id='word_1_388' title='bbox 1150 3420 1245 3473; x_wconf 87' lang='grc' dir='ltr'><strong>νῦν</strong></span> <span class='ocrx_word' id='word_1_389' title='bbox 1293 3422 1389 3491; x_wconf 86' lang='grc' dir='ltr'><strong>μὲν</strong></span> <span class='ocrx_word' id='word_1_390' title='bbox 1423 3421 1514 3473; x_wconf 76' lang='grc' dir='ltr'><strong>ἐπὶ</strong></span> <span class='ocrx_word' id='word_1_391' title='bbox 1564 3421 1872 3488; x_wconf 78' lang='grc' dir='ltr'>κεφαλαίων</span> 
     </span>
    </p>
   </div>
   <div class='ocr_carea' id='block_1_51' title="bbox 297 3510 1875 3583">
    <p class='ocr_par' dir='ltr' id='par_1_51' title="bbox 297 3510 1875 3583">
     <span class='ocr_line' id='line_1_51' title="bbox 297 3510 1875 3583; baseline -0.002 -19"><span class='ocrx_word' id='word_1_392' title='bbox 297 3510 435 3564; x_wconf 82' lang='grc' dir='ltr'>αὐτὰ</span> <span class='ocrx_word' id='word_1_393' title='bbox 466 3511 830 3582; x_wconf 79' lang='grc' dir='ltr'>διεξέρχομαι,</span> <span class='ocrx_word' id='word_1_394' title='bbox 861 3513 983 3565; x_wconf 79' lang='grc' dir='ltr'>ὅσον</span> <span class='ocrx_word' id='word_1_395' title='bbox 1020 3512 1119 3575; x_wconf 86' lang='grc' dir='ltr'><strong>τάς</strong></span> <span class='ocrx_word' id='word_1_396' title='bbox 1161 3512 1414 3583; x_wconf 79' lang='grc' dir='ltr'>ἀφορμάς</span> <span class='ocrx_word' id='word_1_397' title='bbox 1445 3511 1553 3565; x_wconf 87' lang='grc' dir='ltr'><strong>τῶν</strong></span> <span class='ocrx_word' id='word_1_398' title='bbox 1595 3512 1875 3581; x_wconf 86' lang='grc' dir='ltr'>ἐπιχειρη-</span> 
     </span>
    </p>
   </div>
   <div class='ocr_carea' id='block_1_52' title="bbox 302 3599 1875 3671">
    <p class='ocr_par' dir='ltr' id='par_1_52' title="bbox 302 3599 1875 3671">
     <span class='ocr_line' id='line_1_52' title="bbox 302 3599 1875 3671; baseline 0 -20"><span class='ocrx_word' id='word_1_399' title='bbox 302 3599 482 3668; x_wconf 80' lang='grc' dir='ltr'>μάτων</span> <span class='ocrx_word' id='word_1_400' title='bbox 526 3599 704 3651; x_wconf 84' lang='grc' dir='ltr'>αὺτῶν</span> <span class='ocrx_word' id='word_1_401' title='bbox 752 3600 971 3653; x_wconf 81' lang='grc' dir='ltr'>εὐθῦναι</span> <span class='ocrx_word' id='word_1_402' title='bbox 1023 3599 1470 3670; x_wconf 86' lang='grc' dir='ltr'>διαμιλλώμενος,</span> <span class='ocrx_word' id='word_1_403' title='bbox 1521 3600 1607 3653; x_wconf 83' lang='grc' dir='ltr'>ἵνα</span> <span class='ocrx_word' id='word_1_404' title='bbox 1656 3602 1729 3671; x_wconf 85' lang='grc' dir='ltr'>μὴ</span> <span class='ocrx_word' id='word_1_405' title='bbox 1774 3599 1875 3670; x_wconf 84' lang='grc' dir='ltr'>τὴν</span> 
     </span>
    </p>
   </div>
   <div class='ocr_carea' id='block_1_53' title="bbox 302 3690 1872 3763">
    <p class='ocr_par' dir='ltr' id='par_1_53' title="bbox 302 3690 1872 3763">
     <span class='ocr_line' id='line_1_53' title="bbox 302 3690 1872 3763; baseline 0.003 -23"><span class='ocrx_word' id='word_1_406' title='bbox 302 3690 641 3762; x_wconf 76' lang='grc' dir='ltr'>συμμετρίαν</span> <span class='ocrx_word' id='word_1_407' title='bbox 686 3691 921 3744; x_wconf 78' lang='grc' dir='ltr'>ἐκϐαίνω</span> <span class='ocrx_word' id='word_1_408' title='bbox 961 3690 1070 3743; x_wconf 86' lang='grc' dir='ltr'><strong>τῶν</strong></span> <span class='ocrx_word' id='word_1_409' title='bbox 1113 3691 1304 3759; x_wconf 88' lang='grc' dir='ltr'>λόγων.</span> <span class='ocrx_word' id='word_1_410' title='bbox 1349 3693 1587 3763; x_wconf 88' lang='grc' dir='ltr'>Πάρεστι</span> <span class='ocrx_word' id='word_1_411' title='bbox 1620 3692 1729 3763; x_wconf 86' lang='grc' dir='ltr'>γὰρ</span> <span class='ocrx_word' id='word_1_412' title='bbox 1774 3692 1872 3763; x_wconf 69' lang='grc' dir='ltr'>ἤδη</span> 
     </span>
    </p>
   </div>
   <div class='ocr_carea' id='block_1_54' title="bbox 303 3777 1877 3854">
    <p class='ocr_par' dir='ltr' id='par_1_54' title="bbox 303 3777 1877 3854">
     <span class='ocr_line' id='line_1_54' title="bbox 303 3777 1877 3854; baseline 0.003 -22"><span class='ocrx_word' id='word_1_413' title='bbox 303 3784 522 3834; x_wconf 87' lang='grc' dir='ltr'>σκοπεῖν</span> <span class='ocrx_word' id='word_1_414' title='bbox 551 3783 712 3853; x_wconf 83' lang='grc' dir='ltr'>ὑμᾶς,</span> <span class='ocrx_word' id='word_1_415' title='bbox 740 3777 785 3836; x_wconf 84' lang='grc' dir='ltr'>ὧ</span> <span class='ocrx_word' id='word_1_416' title='bbox 810 3784 1077 3848; x_wconf 75' lang='grc' dir='ltr'>δικασταὶ,</span> <span class='ocrx_word' id='word_1_417' title='bbox 1108 3785 1189 3837; x_wconf 83' lang='grc' dir='ltr'><strong>ὅτι</strong></span> <span class='ocrx_word' id='word_1_418' title='bbox 1220 3784 1301 3849; x_wconf 77' lang='grc' dir='ltr'><strong>τὸ,</strong></span> <span class='ocrx_word' id='word_1_419' title='bbox 1330 3785 1475 3854; x_wconf 79' lang='grc' dir='ltr'><strong>Ἐγὼ</strong></span> <span class='ocrx_word' id='word_1_420' title='bbox 1505 3784 1574 3837; x_wconf 81' lang='grc' dir='ltr'>δὲ</span> <span class='ocrx_word' id='word_1_421' title='bbox 1603 3784 1745 3844; x_wconf 75' lang='grc' dir='ltr'><strong>ἔζων</strong></span> <span class='ocrx_word' id='word_1_422' title='bbox 1771 3803 1877 3853; x_wconf 80' lang='grc' dir='ltr'>χω-</span> 
     </span>
    </p>
   </div>
   <div class='ocr_carea' id='block_1_55' title="bbox 298 3873 1873 3947">
    <p class='ocr_par' dir='ltr' id='par_1_55' title="bbox 298 3873 1873 3947">
     <span class='ocr_line' id='line_1_55' title="bbox 298 3873 1873 3947; baseline 0.001 -21"><span class='ocrx_word' id='word_1_423' title='bbox 298 3874 391 3938; x_wconf 68' lang='grc' dir='ltr'>ιπ)ς</span> <span class='ocrx_word' id='word_1_424' title='bbox 420 3873 605 3940; x_wconf 70' lang='grc' dir='ltr'>νόμου</span> <span class='ocrx_word' id='word_1_425' title='bbox 633 3874 795 3938; x_wconf 82' lang='grc' dir='ltr'>ποτὲ,</span> <span class='ocrx_word' id='word_1_426' title='bbox 826 3875 1115 3946; x_wconf 81' lang='grc' dir='ltr'>λεγόμενον</span> <span class='ocrx_word' id='word_1_427' title='bbox 1159 3879 1216 3929; x_wconf 91' lang='grc' dir='ltr'><strong>ἐν</strong></span> <span class='ocrx_word' id='word_1_428' title='bbox 1260 3880 1326 3947; x_wconf 81' lang='grc' dir='ltr'>τῇ</span> <span class='ocrx_word' id='word_1_429' title='bbox 1370 3876 1507 3947; x_wconf 83' lang='grc' dir='ltr'>πρὸς</span> <span class='ocrx_word' id='word_1_430' title='bbox 1551 3877 1873 3947; x_wconf 81' lang='grc' dir='ltr'>Ῥωμαίους,</span> 
     </span>
    </p>
   </div>
   <div class='ocr_carea' id='block_1_56' title="bbox 303 3965 1877 4038">
    <p class='ocr_par' dir='ltr' id='par_1_56' title="bbox 303 3965 1877 4038">
     <span class='ocr_line' id='line_1_56' title="bbox 303 3965 1877 4038; baseline 0.003 -22"><span class='ocrx_word' id='word_1_431' title='bbox 303 3965 361 4015; x_wconf 75' lang='grc' dir='ltr'><strong>οὐ</strong></span> <span class='ocrx_word' id='word_1_432' title='bbox 389 3965 607 4017; x_wconf 86' lang='grc' dir='ltr'>δύναται</span> <span class='ocrx_word' id='word_1_433' title='bbox 638 3965 852 4018; x_wconf 85' lang='grc' dir='ltr'>πίπτειν</span> <span class='ocrx_word' id='word_1_434' title='bbox 878 3969 958 4030; x_wconf 83' lang='grc' dir='ltr'>εὶς</span> <span class='ocrx_word' id='word_1_435' title='bbox 982 3968 1076 4038; x_wconf 82' lang='grc' dir='ltr'><strong>τὴν</strong></span> <span class='ocrx_word' id='word_1_436' title='bbox 1105 3969 1207 4038; x_wconf 86' lang='grc' dir='ltr'><strong>πρὸ</strong></span> <span class='ocrx_word' id='word_1_437' title='bbox 1242 3969 1491 4036; x_wconf 86' lang='grc' dir='ltr'>σώματος</span> <span class='ocrx_word' id='word_1_438' title='bbox 1534 3972 1655 4021; x_wconf 82' lang='grc' dir='ltr'>κατ’</span> <span class='ocrx_word' id='word_1_439' title='bbox 1682 3970 1877 4031; x_wconf 74' lang='grc' dir='ltr'>αὐτοὺς</span> 
     </span>
    </p>
   </div>
   <div class='ocr_carea' id='block_1_57' title="bbox 304 4056 1879 4130">
    <p class='ocr_par' dir='ltr' id='par_1_57' title="bbox 304 4056 1879 4130">
     <span class='ocr_line' id='line_1_57' title="bbox 304 4056 1879 4130; baseline 0.001 -19"><span class='ocrx_word' id='word_1_440' title='bbox 304 4056 574 4126; x_wconf 75' lang='grc' dir='ltr'>διαγωγὴν</span> <span class='ocrx_word' id='word_1_441' title='bbox 606 4058 704 4127; x_wconf 87' lang='grc' dir='ltr'><strong>τῆς</strong></span> <span class='ocrx_word' id='word_1_442' title='bbox 745 4056 939 4127; x_wconf 80' lang='grc' dir='ltr'>ψυχῆς,</span> <span class='ocrx_word' id='word_1_443' title='bbox 968 4059 1219 4129; x_wconf 83' lang='grc' dir='ltr'>καθάπερ</span> <span class='ocrx_word' id='word_1_444' title='bbox 1247 4060 1316 4112; x_wconf 83' lang='grc' dir='ltr'><strong>τά</strong></span> <span class='ocrx_word' id='word_1_445' title='bbox 1356 4060 1722 4130; x_wconf 71' lang='grc' dir='ltr'>ἐπιφερόμενα</span> <span class='ocrx_word' id='word_1_446' title='bbox 1753 4060 1879 4113; x_wconf 81' lang='grc' dir='ltr'>τοῦ·</span> 
     </span>
    </p>
   </div>
   <div class='ocr_carea' id='block_1_58' title="bbox 306 4144 1878 4222">
    <p class='ocr_par' dir='ltr' id='par_1_58' title="bbox 306 4144 1878 4222">
     <span class='ocr_line' id='line_1_58' title="bbox 306 4144 1878 4222; baseline 0.001 -20"><span class='ocrx_word' id='word_1_447' title='bbox 306 4170 414 4213; x_wconf 84' lang='grc' dir='ltr'>τοις</span> <span class='ocrx_word' id='word_1_448' title='bbox 455 4150 679 4222; x_wconf 79' lang='grc' dir='ltr'>μηνύει’</span> <span class='ocrx_word' id='word_1_449' title='bbox 725 4150 824 4203; x_wconf 78' lang='grc' dir='ltr'>κᾶν</span> <span class='ocrx_word' id='word_1_450' title='bbox 868 4153 897 4203; x_wconf 94' lang='lat'><strong>6</strong></span> <span class='ocrx_word' id='word_1_451' title='bbox 935 4154 1178 4219; x_wconf 77' lang='grc' dir='ltr'>γενναῖος</span> <span class='ocrx_word' id='word_1_452' title='bbox 1218 4144 1371 4213; x_wconf 72' lang='grc' dir='ltr'>οὗτος</span> <span class='ocrx_word' id='word_1_453' title='bbox 1420 4150 1600 4219; x_wconf 75' lang='grc' dir='ltr'>ἰατρὸς</span> <span class='ocrx_word' id='word_1_454' title='bbox 1629 4149 1736 4203; x_wconf 88' lang='grc' dir='ltr'><strong>τῶν</strong></span> <span class='ocrx_word' id='word_1_455' title='bbox 1780 4153 1878 4221; x_wconf 78' lang='grc' dir='ltr'><strong>ῥη-</strong></span> 
     </span>
    </p>
   </div>
   <div class='ocr_carea' id='block_1_59' title="bbox 306 4240 1879 4314">
    <p class='ocr_par' dir='ltr' id='par_1_59' title="bbox 306 4240 1879 4314">
     <span class='ocr_line' id='line_1_59' title="bbox 306 4240 1879 4314; baseline -0.003 -17"><span class='ocrx_word' id='word_1_456' title='bbox 306 4245 431 4310; x_wconf 90' lang='grc' dir='ltr'>τῶν,</span> <span class='ocrx_word' id='word_1_457' title='bbox 461 4243 530 4297; x_wconf 79' lang='grc' dir='ltr'><strong>τά</strong></span> <span class='ocrx_word' id='word_1_458' title='bbox 570 4244 695 4314; x_wconf 82' lang='grc' dir='ltr'>ἐξῆς</span> <span class='ocrx_word' id='word_1_459' title='bbox 728 4241 1078 4311; x_wconf 81' lang='grc' dir='ltr'>ἀφελόμενος,</span> <span class='ocrx_word' id='word_1_460' title='bbox 1109 4242 1248 4312; x_wconf 73' lang='grc' dir='ltr'>πρὸς</span> <span class='ocrx_word' id='word_1_461' title='bbox 1288 4242 1349 4294; x_wconf 88' lang='grc' dir='ltr'><strong>τὸ</strong></span> <span class='ocrx_word' id='word_1_462' title='bbox 1390 4240 1578 4293; x_wconf 80' lang='grc' dir='ltr'>δοκοῦν</span> <span class='ocrx_word' id='word_1_463' title='bbox 1611 4240 1759 4310; x_wconf 73' lang='grc' dir='ltr'>αὑτῷ</span> <span class='ocrx_word' id='word_1_464' title='bbox 1788 4240 1879 4292; x_wconf 82' lang='grc' dir='ltr'><strong>τὸν</strong></span> 
     </span>
    </p>
   </div>
   <div class='ocr_carea' id='block_1_60' title="bbox 309 4331 1874 4405">
    <p class='ocr_par' dir='ltr' id='par_1_60' title="bbox 309 4331 1874 4405">
     <span class='ocr_line' id='line_1_60' title="bbox 309 4331 1874 4405; baseline -0.004 -14"><span class='ocrx_word' id='word_1_465' title='bbox 309 4338 428 4391; x_wconf 83' lang='grc' dir='ltr'>νοῦν</span> <span class='ocrx_word' id='word_1_466' title='bbox 456 4337 711 4389; x_wconf 74' lang='grc' dir='ltr'>ἐϐιάσατο</span> <span class='ocrx_word' id='word_1_467' title='bbox 744 4335 1083 4405; x_wconf 87' lang='grc' dir='ltr'>μεταπλάσαι</span> <span class='ocrx_word' id='word_1_468' title='bbox 1117 4333 1212 4386; x_wconf 87' lang='grc' dir='ltr'><strong>τοῦ</strong></span> <span class='ocrx_word' id='word_1_469' title='bbox 1244 4331 1588 4395; x_wconf 80' lang='grc' dir='ltr'>Ἀποστόλου,</span> <span class='ocrx_word' id='word_1_470' title='bbox 1623 4332 1840 4385; x_wconf 78' lang='grc' dir='ltr'>ἀνίατόν</span> <span class='ocrx_word' id='word_1_471' title='bbox 1859 4333 1874 4361; x_wconf 86' lang='grc'>¹</span> 
     </span>
    </p>
   </div>
   <div class='ocr_carea' id='block_1_61' title="bbox 1967 1950 3551 2021">
    <p class='ocr_par' dir='ltr' id='par_1_61' title="bbox 1967 1950 3551 2021">
     <span class='ocr_line' id='line_1_61' title="bbox 1967 1950 3551 2021; baseline 0.003 -18"><span class='ocrx_word' id='word_1_472' title='bbox 1967 1958 2223 2020; x_wconf 67' lang='lat' dir='ltr'><strong>praeterea</strong></span> <span class='ocrx_word' id='word_1_473' title='bbox 2244 1950 2483 2004; x_wconf 77' lang='lat' dir='ltr'><strong>futurum</strong></span> <span class='ocrx_word' id='word_1_474' title='bbox 2512 1950 2641 2004; x_wconf 91' lang='lat' dir='ltr'><strong>illud</strong></span> <span class='ocrx_word' id='word_1_475' title='bbox 2669 1950 2938 2020; x_wconf 84' lang='lat' dir='ltr'><strong>judicium</strong></span> <span class='ocrx_word' id='word_1_476' title='bbox 2971 1952 3277 2021; x_wconf 84' lang='lat' dir='ltr'><strong>exspectari</strong></span> <span class='ocrx_word' id='word_1_477' title='bbox 3317 1953 3551 2021; x_wconf 86' lang='lat' dir='ltr'><strong>amplius</strong></span> 
     </span>
    </p>
   </div>
   <div class='ocr_carea' id='block_1_62' title="bbox 1970 2042 3550 2113">
    <p class='ocr_par' dir='ltr' id='par_1_62' title="bbox 1970 2042 3550 2113">
     <span class='ocr_line' id='line_1_62' title="bbox 1970 2042 3550 2113; baseline 0 -16"><span class='ocrx_word' id='word_1_478' title='bbox 1970 2050 2146 2113; x_wconf 84' lang='lat' dir='ltr'><strong>potest</strong></span> <span class='ocrx_word' id='word_1_479' title='bbox 2173 2057 2185 2092; x_wconf 91' lang='lat'><strong>:</strong></span> <span class='ocrx_word' id='word_1_480' title='bbox 2216 2057 2327 2112; x_wconf 87' lang='lat' dir='ltr'><strong>quo</strong></span> <span class='ocrx_word' id='word_1_481' title='bbox 2364 2042 2414 2096; x_wconf 92' lang='lat' dir='ltr'><strong>iu</strong></span> <span class='ocrx_word' id='word_1_482' title='bbox 2441 2043 2651 2111; x_wconf 91' lang='lat' dir='ltr'><strong>judicio</strong></span> <span class='ocrx_word' id='word_1_483' title='bbox 2690 2042 2983 2112; x_wconf 87' lang='lat' dir='ltr'><strong>unicuique</strong></span> <span class='ocrx_word' id='word_1_484' title='bbox 3020 2042 3164 2097; x_wconf 91' lang='lat' dir='ltr'><strong>Deus</strong></span> <span class='ocrx_word' id='word_1_485' title='bbox 3194 2059 3294 2113; x_wconf 86' lang='lat' dir='ltr'><strong>pro</strong></span> <span class='ocrx_word' id='word_1_486' title='bbox 3324 2060 3550 2112; x_wconf 78' lang='lat' dir='ltr'><strong>operum</strong></span> 
     </span>
    </p>
   </div>
   <div class='ocr_carea' id='block_1_63' title="bbox 1968 2133 3551 2203">
    <p class='ocr_par' dir='ltr' id='par_1_63' title="bbox 1968 2133 3551 2203">
     <span class='ocr_line' id='line_1_63' title="bbox 1968 2133 3551 2203; baseline 0 -16"><span class='ocrx_word' id='word_1_487' title='bbox 1968 2135 2180 2187; x_wconf 90' lang='lat' dir='ltr'><strong>ratione</strong></span> <span class='ocrx_word' id='word_1_488' title='bbox 2229 2149 2293 2187; x_wconf 89' lang='lat' dir='ltr'><strong>ac</strong></span> <span class='ocrx_word' id='word_1_489' title='bbox 2337 2134 2647 2187; x_wconf 89' lang='lat' dir='ltr'><strong>studiorum</strong></span> <span class='ocrx_word' id='word_1_490' title='bbox 2692 2133 3068 2202; x_wconf 85' lang='lat' dir='ltr'><strong>rependet;ct</strong></span> <span class='ocrx_word' id='word_1_491' title='bbox 3098 2150 3205 2187; x_wconf 88' lang='lat' dir='ltr'><strong>non</strong></span> <span class='ocrx_word' id='word_1_492' title='bbox 3233 2134 3411 2202; x_wconf 83' lang='lat' dir='ltr'><strong>potius</strong></span> <span class='ocrx_word' id='word_1_493' title='bbox 3441 2134 3551 2203; x_wconf 85' lang='lat' dir='ltr'><strong>jam</strong></span> 
     </span>
    </p>
   </div>
   <div class='ocr_carea' id='block_1_64' title="bbox 1971 2224 3554 2296">
    <p class='ocr_par' dir='ltr' id='par_1_64' title="bbox 1971 2224 3554 2296">
     <span class='ocr_line' id='line_1_64' title="bbox 1971 2224 3554 2296; baseline 0.001 -17"><span class='ocrx_word' id='word_1_494' title='bbox 1971 2224 2163 2279; x_wconf 82' lang='lat' dir='ltr'><strong>adesse</strong></span> <span class='ocrx_word' id='word_1_495' title='bbox 2190 2225 2527 2289; x_wconf 89' lang='lat' dir='ltr'><strong>censebitur,</strong></span> <span class='ocrx_word' id='word_1_496' title='bbox 2558 2224 2604 2279; x_wconf 88' lang='lat' dir='ltr'><strong>si</strong></span> <span class='ocrx_word' id='word_1_497' title='bbox 2640 2225 2785 2295; x_wconf 78' lang='lat' dir='ltr'><strong>gigni</strong></span> <span class='ocrx_word' id='word_1_498' title='bbox 2821 2240 2881 2279; x_wconf 92' lang='lat' dir='ltr'><strong>ac</strong></span> <span class='ocrx_word' id='word_1_499' title='bbox 2915 2226 3100 2280; x_wconf 92' lang='lat' dir='ltr'><strong>subire</strong></span> <span class='ocrx_word' id='word_1_500' title='bbox 3132 2227 3185 2280; x_wconf 92' lang='lat' dir='ltr'><strong>in</strong></span> <span class='ocrx_word' id='word_1_501' title='bbox 3214 2242 3413 2296; x_wconf 88' lang='lat' dir='ltr'><strong>corpus</strong></span> <span class='ocrx_word' id='word_1_502' title='bbox 3434 2226 3554 2281; x_wconf 87' lang='lat' dir='ltr'><strong>ani-</strong></span> 
     </span>
    </p>
   </div>
   <div class='ocr_carea' id='block_1_65' title="bbox 1971 2315 3551 2387">
    <p class='ocr_par' dir='ltr' id='par_1_65' title="bbox 1971 2315 3551 2387">
     <span class='ocr_line' id='line_1_65' title="bbox 1971 2315 3551 2387; baseline 0.001 -17"><span class='ocrx_word' id='word_1_503' title='bbox 1971 2331 2117 2370; x_wconf 84' lang='lat' dir='ltr'><strong>mam</strong></span> <span class='ocrx_word' id='word_1_504' title='bbox 2176 2316 2319 2371; x_wconf 92' lang='lat' dir='ltr'><strong>idem</strong></span> <span class='ocrx_word' id='word_1_505' title='bbox 2376 2315 2537 2386; x_wconf 79' lang='lat'><strong>576</strong></span> <span class='ocrx_word' id='word_1_506' title='bbox 2570 2326 2653 2371; x_wconf 88' lang='lat' dir='ltr'><strong>est</strong></span> <span class='ocrx_word' id='word_1_507' title='bbox 2716 2332 2779 2371; x_wconf 90' lang='lat' dir='ltr'><strong>ac</strong></span> <span class='ocrx_word' id='word_1_508' title='bbox 2819 2316 3077 2387; x_wconf 89' lang='lat' dir='ltr'><strong>judicari,</strong></span> <span class='ocrx_word' id='word_1_509' title='bbox 3129 2326 3184 2372; x_wconf 89' lang='lat' dir='ltr'><strong>et</strong></span> <span class='ocrx_word' id='word_1_510' title='bbox 3231 2319 3551 2373; x_wconf 87' lang='lat' dir='ltr'><strong>tneritorum</strong></span> 
     </span>
    </p>
   </div>
   <div class='ocr_carea' id='block_1_66' title="bbox 1974 2408 3551 2479">
    <p class='ocr_par' dir='ltr' id='par_1_66' title="bbox 1974 2408 3551 2479">
     <span class='ocr_line' id='line_1_66' title="bbox 1974 2408 3551 2479; baseline 0.003 -19"><span class='ocrx_word' id='word_1_511' title='bbox 1974 2408 2192 2478; x_wconf 68' lang='lat' dir='ltr'><strong>prtemia</strong></span> <span class='ocrx_word' id='word_1_512' title='bbox 2245 2410 2559 2479; x_wconf 82' lang='lat' dir='ltr'><strong>percipere;</strong></span> <span class='ocrx_word' id='word_1_513' title='bbox 2607 2409 2779 2462; x_wconf 86' lang='lat' dir='ltr'><strong>emori</strong></span> <span class='ocrx_word' id='word_1_514' title='bbox 2822 2418 3035 2469; x_wconf 86' lang='lat' dir='ltr'><strong>contra.</strong></span> <span class='ocrx_word' id='word_1_515' title='bbox 3068 2419 3229 2479; x_wconf 85' lang='lat' dir='ltr'><strong>atque</strong></span> <span class='ocrx_word' id='word_1_516' title='bbox 3255 2425 3282 2462; x_wconf 89' lang='lat' dir='ltr'><strong>a</strong></span> <span class='ocrx_word' id='word_1_517' title='bbox 3322 2425 3551 2479; x_wconf 87' lang='lat' dir='ltr'><strong>corpore</strong></span> 
     </span>
    </p>
   </div>
   <div class='ocr_carea' id='block_1_67' title="bbox 1975 2499 3553 2571">
    <p class='ocr_par' dir='ltr' id='par_1_67' title="bbox 1975 2499 3553 2571">
     <span class='ocr_line' id='line_1_67' title="bbox 1975 2499 3553 2571; baseline -0.001 -17"><span class='ocrx_word' id='word_1_518' title='bbox 1975 2499 2211 2570; x_wconf 76' lang='lat' dir='ltr'><strong>sejungi,</strong></span> <span class='ocrx_word' id='word_1_519' title='bbox 2268 2500 2406 2555; x_wconf 88' lang='lat' dir='ltr'><strong>nihil</strong></span> <span class='ocrx_word' id='word_1_520' title='bbox 2459 2507 2545 2555; x_wconf 91' lang='lat' dir='ltr'><strong>est</strong></span> <span class='ocrx_word' id='word_1_521' title='bbox 2588 2499 2757 2565; x_wconf 88' lang='lat' dir='ltr'><strong>aliud,</strong></span> <span class='ocrx_word' id='word_1_522' title='bbox 2798 2514 2962 2571; x_wconf 89' lang='lat' dir='ltr'><strong>quam</strong></span> <span class='ocrx_word' id='word_1_523' title='bbox 2993 2501 3213 2555; x_wconf 88' lang='lat' dir='ltr'><strong>liberari</strong></span> <span class='ocrx_word' id='word_1_524' title='bbox 3246 2516 3309 2555; x_wconf 91' lang='lat' dir='ltr'><strong>ac</strong></span> <span class='ocrx_word' id='word_1_525' title='bbox 3336 2502 3553 2555; x_wconf 79' lang='lat' dir='ltr'><strong>refocil-</strong></span> 
     </span>
    </p>
   </div>
   <div class='ocr_carea' id='block_1_68' title="bbox 1975 2593 3551 2664">
    <p class='ocr_par' dir='ltr' id='par_1_68' title="bbox 1975 2593 3551 2664">
     <span class='ocr_line' id='line_1_68' title="bbox 1975 2593 3551 2664; baseline 0.004 -19"><span class='ocrx_word' id='word_1_526' title='bbox 1975 2593 2098 2655; x_wconf 84' lang='lat' dir='ltr'><strong>lari,</strong></span> <span class='ocrx_word' id='word_1_527' title='bbox 2132 2602 2419 2663; x_wconf 88' lang='lat' dir='ltr'><strong>propterea</strong></span> <span class='ocrx_word' id='word_1_528' title='bbox 2445 2594 2613 2663; x_wconf 91' lang='lat' dir='ltr'><strong>quod,</strong></span> <span class='ocrx_word' id='word_1_529' title='bbox 2639 2604 2865 2664; x_wconf 88' lang='lat' dir='ltr'><strong>peccato</strong></span> <span class='ocrx_word' id='word_1_530' title='bbox 2895 2601 3021 2649; x_wconf 83' lang='lat' dir='ltr'><strong>ante</strong></span> <span class='ocrx_word' id='word_1_531' title='bbox 3061 2609 3262 2663; x_wconf 88' lang='lat' dir='ltr'><strong>corpus</strong></span> <span class='ocrx_word' id='word_1_532' title='bbox 3291 2595 3551 2659; x_wconf 87' lang='lat' dir='ltr'><strong>admisso,</strong></span> 
     </span>
    </p>
   </div>
   <div class='ocr_carea' id='block_1_69' title="bbox 1972 2685 3552 2756">
    <p class='ocr_par' dir='ltr' id='par_1_69' title="bbox 1972 2685 3552 2756">
     <span class='ocr_line' id='line_1_69' title="bbox 1972 2685 3552 2756; baseline 0.001 -18"><span class='ocrx_word' id='word_1_533' title='bbox 1972 2685 2026 2739; x_wconf 90' lang='lat' dir='ltr'><strong>in</strong></span> <span class='ocrx_word' id='word_1_534' title='bbox 2060 2687 2199 2741; x_wconf 91' lang='lat' dir='ltr'><strong>idem</strong></span> <span class='ocrx_word' id='word_1_535' title='bbox 2241 2687 2371 2739; x_wconf 91' lang='lat' dir='ltr'><strong>illud</strong></span> <span class='ocrx_word' id='word_1_536' title='bbox 2407 2687 2606 2749; x_wconf 89' lang='lat' dir='ltr'><strong>anima,</strong></span> <span class='ocrx_word' id='word_1_537' title='bbox 2646 2688 2794 2740; x_wconf 87' lang='lat' dir='ltr'><strong>velut</strong></span> <span class='ocrx_word' id='word_1_538' title='bbox 2822 2686 2891 2740; x_wconf 86' lang='lat' dir='ltr'><strong>ad</strong></span> <span class='ocrx_word' id='word_1_539' title='bbox 2913 2686 3241 2756; x_wconf 91' lang='lat' dir='ltr'><strong>supplicium</strong></span> <span class='ocrx_word' id='word_1_540' title='bbox 3274 2685 3552 2749; x_wconf 87' lang='lat' dir='ltr'><strong>damnata,</strong></span> 
     </span>
    </p>
   </div>
   <div class='ocr_carea' id='block_1_70' title="bbox 1969 2774 3553 2846">
    <p class='ocr_par' dir='ltr' id='par_1_70' title="bbox 1969 2774 3553 2846">
     <span class='ocr_line' id='line_1_70' title="bbox 1969 2774 3553 2846; baseline 0 -15"><span class='ocrx_word' id='word_1_541' title='bbox 1969 2776 2334 2846; x_wconf 86' lang='lat' dir='ltr'><strong>compellitur,</strong></span> <span class='ocrx_word' id='word_1_542' title='bbox 2382 2792 2502 2845; x_wconf 77' lang='lat' dir='ltr'><strong>qua:</strong></span> <span class='ocrx_word' id='word_1_543' title='bbox 2551 2785 2729 2830; x_wconf 83' lang='lat' dir='ltr'><strong>vestra</strong></span> <span class='ocrx_word' id='word_1_544' title='bbox 2789 2785 2874 2831; x_wconf 87' lang='lat' dir='ltr'><strong>est</strong></span> <span class='ocrx_word' id='word_1_545' title='bbox 2919 2776 3219 2831; x_wconf 89' lang='lat' dir='ltr'><strong>sententia?</strong></span> <span class='ocrx_word' id='word_1_546' title='bbox 3271 2774 3389 2829; x_wconf 83' lang='lat' dir='ltr'><strong>Jam</strong></span> <span class='ocrx_word' id='word_1_547' title='bbox 3421 2776 3553 2831; x_wconf 90' lang='lat' dir='ltr'><strong>illud</strong></span> 
     </span>
    </p>
   </div>
   <div class='ocr_carea' id='block_1_71' title="bbox 1974 2868 3554 2937">
    <p class='ocr_par' dir='ltr' id='par_1_71' title="bbox 1974 2868 3554 2937">
     <span class='ocr_line' id='line_1_71' title="bbox 1974 2868 3554 2937; baseline 0.001 -15"><span class='ocrx_word' id='word_1_548' title='bbox 1974 2871 2109 2922; x_wconf 88' lang='lat' dir='ltr'><strong>satis</strong></span> <span class='ocrx_word' id='word_1_549' title='bbox 2140 2882 2431 2937; x_wconf 86' lang='lat' dir='ltr'><strong>superque,</strong></span> <span class='ocrx_word' id='word_1_550' title='bbox 2464 2868 2610 2921; x_wconf 83' lang='lat' dir='ltr'><strong>velut</strong></span> <span class='ocrx_word' id='word_1_551' title='bbox 2628 2884 2693 2921; x_wconf 78' lang='lat' dir='ltr'><strong>ex</strong></span> <span class='ocrx_word' id='word_1_552' title='bbox 2728 2868 3048 2933; x_wconf 89' lang='lat' dir='ltr'><strong>abundanti,</strong></span> <span class='ocrx_word' id='word_1_553' title='bbox 3078 2870 3326 2925; x_wconf 90' lang='lat' dir='ltr'><strong>oratione</strong></span> <span class='ocrx_word' id='word_1_554' title='bbox 3366 2880 3554 2925; x_wconf 91' lang='lat' dir='ltr'><strong>nostra</strong></span> 
     </span>
    </p>
   </div>
   <div class='ocr_carea' id='block_1_72' title="bbox 1974 2957 3553 3031">
    <p class='ocr_par' dir='ltr' id='par_1_72' title="bbox 1974 2957 3553 3031">
     <span class='ocr_line' id='line_1_72' title="bbox 1974 2957 3553 3031; baseline 0.004 -21"><span class='ocrx_word' id='word_1_555' title='bbox 1974 2957 2403 3011; x_wconf 88' lang='lat' dir='ltr'><strong>demonstratum</strong></span> <span class='ocrx_word' id='word_1_556' title='bbox 2430 2965 2533 3020; x_wconf 82' lang='lat' dir='ltr'><strong>est,</strong></span> <span class='ocrx_word' id='word_1_557' title='bbox 2571 2957 2681 3011; x_wconf 83' lang='lat' dir='ltr'><strong>ﬁeri</strong></span> <span class='ocrx_word' id='word_1_558' title='bbox 2718 2973 2826 3012; x_wconf 92' lang='lat' dir='ltr'><strong>non</strong></span> <span class='ocrx_word' id='word_1_559' title='bbox 2845 2974 3026 3028; x_wconf 88' lang='lat' dir='ltr'><strong>posse,</strong></span> <span class='ocrx_word' id='word_1_560' title='bbox 3046 2968 3105 3014; x_wconf 94' lang='lat' dir='ltr'><strong>ut</strong></span> <span class='ocrx_word' id='word_1_561' title='bbox 3125 2976 3327 3031; x_wconf 89' lang='lat' dir='ltr'><strong>corpus</strong></span> <span class='ocrx_word' id='word_1_562' title='bbox 3356 2964 3553 3017; x_wconf 85' lang='lat' dir='ltr'><strong>animae</strong></span> 
     </span>
    </p>
   </div>
   <div class='ocr_carea' id='block_1_73' title="bbox 1897 3047 3196 3147">
    <p class='ocr_par' dir='ltr' id='par_1_73' title="bbox 1897 3047 3196 3147">
     <span class='ocr_line' id='line_1_73' title="bbox 1897 3047 3196 3147; baseline 0.004 -46"><span class='ocrx_word' id='word_1_563' title='bbox 1897 3089 1940 3147; x_wconf 75' lang='lat' dir='ltr'>c</span> <span class='ocrx_word' id='word_1_564' title='bbox 1975 3048 2138 3103; x_wconf 88' lang='lat' dir='ltr'><strong>veluti</strong></span> <span class='ocrx_word' id='word_1_565' title='bbox 2166 3047 2480 3101; x_wconf 82' lang='lat' dir='ltr'><strong>carniﬁcina</strong></span> <span class='ocrx_word' id='word_1_566' title='bbox 2513 3065 2575 3102; x_wconf 89' lang='lat' dir='ltr'><strong>ac</strong></span> <span class='ocrx_word' id='word_1_567' title='bbox 2607 3051 2880 3104; x_wconf 80' lang='lat' dir='ltr'><strong>vinculum</strong></span> <span class='ocrx_word' id='word_1_568' title='bbox 2913 3051 3196 3107; x_wconf 84' lang='lat' dir='ltr'><strong>habeatur.</strong></span> 
     </span>
    </p>
   </div>
   <div class='ocr_carea' id='block_1_74' title="bbox 2042 3140 3553 3214">
    <p class='ocr_par' dir='ltr' id='par_1_74' title="bbox 2042 3140 3553 3214">
     <span class='ocr_line' id='line_1_74' title="bbox 2042 3140 3553 3214; baseline 0.004 -21"><span class='ocrx_word' id='word_1_569' title='bbox 2042 3140 2103 3193; x_wconf 89' lang='lat' dir='ltr'><strong>L.</strong></span> <span class='ocrx_word' id='word_1_570' title='bbox 2138 3142 2311 3210; x_wconf 85' lang='lat' dir='ltr'><strong>Atque</strong></span> <span class='ocrx_word' id='word_1_571' title='bbox 2333 3140 2466 3195; x_wconf 87' lang='lat' dir='ltr'><strong>illud</strong></span> <span class='ocrx_word' id='word_1_572' title='bbox 2508 3141 2728 3210; x_wconf 88' lang='lat' dir='ltr'><strong>quidem</strong></span> <span class='ocrx_word' id='word_1_573' title='bbox 2754 3142 3004 3197; x_wconf 78' lang='lat' dir='ltr'><strong>suliieere</strong></span> <span class='ocrx_word' id='word_1_574' title='bbox 3044 3144 3277 3207; x_wconf 90' lang='lat' dir='ltr'><strong>videtur,</strong></span> <span class='ocrx_word' id='word_1_575' title='bbox 3307 3145 3451 3214; x_wconf 82' lang='lat' dir='ltr'><strong>quod</strong></span> <span class='ocrx_word' id='word_1_576' title='bbox 3487 3161 3553 3199; x_wconf 73' lang='lat' dir='ltr'><strong>ex</strong></span> 
     </span>
    </p>
   </div>
   <div class='ocr_carea' id='block_1_75' title="bbox 1972 3231 3555 3306">
    <p class='ocr_par' dir='ltr' id='par_1_75' title="bbox 1972 3231 3555 3306">
     <span class='ocr_line' id='line_1_75' title="bbox 1972 3231 3555 3306; baseline 0.002 -19"><span class='ocrx_word' id='word_1_577' title='bbox 1972 3234 2145 3287; x_wconf 86' lang='lat' dir='ltr'><strong>sacris</strong></span> <span class='ocrx_word' id='word_1_578' title='bbox 2174 3231 2398 3287; x_wconf 88' lang='lat' dir='ltr'><strong>Litteris</strong></span> <span class='ocrx_word' id='word_1_579' title='bbox 2419 3233 2759 3288; x_wconf 87' lang='lat' dir='ltr'><strong>ostendimus</strong></span> <span class='ocrx_word' id='word_1_580' title='bbox 2790 3252 2802 3287; x_wconf 89' lang='lat'><strong>:</strong></span> <span class='ocrx_word' id='word_1_581' title='bbox 2826 3235 3058 3303; x_wconf 90' lang='lat' dir='ltr'><strong>primum</strong></span> <span class='ocrx_word' id='word_1_582' title='bbox 3078 3244 3325 3290; x_wconf 87' lang='lat' dir='ltr'><strong>nostrum</strong></span> <span class='ocrx_word' id='word_1_583' title='bbox 3359 3253 3555 3306; x_wconf 85' lang='lat' dir='ltr'><strong>paren-</strong></span> 
     </span>
    </p>
   </div>
   <div class='ocr_carea' id='block_1_76' title="bbox 1974 3323 3557 3399">
    <p class='ocr_par' dir='ltr' id='par_1_76' title="bbox 1974 3323 3557 3399">
     <span class='ocr_line' id='line_1_76' title="bbox 1974 3323 3557 3399; baseline 0.004 -24"><span class='ocrx_word' id='word_1_584' title='bbox 1974 3334 2103 3385; x_wconf 89' lang='lat' dir='ltr'><strong>tem,</strong></span> <span class='ocrx_word' id='word_1_585' title='bbox 2156 3324 2318 3377; x_wconf 80' lang='lat' dir='ltr'><strong>etiam</strong></span> <span class='ocrx_word' id='word_1_586' title='bbox 2360 3333 2486 3378; x_wconf 90' lang='lat' dir='ltr'><strong>ante</strong></span> <span class='ocrx_word' id='word_1_587' title='bbox 2538 3323 2821 3388; x_wconf 87' lang='lat' dir='ltr'><strong>delictum,</strong></span> <span class='ocrx_word' id='word_1_588' title='bbox 2867 3340 2931 3379; x_wconf 86' lang='lat' dir='ltr'><strong>ex</strong></span> <span class='ocrx_word' id='word_1_589' title='bbox 2977 3338 3209 3394; x_wconf 88' lang='lat' dir='ltr'><strong>corpore</strong></span> <span class='ocrx_word' id='word_1_590' title='bbox 3267 3328 3557 3399; x_wconf 87' lang='lat' dir='ltr'><strong>animaque</strong></span> 
     </span>
    </p>
   </div>
   <div class='ocr_carea' id='block_1_77' title="bbox 1976 3411 3554 3484">
    <p class='ocr_par' dir='ltr' id='par_1_77' title="bbox 1976 3411 3554 3484">
     <span class='ocr_line' id='line_1_77' title="bbox 1976 3411 3554 3484; baseline 0.008 -19"><span class='ocrx_word' id='word_1_591' title='bbox 1976 3414 2143 3467; x_wconf 81' lang='lat' dir='ltr'><strong>fuisse</strong></span> <span class='ocrx_word' id='word_1_592' title='bbox 2171 3411 2487 3475; x_wconf 81' lang='lat' dir='ltr'><strong>conﬂatum,</strong></span> <span class='ocrx_word' id='word_1_593' title='bbox 2528 3421 2692 3483; x_wconf 82' lang='lat' dir='ltr'><strong>atque</strong></span> <span class='ocrx_word' id='word_1_594' title='bbox 2721 3422 2793 3466; x_wconf 87' lang='lat' dir='ltr'><strong>Ita</strong></span> <span class='ocrx_word' id='word_1_595' title='bbox 2819 3414 3131 3484; x_wconf 87' lang='lat' dir='ltr'><strong>disputandi</strong></span> <span class='ocrx_word' id='word_1_596' title='bbox 3171 3417 3329 3471; x_wconf 79' lang='lat' dir='ltr'><strong>tinem</strong></span> <span class='ocrx_word' id='word_1_597' title='bbox 3357 3419 3554 3477; x_wconf 80' lang='lat' dir='ltr'><strong>facere.</strong></span> 
     </span>
    </p>
   </div>
   <div class='ocr_carea' id='block_1_78' title="bbox 1976 3503 3553 3579">
    <p class='ocr_par' dir='ltr' id='par_1_78' title="bbox 1976 3503 3553 3579">
     <span class='ocr_line' id='line_1_78' title="bbox 1976 3503 3553 3579; baseline 0.005 -24"><span class='ocrx_word' id='word_1_598' title='bbox 1976 3503 2087 3573; x_wconf 77' lang='lat' dir='ltr'><strong>Ego</strong></span> <span class='ocrx_word' id='word_1_599' title='bbox 2109 3519 2240 3557; x_wconf 83' lang='lat' dir='ltr'><strong>vero</strong></span> <span class='ocrx_word' id='word_1_600' title='bbox 2273 3520 2488 3559; x_wconf 90' lang='lat' dir='ltr'><strong>summa</strong></span> <span class='ocrx_word' id='word_1_601' title='bbox 2526 3520 2673 3559; x_wconf 89' lang='lat' dir='ltr'><strong>nune</strong></span> <span class='ocrx_word' id='word_1_602' title='bbox 2704 3506 2922 3559; x_wconf 83' lang='lat' dir='ltr'><strong>illorum</strong></span> <span class='ocrx_word' id='word_1_603' title='bbox 2955 3507 3132 3575; x_wconf 86' lang='lat' dir='ltr'><strong>capita</strong></span> <span class='ocrx_word' id='word_1_604' title='bbox 3172 3511 3553 3579; x_wconf 83' lang='lat' dir='ltr'><strong>perstringam,</strong></span> 
     </span>
    </p>
   </div>
   <div class='ocr_carea' id='block_1_79' title="bbox 1975 3596 3559 3672">
    <p class='ocr_par' dir='ltr' id='par_1_79' title="bbox 1975 3596 3559 3672">
     <span class='ocr_line' id='line_1_79' title="bbox 1975 3596 3559 3672; baseline 0.005 -23"><span class='ocrx_word' id='word_1_605' title='bbox 1975 3596 2243 3649; x_wconf 77' lang='lat' dir='ltr'><strong>duntaxat</strong></span> <span class='ocrx_word' id='word_1_606' title='bbox 2299 3604 2361 3650; x_wconf 94' lang='lat' dir='ltr'><strong>ut</strong></span> <span class='ocrx_word' id='word_1_607' title='bbox 2393 3605 2864 3666; x_wconf 85' lang='lat' dir='ltr'><strong>argumentorum,</strong></span> <span class='ocrx_word' id='word_1_608' title='bbox 2907 3600 3105 3667; x_wconf 86' lang='lat' dir='ltr'><strong>quibus</strong></span> <span class='ocrx_word' id='word_1_609' title='bbox 3136 3608 3383 3663; x_wconf 92' lang='lat' dir='ltr'><strong>utuntur,</strong></span> <span class='ocrx_word' id='word_1_610' title='bbox 3421 3618 3559 3672; x_wconf 64' lang='lat' dir='ltr'><strong>prie-</strong></span> 
     </span>
    </p>
   </div>
   <div class='ocr_carea' id='block_1_80' title="bbox 1976 3687 3560 3754">
    <p class='ocr_par' dir='ltr' id='par_1_80' title="bbox 1976 3687 3560 3754">
     <span class='ocr_line' id='line_1_80' title="bbox 1976 3687 3560 3754; baseline 0.004 -11"><span class='ocrx_word' id='word_1_611' title='bbox 1976 3690 2115 3743; x_wconf 85' lang='lat' dir='ltr'><strong>sidia</strong></span> <span class='ocrx_word' id='word_1_612' title='bbox 2140 3704 2203 3742; x_wconf 89' lang='lat' dir='ltr'><strong>ac</strong></span> <span class='ocrx_word' id='word_1_613' title='bbox 2224 3687 2563 3742; x_wconf 88' lang='lat' dir='ltr'><strong>llrmamenta</strong></span> <span class='ocrx_word' id='word_1_614' title='bbox 2594 3690 2895 3743; x_wconf 86' lang='lat' dir='ltr'><strong>eouvellam</strong></span> <span class='ocrx_word' id='word_1_615' title='bbox 2918 3733 2930 3754; x_wconf 88' lang='lat'><strong>,</strong></span> <span class='ocrx_word' id='word_1_616' title='bbox 2961 3706 3027 3744; x_wconf 87' lang='lat' dir='ltr'><strong>ne</strong></span> <span class='ocrx_word' id='word_1_617' title='bbox 3050 3692 3268 3745; x_wconf 92' lang='lat' dir='ltr'><strong>modum</strong></span> <span class='ocrx_word' id='word_1_618' title='bbox 3293 3695 3560 3749; x_wconf 83' lang='lat' dir='ltr'><strong>orationis</strong></span> 
     </span>
    </p>
   </div>
   <div class='ocr_carea' id='block_1_81' title="bbox 1976 3780 3556 3855">
    <p class='ocr_par' dir='ltr' id='par_1_81' title="bbox 1976 3780 3556 3855">
     <span class='ocr_line' id='line_1_81' title="bbox 1976 3780 3556 3855; baseline 0.002 -18"><span class='ocrx_word' id='word_1_619' title='bbox 1976 3782 2260 3837; x_wconf 78' lang='lat' dir='ltr'><strong>excedam.</strong></span> <span class='ocrx_word' id='word_1_620' title='bbox 2302 3780 2417 3836; x_wconf 82' lang='lat' dir='ltr'><strong>Hoc</strong></span> <span class='ocrx_word' id='word_1_621' title='bbox 2460 3783 2572 3851; x_wconf 89' lang='lat' dir='ltr'><strong>jam</strong></span> <span class='ocrx_word' id='word_1_622' title='bbox 2626 3783 2767 3836; x_wconf 85' lang='lat' dir='ltr'><strong>enim</strong></span> <span class='ocrx_word' id='word_1_623' title='bbox 2812 3783 3009 3837; x_wconf 89' lang='lat' dir='ltr'><strong>intueri</strong></span> <span class='ocrx_word' id='word_1_624' title='bbox 3052 3786 3296 3853; x_wconf 87' lang='lat' dir='ltr'><strong>potestis.</strong></span> <span class='ocrx_word' id='word_1_625' title='bbox 3321 3786 3556 3855; x_wconf 88' lang='lat' dir='ltr'><strong>judices,</strong></span> 
     </span>
    </p>
   </div>
   <div class='ocr_carea' id='block_1_82' title="bbox 1976 3870 3556 3957">
    <p class='ocr_par' dir='ltr' id='par_1_82' title="bbox 1976 3870 3556 3957">
     <span class='ocr_line' id='line_1_82' title="bbox 1976 3870 3556 3957; baseline 0.003 -31"><span class='ocrx_word' id='word_1_626' title='bbox 1976 3873 2091 3927; x_wconf 58' lang='lat' dir='ltr'><strong>hate</strong></span> <span class='ocrx_word' id='word_1_627' title='bbox 2119 3873 2364 3943; x_wconf 85' lang='lat' dir='ltr'><strong>Apostoli</strong></span> <span class='ocrx_word' id='word_1_628' title='bbox 2398 3872 2563 3927; x_wconf 87' lang='lat' dir='ltr'><strong>verba</strong></span> <span class='ocrx_word' id='word_1_629' title='bbox 2586 3887 2597 3922; x_wconf 94' lang='lat'><strong>:</strong></span> <span class='ocrx_word' id='word_1_630' title='bbox 2625 3870 2727 3942; x_wconf 82' lang='lat' dir='ltr'><strong>Ego</strong></span> <span class='ocrx_word' id='word_1_631' title='bbox 2748 3872 2975 3927; x_wconf 84' lang='lat' dir='ltr'><strong>vivebam</strong></span> <span class='ocrx_word' id='word_1_632' title='bbox 2999 3874 3109 3927; x_wconf 80' lang='lat' dir='ltr'><strong>sine</strong></span> <span class='ocrx_word' id='word_1_633' title='bbox 3127 3875 3234 3945; x_wconf 84' lang='lat' dir='ltr'><strong>lege</strong></span> <span class='ocrx_word' id='word_1_634' title='bbox 3250 3877 3556 3957; x_wconf 43' lang='lat' dir='ltr'><strong>aliquaiQo,</strong></span> 
     </span>
    </p>
   </div>
   <div class='ocr_carea' id='block_1_83' title="bbox 1975 3963 3560 4034">
    <p class='ocr_par' dir='ltr' id='par_1_83' title="bbox 1975 3963 3560 4034">
     <span class='ocr_line' id='line_1_83' title="bbox 1975 3963 3560 4034; baseline 0.003 -16"><span class='ocrx_word' id='word_1_635' title='bbox 1975 3979 2043 4018; x_wconf 75' lang='lat' dir='ltr'><strong>ex</strong></span> <span class='ocrx_word' id='word_1_636' title='bbox 2073 3963 2316 4033; x_wconf 89' lang='lat' dir='ltr'><strong>Epistola</strong></span> <span class='ocrx_word' id='word_1_637' title='bbox 2354 3963 2419 4016; x_wconf 93' lang='lat' dir='ltr'><strong>ad</strong></span> <span class='ocrx_word' id='word_1_638' title='bbox 2473 3963 2770 4027; x_wconf 78' lang='lat' dir='ltr'><strong>Romanos,</strong></span> <span class='ocrx_word' id='word_1_639' title='bbox 2808 3980 3151 4034; x_wconf 85' lang='lat' dir='ltr'><strong>nequaquam</strong></span> <span class='ocrx_word' id='word_1_640' title='bbox 3180 3967 3247 4020; x_wconf 89' lang='lat' dir='ltr'><strong>ad</strong></span> <span class='ocrx_word' id='word_1_641' title='bbox 3281 3984 3399 4021; x_wconf 88' lang='lat' dir='ltr'><strong>eam</strong></span> <span class='ocrx_word' id='word_1_642' title='bbox 3438 3970 3560 4023; x_wconf 70' lang='lat' dir='ltr'><strong>vitae</strong></span> 
     </span>
    </p>
   </div>
   <div class='ocr_carea' id='block_1_84' title="bbox 1977 4057 3557 4129">
    <p class='ocr_par' dir='ltr' id='par_1_84' title="bbox 1977 4057 3557 4129">
     <span class='ocr_line' id='line_1_84' title="bbox 1977 4057 3557 4129; baseline 0.003 -18"><span class='ocrx_word' id='word_1_643' title='bbox 1977 4058 2241 4111; x_wconf 86' lang='lat' dir='ltr'><strong>rationem</strong></span> <span class='ocrx_word' id='word_1_644' title='bbox 2273 4072 2434 4125; x_wconf 90' lang='lat' dir='ltr'><strong>posse</strong></span> <span class='ocrx_word' id='word_1_645' title='bbox 2468 4057 2780 4119; x_wconf 80' lang='lat' dir='ltr'><strong>convenire,</strong></span> <span class='ocrx_word' id='word_1_646' title='bbox 2808 4072 2967 4125; x_wconf 86' lang='lat' dir='ltr'><strong>quam</strong></span> <span class='ocrx_word' id='word_1_647' title='bbox 3001 4064 3125 4112; x_wconf 87' lang='lat' dir='ltr'><strong>ante</strong></span> <span class='ocrx_word' id='word_1_648' title='bbox 3147 4073 3348 4129; x_wconf 90' lang='lat' dir='ltr'><strong>corpus</strong></span> <span class='ocrx_word' id='word_1_649' title='bbox 3377 4062 3557 4116; x_wconf 87' lang='lat' dir='ltr'><strong>anima</strong></span> 
     </span>
    </p>
   </div>
   <div class='ocr_carea' id='block_1_85' title="bbox 1977 4148 3556 4222">
    <p class='ocr_par' dir='ltr' id='par_1_85' title="bbox 1977 4148 3556 4222">
     <span class='ocr_line' id='line_1_85' title="bbox 1977 4148 3556 4222; baseline 0.002 -19"><span class='ocrx_word' id='word_1_650' title='bbox 1977 4157 2270 4204; x_wconf 83' lang='lat' dir='ltr'><strong>consecuta</strong></span> <span class='ocrx_word' id='word_1_651' title='bbox 2318 4148 2516 4212; x_wconf 81' lang='lat' dir='ltr'><strong>fuerit,</strong></span> <span class='ocrx_word' id='word_1_652' title='bbox 2573 4156 2633 4202; x_wconf 90' lang='lat' dir='ltr'><strong>ut</strong></span> <span class='ocrx_word' id='word_1_653' title='bbox 2680 4164 2744 4202; x_wconf 82' lang='lat' dir='ltr'><strong>ex</strong></span> <span class='ocrx_word' id='word_1_654' title='bbox 2791 4151 3254 4216; x_wconf 84' lang='lat' dir='ltr'><strong>consequentibus</strong></span> <span class='ocrx_word' id='word_1_655' title='bbox 3316 4164 3556 4222; x_wconf 87' lang='lat' dir='ltr'><strong>apparet.</strong></span> 
     </span>
    </p>
   </div>
   <div class='ocr_carea' id='block_1_86' title="bbox 1982 4240 3559 4313">
    <p class='ocr_par' dir='ltr' id='par_1_86' title="bbox 1982 4240 3559 4313">
     <span class='ocr_line' id='line_1_86' title="bbox 1982 4240 3559 4313; baseline 0.004 -19"><span class='ocrx_word' id='word_1_656' title='bbox 1982 4240 2219 4295; x_wconf 87' lang='lat' dir='ltr'><strong>Tametsi</strong></span> <span class='ocrx_word' id='word_1_657' title='bbox 2249 4242 2499 4311; x_wconf 81' lang='lat' dir='ltr'><strong>egregius</strong></span> <span class='ocrx_word' id='word_1_658' title='bbox 2542 4242 2631 4295; x_wconf 88' lang='lat' dir='ltr'><strong>ille</strong></span> <span class='ocrx_word' id='word_1_659' title='bbox 2658 4242 2902 4296; x_wconf 88' lang='lat' dir='ltr'><strong>medicus</strong></span> <span class='ocrx_word' id='word_1_660' title='bbox 2933 4258 3212 4297; x_wconf 82' lang='lat' dir='ltr'><strong>sacrorum</strong></span> <span class='ocrx_word' id='word_1_661' title='bbox 3246 4247 3559 4313; x_wconf 82' lang='lat' dir='ltr'><strong>verborum,</strong></span> 
     </span>
    </p>
   </div>
   <div class='ocr_carea' id='block_1_87' title="bbox 1980 4333 3559 4407">
    <p class='ocr_par' dir='ltr' id='par_1_87' title="bbox 1980 4333 3559 4407">
     <span class='ocr_line' id='line_1_87' title="bbox 1980 4333 3559 4407; baseline 0.004 -20"><span class='ocrx_word' id='word_1_662' title='bbox 1980 4334 2240 4388; x_wconf 88' lang='lat' dir='ltr'><strong>detractis</strong></span> <span class='ocrx_word' id='word_1_663' title='bbox 2286 4333 2532 4401; x_wconf 88' lang='lat' dir='ltr'><strong>reliquis,</strong></span> <span class='ocrx_word' id='word_1_664' title='bbox 2569 4333 2811 4403; x_wconf 86' lang='lat' dir='ltr'><strong>Apostoli</strong></span> <span class='ocrx_word' id='word_1_665' title='bbox 2849 4342 3082 4389; x_wconf 86' lang='lat' dir='ltr'><strong>mentem</strong></span> <span class='ocrx_word' id='word_1_666' title='bbox 3133 4335 3200 4388; x_wconf 90' lang='lat' dir='ltr'><strong>ad</strong></span> <span class='ocrx_word' id='word_1_667' title='bbox 3249 4338 3559 4407; x_wconf 82' lang='lat' dir='ltr'><strong>Opinionem</strong></span> 
     </span>
    </p>
   </div>
   <div class='ocr_carea' id='block_1_88' title="bbox 310 4421 1870 4499">
    <p class='ocr_par' dir='ltr' id='par_1_88' title="bbox 310 4421 1870 4494">
     <span class='ocr_line' id='line_1_88' title="bbox 310 4421 1870 4494; baseline -0.005 -12"><span class='ocrx_word' id='word_1_668' title='bbox 310 4448 357 4482; x_wconf 81' lang='grc' dir='ltr'><strong>τι</strong></span> <span class='ocrx_word' id='word_1_669' title='bbox 383 4428 568 4482; x_wconf 88' lang='grc' dir='ltr'>παθὼν</span> <span class='ocrx_word' id='word_1_670' title='bbox 605 4427 723 4480; x_wconf 86' lang='grc' dir='ltr'>λίαν</span> <span class='ocrx_word' id='word_1_671' title='bbox 752 4426 845 4479; x_wconf 79' lang='grc' dir='ltr'><strong>καὶ</strong></span> <span class='ocrx_word' id='word_1_672' title='bbox 878 4425 1145 4479; x_wconf 84' lang='grc' dir='ltr'>παιδικόν.</span> <span class='ocrx_word' id='word_1_673' title='bbox 1192 4422 1335 4477; x_wconf 80' lang='grc' dir='ltr'>Ἀντὶ</span> <span class='ocrx_word' id='word_1_674' title='bbox 1365 4424 1473 4494; x_wconf 79' lang='grc' dir='ltr'>γὰρ</span> <span class='ocrx_word' id='word_1_675' title='bbox 1500 4422 1593 4475; x_wconf 88' lang='grc' dir='ltr'><strong>τοῦ</strong></span> <span class='ocrx_word' id='word_1_676' title='bbox 1619 4423 1753 4492; x_wconf 74' lang='grc' dir='ltr'>πρὸς</span> <span class='ocrx_word' id='word_1_677' title='bbox 1780 4421 1870 4486; x_wconf 72' lang='grc' dir='ltr'>τὰς</span> 
     </span>
    </p>
   </div>
   <div class='ocr_carea' id='block_1_89' title="bbox 1972 4421 3554 4499">
    <p class='ocr_par' dir='ltr' id='par_1_89' title="bbox 1982 4425 3554 4499">
     <span class='ocr_line' id='line_1_89' title="bbox 1982 4425 3554 4499; baseline 0.003 -18"><span class='ocrx_word' id='word_1_678' title='bbox 1982 4441 2135 4481; x_wconf 90' lang='lat' dir='ltr'><strong>suam</strong></span> <span class='ocrx_word' id='word_1_679' title='bbox 2167 4426 2429 4479; x_wconf 84' lang='lat' dir='ltr'><strong>violenter</strong></span> <span class='ocrx_word' id='word_1_680' title='bbox 2452 4425 2750 4480; x_wconf 82' lang='lat' dir='ltr'><strong>transferre</strong></span> <span class='ocrx_word' id='word_1_681' title='bbox 2790 4427 3101 4481; x_wconf 84' lang='lat' dir='ltr'><strong>contendat.</strong></span> <span class='ocrx_word' id='word_1_682' title='bbox 3134 4428 3191 4481; x_wconf 84' lang='lat' dir='ltr'><strong>in</strong></span> <span class='ocrx_word' id='word_1_683' title='bbox 3223 4445 3331 4498; x_wconf 93' lang='lat' dir='ltr'><strong>quo</strong></span> <span class='ocrx_word' id='word_1_684' title='bbox 3366 4446 3554 4499; x_wconf 89' lang='lat' dir='ltr'><strong>parum</strong></span> 
     </span>
    </p>
   </div>
   <div class='ocr_carea' id='block_1_90' title="bbox 310 4514 1882 4591">
    <p class='ocr_par' dir='ltr' id='par_1_90' title="bbox 310 4514 1882 4591">
     <span class='ocr_line' id='line_1_90' title="bbox 310 4514 1882 4591; baseline -0.004 -16"><span class='ocrx_word' id='word_1_685' title='bbox 310 4522 512 4584; x_wconf 86' lang='grc' dir='ltr'>οἰκείας</span> <span class='ocrx_word' id='word_1_686' title='bbox 544 4521 842 4591; x_wconf 76' lang='grc' dir='ltr'>συμφύσεις</span> <span class='ocrx_word' id='word_1_687' title='bbox 886 4518 978 4571; x_wconf 70' lang='grc' dir='ltr'><strong>καὶ</strong></span> <span class='ocrx_word' id='word_1_688' title='bbox 1024 4516 1269 4588; x_wconf 79' lang='grc' dir='ltr'>ἁρμογὰς</span> <span class='ocrx_word' id='word_1_689' title='bbox 1301 4517 1369 4570; x_wconf 85' lang='grc' dir='ltr'>τὰ</span> <span class='ocrx_word' id='word_1_690' title='bbox 1402 4515 1538 4587; x_wconf 83' lang='grc' dir='ltr'>μέλη</span> <span class='ocrx_word' id='word_1_691' title='bbox 1564 4518 1747 4586; x_wconf 83' lang='grc' dir='ltr'>τηρεῖν</span> <span class='ocrx_word' id='word_1_692' title='bbox 1775 4514 1882 4569; x_wconf 89' lang='grc' dir='ltr'><strong>τῶν</strong></span> 
     </span>
    </p>
   </div>
   <div class='ocr_carea' id='block_1_91' title="bbox 314 4604 1882 4683">
    <p class='ocr_par' dir='ltr' id='par_1_91' title="bbox 314 4604 1882 4683">
     <span class='ocr_line' id='line_1_91' title="bbox 314 4604 1882 4683; baseline -0.005 -16"><span class='ocrx_word' id='word_1_693' title='bbox 314 4613 597 4683; x_wconf 86' lang='grc' dir='ltr'>σωμάτων,</span> <span class='ocrx_word' id='word_1_694' title='bbox 634 4612 722 4665; x_wconf 78' lang='grc' dir='ltr'><strong>ἵνα</strong></span> <span class='ocrx_word' id='word_1_695' title='bbox 765 4610 827 4662; x_wconf 86' lang='grc' dir='ltr'>τὸ</span> <span class='ocrx_word' id='word_1_696' title='bbox 860 4611 966 4664; x_wconf 82' lang='grc' dir='ltr'>πᾶν</span> <span class='ocrx_word' id='word_1_697' title='bbox 1008 4609 1192 4680; x_wconf 78' lang='grc' dir='ltr'>ἄρτιον</span> <span class='ocrx_word' id='word_1_698' title='bbox 1235 4609 1377 4661; x_wconf 77' lang='grc' dir='ltr'>κατὰ</span> <span class='ocrx_word' id='word_1_699' title='bbox 1423 4609 1582 4677; x_wconf 84' lang='grc' dir='ltr'>φύσιν</span> <span class='ocrx_word' id='word_1_700' title='bbox 1697 4608 1882 4678; x_wconf 85' lang='grc' dir='ltr'>σχῆμα</span> 
     </span>
    </p>
   </div>
   <div class='ocr_carea' id='block_1_92' title="bbox 311 4701 1882 4777">
    <p class='ocr_par' dir='ltr' id='par_1_92' title="bbox 311 4701 1882 4777">
     <span class='ocr_line' id='line_1_92' title="bbox 311 4701 1882 4777; baseline -0.005 -17"><span class='ocrx_word' id='word_1_701' title='bbox 311 4706 401 4760; x_wconf 85' lang='grc' dir='ltr'><strong>τοῦ</strong></span> <span class='ocrx_word' id='word_1_702' title='bbox 456 4706 724 4777; x_wconf 84' lang='grc' dir='ltr'>σώματος,</span> <span class='ocrx_word' id='word_1_703' title='bbox 779 4703 1161 4774; x_wconf 80' lang='grc' dir='ltr'>ῆκρωτηρίασε</span> <span class='ocrx_word' id='word_1_704' title='bbox 1217 4701 1498 4773; x_wconf 85' lang='grc' dir='ltr'>παρελθὼν</span> <span class='ocrx_word' id='word_1_705' title='bbox 1551 4701 1641 4754; x_wconf 71' lang='grc' dir='ltr'>τὸν</span> <span class='ocrx_word' id='word_1_706' title='bbox 1693 4701 1882 4771; x_wconf 80' lang='grc' dir='ltr'>εἱρμὸν</span> 
     </span>
    </p>
   </div>
   <div class='ocr_carea' id='block_1_93' title="bbox 312 4792 1883 4868">
    <p class='ocr_par' dir='ltr' id='par_1_93' title="bbox 312 4792 1883 4868">
     <span class='ocr_line' id='line_1_93' title="bbox 312 4792 1883 4868; baseline -0.003 -20"><span class='ocrx_word' id='word_1_707' title='bbox 312 4798 406 4868; x_wconf 88' lang='grc' dir='ltr'><strong>τῆς</strong></span> <span class='ocrx_word' id='word_1_708' title='bbox 443 4797 688 4867; x_wconf 82' lang='grc' dir='ltr'>Γραφῆς·</span> <span class='ocrx_word' id='word_1_709' title='bbox 722 4794 970 4864; x_wconf 88' lang='grc' dir='ltr'>καθάπερ</span> <span class='ocrx_word' id='word_1_710' title='bbox 998 4793 1207 4864; x_wconf 83' lang='grc' dir='ltr'>Σκύθης</span> <span class='ocrx_word' id='word_1_711' title='bbox 1231 4792 1424 4863; x_wconf 75' lang='grc' dir='ltr'>ἐχθροῦ</span> <span class='ocrx_word' id='word_1_712' title='bbox 1467 4809 1610 4855; x_wconf 89' lang='grc' dir='ltr'>τινος</span> <span class='ocrx_word' id='word_1_713' title='bbox 1652 4792 1883 4860; x_wconf 69' lang='grc' dir='ltr'>ἀφειδῶς</span> 
     </span>
    </p>
   </div>
   <div class='ocr_carea' id='block_1_94' title="bbox 315 4879 1884 4961">
    <p class='ocr_par' dir='ltr' id='par_1_94' title="bbox 315 4879 1884 4961">
     <span class='ocr_line' id='line_1_94' title="bbox 315 4879 1884 4961; baseline -0.005 -18"><span class='ocrx_word' id='word_1_714' title='bbox 315 4892 445 4959; x_wconf 85' lang='grc' dir='ltr'>πρὸς</span> <span class='ocrx_word' id='word_1_715' title='bbox 474 4890 750 4961; x_wconf 86' lang='grc' dir='ltr'>ἀναίρεσιν</span> <span class='ocrx_word' id='word_1_716' title='bbox 788 4887 1143 4956; x_wconf 86' lang='grc' dir='ltr'>κατατέμνων</span> <span class='ocrx_word' id='word_1_717' title='bbox 1181 4886 1250 4939; x_wconf 84' lang='grc' dir='ltr'>τὰ</span> <span class='ocrx_word' id='word_1_718' title='bbox 1284 4886 1419 4955; x_wconf 83' lang='grc' dir='ltr'>μέλη</span> <span class='ocrx_word' id='word_1_719' title='bbox 1464 4879 1593 4937; x_wconf 79' lang='grc' dir='ltr'>εἶεν.</span> <span class='ocrx_word' id='word_1_720' title='bbox 1635 4883 1760 4946; x_wconf 87' lang='grc' dir='ltr'>Πῶς</span> <span class='ocrx_word' id='word_1_721' title='bbox 1791 4879 1884 4936; x_wconf 87' lang='grc' dir='ltr'><strong>οῦν</strong></span> 
     </span>
    </p>
   </div>
   <div class='ocr_carea' id='block_1_95' title="bbox 315 4971 1885 5043">
    <p class='ocr_par' dir='ltr' id='par_1_95' title="bbox 315 4971 1885 5043">
     <span class='ocr_line' id='line_1_95' title="bbox 315 4971 1885 5043; baseline -0.006 -11"><span class='ocrx_word' id='word_1_722' title='bbox 315 4983 339 5033; x_wconf 90' lang='lat'><strong>6</strong></span> <span class='ocrx_word' id='word_1_723' title='bbox 378 4978 713 5041; x_wconf 84' lang='grc' dir='ltr'>Ἀπόστολος,</span> <span class='ocrx_word' id='word_1_724' title='bbox 761 4976 995 5043; x_wconf 81' lang='grc' dir='ltr'>λέξουσι,</span> <span class='ocrx_word' id='word_1_725' title='bbox 1026 4975 1197 5028; x_wconf 88' lang='grc' dir='ltr'>ταῦτα</span> <span class='ocrx_word' id='word_1_726' title='bbox 1242 4975 1575 5043; x_wconf 73' lang='grc' dir='ltr'>ἀπεφήνατο,</span> <span class='ocrx_word' id='word_1_727' title='bbox 1617 4973 1666 5024; x_wconf 83' lang='grc' dir='ltr'>εἰ</span> <span class='ocrx_word' id='word_1_728' title='bbox 1712 4971 1775 5023; x_wconf 76' lang='grc' dir='ltr'><strong>σὺ</strong></span> <span class='ocrx_word' id='word_1_729' title='bbox 1812 4971 1885 5043; x_wconf 84' lang='grc' dir='ltr'>μὴ</span> 
     </span>
    </p>
   </div>
   <div class='ocr_carea' id='block_1_96' title="bbox 314 5062 1884 5137">
    <p class='ocr_par' dir='ltr' id='par_1_96' title="bbox 314 5062 1884 5137">
     <span class='ocr_line' id='line_1_96' title="bbox 314 5062 1884 5137; baseline -0.006 -13"><span class='ocrx_word' id='word_1_730' title='bbox 314 5070 482 5133; x_wconf 77' lang='grc' dir='ltr'>οὕτως</span> <span class='ocrx_word' id='word_1_731' title='bbox 507 5071 644 5124; x_wconf 77' lang='grc' dir='ltr'>αὐτὰ</span> <span class='ocrx_word' id='word_1_732' title='bbox 676 5067 956 5134; x_wconf 83' lang='grc' dir='ltr'>ἀπέδειξας</span> <span class='ocrx_word' id='word_1_733' title='bbox 986 5067 1163 5137; x_wconf 77' lang='grc' dir='ltr'>ἐχειν;</span> <span class='ocrx_word' id='word_1_734' title='bbox 1194 5066 1313 5118; x_wconf 73' lang='grc' dir='ltr'>Ὀτι</span> <span class='ocrx_word' id='word_1_735' title='bbox 1348 5065 1530 5134; x_wconf 86' lang='grc' dir='ltr'>νόμον,</span> <span class='ocrx_word' id='word_1_736' title='bbox 1569 5062 1772 5131; x_wconf 76' lang='grc' dir='ltr'>εἴποιμ’</span> <span class='ocrx_word' id='word_1_737' title='bbox 1798 5062 1884 5127; x_wconf 86' lang='grc' dir='ltr'>ἂν,</span> 
     </span>
    </p>
   </div>
   <div class='ocr_carea' id='block_1_97' title="bbox 318 5154 1888 5231">
    <p class='ocr_par' dir='ltr' id='par_1_97' title="bbox 318 5154 1888 5231">
     <span class='ocr_line' id='line_1_97' title="bbox 318 5154 1888 5231; baseline -0.004 -17"><span class='ocrx_word' id='word_1_738' title='bbox 318 5162 535 5231; x_wconf 83' lang='grc' dir='ltr'>θέμενος</span> <span class='ocrx_word' id='word_1_739' title='bbox 575 5154 714 5213; x_wconf 80' lang='grc' dir='ltr'>εἶναι</span> <span class='ocrx_word' id='word_1_740' title='bbox 758 5159 857 5230; x_wconf 82' lang='grc' dir='ltr'>τὴν</span> <span class='ocrx_word' id='word_1_741' title='bbox 911 5156 1147 5227; x_wconf 85' lang='grc' dir='ltr'>ἐντολήν.</span> <span class='ocrx_word' id='word_1_742' title='bbox 1198 5156 1438 5209; x_wconf 88' lang='grc' dir='ltr'>Δεδόσθω</span> <span class='ocrx_word' id='word_1_743' title='bbox 1488 5155 1594 5227; x_wconf 84' lang='grc' dir='ltr'>γὰρ</span> <span class='ocrx_word' id='word_1_744' title='bbox 1671 5155 1888 5225; x_wconf 88' lang='grc' dir='ltr'>πρῶτον</span> 
     </span>
    </p>
   </div>
   <div class='ocr_carea' id='block_1_98' title="bbox 317 5246 1890 5322">
    <p class='ocr_par' dir='ltr' id='par_1_98' title="bbox 317 5246 1890 5322">
     <span class='ocr_line' id='line_1_98' title="bbox 317 5246 1890 5322; baseline -0.006 -16"><span class='ocrx_word' id='word_1_745' title='bbox 317 5253 453 5306; x_wconf 83' lang='grc' dir='ltr'>κατὰ</span> <span class='ocrx_word' id='word_1_746' title='bbox 481 5251 579 5322; x_wconf 81' lang='grc' dir='ltr'><strong>τὴν</strong></span> <span class='ocrx_word' id='word_1_747' title='bbox 618 5250 888 5321; x_wconf 81' lang='grc' dir='ltr'>ὑμετέραν</span> <span class='ocrx_word' id='word_1_748' title='bbox 930 5248 1184 5307; x_wconf 73' lang='grc' dir='ltr'>ὑπόθεσιν</span> <span class='ocrx_word' id='word_1_749' title='bbox 1218 5246 1316 5317; x_wconf 83' lang='grc' dir='ltr'><strong>τὴν</strong></span> <span class='ocrx_word' id='word_1_750' title='bbox 1360 5246 1577 5317; x_wconf 79' lang='grc' dir='ltr'>ἐντολὴν</span> <span class='ocrx_word' id='word_1_751' title='bbox 1616 5246 1777 5299; x_wconf 78' lang='grc' dir='ltr'>αὑτὸν</span> <span class='ocrx_word' id='word_1_752' title='bbox 1805 5246 1890 5298; x_wconf 85' lang='grc' dir='ltr'><strong>νό-</strong></span> 
     </span>
    </p>
   </div>
   <div class='ocr_carea' id='block_1_99' title="bbox 321 5336 1889 5413">
    <p class='ocr_par' dir='ltr' id='par_1_99' title="bbox 321 5336 1889 5413">
     <span class='ocr_line' id='line_1_99' title="bbox 321 5336 1889 5413; baseline -0.005 -18"><span class='ocrx_word' id='word_1_753' title='bbox 321 5361 413 5413; x_wconf 78' lang='grc' dir='ltr'><strong>μον</strong></span> <span class='ocrx_word' id='word_1_754' title='bbox 448 5342 725 5413; x_wconf 79' lang='grc' dir='ltr'>εἰρηκέναι</span> <span class='ocrx_word' id='word_1_755' title='bbox 767 5358 778 5370; x_wconf 93' lang='grc'><strong>·</strong></span> <span class='ocrx_word' id='word_1_756' title='bbox 813 5341 873 5392; x_wconf 80' lang='grc' dir='ltr'><strong>οὐ</strong></span> <span class='ocrx_word' id='word_1_757' title='bbox 913 5338 1063 5409; x_wconf 79' lang='grc' dir='ltr'>παρὰ</span> <span class='ocrx_word' id='word_1_758' title='bbox 1096 5338 1253 5393; x_wconf 89' lang='grc' dir='ltr'>τοῦτο</span> <span class='ocrx_word' id='word_1_759' title='bbox 1300 5337 1392 5390; x_wconf 78' lang='grc' dir='ltr'>καὶ</span> <span class='ocrx_word' id='word_1_760' title='bbox 1435 5338 1739 5408; x_wconf 86' lang='grc' dir='ltr'>άσωμάτως</span> <span class='ocrx_word' id='word_1_761' title='bbox 1781 5336 1889 5406; x_wconf 87' lang='grc' dir='ltr'><strong>πρὸ</strong></span> 
     </span>
    </p>
   </div>
   <div class='ocr_carea' id='block_1_100' title="bbox 317 5425 1889 5503">
    <p class='ocr_par' dir='ltr' id='par_1_100' title="bbox 317 5425 1889 5503">
     <span class='ocr_line' id='line_1_100' title="bbox 317 5425 1889 5503; baseline -0.004 -18"><span class='ocrx_word' id='word_1_762' title='bbox 317 5436 409 5503; x_wconf 86' lang='grc' dir='ltr'><strong>τῆς</strong></span> <span class='ocrx_word' id='word_1_763' title='bbox 445 5432 660 5502; x_wconf 84' lang='grc' dir='ltr'>ἐντολῆς</span> <span class='ocrx_word' id='word_1_764' title='bbox 698 5433 823 5493; x_wconf 77' lang='grc' dir='ltr'>τοὺς</span> <span class='ocrx_word' id='word_1_765' title='bbox 865 5427 1320 5500; x_wconf 82' lang='grc' dir='ltr'>πρωτοπλάστους</span> <span class='ocrx_word' id='word_1_766' title='bbox 1358 5425 1586 5479; x_wconf 84' lang='grc' dir='ltr'>ὑπέθετο</span> <span class='ocrx_word' id='word_1_767' title='bbox 1630 5425 1889 5494; x_wconf 80' lang='grc' dir='ltr'>βεϐιωκέ-</span> 
     </span>
    </p>
   </div>
   <div class='ocr_carea' id='block_1_101' title="bbox 319 5517 1889 5595">
    <p class='ocr_par' dir='ltr' id='par_1_101' title="bbox 319 5517 1889 5595">
     <span class='ocr_line' id='line_1_101' title="bbox 319 5517 1889 5595; baseline -0.007 -15"><span class='ocrx_word' id='word_1_768' title='bbox 319 5546 421 5592; x_wconf 67' lang='grc' dir='ltr'>ναι,</span> <span class='ocrx_word' id='word_1_769' title='bbox 464 5527 597 5579; x_wconf 84' lang='grc' dir='ltr'>ἀλλὰ</span> <span class='ocrx_word' id='word_1_770' title='bbox 644 5524 812 5595; x_wconf 72' lang='grc' dir='ltr'>χωρὶς</span> <span class='ocrx_word' id='word_1_771' title='bbox 851 5521 1142 5592; x_wconf 85' lang='grc' dir='ltr'>ἁμαρτίας.</span> <span class='ocrx_word' id='word_1_772' title='bbox 1189 5521 1298 5573; x_wconf 75' lang='grc' dir='ltr'><strong>Καὶ</strong></span> <span class='ocrx_word' id='word_1_773' title='bbox 1348 5518 1456 5590; x_wconf 83' lang='grc' dir='ltr'>γὰρ</span> <span class='ocrx_word' id='word_1_774' title='bbox 1502 5518 1677 5585; x_wconf 83' lang='grc' dir='ltr'>ὀλίγος</span> <span class='ocrx_word' id='word_1_775' title='bbox 1719 5520 1747 5571; x_wconf 93' lang='lat'><strong>6</strong></span> <span class='ocrx_word' id='word_1_776' title='bbox 1780 5517 1889 5571; x_wconf 82' lang='grc' dir='ltr'><strong>άπὸ</strong></span> 
     </span>
    </p>
   </div>
   <div class='ocr_carea' id='block_1_102' title="bbox 322 5600 1886 5689">
    <p class='ocr_par' dir='ltr' id='par_1_102' title="bbox 322 5600 1886 5689">
     <span class='ocr_line' id='line_1_102' title="bbox 322 5600 1886 5689; baseline -0.006 -17"><span class='ocrx_word' id='word_1_777' title='bbox 322 5620 412 5689; x_wconf 85' lang='grc' dir='ltr'><strong>τῆς</strong></span> <span class='ocrx_word' id='word_1_778' title='bbox 454 5618 680 5678; x_wconf 80' lang='grc' dir='ltr'>κτίσεως</span> <span class='ocrx_word' id='word_1_779' title='bbox 724 5615 901 5667; x_wconf 73' lang='grc' dir='ltr'>αὐτῶν</span> <span class='ocrx_word' id='word_1_780' title='bbox 946 5614 1073 5685; x_wconf 82' lang='grc' dir='ltr'>ἄχρι</span> <span class='ocrx_word' id='word_1_781' title='bbox 1115 5612 1214 5682; x_wconf 86' lang='grc' dir='ltr'><strong>τῆς</strong></span> <span class='ocrx_word' id='word_1_782' title='bbox 1248 5610 1466 5682; x_wconf 81' lang='grc' dir='ltr'>ἐντολῆς</span> <span class='ocrx_word' id='word_1_783' title='bbox 1511 5610 1719 5682; x_wconf 77' lang='grc' dir='ltr'>χρόνος,</span> <span class='ocrx_word' id='word_1_784' title='bbox 1748 5600 1886 5676; x_wconf 83' lang='grc' dir='ltr'>ἐν-ᾧ</span> 
     </span>
    </p>
   </div>
   <div class='ocr_carea' id='block_1_103' title="bbox 385 5774 785 5847">
    <p class='ocr_par' dir='ltr' id='par_1_103' title="bbox 385 5774 785 5847">
     <span class='ocr_line' id='line_1_103' title="bbox 385 5774 785 5847; baseline 0.005 -20"><span class='ocrx_word' id='word_1_785' title='bbox 385 5777 404 5810; x_wconf 81' lang='grc'>⁸</span> <span class='ocrx_word' id='word_1_786' title='bbox 426 5774 487 5833; x_wconf 86' lang='lat' dir='ltr'><strong>F.</strong></span> <span class='ocrx_word' id='word_1_787' title='bbox 511 5775 785 5847; x_wconf 84' lang='grc' dir='ltr'>άνίατρον.</span> 
     </span>
    </p>
   </div>
   <div class='ocr_carea' id='block_1_104' title="bbox 1980 4518 3553 4589">
    <p class='ocr_par' dir='ltr' id='par_1_104' title="bbox 1980 4518 3553 4589">
     <span class='ocr_line' id='line_1_104' title="bbox 1980 4518 3553 4589; baseline 0.003 -18"><span class='ocrx_word' id='word_1_788' title='bbox 1980 4519 2208 4579; x_wconf 76' lang='lat' dir='ltr'><strong>medice,</strong></span> <span class='ocrx_word' id='word_1_789' title='bbox 2259 4518 2366 4570; x_wconf 89' lang='lat' dir='ltr'><strong>imo</strong></span> <span class='ocrx_word' id='word_1_790' title='bbox 2390 4532 2518 4572; x_wconf 88' lang='lat' dir='ltr'><strong>vero</strong></span> <span class='ocrx_word' id='word_1_791' title='bbox 2545 4518 2824 4586; x_wconf 89' lang='lat' dir='ltr'><strong>pueriliter</strong></span> <span class='ocrx_word' id='word_1_792' title='bbox 2864 4534 2984 4572; x_wconf 87' lang='lat' dir='ltr'><strong>sese</strong></span> <span class='ocrx_word' id='word_1_793' title='bbox 3015 4521 3200 4589; x_wconf 84' lang='lat' dir='ltr'><strong>gessit.</strong></span> <span class='ocrx_word' id='word_1_794' title='bbox 3236 4521 3369 4574; x_wconf 84' lang='lat' dir='ltr'><strong>Cum</strong></span> <span class='ocrx_word' id='word_1_795' title='bbox 3409 4524 3553 4577; x_wconf 89' lang='lat' dir='ltr'><strong>enim</strong></span> 
     </span>
    </p>
   </div>
   <div class='ocr_carea' id='block_1_105' title="bbox 1980 4609 3559 4680">
    <p class='ocr_par' dir='ltr' id='par_1_105' title="bbox 1980 4609 3559 4680">
     <span class='ocr_line' id='line_1_105' title="bbox 1980 4609 3559 4680; baseline 0.001 -18"><span class='ocrx_word' id='word_1_796' title='bbox 1980 4609 2061 4663; x_wconf 90' lang='lat' dir='ltr'><strong>sic</strong></span> <span class='ocrx_word' id='word_1_797' title='bbox 2099 4617 2354 4676; x_wconf 89' lang='lat' dir='ltr'><strong>tanquam</strong></span> <span class='ocrx_word' id='word_1_798' title='bbox 2387 4622 2678 4678; x_wconf 88' lang='lat' dir='ltr'><strong>corporum</strong></span> <span class='ocrx_word' id='word_1_799' title='bbox 2718 4610 2958 4663; x_wconf 89' lang='lat' dir='ltr'><strong>membra</strong></span> <span class='ocrx_word' id='word_1_800' title='bbox 2995 4612 3059 4665; x_wconf 89' lang='lat' dir='ltr'><strong>ad</strong></span> <span class='ocrx_word' id='word_1_801' title='bbox 3096 4615 3367 4680; x_wconf 87' lang='lat' dir='ltr'><strong>pr0priam</strong></span> <span class='ocrx_word' id='word_1_802' title='bbox 3408 4628 3559 4667; x_wconf 89' lang='lat' dir='ltr'><strong>com-</strong></span> 
     </span>
    </p>
   </div>
   <div class='ocr_carea' id='block_1_106' title="bbox 1979 4700 3557 4772">
    <p class='ocr_par' dir='ltr' id='par_1_106' title="bbox 1979 4700 3557 4772">
     <span class='ocr_line' id='line_1_106' title="bbox 1979 4700 3557 4772; baseline 0.004 -19"><span class='ocrx_word' id='word_1_803' title='bbox 1979 4703 2274 4755; x_wconf 90' lang='lat' dir='ltr'><strong>missuram</strong></span> <span class='ocrx_word' id='word_1_804' title='bbox 2338 4714 2403 4753; x_wconf 83' lang='lat' dir='ltr'><strong>ae</strong></span> <span class='ocrx_word' id='word_1_805' title='bbox 2443 4700 2758 4769; x_wconf 88' lang='lat' dir='ltr'><strong>juncturam</strong></span> <span class='ocrx_word' id='word_1_806' title='bbox 2815 4705 3229 4759; x_wconf 84' lang='lat' dir='ltr'><strong>accommodare</strong></span> <span class='ocrx_word' id='word_1_807' title='bbox 3280 4705 3557 4772; x_wconf 86' lang='lat' dir='ltr'><strong>debuerit,</strong></span> 
     </span>
    </p>
   </div>
   <div class='ocr_carea' id='block_1_107' title="bbox 1981 4793 3561 4865">
    <p class='ocr_par' dir='ltr' id='par_1_107' title="bbox 1981 4793 3561 4865">
     <span class='ocr_line' id='line_1_107' title="bbox 1981 4793 3561 4865; baseline 0.003 -17"><span class='ocrx_word' id='word_1_808' title='bbox 1981 4802 2039 4848; x_wconf 93' lang='lat' dir='ltr'><strong>ut</strong></span> <span class='ocrx_word' id='word_1_809' title='bbox 2061 4794 2269 4861; x_wconf 83' lang='lat' dir='ltr'><strong>integra</strong></span> <span class='ocrx_word' id='word_1_810' title='bbox 2293 4806 2357 4846; x_wconf 90' lang='lat' dir='ltr'><strong>ac</strong></span> <span class='ocrx_word' id='word_1_811' title='bbox 2388 4793 2569 4846; x_wconf 88' lang='lat' dir='ltr'><strong>nativa</strong></span> <span class='ocrx_word' id='word_1_812' title='bbox 2592 4796 2839 4863; x_wconf 87' lang='lat' dir='ltr'><strong>corporis</strong></span> <span class='ocrx_word' id='word_1_813' title='bbox 2868 4795 3036 4865; x_wconf 82' lang='lat' dir='ltr'><strong>ﬁgura</strong></span> <span class='ocrx_word' id='word_1_814' title='bbox 3062 4807 3331 4862; x_wconf 85' lang='lat' dir='ltr'><strong>servetur,</strong></span> <span class='ocrx_word' id='word_1_815' title='bbox 3367 4815 3397 4854; x_wconf 85' lang='lat' dir='ltr'><strong>e</strong></span> <span class='ocrx_word' id='word_1_816' title='bbox 3427 4816 3561 4853; x_wconf 89' lang='lat' dir='ltr'><strong>eon-</strong></span> 
     </span>
    </p>
   </div>
   <div class='ocr_carea' id='block_1_108' title="bbox 1978 4883 3561 4963">
    <p class='ocr_par' dir='ltr' id='par_1_108' title="bbox 1978 4883 3561 4963">
     <span class='ocr_line' id='line_1_108' title="bbox 1978 4883 3561 4963; baseline 0.006 -24"><span class='ocrx_word' id='word_1_817' title='bbox 1978 4885 2151 4939; x_wconf 90' lang='lat' dir='ltr'><strong>trario</strong></span> <span class='ocrx_word' id='word_1_818' title='bbox 2190 4883 2485 4953; x_wconf 72' lang='lat' dir='ltr'><strong>Scriptum</strong></span> <span class='ocrx_word' id='word_1_819' title='bbox 2537 4886 2783 4955; x_wconf 80' lang='lat' dir='ltr'><strong>neglecta</strong></span> <span class='ocrx_word' id='word_1_820' title='bbox 2842 4889 3016 4952; x_wconf 88' lang='lat' dir='ltr'><strong>serie,</strong></span> <span class='ocrx_word' id='word_1_821' title='bbox 3064 4891 3313 4945; x_wconf 89' lang='lat' dir='ltr'><strong>mutilmn</strong></span> <span class='ocrx_word' id='word_1_822' title='bbox 3360 4908 3561 4963; x_wconf 89' lang='lat' dir='ltr'><strong>corpus</strong></span> 
     </span>
    </p>
   </div>
   <div class='ocr_carea' id='block_1_109' title="bbox 1983 4974 3562 5049">
    <p class='ocr_par' dir='ltr' id='par_1_109' title="bbox 1983 4974 3562 5049">
     <span class='ocr_line' id='line_1_109' title="bbox 1983 4974 3562 5049; baseline 0.006 -20"><span class='ocrx_word' id='word_1_823' title='bbox 1983 4975 2182 5036; x_wconf 88' lang='lat' dir='ltr'><strong>ell&#39;ecit.</strong></span> <span class='ocrx_word' id='word_1_824' title='bbox 2220 4975 2444 5043; x_wconf 89' lang='lat' dir='ltr'><strong>perinde</strong></span> <span class='ocrx_word' id='word_1_825' title='bbox 2472 4990 2535 5029; x_wconf 91' lang='lat' dir='ltr'><strong>ac</strong></span> <span class='ocrx_word' id='word_1_826' title='bbox 2566 4974 2769 5046; x_wconf 77' lang='lat' dir='ltr'><strong>Scytha</strong></span> <span class='ocrx_word' id='word_1_827' title='bbox 2807 4976 3005 5031; x_wconf 91' lang='lat' dir='ltr'><strong>hostile</strong></span> <span class='ocrx_word' id='word_1_828' title='bbox 3031 4994 3229 5049; x_wconf 92' lang='lat' dir='ltr'><strong>corpus</strong></span> <span class='ocrx_word' id='word_1_829' title='bbox 3265 4982 3562 5038; x_wconf 90' lang='lat' dir='ltr'><strong>crudeliter</strong></span> 
     </span>
    </p>
   </div>
   <div class='ocr_carea' id='block_1_110' title="bbox 1981 5065 3562 5137">
    <p class='ocr_par' dir='ltr' id='par_1_110' title="bbox 1981 5065 3562 5137">
     <span class='ocr_line' id='line_1_110' title="bbox 1981 5065 3562 5137; baseline 0.006 -18"><span class='ocrx_word' id='word_1_830' title='bbox 1981 5065 2276 5120; x_wconf 83' lang='lat' dir='ltr'><strong>conﬁciens</strong></span> <span class='ocrx_word' id='word_1_831' title='bbox 2362 5067 2812 5137; x_wconf 87' lang='lat' dir='ltr'><strong>membratimque</strong></span> <span class='ocrx_word' id='word_1_832' title='bbox 2879 5071 3198 5126; x_wconf 87' lang='lat' dir='ltr'><strong>concidens.</strong></span> <span class='ocrx_word' id='word_1_833' title='bbox 3274 5071 3379 5128; x_wconf 89' lang='lat' dir='ltr'><strong>Sed</strong></span> <span class='ocrx_word' id='word_1_834' title='bbox 3448 5076 3562 5130; x_wconf 68' lang='lat' dir='ltr'><strong>iure</strong></span> 
     </span>
    </p>
   </div>
   <div class='ocr_carea' id='block_1_111' title="bbox 1985 5156 3561 5233">
    <p class='ocr_par' dir='ltr' id='par_1_111' title="bbox 1985 5156 3561 5233">
     <span class='ocr_line' id='line_1_111' title="bbox 1985 5156 3561 5233; baseline 0.005 -24"><span class='ocrx_word' id='word_1_835' title='bbox 1985 5157 2155 5212; x_wconf 90' lang='lat' dir='ltr'><strong>missa</strong></span> <span class='ocrx_word' id='word_1_836' title='bbox 2197 5156 2482 5211; x_wconf 78' lang='lat' dir='ltr'><strong>faciamus.</strong></span> <span class='ocrx_word' id='word_1_837' title='bbox 2515 5158 2582 5211; x_wconf 80' lang='lat' dir='ltr'><strong>At</strong></span> <span class='ocrx_word' id='word_1_838' title='bbox 2606 5158 2751 5211; x_wconf 92' lang='lat' dir='ltr'><strong>enim</strong></span> <span class='ocrx_word' id='word_1_839' title='bbox 2787 5159 2967 5213; x_wconf 91' lang='lat' dir='ltr'><strong>dicent</strong></span> <span class='ocrx_word' id='word_1_840' title='bbox 2996 5178 3007 5213; x_wconf 96' lang='lat'>:</span> <span class='ocrx_word' id='word_1_841' title='bbox 3044 5159 3287 5216; x_wconf 71' lang='lat' dir='ltr'><strong>Curliaac</strong></span> <span class='ocrx_word' id='word_1_842' title='bbox 3317 5164 3384 5217; x_wconf 91' lang='lat' dir='ltr'><strong>ab</strong></span> <span class='ocrx_word' id='word_1_843' title='bbox 3418 5165 3561 5233; x_wconf 84' lang='lat' dir='ltr'><strong>Apo-</strong></span> 
     </span>
    </p>
   </div>
   <div class='ocr_carea' id='block_1_112' title="bbox 1984 5247 3562 5315">
    <p class='ocr_par' dir='ltr' id='par_1_112' title="bbox 1984 5247 3562 5315">
     <span class='ocr_line' id='line_1_112' title="bbox 1984 5247 3562 5315; baseline 0.006 -16"><span class='ocrx_word' id='word_1_844' title='bbox 1984 5247 2126 5299; x_wconf 87' lang='lat' dir='ltr'><strong>stolo</strong></span> <span class='ocrx_word' id='word_1_845' title='bbox 2152 5247 2502 5315; x_wconf 87' lang='lat' dir='ltr'><strong>pronuntiata</strong></span> <span class='ocrx_word' id='word_1_846' title='bbox 2530 5255 2683 5309; x_wconf 88' lang='lat' dir='ltr'><strong>sunt,</strong></span> <span class='ocrx_word' id='word_1_847' title='bbox 2713 5248 2758 5302; x_wconf 88' lang='lat' dir='ltr'><strong>si</strong></span> <span class='ocrx_word' id='word_1_848' title='bbox 2788 5254 2844 5300; x_wconf 91' lang='lat' dir='ltr'><strong>tu</strong></span> <span class='ocrx_word' id='word_1_849' title='bbox 2877 5248 2943 5301; x_wconf 91' lang='lat' dir='ltr'><strong>ad</strong></span> <span class='ocrx_word' id='word_1_850' title='bbox 2964 5266 3086 5303; x_wconf 93' lang='lat' dir='ltr'><strong>eum</strong></span> <span class='ocrx_word' id='word_1_851' title='bbox 3107 5252 3324 5305; x_wconf 90' lang='lat' dir='ltr'><strong>modum</strong></span> <span class='ocrx_word' id='word_1_852' title='bbox 3362 5251 3562 5308; x_wconf 84' lang='lat' dir='ltr'><strong>habere</strong></span> 
     </span>
    </p>
   </div>
   <div class='ocr_carea' id='block_1_113' title="bbox 1986 5337 3559 5412">
    <p class='ocr_par' dir='ltr' id='par_1_113' title="bbox 1986 5337 3559 5412">
     <span class='ocr_line' id='line_1_113' title="bbox 1986 5337 3559 5412; baseline 0.003 -21"><span class='ocrx_word' id='word_1_853' title='bbox 1986 5353 2044 5391; x_wconf 90' lang='lat' dir='ltr'><strong>se</strong></span> <span class='ocrx_word' id='word_1_854' title='bbox 2074 5338 2176 5392; x_wconf 91' lang='lat' dir='ltr'><strong>ista</strong></span> <span class='ocrx_word' id='word_1_855' title='bbox 2217 5338 2543 5407; x_wconf 88' lang='lat' dir='ltr'><strong>negaveris?</strong></span> <span class='ocrx_word' id='word_1_856' title='bbox 2594 5337 2917 5409; x_wconf 77' lang='lat' dir='ltr'><strong>Respondeo</strong></span> <span class='ocrx_word' id='word_1_857' title='bbox 2958 5357 3054 5410; x_wconf 92' lang='lat' dir='ltr'><strong>pro</strong></span> <span class='ocrx_word' id='word_1_858' title='bbox 3089 5350 3358 5411; x_wconf 63' lang='lat' dir='ltr'><strong>praecepto</strong></span> <span class='ocrx_word' id='word_1_859' title='bbox 3392 5344 3559 5412; x_wconf 83' lang='lat' dir='ltr'><strong>legem</strong></span> 
     </span>
    </p>
   </div>
   <div class='ocr_carea' id='block_1_114' title="bbox 1986 5427 3560 5501">
    <p class='ocr_par' dir='ltr' id='par_1_114' title="bbox 1986 5427 3560 5501">
     <span class='ocr_line' id='line_1_114' title="bbox 1986 5427 3560 5501; baseline 0.004 -22"><span class='ocrx_word' id='word_1_860' title='bbox 1986 5428 2135 5479; x_wconf 91' lang='lat' dir='ltr'><strong>illum</strong></span> <span class='ocrx_word' id='word_1_861' title='bbox 2176 5442 2493 5498; x_wconf 86' lang='lat' dir='ltr'><strong>usurpasse.</strong></span> <span class='ocrx_word' id='word_1_862' title='bbox 2539 5427 2703 5482; x_wconf 90' lang='lat' dir='ltr'><strong>Detur</strong></span> <span class='ocrx_word' id='word_1_863' title='bbox 2726 5431 2871 5482; x_wconf 92' lang='lat' dir='ltr'><strong>enim</strong></span> <span class='ocrx_word' id='word_1_864' title='bbox 2910 5431 3011 5485; x_wconf 86' lang='lat' dir='ltr'><strong>hoc</strong></span> <span class='ocrx_word' id='word_1_865' title='bbox 3052 5432 3293 5501; x_wconf 90' lang='lat' dir='ltr'><strong>opinioni</strong></span> <span class='ocrx_word' id='word_1_866' title='bbox 3328 5433 3560 5501; x_wconf 89' lang='lat' dir='ltr'><strong>primum</strong></span> 
     </span>
    </p>
   </div>
   <div class='ocr_carea' id='block_1_115' title="bbox 1962 5521 3560 5597">
    <p class='ocr_par' dir='ltr' id='par_1_115' title="bbox 1962 5521 3560 5597">
     <span class='ocr_line' id='line_1_115' title="bbox 1962 5521 3560 5597; baseline 0.004 -25"><span class='ocrx_word' id='word_1_867' title='bbox 1962 5528 2198 5582; x_wconf 69' lang='lat' dir='ltr'><strong>‘vestraz,</strong></span> <span class='ocrx_word' id='word_1_868' title='bbox 2245 5529 2573 5590; x_wconf 65' lang='lat' dir='ltr'><strong>praeceptum</strong></span> <span class='ocrx_word' id='word_1_869' title='bbox 2624 5521 2693 5575; x_wconf 86' lang='lat' dir='ltr'><strong>ab</strong></span> <span class='ocrx_word' id='word_1_870' title='bbox 2733 5522 2995 5597; x_wconf 79' lang='lat' dir='ltr'><strong>Apostolo</strong></span> <span class='ocrx_word' id='word_1_871' title='bbox 3059 5524 3227 5593; x_wconf 88' lang='lat' dir='ltr'><strong>legem</strong></span> <span class='ocrx_word' id='word_1_872' title='bbox 3275 5525 3560 5593; x_wconf 84' lang='lat' dir='ltr'><strong>appellari.</strong></span> 
     </span>
    </p>
   </div>
   <div class='ocr_carea' id='block_1_116' title="bbox 1983 5611 3561 5687">
    <p class='ocr_par' dir='ltr' id='par_1_116' title="bbox 1983 5611 3561 5687">
     <span class='ocr_line' id='line_1_116' title="bbox 1983 5611 3561 5687; baseline 0.003 -21"><span class='ocrx_word' id='word_1_873' title='bbox 1983 5611 2100 5667; x_wconf 86' lang='lat' dir='ltr'><strong>Non</strong></span> <span class='ocrx_word' id='word_1_874' title='bbox 2134 5611 2341 5667; x_wconf 89' lang='lat' dir='ltr'><strong>idcirco</strong></span> <span class='ocrx_word' id='word_1_875' title='bbox 2396 5622 2574 5667; x_wconf 86' lang='lat' dir='ltr'><strong>tamen</strong></span> <span class='ocrx_word' id='word_1_876' title='bbox 2620 5617 2866 5684; x_wconf 87' lang='lat' dir='ltr'><strong>corporis</strong></span> <span class='ocrx_word' id='word_1_877' title='bbox 2893 5624 3145 5685; x_wconf 77' lang='lat' dir='ltr'><strong>expertes</strong></span> <span class='ocrx_word' id='word_1_878' title='bbox 3192 5626 3315 5671; x_wconf 85' lang='lat' dir='ltr'><strong>ante</strong></span> <span class='ocrx_word' id='word_1_879' title='bbox 3358 5631 3561 5687; x_wconf 69' lang='lat' dir='ltr'><strong>pratce-</strong></span> 
     </span>
    </p>
   </div>
  </div>
