4082 6394
608 333 749 390 “55

2051 328 2109 384 S.
2152 327 2490 384 EPIPIIANII

3764 330 3899 385 H55

606 457 756 519 ptum
785 445 990 517 primos
1025 453 1281 516 parentes
1314 443 1485 500 fuisse
1516 446 1707 500 statuit
1733 485 1747 508 ,
1798 444 1893 501 sed
1925 445 2196 503 immunes

2301 446 2509 518 διέζησε
2547 446 2712 517 χωρὶς
2747 446 3045 516 ἁμαρτίας,
3094 446 3192 501 οὑκ
3224 445 3399 511 έκτδς.
3478 486 3492 500 .
3583 488 3600 500 .
3693 489 3712 505 .
3799 487 3812 497 -
3888 489 3900 500 .

604 553 636 593 ι
662 545 904 607 peccato.
936 536 1103 591 Breve
1123 538 1266 592 enim
1304 537 1435 591 illud
1462 544 1678 606 tempus
1712 537 1834 602 fuit,
1869 537 2013 606 quod
2040 540 2184 591 inter

604 630 825 685 illorum
887 630 1220 684 creationem
1296 638 1460 699 atque
1502 630 1629 683 editi
1679 629 1937 700 praecepti
1975 638 2190 699 tempus

603 721 918 775 intercessit
948 739 961 773 :
998 721 1050 774 in
1074 736 1181 790 quo
1200 722 1319 775 sine
1350 732 1571 790 peccato
1611 723 1762 787 vixit,
1796 740 1906 779 non
1945 732 2122 779 extra.
2200 758 2213 771 .
2294 756 2312 774 .

605 828 808 882 corpus
844 824 1015 868 morte
1044 815 1181 867 allici
1212 817 1521 868 conlirmat.

679 905 763 960 Ll.
799 905 953 971 Quod
1003 908 1044 961 si
1099 906 1149 959 id
1203 921 1395 960 rursus
1444 907 1727 975 obiiciant,
1757 907 1869 962 Cur
1908 909 2072 980 igitur
2102 923 2191 963 sa-

610 996 813 1066 pientia
836 998 1021 1051 carnis
1053 1012 1175 1050 esse
1208 996 1317 1050 Deo
1349 997 1568 1051 inimica
1595 999 1841 1053 dicitur?
1905 999 2026 1069 Legi
2051 1001 2189 1053 enim

611 1088 709 1141 Dei
773 1106 875 1141 non
916 1089 1237 1155 subjicitur:
1280 1106 1440 1159 neque
1488 1091 1623 1142 enim
1641 1091 1961 1158 potest',sie
1993 1108 2191 1146 occur-

610 1182 840 1236 rendum
871 1183 995 1245 erit,
1030 1184 1378 1236 vehementer
1408 1183 1530 1237 illos
1560 1183 1661 1237 hoc
1687 1184 1804 1238 loco
1846 1184 2045 1255 decipi.
2075 1184 2194 1239 Non

609 1274 754 1328 enim
785 1289 1004 1327 carnem
1037 1274 1229 1342 ipsam,
1256 1274 1353 1328 sed
1380 1275 1563 1329 carnis
1596 1276 1917 1345 sapientiam
1951 1277 2051 1347 legi
2099 1276 2194 1331 Dei

611 1364 807 1433 subjici
870 1380 977 1417 non
1024 1380 1182 1433 poSse
1226 1364 1489 1429 declarat,
1539 1381 1660 1435 qua:
1698 1360 1916 1436 quidem
1962 1382 1991 1420 a
2030 1382 2196 1423 carne

610 1455 1388 1525 discrepat.Quemadmodqu
1412 1458 1457 1511 si
1495 1456 1684 1511 dicat:
1719 1458 1944 1527 Argenti
1980 1459 2191 1523 sordes,

610 1548 755 1617 quod
814 1563 919 1602 non
968 1548 1102 1602 satis
1151 1558 1503 1616 repurgatum
1544 1549 1635 1611 sit,
1670 1557 1729 1603 ut
1754 1565 1823 1603 ex
1853 1566 1918 1603 eo
1951 1566 2046 1605 vas
2078 1551 2195 1604 ido-

610 1658 771 1696 neum
809 1641 921 1695 ﬁeri
952 1642 1144 1709 possit,
1193 1639 1387 1693 artifici
1428 1656 1536 1695 non
1572 1640 1976 1708 subjiciuntur;
2021 1658 2195 1712 neque

609 1735 754 1788 etaim
790 1742 1037 1803 possunt.
1068 1731 1280 1785 Etenim
1312 1733 1529 1786 cxcerni
1559 1733 1709 1801 prius
1747 1733 1869 1787 illas
1897 1741 2061 1802 atque
2090 1735 2192 1788 eli-

2297 627 2394 682 καὶ
2418 628 2539 698 οὑχὶ
2565 628 2627 680 τὸ
2646 626 2807 697 σῶμα
2826 626 3188 681 θανατοῦσθαι
3207 628 3606 683 ὶδεὸαιώσατο.

2390 722 3899 792 .ε..........5771ιαιιιε

2366 904 2494 958 NA’.
2514 904 2637 957 Ἐὰν
2651 905 2707 958 δὲ
2729 904 2888 957 πάλιν
2909 904 3324 976 ἀνθυποφέρωσι
3344 906 3608 975 λέγοντες
3637 927 3652 937 ·
3683 908 3813 971 Πῶς

2297 990 2390 1048 οὖν
2433 995 2495 1047 τὸ
2529 996 2779 1066 φρόνημα
2828 996 2925 1065 τῆς
2969 996 3170 1067 σαρκὸς
3196 995 3331 1050 εἶναι
3360 1000 3579 1069 εἴρηται
3614 1000 3801 1069 ἔχθρα
3826 1003 3893 1061 εἰς

2297 1088 2463 1150 Θεόν;
2504 1087 2586 1151 Τῷ
2618 1089 2727 1156 γὰρ
2760 1089 2920 1155 νόμῳ
2953 1088 3058 1141 τοῦ
3100 1090 3249 1143 Θεοῦ
3281 1093 3390 1159 οὐχ
3423 1091 3887 1145 ὑποτάσσεται·

2294 1178 2435 1232 οὐδὲ
2458 1178 2567 1247 γὰρ
2600 1178 2848 1233 δύναται
2866 1196 2878 1209 '
2912 1180 3149 1245 λεκτέον,
3178 1182 3254 1245 ὡς
3278 1183 3383 1253 ἄρα
3414 1185 3508 1236 καὶ
3541 1183 3755 1238 ζενθάδε
3785 1186 3889 1237 δια-

2295 1270 2602 1323 πίπτουσιν.
2651 1272 2725 1323 Οὑ
2770 1271 2877 1343 γὰρ
2914 1273 3014 1343 τὴν
3048 1273 3227 1342 σάρκα
3266 1274 3451 1344 αὑτὴν,
3486 1275 3640 1328 ἀλλά
3676 1276 3745 1328 τὸ
3772 1278 3888 1347 φρό-

2294 1378 2442 1431 νημα
2460 1362 2559 1431 τῆς
2582 1364 2779 1434 σαρκὸς
2812 1364 3213 1418 ὑποτάσσεσθαι
3245 1365 3603 1436 μὴδύνασθαι
3636 1367 3727 1437 τῷ
3754 1369 3888 1437 νόμῳ

2294 1454 2387 1507 τοὺ
2418 1453 2549 1506 Θεοῦ
2578 1455 2825 1520 ὑπέθετο,
2849 1456 3035 1527 ἕτερον
3071 1458 3223 1527 παρὰ
3259 1458 3357 1528 τὴν
3397 1459 3580 1528 σάρκα
3613 1460 3884 1530 ὑπάρχον.

2295 1546 2561 1616 Καθάπερ
2602 1548 2650 1599 εί
2696 1546 2913 1615 ἔλεγενο
2965 1549 3024 1600 'U
3054 1548 3223 1619 ῥύπος
3250 1549 3343 1601 τοῦ
3377 1550 3449 1620 μὴ
3490 1552 3692 1614 καλῶς
3725 1551 3883 1621 ἀργύ-

2298 1654 2391 1707 ρου
2413 1637 2839 1709 καθαρισθέντος
2863 1641 2942 1702 είς
2968 1638 3027 1692 τὸ
3053 1640 3302 1707 γενέσθαι
3327 1640 3518 1704 σκεῦος
3546 1641 3881 1711 ἐπιτήδειον,

2293 1731 2390 1800 οὑχ
2420 1732 2784 1785 ὑποτάσσεται
2824 1732 2902 1802 τῷ
2939 1731 3255 1802 δημιουργῷ
3277 1749 3289 1761 ·
3324 1733 3444 1785 οὑδὲ
3479 1733 3595 1801 γὰρ
3643 1733 3880 1786 δύναται.

610 1827 765 1896 quari
790 1825 1064 1879 convenit.
1120 1822 1230 1877 Nec
1259 1833 1545 1893 argentum
1595 1823 1801 1877 idcirco
1827 1833 1990 1893 negat
2018 1827 2071 1878 in
2100 1840 2191 1879 vas

2308 1822 2666 1893 Ἐκδληθῆναι
2691 1823 2800 1894 γὰρ
2827 1824 2989 1877 αὑτὸν
3019 1825 3282 1895 πρότερον
3304 1827 3397 1877 καὶ
3440 1826 3764 1895 ὲκτακῆναι
3795 1827 3879 1879 δεῖ.

611 1918 830 1989 aliquod
863 1918 994 1972 utile
1024 1915 1358 1970 conformari
1384 1931 1575 1986 posse;
1611 1915 1706 1971 sed
1744 1916 1797 1970 id
1828 1916 2005 1971 solum
2042 1918 2189 1987 quod

2301 1914 2408 1967 Καὶ
2440 1913 2501 1965 οὑ
2536 1914 2686 1984 παρὰ
2715 1914 2874 1967 τοῦτο
2896 1915 2985 1967 τὸν
3009 1914 3248 1985 ἄργυρον
3278 1916 3597 1985 ἀπεφήνατο
3627 1918 3711 1986 μὴ
3738 1917 3879 1970 δύνα-

612 2011 669 2065 in
723 2018 950 2081 argento
978 2010 1310 2064 subventum
1352 2022 1416 2061 ac
1450 2015 1671 2077 propter
1707 2006 1965 2062 duritiem
1994 2018 2192 2062 contu-

611 2117 736 2158 max
767 2114 871 2157 est.
905 2100 997 2155 Sic
1024 2100 1317 2169 Apostolus
1344 2098 1411 2152 de
1431 2098 1615 2152 carnis
1645 2098 1913 2167 sapientia
1939 2100 2189 2169 loquens,

612 2210 721 2249 non
756 2208 976 2248 carnem
1029 2193 1202 2261 ipsam
1238 2190 1436 2244 asserit
1463 2188 1557 2244 Dei
1592 2190 1694 2262 legi
1730 2206 1838 2245 non
1868 2205 2031 2260 posse
2062 2190 2193 2246 sub-

606 2286 745 2355 jici:
783 2284 879 2340 sed
935 2300 1053 2338 eam
1096 2298 1215 2355 quae
1267 2290 1351 2337 est
1387 2281 1441 2335 in
1482 2296 1648 2336 carne
1704 2281 2046 2351 sapientiam,
2083 2294 2194 2351 quo

612 2378 881 2431 vocabulo
915 2376 1060 2429 illius
1093 2376 1145 2430 in
1174 2375 1480 2443 voluptates
1508 2388 1569 2427 ac
1599 2373 1851 2427 libidines
1874 2372 2196 2442 propensio-

613 2484 739 2524 nem
776 2467 1065 2538 signiﬁcat.
1109 2468 1283 2536 Atque
1317 2466 1419 2519 hoc
1448 2465 1573 2518 alibi
1606 2480 2000 2535 nonnunquam
2040 2476 2194 2521 vetus

615 2565 939 2617 fermentum
993 2561 1210 2614 malitia:
1246 2574 1309 2612 ac
1348 2560 1638 2628 nequitiae’
1674 2566 1849 2623 vocat,
1876 2574 2002 2613 cum
2058 2558 2194 2613 illud

614 2654 860 2709 funditus
876 2668 903 2705 a
929 2653 1083 2706 nobis
1102 2650 1373 2720 proﬂigari
1396 2650 1569 2718 jubet.
1593 2648 1992 2721 Nonnunquam
2020 2652 2193 2721 legem

616 2744 852 2813 appellat
888 2752 1278 2812 repugnantem
1315 2742 1413 2811 legi
1446 2741 1664 2807 mentis,
1699 2750 1753 2795 et
1782 2743 2057 2811 captivum
2101 2743 2196 2797 ab-

616 2836 905 2889 ducentem
929 2835 969 2889 ³.
990 2834 1206 2903 Alioqui
1242 2834 1287 2888 si
1317 2848 1534 2888 carnem
1563 2835 1735 2903 ipsam
1771 2833 1977 2888 diceret
2000 2834 2196 2888 divina:

617 2928 722 2996 Ιιιεί
759 2926 957 2996 subjici
1012 2941 1120 2979 non
1156 2940 1341 2995 posse.
1375 2927 1607 2994 primum
1641 2925 1858 2994 quoties
1882 2926 1968 2980 vel
1995 2927 2194 2981 intem-

618 3026 874 3088 peranter
910 3016 1112 3086 aliquid
1130 3015 1559 3083 faceremus,_vel
1592 3014 1796 3068 furtum
1824 3014 2193 3070 committere-

620 3127 764 3173 mus,
792 3109 875 3163 vel
910 3117 1104 3163 caetera
1152 3108 1203 3162 id
1230 3123 1401 3178 genus
1431 3109 1676 3176 corporis
1709 3108 2042 3162 adminiculo
2074 3124 2196 3177 per-

2301 2001 2423 2055 σθαι
2453 2004 2532 2065 είς
2562 2004 2753 2067 σκεῦος
2786 2005 3084 2076 πονηθῆναι
3105 2008 3394 2077 χρήσιμον,
3417 2008 3556 2060 ἀλλὰ
3589 2010 3661 2061 τὸ
3686 2009 3881 2079 χαλκῶ-

2297 2091 2384 2156 δες
2406 2093 2465 2146 τὸ
2486 2096 2543 2146 ὲν
2563 2094 2641 2165 τῷ
2661 2095 2885 2166 ἀργύρῳ
2902 2098 2995 2149 καὶ
3019 2097 3117 2169 τὴν
3146 2098 3312 2169 ἄλλην
3336 2098 3715 2171 σκληρότητα.
3737 2101 3877 2153 υὺτω

2299 2189 2394 2239 καὶ
2414 2187 2474 2239 τὸ
2495 2188 2749 2257 φρόνημα
2778 2188 2877 2255 τῆς
2908 2188 3108 2259 σαρκὸς
3129 2188 3414 2254 είπὼν,.οὑ
3444 2190 3542 2262 τὴν
3576 2193 3769 2261 σάρκα
3786 2193 3875 2261 ἔφη

2303 2278 2377 2349 μὴ
2398 2277 2655 2330 δύνασθαι
2680 2278 3078 2331 ὑποτάσσεσθαι
3100 2277 3177 2349 τῷ
3191 2280 3340 2350 νόμῳ
3364 2279 3455 2333 τοῦ
3474 2279 3639 2343 Θεοῦ,
3660 2280 3797 2333 ἀλλὰ
3824 2280 3875 2331 ab

2300 2371 2553 2441 φρόνημα
2580 2370 2638 2424 τὸ
2670 2372 2728 2424 ὲν
2750 2373 2816 2441 τῇ
2845 2371 3027 2440 σαρκὶ,
3058 2366 3168 2423 οἷον
3211 2371 3274 2423 τὸ
3320 2370 3454 2442 πρὸς
3480 2371 3581 2435 τὰς
3610 2370 3875 2441 ἀκρασίας

2300 2464 2469 2534 αὑτῆς
2509 2463 2679 2531 λέγων
2723 2464 2968 2536 ὅρμημα.
2997 2463 3172 2534 Ὅπερ
3214 2461 3443 2533 ἀλλαχοῦ
3490 2464 3583 2515 ὁτὲ
3636 2463 3738 2533 μὲν
3782 2478 3872 2514 πα-

2300 2556 2456 2609 λαιὰν
2512 2556 2687 2626 ζύμην
2744 2555 2942 2619 κακίας
2990 2556 3084 2609 καὶ⁸
3131 2554 3396 2627 πονηρίας
3432 2555 3718 2617 ἐκάλεσεν,
3770 2556 3873 2606 ἑπι-

2303 2650 2553 2721 σπέρχων
2602 2650 2904 2714 αὐτοτελῶς
2936 2650 3029 2720 ἀφ’
3077 2649 3231 2720 ἡμῶν
3286 2648 3640 2719 ἁῖστωθῆναι,
3696 2648 3783 2700 ὁτὲ
3824 2646 3871 2699 δι

2301 2741 2462 2810 νόμον
2521 2741 3067 2812 ἀντιστρατευόμενον
3122 2740 3198 2810 τῷ
3248 2740 3397 2811 νόμῳ
3448 2739 3543 2792 τοῦ
3586 2740 3747 2802 νοὸς,
3791 2738 3873 2791 καὶ

2300 2833 2785 2903 αἰχμαλωτίζοντά.
2820 2833 2995 2896 Ἐπεὶ,
3046 2833 3094 2886 εί
3144 2832 3310 2903 αὑτὴν
3358 2833 3455 2902 τὴν
3501 2832 3686 2901 σάρκα
3735 2830 3868 2896 ἔλεγε

2305 2926 2379 2996 μὴ
2408 2925 2665 2979 δύνασθαι
2696 2924 3097 2979 ὑποτάσσεσθαι
3132 2923 3207 2994 τῷ
3237 2925 3386 2995 νόμῳ
3421 2924 3513 2977 τοὺ
3540 2923 3705 2987 Θεοῦ,
3738 2922 3870 2992 πρῶ-

2300 3037 2391 3071 τον
2428 3018 2552 3072 οὑτε
2594 3019 2798 3090 μέμψιν
2852 3018 2917 3072 ἂν
2966 3017 3374 3086 ἀσελγαίνοντες
3425 3018 3458 3086 ἢ
3504 3017 3864 3089 λῃστεύοντες.

2302 3112 2335 3183 ἢ
2387 3114 2454 3166 τὰ
2508 3113 2642 3167 ἄλλα
2695 3114 2796 3166 ὅσα
2854 3112 2989 3166 ἄττα
3037 3110 3125 3165 διὰ
3180 3109 3426 3181 σώματος
3475 3107 3867 3181 πράττοντεςῆ

622 3208 978 3270 petraremus,
1007 3200 1153 3253 nulla
1172 3200 1241 3253 ob
1274 3198 1325 3252 id
1355 3198 1495 3268 apud
1523 3198 1982 3268 justumjudicem
2010 3215 2194 3269 repre-

2304 3206 2578 3267 ποιοῦντες
2603 3206 2743 3276 ἔχειν
2765 3204 3067 3275 ἐδυνάμεθα
3090 3203 3237 3273 παρὰ
3263 3203 3453 3272 δικαίῳ
3479 3206 3665 3274 κριτῇ,
3692 3200 3864 3255 ἀδυνά.

623 3291 888 3345 bensione
937 3289 1087 3358 digni
1144 3288 1472 3355 videremur,
1511 3288 1950 3359 quandoquidem
2003 3290 2201 3345 divina:

621 3382 726 3451 legi
758 3380 917 3436 subdi
966 3394 1096 3433 caro
1148 3379 1373 3433 omnino
1414 3397 1522 3434 non
1575 3387 1773 3450 potest.
1802 3380 1913 3435 Cur
1942 3380 2085 3435 enim
2118 3398 2201 3435 re—

624 3470 994 3543 prehendatur
1048 3484 1271 3539 corpus,
1300 3469 1445 3539 quod
1487 3486 1552 3525 ex
1583 3478 1793 3525 naturae
1821 3486 1933 3527 sua:
1958 3473 2199 3527 necessi-

626 3572 737 3617 tate
771 3563 914 3615 vivat
931 3561 953 3613 ?

699 3653 804 3708 Sed
831 3668 1005 3723 neque
1048 3651 1114 3706 ad
1155 3652 1536 3706 castimoniam
1576 3660 1669 3706 aut
1706 3652 1963 3707 virtutem
1989 3651 2202 3707 traduci

623 3761 826 3817 corpus
886 3745 1107 3815 poterit,
1134 3744 1278 3812 quod
1330 3743 1474 3797 bono
1508 3744 1707 3812 subjici
1753 3759 1819 3798 ex
1854 3751 2062 3797 natura:
2092 3760 2204 3799 sua:

626 3837 942 3894 conditione
972 3843 1226 3907 nequeat.
1263 3834 1396 3888 Nam
1422 3849 1547 3887 cum
1581 3834 1886 3888 istiusmodi
1914 3836 1983 3888 sit
2009 3844 2203 3887 natura

626 3932 837 3995 carnis,
873 3937 931 3982 ut
955 3929 1152 3983 divina:
1182 3914 1284 3997 legi
1314 3926 1511 3995 subjici
1544 3934 1799 3997 nequeat,
1831 3928 2016 3981 divina
2044 3943 2205 3997 porro

628 4026 714 4079 lex
745 4024 960 4093 jostitia
982 4023 1052 4076 sit
1085 4037 1149 4075 ae
1178 4021 1567 4088 temperantia;
1624 4036 1801 4089 neque
1838 4020 2204 4089 virginitate-tn

628 4131 869 4176 servare,
898 4128 1071 4183 neque
1091 4114 1458 4165 continentem
1485 4128 1606 4166 esse
1629 4127 1789 4180 posse
1817 4111 2032 4179 penitus
2054 4126 2207 4180 opor-

628 4216 786 4262 teret.
855 4205 949 4259 Sin
994 4204 1361 4274 virginitatem
1409 4217 1473 4256 ac
1527 4202 1923 4256 continentiam
1970 4202 2195 4265 colunt,

628 4311 971 4365 consequens
1003 4304 1108 4357 est,
1146 4303 1203 4345 ut
1234 4300 1287 4347 et
1316 4308 1516 4363 corpus
1548 4292 1863 4361 subjiciant.
1890 4291 2033 4346 Fieri
2058 4294 2207 4347 enim

630 4392 792 4442 aliter
846 4403 952 4441 non
1009 4393 1208 4456 potest,
1248 4393 1303 4437 ut
1350 4400 1380 4437 a
1416 4392 1643 4453 peccato
1696 4399 1818 4439 sese
1867 4384 2204 4437 contineant.

631 4482 853 4536 Falsum
910 4487 996 4535 est
1060 4480 1241 4547 itaque
1276 4478 1469 4532 divina:
1521 4478 1622 4547 legi
1668 4492 1868 4545 corpus
1903 4491 2011 4531 non
2043 4492 2205 4545 posse

2300 3316 2407 3360 τως
2443 3297 2671 3367 ἐχούσης
2707 3297 2805 3366 τῆς
2843 3296 3043 3367 σαρκὸς
3081 3294 3477 3349 ὑποτάσσεσθαι
3506 3294 3586 3364 τῷ
3616 3289 3865 3363 νέιμῳτοῦ

2301 3387 2457 3441 Θεοῦ.
2492 3388 2612 3450 Πῶς
2652 3386 2760 3458 γὰρ
2784 3386 2850 3440 ἂν
2882 3387 3159 3457 μεμπτέον
3207 3385 3430 3439 ἐδύνατο
3465 3386 3525 3437 τὸ
3552 3385 3717 3455 σῶμα
3745 3382 3865 3437 κατὰ

2301 3480 2399 3551 τὴν
2425 3478 2731 3549 προσοῦσαν
2760 3480 2908 3550 αὑτῷ
2938 3478 3097 3547 φύσιν
3122 3478 3269 3549 βιοῦν
3294 3473 3465 3539 εἷναις

2387 3662 2546 3716 Ἀλλά
2573 3663 2693 3716 οὑδὲ
2727 3662 2901 3725 ἄλλως
2928 3663 3006 3726 εἰς
3040 3661 3261 3729 ἁγνείαν
3292 3660 3325 3731 ἢ
3350 3658 3546 3730 ἀρετὴν
3578 3657 3862 3728 ὑπαχθῆναι

2302 3757 2363 3809 τὸ
2418 3755 2576 3826 σῶμα
2624 3754 2872 3818 ὲδὺνατο,
2927 3753 3167 3822 πεφυκὸς
3226 3752 3300 3823 μὴ
3358 3751 3757 3803 ὑποτάσσεσθαι
3799 3745 3865 3813 τῷ

2305 3846 2511 3915 ἀγαθῷ.
2542 3846 2603 3897 Εἰ
2633 3845 2741 3915 γάρ
2768 3848 2800 3915 ἡ
2835 3844 2995 3911 φὺσις
3038 3842 3262 3912 τοιαύτη
3291 3843 3390 3912 τῆς
3440 3842 3662 3913 σαρκὸς,
3693 3840 3762 3911 μὴ
3791 3837 3862 3890 δύα

2305 3938 2497 3990 νασοαι
2550 3936 2947 3990 ὑποτάσσεσθαι
2992 3935 3067 4005 τῷ
3114 3935 3263 4005 νόμῳ
3314 3934 3407 3986 τοῦ
3444 3933 3600 3995 Θεοῦ,
3642 3927 3864 4001 νόμοςᾶ

2306 4030 2441 4082 Θεοῦ
2474 4028 2787 4098 δικαιοσύνη
2820 4029 2913 4081 καὶ
2941 4026 3259 4098 σωφροσὺνη
3283 4042 3296 4055 ·
3326 4025 3490 4094 ἐχρῆν
3521 4024 3657 4093 μηδὲ
3682 4018 3859 4082 ﬁdi-38‘

2306 4121 2512 4183 νεύειν,
2565 4120 2699 4189 μήτε
2752 4092 3187 4187 ὲγκρατεὺεσθαιί
3238 4114 3496 4166 δύνασθαι
3552 4110 3613 4163 τὸ
3672 4106 3861 4162 σύνολον

2306 4212 2441 4276 ὅλως
2476 4215 2539 4265 ὲκ
2566 4211 2783 4273 παντός.
2826 4210 2887 4261 Εἰ
2920 4209 2976 4261 δὲ
3026 4206 3415 4277 παρθενεύουσι
3471 4204 3563 4257 καὶ
3589 4196 3858 4271 ἐγκρατεύ-

2307 4321 2479 4365 ονται,
2510 4303 2748 4371 δηλονότι
2794 4300 2855 4353 τὸ
2895 4300 3052 4369 σῶμα
3092 4299 3504 4351 ὑποτάσσουσιν.
3535 4295 3741 4354 Ἄλλως
3772 4289 3859 4357 γὰρ

2309 4394 2735 4466 ἑγκρατεὺεσθαι
2767 4391 3039 4463 ἁμαρτιας
3083 4389 3362 4443 ἀδύνατον.
3400 4388 3512 4439 Οὑκ
3552 4387 3664 4456 ἄρα
3693 4385 3747 4436 οὑ
3781 4379 3853 4432 δύο

2308 4506 2463 4542 ναται
2505 4487 2566 4539 τὸ
2614 4485 2772 4556 σῶμα
2816 4481 3217 4536 ὑποτάσσεσθαι
3266 4478 3342 4549 τῷ
3392 4479 3485 4531 τοῦ
3535 4477 3670 4529 Θεοῦ
3716 4474 3855 4541 νόμῳ.

632 4573 850 4642 subjici.
909 4570 1062 4637 Quod
1125 4570 1171 4624 si
1228 4585 1414 4623 verum
1466 4581 1632 4632 esset,
1699 4584 1935 4637 quanam
1994 4570 2198 4624 ratione

2318 4579 2470 4632 Ἐπεὶ
2499 4578 2615 4640 πῶς
2646 4577 2711 4629 ἂν
2744 4578 2771 4627 ὁ
2813 4576 3064 4645 Ἰωάννης
3093 4570 3357 4634 ὑπέταξεν
3389 4568 3581 4622 ἑαυτοῦ
3630 4568 3693 4619 τὸ
3729 4563 3856 4630 σῶμι

630 4666 872 4721 Joannes
932 4678 1132 4731 corpus
1167 4677 1325 4717 suum
1375 4660 1441 4715 ad
1485 4662 1793 4716 castitatem
1838 4662 1963 4725 sibi,
2012 4668 2106 4715 aut
2138 4661 2207 4715 ad

630 4757 1049 4814 sanctimoniam
1108 4753 1322 4815 Petrus,
1355 4752 1520 4823 578
1567 4760 1660 4805 aut
1700 4752 1767 4805 ad
1802 4752 2071 4822 justitiam
2108 4751 2205 4806 de-

2304 4672 2383 4732 εἰς
2419 4670 2671 4736 άγνείαν;
2711 4666 2743 4737 ἥ
2775 4665 2890 4728 πῶς
2925 4665 3128 4734 Πέτρος
3172 4664 3251 4725 εἰς
3279 4662 3531 4728 ὁσιότητα
3558 4675 3571 4723 ;
3603 4657 3636 4727 ἦ
3677 4656 3722 4709 oi
3751 4650 3857 4705 καθ-

2303 4760 2431 4831 εξῆς
2452 4762 2531 4823 είς
2554 4757 2932 4827 δικαιοσύνηνς
2971 4755 3094 4818 Πῶς
3134 4753 3188 4806 δὲ
3240 4754 3324 4807 καὶ
3372 4751 3610 4813 Παῦλοςο
3641 4748 3734 4815 Μὴ
3768 4740 3857 4797 οὖν

633 4852 799 4919 nique
835 4847 1015 4901 caeteri
1073 4844 1489 4900 subdidisscut?
1538 4842 1649 4897 Cur
1686 4845 1851 4898 etiam
1882 4842 2085 4897 Paulus
2132 4844 2198 4896 ita

2301 4851 2672 4919 βασιλευέτω
2716 4851 2754 4917 ή
2792 4848 3047 4917 ἁμαρτία
3102 4846 3169 4898 ἐν
3214 4844 3295 4909 τῷ
3342 4842 3537 4910 θνητῷ
3568 4841 3732 4911 ὑμῶν
3762 4833 3854 4889 σὼ-

634 4941 979 4996 monuisset:
1020 4936 1100 4991 Ne
1151 4938 1311 5006 igitur
1350 4945 1525 5005 regnet
1574 4945 1844 5003 peccatum
1892 4937 1944 4988 in
1992 4934 2198 4987 mortali

2301 4963 2459 5014 ματι,
2487 4943 2655 5011 λέγει,
2688 4942 2758 4993 ἐν
2786 4938 2865 5005 τῷ
2894 4938 3212 4991 ἐπακούειν
3253 4935 3381 5000 ταῖς
3419 4934 3749 5001 ἐπιθυμίαις
3775 4928 3849 4977 αἰ·-

632 5041 802 5087 restro
830 5045 1067 5098 corpore,
1103 5036 1159 5080 ut
1199 5025 1454 5080 obediatis
1490 5024 1862 5093 cupiditatibus
1896 5025 2081 5088 illius;
2117 5041 2208 5076 nec

630 5125 865 5180 exhibete
904 5121 1133 5176 membra
1184 5128 1355 5172 vestra
1399 5133 1551 5169 arma
1609 5118 1887 5186 injustitiae
1962 5126 2209 5185 peccato;

632 5219 722 5271 sed
778 5216 1012 5271 exhibete
1049 5214 1176 5276 Deo,
1217 5222 1469 5283 tanquam
1520 5227 1583 5265 ea:
1616 5212 1836 5265 mortuis
1874 5212 2094 5263 viventes
2116 5249 2130 5267 .
2162 5219 2211 5263 et

636 5309 868 5363 membra
922 5316 1095 5359 vestra
1152 5322 1302 5359 arma
1358 5304 1588 5374 justitia:
1630 5303 1739 5357 Deo
1771 5304 1831 5356 ⁸⁸1
1875 5302 2009 5356 Item
2037 5301 2205 5355 illud:

637 5399 1097 5464 Quemadmodum
1147 5396 1456 5449 exhibuistis
1517 5394 1750 5448 membra
1804 5403 1977 5447 vestra
2021 5395 2211 5448 servire

637 5488 1007 5552 immunditiis,
1046 5497 1094 5541 et
1129 5487 1399 5556 iniquitati
1447 5487 1515 5539 ad
1560 5486 1886 5555 iniquitatem
1910 5502 1929 5540 :
1965 5486 2041 5539 sic
2076 5501 2213 5538 nunc

636 5580 869 5636 exhibete
909 5580 1141 5634 membra
1180 5590 1350 5635 vestra
1394 5578 1581 5633 servire
1619 5578 1849 5647 justitiw
1878 5576 1947 5630 ad
1974 5577 2216 5644 sanctiﬁ-

639 5672 899 5727 cationem
922 5672 965 5727 '.

712 5787 731 5819 ¹
774 5784 930 5839 Rom.
963 5799 1080 5847 vni,
1110 5782 1165 5835 7.
1240 5786 1259 5816 ²
1295 5780 1314 5833 l
1348 5779 1473 5835 Cor.
1510 5796 1561 5849 v,
1599 5780 1682 5834 l7.
1760 5780 1781 5811 ⁸
1811 5780 1969 5837 Rom.
2002 5798 2100 5850 vn,
2127 5780 2217 5836 25.

2307 5038 2413 5091 τοῦ
2433 5053 2445 5067 ·
2486 5033 2637 5105 μηδὲ
2667 5029 3057 5101 παριστάνετε
3092 5028 3165 5081 τὰ
3183 5029 3340 5096 μέλη
3380 5026 3546 5095 ὑμῶν
3572 5026 3727 5078 ὅπλα
3756 5018 3854 5073 ἁδι-

2309 5130 2444 5193 κίιις
2487 5126 2558 5194 τῇ
2602 5124 2875 5193 ἁμαρτίᾳ,
2929 5120 3090 5175 ἀλλὰ
3146 5117 3577 5187 παραστήσατε
3620 5117 3701 5182 τῷ
3739 5109 3848 5173 Θεῷ.

2307 5220 2448 5273 ὡσεὶ
2482 5218 2550 5269 ἐκ
2581 5213 2810 5284 νεκρῶν
2834 5212 3071 5277 ζῶντας.
3105 5210 3203 5264 καὶ
3242 5209 3313 5262 τὰ
3338 5210 3495 5278 μέλη
3539 5209 3703 5277 ὑμῶν
3727 5205 3850 5258 ὅπλα

2306 5304 2699 5367 δικαιοσύνης
2743 5300 2823 5366 τῷ
2874 5297 3044 5363 Θεῷ;
3095 5299 3189 5351 καὶ
3236 5298 3428 5352 πάλιν·
3467 5299 3694 5364 Ὠσπερ
3737 5309 3851 5356 παρ-

2307 5396 2609 5463 εστήσατε
2659 5392 2729 5444 τὰ
2773 5390 2929 5459 μέλη
2980 5388 3147 5458 ὑμῶν
3200 5389 3391 5443 δοῦλα
3437 5388 3508 5456 τῇ
3554 5384 3849 5454 ἀκαθαρσίᾳ

2306 5485 2407 5539 καὶ
2432 5482 2502 5550 τῇ
2528 5482 2742 5550 ἀνομίᾳ
2772 5482 2859 5545 εἰς
2890 5479 3003 5546 τὴν
3026 5481 3303 5548 ἀνομίαν,
3345 5481 3531 5544 οὕτως
3559 5478 3675 5532 νῦν
3704 5487 3849 5542 παριε-

2308 5576 2574 5643 στήσιιτε
2605 5577 2677 5626 τὰ
2708 5571 2863 5642 μέλη
2899 5571 3064 5641 ὑμῶν
3087 5571 3277 5627 δοῦλα
3302 5570 3376 5641 τῇ
3408 5572 3752 5636 δικαιοσύνῃ
3783 5565 3846 5626 εὶς

2312 5668 2629 5739 ἁγιασμόν.

2315 5781 2336 5813 δ
2368 5782 2523 5835 Rom.
2561 5795 2634 5843 τι,
2674 5778 2758 5841 12,
2797 5778 2878 5832 15.
2956 5776 2977 5807 ⁸
3008 5777 3141 5830 ibid.
3177 5776 3261 5829 l9.
