4082 6394
291 386 427 441 “5'7

927 384 1295 440 ADVERSUS
1331 381 1671 440 llAiliESES
1703 381 1834 439 Lm.
1866 381 1880 435 1

1980 381 2132 437 ΓΟΜ.
2173 382 2298 436 1.-
2334 379 2604 436 ΠΛΞΠΕΞ.
2645 378 2825 434 LXIV.

3387 369 3528 425 H58

359 501 484 556 ΝΒ.
525 500 734 556 υύκοῦν
771 501 1035 570 ἐγίνωσκε
1081 503 1342 558 δύνασθαι
1385 503 1754 557 διευθύνεσθαι
1800 502 1862 554 τὸ

2035 501 2141 556 ιιι.
2177 500 2289 554 lloc
2341 501 2506 571 igitur
2539 497 2892 568 intelligebat,
2921 491 3332 550 tabernaculum
3382 487 3524 543 istud

291 590 555 661 σκήνωμα
595 593 788 659 τοῦτο,
849 595 941 647 καὶ
983 593 1157 648 νεύειν
1215 595 1349 667 πρὺς
1408 595 1468 648 τὸ
1505 593 1738 662 ἀγαθὸν,
1771 593 1856 647 ἵνα

1980 607 2124 648 JOSSC
2151 593 2371 662 corrigi,
2403 600 2458 647 et
2497 592 2562 646 ad
2611 592 2814 646 bonum
2847 587 3116 650 converti,
3140 595 3198 639 ut
3227 585 3280 637 in
3309 597 3374 637 eo
3403 596 3524 651 pecs

289 681 632 750 νεκρωθῶσιν
681 686 740 735 ἐν
787 684 936 755 αὑτῷ
991 683 1060 738 τά
1108 686 1495 756 ἁμαρτήματα.
1542 684 1694 737 Ἐπεὶ
1743 683 1859 747 πῶς

1980 695 2082 737 :ata
2120 685 2336 754 penitus
2382 684 2881 753 exstinguerentur.
2917 679 3050 744 Qua:
3084 677 3227 732 enim
3258 675 3360 729 alia
3387 673 3526 727 ratio

293 767 495 840 ἑτέρως
518 770 841 842 δουλωθῆναι
867 776 932 843 τῇ
958 774 1267 844 δικαιοσύνῃ
1296 772 1512 827 δύναται
1529 776 1555 826 ὁ
1577 773 1860 843 ἄνθρωπος

1961 785 2068 840 est,
2115 793 2221 847 qua
2264 777 2320 830 in
2375 777 2665 846 quamdam
2718 773 2943 844 justitiae
2993 771 3306 826 servitutem
3357 765 3526 835 redigi

290 858 412 927 (ml.
444 861 528 930 ἐφ’
557 861 753 932 ἡμῶν),
781 863 874 916 ἐὰν
903 863 974 934 μὴ
1005 864 1266 936 πρότερον
1294 863 1562 928 ὑποτάξας
1602 864 1762 916 αὑτοῦ
1793 863 1862 915 τὰ

1980 884 2125 924 toruo
2157 869 2352 938 possit,
2403 869 2510 924 nisi
2540 869 2692 938 prius
2719 865 2900 920 carnis
2925 878 3038 919 sua:
3074 861 3317 916 membra
3357 857 3527 926 subji-

289 950 432 1020 μέλη
492 952 588 1022 τῆς
640 954 856 1023 σαρκὸς,
907 958 986 1019 είς
1029 956 1090 1008 τὸ
1135 955 1209 1026 μὴ
1258 956 1550 1009 ὑπακούειν
1601 953 1738 1008 αὑτὰ
1793 956 1859 1024 τῇ

1980 963 2136 1026 :iens,
2189 969 2250 1015 ut
2306 976 2415 1014 non
2445 968 2667 1029 peccato
2721 959 2954 1029 amplius
2989 955 3390 1023 obsequantur,
3437 950 3530 1005 sed

295 1045 571 1115 ἁμαρτία,
614 1046 747 1099 ἀλλὰ
793 1050 858 1117 τῇ
910 1048 1250 1121 δικαιοσύνῃ,
1312 1049 1693 1118 πολιτεύσηται
1743 1049 1861 1100 κατ’

1956 1052 2201 1119 iustitiae,
2231 1054 2392 1106 vitam
2417 1067 2570 1106 suam
2595 1051 2819 1122 perinde
2846 1064 2909 1104 ac
2934 1048 3152 1104 Christo
3174 1046 3397 1116 dignum
3424 1049 3532 1105 est,

294 1134 454 1199 ἀξίαν
489 1135 581 1188 τοῦ
628 1137 862 1208 Χριστοῦ
887 1155 900 1202 ;
927 1138 1145 1210 Ἐπειδὴ
1203 1139 1264 1192 τὸ
1310 1140 1643 1211 ἁμαρτῆσαι,
1674 1140 1768 1192 καὶ
1801 1138 1862 1191 τὸ

1985 1145 2250 1201 nstituat?
2295 1144 2562 1210 Quoniam
2612 1143 2832 1214 quidem
2877 1155 3123 1212 peccare,
3156 1140 3240 1194 vel
3270 1153 3378 1192 non
3407 1151 3534 1207 pec—

303 1227 376 1298 μὴ
425 1229 734 1299 ἁμαρτῆσαι
767 1229 854 1283 διὰ
891 1229 983 1282 τοῦ
1017 1229 1264 1300 σώματος
1298 1233 1526 1298 γίνεται,
1561 1231 1656 1301 τῆς
1685 1230 1863 1300 ψυχῆς

1980 1253 2090 1292 :are
2119 1253 2216 1307 per
2242 1252 2445 1306 corpus
2499 1235 2761 1305 suppetit,
2791 1249 2900 1304 quo
2929 1231 2999 1286 ad
3029 1233 3284 1286 virtutem
3317 1236 3410 1283 aut
3441 1245 3535 1282 ne-

299 1315 332 1389 ἢ
373 1321 508 1388 πρὸς
559 1321 757 1391 ἀρετὴν
797 1321 829 1392 ἢ
885 1321 1018 1393 πρὸς
1070 1322 1266 1375 κακίαν
1310 1321 1524 1392 ὀργάνῳ
1579 1321 1865 1391 χρωμένης

299 1411 466 1480 αὑτῷ.
514 1413 576 1464 Et
621 1411 729 1483 γάρ
779 1413 928 1466 Οὐτε
968 1415 1198 1482 πόρνοι,
1240 1413 1378 1467 οὔτε
1423 1411 1863 1480 εἰδωλολάτραι,

302 1505 438 1557 οὔτε
475 1506 696 1573 μοιχοὶ,
736 1506 872 1560 οὔτε
915 1507 1354 1576 ἀρσενοκοῖται,
1407 1507 1545 1560 οὔτε
1582 1505 1864 1575 μαλακοί,

301 1595 439 1648 οὔτε
486 1595 757 1661 κλέπται,
810 1598 947 1650 οὔτε
989 1597 1372 1661 πλεονέκται,
1412 1597 1551 1651 οὔτε
1592 1595 1867 1665 μέθυσοι,

297 1687 374 1739 οὐ
402 1687 680 1774 λοίδοροι,
708 1689 847 1743 οὔτε
885 1689 1164 1759 ἅρπαγες,
1192 1689 1519 1752 ,βασιλείαν
1547 1687 1690 1742 Θεοῦ
1725 1690 1872 1755 κλη-

1964 1329 2194 1400 quitiam
2225 1330 2549 1384 administro
2579 1327 2796 1382 animus
2835 1326 3026 1380 utitur.
3064 1325 3134 1379 Et
3169 1323 3386 1392 quidem
3409 1334 3533 1374 cum

1968 1421 2150 1493 Neque
2193 1423 2564 1492 fornicatores,
2631 1435 2722 1474 nec
2761 1417 3084 1482 idololatrw,
3131 1431 3222 1469 nec
3283 1411 3533 1474 adulteri,

1965 1530 2128 1583 neque
2155 1514 2516 1567 masculorum
2542 1509 2919 1571 concubitores,
2968 1523 3127 1577 neque
3151 1503 3352 1567 molles,
3377 1518 3537 1572 neque

1967 1603 2130 1672 fures,
2187 1621 2278 1658 nec
2326 1605 2498 1667 avari,
2553 1617 2644 1655 nec
2667 1599 2880 1662 ebriosi,
2912 1613 3071 1668 neque
3124 1596 3493 1650 conviciatores
3519 1635 3535 1660 ,

1967 1712 2128 1766 neque
2168 1705 2404 1764 raptores
2455 1707 2670 1763 regnum
2724 1688 2823 1742 Dei
2864 1687 3136 1759 possidere
3163 1684 3442 1754 possint‘;
3472 1697 3536 1737 ea

297 1778 633 1848 ρονομῆσαι
701 1779 986 1834 δύνανται
1010 1797 1040 1826 ·.
1077 1780 1402 1852 πληροῦνται
1450 1779 1506 1833 δὲ
1563 1778 1734 1832 ταῦτα
1778 1779 1871 1832 καὶ

1980 1799 2134 1856 porro
2189 1784 2371 1838 omnia
2422 1781 2669 1852 corporis
2724 1776 3057 1832 adminiculo
3097 1774 3446 1845 perﬁciantur
3474 1785 3538 1825 ac

304 1868 660 1940 κρατύνονται
708 1869 796 1923 διὰ
823 1871 916 1924 τοῦ
957 1869 1232 1942 σώματος·
1257 1868 1560 1924 δικαιοῦται
1595 1869 1651 1920 δὲ
1678 1867 1868 1935 οὐδεὶς,

1980 1877 2433 1932 corroborentur:
2463 1873 2754 1944 iustiﬁcari
2803 1885 2970 1942 porro
3003 1883 3162 1926 nemo
3200 1869 3392 1938 possit,
3432 1866 3537 1920 nisi

304 1960 400 2012 ὲὰν
440 1961 513 2032 μὴ
549 1961 762 2032 πρῶτον
805 1963 1085 2035 κρατήσῃ·
1139 1964 1329 2034 κρατεῖ
1381 1961 1438 2014 δὲ
1486 1960 1690 2015 τούτων
1725 1962 1754 2013 ὁ
1781 1961 1872 2015 ὲκ-

304 2051 474 2106 νεύων
522 2053 658 2124 πρὸς
704 2054 1052 2126 σωφροσύνην
1103 2056 1195 2108 καὶ
1239 2055 1451 2108 πίστιν·
1512 2053 1872 2108 ὑποτάσσεται

299 2143 414 2213 ἄρα
443 2141 519 2213 τῷ
545 2143 693 2214 νόμῳ
711 2144 805 2198 τοῦ
843 2145 996 2199 Θεοῦ.
1026 2147 1207 2217 Νόμος
1234 2147 1341 2219 γάρ
1364 2145 1498 2200 Θεοῦ
1529 2146 1871 2218 σωφροσύνη.

307 2233 470 2286 Ὥστε
512 2236 540 2287 ὁ
580 2235 896 2301 Ἀπόστολος
942 2238 1003 2290 οὑ
1037 2237 1134 2309 τὴν
1164 2238 1340 2309 σάρκα
1369 2237 1442 2308 μὴ
1475 2236 1872 2290 ὑποτάσσεσθαι

302 2324 384 2393 τῷ
404 2325 591 2396 ἀγαθῷ
632 2326 756 2397 ἔφη,
796 2327 932 2381 ἀλλὰ
972 2328 1032 2381 τὸ
1082 2329 1336 2399 φρόνημα
1363 2329 1464 2399 τῆς
1503 2328 1724 2399 σαρκὸς,
1763 2323 1874 2381 οἷον

305 2410 403 2482 τὴν
436 2412 608 2483 ὁρμὴν
633 2414 822 2484 αὐτῆς,
853 2415 1022 2487 αὐτὴν
1041 2416 1139 2488 τὴν
1171 2416 1305 2486 πρὸς
1342 2417 1404 2470 τὸ
1444 2418 1625 2472 ἄδικον
1673 2417 1876 2471 ἔκκαυ-

309 2520 413 2558 σιν.
458 2505 908 2578 Ἐκκαθαίρεσθαι
941 2509 1069 2578 γοῦν
1094 2509 1219 2581 ἔφη,
1251 2511 1375 2582 ἄχρι
1416 2513 1510 2566 καὶ
1530 2512 1629 2584 τὴν
1660 2529 1878 2583 γαστρι-

306 2600 584 2672 μαργικὴν
623 2601 889 2671 ἀκρασίαν
910 2601 1362 2674 διαμιλλώμενος·
1393 2604 1655 2659 διδάσκων
1689 2605 1746 2659 δὲ
1777 2605 1877 2669 τὰς

308 2689 560 2753 τοιαύτας
588 2692 791 2762 ὀρέξεις
825 2694 919 2746 καὶ
949 2693 1142 2765 ἡδονάς
1183 2695 1589 2759 ὲξαπὸλλυσθαι,
1621 2698 1714 2749 καὶ
1753 2713 1879 2749 κατ-

311 2778 576 2847 αισχύνων
638 2783 762 2844 τοὺς
803 2782 862 2834 τὸ
901 2785 1107 2854 τρυφᾷν
1161 2784 1318 2837 τοῦτο
1363 2786 1454 2837 καὶ
1504 2784 1877 2838 πολιτεύεσθαι

311 2863 444 2921 εῖναι
500 2871 851 2941 νομίζοντας’
901 2873 950 2926 οἳ
1006 2875 1136 2928 Θεὸν
1193 2875 1448 2947 ἡγοῦνται
1496 2878 1594 2947 τὴν
1650 2878 1875 2931 κοιλίαν.

313 2959 590 3030 Φιὶγιωμεν
616 2965 714 3016 καὶ
745 2966 998 3033 π’ωμεν·
1020 2966 1227 3034 αὔριον
1251 2968 1359 3038 γὰρ
1390 2968 1874 3036 ἀποθνήσκομεν

311 3055 560 3126 καθάπερ
586 3056 837 3128 άδηφάγα
863 3057 1091 3129 σώματα
1117 3060 1266 3113 κάτω
1296 3061 1422 3132 περὶ
1459 3060 1558 3130 τὴν
1593 3059 1754 3130 βοράν
1787 3060 1880 3130 μό-

314 3162 402 3198 νον
431 3147 522 3198 καὶ
552 3147 826 3216 τραπέζας
865 3149 1256 3221 άσχολούμενα.

385 3412 567 3466 Εἰπὼν
603 3428 692 3464 τευ
735 3411 810 3466 Τὰ
835 3409 1119 3481 ,ϐρώματα
1168 3410 1240 3481 τῇ
1281 3412 1496 3478 κοιλίᾳ,
1534 3412 1632 3465 καί
1675 3413 1712 3480 ’ἡ
1763 3429 1884 3467 noc-

313 3507 418 3562 λία
454 3505 576 3570 τοῖς
615 3505 948 3574 βρώμασιν.
992 3505 1054 3557 '0
1097 3503 1165 3556 δὲ
1215 3505 1358 3570 Θεὸς
1396 3505 1493 3557 καί
1533 3505 1758 3573 ταύτην
1785 3506 1883 3559 καί

313 3597 500 3652 ταῦτα
527 3595 920 3666 καταργήσειο
951 3597 1230 3667 ἐπήγαγε·
1265 3596 1334 3649 Τὸ
1377 3595 1445 3648 δὲ
1491 3594 1662 3664 σῶμα
1703 3598 1772 3650 οὐ
1810 3595 1886 3665 τῇ

313 3690 582 3757 πορνείᾳ,
605 3689 764 3743 ἀλλὰ
784 3685 862 3753 ἐῷ
881 3688 1093 3756 Κυρίῳ,
1121 3686 1217 3740 καὶ
1245 3690 1278 3741 ὀ
1299 3688 1514 3756 Κύριος
1537 3686 1617 3752 τῷ
1638 3686 1884 3756 σώματι.

331 3784 391 3834 Ὀ
420 3782 488 3834 δὲ
521 3781 663 3848 Θεὸς
698 3780 795 3834 καί
832 3780 938 3833 τὸν
963 3781 1179 3847 Κύριον
1213 3779 1432 3850 ἤγειρε,
1476 3780 1574 3833 καὶ
1607 3779 1765 3848 ἡμᾶς
1800 3778 1889 3844 ἐξ·

318 3874 505 3942 εγερεῐ
543 3872 640 3925 διὰ
678 3870 786 3940 τῆς
821 3871 1128 3939 δυνάμεως
1173 3871 1379 3925 αὐτοῦ.
1411 3874 1473 3927 Ἢ
1516 3874 1627 3926 οὐκ
1669 3872 1886 3939 οἴδατε,

321 3965 408 4018 ὅτι
435 3964 506 4017 τὰ
525 3963 680 4032 μέλη
702 3962 866 4032 ὑμῶν
886 3964 1042 4032 μέλη
1073 3962 1326 4030 Χριστοῦ
1358 3963 1570 4027 έστιν;
1601 3960 1745 4030 Ἆρα
1776 3960 1890 4018 οὖν

320 4058 392 4110 τὰ
414 4057 569 4126 μέλη
603 4056 705 4109 τοῦ
744 4053 998 4122 Χριστοῦ
1039 4053 1270 4120 ποιήσω
1309 4056 1537 4122 πόρνης
1563 4056 1757 4122 μέλη;
1793 4054 1889 4122 Μὴ

319 4146 548 4218 γένοιτο
565 4146 586 4198 .’
631 4149 698 4201 Ἠ
743 4147 852 4200 οὐκ
895 4144 1094 4198 οἴδατε
1119 4187 1134 4210 ,
1179 4144 1268 4198 ὅτι
1311 4148 1344 4198 ό
1399 4145 1776 4214 κολλώμενος
1816 4145 1892 4215 τῇ

318 4242 512 4306 πόρνῃ
565 4236 633 4290 ἒν
670 4235 840 4305 σῶμά
891 4236 1058 4297 ἐστι;
1089 4237 1363 4289 Ἔσονται
1412 4236 1551 4305 γὰρ,
1605 4238 1788 4308 φησὶν,
1839 4241 1892 4293 οί

321 4332 428 4385 δύο
454 4335 538 4397 εἰς
563 4329 756 4398 σάρκα
781 4331 948 4399 μίαν.
985 4331 1037 4382 Ὀ
1077 4328 1145 4382 δὲ
1185 4326 1559 4396 κολλώμενος
1596 4326 1675 4394 τῷ
1701 4330 1894 4397 Κυρίῳ

319 4425 392 4477 ἐν
449 4420 684 4491 πνεῦμά
725 4422 874 4475 ἐστι.
940 4421 1188 4489 Φεύγετε
1243 4417 1357 4485 τὴν
1400 4419 1704 4487 πορνείαν.
1764 4420 1896 4474 Πᾶν

1971 1970 2126 2040 prius
2177 1969 2280 2025 ista
2333 1967 2605 2038 superarit
2635 1981 2650 2019 :
2688 1980 2810 2037 quae
2837 1963 3054 2035 quidem
3087 1962 3136 2016 is
3179 1969 3420 2028 superat,
3445 1958 3538 2027 qui

1973 2073 2032 2114 se
2064 2057 2132 2112 ad
2181 2057 2594 2128 temperantiam
2644 2055 2914 2124 iidemque
2959 2051 3265 2117 convertit;
3307 2047 3540 2104 elﬁcitur

1973 2150 2078 2219 legi
2108 2148 2204 2204 Dei
2239 2164 2440 2219 corpus
2472 2161 2634 2219 posse
2672 2146 2890 2216 subjici.
2923 2142 3017 2200 Dei
3048 2143 3246 2214 quippe
3290 2141 3373 2196 les
3405 2147 3542 2194 tem-

1973 2241 2216 2313 perantia
2263 2248 2366 2294 est.
2416 2238 2778 2306 Quamobrem
2827 2235 3122 2306 Apostolus
3165 2247 3272 2287 non
3316 2246 3539 2286 carnem

1974 2333 2151 2403 ipsam
2183 2333 2383 2387 asserit
2406 2330 2509 2402 legi
2541 2329 2633 2385 Dei
2661 2327 2860 2398 subjici
2883 2343 2991 2382 non
3019 2341 3200 2398 posse,
3238 2325 3332 2381 scd
3358 2325 3542 2380 carnis

1976 2423 2298 2493 sapientiam
2322 2425 2364 2486 ',
2385 2422 2487 2475 hoc
2514 2427 2619 2484 est,
2645 2422 2764 2489 ejus
2791 2420 3071 2490 impetum,
3092 2426 3145 2472 et
3172 2417 3451 2472 ardentem
3476 2417 3540 2470 ad

1976 2514 2302 2584 injustitiatn
2323 2513 2820 2582 inﬂammatamque
2849 2511 3222 2580 cupiditatem.
3243 2507 3542 2579 Repurgari

1975 2605 2208 2675 proinde
2259 2605 2446 2674 jussit,
2505 2613 2568 2660 ut
2621 2604 2707 2660 vel
2760 2604 2934 2674 ipsam
2986 2602 3195 2658 ventris
3249 2601 3542 2672 ingluviem

1977 2708 2268 2752 conaretur
2319 2698 2686 2768 exstinguere,
2725 2711 2848 2750 cum
2896 2693 3165 2763 ejusmodi
3217 2693 3546 2764 cupiditates

1979 2803 2043 2843 ac
2071 2790 2375 2858 voluptates
2406 2789 2632 2842 interire
2677 2793 3031 2851 monstraret,
3087 2784 3284 2853 iisque,
3312 2784 3407 2853 qui
3462 2783 3547 2838 his

1979 2881 2054 2935 uti
2081 2880 2292 2935 deliciis
2321 2869 2500 2934 vivere
2543 2893 2666 2934 esse
2699 2877 3004 2943 crederent,
3032 2876 3293 2946 pudorem
3337 2876 3550 2932 incute-

1979 2982 2064 3028 ret
2091 2991 2104 3027 :
2129 2972 2224 3043 qui
2258 2971 2426 3027 Deum
2457 2985 2580 3026 esse
2601 2977 2846 3024 ventrem
2893 2968 2914 3000 ³
2946 2967 3282 3023 existimant.
3319 2965 3550 3019 Mandu-

1981 3080 2153 3118 cemus
2205 3071 2255 3116 et
2292 3062 2567 3126 bibamus;
2604 3076 2723 3114 cras
2756 3061 2893 3112 enim
2918 3123 2928 3133 .
2957 3058 3240 3110 moriemur
3275 3055 3318 3108 ‘.
3358 3054 3551 3121 Quem-

1982 3154 2274 3210 admodum
2324 3152 2679 3208 voracissima
2732 3151 2981 3221 qumdam
3036 3160 3290 3218 corpora,
3325 3162 3445 3217 quae
3482 3146 3551 3200 ad

1985 3247 2242 3317 pabulum
2271 3245 2482 3314 ahjecta
2517 3253 2632 3298 t0ta
2679 3243 2734 3298 in
2775 3241 2980 3297 mensis
3005 3255 3066 3295 ac
3099 3240 3364 3295 conviviis
3393 3253 3548 3293 occu-

1989 3346 2208 3409 patitur.

2054 3427 2192 3483 Tum
2217 3436 2503 3497 postquam
2543 3425 2630 3480 Itis
2659 3425 2840 3480 verbis
2866 3439 3000 3480 usus
3030 3431 3114 3478 cst
3149 3442 3162 3478 :
3197 3423 3334 3477 Esca
3363 3423 3552 3486 ventri,

1982 3534 2030 3578 et
2058 3531 2230 3578 uenter
2249 3523 2402 3574 escis.
2419 3518 2558 3572 Deus
2585 3526 2756 3571 autem
2770 3516 2904 3569 hunc
2919 3523 2968 3570 et
2988 3514 3112 3568 illas
3135 3515 3388 3578 destruet;
3403 3514 3554 3584 adje-

1986 3615 2090 3670 cit:
2112 3613 2312 3681 Corpus
2325 3620 2497 3664 autem
2521 3626 2625 3664 non
2649 3608 3007 3678 fornicationi,
3023 3607 3112 3660 sed
3131 3606 3368 3669 Domino,
3385 3617 3433 3660 et
3454 3605 3554 3660 Da-

1986 3707 2158 3760 minus
2188 3706 2410 3772 corpori.
2441 3701 2603 3773 579
2630 3699 2771 3754 Deus
2803 3708 2976 3752 autem
2997 3707 3045 3752 et
3074 3696 3358 3751 Dominum
3385 3699 3556 3751 susci-

1989 3799 2134 3863 tavit,
2165 3806 2212 3850 et
2231 3813 2324 3851 nos
2351 3793 2628 3849 suscitabit
2648 3808 2740 3861 per
2755 3793 2998 3845 uirtutem
3022 3790 3204 3858 ipsius.
3235 3791 3316 3843 An
3347 3790 3558 3843 nescitis

1982 3890 2233 3960 quoniam
2257 3887 2489 3942 membra
2511 3895 2681 3939 vestra
2709 3882 2940 3937 membra
2953 3881 3150 3936 Christi
3171 3883 3330 3936 sunt?
3351 3879 3433 3933 An
3462 3881 3542 3950 igi-

1989 3991 2075 4034 tur
2099 3983 2329 4033 membra
2345 3977 2543 4032 Christi
2573 3976 2768 4046 faciam
2789 3974 3019 4027 membra
3039 3973 3322 4026 meretricis
3339 3973 3362 4027 17
3378 3971 3560 4024 Absit!

1992 4071 2222 4126 Nescitis
2251 4070 2499 4140 quoniam
2525 4068 2614 4137 qui
2643 4066 2875 4121 adhwret
2898 4065 3158 4118 meretrici
3179 4080 3339 4118 unum
3370 4079 3560 4131 corpus

1989 4166 2104 4218 est?
2135 4161 2305 4215 Erunt
2341 4161 2501 4224 enim,
2538 4159 2728 4229 inquit,
2758 4157 2862 4210 duo
2901 4159 2957 4210 in
2999 4171 3208 4209 carnem
3248 4171 3430 4209 unam.
3457 4155 3562 4222 Qui

1991 4265 2169 4308 autem
2230 4253 2463 4306 adlueret
2509 4250 2761 4314 Domino,
2798 4265 2934 4302 unus
2982 4247 3200 4317 spiritus
3231 4255 3328 4300 est.
3377 4244 3560 4316 Fugite

1993 4346 2416 4415 fornicationem.
2451 4340 2617 4397 Omne
2664 4348 2933 4408 peccatum
2961 4336 3300 4408 quodcunque
3321 4350 3565 4404 peccaue-

1999 4441 2069 4492 rit
2092 4437 2266 4499 homo,
2327 4446 2480 4488 extra
2537 4447 2724 4500 corpus
2754 4440 2867 4494 est;
2915 4430 3003 4500 qui
3035 4439 3210 4482 autem
3243 4427 3561 4496 fornicatur,

322 4512 629 4582 ἁμάρτημα
659 4511 690 4564 ὃ
719 4511 826 4566 ἐὰν
865 4510 1178 4578 ἁμαρτήσῃ
1227 4508 1554 4578 ἅνθρωπος,
1587 4510 1760 4576 ἐκτὸς
1790 4511 1880 4565 τοί

1999 4529 2055 4581 in
2077 4529 2346 4598 proprium
2374 4539 2559 4592 corpus
2585 4532 2782 4592 peccat.
2801 4522 2882 4576 An
2918 4521 3149 4585 nescitis,
3177 4519 3314 4590 quod
3345 4533 3564 4586 corpora

321 4605 594 4673 σώματός
615 4604 804 4656 ἐστιν.
842 4601 904 4654 '0
933 4600 1000 4654 δὲ
1027 4602 1353 4668 πορνεύων,
1378 4603 1464 4667 εὶς
1502 4603 1566 4654 τὸ
1598 4601 1752 4654 ἴδιον
1776 4600 1880 4654 σῶ-

2002 4631 2176 4674 uestra
2213 4617 2460 4684 templum
2488 4626 2610 4669 sunt
2651 4615 2764 4684 ejus
2791 4614 2881 4682 qui
2914 4614 2970 4666 in
3032 4611 3173 4666 vobis
3200 4621 3278 4664 est
3308 4611 3561 4680 Spiritus,

318 4713 404 4766 μα
448 4691 785 4762 ἁμαρτάνει.
847 4693 915 4748 Ἦ
959 4694 1068 4745 οὐκ
1117 4691 1336 4756 οἴδατε,
1386 4691 1475 4744 ὅτι
1531 4691 1604 4746 τὰ
1651 4691 1880 4761 σώματα

2000 4726 2149 4781 quem
2179 4708 2378 4762 habetis
2410 4724 2442 4760 a
2474 4706 2598 4768 Deo,
2623 4715 2791 4760 etnon
2839 4705 2962 4758 estis
2994 4705 3187 4758 vestri?
3225 4702 3403 4771 Empti
3425 4703 3564 4755 enim

323 4787 489 4858 ὑμῶν
513 4786 658 4853 ναὸς
699 4785 807 4840 τοῦ
847 4785 916 4838 ἐν
944 4784 1086 4854 ὑμῖν
1110 4785 1281 4854 ἁγίου
1328 4786 1673 4853 Πνεύματός
1703 4785 1880 4838 ἐστιν.

1996 4802 2122 4854 estis
2167 4799 2354 4869 pretio.
2413 4794 2720 4866 Gloriﬁcate
2764 4797 2926 4866 igitur
2955 4794 3124 4848 Deum
3172 4795 3228 4847 in
3261 4793 3564 4860 corporibus

325 4876 396 4935 οὗ
421 4880 588 4948 ἔχετε
619 4879 736 4932 ἀπὸ
777 4877 946 4939 Θεοῦ,
976 4876 1074 4930 καί
1105 4878 1215 4929 οὐκ
1254 4876 1396 4930 ἐστὲ
1434 4874 1701 4939 ἐαυτῶν;
1739 4876 1897 4944 Ἠγο-
1993 4891 2180 4948 vam-8
2211 4891 2255 4945 ε.
2333 4925 2348 4942 δ

317 4971 582 5042 ράσθητε
616 4969 726 5038 γὰρ
771 4965 965 5036 τιμῆς.
1015 4965 1318 5032 Δοξάσατε
1364 4962 1478 5021 οὖν
1519 4965 1626 5020 τὸν
1654 4966 1800 5021 Θεὸν
1829 4966 1900 5020 ἐν

324 5063 405 5128 τῷ
433 5061 655 5131 σώματι
680 5059 864 5129 ὑμῶν.

395 5156 519 5208 NF'.
561 5154 824 5225 Πρόσχες,
853 5155 955 5218 ὃτι,
984 5153 1174 5222 ἐπειδὴ
1202 5151 1265 5204 τὸ
1292 5150 1452 5221 σῶμα
1484 5149 1641 5204 τοῦτο
1672 5149 1896 5204 δύναται

321 5249 415 5302 τὸν
444 5249 606 5318 νόμον
632 5246 724 5300 τοῦ
757 5245 893 5299 Θεοῦ
928 5247 1021 5299 καὶ
1057 5245 1154 5315 τὴν
1191 5242 1488 5298 ἀθανασίαν
1515 5241 1896 5308 ὑποδέξασθαι,

329 5340 422 5392 ἐὰν
467 5337 778 5407 καθαίροιτο
823 5337 924 5407 τῆς
975 5334 1242 5404 ἀκρασίας
1288 5326 1396 5386 τῶν
1432 5331 1894 5401 ὑπεκκαυμάτων,

334 5430 405 5502 μὴ
427 5430 779 5500 χραινὸμενον
807 5428 1067 5498 ἀθέσμοις
1092 5429 1227 5492 ὅλως
1255 5427 1483 5496 οἴστρων
1509 5424 1893 5496 παρατρισαῖς,

337 5523 458 5577 διὸὸ
491 5522 810 5584 Ἀπόστολος
853 5520 1026 5572 ταῦτα
1071 5517 1455 5586 διεφθέγξατο·
1499 5519 1649 5568 ποῖον
1693 5514 1802 5587 γάρ
1835 5516 1898 5568 τὸ

332 5611 868 5683 κολλώμενονέτερον
893 5614 959 5681 τῇ
985 5610 1156 5682 πόρνῃ
1180 5609 1273 5662 καὶ
1300 5607 1617 5680 πλησιάζον,
1643 5607 1735 5662 καὶ
1759 5605 1896 5676 σάρξ

2072 5148 2202 5205 Llll.
2237 5149 2295 5204 In
2341 5165 2450 5220 quo
2494 5148 2652 5204 velim
2705 5148 2838 5202 illud
2892 5146 3328 5212 animadvertas,
3371 5163 3472 5219 pro
3502 5164 3570 5203 eo

2000 5240 2148 5312 quod
2193 5255 2392 5310 corpus
2437 5240 2580 5294 istud
2635 5240 2739 5308 legi
2787 5238 2879 5293 Dei
2926 5239 3428 5309 immortalitatique
3473 5253 3568 5292 ca-

1998 5332 2207 5402 piendas
2239 5331 2494 5386 idoneum
2518 5341 2622 5392 est,
2652 5331 2698 5386 si
2730 5331 2799 5385 ab
2829 5330 3080 5386 omnibus
3112 5330 3397 5385 libidinum
3434 5330 3572 5384 inci-

1995 5423 2255 5477 tumentis
2293 5423 2367 5475 ita
2413 5429 2696 5491 purgetur,
2724 5421 2889 5476 nullis
2928 5431 2986 5489 ut
3027 5421 3358 5476 nefariarum
3385 5419 3570 5474 illece-

1994 5515 2216 5570 brarum
2285 5515 2522 5584 stimulis
2587 5514 3036 5578 commaculetur,
3083 5513 3288 5568 idcirco
3333 5511 3448 5566 hac
3501 5511 3572 5566 ab

1992 5606 2256 5677 Apostolo
2286 5621 2410 5662 esse
2439 5605 2604 5661 dicta.
2641 5606 2784 5672 Quid
2831 5609 2975 5661 enim
3007 5605 3154 5661 aliud
3200 5613 3305 5666 est.
3327 5603 3473 5676 quod
3500 5604 3572 5659 ad

400 5792 420 5826 ί
451 5790 471 5847 Ι
499 5789 624 5848 Cor.
661 5809 734 5856 vt,
767 5790 854 5846 tO.
931 5791 950 5820 '
977 5789 1131 5844 Rom.
1161 5803 1282 5855 vm,
1309 5789 1366 5843 ’7.
1444 5787 1464 5819 ³
1493 5785 1572 5841 Ph
1597 5787 1726 5857 lipp.
1753 5801 1832 5852 Ill,
1869 5788 1880 5839 l

2032 5787 2054 5819 ⁸
2089 5787 2107 5841 l
2135 5786 2260 5843 Cor.
2299 5803 2389 5852 xv,
2420 5785 2508 5841 52.
2587 5786 2608 5818 ⁸
2641 5784 2663 5839 Ι
2691 5785 2817 5842 Cor.
2851 5802 2924 5852 Vl,
2966 5783 3150 5839 13-20.
