  <div class='ocr_page' id='page_1' title='image "/cluster/home/n/w/nwhite01/storage/ocr_20150623/41/nnc1.0046978747/659.png"; bbox 0 0 4082 6394; ppageno 0'>
   <div class='ocr_carea' id='block_1_1' title="bbox 581 379 724 438">
    <p class='ocr_par' dir='ltr' id='par_1_1' title="bbox 581 379 724 438">
     <span class='ocr_line' id='line_1_1' title="bbox 581 379 724 438; baseline 0.014 -2"><span class='ocrx_word' id='word_1_1' title='bbox 581 379 724 438; x_wconf 76' lang='grc'><strong>1159</strong></span> 
     </span>
    </p>
   </div>
   <div class='ocr_carea' id='block_1_2' title="bbox 1990 381 2427 438">
    <p class='ocr_par' dir='ltr' id='par_1_2' title="bbox 1990 381 2427 438">
     <span class='ocr_line' id='line_1_2' title="bbox 1990 381 2427 438; baseline -0.005 0"><span class='ocrx_word' id='word_1_2' title='bbox 1990 381 2046 438; x_wconf 88' lang='lat' dir='ltr'><strong>S.</strong></span> <span class='ocrx_word' id='word_1_3' title='bbox 2088 382 2427 437; x_wconf 74' lang='lat' dir='ltr'><strong>EPIPIMNII</strong></span> 
     </span>
    </p>
   </div>
   <div class='ocr_carea' id='block_1_3' title="bbox 3717 392 3882 448">
    <p class='ocr_par' dir='ltr' id='par_1_3' title="bbox 3717 392 3882 448">
     <span class='ocr_line' id='line_1_3' title="bbox 3717 392 3882 448; baseline 0.012 -2"><span class='ocrx_word' id='word_1_4' title='bbox 3717 392 3882 448; x_wconf 78' lang='lat' dir='ltr'><strong>H60</strong></span> 
     </span>
    </p>
   </div>
   <div class='ocr_carea' id='block_1_4' title="bbox 577 499 2153 578">
    <p class='ocr_par' dir='ltr' id='par_1_4' title="bbox 577 499 2153 575">
     <span class='ocr_line' id='line_1_4' title="bbox 577 499 2153 575; baseline 0.001 -18"><span class='ocrx_word' id='word_1_5' title='bbox 577 501 920 557; x_wconf 62' lang='lat' dir='ltr'><strong>meretricem</strong></span> <span class='ocrx_word' id='word_1_6' title='bbox 955 499 1316 566; x_wconf 70' lang='lat' dir='ltr'><strong>adhmresrat,</strong></span> <span class='ocrx_word' id='word_1_7' title='bbox 1347 511 1398 556; x_wconf 90' lang='lat' dir='ltr'><strong>et</strong></span> <span class='ocrx_word' id='word_1_8' title='bbox 1430 501 1497 556; x_wconf 88' lang='lat' dir='ltr'><strong>ad</strong></span> <span class='ocrx_word' id='word_1_9' title='bbox 1523 517 1641 557; x_wconf 85' lang='lat' dir='ltr'><strong>eam</strong></span> <span class='ocrx_word' id='word_1_10' title='bbox 1675 503 1919 568; x_wconf 86' lang='lat' dir='ltr'><strong>accedat,</strong></span> <span class='ocrx_word' id='word_1_11' title='bbox 1947 521 2153 575; x_wconf 65' lang='lat' dir='ltr'><strong>unaque</strong></span> 
     </span>
    </p>
   </div>
   <div class='ocr_carea' id='block_1_5' title="bbox 2253 499 3880 578">
    <p class='ocr_par' dir='ltr' id='par_1_5' title="bbox 2267 505 3880 578">
     <span class='ocr_line' id='line_1_5' title="bbox 2267 505 3880 578; baseline 0 -20"><span class='ocrx_word' id='word_1_12' title='bbox 2267 506 2384 576; x_wconf 88' lang='grc' dir='ltr'>μετ’</span> <span class='ocrx_word' id='word_1_13' title='bbox 2437 505 2610 576; x_wconf 81' lang='grc' dir='ltr'>αὐτῆς</span> <span class='ocrx_word' id='word_1_14' title='bbox 2640 506 2782 560; x_wconf 76' lang='grc' dir='ltr'>κατὰ</span> <span class='ocrx_word' id='word_1_15' title='bbox 2827 507 2928 577; x_wconf 74' lang='grc' dir='ltr'>τὴν</span> <span class='ocrx_word' id='word_1_16' title='bbox 2968 505 3151 573; x_wconf 77' lang='grc' dir='ltr'>ζεῦξιν</span> <span class='ocrx_word' id='word_1_17' title='bbox 3195 506 3304 561; x_wconf 74' lang='grc' dir='ltr'><strong>τῶν</strong></span> <span class='ocrx_word' id='word_1_18' title='bbox 3352 507 3566 577; x_wconf 87' lang='grc' dir='ltr'>μελῶν,</span> <span class='ocrx_word' id='word_1_19' title='bbox 3604 509 3716 560; x_wconf 77' lang='grc' dir='ltr'>καὶ</span> <span class='ocrx_word' id='word_1_20' title='bbox 3761 509 3880 578; x_wconf 72' lang='grc' dir='ltr'>τὴν</span> 
     </span>
    </p>
   </div>
   <div class='ocr_carea' id='block_1_6' title="bbox 574 596 2162 662">
    <p class='ocr_par' dir='ltr' id='par_1_6' title="bbox 574 596 2162 662">
     <span class='ocr_line' id='line_1_6' title="bbox 574 596 2162 662; baseline 0.001 -14"><span class='ocrx_word' id='word_1_21' title='bbox 574 611 698 648; x_wconf 92' lang='lat' dir='ltr'><strong>cum</strong></span> <span class='ocrx_word' id='word_1_22' title='bbox 727 596 814 649; x_wconf 89' lang='lat' dir='ltr'><strong>illa</strong></span> <span class='ocrx_word' id='word_1_23' title='bbox 845 610 974 648; x_wconf 89' lang='lat' dir='ltr'><strong>caro</strong></span> <span class='ocrx_word' id='word_1_24' title='bbox 995 596 1384 662; x_wconf 86' lang='lat' dir='ltr'><strong>conjunctione</strong></span> <span class='ocrx_word' id='word_1_25' title='bbox 1419 597 1786 650; x_wconf 84' lang='lat' dir='ltr'><strong>membrorum</strong></span> <span class='ocrx_word' id='word_1_26' title='bbox 1819 612 1883 650; x_wconf 83' lang='lat' dir='ltr'><strong>ac</strong></span> <span class='ocrx_word' id='word_1_27' title='bbox 1913 612 2162 651; x_wconf 87' lang='lat' dir='ltr'><strong>commu-</strong></span> 
     </span>
    </p>
   </div>
   <div class='ocr_carea' id='block_1_7' title="bbox 573 685 2159 756">
    <p class='ocr_par' dir='ltr' id='par_1_7' title="bbox 573 685 2159 756">
     <span class='ocr_line' id='line_1_7' title="bbox 573 685 2159 756; baseline 0.002 -19"><span class='ocrx_word' id='word_1_28' title='bbox 573 685 739 739; x_wconf 87' lang='lat' dir='ltr'><strong>nione</strong></span> <span class='ocrx_word' id='word_1_29' title='bbox 774 687 1007 756; x_wconf 86' lang='lat' dir='ltr'><strong>quadam</strong></span> <span class='ocrx_word' id='word_1_30' title='bbox 1047 687 1332 748; x_wconf 83' lang='lat' dir='ltr'><strong>eﬂieiatur,</strong></span> <span class='ocrx_word' id='word_1_31' title='bbox 1375 696 1733 756; x_wconf 68' lang='lat' dir='ltr'><strong>praeterquam</strong></span> <span class='ocrx_word' id='word_1_32' title='bbox 1778 701 1981 756; x_wconf 90' lang='lat' dir='ltr'><strong>corpus</strong></span> <span class='ocrx_word' id='word_1_33' title='bbox 2029 688 2159 742; x_wconf 91' lang='lat' dir='ltr'><strong>illud</strong></span> 
     </span>
    </p>
   </div>
   <div class='ocr_carea' id='block_1_8' title="bbox 575 775 2158 844">
    <p class='ocr_par' dir='ltr' id='par_1_8' title="bbox 575 775 2158 844">
     <span class='ocr_line' id='line_1_8' title="bbox 575 775 2158 844; baseline 0.001 -16"><span class='ocrx_word' id='word_1_34' title='bbox 575 785 882 840; x_wconf 79' lang='lat' dir='ltr'><strong>externum,</strong></span> <span class='ocrx_word' id='word_1_35' title='bbox 921 775 1080 844; x_wconf 90' lang='lat' dir='ltr'><strong>cujus</strong></span> <span class='ocrx_word' id='word_1_36' title='bbox 1121 777 1424 830; x_wconf 82' lang='lat' dir='ltr'><strong>ministerio</strong></span> <span class='ocrx_word' id='word_1_37' title='bbox 1474 776 1657 829; x_wconf 86' lang='lat' dir='ltr'><strong>omnia</strong></span> <span class='ocrx_word' id='word_1_38' title='bbox 1693 776 1783 828; x_wconf 80' lang='lat' dir='ltr'><strong>illa</strong></span> <span class='ocrx_word' id='word_1_39' title='bbox 1826 776 2158 830; x_wconf 88' lang='lat' dir='ltr'><strong>commistio-</strong></span> 
     </span>
    </p>
   </div>
   <div class='ocr_carea' id='block_1_9' title="bbox 576 867 2163 938">
    <p class='ocr_par' dir='ltr' id='par_1_9' title="bbox 576 867 2163 938">
     <span class='ocr_line' id='line_1_9' title="bbox 576 867 2163 938; baseline 0.002 -19"><span class='ocrx_word' id='word_1_40' title='bbox 576 869 662 922; x_wconf 89' lang='lat' dir='ltr'><strong>nis</strong></span> <span class='ocrx_word' id='word_1_41' title='bbox 706 883 995 936; x_wconf 84' lang='lat' dir='ltr'><strong>corporum</strong></span> <span class='ocrx_word' id='word_1_42' title='bbox 1040 876 1094 921; x_wconf 89' lang='lat' dir='ltr'><strong>et</strong></span> <span class='ocrx_word' id='word_1_43' title='bbox 1139 869 1379 922; x_wconf 74' lang='lat' dir='ltr'><strong>ardentis</strong></span> <span class='ocrx_word' id='word_1_44' title='bbox 1426 868 1668 922; x_wconf 78' lang='lat' dir='ltr'><strong>libidinis</strong></span> <span class='ocrx_word' id='word_1_45' title='bbox 1715 867 1918 937; x_wconf 78' lang='lat' dir='ltr'><strong>ﬂagitia</strong></span> <span class='ocrx_word' id='word_1_46' title='bbox 1970 883 2163 938; x_wconf 86' lang='lat' dir='ltr'><strong>perpe-</strong></span> 
     </span>
    </p>
   </div>
   <div class='ocr_carea' id='block_1_10' title="bbox 575 958 2158 1031">
    <p class='ocr_par' dir='ltr' id='par_1_10' title="bbox 575 958 2158 1031">
     <span class='ocr_line' id='line_1_10' title="bbox 575 958 2158 1031; baseline 0.002 -20"><span class='ocrx_word' id='word_1_47' title='bbox 575 960 826 1012; x_wconf 78' lang='lat' dir='ltr'><strong>trantur?</strong></span> <span class='ocrx_word' id='word_1_48' title='bbox 859 958 1010 1014; x_wconf 86' lang='lat' dir='ltr'><strong>Unde</strong></span> <span class='ocrx_word' id='word_1_49' title='bbox 1046 968 1099 1014; x_wconf 88' lang='lat' dir='ltr'><strong>et</strong></span> <span class='ocrx_word' id='word_1_50' title='bbox 1129 977 1280 1014; x_wconf 86' lang='lat' dir='ltr'><strong>omne</strong></span> <span class='ocrx_word' id='word_1_51' title='bbox 1321 970 1611 1028; x_wconf 86' lang='lat' dir='ltr'><strong>peccatum,</strong></span> <span class='ocrx_word' id='word_1_52' title='bbox 1644 961 1991 1031; x_wconf 82' lang='lat' dir='ltr'><strong>quodcunque</strong></span> <span class='ocrx_word' id='word_1_53' title='bbox 2025 962 2158 1031; x_wconf 80' lang='lat' dir='ltr'><strong>[ece—</strong></span> 
     </span>
    </p>
   </div>
   <div class='ocr_carea' id='block_1_11' title="bbox 575 1050 2161 1120">
    <p class='ocr_par' dir='ltr' id='par_1_11' title="bbox 575 1050 2161 1120">
     <span class='ocr_line' id='line_1_11' title="bbox 575 1050 2161 1120; baseline 0.002 -18"><span class='ocrx_word' id='word_1_54' title='bbox 575 1052 642 1102; x_wconf 89' lang='lat' dir='ltr'><strong>rit</strong></span> <span class='ocrx_word' id='word_1_55' title='bbox 677 1050 850 1113; x_wconf 84' lang='lat' dir='ltr'><strong>homo,</strong></span> <span class='ocrx_word' id='word_1_56' title='bbox 877 1062 1028 1104; x_wconf 77' lang='lat' dir='ltr'><strong>extra</strong></span> <span class='ocrx_word' id='word_1_57' title='bbox 1056 1067 1247 1120; x_wconf 83' lang='lat' dir='ltr'><strong>corpus</strong></span> <span class='ocrx_word' id='word_1_58' title='bbox 1272 1061 1388 1115; x_wconf 83' lang='lat' dir='ltr'><strong>est;</strong></span> <span class='ocrx_word' id='word_1_59' title='bbox 1417 1053 1507 1120; x_wconf 78' lang='lat' dir='ltr'><strong>qui</strong></span> <span class='ocrx_word' id='word_1_60' title='bbox 1546 1063 1719 1106; x_wconf 89' lang='lat' dir='ltr'><strong>autem</strong></span> <span class='ocrx_word' id='word_1_61' title='bbox 1769 1052 2082 1120; x_wconf 77' lang='lat' dir='ltr'><strong>fornicatur,</strong></span> <span class='ocrx_word' id='word_1_62' title='bbox 2107 1055 2161 1105; x_wconf 87' lang='lat' dir='ltr'><strong>in</strong></span> 
     </span>
    </p>
   </div>
   <div class='ocr_carea' id='block_1_12' title="bbox 572 1142 2162 1213">
    <p class='ocr_par' dir='ltr' id='par_1_12' title="bbox 572 1142 2162 1213">
     <span class='ocr_line' id='line_1_12' title="bbox 572 1142 2162 1213; baseline 0.004 -23"><span class='ocrx_word' id='word_1_63' title='bbox 572 1143 843 1209; x_wconf 81' lang='lat' dir='ltr'><strong>proprium</strong></span> <span class='ocrx_word' id='word_1_64' title='bbox 878 1157 1068 1209; x_wconf 82' lang='lat' dir='ltr'><strong>corpus</strong></span> <span class='ocrx_word' id='word_1_65' title='bbox 1113 1152 1313 1211; x_wconf 85' lang='lat' dir='ltr'><strong>peccat.</strong></span> <span class='ocrx_word' id='word_1_66' title='bbox 1347 1142 1556 1198; x_wconf 84' lang='lat' dir='ltr'><strong>Etenim</strong></span> <span class='ocrx_word' id='word_1_67' title='bbox 1593 1143 1932 1213; x_wconf 85' lang='lat' dir='ltr'><strong>arrogantia,</strong></span> <span class='ocrx_word' id='word_1_68' title='bbox 1968 1142 2162 1196; x_wconf 84' lang='lat' dir='ltr'><strong>inﬁde-</strong></span> 
     </span>
    </p>
   </div>
   <div class='ocr_carea' id='block_1_13' title="bbox 575 1233 2161 1306">
    <p class='ocr_par' dir='ltr' id='par_1_13' title="bbox 575 1233 2161 1306">
     <span class='ocr_line' id='line_1_13' title="bbox 575 1233 2161 1306; baseline 0.001 -20"><span class='ocrx_word' id='word_1_69' title='bbox 575 1235 721 1294; x_wconf 82' lang='lat' dir='ltr'><strong>litas,</strong></span> <span class='ocrx_word' id='word_1_70' title='bbox 759 1234 838 1287; x_wconf 89' lang='lat' dir='ltr'><strong>ira</strong></span> <span class='ocrx_word' id='word_1_71' title='bbox 866 1243 1029 1304; x_wconf 79' lang='lat' dir='ltr'><strong>atque</strong></span> <span class='ocrx_word' id='word_1_72' title='bbox 1057 1236 1335 1289; x_wconf 79' lang='lat' dir='ltr'><strong>simulatio</strong></span> <span class='ocrx_word' id='word_1_73' title='bbox 1370 1238 1562 1290; x_wconf 71' lang='lat' dir='ltr'><strong>animae</strong></span> <span class='ocrx_word' id='word_1_74' title='bbox 1597 1246 1818 1306; x_wconf 88' lang='lat' dir='ltr'><strong>peccata</strong></span> <span class='ocrx_word' id='word_1_75' title='bbox 1851 1245 1999 1290; x_wconf 84' lang='lat' dir='ltr'><strong>sunt.</strong></span> <span class='ocrx_word' id='word_1_76' title='bbox 2034 1233 2161 1289; x_wconf 89' lang='lat' dir='ltr'><strong>Stu-</strong></span> 
     </span>
    </p>
   </div>
   <div class='ocr_carea' id='block_1_14' title="bbox 573 1328 2158 1398">
    <p class='ocr_par' dir='ltr' id='par_1_14' title="bbox 573 1328 2158 1398">
     <span class='ocr_line' id='line_1_14' title="bbox 573 1328 2158 1398; baseline 0.003 -20"><span class='ocrx_word' id='word_1_77' title='bbox 573 1335 730 1395; x_wconf 82' lang='lat' dir='ltr'><strong>prunt</strong></span> <span class='ocrx_word' id='word_1_78' title='bbox 765 1343 894 1381; x_wconf 88' lang='lat' dir='ltr'><strong>vero</strong></span> <span class='ocrx_word' id='word_1_79' title='bbox 929 1338 982 1380; x_wconf 89' lang='lat' dir='ltr'><strong>et</strong></span> <span class='ocrx_word' id='word_1_80' title='bbox 1021 1328 1376 1382; x_wconf 85' lang='lat' dir='ltr'><strong>inﬂannnatio</strong></span> <span class='ocrx_word' id='word_1_81' title='bbox 1433 1329 1524 1382; x_wconf 87' lang='lat' dir='ltr'><strong>illa</strong></span> <span class='ocrx_word' id='word_1_82' title='bbox 1575 1329 1814 1384; x_wconf 91' lang='lat' dir='ltr'><strong>libidinis</strong></span> <span class='ocrx_word' id='word_1_83' title='bbox 1865 1343 2158 1398; x_wconf 91' lang='lat' dir='ltr'><strong>corporum</strong></span> 
     </span>
    </p>
   </div>
   <div class='ocr_carea' id='block_1_15' title="bbox 575 1418 2158 1490">
    <p class='ocr_par' dir='ltr' id='par_1_15' title="bbox 575 1418 2158 1490">
     <span class='ocr_line' id='line_1_15' title="bbox 575 1418 2158 1490; baseline 0.004 -22"><span class='ocrx_word' id='word_1_84' title='bbox 575 1418 791 1486; x_wconf 69' lang='lat' dir='ltr'><strong>propria</strong></span> <span class='ocrx_word' id='word_1_85' title='bbox 823 1426 968 1471; x_wconf 91' lang='lat' dir='ltr'><strong>sunt.</strong></span> <span class='ocrx_word' id='word_1_86' title='bbox 999 1418 1335 1484; x_wconf 85' lang='lat' dir='ltr'><strong>Quibuscum</strong></span> <span class='ocrx_word' id='word_1_87' title='bbox 1367 1421 1548 1490; x_wconf 72' lang='lat' dir='ltr'><strong>utique</strong></span> <span class='ocrx_word' id='word_1_88' title='bbox 1598 1435 1698 1474; x_wconf 93' lang='lat' dir='ltr'><strong>nec</strong></span> <span class='ocrx_word' id='word_1_89' title='bbox 1728 1420 1945 1475; x_wconf 81' lang='lat' dir='ltr'><strong>evolare</strong></span> <span class='ocrx_word' id='word_1_90' title='bbox 1978 1422 2158 1474; x_wconf 86' lang='lat' dir='ltr'><strong>anima</strong></span> 
     </span>
    </p>
   </div>
   <div class='ocr_carea' id='block_1_16' title="bbox 573 1511 2158 1581">
    <p class='ocr_par' dir='ltr' id='par_1_16' title="bbox 573 1511 2158 1581">
     <span class='ocr_line' id='line_1_16' title="bbox 573 1511 2158 1581; baseline 0.006 -24"><span class='ocrx_word' id='word_1_91' title='bbox 573 1511 794 1578; x_wconf 78' lang='lat' dir='ltr'><strong>poterit,</strong></span> <span class='ocrx_word' id='word_1_92' title='bbox 851 1526 1026 1580; x_wconf 87' lang='lat' dir='ltr'><strong>neque</strong></span> <span class='ocrx_word' id='word_1_93' title='bbox 1076 1513 1448 1581; x_wconf 78' lang='lat' dir='ltr'><strong>temperantia:</strong></span> <span class='ocrx_word' id='word_1_94' title='bbox 1491 1513 1727 1567; x_wconf 87' lang='lat' dir='ltr'><strong>decretis</strong></span> <span class='ocrx_word' id='word_1_95' title='bbox 1777 1513 2011 1581; x_wconf 83' lang='lat' dir='ltr'><strong>subjici;</strong></span> <span class='ocrx_word' id='word_1_96' title='bbox 2064 1512 2158 1567; x_wconf 88' lang='lat' dir='ltr'><strong>sed</strong></span> 
     </span>
    </p>
   </div>
   <div class='ocr_carea' id='block_1_17' title="bbox 573 1602 2160 1674">
    <p class='ocr_par' dir='ltr' id='par_1_17' title="bbox 573 1602 2160 1674">
     <span class='ocr_line' id='line_1_17' title="bbox 573 1602 2160 1674; baseline 0.002 -20"><span class='ocrx_word' id='word_1_97' title='bbox 573 1603 734 1656; x_wconf 90' lang='lat' dir='ltr'><strong>ambo</strong></span> <span class='ocrx_word' id='word_1_98' title='bbox 771 1602 973 1657; x_wconf 85' lang='lat' dir='ltr'><strong>Christi</strong></span> <span class='ocrx_word' id='word_1_99' title='bbox 1025 1618 1190 1674; x_wconf 84' lang='lat' dir='ltr'><strong>regno</strong></span> <span class='ocrx_word' id='word_1_100' title='bbox 1231 1605 1485 1659; x_wconf 81' lang='lat' dir='ltr'><strong>excidere</strong></span> <span class='ocrx_word' id='word_1_101' title='bbox 1531 1621 1752 1660; x_wconf 84' lang='lat' dir='ltr'><strong>necesse</strong></span> <span class='ocrx_word' id='word_1_102' title='bbox 1792 1613 1895 1659; x_wconf 87' lang='lat' dir='ltr'><strong>est.</strong></span> <span class='ocrx_word' id='word_1_103' title='bbox 1933 1603 2160 1659; x_wconf 63' lang='lat' dir='ltr'><strong>Praeter-</strong></span> 
     </span>
    </p>
   </div>
   <div class='ocr_carea' id='block_1_18' title="bbox 569 1694 2157 1762">
    <p class='ocr_par' dir='ltr' id='par_1_18' title="bbox 569 1694 2157 1762">
     <span class='ocr_line' id='line_1_18' title="bbox 569 1694 2157 1762; baseline 0.003 -18"><span class='ocrx_word' id='word_1_104' title='bbox 569 1707 633 1745; x_wconf 80' lang='lat' dir='ltr'><strong>ea</strong></span> <span class='ocrx_word' id='word_1_105' title='bbox 688 1694 732 1747; x_wconf 88' lang='lat' dir='ltr'><strong>si</strong></span> <span class='ocrx_word' id='word_1_106' title='bbox 784 1709 1014 1762; x_wconf 87' lang='lat' dir='ltr'><strong>corpora</strong></span> <span class='ocrx_word' id='word_1_107' title='bbox 1072 1703 1258 1749; x_wconf 88' lang='lat' dir='ltr'><strong>nostra</strong></span> <span class='ocrx_word' id='word_1_108' title='bbox 1313 1695 1367 1749; x_wconf 91' lang='lat' dir='ltr'><strong>in</strong></span> <span class='ocrx_word' id='word_1_109' title='bbox 1423 1696 1787 1752; x_wconf 81' lang='lat' dir='ltr'><strong>sanctimonia</strong></span> <span class='ocrx_word' id='word_1_110' title='bbox 1839 1705 2157 1750; x_wconf 80' lang='lat' dir='ltr'><strong>conservata</strong></span> 
     </span>
    </p>
   </div>
   <div class='ocr_carea' id='block_1_19' title="bbox 571 1785 2159 1858">
    <p class='ocr_par' dir='ltr' id='par_1_19' title="bbox 571 1785 2159 1858">
     <span class='ocr_line' id='line_1_19' title="bbox 571 1785 2159 1858; baseline 0.003 -22"><span class='ocrx_word' id='word_1_111' title='bbox 571 1785 828 1852; x_wconf 85' lang='lat' dir='ltr'><strong>templum</strong></span> <span class='ocrx_word' id='word_1_112' title='bbox 871 1797 997 1840; x_wconf 92' lang='lat' dir='ltr'><strong>sunt</strong></span> <span class='ocrx_word' id='word_1_113' title='bbox 1037 1787 1334 1842; x_wconf 87' lang='lat' dir='ltr'><strong>habitantis</strong></span> <span class='ocrx_word' id='word_1_114' title='bbox 1377 1789 1432 1842; x_wconf 92' lang='lat' dir='ltr'><strong>in</strong></span> <span class='ocrx_word' id='word_1_115' title='bbox 1474 1789 1632 1842; x_wconf 87' lang='lat' dir='ltr'><strong>nobis</strong></span> <span class='ocrx_word' id='word_1_116' title='bbox 1683 1787 1954 1858; x_wconf 87' lang='lat' dir='ltr'><strong>Spiritus;</strong></span> <span class='ocrx_word' id='word_1_117' title='bbox 1997 1795 2159 1858; x_wconf 88' lang='lat' dir='ltr'><strong>atque</strong></span> 
     </span>
    </p>
   </div>
   <div class='ocr_carea' id='block_1_20' title="bbox 569 1876 2157 1947">
    <p class='ocr_par' dir='ltr' id='par_1_20' title="bbox 569 1876 2157 1947">
     <span class='ocr_line' id='line_1_20' title="bbox 569 1876 2157 1947; baseline 0.003 -19"><span class='ocrx_word' id='word_1_118' title='bbox 569 1884 622 1929; x_wconf 87' lang='lat' dir='ltr'><strong>et</strong></span> <span class='ocrx_word' id='word_1_119' title='bbox 657 1877 709 1929; x_wconf 93' lang='lat' dir='ltr'><strong>in</strong></span> <span class='ocrx_word' id='word_1_120' title='bbox 742 1891 972 1946; x_wconf 84' lang='lat' dir='ltr'><strong>corpore</strong></span> <span class='ocrx_word' id='word_1_121' title='bbox 1009 1876 1269 1934; x_wconf 89' lang='lat' dir='ltr'><strong>Dominus</strong></span> <span class='ocrx_word' id='word_1_122' title='bbox 1311 1878 1531 1943; x_wconf 85' lang='lat' dir='ltr'><strong>residet,</strong></span> <span class='ocrx_word' id='word_1_123' title='bbox 1560 1889 1614 1933; x_wconf 86' lang='lat' dir='ltr'><strong>et</strong></span> <span class='ocrx_word' id='word_1_124' title='bbox 1647 1879 1886 1932; x_wconf 88' lang='lat' dir='ltr'><strong>membra</strong></span> <span class='ocrx_word' id='word_1_125' title='bbox 1912 1878 2157 1947; x_wconf 90' lang='lat' dir='ltr'><strong>corporis</strong></span> 
     </span>
    </p>
   </div>
   <div class='ocr_carea' id='block_1_21' title="bbox 569 1966 2157 2039">
    <p class='ocr_par' dir='ltr' id='par_1_21' title="bbox 569 1966 2157 2039">
     <span class='ocr_line' id='line_1_21' title="bbox 569 1966 2157 2039; baseline 0.003 -20"><span class='ocrx_word' id='word_1_126' title='bbox 569 1966 775 2021; x_wconf 82' lang='lat' dir='ltr'><strong>Christi</strong></span> <span class='ocrx_word' id='word_1_127' title='bbox 813 1970 1054 2023; x_wconf 86' lang='lat' dir='ltr'><strong>membra</strong></span> <span class='ocrx_word' id='word_1_128' title='bbox 1111 1979 1257 2034; x_wconf 91' lang='lat' dir='ltr'><strong>sunt,</strong></span> <span class='ocrx_word' id='word_1_129' title='bbox 1305 1971 1528 2024; x_wconf 88' lang='lat' dir='ltr'><strong>omnino</strong></span> <span class='ocrx_word' id='word_1_130' title='bbox 1571 1970 1767 2024; x_wconf 68' lang='lat' dir='ltr'><strong>divinae</strong></span> <span class='ocrx_word' id='word_1_131' title='bbox 1811 1971 1909 2039; x_wconf 79' lang='lat' dir='ltr'><strong>legi</strong></span> <span class='ocrx_word' id='word_1_132' title='bbox 1959 1986 2157 2039; x_wconf 83' lang='lat' dir='ltr'><strong>corpus</strong></span> 
     </span>
    </p>
   </div>
   <div class='ocr_carea' id='block_1_22' title="bbox 570 2059 2157 2131">
    <p class='ocr_par' dir='ltr' id='par_1_22' title="bbox 570 2059 2157 2131">
     <span class='ocr_line' id='line_1_22' title="bbox 570 2059 2157 2131; baseline 0.004 -21"><span class='ocrx_word' id='word_1_133' title='bbox 570 2059 842 2122; x_wconf 86' lang='lat' dir='ltr'><strong>subditur,</strong></span> <span class='ocrx_word' id='word_1_134' title='bbox 877 2074 940 2114; x_wconf 89' lang='lat' dir='ltr'><strong>ac</strong></span> <span class='ocrx_word' id='word_1_135' title='bbox 974 2076 1198 2130; x_wconf 80' lang='lat' dir='ltr'><strong>regnum</strong></span> <span class='ocrx_word' id='word_1_136' title='bbox 1233 2060 1324 2115; x_wconf 90' lang='lat' dir='ltr'><strong>Dei</strong></span> <span class='ocrx_word' id='word_1_137' title='bbox 1354 2061 1636 2131; x_wconf 86' lang='lat' dir='ltr'><strong>possidere</strong></span> <span class='ocrx_word' id='word_1_138' title='bbox 1665 2071 1862 2131; x_wconf 88' lang='lat' dir='ltr'><strong>potest.</strong></span> <span class='ocrx_word' id='word_1_139' title='bbox 1891 2062 1996 2128; x_wconf 86' lang='lat' dir='ltr'><strong>Qui</strong></span> <span class='ocrx_word' id='word_1_140' title='bbox 2019 2065 2157 2116; x_wconf 88' lang='lat' dir='ltr'><strong>enim</strong></span> 
     </span>
    </p>
   </div>
   <div class='ocr_carea' id='block_1_23' title="bbox 565 2150 2158 2224">
    <p class='ocr_par' dir='ltr' id='par_1_23' title="bbox 565 2150 2158 2224">
     <span class='ocr_line' id='line_1_23' title="bbox 565 2150 2158 2224; baseline 0.003 -20"><span class='ocrx_word' id='word_1_141' title='bbox 565 2151 816 2204; x_wconf 77' lang='lat' dir='ltr'><strong>excitavit</strong></span> <span class='ocrx_word' id='word_1_142' title='bbox 851 2150 1118 2206; x_wconf 78' lang='lat' dir='ltr'><strong>Christum</strong></span> <span class='ocrx_word' id='word_1_143' title='bbox 1167 2170 1199 2205; x_wconf 91' lang='lat' dir='ltr'><strong>a</strong></span> <span class='ocrx_word' id='word_1_144' title='bbox 1233 2154 1485 2216; x_wconf 81' lang='lat' dir='ltr'><strong>mortuis,</strong></span> <span class='ocrx_word' id='word_1_145' title='bbox 1537 2153 1839 2220; x_wconf 69' lang='lat' dir='ltr'><strong>vivi/Scabit,</strong></span> <span class='ocrx_word' id='word_1_146' title='bbox 1882 2155 2077 2224; x_wconf 87' lang='lat' dir='ltr'><strong>inquit,</strong></span> <span class='ocrx_word' id='word_1_147' title='bbox 2109 2166 2158 2210; x_wconf 90' lang='lat' dir='ltr'><strong>et</strong></span> 
     </span>
    </p>
   </div>
   <div class='ocr_carea' id='block_1_24' title="bbox 571 2243 2160 2312">
    <p class='ocr_par' dir='ltr' id='par_1_24' title="bbox 571 2243 2160 2312">
     <span class='ocr_line' id='line_1_24' title="bbox 571 2243 2160 2312; baseline 0.004 -17"><span class='ocrx_word' id='word_1_148' title='bbox 571 2244 822 2295; x_wconf 72' lang='lat' dir='ltr'><strong>mortalia</strong></span> <span class='ocrx_word' id='word_1_149' title='bbox 856 2259 1077 2310; x_wconf 84' lang='lat' dir='ltr'><strong>corpora</strong></span> <span class='ocrx_word' id='word_1_150' title='bbox 1104 2253 1272 2297; x_wconf 75' lang='lat' dir='ltr'><strong>vestra</strong></span> <span class='ocrx_word' id='word_1_151' title='bbox 1309 2259 1400 2312; x_wconf 79' lang='lat' dir='ltr'><strong>per</strong></span> <span class='ocrx_word' id='word_1_152' title='bbox 1437 2243 1814 2297; x_wconf 79' lang='lat' dir='ltr'><strong>inbabitantem</strong></span> <span class='ocrx_word' id='word_1_153' title='bbox 1844 2245 1955 2312; x_wconf 82' lang='lat' dir='ltr'><strong>ejus</strong></span> <span class='ocrx_word' id='word_1_154' title='bbox 1988 2245 2160 2312; x_wconf 81' lang='lat' dir='ltr'><strong>Spiri-</strong></span> 
     </span>
    </p>
   </div>
   <div class='ocr_carea' id='block_1_25' title="bbox 570 2335 2160 2400">
    <p class='ocr_par' dir='ltr' id='par_1_25' title="bbox 570 2335 2160 2400">
     <span class='ocr_line' id='line_1_25' title="bbox 570 2335 2160 2400; baseline 0.004 -14"><span class='ocrx_word' id='word_1_155' title='bbox 570 2344 681 2386; x_wconf 84' lang='lat' dir='ltr'><strong>tum</strong></span> <span class='ocrx_word' id='word_1_156' title='bbox 714 2336 767 2386; x_wconf 87' lang='lat' dir='ltr'><strong>in</strong></span> <span class='ocrx_word' id='word_1_157' title='bbox 801 2335 942 2388; x_wconf 80' lang='lat' dir='ltr'><strong>vobis</strong></span> <span class='ocrx_word' id='word_1_158' title='bbox 977 2338 990 2366; x_wconf 84' lang='lat'>&#39;</span> <span class='ocrx_word' id='word_1_159' title='bbox 1021 2353 1035 2400; x_wconf 92' lang='lat'><strong>;</strong></span> <span class='ocrx_word' id='word_1_160' title='bbox 1070 2346 1126 2388; x_wconf 87' lang='lat' dir='ltr'><strong>ut</strong></span> <span class='ocrx_word' id='word_1_161' title='bbox 1167 2337 1392 2390; x_wconf 83' lang='lat' dir='ltr'><strong>mortale</strong></span> <span class='ocrx_word' id='word_1_162' title='bbox 1436 2335 1532 2390; x_wconf 85' lang='lat' dir='ltr'><strong>hoc</strong></span> <span class='ocrx_word' id='word_1_163' title='bbox 1565 2335 1751 2389; x_wconf 82' lang='lat' dir='ltr'><strong>induat</strong></span> <span class='ocrx_word' id='word_1_164' title='bbox 1781 2337 2160 2392; x_wconf 84' lang='lat' dir='ltr'><strong>immortalita-</strong></span> 
     </span>
    </p>
   </div>
   <div class='ocr_carea' id='block_1_26' title="bbox 570 2425 2159 2499">
    <p class='ocr_par' dir='ltr' id='par_1_26' title="bbox 570 2425 2159 2499">
     <span class='ocr_line' id='line_1_26' title="bbox 570 2425 2159 2499; baseline 0.005 -23"><span class='ocrx_word' id='word_1_165' title='bbox 570 2433 694 2487; x_wconf 89' lang='lat' dir='ltr'><strong>tem,</strong></span> <span class='ocrx_word' id='word_1_166' title='bbox 743 2435 791 2478; x_wconf 86' lang='lat' dir='ltr'><strong>et</strong></span> <span class='ocrx_word' id='word_1_167' title='bbox 851 2425 1249 2494; x_wconf 84' lang='lat' dir='ltr'><strong>incorruptibile</strong></span> <span class='ocrx_word' id='word_1_168' title='bbox 1300 2427 1769 2496; x_wconf 84' lang='lat' dir='ltr'><strong>incorruptionem,</strong></span> <span class='ocrx_word' id='word_1_169' title='bbox 1826 2445 2066 2499; x_wconf 88' lang='lat' dir='ltr'><strong>morsque</strong></span> <span class='ocrx_word' id='word_1_170' title='bbox 2103 2432 2159 2484; x_wconf 84' lang='lat' dir='ltr'><strong>in</strong></span> 
     </span>
    </p>
   </div>
   <div class='ocr_carea' id='block_1_27' title="bbox 567 2515 2159 2590">
    <p class='ocr_par' dir='ltr' id='par_1_27' title="bbox 567 2515 2159 2590">
     <span class='ocr_line' id='line_1_27' title="bbox 567 2515 2159 2590; baseline 0.005 -23"><span class='ocrx_word' id='word_1_171' title='bbox 567 2516 840 2568; x_wconf 83' lang='lat' dir='ltr'><strong>victoriam</strong></span> <span class='ocrx_word' id='word_1_172' title='bbox 876 2515 1220 2570; x_wconf 78' lang='lat' dir='ltr'><strong>absorbeatur</strong></span> <span class='ocrx_word' id='word_1_173' title='bbox 1255 2518 1297 2569; x_wconf 86' lang='grc'>¹.</span> <span class='ocrx_word' id='word_1_174' title='bbox 1348 2515 1464 2571; x_wconf 84' lang='lat' dir='ltr'><strong>Non</strong></span> <span class='ocrx_word' id='word_1_175' title='bbox 1507 2518 1651 2573; x_wconf 90' lang='lat' dir='ltr'><strong>enim</strong></span> <span class='ocrx_word' id='word_1_176' title='bbox 1692 2517 1760 2573; x_wconf 88' lang='lat' dir='ltr'><strong>de</strong></span> <span class='ocrx_word' id='word_1_177' title='bbox 1798 2519 1904 2573; x_wconf 90' lang='lat' dir='ltr'><strong>alio</strong></span> <span class='ocrx_word' id='word_1_178' title='bbox 1932 2535 2159 2590; x_wconf 85' lang='lat' dir='ltr'><strong>corpore</strong></span> 
     </span>
    </p>
   </div>
   <div class='ocr_carea' id='block_1_28' title="bbox 570 2603 2160 2678">
    <p class='ocr_par' dir='ltr' id='par_1_28' title="bbox 570 2603 2160 2678">
     <span class='ocr_line' id='line_1_28' title="bbox 570 2603 2160 2678; baseline 0.007 -22"><span class='ocrx_word' id='word_1_179' title='bbox 570 2603 672 2658; x_wconf 89' lang='lat' dir='ltr'><strong>hoc</strong></span> <span class='ocrx_word' id='word_1_180' title='bbox 705 2606 824 2658; x_wconf 89' lang='lat' dir='ltr'><strong>loco</strong></span> <span class='ocrx_word' id='word_1_181' title='bbox 854 2606 1167 2675; x_wconf 85' lang='lat' dir='ltr'><strong>disputabat</strong></span> <span class='ocrx_word' id='word_1_182' title='bbox 1202 2607 1497 2676; x_wconf 71' lang='lat' dir='ltr'><strong>Apostolus</strong></span> <span class='ocrx_word' id='word_1_183' title='bbox 1524 2649 1538 2672; x_wconf 97' lang='lat'><strong>,</strong></span> <span class='ocrx_word' id='word_1_184' title='bbox 1575 2616 1934 2678; x_wconf 71' lang='lat' dir='ltr'><strong>praeterquam</strong></span> <span class='ocrx_word' id='word_1_185' title='bbox 1959 2609 2027 2666; x_wconf 88' lang='lat' dir='ltr'><strong>de</strong></span> <span class='ocrx_word' id='word_1_186' title='bbox 2057 2612 2160 2666; x_wconf 86' lang='lat' dir='ltr'><strong>hoc</strong></span> 
     </span>
    </p>
   </div>
   <div class='ocr_carea' id='block_1_29' title="bbox 571 2695 2160 2774">
    <p class='ocr_par' dir='ltr' id='par_1_29' title="bbox 571 2695 2160 2774">
     <span class='ocr_line' id='line_1_29' title="bbox 571 2695 2160 2774; baseline 0.008 -28"><span class='ocrx_word' id='word_1_187' title='bbox 571 2695 726 2763; x_wconf 81' lang='lat' dir='ltr'><strong>ipso,</strong></span> <span class='ocrx_word' id='word_1_188' title='bbox 781 2698 924 2765; x_wconf 89' lang='lat' dir='ltr'><strong>quod</strong></span> <span class='ocrx_word' id='word_1_189' title='bbox 970 2698 1334 2768; x_wconf 77' lang='lat' dir='ltr'><strong>exstinguitur</strong></span> <span class='ocrx_word' id='word_1_190' title='bbox 1389 2712 1453 2752; x_wconf 88' lang='lat' dir='ltr'><strong>ac</strong></span> <span class='ocrx_word' id='word_1_191' title='bbox 1507 2711 1681 2754; x_wconf 88' lang='lat' dir='ltr'><strong>morte</strong></span> <span class='ocrx_word' id='word_1_192' title='bbox 1717 2700 2025 2768; x_wconf 78' lang='lat' dir='ltr'><strong>coniicitur,</strong></span> <span class='ocrx_word' id='word_1_193' title='bbox 2063 2718 2160 2774; x_wconf 88' lang='lat' dir='ltr'><strong>per</strong></span> 
     </span>
    </p>
   </div>
   <div class='ocr_carea' id='block_1_30' title="bbox 569 2789 1877 2859">
    <p class='ocr_par' dir='ltr' id='par_1_30' title="bbox 569 2789 1877 2859">
     <span class='ocr_line' id='line_1_30' title="bbox 569 2789 1877 2859; baseline 0.006 -19"><span class='ocrx_word' id='word_1_194' title='bbox 569 2789 714 2857; x_wconf 84' lang='lat' dir='ltr'><strong>quod</strong></span> <span class='ocrx_word' id='word_1_195' title='bbox 748 2791 979 2842; x_wconf 72' lang='lat' dir='ltr'><strong>scortari</strong></span> <span class='ocrx_word' id='word_1_196' title='bbox 1012 2791 1137 2844; x_wconf 89' lang='lat' dir='ltr'><strong>licet</strong></span> <span class='ocrx_word' id='word_1_197' title='bbox 1167 2804 1231 2844; x_wconf 90' lang='lat' dir='ltr'><strong>ac</strong></span> <span class='ocrx_word' id='word_1_198' title='bbox 1287 2789 1489 2859; x_wconf 77' lang='lat' dir='ltr'><strong>ﬂagitia</strong></span> <span class='ocrx_word' id='word_1_199' title='bbox 1517 2792 1877 2848; x_wconf 88' lang='lat' dir='ltr'><strong>committere.</strong></span> 
     </span>
    </p>
   </div>
   <div class='ocr_carea' id='block_1_31' title="bbox 643 2881 2157 2956">
    <p class='ocr_par' dir='ltr' id='par_1_31' title="bbox 643 2881 2157 2956">
     <span class='ocr_line' id='line_1_31' title="bbox 643 2881 2157 2956; baseline 0.002 -18"><span class='ocrx_word' id='word_1_200' title='bbox 643 2882 806 2952; x_wconf 78' lang='lat'><strong>580</strong></span> <span class='ocrx_word' id='word_1_201' title='bbox 837 2881 970 2936; x_wconf 86' lang='lat' dir='ltr'><strong>LIV.</strong></span> <span class='ocrx_word' id='word_1_202' title='bbox 1023 2881 1180 2948; x_wconf 90' lang='lat' dir='ltr'><strong>Quod</strong></span> <span class='ocrx_word' id='word_1_203' title='bbox 1232 2881 1280 2938; x_wconf 89' lang='lat' dir='ltr'><strong>si</strong></span> <span class='ocrx_word' id='word_1_204' title='bbox 1334 2883 1606 2940; x_wconf 82' lang='lat' dir='ltr'><strong>interesse</strong></span> <span class='ocrx_word' id='word_1_205' title='bbox 1657 2885 1908 2939; x_wconf 87' lang='lat' dir='ltr'><strong>nonnihil</strong></span> <span class='ocrx_word' id='word_1_206' title='bbox 1957 2899 2157 2956; x_wconf 89' lang='lat' dir='ltr'><strong>corpus</strong></span> 
     </span>
    </p>
   </div>
   <div class='ocr_carea' id='block_1_32' title="bbox 571 2973 2158 3044">
    <p class='ocr_par' dir='ltr' id='par_1_32' title="bbox 571 2973 2158 3044">
     <span class='ocr_line' id='line_1_32' title="bbox 571 2973 2158 3044; baseline 0.004 -18"><span class='ocrx_word' id='word_1_207' title='bbox 571 2973 713 3027; x_wconf 88' lang='lat' dir='ltr'><strong>inter</strong></span> <span class='ocrx_word' id='word_1_208' title='bbox 749 2990 814 3028; x_wconf 88' lang='lat' dir='ltr'><strong>ac</strong></span> <span class='ocrx_word' id='word_1_209' title='bbox 846 2989 1066 3028; x_wconf 83' lang='lat' dir='ltr'><strong>carnem</strong></span> <span class='ocrx_word' id='word_1_210' title='bbox 1135 2974 1484 3043; x_wconf 86' lang='lat' dir='ltr'><strong>suspicentur</strong></span> <span class='ocrx_word' id='word_1_211' title='bbox 1525 2974 1607 3044; x_wconf 91' lang='lat' dir='ltr'><strong>(ut</strong></span> <span class='ocrx_word' id='word_1_212' title='bbox 1647 2975 1732 3029; x_wconf 82' lang='lat' dir='ltr'><strong>vel</strong></span> <span class='ocrx_word' id='word_1_213' title='bbox 1765 2976 2022 3032; x_wconf 88' lang='lat' dir='ltr'><strong>subtilius</strong></span> <span class='ocrx_word' id='word_1_214' title='bbox 2055 2977 2158 3032; x_wconf 90' lang='lat' dir='ltr'><strong>hoc</strong></span> 
     </span>
    </p>
   </div>
   <div class='ocr_carea' id='block_1_33' title="bbox 573 3065 2158 3135">
    <p class='ocr_par' dir='ltr' id='par_1_33' title="bbox 573 3065 2158 3135">
     <span class='ocr_line' id='line_1_33' title="bbox 573 3065 2158 3135; baseline 0.004 -18"><span class='ocrx_word' id='word_1_215' title='bbox 573 3065 694 3119; x_wconf 90' lang='lat' dir='ltr'><strong>illos</strong></span> <span class='ocrx_word' id='word_1_216' title='bbox 727 3066 888 3120; x_wconf 86' lang='lat' dir='ltr'><strong>modo</strong></span> <span class='ocrx_word' id='word_1_217' title='bbox 923 3065 1228 3119; x_wconf 75' lang='lat' dir='ltr'><strong>ratiocinari</strong></span> <span class='ocrx_word' id='word_1_218' title='bbox 1258 3066 1566 3135; x_wconf 82' lang='lat' dir='ltr'><strong>sinamus);</strong></span> <span class='ocrx_word' id='word_1_219' title='bbox 1602 3065 1738 3120; x_wconf 86' lang='lat' dir='ltr'><strong>adeo</strong></span> <span class='ocrx_word' id='word_1_220' title='bbox 1768 3075 1827 3120; x_wconf 92' lang='lat' dir='ltr'><strong>ut</strong></span> <span class='ocrx_word' id='word_1_221' title='bbox 1856 3067 2001 3122; x_wconf 85' lang='lat' dir='ltr'><strong>aliud</strong></span> <span class='ocrx_word' id='word_1_222' title='bbox 2037 3083 2158 3124; x_wconf 80' lang='lat' dir='ltr'><strong>esse</strong></span> 
     </span>
    </p>
   </div>
   <div class='ocr_carea' id='block_1_34' title="bbox 570 3155 2225 3247">
    <p class='ocr_par' dir='ltr' id='par_1_34' title="bbox 570 3155 2225 3247">
     <span class='ocr_line' id='line_1_34' title="bbox 570 3155 2225 3247; baseline 0 -39"><span class='ocrx_word' id='word_1_223' title='bbox 570 3169 772 3224; x_wconf 84' lang='lat' dir='ltr'><strong>corpus</strong></span> <span class='ocrx_word' id='word_1_224' title='bbox 829 3163 1107 3222; x_wconf 88' lang='lat' dir='ltr'><strong>censeant,</strong></span> <span class='ocrx_word' id='word_1_225' title='bbox 1164 3155 1310 3208; x_wconf 88' lang='lat' dir='ltr'><strong>velut</strong></span> <span class='ocrx_word' id='word_1_226' title='bbox 1371 3155 1544 3224; x_wconf 89' lang='lat' dir='ltr'><strong>ipsius</strong></span> <span class='ocrx_word' id='word_1_227' title='bbox 1608 3156 1802 3209; x_wconf 77' lang='lat' dir='ltr'><strong>anima:</strong></span> <span class='ocrx_word' id='word_1_228' title='bbox 1854 3157 2225 3247; x_wconf 75' lang='lat' dir='ltr'><strong>proprium,c</strong></span> 
     </span>
    </p>
   </div>
   <div class='ocr_carea' id='block_1_35' title="bbox 569 3245 2155 3314">
    <p class='ocr_par' dir='ltr' id='par_1_35' title="bbox 569 3245 2155 3314">
     <span class='ocr_line' id='line_1_35' title="bbox 569 3245 2155 3314; baseline 0 -16"><span class='ocrx_word' id='word_1_229' title='bbox 569 3247 714 3314; x_wconf 85' lang='lat' dir='ltr'><strong>quod</strong></span> <span class='ocrx_word' id='word_1_230' title='bbox 741 3247 992 3314; x_wconf 85' lang='lat' dir='ltr'><strong>usurpari</strong></span> <span class='ocrx_word' id='word_1_231' title='bbox 1024 3245 1200 3299; x_wconf 89' lang='lat' dir='ltr'><strong>oculis</strong></span> <span class='ocrx_word' id='word_1_232' title='bbox 1222 3253 1489 3313; x_wconf 87' lang='lat' dir='ltr'><strong>nequeat;</strong></span> <span class='ocrx_word' id='word_1_233' title='bbox 1517 3259 1734 3298; x_wconf 89' lang='lat' dir='ltr'><strong>carnem</strong></span> <span class='ocrx_word' id='word_1_234' title='bbox 1763 3253 1942 3300; x_wconf 86' lang='lat' dir='ltr'><strong>autem</strong></span> <span class='ocrx_word' id='word_1_235' title='bbox 1977 3253 2155 3299; x_wconf 82' lang='lat' dir='ltr'><strong>exter-</strong></span> 
     </span>
    </p>
   </div>
   <div class='ocr_carea' id='block_1_36' title="bbox 572 3335 2154 3406">
    <p class='ocr_par' dir='ltr' id='par_1_36' title="bbox 572 3335 2154 3406">
     <span class='ocr_line' id='line_1_36' title="bbox 572 3335 2154 3406; baseline 0.003 -18"><span class='ocrx_word' id='word_1_236' title='bbox 572 3353 702 3389; x_wconf 87' lang='lat' dir='ltr'><strong>nutn</strong></span> <span class='ocrx_word' id='word_1_237' title='bbox 734 3337 864 3389; x_wconf 90' lang='lat' dir='ltr'><strong>illud</strong></span> <span class='ocrx_word' id='word_1_238' title='bbox 903 3351 1046 3400; x_wconf 91' lang='lat' dir='ltr'><strong>esse,</strong></span> <span class='ocrx_word' id='word_1_239' title='bbox 1079 3335 1222 3406; x_wconf 79' lang='lat' dir='ltr'><strong>quod</strong></span> <span class='ocrx_word' id='word_1_240' title='bbox 1270 3336 1446 3390; x_wconf 92' lang='lat' dir='ltr'><strong>oculis</strong></span> <span class='ocrx_word' id='word_1_241' title='bbox 1486 3337 1730 3389; x_wconf 83' lang='lat' dir='ltr'><strong>cernitur</strong></span> <span class='ocrx_word' id='word_1_242' title='bbox 1761 3353 1775 3389; x_wconf 89' lang='lat'><strong>:</strong></span> <span class='ocrx_word' id='word_1_243' title='bbox 1817 3337 1897 3390; x_wconf 91' lang='lat' dir='ltr'><strong>sic</strong></span> <span class='ocrx_word' id='word_1_244' title='bbox 1934 3352 2029 3391; x_wconf 87' lang='lat' dir='ltr'><strong>eos</strong></span> <span class='ocrx_word' id='word_1_245' title='bbox 2066 3353 2154 3392; x_wconf 89' lang='lat' dir='ltr'><strong>re-</strong></span> 
     </span>
    </p>
   </div>
   <div class='ocr_carea' id='block_1_37' title="bbox 581 3425 2155 3499">
    <p class='ocr_par' dir='ltr' id='par_1_37' title="bbox 581 3425 2155 3499">
     <span class='ocr_line' id='line_1_37' title="bbox 581 3425 2155 3499; baseline 0.001 -17"><span class='ocrx_word' id='word_1_246' title='bbox 581 3427 766 3482; x_wconf 76' lang='lat' dir='ltr'><strong>fellere</strong></span> <span class='ocrx_word' id='word_1_247' title='bbox 795 3428 1086 3497; x_wconf 85' lang='lat' dir='ltr'><strong>oportebit,</strong></span> <span class='ocrx_word' id='word_1_248' title='bbox 1119 3443 1225 3481; x_wconf 90' lang='lat' dir='ltr'><strong>non</strong></span> <span class='ocrx_word' id='word_1_249' title='bbox 1263 3426 1423 3481; x_wconf 90' lang='lat' dir='ltr'><strong>modo</strong></span> <span class='ocrx_word' id='word_1_250' title='bbox 1463 3425 1690 3480; x_wconf 82' lang='lat' dir='ltr'><strong>Paulum</strong></span> <span class='ocrx_word' id='word_1_251' title='bbox 1744 3441 1808 3481; x_wconf 90' lang='lat' dir='ltr'><strong>ac</strong></span> <span class='ocrx_word' id='word_1_252' title='bbox 1856 3428 2155 3499; x_wconf 89' lang='lat' dir='ltr'><strong>prophetas</strong></span> 
     </span>
    </p>
   </div>
   <div class='ocr_carea' id='block_1_38' title="bbox 569 3518 2153 3589">
    <p class='ocr_par' dir='ltr' id='par_1_38' title="bbox 569 3518 2153 3589">
     <span class='ocr_line' id='line_1_38' title="bbox 569 3518 2153 3589; baseline 0.001 -15"><span class='ocrx_word' id='word_1_253' title='bbox 569 3518 820 3588; x_wconf 89' lang='lat' dir='ltr'><strong>corporis</strong></span> <span class='ocrx_word' id='word_1_254' title='bbox 876 3519 1290 3589; x_wconf 84' lang='lat' dir='ltr'><strong>appellationem</strong></span> <span class='ocrx_word' id='word_1_255' title='bbox 1347 3518 1476 3572; x_wconf 92' lang='lat' dir='ltr'><strong>huic</strong></span> <span class='ocrx_word' id='word_1_256' title='bbox 1523 3519 1674 3572; x_wconf 86' lang='lat' dir='ltr'><strong>carni</strong></span> <span class='ocrx_word' id='word_1_257' title='bbox 1732 3519 2010 3582; x_wconf 89' lang='lat' dir='ltr'><strong>tribuere,</strong></span> <span class='ocrx_word' id='word_1_258' title='bbox 2058 3520 2153 3575; x_wconf 88' lang='lat' dir='ltr'><strong>sed</strong></span> 
     </span>
    </p>
   </div>
   <div class='ocr_carea' id='block_1_39' title="bbox 571 3608 2152 3680">
    <p class='ocr_par' dir='ltr' id='par_1_39' title="bbox 571 3608 2152 3680">
     <span class='ocr_line' id='line_1_39' title="bbox 571 3608 2152 3680; baseline -0.001 -14"><span class='ocrx_word' id='word_1_259' title='bbox 571 3613 708 3667; x_wconf 87' lang='lat' dir='ltr'><strong>alios</strong></span> <span class='ocrx_word' id='word_1_260' title='bbox 757 3625 974 3680; x_wconf 85' lang='lat' dir='ltr'><strong>quoque</strong></span> <span class='ocrx_word' id='word_1_261' title='bbox 1015 3609 1386 3680; x_wconf 88' lang='lat' dir='ltr'><strong>philosophos,</strong></span> <span class='ocrx_word' id='word_1_262' title='bbox 1440 3623 1472 3662; x_wconf 83' lang='lat' dir='ltr'><strong>a</strong></span> <span class='ocrx_word' id='word_1_263' title='bbox 1523 3608 1723 3678; x_wconf 82' lang='lat' dir='ltr'><strong>quibus</strong></span> <span class='ocrx_word' id='word_1_264' title='bbox 1784 3619 2042 3662; x_wconf 91' lang='lat' dir='ltr'><strong>accurata</strong></span> <span class='ocrx_word' id='word_1_265' title='bbox 2099 3611 2152 3664; x_wconf 93' lang='lat' dir='ltr'><strong>in</strong></span> 
     </span>
    </p>
   </div>
   <div class='ocr_carea' id='block_1_40' title="bbox 571 3697 2153 3774">
    <p class='ocr_par' dir='ltr' id='par_1_40' title="bbox 571 3697 2153 3774">
     <span class='ocr_line' id='line_1_40' title="bbox 571 3697 2153 3774; baseline -0.001 -18"><span class='ocrx_word' id='word_1_266' title='bbox 571 3703 762 3774; x_wconf 88' lang='lat' dir='ltr'><strong>primis</strong></span> <span class='ocrx_word' id='word_1_267' title='bbox 797 3701 981 3754; x_wconf 87' lang='lat' dir='ltr'><strong>haberi</strong></span> <span class='ocrx_word' id='word_1_268' title='bbox 1018 3699 1159 3753; x_wconf 89' lang='lat' dir='ltr'><strong>ratio</strong></span> <span class='ocrx_word' id='word_1_269' title='bbox 1199 3699 1476 3752; x_wconf 91' lang='lat' dir='ltr'><strong>nominum</strong></span> <span class='ocrx_word' id='word_1_270' title='bbox 1519 3699 1677 3754; x_wconf 89' lang='lat' dir='ltr'><strong>solet.</strong></span> <span class='ocrx_word' id='word_1_271' title='bbox 1725 3697 1936 3753; x_wconf 85' lang='lat' dir='ltr'><strong>Etenim</strong></span> <span class='ocrx_word' id='word_1_272' title='bbox 1969 3701 2153 3756; x_wconf 90' lang='lat' dir='ltr'><strong>carnis</strong></span> 
     </span>
    </p>
   </div>
   <div class='ocr_carea' id='block_1_41' title="bbox 571 3789 2149 3864">
    <p class='ocr_par' dir='ltr' id='par_1_41' title="bbox 571 3789 2149 3864">
     <span class='ocr_line' id='line_1_41' title="bbox 571 3789 2149 3864; baseline -0.001 -17"><span class='ocrx_word' id='word_1_273' title='bbox 571 3793 948 3864; x_wconf 88' lang='lat' dir='ltr'><strong>appellatione,</strong></span> <span class='ocrx_word' id='word_1_274' title='bbox 978 3791 1024 3845; x_wconf 88' lang='lat' dir='ltr'><strong>si</strong></span> <span class='ocrx_word' id='word_1_275' title='bbox 1062 3791 1174 3844; x_wconf 60' lang='lat' dir='ltr'><strong>haec</strong></span> <span class='ocrx_word' id='word_1_276' title='bbox 1216 3789 1281 3843; x_wconf 88' lang='lat' dir='ltr'><strong>ad</strong></span> <span class='ocrx_word' id='word_1_277' title='bbox 1323 3797 1568 3842; x_wconf 74' lang='lat' dir='ltr'><strong>exactam</strong></span> <span class='ocrx_word' id='word_1_278' title='bbox 1619 3790 1863 3846; x_wconf 65' lang='lat' dir='ltr'><strong>scientiae</strong></span> <span class='ocrx_word' id='word_1_279' title='bbox 1907 3806 2149 3845; x_wconf 84' lang='lat' dir='ltr'><strong>normam</strong></span> 
     </span>
    </p>
   </div>
   <div class='ocr_carea' id='block_1_42' title="bbox 568 3881 2149 3954">
    <p class='ocr_par' dir='ltr' id='par_1_42' title="bbox 568 3881 2149 3954">
     <span class='ocr_line' id='line_1_42' title="bbox 568 3881 2149 3954; baseline -0.003 -15"><span class='ocrx_word' id='word_1_280' title='bbox 568 3887 784 3954; x_wconf 74' lang='lat' dir='ltr'><strong>exigere</strong></span> <span class='ocrx_word' id='word_1_281' title='bbox 827 3884 1020 3944; x_wconf 85' lang='lat' dir='ltr'><strong>velint,</strong></span> <span class='ocrx_word' id='word_1_282' title='bbox 1050 3896 1157 3936; x_wconf 91' lang='lat' dir='ltr'><strong>non</strong></span> <span class='ocrx_word' id='word_1_283' title='bbox 1208 3881 1462 3934; x_wconf 86' lang='lat' dir='ltr'><strong>universa</strong></span> <span class='ocrx_word' id='word_1_284' title='bbox 1498 3883 1712 3949; x_wconf 90' lang='lat' dir='ltr'><strong>proprie</strong></span> <span class='ocrx_word' id='word_1_285' title='bbox 1753 3882 1938 3950; x_wconf 87' lang='lat' dir='ltr'><strong>hujus,</strong></span> <span class='ocrx_word' id='word_1_286' title='bbox 1974 3889 2031 3934; x_wconf 93' lang='lat' dir='ltr'><strong>ut</strong></span> <span class='ocrx_word' id='word_1_287' title='bbox 2078 3885 2149 3935; x_wconf 86' lang='lat' dir='ltr'><strong>ita</strong></span> 
     </span>
    </p>
   </div>
   <div class='ocr_carea' id='block_1_43' title="bbox 569 3970 2150 4044">
    <p class='ocr_par' dir='ltr' id='par_1_43' title="bbox 569 3970 2150 4044">
     <span class='ocr_line' id='line_1_43' title="bbox 569 3970 2150 4044; baseline -0.002 -14"><span class='ocrx_word' id='word_1_288' title='bbox 569 3977 766 4039; x_wconf 79' lang='lat' dir='ltr'><strong>dicam,</strong></span> <span class='ocrx_word' id='word_1_289' title='bbox 794 3973 1126 4029; x_wconf 89' lang='lat' dir='ltr'><strong>tabernaculi</strong></span> <span class='ocrx_word' id='word_1_290' title='bbox 1179 3972 1349 4026; x_wconf 89' lang='lat' dir='ltr'><strong>moles</strong></span> <span class='ocrx_word' id='word_1_291' title='bbox 1389 3970 1730 4040; x_wconf 80' lang='lat' dir='ltr'><strong>intelligitur,</strong></span> <span class='ocrx_word' id='word_1_292' title='bbox 1765 3972 1858 4027; x_wconf 88' lang='lat' dir='ltr'><strong>sed</strong></span> <span class='ocrx_word' id='word_1_293' title='bbox 1903 3974 2150 4044; x_wconf 65' lang='lat' dir='ltr'><strong>quaedam</strong></span> 
     </span>
    </p>
   </div>
   <div class='ocr_carea' id='block_1_44' title="bbox 568 4063 2146 4134">
    <p class='ocr_par' dir='ltr' id='par_1_44' title="bbox 568 4063 2146 4134">
     <span class='ocr_line' id='line_1_44' title="bbox 568 4063 2146 4134; baseline -0.001 -14"><span class='ocrx_word' id='word_1_294' title='bbox 568 4068 737 4120; x_wconf 72' lang='lat' dir='ltr'><strong>totius</strong></span> <span class='ocrx_word' id='word_1_295' title='bbox 766 4079 913 4134; x_wconf 83' lang='lat' dir='ltr'><strong>pars,</strong></span> <span class='ocrx_word' id='word_1_296' title='bbox 943 4063 1398 4134; x_wconf 84' lang='lat' dir='ltr'><strong>quemadmodum</strong></span> <span class='ocrx_word' id='word_1_297' title='bbox 1433 4078 1581 4124; x_wconf 87' lang='lat' dir='ltr'><strong>ossa,</strong></span> <span class='ocrx_word' id='word_1_298' title='bbox 1607 4063 1755 4115; x_wconf 80' lang='lat' dir='ltr'><strong>nervi</strong></span> <span class='ocrx_word' id='word_1_299' title='bbox 1777 4071 1938 4132; x_wconf 88' lang='lat' dir='ltr'><strong>atque</strong></span> <span class='ocrx_word' id='word_1_300' title='bbox 1971 4079 2146 4130; x_wconf 70' lang='lat' dir='ltr'><strong>vente;</strong></span> 
     </span>
    </p>
   </div>
   <div class='ocr_carea' id='block_1_45' title="bbox 567 4149 2150 4225">
    <p class='ocr_par' dir='ltr' id='par_1_45' title="bbox 567 4149 2150 4225">
     <span class='ocr_line' id='line_1_45' title="bbox 567 4149 2150 4225; baseline -0.001 -17"><span class='ocrx_word' id='word_1_301' title='bbox 567 4170 771 4225; x_wconf 87' lang='lat' dir='ltr'><strong>corpus</strong></span> <span class='ocrx_word' id='word_1_302' title='bbox 801 4163 980 4207; x_wconf 89' lang='lat' dir='ltr'><strong>autem</strong></span> <span class='ocrx_word' id='word_1_303' title='bbox 1013 4161 1184 4206; x_wconf 89' lang='lat' dir='ltr'><strong>totunt</strong></span> <span class='ocrx_word' id='word_1_304' title='bbox 1215 4152 1434 4205; x_wconf 89' lang='lat' dir='ltr'><strong>dicitur.</strong></span> <span class='ocrx_word' id='word_1_305' title='bbox 1455 4149 1610 4205; x_wconf 90' lang='lat' dir='ltr'><strong>Unde</strong></span> <span class='ocrx_word' id='word_1_306' title='bbox 1637 4159 1692 4205; x_wconf 91' lang='lat' dir='ltr'><strong>et</strong></span> <span class='ocrx_word' id='word_1_307' title='bbox 1723 4151 1940 4213; x_wconf 79' lang='lat' dir='ltr'><strong>medici,</strong></span> <span class='ocrx_word' id='word_1_308' title='bbox 1966 4156 2057 4222; x_wconf 88' lang='lat' dir='ltr'><strong>qui</strong></span> <span class='ocrx_word' id='word_1_309' title='bbox 2082 4153 2150 4207; x_wconf 87' lang='lat' dir='ltr'><strong>de</strong></span> 
     </span>
    </p>
   </div>
   <div class='ocr_carea' id='block_1_46' title="bbox 569 4243 2148 4313">
    <p class='ocr_par' dir='ltr' id='par_1_46' title="bbox 569 4243 2148 4313">
     <span class='ocr_line' id='line_1_46' title="bbox 569 4243 2148 4313; baseline -0.003 -13"><span class='ocrx_word' id='word_1_310' title='bbox 569 4255 762 4300; x_wconf 89' lang='lat' dir='ltr'><strong>natura</strong></span> <span class='ocrx_word' id='word_1_311' title='bbox 820 4260 1114 4313; x_wconf 86' lang='lat' dir='ltr'><strong>corporum</strong></span> <span class='ocrx_word' id='word_1_312' title='bbox 1159 4252 1414 4297; x_wconf 81' lang='lat' dir='ltr'><strong>aecurate</strong></span> <span class='ocrx_word' id='word_1_313' title='bbox 1458 4243 1764 4312; x_wconf 84' lang='lat' dir='ltr'><strong>disputant,</strong></span> <span class='ocrx_word' id='word_1_314' title='bbox 1823 4243 1924 4296; x_wconf 91' lang='lat' dir='ltr'><strong>hoc</strong></span> <span class='ocrx_word' id='word_1_315' title='bbox 1972 4245 2148 4312; x_wconf 87' lang='lat' dir='ltr'><strong>ipsum</strong></span> 
     </span>
    </p>
   </div>
   <div class='ocr_carea' id='block_1_47' title="bbox 566 4335 2147 4407">
    <p class='ocr_par' dir='ltr' id='par_1_47' title="bbox 566 4335 2147 4407">
     <span class='ocr_line' id='line_1_47' title="bbox 566 4335 2147 4407; baseline 0.001 -18"><span class='ocrx_word' id='word_1_316' title='bbox 566 4338 709 4407; x_wconf 86' lang='lat' dir='ltr'><strong>quod</strong></span> <span class='ocrx_word' id='word_1_317' title='bbox 749 4336 1078 4405; x_wconf 85' lang='lat' dir='ltr'><strong>aspectabile</strong></span> <span class='ocrx_word' id='word_1_318' title='bbox 1118 4343 1224 4397; x_wconf 91' lang='lat' dir='ltr'><strong>est,</strong></span> <span class='ocrx_word' id='word_1_319' title='bbox 1273 4350 1471 4404; x_wconf 90' lang='lat' dir='ltr'><strong>corpus</strong></span> <span class='ocrx_word' id='word_1_320' title='bbox 1523 4349 1646 4388; x_wconf 86' lang='lat' dir='ltr'><strong>esse</strong></span> <span class='ocrx_word' id='word_1_321' title='bbox 1689 4335 1954 4388; x_wconf 89' lang='lat' dir='ltr'><strong>sentiunt.</strong></span> <span class='ocrx_word' id='word_1_322' title='bbox 2003 4335 2147 4401; x_wconf 90' lang='lat' dir='ltr'><strong>Quin</strong></span> 
     </span>
    </p>
   </div>
   <div class='ocr_carea' id='block_1_48' title="bbox 567 4425 2143 4498">
    <p class='ocr_par' dir='ltr' id='par_1_48' title="bbox 567 4425 2143 4498">
     <span class='ocr_line' id='line_1_48' title="bbox 567 4425 2143 4498; baseline 0.001 -19"><span class='ocrx_word' id='word_1_323' title='bbox 567 4429 684 4497; x_wconf 89' lang='lat' dir='ltr'><strong>ipse</strong></span> <span class='ocrx_word' id='word_1_324' title='bbox 728 4426 880 4480; x_wconf 84' lang='lat' dir='ltr'><strong>Plato</strong></span> <span class='ocrx_word' id='word_1_325' title='bbox 926 4426 1072 4481; x_wconf 83' lang='lat' dir='ltr'><strong>istud</strong></span> <span class='ocrx_word' id='word_1_326' title='bbox 1125 4425 1300 4494; x_wconf 82' lang='lat' dir='ltr'><strong>ipsum</strong></span> <span class='ocrx_word' id='word_1_327' title='bbox 1343 4441 1544 4498; x_wconf 88' lang='lat' dir='ltr'><strong>corpus</strong></span> <span class='ocrx_word' id='word_1_328' title='bbox 1584 4441 1705 4482; x_wconf 84' lang='lat' dir='ltr'><strong>esse</strong></span> <span class='ocrx_word' id='word_1_329' title='bbox 1757 4443 1862 4480; x_wconf 92' lang='lat' dir='ltr'><strong>non</strong></span> <span class='ocrx_word' id='word_1_330' title='bbox 1907 4426 2143 4497; x_wconf 77' lang='lat' dir='ltr'><strong>ignorat.</strong></span> 
     </span>
    </p>
   </div>
   <div class='ocr_carea' id='block_1_49' title="bbox 2263 597 3877 668">
    <p class='ocr_par' dir='ltr' id='par_1_49' title="bbox 2263 597 3877 668">
     <span class='ocr_line' id='line_1_49' title="bbox 2263 597 3877 668; baseline 0.001 -20"><span class='ocrx_word' id='word_1_331' title='bbox 2263 597 2547 650; x_wconf 79' lang='grc' dir='ltr'>κοινωνίαν</span> <span class='ocrx_word' id='word_1_332' title='bbox 2588 597 2717 667; x_wconf 89' lang='grc' dir='ltr'>μίαν</span> <span class='ocrx_word' id='word_1_333' title='bbox 2755 598 3077 667; x_wconf 85' lang='grc' dir='ltr'>γιγνόμενον</span> <span class='ocrx_word' id='word_1_334' title='bbox 3118 597 3270 668; x_wconf 82' lang='grc' dir='ltr'>παρὰ</span> <span class='ocrx_word' id='word_1_335' title='bbox 3299 598 3458 650; x_wconf 81' lang='grc' dir='ltr'>τοῦτο</span> <span class='ocrx_word' id='word_1_336' title='bbox 3485 598 3551 649; x_wconf 79' lang='grc' dir='ltr'>τὸ</span> <span class='ocrx_word' id='word_1_337' title='bbox 3587 598 3768 667; x_wconf 76' lang='grc' dir='ltr'>σῶμα</span> <span class='ocrx_word' id='word_1_338' title='bbox 3803 600 3877 650; x_wconf 73' lang='grc' dir='ltr'>τὸ</span> 
     </span>
    </p>
   </div>
   <div class='ocr_carea' id='block_1_50' title="bbox 2262 683 3876 759">
    <p class='ocr_par' dir='ltr' id='par_1_50' title="bbox 2262 683 3876 759">
     <span class='ocr_line' id='line_1_50' title="bbox 2262 683 3876 759; baseline -0.001 -20"><span class='ocrx_word' id='word_1_339' title='bbox 2262 687 2384 753; x_wconf 71' lang='grc' dir='ltr'>ἔξω,</span> <span class='ocrx_word' id='word_1_340' title='bbox 2413 688 2482 740; x_wconf 83' lang='grc' dir='ltr'>δι’</span> <span class='ocrx_word' id='word_1_341' title='bbox 2518 683 2580 741; x_wconf 72' lang='grc' dir='ltr'><strong>οὗ</strong></span> <span class='ocrx_word' id='word_1_342' title='bbox 2620 689 2793 740; x_wconf 84' lang='grc' dir='ltr'>πάντα</span> <span class='ocrx_word' id='word_1_343' title='bbox 2826 687 3000 741; x_wconf 86' lang='grc' dir='ltr'>ταῦτα</span> <span class='ocrx_word' id='word_1_344' title='bbox 3043 687 3344 759; x_wconf 76' lang='grc' dir='ltr'><strong>πληροῦται</strong></span> <span class='ocrx_word' id='word_1_345' title='bbox 3387 688 3457 740; x_wconf 75' lang='grc' dir='ltr'><strong>τά</strong></span> <span class='ocrx_word' id='word_1_346' title='bbox 3501 688 3654 757; x_wconf 77' lang='grc' dir='ltr'>πρὸς</span> <span class='ocrx_word' id='word_1_347' title='bbox 3707 687 3876 756; x_wconf 73' lang='grc' dir='ltr'>μίξιν</span> 
     </span>
    </p>
   </div>
   <div class='ocr_carea' id='block_1_51' title="bbox 2264 776 3872 850">
    <p class='ocr_par' dir='ltr' id='par_1_51' title="bbox 2264 776 3872 850">
     <span class='ocr_line' id='line_1_51' title="bbox 2264 776 3872 850; baseline -0.004 -18"><span class='ocrx_word' id='word_1_348' title='bbox 2264 781 2358 832; x_wconf 72' lang='grc' dir='ltr'>καὶ</span> <span class='ocrx_word' id='word_1_349' title='bbox 2403 780 2662 832; x_wconf 73' lang='grc' dir='ltr'><strong>ἔκκαυσιν</strong></span> <span class='ocrx_word' id='word_1_350' title='bbox 2714 781 3122 850; x_wconf 83' lang='grc' dir='ltr'>ἁμαρτήματα;</span> <span class='ocrx_word' id='word_1_351' title='bbox 3154 778 3314 832; x_wconf 81' lang='grc' dir='ltr'>Ὅθεν</span> <span class='ocrx_word' id='word_1_352' title='bbox 3350 779 3444 831; x_wconf 70' lang='grc' dir='ltr'>καὶ</span> <span class='ocrx_word' id='word_1_353' title='bbox 3489 776 3616 831; x_wconf 78' lang='grc' dir='ltr'><strong>πᾶν</strong></span> <span class='ocrx_word' id='word_1_354' title='bbox 3661 777 3872 848; x_wconf 76' lang='grc' dir='ltr'><strong>ἁμάρ-</strong></span> 
     </span>
    </p>
   </div>
   <div class='ocr_carea' id='block_1_52' title="bbox 2259 865 3868 940">
    <p class='ocr_par' dir='ltr' id='par_1_52' title="bbox 2259 865 3868 940">
     <span class='ocr_line' id='line_1_52' title="bbox 2259 865 3868 940; baseline -0.002 -16"><span class='ocrx_word' id='word_1_355' title='bbox 2259 889 2415 940; x_wconf 84' lang='grc' dir='ltr'>τημα</span> <span class='ocrx_word' id='word_1_356' title='bbox 2438 872 2471 926; x_wconf 79' lang='grc' dir='ltr'>ὃ</span> <span class='ocrx_word' id='word_1_357' title='bbox 2502 872 2610 924; x_wconf 79' lang='grc' dir='ltr'><strong>ἐὰν</strong></span> <span class='ocrx_word' id='word_1_358' title='bbox 2648 873 2876 940; x_wconf 80' lang='grc' dir='ltr'><strong>ποιήσῃ</strong></span> <span class='ocrx_word' id='word_1_359' title='bbox 2924 875 2954 926; x_wconf 84' lang='grc' dir='ltr'><strong>ό</strong></span> <span class='ocrx_word' id='word_1_360' title='bbox 2992 865 3325 940; x_wconf 79' lang='grc' dir='ltr'>ἅνθρωπος,</span> <span class='ocrx_word' id='word_1_361' title='bbox 3368 870 3547 936; x_wconf 81' lang='grc' dir='ltr'>ἐκτὸς</span> <span class='ocrx_word' id='word_1_362' title='bbox 3583 870 3704 922; x_wconf 79' lang='grc' dir='ltr'><strong>τοῦ</strong></span> <span class='ocrx_word' id='word_1_363' title='bbox 3749 869 3868 921; x_wconf 76' lang='grc' dir='ltr'><strong>σὼ-</strong></span> 
     </span>
    </p>
   </div>
   <div class='ocr_carea' id='block_1_53' title="bbox 2253 961 3868 1032">
    <p class='ocr_par' dir='ltr' id='par_1_53' title="bbox 2253 961 3868 1032">
     <span class='ocr_line' id='line_1_53' title="bbox 2253 961 3868 1032; baseline -0.002 -17"><span class='ocrx_word' id='word_1_364' title='bbox 2253 964 2442 1031; x_wconf 81' lang='grc' dir='ltr'>ματός</span> <span class='ocrx_word' id='word_1_365' title='bbox 2460 963 2648 1016; x_wconf 81' lang='grc' dir='ltr'>ἐστιν.</span> <span class='ocrx_word' id='word_1_366' title='bbox 2684 964 2736 1015; x_wconf 90' lang='lat'><strong>&#39;0</strong></span> <span class='ocrx_word' id='word_1_367' title='bbox 2760 963 2828 1016; x_wconf 81' lang='grc' dir='ltr'><em>δὲ</em></span> <span class='ocrx_word' id='word_1_368' title='bbox 2867 965 3198 1032; x_wconf 77' lang='grc' dir='ltr'><strong>πορνεύων,</strong></span> <span class='ocrx_word' id='word_1_369' title='bbox 3234 967 3321 1029; x_wconf 84' lang='grc' dir='ltr'>εις</span> <span class='ocrx_word' id='word_1_370' title='bbox 3363 961 3430 1015; x_wconf 82' lang='grc' dir='ltr'><strong>τό</strong></span> <span class='ocrx_word' id='word_1_371' title='bbox 3480 961 3643 1014; x_wconf 77' lang='grc' dir='ltr'>ἴδιον</span> <span class='ocrx_word' id='word_1_372' title='bbox 3674 962 3868 1030; x_wconf 80' lang='grc' dir='ltr'>σῶμα</span> 
     </span>
    </p>
   </div>
   <div class='ocr_carea' id='block_1_54' title="bbox 2258 1050 3860 1122">
    <p class='ocr_par' dir='ltr' id='par_1_54' title="bbox 2258 1050 3860 1122">
     <span class='ocr_line' id='line_1_54' title="bbox 2258 1050 3860 1122; baseline -0.001 -20"><span class='ocrx_word' id='word_1_373' title='bbox 2258 1051 2599 1119; x_wconf 78' lang='grc' dir='ltr'><strong>ἁμαρτάνει.</strong></span> <span class='ocrx_word' id='word_1_374' title='bbox 2641 1051 2820 1122; x_wconf 82' lang='grc' dir='ltr'>Τύφος</span> <span class='ocrx_word' id='word_1_375' title='bbox 2848 1053 2946 1122; x_wconf 77' lang='grc' dir='ltr'>μὲν</span> <span class='ocrx_word' id='word_1_376' title='bbox 2971 1052 3080 1122; x_wconf 77' lang='grc' dir='ltr'><strong>γὰρ</strong></span> <span class='ocrx_word' id='word_1_377' title='bbox 3111 1053 3204 1105; x_wconf 77' lang='grc' dir='ltr'><strong>καὶ</strong></span> <span class='ocrx_word' id='word_1_378' title='bbox 3235 1054 3482 1116; x_wconf 76' lang='grc' dir='ltr'><strong>ἀπιστία,</strong></span> <span class='ocrx_word' id='word_1_379' title='bbox 3513 1051 3614 1105; x_wconf 76' lang='lat' dir='ltr'><strong>xui.</strong></span> <span class='ocrx_word' id='word_1_380' title='bbox 3645 1050 3860 1119; x_wconf 73' lang='grc' dir='ltr'>θυμὸς,</span> 
     </span>
    </p>
   </div>
   <div class='ocr_carea' id='block_1_55' title="bbox 2260 1142 3864 1215">
    <p class='ocr_par' dir='ltr' id='par_1_55' title="bbox 2260 1142 3864 1215">
     <span class='ocr_line' id='line_1_55' title="bbox 2260 1142 3864 1215; baseline 0.001 -22"><span class='ocrx_word' id='word_1_381' title='bbox 2260 1143 2354 1195; x_wconf 79' lang='grc' dir='ltr'>καὶ</span> <span class='ocrx_word' id='word_1_382' title='bbox 2383 1143 2693 1212; x_wconf 84' lang='grc' dir='ltr'>ὑπόκρισις,</span> <span class='ocrx_word' id='word_1_383' title='bbox 2724 1142 2902 1213; x_wconf 77' lang='grc' dir='ltr'>ψυχῆς</span> <span class='ocrx_word' id='word_1_384' title='bbox 2932 1143 3324 1214; x_wconf 73' lang='grc' dir='ltr'>ἁμαρτήματα.</span> <span class='ocrx_word' id='word_1_385' title='bbox 3362 1143 3598 1215; x_wconf 76' lang='grc' dir='ltr'><strong>Πορνεία</strong></span> <span class='ocrx_word' id='word_1_386' title='bbox 3637 1144 3730 1203; x_wconf 79' lang='grc' dir='ltr'>δὲ,</span> <span class='ocrx_word' id='word_1_387' title='bbox 3763 1144 3864 1195; x_wconf 76' lang='grc' dir='ltr'>καὶ</span> 
     </span>
    </p>
   </div>
   <div class='ocr_carea' id='block_1_56' title="bbox 2258 1228 3863 1305">
    <p class='ocr_par' dir='ltr' id='par_1_56' title="bbox 2258 1228 3863 1305">
     <span class='ocr_line' id='line_1_56' title="bbox 2258 1228 3863 1305; baseline 0.001 -19"><span class='ocrx_word' id='word_1_388' title='bbox 2258 1228 2494 1303; x_wconf 75' lang='grc' dir='ltr'><strong>οἶστρος,</strong></span> <span class='ocrx_word' id='word_1_389' title='bbox 2529 1235 2624 1286; x_wconf 74' lang='grc' dir='ltr'>καὶ</span> <span class='ocrx_word' id='word_1_390' title='bbox 2667 1236 2868 1305; x_wconf 80' lang='grc' dir='ltr'>τρυφὴ,</span> <span class='ocrx_word' id='word_1_391' title='bbox 2904 1235 3190 1305; x_wconf 85' lang='grc' dir='ltr'>σώματος·</span> <span class='ocrx_word' id='word_1_392' title='bbox 3227 1235 3345 1305; x_wconf 82' lang='grc' dir='ltr'>μεθ’</span> <span class='ocrx_word' id='word_1_393' title='bbox 3387 1230 3463 1290; x_wconf 78' lang='grc' dir='ltr'>ὧν</span> <span class='ocrx_word' id='word_1_394' title='bbox 3508 1235 3640 1288; x_wconf 73' lang='grc' dir='ltr'>οὔτε</span> <span class='ocrx_word' id='word_1_395' title='bbox 3704 1237 3863 1305; x_wconf 65' lang='grc' dir='ltr'><strong>ψυχὴ</strong></span> 
     </span>
    </p>
   </div>
   <div class='ocr_carea' id='block_1_57' title="bbox 2259 1326 3865 1400">
    <p class='ocr_par' dir='ltr' id='par_1_57' title="bbox 2259 1326 3865 1400">
     <span class='ocr_line' id='line_1_57' title="bbox 2259 1326 3865 1400; baseline 0.001 -21"><span class='ocrx_word' id='word_1_396' title='bbox 2259 1328 2397 1398; x_wconf 71' lang='grc' dir='ltr'>πρὸς</span> <span class='ocrx_word' id='word_1_397' title='bbox 2430 1326 2686 1397; x_wconf 78' lang='grc' dir='ltr'>ἀλήθειαν</span> <span class='ocrx_word' id='word_1_398' title='bbox 2714 1328 3112 1397; x_wconf 79' lang='grc' dir='ltr'>ἀναπτήσεται,</span> <span class='ocrx_word' id='word_1_399' title='bbox 3148 1326 3273 1380; x_wconf 71' lang='grc' dir='ltr'>οὔτε</span> <span class='ocrx_word' id='word_1_400' title='bbox 3317 1328 3685 1400; x_wconf 72' lang='grc' dir='ltr'><strong>σωφροσύνης</strong></span> <span class='ocrx_word' id='word_1_401' title='bbox 3727 1330 3865 1381; x_wconf 77' lang='grc' dir='ltr'>ὑπο-</span> 
     </span>
    </p>
   </div>
   <div class='ocr_carea' id='block_1_58' title="bbox 2259 1415 3862 1490">
    <p class='ocr_par' dir='ltr' id='par_1_58' title="bbox 2259 1415 3862 1490">
     <span class='ocr_line' id='line_1_58' title="bbox 2259 1415 3862 1490; baseline 0.001 -22"><span class='ocrx_word' id='word_1_402' title='bbox 2259 1416 2589 1486; x_wconf 75' lang='grc' dir='ltr'>ταχοήσεται</span> <span class='ocrx_word' id='word_1_403' title='bbox 2616 1415 2880 1487; x_wconf 81' lang='grc' dir='ltr'>δόγμασιν</span> <span class='ocrx_word' id='word_1_404' title='bbox 2902 1433 2915 1446; x_wconf 88' lang='grc'><strong>·</strong></span> <span class='ocrx_word' id='word_1_405' title='bbox 2944 1417 3080 1470; x_wconf 82' lang='grc' dir='ltr'>ἀλλὰ</span> <span class='ocrx_word' id='word_1_406' title='bbox 3110 1418 3279 1488; x_wconf 76' lang='grc' dir='ltr'>ἄμφω</span> <span class='ocrx_word' id='word_1_407' title='bbox 3306 1418 3727 1490; x_wconf 76' lang='grc' dir='ltr'>διολισθήσουσι</span> <span class='ocrx_word' id='word_1_408' title='bbox 3761 1420 3862 1487; x_wconf 69' lang='grc' dir='ltr'>τῆς</span> 
     </span>
    </p>
   </div>
   <div class='ocr_carea' id='block_1_59' title="bbox 2260 1505 3860 1581">
    <p class='ocr_par' dir='ltr' id='par_1_59' title="bbox 2260 1505 3860 1581">
     <span class='ocr_line' id='line_1_59' title="bbox 2260 1505 3860 1581; baseline 0 -19"><span class='ocrx_word' id='word_1_409' title='bbox 2260 1508 2533 1578; x_wconf 73' lang='grc' dir='ltr'>βασιλείας</span> <span class='ocrx_word' id='word_1_410' title='bbox 2554 1508 2646 1562; x_wconf 85' lang='grc' dir='ltr'><strong>τοῦ</strong></span> <span class='ocrx_word' id='word_1_411' title='bbox 2661 1507 2915 1580; x_wconf 76' lang='grc' dir='ltr'>Χριστοῦ.</span> <span class='ocrx_word' id='word_1_412' title='bbox 2934 1510 3042 1562; x_wconf 82' lang='grc' dir='ltr'><strong>Καὶ</strong></span> <span class='ocrx_word' id='word_1_413' title='bbox 3059 1510 3257 1568; x_wconf 85' lang='grc' dir='ltr'>τοίνυν,</span> <span class='ocrx_word' id='word_1_414' title='bbox 3274 1511 3322 1562; x_wconf 82' lang='grc' dir='ltr'><strong>εί</strong></span> <span class='ocrx_word' id='word_1_415' title='bbox 3337 1505 3404 1564; x_wconf 60' lang='grc' dir='ltr'>τὰ</span> <span class='ocrx_word' id='word_1_416' title='bbox 3426 1511 3666 1580; x_wconf 85' lang='grc' dir='ltr'>σώματα</span> <span class='ocrx_word' id='word_1_417' title='bbox 3688 1513 3860 1581; x_wconf 78' lang='grc' dir='ltr'>ἡμῶν</span> 
     </span>
    </p>
   </div>
   <div class='ocr_carea' id='block_1_60' title="bbox 2258 1599 3858 1673">
    <p class='ocr_par' dir='ltr' id='par_1_60' title="bbox 2258 1599 3858 1673">
     <span class='ocr_line' id='line_1_60' title="bbox 2258 1599 3858 1673; baseline 0.001 -20"><span class='ocrx_word' id='word_1_418' title='bbox 2258 1602 2316 1653; x_wconf 80' lang='grc' dir='ltr'>ὲν</span> <span class='ocrx_word' id='word_1_419' title='bbox 2335 1600 2591 1671; x_wconf 81' lang='grc' dir='ltr'>ἁγιασμῷ</span> <span class='ocrx_word' id='word_1_420' title='bbox 2625 1599 3056 1673; x_wconf 82' lang='grc' dir='ltr'>διακρατούμενα</span> <span class='ocrx_word' id='word_1_421' title='bbox 3088 1603 3212 1666; x_wconf 82' lang='grc' dir='ltr'>ναός</span> <span class='ocrx_word' id='word_1_422' title='bbox 3240 1604 3355 1656; x_wconf 71' lang='grc' dir='ltr'>ἐστι</span> <span class='ocrx_word' id='word_1_423' title='bbox 3380 1601 3472 1655; x_wconf 85' lang='grc' dir='ltr'><strong>τοῦ</strong></span> <span class='ocrx_word' id='word_1_424' title='bbox 3502 1605 3564 1656; x_wconf 78' lang='grc' dir='ltr'>ὲν</span> <span class='ocrx_word' id='word_1_425' title='bbox 3599 1605 3745 1673; x_wconf 72' lang='grc' dir='ltr'>ἡμῖν</span> <span class='ocrx_word' id='word_1_426' title='bbox 3777 1606 3858 1655; x_wconf 84' lang='grc' dir='ltr'><strong>οξ-</strong></span> 
     </span>
    </p>
   </div>
   <div class='ocr_carea' id='block_1_61' title="bbox 2259 1692 3859 1766">
    <p class='ocr_par' dir='ltr' id='par_1_61' title="bbox 2259 1692 3859 1766">
     <span class='ocr_line' id='line_1_61' title="bbox 2259 1692 3859 1766; baseline 0.001 -19"><span class='ocrx_word' id='word_1_427' title='bbox 2259 1694 2478 1757; x_wconf 86' lang='grc' dir='ltr'>κοῦντος</span> <span class='ocrx_word' id='word_1_428' title='bbox 2508 1692 2844 1764; x_wconf 77' lang='grc' dir='ltr'>Πνεύματος,</span> <span class='ocrx_word' id='word_1_429' title='bbox 2868 1695 2961 1746; x_wconf 79' lang='grc' dir='ltr'>καὶ</span> <span class='ocrx_word' id='word_1_430' title='bbox 2984 1697 3011 1748; x_wconf 84' lang='grc' dir='ltr'><strong>ὁ</strong></span> <span class='ocrx_word' id='word_1_431' title='bbox 3038 1693 3242 1766; x_wconf 80' lang='grc' dir='ltr'>Κύριος</span> <span class='ocrx_word' id='word_1_432' title='bbox 3272 1695 3331 1748; x_wconf 83' lang='grc' dir='ltr'>ἐν</span> <span class='ocrx_word' id='word_1_433' title='bbox 3360 1694 3438 1765; x_wconf 86' lang='grc' dir='ltr'>τῷ</span> <span class='ocrx_word' id='word_1_434' title='bbox 3470 1693 3724 1765; x_wconf 83' lang='grc' dir='ltr'>σώματι,</span> <span class='ocrx_word' id='word_1_435' title='bbox 3763 1699 3859 1748; x_wconf 73' lang='grc' dir='ltr'>καὶ</span> 
     </span>
    </p>
   </div>
   <div class='ocr_carea' id='block_1_62' title="bbox 2258 1781 3850 1855">
    <p class='ocr_par' dir='ltr' id='par_1_62' title="bbox 2258 1781 3850 1855">
     <span class='ocr_line' id='line_1_62' title="bbox 2258 1781 3850 1855; baseline 0 -19"><span class='ocrx_word' id='word_1_436' title='bbox 2258 1785 2325 1837; x_wconf 73' lang='grc' dir='ltr'><strong>τὰ</strong></span> <span class='ocrx_word' id='word_1_437' title='bbox 2382 1783 2517 1854; x_wconf 82' lang='grc' dir='ltr'>μέλη</span> <span class='ocrx_word' id='word_1_438' title='bbox 2558 1783 2650 1836; x_wconf 88' lang='grc' dir='ltr'><strong>τοῦ</strong></span> <span class='ocrx_word' id='word_1_439' title='bbox 2685 1782 2933 1854; x_wconf 85' lang='grc' dir='ltr'>σώματος</span> <span class='ocrx_word' id='word_1_440' title='bbox 2970 1782 3105 1855; x_wconf 86' lang='grc' dir='ltr'><strong>μέλη</strong></span> <span class='ocrx_word' id='word_1_441' title='bbox 3153 1781 3408 1855; x_wconf 77' lang='grc' dir='ltr'>Χριστοῦ,</span> <span class='ocrx_word' id='word_1_442' title='bbox 3457 1784 3850 1838; x_wconf 73' lang='grc' dir='ltr'>ὑποτάσσεται</span> 
     </span>
    </p>
   </div>
   <div class='ocr_carea' id='block_1_63' title="bbox 2192 1856 3856 1946">
    <p class='ocr_par' dir='ltr' id='par_1_63' title="bbox 2192 1856 3856 1946">
     <span class='ocr_line' id='line_1_63' title="bbox 2192 1856 3856 1946; baseline 0 -19"><span class='ocrx_word' id='word_1_443' title='bbox 2192 1856 2232 1910; x_wconf 85' lang='grc' dir='ltr'><strong><em>Β</em></strong></span> <span class='ocrx_word' id='word_1_444' title='bbox 2258 1863 2366 1944; x_wconf 74' lang='grc' dir='ltr'><strong>ᾱρα</strong></span> <span class='ocrx_word' id='word_1_445' title='bbox 2413 1874 2474 1927; x_wconf 83' lang='grc' dir='ltr'>τδ</span> <span class='ocrx_word' id='word_1_446' title='bbox 2512 1873 2668 1944; x_wconf 79' lang='grc' dir='ltr'>σῶμα</span> <span class='ocrx_word' id='word_1_447' title='bbox 2701 1874 2779 1944; x_wconf 83' lang='grc' dir='ltr'>τῷ</span> <span class='ocrx_word' id='word_1_448' title='bbox 2811 1873 2960 1944; x_wconf 87' lang='grc' dir='ltr'>νόμῳ</span> <span class='ocrx_word' id='word_1_449' title='bbox 2985 1873 3064 1944; x_wconf 83' lang='grc' dir='ltr'>τῷ</span> <span class='ocrx_word' id='word_1_450' title='bbox 3104 1873 3254 1944; x_wconf 54' lang='lat' dir='ltr'><strong>esset,</strong></span> <span class='ocrx_word' id='word_1_451' title='bbox 3288 1874 3382 1927; x_wconf 79' lang='grc' dir='ltr'><strong>και</strong></span> <span class='ocrx_word' id='word_1_452' title='bbox 3422 1873 3856 1946; x_wconf 75' lang='grc' dir='ltr'>κληρονομῆσαι</span> 
     </span>
    </p>
   </div>
   <div class='ocr_carea' id='block_1_64' title="bbox 2258 1963 3856 2036">
    <p class='ocr_par' dir='ltr' id='par_1_64' title="bbox 2258 1963 3856 2036">
     <span class='ocr_line' id='line_1_64' title="bbox 2258 1963 3856 2036; baseline 0 -18"><span class='ocrx_word' id='word_1_453' title='bbox 2258 1964 2481 2019; x_wconf 82' lang='grc' dir='ltr'>δύναται</span> <span class='ocrx_word' id='word_1_454' title='bbox 2525 1965 2625 2036; x_wconf 76' lang='grc' dir='ltr'>τὴν</span> <span class='ocrx_word' id='word_1_455' title='bbox 2657 1963 2932 2034; x_wconf 80' lang='grc' dir='ltr'>βασιλείαν</span> <span class='ocrx_word' id='word_1_456' title='bbox 2980 1963 3076 2017; x_wconf 89' lang='grc' dir='ltr'><strong>τοῦ</strong></span> <span class='ocrx_word' id='word_1_457' title='bbox 3125 1964 3285 2021; x_wconf 88' lang='grc' dir='ltr'>Θεοῦ.</span> <span class='ocrx_word' id='word_1_458' title='bbox 3344 1963 3406 2018; x_wconf 84' lang='lat'><strong>&#39;0</strong></span> <span class='ocrx_word' id='word_1_459' title='bbox 3450 1965 3564 2034; x_wconf 72' lang='grc' dir='ltr'>γὰρ</span> <span class='ocrx_word' id='word_1_460' title='bbox 3605 1967 3856 2036; x_wconf 70' lang='grc' dir='ltr'>ἐγείρας</span> 
     </span>
    </p>
   </div>
   <div class='ocr_carea' id='block_1_65' title="bbox 2259 2055 3853 2128">
    <p class='ocr_par' dir='ltr' id='par_1_65' title="bbox 2259 2055 3853 2128">
     <span class='ocr_line' id='line_1_65' title="bbox 2259 2055 3853 2128; baseline 0 -17"><span class='ocrx_word' id='word_1_461' title='bbox 2259 2058 2515 2126; x_wconf 77' lang='grc' dir='ltr'>Χριστὸν</span> <span class='ocrx_word' id='word_1_462' title='bbox 2557 2057 2626 2110; x_wconf 77' lang='grc' dir='ltr'>ἐκ</span> <span class='ocrx_word' id='word_1_463' title='bbox 2672 2056 2922 2125; x_wconf 78' lang='grc' dir='ltr'>νεκρῶν,</span> <span class='ocrx_word' id='word_1_464' title='bbox 2970 2055 3354 2121; x_wconf 77' lang='grc' dir='ltr'><strong>ζωοποιήσει,</strong></span> <span class='ocrx_word' id='word_1_465' title='bbox 3403 2059 3575 2128; x_wconf 73' lang='grc' dir='ltr'>φησι,</span> <span class='ocrx_word' id='word_1_466' title='bbox 3633 2058 3744 2110; x_wconf 73' lang='grc' dir='ltr'>καὶ</span> <span class='ocrx_word' id='word_1_467' title='bbox 3782 2061 3853 2111; x_wconf 79' lang='grc' dir='ltr'>τὰ</span> 
     </span>
    </p>
   </div>
   <div class='ocr_carea' id='block_1_66' title="bbox 2259 2147 3850 2218">
    <p class='ocr_par' dir='ltr' id='par_1_66' title="bbox 2259 2147 3850 2218">
     <span class='ocr_line' id='line_1_66' title="bbox 2259 2147 3850 2218; baseline -0.003 -15"><span class='ocrx_word' id='word_1_468' title='bbox 2259 2149 2446 2217; x_wconf 81' lang='grc' dir='ltr'>θνητὰ</span> <span class='ocrx_word' id='word_1_469' title='bbox 2473 2148 2718 2218; x_wconf 83' lang='grc' dir='ltr'>σώματα</span> <span class='ocrx_word' id='word_1_470' title='bbox 2738 2148 2903 2217; x_wconf 80' lang='grc' dir='ltr'><strong>ὑμῶν</strong></span> <span class='ocrx_word' id='word_1_471' title='bbox 2930 2147 3029 2202; x_wconf 82' lang='grc' dir='ltr'><strong>διὰ</strong></span> <span class='ocrx_word' id='word_1_472' title='bbox 3071 2149 3178 2202; x_wconf 86' lang='grc' dir='ltr'><strong>τοῦ</strong></span> <span class='ocrx_word' id='word_1_473' title='bbox 3222 2147 3611 2214; x_wconf 80' lang='grc' dir='ltr'>ἐνοικοῦντος</span> <span class='ocrx_word' id='word_1_474' title='bbox 3648 2150 3850 2202; x_wconf 67' lang='grc' dir='ltr'>αὐτοῦ</span> 
     </span>
    </p>
   </div>
   <div class='ocr_carea' id='block_1_67' title="bbox 2258 2239 3852 2311">
    <p class='ocr_par' dir='ltr' id='par_1_67' title="bbox 2258 2239 3852 2311">
     <span class='ocr_line' id='line_1_67' title="bbox 2258 2239 3852 2311; baseline -0.001 -16"><span class='ocrx_word' id='word_1_475' title='bbox 2258 2243 2603 2311; x_wconf 86' lang='grc' dir='ltr'>Πνεύματος</span> <span class='ocrx_word' id='word_1_476' title='bbox 2629 2241 2700 2295; x_wconf 77' lang='grc' dir='ltr'><strong>ἐν</strong></span> <span class='ocrx_word' id='word_1_477' title='bbox 2732 2240 2899 2310; x_wconf 75' lang='grc' dir='ltr'><strong>ὑμῖν·</strong></span> <span class='ocrx_word' id='word_1_478' title='bbox 2930 2241 3032 2294; x_wconf 82' lang='grc' dir='ltr'><strong>ἵνα</strong></span> <span class='ocrx_word' id='word_1_479' title='bbox 3075 2240 3140 2294; x_wconf 83' lang='grc' dir='ltr'>τὸ</span> <span class='ocrx_word' id='word_1_480' title='bbox 3184 2239 3406 2308; x_wconf 79' lang='grc' dir='ltr'><strong>θνητὸν</strong></span> <span class='ocrx_word' id='word_1_481' title='bbox 3452 2240 3635 2294; x_wconf 81' lang='grc' dir='ltr'>τοῦτο</span> <span class='ocrx_word' id='word_1_482' title='bbox 3673 2240 3852 2294; x_wconf 61' lang='grc' dir='ltr'><strong>ἐνδιε-</strong></span> 
     </span>
    </p>
   </div>
   <div class='ocr_carea' id='block_1_68' title="bbox 2259 2331 3850 2401">
    <p class='ocr_par' dir='ltr' id='par_1_68' title="bbox 2259 2331 3850 2401">
     <span class='ocr_line' id='line_1_68' title="bbox 2259 2331 3850 2401; baseline -0.001 -15"><span class='ocrx_word' id='word_1_483' title='bbox 2259 2349 2439 2400; x_wconf 83' lang='grc' dir='ltr'>σηται</span> <span class='ocrx_word' id='word_1_484' title='bbox 2515 2331 2631 2400; x_wconf 79' lang='grc' dir='ltr'><strong>τὴν</strong></span> <span class='ocrx_word' id='word_1_485' title='bbox 2688 2333 3045 2397; x_wconf 71' lang='grc' dir='ltr'>ἀθανασίαν,</span> <span class='ocrx_word' id='word_1_486' title='bbox 3093 2331 3191 2385; x_wconf 79' lang='grc' dir='ltr'><strong>καί</strong></span> <span class='ocrx_word' id='word_1_487' title='bbox 3253 2332 3321 2385; x_wconf 79' lang='grc' dir='ltr'>τὸ</span> <span class='ocrx_word' id='word_1_488' title='bbox 3385 2335 3659 2401; x_wconf 57' lang='lat' dir='ltr'><strong>gﬂaprdr</strong></span> <span class='ocrx_word' id='word_1_489' title='bbox 3729 2333 3850 2399; x_wconf 62' lang='grc' dir='ltr'><strong>τὴν</strong></span> 
     </span>
    </p>
   </div>
   <div class='ocr_carea' id='block_1_69' title="bbox 2258 2421 3847 2490">
    <p class='ocr_par' dir='ltr' id='par_1_69' title="bbox 2258 2421 3847 2490">
     <span class='ocr_line' id='line_1_69' title="bbox 2258 2421 3847 2490; baseline 0.001 -15"><span class='ocrx_word' id='word_1_490' title='bbox 2258 2423 2620 2490; x_wconf 55' lang='grc' dir='ltr'>ἀφθαρσίαν,</span> <span class='ocrx_word' id='word_1_491' title='bbox 2649 2425 2737 2488; x_wconf 76' lang='grc' dir='ltr'>εὶς</span> <span class='ocrx_word' id='word_1_492' title='bbox 2766 2422 2934 2488; x_wconf 79' lang='grc' dir='ltr'>νῖκός</span> <span class='ocrx_word' id='word_1_493' title='bbox 2964 2439 3026 2476; x_wconf 85' lang='grc' dir='ltr'><strong>τε</strong></span> <span class='ocrx_word' id='word_1_494' title='bbox 3056 2421 3362 2490; x_wconf 75' lang='grc' dir='ltr'><strong>καταποθῇ</strong></span> <span class='ocrx_word' id='word_1_495' title='bbox 3395 2427 3427 2476; x_wconf 88' lang='grc' dir='ltr'><strong>ό</strong></span> <span class='ocrx_word' id='word_1_496' title='bbox 3453 2421 3743 2489; x_wconf 75' lang='grc' dir='ltr'>θάνατος.</span> <span class='ocrx_word' id='word_1_497' title='bbox 3769 2425 3847 2476; x_wconf 68' lang='lat'><strong>05</strong></span> 
     </span>
    </p>
   </div>
   <div class='ocr_carea' id='block_1_70' title="bbox 2259 2514 3848 2586">
    <p class='ocr_par' dir='ltr' id='par_1_70' title="bbox 2259 2514 3848 2586">
     <span class='ocr_line' id='line_1_70' title="bbox 2259 2514 3848 2586; baseline 0.001 -19"><span class='ocrx_word' id='word_1_498' title='bbox 2259 2515 2366 2584; x_wconf 80' lang='grc' dir='ltr'><strong>γὰρ</strong></span> <span class='ocrx_word' id='word_1_499' title='bbox 2417 2514 2546 2586; x_wconf 78' lang='grc' dir='ltr'>περὶ</span> <span class='ocrx_word' id='word_1_500' title='bbox 2593 2515 2752 2567; x_wconf 77' lang='grc' dir='ltr'>ἄλλου</span> <span class='ocrx_word' id='word_1_501' title='bbox 2805 2514 3161 2585; x_wconf 79' lang='grc' dir='ltr'>διελάμϐανεν</span> <span class='ocrx_word' id='word_1_502' title='bbox 3218 2514 3451 2570; x_wconf 75' lang='grc' dir='ltr'>ἐνταῦθα</span> <span class='ocrx_word' id='word_1_503' title='bbox 3513 2516 3776 2586; x_wconf 81' lang='grc' dir='ltr'>σώματος</span> <span class='ocrx_word' id='word_1_504' title='bbox 3819 2519 3848 2568; x_wconf 85' lang='grc' dir='ltr'><strong>ό</strong></span> 
     </span>
    </p>
   </div>
   <div class='ocr_carea' id='block_1_71' title="bbox 2271 2606 3848 2680">
    <p class='ocr_par' dir='ltr' id='par_1_71' title="bbox 2271 2606 3848 2680">
     <span class='ocr_line' id='line_1_71' title="bbox 2271 2606 3848 2680; baseline 0.003 -22"><span class='ocrx_word' id='word_1_505' title='bbox 2271 2606 2610 2670; x_wconf 86' lang='grc' dir='ltr'>Ἀπόστολος,</span> <span class='ocrx_word' id='word_1_506' title='bbox 2641 2606 2778 2661; x_wconf 75' lang='grc' dir='ltr'>ἀλλὰ</span> <span class='ocrx_word' id='word_1_507' title='bbox 2811 2608 2939 2678; x_wconf 75' lang='grc' dir='ltr'>περὶ</span> <span class='ocrx_word' id='word_1_508' title='bbox 2964 2610 3158 2660; x_wconf 84' lang='grc' dir='ltr'>τούτου</span> <span class='ocrx_word' id='word_1_509' title='bbox 3196 2608 3292 2660; x_wconf 73' lang='grc' dir='ltr'>καὶ</span> <span class='ocrx_word' id='word_1_510' title='bbox 3331 2608 3424 2662; x_wconf 88' lang='grc' dir='ltr'><strong>τοῦ</strong></span> <span class='ocrx_word' id='word_1_511' title='bbox 3459 2609 3848 2680; x_wconf 80' lang='grc' dir='ltr'>ἀποθνήσκον-</span> 
     </span>
    </p>
   </div>
   <div class='ocr_carea' id='block_1_72' title="bbox 2257 2693 3846 2772">
    <p class='ocr_par' dir='ltr' id='par_1_72' title="bbox 2257 2693 3846 2772">
     <span class='ocr_line' id='line_1_72' title="bbox 2257 2693 3846 2772; baseline 0.003 -22"><span class='ocrx_word' id='word_1_512' title='bbox 2257 2715 2348 2761; x_wconf 91' lang='grc' dir='ltr'><strong>τος</strong></span> <span class='ocrx_word' id='word_1_513' title='bbox 2403 2698 2498 2751; x_wconf 73' lang='grc' dir='ltr'>καὶ</span> <span class='ocrx_word' id='word_1_514' title='bbox 2563 2699 2966 2770; x_wconf 81' lang='grc' dir='ltr'>νεκρουμένου,</span> <span class='ocrx_word' id='word_1_515' title='bbox 3022 2699 3090 2752; x_wconf 84' lang='grc' dir='ltr'>δι’</span> <span class='ocrx_word' id='word_1_516' title='bbox 3131 2693 3193 2753; x_wconf 78' lang='grc' dir='ltr'>οὗ</span> <span class='ocrx_word' id='word_1_517' title='bbox 3239 2701 3336 2755; x_wconf 75' lang='grc' dir='ltr'>καὶ</span> <span class='ocrx_word' id='word_1_518' title='bbox 3387 2701 3688 2772; x_wconf 80' lang='grc' dir='ltr'>πορνεῦσαι</span> <span class='ocrx_word' id='word_1_519' title='bbox 3748 2705 3846 2756; x_wconf 79' lang='grc' dir='ltr'>καὶ</span> 
     </span>
    </p>
   </div>
   <div class='ocr_carea' id='block_1_73' title="bbox 2258 2791 2828 2862">
    <p class='ocr_par' dir='ltr' id='par_1_73' title="bbox 2258 2791 2828 2862">
     <span class='ocr_line' id='line_1_73' title="bbox 2258 2791 2828 2862; baseline 0.002 -19"><span class='ocrx_word' id='word_1_520' title='bbox 2258 2791 2460 2862; x_wconf 84' lang='grc' dir='ltr'>ἀσελγῆ</span> <span class='ocrx_word' id='word_1_521' title='bbox 2469 2808 2556 2843; x_wconf 89' lang='grc' dir='ltr'><strong>σαι</strong></span> <span class='ocrx_word' id='word_1_522' title='bbox 2584 2791 2828 2844; x_wconf 81' lang='grc' dir='ltr'>δυνατόν.</span> 
     </span>
    </p>
   </div>
   <div class='ocr_carea' id='block_1_74' title="bbox 2326 2877 3846 2954">
    <p class='ocr_par' dir='ltr' id='par_1_74' title="bbox 2326 2877 3846 2954">
     <span class='ocr_line' id='line_1_74' title="bbox 2326 2877 3846 2954; baseline 0.004 -22"><span class='ocrx_word' id='word_1_523' title='bbox 2326 2881 2448 2932; x_wconf 83' lang='lat' dir='ltr'><strong>NA’.</strong></span> <span class='ocrx_word' id='word_1_524' title='bbox 2495 2880 2620 2934; x_wconf 79' lang='grc' dir='ltr'><strong>Ἐὰν</strong></span> <span class='ocrx_word' id='word_1_525' title='bbox 2646 2880 2703 2933; x_wconf 84' lang='grc' dir='ltr'><strong>δὲ</strong></span> <span class='ocrx_word' id='word_1_526' title='bbox 2735 2881 2999 2953; x_wconf 73' lang='grc' dir='ltr'>διαφορὰν</span> <span class='ocrx_word' id='word_1_527' title='bbox 3027 2877 3166 2936; x_wconf 82' lang='grc' dir='ltr'>εἶναι</span> <span class='ocrx_word' id='word_1_528' title='bbox 3205 2881 3457 2953; x_wconf 83' lang='grc' dir='ltr'>σώματος</span> <span class='ocrx_word' id='word_1_529' title='bbox 3480 2883 3620 2954; x_wconf 81' lang='grc' dir='ltr'>πρὸς</span> <span class='ocrx_word' id='word_1_530' title='bbox 3657 2884 3846 2954; x_wconf 79' lang='grc' dir='ltr'>σάρκα</span> 
     </span>
    </p>
   </div>
   <div class='ocr_carea' id='block_1_75' title="bbox 2259 2970 3846 3046">
    <p class='ocr_par' dir='ltr' id='par_1_75' title="bbox 2259 2970 3846 3046">
     <span class='ocr_line' id='line_1_75' title="bbox 2259 2970 3846 3046; baseline 0.003 -23"><span class='ocrx_word' id='word_1_531' title='bbox 2259 2970 2674 3035; x_wconf 77' lang='grc' dir='ltr'>ὑποτοπάζωσιν</span> <span class='ocrx_word' id='word_1_532' title='bbox 2701 2974 2812 3045; x_wconf 81' lang='grc' dir='ltr'>(ἴνα</span> <span class='ocrx_word' id='word_1_533' title='bbox 2839 2973 2902 3045; x_wconf 81' lang='grc' dir='ltr'><strong>δὴ</strong></span> <span class='ocrx_word' id='word_1_534' title='bbox 2930 2975 3024 3028; x_wconf 79' lang='grc' dir='ltr'>καὶ</span> <span class='ocrx_word' id='word_1_535' title='bbox 3054 2973 3225 3028; x_wconf 87' lang='grc' dir='ltr'>ταῦτα</span> <span class='ocrx_word' id='word_1_536' title='bbox 3242 2975 3426 3038; x_wconf 84' lang='grc' dir='ltr'>αὐτοῖς</span> <span class='ocrx_word' id='word_1_537' title='bbox 3451 2976 3846 3046; x_wconf 70' lang='grc' dir='ltr'><strong>ἐπιτρέψωμεν</strong></span> 
     </span>
    </p>
   </div>
   <div class='ocr_carea' id='block_1_76' title="bbox 2258 3060 3845 3137">
    <p class='ocr_par' dir='ltr' id='par_1_76' title="bbox 2258 3060 3845 3137">
     <span class='ocr_line' id='line_1_76' title="bbox 2258 3060 3845 3137; baseline 0.004 -23"><span class='ocrx_word' id='word_1_538' title='bbox 2258 3060 2678 3134; x_wconf 81' lang='grc' dir='ltr'>λογικεύεσθαι),</span> <span class='ocrx_word' id='word_1_539' title='bbox 2714 3067 2808 3119; x_wconf 78' lang='grc' dir='ltr'>καὶ</span> <span class='ocrx_word' id='word_1_540' title='bbox 2852 3066 3010 3136; x_wconf 86' lang='grc' dir='ltr'>σῶμα</span> <span class='ocrx_word' id='word_1_541' title='bbox 3059 3067 3156 3137; x_wconf 76' lang='grc' dir='ltr'>μὲν</span> <span class='ocrx_word' id='word_1_542' title='bbox 3211 3065 3339 3120; x_wconf 72' lang='grc' dir='ltr'>ἄλλο</span> <span class='ocrx_word' id='word_1_543' title='bbox 3384 3067 3682 3137; x_wconf 73' lang='grc' dir='ltr'>νομίζοιεν,</span> <span class='ocrx_word' id='word_1_544' title='bbox 3724 3065 3845 3121; x_wconf 78' lang='grc' dir='ltr'>οἷον</span> 
     </span>
    </p>
   </div>
   <div class='ocr_carea' id='block_1_77' title="bbox 2259 3153 3844 3225">
    <p class='ocr_par' dir='ltr' id='par_1_77' title="bbox 2259 3153 3844 3225">
     <span class='ocr_line' id='line_1_77' title="bbox 2259 3153 3844 3225; baseline 0.003 -21"><span class='ocrx_word' id='word_1_545' title='bbox 2259 3153 2426 3222; x_wconf 76' lang='grc' dir='ltr'>αὐτῆς</span> <span class='ocrx_word' id='word_1_546' title='bbox 2459 3153 2558 3222; x_wconf 81' lang='grc' dir='ltr'>τῆς</span> <span class='ocrx_word' id='word_1_547' title='bbox 2580 3153 2778 3223; x_wconf 75' lang='grc' dir='ltr'>ψυχῆς,</span> <span class='ocrx_word' id='word_1_548' title='bbox 2809 3153 2837 3206; x_wconf 84' lang='grc' dir='ltr'><strong>ὅ</strong></span> <span class='ocrx_word' id='word_1_549' title='bbox 2863 3155 2937 3225; x_wconf 87' lang='grc' dir='ltr'>μὴ</span> <span class='ocrx_word' id='word_1_550' title='bbox 2965 3154 3244 3225; x_wconf 81' lang='grc' dir='ltr'>βλέπεται,</span> <span class='ocrx_word' id='word_1_551' title='bbox 3279 3156 3457 3225; x_wconf 81' lang='grc' dir='ltr'>σάρκα</span> <span class='ocrx_word' id='word_1_552' title='bbox 3487 3155 3544 3208; x_wconf 83' lang='grc' dir='ltr'><strong>δὲ</strong></span> <span class='ocrx_word' id='word_1_553' title='bbox 3582 3157 3749 3208; x_wconf 84' lang='grc' dir='ltr'>τοῦτο</span> <span class='ocrx_word' id='word_1_554' title='bbox 3781 3158 3844 3208; x_wconf 76' lang='grc' dir='ltr'>τὸ</span> 
     </span>
    </p>
   </div>
   <div class='ocr_carea' id='block_1_78' title="bbox 2258 3242 3845 3317">
    <p class='ocr_par' dir='ltr' id='par_1_78' title="bbox 2258 3242 3845 3317">
     <span class='ocr_line' id='line_1_78' title="bbox 2258 3242 3845 3317; baseline 0.003 -23"><span class='ocrx_word' id='word_1_555' title='bbox 2258 3242 2362 3308; x_wconf 76' lang='grc' dir='ltr'><strong>ἔξω</strong></span> <span class='ocrx_word' id='word_1_556' title='bbox 2393 3244 2453 3296; x_wconf 84' lang='grc' dir='ltr'>τὸ</span> <span class='ocrx_word' id='word_1_557' title='bbox 2485 3244 2842 3314; x_wconf 85' lang='grc' dir='ltr'>βλεπόμενον·</span> <span class='ocrx_word' id='word_1_558' title='bbox 2879 3246 3123 3311; x_wconf 83' lang='grc' dir='ltr'>λεκτέον,</span> <span class='ocrx_word' id='word_1_559' title='bbox 3158 3247 3233 3311; x_wconf 86' lang='grc' dir='ltr'><strong>ὡς</strong></span> <span class='ocrx_word' id='word_1_560' title='bbox 3274 3247 3334 3300; x_wconf 86' lang='grc' dir='ltr'>οὐ</span> <span class='ocrx_word' id='word_1_561' title='bbox 3364 3247 3523 3317; x_wconf 88' lang='grc' dir='ltr'>μόνον</span> <span class='ocrx_word' id='word_1_562' title='bbox 3561 3249 3589 3300; x_wconf 83' lang='grc' dir='ltr'>ὁ</span> <span class='ocrx_word' id='word_1_563' title='bbox 3623 3248 3845 3310; x_wconf 65' lang='lat' dir='ltr'><strong>[lu-53.0;</strong></span> 
     </span>
    </p>
   </div>
   <div class='ocr_carea' id='block_1_79' title="bbox 2258 3333 3845 3409">
    <p class='ocr_par' dir='ltr' id='par_1_79' title="bbox 2258 3333 3845 3409">
     <span class='ocr_line' id='line_1_79' title="bbox 2258 3333 3845 3409; baseline 0.003 -24"><span class='ocrx_word' id='word_1_564' title='bbox 2258 3333 2352 3386; x_wconf 75' lang='lat' dir='ltr'><strong>xui</strong></span> <span class='ocrx_word' id='word_1_565' title='bbox 2380 3336 2427 3386; x_wconf 81' lang='grc' dir='ltr'>οἱ</span> <span class='ocrx_word' id='word_1_566' title='bbox 2459 3336 2730 3406; x_wconf 81' lang='grc' dir='ltr'>προφῆται</span> <span class='ocrx_word' id='word_1_567' title='bbox 2751 3335 2910 3406; x_wconf 84' lang='grc' dir='ltr'>σῶμα</span> <span class='ocrx_word' id='word_1_568' title='bbox 2936 3336 3262 3405; x_wconf 86' lang='grc' dir='ltr'>γινώσκουσι</span> <span class='ocrx_word' id='word_1_569' title='bbox 3295 3337 3394 3408; x_wconf 77' lang='grc' dir='ltr'>τὴν</span> <span class='ocrx_word' id='word_1_570' title='bbox 3430 3339 3610 3408; x_wconf 81' lang='grc' dir='ltr'>σάρκα</span> <span class='ocrx_word' id='word_1_571' title='bbox 3637 3340 3845 3409; x_wconf 79' lang='grc' dir='ltr'>ὀνομά-</span> 
     </span>
    </p>
   </div>
   <div class='ocr_carea' id='block_1_80' title="bbox 2257 3425 3844 3502">
    <p class='ocr_par' dir='ltr' id='par_1_80' title="bbox 2257 3425 3844 3502">
     <span class='ocr_line' id='line_1_80' title="bbox 2257 3425 3844 3502; baseline 0 -23"><span class='ocrx_word' id='word_1_572' title='bbox 2257 3425 2442 3490; x_wconf 82' lang='grc' dir='ltr'>ζεσθαι</span> <span class='ocrx_word' id='word_1_573' title='bbox 2469 3426 2695 3498; x_wconf 83' lang='grc' dir='ltr'>ταύτην,</span> <span class='ocrx_word' id='word_1_574' title='bbox 2738 3428 2876 3482; x_wconf 86' lang='grc' dir='ltr'>άλλά</span> <span class='ocrx_word' id='word_1_575' title='bbox 2903 3431 2995 3482; x_wconf 80' lang='grc' dir='ltr'>καὶ</span> <span class='ocrx_word' id='word_1_576' title='bbox 3040 3429 3188 3482; x_wconf 77' lang='grc' dir='ltr'>ἄλλοι</span> <span class='ocrx_word' id='word_1_577' title='bbox 3239 3429 3520 3499; x_wconf 71' lang='grc' dir='ltr'>φιλόσοφοι</span> <span class='ocrx_word' id='word_1_578' title='bbox 3540 3471 3554 3497; x_wconf 89' lang='grc'><strong>,</strong></span> <span class='ocrx_word' id='word_1_579' title='bbox 3584 3431 3719 3502; x_wconf 79' lang='grc' dir='ltr'>παρ’</span> <span class='ocrx_word' id='word_1_580' title='bbox 3753 3428 3844 3494; x_wconf 72' lang='grc' dir='ltr'>οἷς</span> 
     </span>
    </p>
   </div>
   <div class='ocr_carea' id='block_1_81' title="bbox 2254 3519 3842 3595">
    <p class='ocr_par' dir='ltr' id='par_1_81' title="bbox 2254 3519 3842 3595">
     <span class='ocr_line' id='line_1_81' title="bbox 2254 3519 3842 3595; baseline 0.003 -23"><span class='ocrx_word' id='word_1_581' title='bbox 2254 3520 2318 3590; x_wconf 70' lang='grc' dir='ltr'><strong>δὴ</strong></span> <span class='ocrx_word' id='word_1_582' title='bbox 2349 3519 2581 3590; x_wconf 84' lang='grc' dir='ltr'>μάλιστα</span> <span class='ocrx_word' id='word_1_583' title='bbox 2611 3522 2706 3575; x_wconf 71' lang='grc' dir='ltr'>καὶ</span> <span class='ocrx_word' id='word_1_584' title='bbox 2737 3521 2770 3591; x_wconf 83' lang='grc' dir='ltr'>ἠ</span> <span class='ocrx_word' id='word_1_585' title='bbox 2801 3521 2908 3574; x_wconf 84' lang='grc' dir='ltr'><strong>τῶν</strong></span> <span class='ocrx_word' id='word_1_586' title='bbox 2936 3523 3213 3593; x_wconf 83' lang='grc' dir='ltr'>ὀνομάτων</span> <span class='ocrx_word' id='word_1_587' title='bbox 3243 3523 3494 3595; x_wconf 76' lang='grc' dir='ltr'>ἀκρίϐεια</span> <span class='ocrx_word' id='word_1_588' title='bbox 3521 3528 3842 3594; x_wconf 83' lang='grc' dir='ltr'>παρατετή-</span> 
     </span>
    </p>
   </div>
   <div class='ocr_carea' id='block_1_82' title="bbox 2257 3613 3839 3687">
    <p class='ocr_par' dir='ltr' id='par_1_82' title="bbox 2257 3613 3839 3687">
     <span class='ocr_line' id='line_1_82' title="bbox 2257 3613 3839 3687; baseline 0.002 -22"><span class='ocrx_word' id='word_1_589' title='bbox 2257 3629 2438 3682; x_wconf 82' lang='grc' dir='ltr'>ρηται.</span> <span class='ocrx_word' id='word_1_590' title='bbox 2468 3613 2613 3684; x_wconf 75' lang='grc' dir='ltr'>Σὰρξ</span> <span class='ocrx_word' id='word_1_591' title='bbox 2641 3613 2750 3686; x_wconf 81' lang='grc' dir='ltr'>γὰρ</span> <span class='ocrx_word' id='word_1_592' title='bbox 2772 3615 2932 3678; x_wconf 84' lang='grc' dir='ltr'>ὅλως,</span> <span class='ocrx_word' id='word_1_593' title='bbox 2958 3618 3005 3667; x_wconf 89' lang='grc' dir='ltr'><strong>εί</strong></span> <span class='ocrx_word' id='word_1_594' title='bbox 3036 3615 3309 3685; x_wconf 85' lang='grc' dir='ltr'>βούλοιντο</span> <span class='ocrx_word' id='word_1_595' title='bbox 3330 3617 3424 3668; x_wconf 75' lang='grc' dir='ltr'>καὶ</span> <span class='ocrx_word' id='word_1_596' title='bbox 3456 3616 3584 3687; x_wconf 75' lang='grc' dir='ltr'>περὶ</span> <span class='ocrx_word' id='word_1_597' title='bbox 3621 3616 3839 3669; x_wconf 79' lang='grc' dir='ltr'>τούτων</span> 
     </span>
    </p>
   </div>
   <div class='ocr_carea' id='block_1_83' title="bbox 2253 3699 3837 3774">
    <p class='ocr_par' dir='ltr' id='par_1_83' title="bbox 2253 3699 3837 3774">
     <span class='ocr_line' id='line_1_83' title="bbox 2253 3699 3837 3774; baseline 0.003 -21"><span class='ocrx_word' id='word_1_598' title='bbox 2253 3703 2634 3774; x_wconf 81' lang='grc' dir='ltr'>ἐπιστημόνως</span> <span class='ocrx_word' id='word_1_599' title='bbox 2680 3705 3101 3773; x_wconf 73' lang='grc' dir='ltr'>ἐπισκέψασθαι,</span> <span class='ocrx_word' id='word_1_600' title='bbox 3134 3707 3241 3768; x_wconf 74' lang='grc' dir='ltr'>πᾶς</span> <span class='ocrx_word' id='word_1_601' title='bbox 3278 3707 3306 3758; x_wconf 84' lang='grc' dir='ltr'><strong>ὁ</strong></span> <span class='ocrx_word' id='word_1_602' title='bbox 3350 3707 3511 3772; x_wconf 75' lang='grc' dir='ltr'>ὄγκος</span> <span class='ocrx_word' id='word_1_603' title='bbox 3539 3699 3697 3767; x_wconf 69' lang='grc' dir='ltr'>οὗτος</span> <span class='ocrx_word' id='word_1_604' title='bbox 3739 3707 3837 3758; x_wconf 84' lang='grc' dir='ltr'><strong>τοῦ</strong></span> 
     </span>
    </p>
   </div>
   <div class='ocr_carea' id='block_1_84' title="bbox 2255 3793 3838 3868">
    <p class='ocr_par' dir='ltr' id='par_1_84' title="bbox 2255 3793 3838 3868">
     <span class='ocr_line' id='line_1_84' title="bbox 2255 3793 3838 3868; baseline 0.003 -24"><span class='ocrx_word' id='word_1_605' title='bbox 2255 3793 2614 3864; x_wconf 82' lang='grc' dir='ltr'>σκηνώματος</span> <span class='ocrx_word' id='word_1_606' title='bbox 2635 3795 2790 3866; x_wconf 87' lang='grc' dir='ltr'>ἡμῶν</span> <span class='ocrx_word' id='word_1_607' title='bbox 2817 3795 3019 3867; x_wconf 80' lang='grc' dir='ltr'>κυρίως</span> <span class='ocrx_word' id='word_1_608' title='bbox 3054 3797 3114 3849; x_wconf 87' lang='grc' dir='ltr'>οὺ</span> <span class='ocrx_word' id='word_1_609' title='bbox 3141 3795 3378 3864; x_wconf 81' lang='grc' dir='ltr'>λέγεται,</span> <span class='ocrx_word' id='word_1_610' title='bbox 3413 3795 3551 3849; x_wconf 85' lang='grc' dir='ltr'>άλλά</span> <span class='ocrx_word' id='word_1_611' title='bbox 3581 3814 3635 3848; x_wconf 81' lang='grc' dir='ltr'><strong>τι</strong></span> <span class='ocrx_word' id='word_1_612' title='bbox 3665 3797 3838 3868; x_wconf 80' lang='grc' dir='ltr'>μέρος</span> 
     </span>
    </p>
   </div>
   <div class='ocr_carea' id='block_1_85' title="bbox 2253 3884 3838 3959">
    <p class='ocr_par' dir='ltr' id='par_1_85' title="bbox 2253 3884 3838 3959">
     <span class='ocr_line' id='line_1_85' title="bbox 2253 3884 3838 3959; baseline 0.003 -22"><span class='ocrx_word' id='word_1_613' title='bbox 2253 3884 2345 3937; x_wconf 87' lang='grc' dir='ltr'><strong>τοῦ</strong></span> <span class='ocrx_word' id='word_1_614' title='bbox 2379 3885 2522 3949; x_wconf 80' lang='grc' dir='ltr'>ὅλου,</span> <span class='ocrx_word' id='word_1_615' title='bbox 2549 3885 2798 3958; x_wconf 84' lang='grc' dir='ltr'>καθάπερ</span> <span class='ocrx_word' id='word_1_616' title='bbox 2823 3886 2854 3956; x_wconf 79' lang='grc' dir='ltr'><strong>ἢ</strong></span> <span class='ocrx_word' id='word_1_617' title='bbox 2884 3889 3042 3952; x_wconf 78' lang='grc' dir='ltr'>ὀστᾶ,</span> <span class='ocrx_word' id='word_1_618' title='bbox 3073 3888 3107 3957; x_wconf 81' lang='grc' dir='ltr'><strong>ἢ</strong></span> <span class='ocrx_word' id='word_1_619' title='bbox 3135 3886 3374 3959; x_wconf 77' lang='grc' dir='ltr'>νεῦρα,ῆ</span> <span class='ocrx_word' id='word_1_620' title='bbox 3411 3886 3633 3955; x_wconf 50' lang='grc' dir='ltr'>φλέϐες</span> <span class='ocrx_word' id='word_1_621' title='bbox 3669 3887 3838 3957; x_wconf 81' lang='grc' dir='ltr'>σῶμα</span> 
     </span>
    </p>
   </div>
   <div class='ocr_carea' id='block_1_86' title="bbox 2251 3976 3838 4050">
    <p class='ocr_par' dir='ltr' id='par_1_86' title="bbox 2251 3976 3838 4050">
     <span class='ocr_line' id='line_1_86' title="bbox 2251 3976 3838 4050; baseline 0.001 -21"><span class='ocrx_word' id='word_1_622' title='bbox 2251 3977 2308 4029; x_wconf 82' lang='grc' dir='ltr'><strong>δὲ</strong></span> <span class='ocrx_word' id='word_1_623' title='bbox 2336 3977 2398 4030; x_wconf 83' lang='grc' dir='ltr'>τὸ</span> <span class='ocrx_word' id='word_1_624' title='bbox 2438 3977 2577 4030; x_wconf 75' lang='grc' dir='ltr'>ὅλον.</span> <span class='ocrx_word' id='word_1_625' title='bbox 2609 3976 2774 4030; x_wconf 80' lang='grc' dir='ltr'>Ὅθεν</span> <span class='ocrx_word' id='word_1_626' title='bbox 2803 3977 2895 4030; x_wconf 76' lang='grc' dir='ltr'>καὶ</span> <span class='ocrx_word' id='word_1_627' title='bbox 2927 3979 3121 4048; x_wconf 80' lang='grc' dir='ltr'>ίατροὶ,</span> <span class='ocrx_word' id='word_1_628' title='bbox 3152 3978 3201 4030; x_wconf 84' lang='grc' dir='ltr'>οἳ</span> <span class='ocrx_word' id='word_1_629' title='bbox 3227 3979 3291 4049; x_wconf 82' lang='grc' dir='ltr'><strong>δὴ</strong></span> <span class='ocrx_word' id='word_1_630' title='bbox 3320 3979 3414 4032; x_wconf 78' lang='lat' dir='ltr'><strong>xui.</strong></span> <span class='ocrx_word' id='word_1_631' title='bbox 3445 3979 3574 4050; x_wconf 79' lang='grc' dir='ltr'>περὶ</span> <span class='ocrx_word' id='word_1_632' title='bbox 3607 3978 3838 4048; x_wconf 76' lang='grc' dir='ltr'>φύσεως</span> 
     </span>
    </p>
   </div>
   <div class='ocr_carea' id='block_1_87' title="bbox 2254 4067 3834 4141">
    <p class='ocr_par' dir='ltr' id='par_1_87' title="bbox 2254 4067 3834 4141">
     <span class='ocr_line' id='line_1_87' title="bbox 2254 4067 3834 4141; baseline 0.001 -20"><span class='ocrx_word' id='word_1_633' title='bbox 2254 4069 2520 4139; x_wconf 85' lang='grc' dir='ltr'>σωμάτων</span> <span class='ocrx_word' id='word_1_634' title='bbox 2575 4068 2821 4140; x_wconf 76' lang='grc' dir='ltr'>ἀκριϐῶς</span> <span class='ocrx_word' id='word_1_635' title='bbox 2873 4067 3219 4140; x_wconf 77' lang='grc' dir='ltr'>διειλήφασι,</span> <span class='ocrx_word' id='word_1_636' title='bbox 3281 4071 3438 4141; x_wconf 84' lang='grc' dir='ltr'>σῶμα</span> <span class='ocrx_word' id='word_1_637' title='bbox 3493 4071 3834 4139; x_wconf 68' lang='grc' dir='ltr'>γινώσκουσι</span> 
     </span>
    </p>
   </div>
   <div class='ocr_carea' id='block_1_88' title="bbox 2250 4159 3833 4230">
    <p class='ocr_par' dir='ltr' id='par_1_88' title="bbox 2250 4159 3833 4230">
     <span class='ocr_line' id='line_1_88' title="bbox 2250 4159 3833 4230; baseline 0.001 -17"><span class='ocrx_word' id='word_1_638' title='bbox 2250 4159 2408 4213; x_wconf 86' lang='grc' dir='ltr'>τοῦτο</span> <span class='ocrx_word' id='word_1_639' title='bbox 2437 4161 2500 4213; x_wconf 80' lang='grc' dir='ltr'>τὸ</span> <span class='ocrx_word' id='word_1_640' title='bbox 2536 4159 2886 4230; x_wconf 85' lang='grc' dir='ltr'>βλεπόμενον.</span> <span class='ocrx_word' id='word_1_641' title='bbox 2936 4160 3097 4214; x_wconf 84' lang='grc' dir='ltr'>Ἀλλά</span> <span class='ocrx_word' id='word_1_642' title='bbox 3131 4162 3226 4214; x_wconf 75' lang='grc' dir='ltr'>καὶ</span> <span class='ocrx_word' id='word_1_643' title='bbox 3246 4160 3274 4213; x_wconf 90' lang='grc' dir='ltr'>ὁ</span> <span class='ocrx_word' id='word_1_644' title='bbox 3299 4159 3525 4214; x_wconf 78' lang='grc' dir='ltr'>Πλάτων</span> <span class='ocrx_word' id='word_1_645' title='bbox 3566 4163 3663 4215; x_wconf 78' lang='grc' dir='ltr'><strong>καὶ</strong></span> <span class='ocrx_word' id='word_1_646' title='bbox 3695 4163 3833 4216; x_wconf 77' lang='grc' dir='ltr'>αὐτὸ</span> 
     </span>
    </p>
   </div>
   <div class='ocr_carea' id='block_1_89' title="bbox 2249 4249 3828 4322">
    <p class='ocr_par' dir='ltr' id='par_1_89' title="bbox 2249 4249 3828 4322">
     <span class='ocr_line' id='line_1_89' title="bbox 2249 4249 3828 4322; baseline 0.002 -19"><span class='ocrx_word' id='word_1_647' title='bbox 2249 4251 2408 4304; x_wconf 89' lang='grc' dir='ltr'>τοῦτο</span> <span class='ocrx_word' id='word_1_648' title='bbox 2442 4251 2602 4321; x_wconf 85' lang='grc' dir='ltr'>σῶμα</span> <span class='ocrx_word' id='word_1_649' title='bbox 2628 4251 2719 4304; x_wconf 72' lang='grc' dir='ltr'><strong>καὶ</strong></span> <span class='ocrx_word' id='word_1_650' title='bbox 2749 4251 2910 4314; x_wconf 82' lang='grc' dir='ltr'>αὐτὸς</span> <span class='ocrx_word' id='word_1_651' title='bbox 2941 4252 3244 4308; x_wconf 77' lang='grc' dir='ltr'>ἐπίσταται.</span> <span class='ocrx_word' id='word_1_652' title='bbox 3283 4253 3370 4305; x_wconf 88' lang='grc' dir='ltr'><strong>Ἐν</strong></span> <span class='ocrx_word' id='word_1_653' title='bbox 3407 4249 3536 4320; x_wconf 86' lang='grc' dir='ltr'>γοῦν</span> <span class='ocrx_word' id='word_1_654' title='bbox 3572 4252 3652 4322; x_wconf 82' lang='grc' dir='ltr'>τῷ</span> <span class='ocrx_word' id='word_1_655' title='bbox 3685 4255 3828 4306; x_wconf 76' lang='grc' dir='ltr'>Φαί-</span> 
     </span>
    </p>
   </div>
   <div class='ocr_carea' id='block_1_90' title="bbox 2249 4339 3829 4414">
    <p class='ocr_par' dir='ltr' id='par_1_90' title="bbox 2249 4339 3829 4414">
     <span class='ocr_line' id='line_1_90' title="bbox 2249 4339 3829 4414; baseline 0.003 -21"><span class='ocrx_word' id='word_1_656' title='bbox 2249 4339 2392 4394; x_wconf 79' lang='grc' dir='ltr'>δωνι</span> <span class='ocrx_word' id='word_1_657' title='bbox 2428 4343 2457 4394; x_wconf 90' lang='grc' dir='ltr'><strong>ό</strong></span> <span class='ocrx_word' id='word_1_658' title='bbox 2507 4341 2825 4412; x_wconf 84' lang='grc' dir='ltr'>Σωκράτης,</span> <span class='ocrx_word' id='word_1_659' title='bbox 2857 4359 2876 4392; x_wconf 71' lang='grc' dir='ltr'><strong>ε</strong></span> <span class='ocrx_word' id='word_1_660' title='bbox 2907 4342 3050 4414; x_wconf 83' lang='grc' dir='ltr'><strong>Ἀρα</strong></span> <span class='ocrx_word' id='word_1_661' title='bbox 3089 4342 3164 4414; x_wconf 79' lang='grc' dir='ltr'>μὴ</span> <span class='ocrx_word' id='word_1_662' title='bbox 3207 4341 3333 4397; x_wconf 81' lang='grc' dir='ltr'>ἄλλο</span> <span class='ocrx_word' id='word_1_663' title='bbox 3368 4358 3425 4394; x_wconf 83' lang='grc' dir='ltr'><strong>τι</strong></span> <span class='ocrx_word' id='word_1_664' title='bbox 3467 4340 3559 4394; x_wconf 77' lang='grc' dir='ltr'>τὸν</span> <span class='ocrx_word' id='word_1_665' title='bbox 3595 4341 3829 4397; x_wconf 79' lang='grc' dir='ltr'>θάνατον</span> 
     </span>
    </p>
   </div>
   <div class='ocr_carea' id='block_1_91' title="bbox 2248 4427 3830 4503">
    <p class='ocr_par' dir='ltr' id='par_1_91' title="bbox 2248 4427 3830 4503">
     <span class='ocr_line' id='line_1_91' title="bbox 2248 4427 3830 4503; baseline 0.002 -21"><span class='ocrx_word' id='word_1_666' title='bbox 2248 4429 2534 4501; x_wconf 79' lang='grc' dir='ltr'>ἡγούμεθα</span> <span class='ocrx_word' id='word_1_667' title='bbox 2577 4427 2736 4498; x_wconf 75' lang='grc' dir='ltr'>εἶναι,</span> <span class='ocrx_word' id='word_1_668' title='bbox 2779 4451 2798 4483; x_wconf 71' lang='grc' dir='ltr'><strong>ι</strong></span> <span class='ocrx_word' id='word_1_669' title='bbox 2832 4431 2957 4502; x_wconf 76' lang='grc' dir='ltr'>ἔφη,</span> <span class='ocrx_word' id='word_1_670' title='bbox 2989 4452 3006 4483; x_wconf 79' lang='grc' dir='ltr'><strong>ι</strong></span> <span class='ocrx_word' id='word_1_671' title='bbox 3038 4432 3071 4503; x_wconf 77' lang='grc' dir='ltr'>ἢ</span> <span class='ocrx_word' id='word_1_672' title='bbox 3099 4431 3200 4501; x_wconf 79' lang='grc' dir='ltr'>τῆς</span> <span class='ocrx_word' id='word_1_673' title='bbox 3228 4431 3409 4502; x_wconf 74' lang='grc' dir='ltr'>ψυχῆς</span> <span class='ocrx_word' id='word_1_674' title='bbox 3437 4432 3546 4484; x_wconf 83' lang='grc' dir='ltr'>άπὸ</span> <span class='ocrx_word' id='word_1_675' title='bbox 3578 4431 3676 4484; x_wconf 84' lang='grc' dir='ltr'><strong>τοῦ</strong></span> <span class='ocrx_word' id='word_1_676' title='bbox 3723 4432 3830 4485; x_wconf 82' lang='grc' dir='ltr'><strong>σώ-</strong></span> 
     </span>
    </p>
   </div>
   <div class='ocr_carea' id='block_1_92' title="bbox 568 4515 2153 4596">
    <p class='ocr_par' dir='ltr' id='par_1_92' title="bbox 568 4515 2146 4583">
     <span class='ocr_line' id='line_1_92' title="bbox 568 4515 2146 4583; baseline 0.002 -11"><span class='ocrx_word' id='word_1_677' title='bbox 568 4519 709 4572; x_wconf 77' lang='lat' dir='ltr'><strong>Sane</strong></span> <span class='ocrx_word' id='word_1_678' title='bbox 727 4519 779 4572; x_wconf 93' lang='lat' dir='ltr'><strong>in</strong></span> <span class='ocrx_word' id='word_1_679' title='bbox 794 4517 1058 4571; x_wconf 66' lang='lat' dir='ltr'><strong>Phaedone</strong></span> <span class='ocrx_word' id='word_1_680' title='bbox 1075 4515 1350 4583; x_wconf 81' lang='lat' dir='ltr'><strong>Socrates,</strong></span> <span class='ocrx_word' id='word_1_681' title='bbox 1381 4536 1399 4568; x_wconf 75' lang='grc' dir='ltr'><strong>ι</strong></span> <span class='ocrx_word' id='word_1_682' title='bbox 1423 4517 1794 4582; x_wconf 83' lang='lat' dir='ltr'><strong>Anuonidem,</strong></span> <span class='ocrx_word' id='word_1_683' title='bbox 1821 4536 1839 4568; x_wconf 74' lang='grc' dir='ltr'><strong>ι</strong></span> <span class='ocrx_word' id='word_1_684' title='bbox 1864 4517 1959 4583; x_wconf 88' lang='lat' dir='ltr'><strong>ait,</strong></span> <span class='ocrx_word' id='word_1_685' title='bbox 1985 4536 2004 4568; x_wconf 70' lang='grc' dir='ltr'><strong><em>ι</em></strong></span> <span class='ocrx_word' id='word_1_686' title='bbox 2025 4533 2146 4575; x_wconf 87' lang='lat' dir='ltr'><strong>esse</strong></span> 
     </span>
    </p>
   </div>
   <div class='ocr_carea' id='block_1_93' title="bbox 2253 4515 3827 4596">
    <p class='ocr_par' dir='ltr' id='par_1_93' title="bbox 2253 4518 3827 4596">
     <span class='ocr_line' id='line_1_93' title="bbox 2253 4518 3827 4596; baseline 0.001 -22"><span class='ocrx_word' id='word_1_687' title='bbox 2253 4538 2417 4592; x_wconf 85' lang='grc' dir='ltr'>ματος</span> <span class='ocrx_word' id='word_1_688' title='bbox 2447 4522 2798 4592; x_wconf 82' lang='grc' dir='ltr'>άπαλλαγήν;</span> <span class='ocrx_word' id='word_1_689' title='bbox 2838 4524 2933 4576; x_wconf 79' lang='grc' dir='ltr'>καὶ</span> <span class='ocrx_word' id='word_1_690' title='bbox 2969 4518 3292 4576; x_wconf 77' lang='grc' dir='ltr'>εἶναιτοῦτο</span> <span class='ocrx_word' id='word_1_691' title='bbox 3321 4523 3573 4578; x_wconf 81' lang='grc' dir='ltr'>τεθνάναι</span> <span class='ocrx_word' id='word_1_692' title='bbox 3592 4565 3610 4589; x_wconf 90' lang='grc'><strong>,</strong></span> <span class='ocrx_word' id='word_1_693' title='bbox 3648 4525 3827 4596; x_wconf 79' lang='grc' dir='ltr'>χωρὶς</span> 
     </span>
    </p>
   </div>
   <div class='ocr_carea' id='block_1_94' title="bbox 567 4609 2145 4680">
    <p class='ocr_par' dir='ltr' id='par_1_94' title="bbox 567 4609 2145 4680">
     <span class='ocr_line' id='line_1_94' title="bbox 567 4609 2145 4680; baseline 0.001 -16"><span class='ocrx_word' id='word_1_694' title='bbox 567 4619 796 4664; x_wconf 87' lang='lat' dir='ltr'><strong>mortem</strong></span> <span class='ocrx_word' id='word_1_695' title='bbox 828 4609 1286 4674; x_wconf 79' lang='lat' dir='ltr'><strong>existimabimus,</strong></span> <span class='ocrx_word' id='word_1_696' title='bbox 1318 4610 1462 4680; x_wconf 90' lang='lat' dir='ltr'><strong>quod</strong></span> <span class='ocrx_word' id='word_1_697' title='bbox 1491 4611 1685 4664; x_wconf 69' lang='lat' dir='ltr'><strong>anima:</strong></span> <span class='ocrx_word' id='word_1_698' title='bbox 1715 4625 1744 4662; x_wconf 88' lang='lat' dir='ltr'><strong>a</strong></span> <span class='ocrx_word' id='word_1_699' title='bbox 1773 4624 2004 4680; x_wconf 87' lang='lat' dir='ltr'><strong>corpore</strong></span> <span class='ocrx_word' id='word_1_700' title='bbox 2031 4611 2145 4666; x_wconf 87' lang='lat' dir='ltr'><strong>dis—</strong></span> 
     </span>
    </p>
   </div>
   <div class='ocr_carea' id='block_1_95' title="bbox 530 4702 2144 4772">
    <p class='ocr_par' dir='ltr' id='par_1_95' title="bbox 530 4702 2144 4772">
     <span class='ocr_line' id='line_1_95' title="bbox 530 4702 2144 4772; baseline 0.002 -16"><span class='ocrx_word' id='word_1_701' title='bbox 530 4720 532 4722; x_wconf 91' lang='grc'><strong>·</strong></span> <span class='ocrx_word' id='word_1_702' title='bbox 565 4718 780 4758; x_wconf 84' lang='lat' dir='ltr'><strong>cessum</strong></span> <span class='ocrx_word' id='word_1_703' title='bbox 816 4721 828 4757; x_wconf 92' lang='lat'><strong>:</strong></span> <span class='ocrx_word' id='word_1_704' title='bbox 860 4711 1023 4772; x_wconf 88' lang='lat' dir='ltr'><strong>atque</strong></span> <span class='ocrx_word' id='word_1_705' title='bbox 1057 4702 1162 4757; x_wconf 91' lang='lat' dir='ltr'><strong>hoc</strong></span> <span class='ocrx_word' id='word_1_706' title='bbox 1215 4703 1433 4757; x_wconf 80' lang='lat' dir='ltr'><strong>demum</strong></span> <span class='ocrx_word' id='word_1_707' title='bbox 1483 4717 1606 4757; x_wconf 90' lang='lat' dir='ltr'><strong>esse</strong></span> <span class='ocrx_word' id='word_1_708' title='bbox 1637 4703 1798 4766; x_wconf 79' lang='lat' dir='ltr'><strong>muri,</strong></span> <span class='ocrx_word' id='word_1_709' title='bbox 1833 4718 2033 4772; x_wconf 86' lang='lat' dir='ltr'><strong>corpus</strong></span> <span class='ocrx_word' id='word_1_710' title='bbox 2074 4705 2144 4759; x_wconf 89' lang='lat' dir='ltr'><strong>ab</strong></span> 
     </span>
    </p>
   </div>
   <div class='ocr_carea' id='block_1_96' title="bbox 564 4793 2142 4864">
    <p class='ocr_par' dir='ltr' id='par_1_96' title="bbox 564 4793 2142 4864">
     <span class='ocr_line' id='line_1_96' title="bbox 564 4793 2142 4864; baseline 0 -18"><span class='ocrx_word' id='word_1_711' title='bbox 564 4794 745 4848; x_wconf 87' lang='lat' dir='ltr'><strong>anima</strong></span> <span class='ocrx_word' id='word_1_712' title='bbox 775 4794 1106 4861; x_wconf 89' lang='lat' dir='ltr'><strong>disjunctum</strong></span> <span class='ocrx_word' id='word_1_713' title='bbox 1136 4809 1232 4863; x_wconf 87' lang='lat' dir='ltr'><strong>per</strong></span> <span class='ocrx_word' id='word_1_714' title='bbox 1257 4808 1376 4848; x_wconf 88' lang='lat' dir='ltr'><strong>sese</strong></span> <span class='ocrx_word' id='word_1_715' title='bbox 1403 4793 1578 4864; x_wconf 88' lang='lat' dir='ltr'><strong>ipsum</strong></span> <span class='ocrx_word' id='word_1_716' title='bbox 1606 4795 1891 4856; x_wconf 79' lang='lat' dir='ltr'><strong>exsistere,</strong></span> <span class='ocrx_word' id='word_1_717' title='bbox 1928 4794 2142 4849; x_wconf 87' lang='lat' dir='ltr'><strong>itidem-</strong></span> 
     </span>
    </p>
   </div>
   <div class='ocr_carea' id='block_1_97' title="bbox 562 4885 2144 4958">
    <p class='ocr_par' dir='ltr' id='par_1_97' title="bbox 562 4885 2144 4958">
     <span class='ocr_line' id='line_1_97' title="bbox 562 4885 2144 4958; baseline 0.002 -20"><span class='ocrx_word' id='word_1_718' title='bbox 562 4903 670 4958; x_wconf 84' lang='lat' dir='ltr'><strong>que</strong></span> <span class='ocrx_word' id='word_1_719' title='bbox 692 4887 926 4939; x_wconf 90' lang='lat' dir='ltr'><strong>animam</strong></span> <span class='ocrx_word' id='word_1_720' title='bbox 956 4902 985 4938; x_wconf 90' lang='lat' dir='ltr'><strong>a</strong></span> <span class='ocrx_word' id='word_1_721' title='bbox 1010 4900 1239 4956; x_wconf 88' lang='lat' dir='ltr'><strong>corpore</strong></span> <span class='ocrx_word' id='word_1_722' title='bbox 1261 4886 1629 4954; x_wconf 61' lang='lat' dir='ltr'><strong>st‘paratam?»</strong></span> <span class='ocrx_word' id='word_1_723' title='bbox 1661 4885 1801 4953; x_wconf 71' lang='lat' dir='ltr'><strong>Quid</strong></span> <span class='ocrx_word' id='word_1_724' title='bbox 1834 4887 2024 4940; x_wconf 87' lang='lat' dir='ltr'><strong>beatus</strong></span> <span class='ocrx_word' id='word_1_725' title='bbox 2056 4887 2144 4941; x_wconf 90' lang='lat' dir='ltr'><strong>ille</strong></span> 
     </span>
    </p>
   </div>
   <div class='ocr_carea' id='block_1_98' title="bbox 565 4976 2144 5048">
    <p class='ocr_par' dir='ltr' id='par_1_98' title="bbox 565 4976 2144 5048">
     <span class='ocr_line' id='line_1_98' title="bbox 565 4976 2144 5048; baseline -0.001 -18"><span class='ocrx_word' id='word_1_726' title='bbox 565 4979 776 5048; x_wconf 82' lang='lat' dir='ltr'><strong>Moyses</strong></span> <span class='ocrx_word' id='word_1_727' title='bbox 813 4980 892 5048; x_wconf 90' lang='lat' dir='ltr'><strong>(ut</strong></span> <span class='ocrx_word' id='word_1_728' title='bbox 939 4976 1004 5029; x_wconf 92' lang='lat' dir='ltr'><strong>ad</strong></span> <span class='ocrx_word' id='word_1_729' title='bbox 1034 4977 1246 5031; x_wconf 86' lang='lat' dir='ltr'><strong>divinas</strong></span> <span class='ocrx_word' id='word_1_730' title='bbox 1276 4991 1489 5047; x_wconf 89' lang='lat' dir='ltr'><strong>quoque</strong></span> <span class='ocrx_word' id='word_1_731' title='bbox 1522 4976 1755 5033; x_wconf 89' lang='lat' dir='ltr'><strong>Litteras</strong></span> <span class='ocrx_word' id='word_1_732' title='bbox 1795 4977 2144 5046; x_wconf 80' lang='lat' dir='ltr'><strong>veniamus)?</strong></span> 
     </span>
    </p>
   </div>
   <div class='ocr_carea' id='block_1_99' title="bbox 563 5068 2139 5139">
    <p class='ocr_par' dir='ltr' id='par_1_99' title="bbox 563 5068 2139 5139">
     <span class='ocr_line' id='line_1_99' title="bbox 563 5068 2139 5139; baseline -0.001 -17"><span class='ocrx_word' id='word_1_733' title='bbox 563 5085 743 5124; x_wconf 88' lang='lat' dir='ltr'><strong>nonne</strong></span> <span class='ocrx_word' id='word_1_734' title='bbox 785 5085 984 5138; x_wconf 84' lang='lat' dir='ltr'><strong>corpus</strong></span> <span class='ocrx_word' id='word_1_735' title='bbox 1033 5069 1172 5122; x_wconf 87' lang='lat' dir='ltr'><strong>idem</strong></span> <span class='ocrx_word' id='word_1_736' title='bbox 1217 5068 1465 5139; x_wconf 81' lang='lat' dir='ltr'><strong>intelligit</strong></span> <span class='ocrx_word' id='word_1_737' title='bbox 1510 5084 1652 5135; x_wconf 87' lang='lat' dir='ltr'><strong>esse,</strong></span> <span class='ocrx_word' id='word_1_738' title='bbox 1685 5069 1830 5138; x_wconf 90' lang='lat' dir='ltr'><strong>quod</strong></span> <span class='ocrx_word' id='word_1_739' title='bbox 1875 5085 1971 5124; x_wconf 88' lang='lat' dir='ltr'><strong>nos</strong></span> <span class='ocrx_word' id='word_1_740' title='bbox 2003 5069 2139 5121; x_wconf 86' lang='lat' dir='ltr'><strong>dici-</strong></span> 
     </span>
    </p>
   </div>
   <div class='ocr_carea' id='block_1_100' title="bbox 564 5158 2135 5228">
    <p class='ocr_par' dir='ltr' id='par_1_100' title="bbox 564 5158 2135 5228">
     <span class='ocr_line' id='line_1_100' title="bbox 564 5158 2135 5228; baseline -0.001 -14"><span class='ocrx_word' id='word_1_741' title='bbox 564 5177 706 5226; x_wconf 90' lang='lat' dir='ltr'><strong>mus,</strong></span> <span class='ocrx_word' id='word_1_742' title='bbox 761 5176 884 5214; x_wconf 90' lang='lat' dir='ltr'><strong>cum</strong></span> <span class='ocrx_word' id='word_1_743' title='bbox 920 5161 992 5212; x_wconf 91' lang='lat' dir='ltr'><strong>ita</strong></span> <span class='ocrx_word' id='word_1_744' title='bbox 1041 5158 1320 5228; x_wconf 86' lang='lat' dir='ltr'><strong>loquitur:</strong></span> <span class='ocrx_word' id='word_1_745' title='bbox 1357 5158 1425 5212; x_wconf 87' lang='lat' dir='ltr'><strong>Et</strong></span> <span class='ocrx_word' id='word_1_746' title='bbox 1475 5160 1671 5213; x_wconf 84' lang='lat' dir='ltr'><strong>lavabit</strong></span> <span class='ocrx_word' id='word_1_747' title='bbox 1722 5161 2025 5214; x_wconf 84' lang='lat' dir='ltr'><strong>vestimenta</strong></span> <span class='ocrx_word' id='word_1_748' title='bbox 2082 5160 2135 5213; x_wconf 78' lang='lat' dir='ltr'><strong>in</strong></span> 
     </span>
    </p>
   </div>
   <div class='ocr_carea' id='block_1_101' title="bbox 565 5251 2139 5322">
    <p class='ocr_par' dir='ltr' id='par_1_101' title="bbox 565 5251 2139 5322">
     <span class='ocr_line' id='line_1_101' title="bbox 565 5251 2139 5322; baseline -0.001 -17"><span class='ocrx_word' id='word_1_749' title='bbox 565 5251 996 5322; x_wconf 83' lang='lat' dir='ltr'><strong>purgationibus,</strong></span> <span class='ocrx_word' id='word_1_750' title='bbox 1043 5251 1132 5320; x_wconf 87' lang='lat' dir='ltr'><strong>qui</strong></span> <span class='ocrx_word' id='word_1_751' title='bbox 1180 5252 1406 5320; x_wconf 80' lang='lat' dir='ltr'><strong>tetigerit</strong></span> <span class='ocrx_word' id='word_1_752' title='bbox 1445 5251 1809 5315; x_wconf 84' lang='lat' dir='ltr'><strong>immundum;</strong></span> <span class='ocrx_word' id='word_1_753' title='bbox 1851 5262 1898 5305; x_wconf 91' lang='lat' dir='ltr'><strong>et</strong></span> <span class='ocrx_word' id='word_1_754' title='bbox 1939 5252 2139 5305; x_wconf 79' lang='lat' dir='ltr'><strong>Iuvabit</strong></span> 
     </span>
    </p>
   </div>
   <div class='ocr_carea' id='block_1_102' title="bbox 561 5341 2136 5410">
    <p class='ocr_par' dir='ltr' id='par_1_102' title="bbox 561 5341 2136 5410">
     <span class='ocr_line' id='line_1_102' title="bbox 561 5341 2136 5410; baseline -0.001 -15"><span class='ocrx_word' id='word_1_755' title='bbox 561 5359 748 5408; x_wconf 84' lang='lat' dir='ltr'><strong>corpus</strong></span> <span class='ocrx_word' id='word_1_756' title='bbox 772 5358 924 5395; x_wconf 83' lang='lat' dir='ltr'><strong>suum</strong></span> <span class='ocrx_word' id='word_1_757' title='bbox 950 5357 1124 5410; x_wconf 87' lang='lat' dir='ltr'><strong>aqua;</strong></span> <span class='ocrx_word' id='word_1_758' title='bbox 1150 5351 1200 5394; x_wconf 93' lang='lat' dir='ltr'><strong>et</strong></span> <span class='ocrx_word' id='word_1_759' title='bbox 1226 5341 1524 5393; x_wconf 85' lang='lat' dir='ltr'><strong>immundus</strong></span> <span class='ocrx_word' id='word_1_760' title='bbox 1548 5342 1649 5394; x_wconf 86' lang='lat' dir='ltr'><strong>erit</strong></span> <span class='ocrx_word' id='word_1_761' title='bbox 1688 5341 1756 5393; x_wconf 91' lang='lat' dir='ltr'><strong>ad</strong></span> <span class='ocrx_word' id='word_1_762' title='bbox 1784 5357 2046 5408; x_wconf 80' lang='lat' dir='ltr'><strong>vesperam</strong></span> <span class='ocrx_word' id='word_1_763' title='bbox 2075 5342 2136 5394; x_wconf 80' lang='lat'><strong>&#39;?</strong></span> 
     </span>
    </p>
   </div>
   <div class='ocr_carea' id='block_1_103' title="bbox 559 5430 2134 5502">
    <p class='ocr_par' dir='ltr' id='par_1_103' title="bbox 559 5430 2134 5502">
     <span class='ocr_line' id='line_1_103' title="bbox 559 5430 2134 5502; baseline 0.001 -16"><span class='ocrx_word' id='word_1_764' title='bbox 559 5433 700 5498; x_wconf 80' lang='lat' dir='ltr'><strong>Quid</strong></span> <span class='ocrx_word' id='word_1_765' title='bbox 732 5434 797 5487; x_wconf 90' lang='lat' dir='ltr'><strong>de</strong></span> <span class='ocrx_word' id='word_1_766' title='bbox 821 5430 957 5486; x_wconf 81' lang='lat' dir='ltr'><strong>Jobo</strong></span> <span class='ocrx_word' id='word_1_767' title='bbox 989 5432 1276 5487; x_wconf 80' lang='lat' dir='ltr'><strong>dicemus?</strong></span> <span class='ocrx_word' id='word_1_768' title='bbox 1328 5447 1506 5486; x_wconf 90' lang='lat' dir='ltr'><strong>nonne</strong></span> <span class='ocrx_word' id='word_1_769' title='bbox 1542 5442 1595 5486; x_wconf 87' lang='lat' dir='ltr'><strong>et</strong></span> <span class='ocrx_word' id='word_1_770' title='bbox 1638 5433 1684 5486; x_wconf 90' lang='lat' dir='ltr'><strong>is</strong></span> <span class='ocrx_word' id='word_1_771' title='bbox 1725 5433 1958 5500; x_wconf 87' lang='lat' dir='ltr'><strong>idipsum</strong></span> <span class='ocrx_word' id='word_1_772' title='bbox 1990 5433 2134 5502; x_wconf 89' lang='lat' dir='ltr'><strong>quod</strong></span> 
     </span>
    </p>
   </div>
   <div class='ocr_carea' id='block_1_104' title="bbox 558 5523 2137 5592">
    <p class='ocr_par' dir='ltr' id='par_1_104' title="bbox 558 5523 2137 5592">
     <span class='ocr_line' id='line_1_104' title="bbox 558 5523 2137 5592; baseline 0 -15"><span class='ocrx_word' id='word_1_773' title='bbox 558 5525 926 5592; x_wconf 77' lang='lat' dir='ltr'><strong>exstinguitur</strong></span> <span class='ocrx_word' id='word_1_774' title='bbox 974 5531 1149 5577; x_wconf 88' lang='lat' dir='ltr'><strong>morte</strong></span> <span class='ocrx_word' id='word_1_775' title='bbox 1189 5537 1387 5590; x_wconf 89' lang='lat' dir='ltr'><strong>corpus</strong></span> <span class='ocrx_word' id='word_1_776' title='bbox 1433 5538 1555 5576; x_wconf 87' lang='lat' dir='ltr'><strong>esse</strong></span> <span class='ocrx_word' id='word_1_777' title='bbox 1601 5523 1906 5592; x_wconf 77' lang='lat' dir='ltr'><strong>signiﬁcat?</strong></span> <span class='ocrx_word' id='word_1_778' title='bbox 1947 5525 2137 5577; x_wconf 62' lang='lat' dir='ltr'><strong>Versa-</strong></span> 
     </span>
    </p>
   </div>
   <div class='ocr_carea' id='block_1_105' title="bbox 561 5613 2132 5683">
    <p class='ocr_par' dir='ltr' id='par_1_105' title="bbox 561 5613 2132 5683">
     <span class='ocr_line' id='line_1_105' title="bbox 561 5613 2132 5683; baseline 0.003 -20"><span class='ocrx_word' id='word_1_779' title='bbox 561 5624 668 5675; x_wconf 81' lang='lat' dir='ltr'><strong>tur,</strong></span> <span class='ocrx_word' id='word_1_780' title='bbox 717 5616 910 5683; x_wconf 89' lang='lat' dir='ltr'><strong>inquit,</strong></span> <span class='ocrx_word' id='word_1_781' title='bbox 961 5629 1148 5682; x_wconf 83' lang='lat' dir='ltr'><strong>corpus</strong></span> <span class='ocrx_word' id='word_1_782' title='bbox 1182 5629 1350 5666; x_wconf 82' lang='lat' dir='ltr'><strong>meum</strong></span> <span class='ocrx_word' id='word_1_783' title='bbox 1399 5613 1452 5666; x_wconf 85' lang='lat' dir='ltr'><strong>in</strong></span> <span class='ocrx_word' id='word_1_784' title='bbox 1500 5615 1771 5681; x_wconf 86' lang='lat' dir='ltr'><strong>putredine</strong></span> <span class='ocrx_word' id='word_1_785' title='bbox 1809 5616 2060 5668; x_wconf 77' lang='lat' dir='ltr'><strong>vermium</strong></span> <span class='ocrx_word' id='word_1_786' title='bbox 2090 5615 2132 5668; x_wconf 73' lang='grc'>⁸.</span> 
     </span>
    </p>
   </div>
   <div class='ocr_carea' id='block_1_106' title="bbox 635 5767 1662 5834">
    <p class='ocr_par' dir='ltr' id='par_1_106' title="bbox 635 5767 1662 5834">
     <span class='ocr_line' id='line_1_106' title="bbox 635 5767 1662 5834; baseline 0.004 -16"><span class='ocrx_word' id='word_1_787' title='bbox 635 5770 649 5798; x_wconf 81' lang='grc'>⁸</span> <span class='ocrx_word' id='word_1_788' title='bbox 685 5768 842 5820; x_wconf 75' lang='lat' dir='ltr'><strong>lium.</strong></span> <span class='ocrx_word' id='word_1_789' title='bbox 883 5784 999 5830; x_wconf 80' lang='lat' dir='ltr'><strong>v;tt,</strong></span> <span class='ocrx_word' id='word_1_790' title='bbox 1035 5770 1119 5823; x_wconf 84' lang='grc' dir='ltr'>Η.</span> <span class='ocrx_word' id='word_1_791' title='bbox 1196 5771 1214 5799; x_wconf 87' lang='grc'>²</span> <span class='ocrx_word' id='word_1_792' title='bbox 1245 5767 1263 5820; x_wconf 94' lang='lat' dir='ltr'><strong>l</strong></span> <span class='ocrx_word' id='word_1_793' title='bbox 1295 5769 1419 5822; x_wconf 84' lang='lat' dir='ltr'><strong>Cor.</strong></span> <span class='ocrx_word' id='word_1_794' title='bbox 1453 5785 1538 5834; x_wconf 75' lang='lat' dir='ltr'><strong>xv,</strong></span> <span class='ocrx_word' id='word_1_795' title='bbox 1577 5770 1662 5823; x_wconf 78' lang='grc'>55.</span> 
     </span>
    </p>
   </div>
   <div class='ocr_carea' id='block_1_107' title="bbox 2254 4613 3824 4686">
    <p class='ocr_par' dir='ltr' id='par_1_107' title="bbox 2254 4613 3824 4686">
     <span class='ocr_line' id='line_1_107' title="bbox 2254 4613 3824 4686; baseline 0.003 -21"><span class='ocrx_word' id='word_1_796' title='bbox 2254 4613 2353 4682; x_wconf 86' lang='grc' dir='ltr'>μὲν</span> <span class='ocrx_word' id='word_1_797' title='bbox 2380 4613 2488 4666; x_wconf 82' lang='grc' dir='ltr'><strong>ἀπὸ</strong></span> <span class='ocrx_word' id='word_1_798' title='bbox 2520 4613 2618 4684; x_wconf 83' lang='grc' dir='ltr'>τῆς</span> <span class='ocrx_word' id='word_1_799' title='bbox 2646 4615 2822 4686; x_wconf 66' lang='grc' dir='ltr'>ψυχῆς</span> <span class='ocrx_word' id='word_1_800' title='bbox 2865 4613 3178 4683; x_wconf 81' lang='grc' dir='ltr'>ἀπαλλαγὲν</span> <span class='ocrx_word' id='word_1_801' title='bbox 3218 4615 3349 4668; x_wconf 79' lang='grc' dir='ltr'>αὐτὸ</span> <span class='ocrx_word' id='word_1_802' title='bbox 3391 4615 3511 4668; x_wconf 78' lang='grc' dir='ltr'>καθ’</span> <span class='ocrx_word' id='word_1_803' title='bbox 3554 4616 3720 4669; x_wconf 77' lang='grc' dir='ltr'>ἑαυτὸ</span> <span class='ocrx_word' id='word_1_804' title='bbox 3761 4617 3824 4669; x_wconf 73' lang='grc' dir='ltr'>τὸ</span> 
     </span>
    </p>
   </div>
   <div class='ocr_carea' id='block_1_108' title="bbox 2250 4705 3816 4777">
    <p class='ocr_par' dir='ltr' id='par_1_108' title="bbox 2250 4705 3816 4777">
     <span class='ocr_line' id='line_1_108' title="bbox 2250 4705 3816 4777; baseline 0.002 -22"><span class='ocrx_word' id='word_1_805' title='bbox 2250 4705 2411 4776; x_wconf 83' lang='grc' dir='ltr'>σῶμα</span> <span class='ocrx_word' id='word_1_806' title='bbox 2434 4705 2738 4773; x_wconf 81' lang='grc' dir='ltr'>γεγονέναι,</span> <span class='ocrx_word' id='word_1_807' title='bbox 2763 4707 2932 4777; x_wconf 71' lang='grc' dir='ltr'>χωρὶς</span> <span class='ocrx_word' id='word_1_808' title='bbox 2958 4705 3016 4761; x_wconf 69' lang='grc' dir='ltr'><strong>δὲ</strong></span> <span class='ocrx_word' id='word_1_809' title='bbox 3039 4707 3138 4776; x_wconf 83' lang='grc' dir='ltr'>τὴν</span> <span class='ocrx_word' id='word_1_810' title='bbox 3166 4707 3341 4777; x_wconf 73' lang='grc' dir='ltr'>ψυχὴν</span> <span class='ocrx_word' id='word_1_811' title='bbox 3361 4707 3454 4759; x_wconf 88' lang='grc' dir='ltr'><strong>τοῦ</strong></span> <span class='ocrx_word' id='word_1_812' title='bbox 3481 4707 3771 4776; x_wconf 80' lang='grc' dir='ltr'>σώματος;</span> <span class='ocrx_word' id='word_1_813' title='bbox 3800 4730 3816 4758; x_wconf 82' lang='grc' dir='ltr'><strong>ι</strong></span> 
     </span>
    </p>
   </div>
   <div class='ocr_carea' id='block_1_109' title="bbox 2259 4794 3824 4868">
    <p class='ocr_par' dir='ltr' id='par_1_109' title="bbox 2259 4794 3824 4868">
     <span class='ocr_line' id='line_1_109' title="bbox 2259 4794 3824 4868; baseline 0.003 -20"><span class='ocrx_word' id='word_1_814' title='bbox 2259 4794 2317 4848; x_wconf 88' lang='lat' dir='ltr'><strong>&#39;U</strong></span> <span class='ocrx_word' id='word_1_815' title='bbox 2348 4796 2456 4866; x_wconf 89' lang='grc' dir='ltr'><strong>γάρ</strong></span> <span class='ocrx_word' id='word_1_816' title='bbox 2495 4812 2576 4848; x_wconf 85' lang='grc' dir='ltr'><strong>τοι</strong></span> <span class='ocrx_word' id='word_1_817' title='bbox 2616 4797 2858 4866; x_wconf 82' lang='grc' dir='ltr'><strong>Μωῦσῆς</strong></span> <span class='ocrx_word' id='word_1_818' title='bbox 2889 4800 2916 4850; x_wconf 88' lang='grc' dir='ltr'>ὁ</span> <span class='ocrx_word' id='word_1_819' title='bbox 2974 4797 3252 4868; x_wconf 82' lang='grc' dir='ltr'>μακάριος,</span> <span class='ocrx_word' id='word_1_820' title='bbox 3283 4797 3538 4867; x_wconf 75' lang='grc' dir='ltr'>(ἥκωμεν</span> <span class='ocrx_word' id='word_1_821' title='bbox 3567 4799 3675 4868; x_wconf 73' lang='grc' dir='ltr'>γὰρ</span> <span class='ocrx_word' id='word_1_822' title='bbox 3727 4802 3824 4852; x_wconf 79' lang='grc' dir='ltr'>καὶ</span> 
     </span>
    </p>
   </div>
   <div class='ocr_carea' id='block_1_110' title="bbox 2246 4886 3823 4958">
    <p class='ocr_par' dir='ltr' id='par_1_110' title="bbox 2246 4886 3823 4958">
     <span class='ocr_line' id='line_1_110' title="bbox 2246 4886 3823 4958; baseline 0.001 -19"><span class='ocrx_word' id='word_1_823' title='bbox 2246 4886 2341 4940; x_wconf 76' lang='grc' dir='ltr'><strong>ἐπὶ</strong></span> <span class='ocrx_word' id='word_1_824' title='bbox 2369 4886 2468 4949; x_wconf 74' lang='grc' dir='ltr'><strong>τὰς</strong></span> <span class='ocrx_word' id='word_1_825' title='bbox 2502 4887 2771 4957; x_wconf 70' lang='grc' dir='ltr'>κυριακὰς</span> <span class='ocrx_word' id='word_1_826' title='bbox 2795 4887 2894 4957; x_wconf 78' lang='grc' dir='ltr'><strong>ἢδη</strong></span> <span class='ocrx_word' id='word_1_827' title='bbox 2926 4887 2965 4938; x_wconf 86' lang='grc' dir='ltr'><strong>Γ</strong></span> <span class='ocrx_word' id='word_1_828' title='bbox 2970 4887 3202 4958; x_wconf 76' lang='grc' dir='ltr'>ραφάς),</span> <span class='ocrx_word' id='word_1_829' title='bbox 3229 4886 3290 4939; x_wconf 85' lang='grc' dir='ltr'>οὐ</span> <span class='ocrx_word' id='word_1_830' title='bbox 3323 4886 3485 4956; x_wconf 85' lang='grc' dir='ltr'>σῶμα</span> <span class='ocrx_word' id='word_1_831' title='bbox 3515 4887 3674 4939; x_wconf 87' lang='grc' dir='ltr'>τοῦτο</span> <span class='ocrx_word' id='word_1_832' title='bbox 3706 4889 3823 4940; x_wconf 85' lang='grc' dir='ltr'>όνο-</span> 
     </span>
    </p>
   </div>
   <div class='ocr_carea' id='block_1_111' title="bbox 2251 4977 3822 5048">
    <p class='ocr_par' dir='ltr' id='par_1_111' title="bbox 2251 4977 3822 5048">
     <span class='ocr_line' id='line_1_111' title="bbox 2251 4977 3822 5048; baseline 0.001 -19"><span class='ocrx_word' id='word_1_833' title='bbox 2251 4977 2517 5047; x_wconf 77' lang='grc' dir='ltr'>μάζεσθαι</span> <span class='ocrx_word' id='word_1_834' title='bbox 2574 4978 2896 5043; x_wconf 73' lang='grc' dir='ltr'>ἐπίσταται,</span> <span class='ocrx_word' id='word_1_835' title='bbox 2941 4978 2969 5030; x_wconf 78' lang='grc' dir='ltr'><strong>ὃ</strong></span> <span class='ocrx_word' id='word_1_836' title='bbox 3011 4979 3278 5048; x_wconf 82' lang='grc' dir='ltr'>λέγομεν.</span> <span class='ocrx_word' id='word_1_837' title='bbox 3336 4978 3443 5031; x_wconf 78' lang='grc' dir='ltr'><strong>Καὶ</strong></span> <span class='ocrx_word' id='word_1_838' title='bbox 3488 4979 3712 5030; x_wconf 76' lang='grc' dir='ltr'>πλυνεῖ</span> <span class='ocrx_word' id='word_1_839' title='bbox 3749 4980 3822 5031; x_wconf 77' lang='grc' dir='ltr'>τὰ</span> 
     </span>
    </p>
   </div>
   <div class='ocr_carea' id='block_1_112' title="bbox 2247 5068 3820 5140">
    <p class='ocr_par' dir='ltr' id='par_1_112' title="bbox 2247 5068 3820 5140">
     <span class='ocr_line' id='line_1_112' title="bbox 2247 5068 3820 5140; baseline 0.002 -20"><span class='ocrx_word' id='word_1_840' title='bbox 2247 5068 2465 5136; x_wconf 78' lang='grc' dir='ltr'>ἱμάτια,</span> <span class='ocrx_word' id='word_1_841' title='bbox 2490 5068 2682 5136; x_wconf 79' lang='grc' dir='ltr'>λέγων,</span> <span class='ocrx_word' id='word_1_842' title='bbox 2737 5073 2796 5122; x_wconf 85' lang='grc' dir='ltr'>ὲν</span> <span class='ocrx_word' id='word_1_843' title='bbox 2828 5071 2940 5132; x_wconf 84' lang='grc' dir='ltr'>τοῖς</span> <span class='ocrx_word' id='word_1_844' title='bbox 2984 5070 3364 5140; x_wconf 83' lang='grc' dir='ltr'>καθαρισμοῖς,</span> <span class='ocrx_word' id='word_1_845' title='bbox 3405 5072 3438 5123; x_wconf 85' lang='grc' dir='ltr'><em>ὀ</em></span> <span class='ocrx_word' id='word_1_846' title='bbox 3470 5069 3820 5138; x_wconf 66' lang='grc' dir='ltr'>ἐπιψαύσας</span> 
     </span>
    </p>
   </div>
   <div class='ocr_carea' id='block_1_113' title="bbox 2245 5158 3818 5230">
    <p class='ocr_par' dir='ltr' id='par_1_113' title="bbox 2245 5158 3818 5230">
     <span class='ocr_line' id='line_1_113' title="bbox 2245 5158 3818 5230; baseline 0.004 -22"><span class='ocrx_word' id='word_1_847' title='bbox 2245 5158 2350 5210; x_wconf 83' lang='grc' dir='ltr'><strong>τοῦ</strong></span> <span class='ocrx_word' id='word_1_848' title='bbox 2377 5159 2713 5227; x_wconf 76' lang='grc' dir='ltr'>ἀκαθάρτου</span> <span class='ocrx_word' id='word_1_849' title='bbox 2735 5179 2749 5192; x_wconf 86' lang='grc'><strong>·</strong></span> <span class='ocrx_word' id='word_1_850' title='bbox 2794 5161 2892 5214; x_wconf 80' lang='grc' dir='ltr'>καὶ</span> <span class='ocrx_word' id='word_1_851' title='bbox 2934 5163 3219 5214; x_wconf 58' lang='lat' dir='ltr'><strong>latim-rma</strong></span> <span class='ocrx_word' id='word_1_852' title='bbox 3263 5161 3344 5226; x_wconf 86' lang='grc' dir='ltr'>τῷ</span> <span class='ocrx_word' id='word_1_853' title='bbox 3372 5159 3598 5230; x_wconf 78' lang='grc' dir='ltr'>σώματι</span> <span class='ocrx_word' id='word_1_854' title='bbox 3628 5163 3818 5215; x_wconf 77' lang='grc' dir='ltr'>αὐτοῦ</span> 
     </span>
    </p>
   </div>
   <div class='ocr_carea' id='block_1_114' title="bbox 2239 5245 3815 5319">
    <p class='ocr_par' dir='ltr' id='par_1_114' title="bbox 2239 5245 3815 5319">
     <span class='ocr_line' id='line_1_114' title="bbox 2239 5245 3815 5319; baseline 0.004 -21"><span class='ocrx_word' id='word_1_855' title='bbox 2239 5245 2430 5311; x_wconf 67' lang='lat' dir='ltr'><strong>ﬁdem,</strong></span> <span class='ocrx_word' id='word_1_856' title='bbox 2463 5249 2560 5301; x_wconf 78' lang='grc' dir='ltr'>καὶ</span> <span class='ocrx_word' id='word_1_857' title='bbox 2603 5249 2939 5318; x_wconf 78' lang='grc' dir='ltr'>ἀκάθαρτος</span> <span class='ocrx_word' id='word_1_858' title='bbox 2969 5251 3140 5304; x_wconf 83' lang='grc' dir='ltr'>ἕσται</span> <span class='ocrx_word' id='word_1_859' title='bbox 3173 5251 3283 5316; x_wconf 80' lang='grc' dir='ltr'>ἕως</span> <span class='ocrx_word' id='word_1_860' title='bbox 3327 5251 3620 5319; x_wconf 80' lang='grc' dir='ltr'>ἐσπέρας;</span> <span class='ocrx_word' id='word_1_861' title='bbox 3653 5251 3720 5303; x_wconf 82' lang='grc' dir='ltr'>Τί</span> <span class='ocrx_word' id='word_1_862' title='bbox 3761 5253 3815 5304; x_wconf 62' lang='grc' dir='ltr'>δὲ</span> 
     </span>
    </p>
   </div>
   <div class='ocr_carea' id='block_1_115' title="bbox 2239 5339 3816 5411">
    <p class='ocr_par' dir='ltr' id='par_1_115' title="bbox 2239 5339 3816 5411">
     <span class='ocr_line' id='line_1_115' title="bbox 2239 5339 3816 5411; baseline 0.003 -21"><span class='ocrx_word' id='word_1_863' title='bbox 2239 5339 2334 5390; x_wconf 76' lang='grc' dir='ltr'>καὶ</span> <span class='ocrx_word' id='word_1_864' title='bbox 2357 5341 2385 5391; x_wconf 87' lang='grc' dir='ltr'>ὁ</span> <span class='ocrx_word' id='word_1_865' title='bbox 2417 5339 2569 5404; x_wconf 82' lang='grc' dir='ltr'><strong>’1ώ6;</strong></span> <span class='ocrx_word' id='word_1_866' title='bbox 2599 5342 2661 5392; x_wconf 86' lang='grc' dir='ltr'>οὑ</span> <span class='ocrx_word' id='word_1_867' title='bbox 2707 5341 2868 5411; x_wconf 84' lang='grc' dir='ltr'>σῶμα</span> <span class='ocrx_word' id='word_1_868' title='bbox 2901 5343 3185 5396; x_wconf 75' lang='grc' dir='ltr'>ἐπίσταται</span> <span class='ocrx_word' id='word_1_869' title='bbox 3226 5343 3319 5396; x_wconf 70' lang='grc' dir='ltr'><strong>καὶ</strong></span> <span class='ocrx_word' id='word_1_870' title='bbox 3347 5343 3507 5405; x_wconf 75' lang='grc' dir='ltr'>αὐτὸς</span> <span class='ocrx_word' id='word_1_871' title='bbox 3552 5342 3715 5395; x_wconf 83' lang='grc' dir='ltr'>τοῦτο</span> <span class='ocrx_word' id='word_1_872' title='bbox 3757 5349 3816 5395; x_wconf 81' lang='grc' dir='ltr'>τὸ</span> 
     </span>
    </p>
   </div>
   <div class='ocr_carea' id='block_1_116' title="bbox 2239 5430 3814 5506">
    <p class='ocr_par' dir='ltr' id='par_1_116' title="bbox 2239 5430 3814 5506">
     <span class='ocr_line' id='line_1_116' title="bbox 2239 5430 3814 5506; baseline 0.004 -24"><span class='ocrx_word' id='word_1_873' title='bbox 2239 5430 2599 5502; x_wconf 81' lang='grc' dir='ltr'>νεκρούμενον</span> <span class='ocrx_word' id='word_1_874' title='bbox 2636 5434 2843 5498; x_wconf 85' lang='grc' dir='ltr'>καλεῖν,</span> <span class='ocrx_word' id='word_1_875' title='bbox 2875 5437 3125 5503; x_wconf 81' lang='grc' dir='ltr'>Φύρεται</span> <span class='ocrx_word' id='word_1_876' title='bbox 3167 5435 3234 5489; x_wconf 85' lang='grc' dir='ltr'><strong>δέ</strong></span> <span class='ocrx_word' id='word_1_877' title='bbox 3274 5453 3394 5506; x_wconf 81' lang='grc' dir='ltr'>μου</span> <span class='ocrx_word' id='word_1_878' title='bbox 3432 5437 3499 5490; x_wconf 86' lang='grc' dir='ltr'>τὸ</span> <span class='ocrx_word' id='word_1_879' title='bbox 3539 5435 3714 5505; x_wconf 82' lang='grc' dir='ltr'>σῶμα</span> <span class='ocrx_word' id='word_1_880' title='bbox 3746 5439 3814 5488; x_wconf 77' lang='grc' dir='ltr'><strong>ἐν</strong></span> 
     </span>
    </p>
   </div>
   <div class='ocr_carea' id='block_1_117' title="bbox 2239 5525 3808 5596">
    <p class='ocr_par' dir='ltr' id='par_1_117' title="bbox 2239 5525 3808 5596">
     <span class='ocr_line' id='line_1_117' title="bbox 2239 5525 3808 5596; baseline 0.003 -22"><span class='ocrx_word' id='word_1_881' title='bbox 2239 5525 2463 5590; x_wconf 75' lang='grc' dir='ltr'>σαπρίᾳ</span> <span class='ocrx_word' id='word_1_882' title='bbox 2497 5525 2854 5594; x_wconf 68' lang='grc' dir='ltr'>σκωλήκων,</span> <span class='ocrx_word' id='word_1_883' title='bbox 2888 5528 3096 5595; x_wconf 82' lang='grc' dir='ltr'>λέγων;</span> <span class='ocrx_word' id='word_1_884' title='bbox 3134 5527 3295 5581; x_wconf 77' lang='grc' dir='ltr'>Ἀλλὰ</span> <span class='ocrx_word' id='word_1_885' title='bbox 3341 5527 3433 5579; x_wconf 76' lang='lat' dir='ltr'><strong>xui.</strong></span> <span class='ocrx_word' id='word_1_886' title='bbox 3476 5529 3506 5578; x_wconf 86' lang='grc' dir='ltr'><strong>ό</strong></span> <span class='ocrx_word' id='word_1_887' title='bbox 3534 5526 3808 5596; x_wconf 76' lang='grc' dir='ltr'>Σολομὼν,</span> 
     </span>
    </p>
   </div>
   <div class='ocr_carea' id='block_1_118' title="bbox 2239 5618 3805 5690">
    <p class='ocr_par' dir='ltr' id='par_1_118' title="bbox 2239 5618 3805 5690">
     <span class='ocr_line' id='line_1_118' title="bbox 2239 5618 3805 5690; baseline 0.004 -21"><span class='ocrx_word' id='word_1_888' title='bbox 2239 5618 2320 5670; x_wconf 83' lang='grc' dir='ltr'>ὃτι</span> <span class='ocrx_word' id='word_1_889' title='bbox 2352 5620 2455 5684; x_wconf 81' lang='grc' dir='ltr'><strong>Εἰς</strong></span> <span class='ocrx_word' id='word_1_890' title='bbox 2489 5618 2856 5688; x_wconf 77' lang='grc' dir='ltr'>κακότεχνον</span> <span class='ocrx_word' id='word_1_891' title='bbox 2880 5620 3092 5690; x_wconf 70' lang='grc' dir='ltr'><strong>ψυχὴν</strong></span> <span class='ocrx_word' id='word_1_892' title='bbox 3122 5623 3231 5676; x_wconf 82' lang='grc' dir='ltr'>οὐκ</span> <span class='ocrx_word' id='word_1_893' title='bbox 3266 5622 3674 5674; x_wconf 70' lang='grc' dir='ltr'>εἰσε.-ῑεύσεται</span> <span class='ocrx_word' id='word_1_894' title='bbox 3701 5635 3805 5675; x_wconf 81' lang='lat' dir='ltr'><strong>cro-</strong></span> 
     </span>
    </p>
   </div>
   <div class='ocr_carea' id='block_1_119' title="bbox 1742 5769 2638 5842">
    <p class='ocr_par' dir='ltr' id='par_1_119' title="bbox 1742 5769 2638 5842">
     <span class='ocr_line' id='line_1_119' title="bbox 1742 5769 2638 5842; baseline 0.009 -21"><span class='ocrx_word' id='word_1_895' title='bbox 1742 5769 1762 5801; x_wconf 85' lang='grc'>³</span> <span class='ocrx_word' id='word_1_896' title='bbox 1795 5770 1961 5824; x_wconf 76' lang='lat' dir='ltr'><strong>Levit.</strong></span> <span class='ocrx_word' id='word_1_897' title='bbox 2000 5787 2106 5824; x_wconf 69' lang='lat' dir='ltr'><strong>xxv.</strong></span> <span class='ocrx_word' id='word_1_898' title='bbox 2145 5771 2195 5824; x_wconf 92' lang='lat'><strong>8.</strong></span> <span class='ocrx_word' id='word_1_899' title='bbox 2274 5773 2290 5802; x_wconf 67' lang='grc'><strong>⁵</strong></span> <span class='ocrx_word' id='word_1_900' title='bbox 2323 5771 2424 5826; x_wconf 87' lang='lat' dir='ltr'><strong>Joh</strong></span> <span class='ocrx_word' id='word_1_901' title='bbox 2461 5791 2553 5842; x_wconf 84' lang='lat' dir='ltr'><strong>vn,</strong></span> <span class='ocrx_word' id='word_1_902' title='bbox 2587 5776 2638 5829; x_wconf 85' lang='lat'><strong>5.</strong></span> 
     </span>
    </p>
   </div>
  </div>
