4082 6394
273 386 404 449 HS!

944 388 1314 446 ADVERSUS
1353 385 1696 442 ILEIIESES
1733 383 1863 440 LIB.

2008 382 2174 439 ‘I'OM.
2213 380 2609 438 1.-ΗΑΞῐιΕ5,
2651 378 2838 436 LXIV.

3404 369 3542 426 116?.

268 527 398 596 φία.
427 525 571 580 οὐδὲ
593 523 945 592 κατοικήσει
971 524 1041 578 ὲν
1067 521 1372 592 καταχρέῳ
1405 520 1634 591 σώματι
1662 519 1846 589 ἁμαρ·

1969 515 2220 570 Prtetcrea
2253 518 2535 576 Salomon.
2562 513 2627 568 In
2659 514 2993 577 malevolam,
3018 512 3195 583 inquit
3226 511 3271 575 ',
3307 513 3541 565 animam

271 621 419 684 τίσις.

319 786 452 845 ²Καὶ
487 795 547 846 ὲν
586 791 664 862 τῷ
695 792 894 864 Δανιὴλ
932 793 1027 844 ἐπὶ
1056 791 1165 844 τῶν
1197 789 1520 862 μαρτύρων·
1566 789 1687 841 Οὐκ
1719 788 1857 840 ἐκυ-

267 884 515 950 ρίευσεν
535 884 736 938 αὐτῶν
756 884 822 937 τὸ
856 883 977 952 πῦρ
1010 883 1116 936 τοῦ
1139 881 1445 950 σώματος,
1479 880 1718 950 λέγεται,
1754 879 1854 932 καί

269 977 310 1044 ἡ
346 975 478 1043 θρίξ
518 974 629 1043 τῆς
659 975 927 1045 κεφαλῆς
970 974 1170 1028 αὐτῶν
1213 977 1322 1029 οὐκ
1355 974 1708 1042 ἐφλογίσθη.
1746 972 1857 1024 Καὶ

267 1071 300 1120 ὁ
319 1067 526 1138 Κύριος
557 1071 616 1122 ὲν
650 1069 728 1139 τῷ
752 1069 1074 1139 Εὑαγγελίῳ
1095 1083 1110 1097 ·
1144 1066 1251 1120 Διὰ
1294 1066 1470 1120 τοῦτο
1494 1064 1649 1133 λέγω
1673 1065 1817 1133 ὑμῖν
1837 1080 1852 1094 ο

270 1163 370 1232 Μὴ
397 1161 717 1232 μεριμνᾶτε
750 1164 807 1216 τί
844 1164 1093 1234 φάγητε,
1127 1163 1166 1232 ἢ
1211 1163 1268 1217 τί
1310 1162 1675 1229 ἐνδύσησθε.
1708 1160 1857 1228 Οὐχὶ

271 1256 311 1323 ἡ
341 1254 512 1323 ψυχὴ
543 1254 758 1307 πλεῖόν
803 1256 933 1309 ἐστι
980 1253 1092 1324 τῆς
1123 1253 1381 1324 τροφῆς,
1427 1253 1525 1308 καὶ
1573 1253 1642 1307 τὸ
1686 1253 1857 1322 σῶμα

272 1345 378 1400 τοῦ
411 1346 780 1415 ἐνδύματος;
811 1347 904 1401 καὶ
936 1349 963 1400 ὁ
1005 1347 1327 1410 Ἀπὸστολος
1355 1347 1431 1413 δὲ,
1468 1345 1564 1414 Μὴ
1595 1341 1711 1400 οὖν
1738 1345 1852 1409 ,ϐα-

267 1435 564 1493 σιλευέτω
592 1441 630 1508 ἡ
661 1441 917 1509 ἁμαρτία
945 1441 1017 1494 ἐν
1048 1440 1130 1506 τῷ
1163 1438 1360 1508 θνητῷ
1399 1438 1569 1509 ὑμῶν
1603 1437 1853 1508 σώματι,

273 1531 482 1600 λέγων,
531 1530 691 1600 σῶμα
727 1530 1018 1600 γινώσκειν
1061 1531 1220 1585 τοῦτο
1259 1531 1288 1584 ὃ
1340 1529 1698 1602 περικείμεθα
1735 1547 1858 1581 συν-

273 1621 455 1691 ίστησι
472 1637 486 1652 ο
511 1622 605 1676 καὶ
632 1623 795 1675 πάλιν
811 1641 824 1654 ·
847 1625 914 1676 Et
943 1623 1012 1676 δὲ
1036 1623 1104 1678 τὸ
1123 1623 1367 1692 Πνεῦμα
1389 1622 1497 1677 τοῦ
1517 1623 1858 1693 ἐγείραντος

288 1711 531 1778 Ἰησοῦν
558 1713 712 1766 οίκεῐ
734 1713 806 1765 ἐν
834 1712 998 1783 ὑμῖν,
1035 1716 1067 1768 ὁ
1099 1713 1334 1783 ἐγείρας
1371 1715 1631 1782 Χριστὸν
1651 1715 1724 1768 ἐκ
1763 1731 1858 1766 νε-

270 1801 438 1869 κρῶν
481 1800 832 1870 ζωοποιήσει
863 1805 963 1857 καὶ
1014 1805 1090 1858 τὰ
1124 1806 1312 1872 θνητὰ
1363 1804 1609 1874 σώματα
1659 1804 1853 1874 ὑμῶν’

1959 627 2061 663 non
2092 609 2232 662 intra
2257 608 2330 661 bit
2362 610 2643 676 sapientia,
2680 625 2771 661 nec
2800 605 3062 660 habitabit
3108 605 3162 658 in
3201 620 3324 672 corp
3362 621 3415 658 re
3448 604 3542 657 ob-

1957 701 2118 754 noxio
2143 711 2378 770 peccato.

2031 791 2138 848 Sed
2165 802 2216 847 et
2245 790 2388 861 apud
2417 789 2694 860 Danielem
2719 790 2795 844 ita
2822 788 2890 844 de
2916 788 3249 860 martyribus
3279 787 3543 857 scriptum

1956 894 2041 940 est
2074 903 2086 939 :
2132 881 2255 937 Non
2281 883 2588 936 dominatus
2612 861 2697 935 [est
2731 882 2785 935 in
2816 881 3034 936 illorum
3077 897 3266 949 corpus
3306 880 3464 949 ignis,
3497 891 3544 931 et

1958 977 2182 1047 capillus
2207 978 2398 1045 capitis
2426 975 2643 1030 illorum
2673 991 2776 1029 non
2806 977 2940 1028 arsit
2971 974 3012 1026 ⁸.
3045 972 3176 1027 Item
3214 974 3267 1026 in
3303 971 3545 1041 Evange-

1958 1070 2034 1123 lio
2067 1067 2335 1122 Dominus
2364 1085 2376 1121 :
2408 1067 2694 1136 Propterea
2733 1066 2852 1120 dico
2884 1064 3028 1119 vobis
3055 1077 3074 1117 :
3107 1061 3289 1117 Nolite
3327 1061 3548 1116 solliciti

1956 1177 2070 1215 esse
2103 1159 2228 1230 quid
2270 1158 2684 1223 manducabitis,
2720 1166 2813 1212 aut
2841 1156 2967 1229 quid
3013 1155 3324 1211 induamini.
3359 1153 3549 1208 Nonne

1959 1251 2142 1306 anima
2177 1250 2342 1320 pluris
2374 1261 2452 1304 est
2481 1266 2638 1320 quam
2671 1265 2812 1314 esca,
2865 1258 2914 1303 et
2967 1264 3156 1317 corpus
3194 1263 3352 1316 quam
3396 1248 3549 1299 vesti-

1961 1353 2192 1397 mentum
2219 1342 2280 1396 7?
2315 1341 2426 1396 Nec
2478 1343 2662 1396 minus
2716 1341 3013 1412 Apostolus
3048 1341 3133 1394 his
3185 1339 3366 1394 verbis
3408 1357 3420 1392 :
3468 1337 3552 1392 Ne

1959 1434 2123 1506 igitur
2159 1446 2336 1505 regnet
2377 1447 2650 1505 peccatum
2693 1437 2746 1490 in
2800 1434 3018 1489 mortali
3054 1442 3223 1487 vestro
3265 1448 3482 1501 corpore
3505 1433 3549 1497 ",

1961 1544 2161 1598 corpus
2207 1544 2266 1582 se
2307 1528 2375 1583 de
2424 1545 2510 1591 eo,
2543 1544 2652 1599 quo
2693 1527 3015 1582 circumdati
3051 1541 3264 1589 sumus,
3299 1527 3551 1596 accipere

1960 1620 2335 1687 demonstrat;
2377 1636 2442 1675 ac
2470 1635 2692 1675 rursum
2729 1636 2742 1671 :
2780 1618 2934 1686 Quod
2964 1619 3011 1672 si
3039 1617 3270 1688 Spiritus
3298 1618 3433 1688 ejus,
3459 1619 3551 1688 qui

1962 1713 2240 1767 suscitavit
2291 1711 2500 1778 Iesum,
2553 1713 2760 1766 ltabitat
2800 1713 2854 1765 in
2901 1711 3086 1776 vobis;
3133 1712 3224 1781 qui
3276 1712 3553 1765 suscitavit

1962 1803 2230 1858 Christum
2269 1822 2303 1857 a
2355 1806 2600 1869 mortuis,
2629 1803 2914 1874 viviﬁcabit
2959 1815 3007 1857 et
3048 1802 3300 1856 mortalia
3329 1819 3555 1872 corpora

275 1894 368 1945 καὶ
399 1893 593 1946 πάλιν·
639 1895 781 1948 Ἐὰν
810 1896 954 1964 εἴπῃ
987 1898 1019 1949 o'
1048 1895 1224 1961 ποῦς,
1263 1894 1355 1948 ὅτι
1404 1897 1526 1948 Οὐκ
1565 1894 1681 1964 εἰμὶ
1711 1894 1860 1962 χεὶρ,

1969 1895 2201 1949 vestra’.
2235 1893 2373 1950 Tum
2395 1897 2678 1951 alioloro:
2710 1896 2770 1952 Si
2785 1895 2979 1949 dixerit
3000 1911 3128 1964 pes:
3161 1894 3426 1960 Quoniam
3449 1913 3554 1949 non

271 1988 385 2039 οὐκ
409 1984 526 2054 εἰμὶ
547 1986 616 2038 ἐκ
639 1985 744 2040 τοῦ
766 1985 1065 2055 σώματος,
1082 1989 1158 2041 οὐ
1181 1987 1340 2054 παρὰ
1360 1987 1537 2040 τοῦτο
1560 1989 1671 2040 οὐκ
1694 1987 1867 2040 ἐστιν

269 2079 342 2132 ἐκ
387 2078 495 2131 τοῦ
530 2078 841 2148 σώματος’
874 2079 970 2130 καὶ
1008 2078 1204 2132 πάλιν·
1241 2079 1352 2132 Καὶ
1386 2078 1474 2148 μὴ
1513 2079 1865 2148 ἀσθενήσας

287 2169 548 2239 Ἀϐραὰμ
596 2168 671 2238 τῇ
709 2171 945 2235 πίστει,
1004 2172 1077 2223 οὺ
1126 2171 1459 2237 κατενόησε
1525 2171 1590 2223 τὸ
1644 2168 1865 2222 ἑαυτοῦ

271 2260 448 2332 σῶμα
487 2263 928 2331 νεκρούμενονο
954 2262 1047 2314 καὶ
1090 2261 1284 2315 πάλιν
1319 2261 1466 2328 Τοὺς
1489 2261 1601 2332 γὰρ
1633 2261 1866 2329 πάντας

275 2351 436 2422 ἡμᾶς
480 2352 897 2423 φανερωθῆναι
929 2351 1026 2405 δεῖ
1065 2351 1408 2421 ἔμπροσθεν
1443 2352 1547 2406 τοῦ
1591 2353 1867 2421 ,βήματος

273 2445 383 2499 τοῦ
413 2446 696 2514 Χριστοῦ,
726 2448 827 2499 ἵνα
864 2446 1188 2515 κομίσηται
1217 2445 1476 2512 ἕκαστος
1531 2447 1604 2498 τὰ
1635 2445 1733 2500 διὰ
1760 2446 1866 2500 τοῦ

275 2538 574 2606 σώματος,
607 2538 759 2606 πρὸς
797 2537 835 2591 ἃ
860 2536 1088 2606 ἔπραξε
1108 2555 1121 2569 ο
1151 2538 1248 2591 καὶ
1274 2537 1440 2590 πάλιν
1460 2552 1474 2568 ο
1507 2538 1579 2590 Al
1599 2536 1716 2606 μὲν
1737 2538 1866 2592 ἐπι-

277 2630 494 2684 στολαὶ
521 2629 761 2698 βαρεῖαι
797 2631 896 2684 καὶ
929 2631 1194 2700 ἰσχυραὶ,
1230 2631 1270 2700 ἠ
1313 2631 1383 2684 δὲ
1419 2631 1730 2702 παρουσία
1760 2631 1869 2686 τοῦ

275 2719 554 2791 σώματος
577 2721 872 2790 ἀσθενήςο
910 2724 1007 2776 καὶ
1039 2723 1203 2778 πάλιν
1223 2741 1237 2755 ο
1275 2719 1420 2777 οῖδα
1453 2724 1770 2793 ἄνθρωπον
1796 2724 1870 2778 ἐν

276 2814 510 2882 Χριστῷ
537 2814 651 2883 πρὸ
673 2813 828 2869 ἐτῶν
863 2814 1350 2884 δεκατεσσάρων,
1381 2816 1503 2870 εἴτε
1538 2816 1609 2870 ἐν
1643 2815 1870 2886 σώματι

278 2909 390 2960 οὐκ
421 2903 572 2971 οῖδα,
601 2907 721 2961 εἴτε
760 2907 936 2975 ἐκτὸς
974 2908 1082 2963 τοῦ
1131 2907 1407 2978 σώματος
1435 2910 1546 2962 οὐκ
1579 2908 1738 2963 οἴδα·
1773 2908 1870 2964 καὶ

280 3001 447 3055 πάλιν
470 3018 484 3031 ·
509 3001 711 3067 Οὕτως
755 3002 1126 3071 ὀφείλουσιν
1148 3004 1204 3055 ol
1233 3001 1451 3070 ἄνδρες
1486 2999 1728 3072 ἀγαπᾷν
1763 3004 1871 3069 τὰς

279 3097 512 3151 ἑαυτῶν
556 3097 848 3168 γυναῖκας
871 3137 887 3162 ,
935 3097 1017 3163 ὠς
1054 3096 1127 3151 τὰ
1175 3095 1410 3151 ἑαυτῶν
1453 3097 1726 3165 σώματον
1777 3097 1870 3150 καὶ

282 3189 477 3246 πάλιν·
529 3189 724 3256 Αὐτὸς
765 3189 835 3243 δὲ
882 3192 916 3243 ὁ
979 3191 1124 3257 Θεὸς
1183 3187 1296 3258 τῆς
1336 3189 1582 3258 εἰρήνης
1626 3188 1869 3260 ἁγιάσαι
1896 3210 1939 3267 C

281 3280 436 3351 ὑμᾶς
469 3277 772 3346 ὀλοτελῶς
793 3295 807 3310 ⁸
831 3281 934 3334 καὶ
954 3282 1298 3349 ὀλόκληρον
1320 3282 1488 3351 ὑμῶν
1514 3281 1583 3335 τὸ
1610 3281 1870 3351 πνεῦμα,

282 3375 386 3427 καὶ
419 3375 458 3442 η
498 3373 692 3442 ψνυχὴ,
719 3372 817 3427 καὶ
849 3374 918 3427 τὸ
956 3373 1127 3442 σῶμα
1165 3373 1484 3442 ἀμέμπτως
1512 3373 1583 3426 ἐν
1606 3372 1682 3443 τῇ
1723 3390 1874 3443 παρ-

277 3469 465 3536 ουσίᾳ
512 3467 620 3522 τοῦ
663 3467 886 3536 Κυρίου
933 3464 1106 3536 ἡμῶν
1156 3465 1352 3534 Ἰησοῦ
1390 3464 1652 3537 Χριστοῦ
1700 3483 1876 3535 τηρη-

279 3561 437 3628 θείη.
467 3561 529 3614 Οἱ
566 3560 624 3614 δὲ
664 3559 926 3629 ἀσφαλῶς
954 3559 1019 3616 οὐ.
1056 3559 1353 3630 νοήσαντες
1390 3558 1596 3612 τούτων
1640 3558 1793 3611 οὐδὲν
1816 3561 1876 3613 ὲν

284 3653 434 3723 σάλῳ
463 3652 560 3706 καὶ
585 3654 800 3724 ταραχῇ
835 3651 1099 3721 φέρεσθαι
1151 3650 1243 3704 τὸν
1303 3650 1624 3706 Ἀπόστολον
1667 3650 1874 3704 ὑπέλα-

285 3743 497 3811 ϐονιὼς
525 3744 715 3797 στάσιν
743 3741 909 3797 αὐτοῦ
944 3742 1043 3806 τὰς
1074 3742 1384 3815 διανοήσεις
1423 3743 1532 3795 τῶν
1564 3742 1739 3813 λόγων
1780 3743 1874 3797 καὶ

1969 2005 2084 2041 sum
2121 2004 2332 2049 manus,
2355 1988 2512 2058 581
2541 2006 2645 2043 non
2671 2005 2787 2042 sum
2813 2005 2876 2043 ea:
2897 2004 3150 2057 corpore;
3171 2006 3274 2043 non
3305 1988 3420 2043 ideo
3451 2006 3555 2044 non

1962 2089 2041 2132 est
2069 2093 2134 2132 ea:
2152 2087 2370 2148 corpore
2399 2080 2460 2132 ιο.
2486 2079 2615 2132 Item
2661 2099 2673 2134 :
2720 2078 2786 2132 Et
2821 2096 2923 2133 non
2959 2080 3260 2150 inﬁrmatus
3284 2079 3554 2134 Abraham

1967 2169 2110 2238 ﬁde,
2163 2185 2266 2223 non
2297 2169 2669 2223 animadvertit
2719 2186 2910 2239 corpus
2973 2186 3128 2225 suum
3175 2181 3443 2225 mortuum
3488 2170 3552 2225 “.

1969 2260 2220 2316 Deinde:
2256 2259 2401 2314 Nam
2433 2277 2528 2317 nos
2574 2263 2755 2316 omnes
2801 2262 3138 2332 manifestari
3186 2272 3389 2330 oportet
3434 2272 3557 2316 ante

1971 2351 2206 2406 tribunal
2245 2353 2484 2418 Christi,
2539 2364 2597 2408 ut
2649 2355 2842 2422 referat
2895 2355 3249 2425 unusquisque
3298 2369 3414 2424 quae
3463 2370 3556 2422 per

1968 2460 2190 2514 corpus,
2243 2445 2530 2499 secundum
2584 2462 2702 2516 quae
2745 2447 2906 2518 gessit
2965 2447 3025 2500 ι’.
3061 2448 3194 2501 Item
3236 2463 3251 2502 :
3303 2445 3556 2518 Epistolas

1968 2539 2178 2609 quidem
2235 2555 2418 2609 graves
2478 2548 2528 2593 et
2580 2540 2776 2609 fortes,
2826 2540 3111 2609 pra'sentia
3154 2557 3274 2595 vero
3323 2545 3556 2611 corporis

1970 2629 2237 2684 imbecilla
2267 2632 2328 2687 ¹³.
2360 2631 2441 2686 Ad
2479 2631 2594 2687 hazc
2621 2653 2634 2688 :
2669 2631 2791 2688 Scio
2831 2633 3089 2688 hominem
3115 2634 3168 2688 in
3196 2633 3406 2689 Christo
3437 2647 3558 2691 ante

1971 2735 2137 2774 annos
2166 2722 2584 2790 quatuordecim,
2611 2725 2718 2778 sive
2762 2726 2813 2778 in
2853 2742 3068 2796 corpore
3101 2729 3296 2796 nescio,
3327 2731 3433 2785 sive
3464 2747 3557 2785 ea:-

1973 2820 2055 2864 tra
2082 2828 2273 2880 corpus
2319 2817 2491 2868 nescio
2520 2815 2585 2869 “.
2627 2817 2757 2871 Item
2794 2836 2808 2871 :
2851 2817 2941 2874 Sic
2983 2817 3166 2873 debent
3199 2822 3296 2876 viri
3338 2822 3557 2892 diligere

1970 2918 2162 2958 uxores
2188 2923 2337 2970 suas,
2372 2917 2622 2978 tanquam
2653 2925 2753 2963 sua
2778 2927 3000 2979 corpora
3022 2911 3084 2968 ¹³.
3103 2911 3369 2969 Praeterea
3399 2915 3557 2986 :lpse

1972 3005 2148 3051 autem
2175 2997 2317 3053 Deus
2345 3002 2492 3069 pacis
2531 3003 2831 3072 sancti/icet
2863 3020 2952 3058 vos
2980 3006 3184 3072 penitus
3209 3022 3228 3071 ;
3268 3018 3318 3062 et
3362 3009 3559 3081 integer

1972 3099 2138 3144 vester
2161 3092 2403 3160 spiritus,
2445 3101 2493 3148 et
2535 3093 2718 3148 anima
2766 3104 2816 3150 et
2861 3112 3051 3167 corpus
3097 3099 3208 3153 sine
3253 3102 3463 3170 querela
3503 3103 3558 3157 in

1973 3183 2198 3238 adventu
2257 3184 2470 3239 Domini
2517 3189 2688 3242 nostri
2724 3187 2856 3264 Jesu
2903 3189 3103 3246 Christi
3140 3206 3370 3250 servetur
3403 3197 3466 3253 ¹⁶.
3491 3198 3561 3253 At
3633 3254 3640 3263 ,

1973 3274 2070 3345 qui
2123 3275 2260 3330 nihil
2316 3276 2511 3330 horum
2579 3289 2836 3336 accurate
2895 3282 3244 3354 intelligunt,
3299 3285 3563 3344 ﬂuctuare

1974 3367 2294 3437 Apostolum
2333 3383 2397 3448 ac
2429 3372 2747 3440 perturbate
2773 3373 2900 3428 ferri
2924 3375 3264 3444 jndicarunt.
3297 3387 3560 3452 tanquam

1974 3460 2122 3515 illius
2159 3475 2354 3516 sensus
2394 3477 2457 3517 ac
2493 3463 2781 3520 verborum
2816 3469 3099 3524 sententiae
3131 3471 3427 3529 stabilitate
3463 3476 3560 3529 tir-

1976 3554 2276 3624 mitateque
2323 3556 2542 3625 penitus
2609 3567 2888 3625 carerent,
2945 3577 3119 3634 eaque
3186 3569 3567 3635 pronuntiaret

1978 3667 2101 3722 quae
2135 3651 2368 3708 subinde
2405 3663 2854 3723 retractarentur,
2887 3657 3034 3712 velut
3073 3660 3346 3717 interdum
3381 3679 3566 3720 resur-

1980 3761 2108 3816 gere
2135 3761 2380 3810 carnem,
2423 3747 2695 3804 interdum
2723 3767 2834 3806 non
2861 3767 3166 3824 resurgere.

291 3836 450 3909 ἵεραν
478 3839 578 3891 οὐκ
623 3836 875 3908 ἐχούσας,
907 3837 1045 3891 ἀλλὰ
1097 3837 1476 3903 ἀναπλεούσας
1527 3837 1642 3893 ἄνω
1676 3839 1771 3892 καὶ
1813 3840 1988 3906 κάτω,
2027 3842 2124 3896 καὶ
2183 3841 2480 3914 ὀμιλούσας
2532 3845 2903 3920 παλίμφημα,
2957 3851 3046 3904 ὁτὲ
3092 3851 3191 3920 μὲν
3245 3851 3344 3923 τὴν
3386 3854 3566 3928 σάρκα

287 3930 630 3992 ἀνίστασθαι,
661 3930 752 3982 ὁτὲ
795 3929 853 3982 δὲ
878 3929 998 3982 ,οὐκ
1039 3930 1380 3984 ἀνίστασθαι.

360 4022 486 4074 NE'.
519 4019 684 4073 Ὅθεν
713 4020 801 4072 ἵνα
854 4019 930 4091 μὴ
966 4020 1313 4092 παραλειφθῇ
1342 4020 1451 4074 τῶν
1492 4021 1876 4092 προταθέντων

294 4111 428 4182 μηδὲ
459 4110 538 4175 ἒν,
564 4111 716 4174 ὅπως
737 4109 938 4174 τελέως
968 4111 1321 4183 ὲκτὲμνωμεν
1346 4111 1534 4184 ὕδραν,
1564 4115 1644 4178 εἰς
1664 4113 1723 4168 τὸ
1747 4132 1880 4186 προ-

292 4205 546 4276 κείμενον
587 4202 751 4256 πάλιν
784 4203 1246 4275 ἐπανελεύσομαι.
1284 4187 1516 4275 Ἐφεξῆς
1547 4205 1677 4278 γὰρ,
1711 4207 1883 4262 καθά.

292 4312 358 4346 πε
367 4312 398 4364 ρ
421 4292 757 4364 ὑπεσχόμην,
781 4293 878 4345 καὶ
899 4293 967 4346 τὰ
987 4292 1125 4346 ἄλλα
1147 4293 1495 4366 προσαποροῦ
1505 4312 1557 4347 σι
1587 4296 1877 4364 κεφάλαια.

293 4383 458 4450 Αὖθις
489 4381 583 4439 οὖν
619 4386 715 4438 καὶ
744 4385 780 4438 ἃ
809 4385 915 4457 χρὴ
951 4385 1090 4456 πρὸς
1122 4385 1263 4440 αὐτά
1290 4385 1545 4455 λέγεσθαι
1568 4387 1878 4453 ἀποδείξας,

2046 4021 2155 4077 LV.
2192 4024 2556 4090 Quamobrem
2595 4041 2666 4080 ne
2697 4026 2779 4080 vel
2813 4027 3035 4082 minima
3069 4044 3195 4100 pars
3222 4047 3410 4088 eorum
3441 4052 3566 4106 quas

1975 4117 2253 4186 proposita
2302 4124 2450 4183 sunt,
2494 4118 2978 4186 prmtermittatur,
3033 4130 3197 4192 atque
3239 4133 3298 4178 ut
3334 4128 3564 4199 hydram

1975 4207 2148 4276 ipsam
2179 4213 2404 4262 omnino
2442 4209 2810 4274 succidanius,
2847 4211 2914 4266 ad
2947 4214 2998 4268 id
3028 4215 3175 4284 quod
3205 4227 3322 4273 erat
3357 4236 3563 4292 propo-

1977 4300 2142 4353 situm
2194 4308 2459 4355 revertar.
2505 4300 2774 4374 Deinceps
2823 4305 2992 4368 enim,
3017 4316 3078 4360 ut
3115 4311 3477 4375 ostendimus,
3508 4323 3564 4367 et

1977 4391 2032 4445 in
2062 4391 2183 4446 aliis
2213 4391 2540 4462 quibusdam
2582 4396 2856 4465 capitibus
2885 4398 3279 4456 dubitationem
3320 4418 3560 4464 movent.

291 4478 558 4532 ἀκόλουθα
589 4479 927 4549 παραστήσω
954 4477 1134 4532 αὐτῶν
1178 4476 1194 4508 ¹
1230 4479 1324 4531 καὶ
1354 4478 1621 4550 σύμφωνα
1662 4481 1742 4544 είς
1775 4479 1869 4551 τὴν

1979 4485 2170 4555 Itaque
2201 4484 2366 4541 simul
2389 4495 2556 4556 atque
2593 4487 3060 4560 demonstravero,
3091 4510 3339 4565 quamam
3369 4500 3565 4556 adver-

293 4571 420 4639 περὶ
458 4569 557 4640 τῆς
605 4568 956 4630 ἀναστάσεως
981 4569 1080 4640 τῆς
1129 4569 1330 4642 σαρκὸς
1364 4570 1550 4624 πίστιν
1588 4571 1684 4624 καὶ
1734 4571 1874 4625 αὐτά

292 4661 567 4731 εἰρηκότα.
601 4661 801 4731 Ἴωμεν
823 4660 888 4732 δὴ
920 4655 1012 4714 οὖν
1053 4663 1073 4690 ²
1112 4661 1148 4715 ἂ
1167 4662 1228 4714 τὸ
1262 4662 1477 4733 πρῶτον
1497 4666 1576 4729 εἰς
1603 4665 1693 4718 τὸν
1719 4666 1878 4718 Ἀπό-

294 4755 478 4806 στολον
511 4752 867 4825 προήχθημεν
920 4754 1118 4807 εἰπεῖν.
1162 4755 1236 4807 Τὸ
1277 4755 1409 4825 γὰρ,
1449 4757 1597 4826 Ἐγὼ
1631 4757 1698 4810 δὲ
1734 4755 1877 4818 ἔζων

293 4847 470 4915 χωρὶς
507 4849 696 4915 νόμου
732 4846 908 4910 ποτὲ,
963 4845 1154 4917 λεχθὲν
1195 4847 1344 4918 αὐτῷ
1391 4848 1522 4910 ἅνω,
1575 4848 1671 4920 τὴν
1715 4851 1773 4903 ὲν
1799 4849 1878 4919 τῷ

295 4936 626 5007 παραδείσῳ,
652 4936 908 5001 καθάπαξ
941 4938 961 4968 ³
993 4937 1051 5004 ἐξ
1077 4939 1251 5010 ἀρχῆς
1283 4939 1619 5011 ὑπεθέμεθα,
1652 4941 1756 5012 πρὸ
1777 4940 1879 5010 τῆς

293 5027 514 5096 ἐντολῆς
537 5069 550 5089 ,
605 5028 705 5080 οὐκ
731 5028 888 5092 ἐκτὸς
933 5029 1185 5100 σώματος
1208 5071 1223 5095 ,
1263 5031 1401 5086 ἀλλά
1434 5033 1573 5103 μετά
1624 5034 1875 5105 σώματος

296 5119 450 5189 ἡμῶν
486 5123 541 5172 ἐν
589 5123 705 5182 τοῖς
758 5123 1206 5191 πρωτοπλάστοις
1237 5124 1513 5196 διαγωγὴν
1559 5130 1872 5198 παρεγγυᾷ.

306 5209 522 5281 Ἐπειδὴ
561 5209 667 5280 πρὸ
716 5211 809 5264 τοῦ
842 5211 1063 5282 δοθῆναι
1101 5215 1201 5286 τὴν
1239 5215 1478 5285 ἐντολὴν,
1512 5215 1641 5286 χοῦν
1671 5219 1700 5270 ὁ
1743 5217 1876 5280 Θεὸς

293 5303 402 5354 ἀπὸ
432 5303 531 5374 τῆς
563 5303 666 5374 γῆς
694 5301 896 5369 λαϐὼν,
939 5304 1139 5358 ἔπλασε
1167 5306 1258 5359 τὸν
1289 5305 1576 5378 ἄνθρωπον
1597 5324 1611 5336 ·
1636 5308 1793 5371 ἐκτός
1817 5325 1876 5362 τε

294 5393 589 5464 ἐπιθυμίας
619 5395 901 5466 διήγομεν,
931 5398 990 5450 οὐ
1026 5397 1384 5466 γινώσκοντες
1415 5399 1549 5462 ὅλως
1578 5400 1874 5471 ἐπιθυμίας

294 5485 490 5555 ἀλόγου
543 5487 868 5558 προσϐολαῖς
909 5489 953 5554 ⁸,
1018 5489 1345 5562 βιαζομένης
1399 5492 1546 5561 ἡμᾶς
1599 5491 1874 5557 ἑλκτικαῖς

299 5579 499 5648 ἡδονῶν
531 5585 904 5650 περιαγωγαῖς
934 5581 1070 5653 πρὸς
1098 5584 1391 5653 ἀκρασίαν.
1411 5584 1484 5636 Τὸ
1514 5583 1621 5655 γὰρ
1649 5585 1724 5656 μὴ
1751 5583 1874 5654 ἔχον

379 5712 395 5743 ¹
435 5712 494 5767 F.
530 5715 708 5769 αὐτόν.

298 5785 318 5814 ⁷
359 5783 544 5837 Matth.
580 5801 654 5844 vn.
695 5785 786 5840 93.

301 5854 388 5909 10.
467 5857 508 5887 ³³
533 5857 572 5909 ll
610 5854 737 5910 Cor.
766 5872 822 5920 x,
860 5855 945 5911 10.
1064 5859 1106 5888 ³⁸
1134 5859 1174 5911 ΙΙ
1207 5858 1333 5915 Cor.
1367 5875 1464 5926 xu,

621 5976 882 6039 Ριτιιοι..
935 5978 1054 6039 Gn.
1088 5978 1251 6040 XLI.

810 5717 830 5747 ’
864 5713 1024 5786 Deest
1079 5717 1164 5786 ἐφ’
1198 5718 1282 5773 γει
1311 5720 1409 5782 εἰς.

1489 5718 1517 5790 ξ
1549 5717 1673 5774 Cor.
1719 5718 1990 5790 καθάπερ.

859 5785 883 5817 ⁸
913 5786 1070 5842 llam.
1117 5785 1193 5848 νι.
1240 5793 1328 5843 Ii.
1406 5790 1427 5820 θ
1470 5787 1643 5848 ,Rom.
1683 5805 1804 5847 νισι.
1858 5785 1946 5847 ll.

1669 5862 1710 5892 ‘5
1744 5859 1942 5932 Eulics.
1988 5875 2041 5927 v,
2067 5860 2158 5917 28.

1974 4593 2068 4632 sus
2105 4577 2194 4630 illa
2237 4578 2468 4647 proponi
2507 4578 2762 4644 debeant,
2805 4582 2982 4650 palam
3025 4584 3169 4640 istud
3222 4586 3419 4642 faciam
3456 4592 3566 4646 :de

1971 4669 2397 4725 resurrectionis
2454 4671 2637 4726 carnis
2719 4671 2824 4729 ﬁde
2881 4688 3248 4734 consentanea
3301 4681 3452 4737 illum
3498 4699 3563 4739 ac

1973 4760 2364 4838 consequentia
2392 4758 2618 4816 dixisse.
2658 4762 2902 4819 Primum
2950 4766 3118 4838 igitur
3147 4770 3214 4826 ad
3254 4771 3344 4826 illa
3375 4776 3562 4829 venia-

1974 4869 2119 4916 mus,
2147 4867 2268 4923 quie
2294 4853 2362 4907 de
2398 4853 2657 4924 Apostolo
2696 4855 3006 4926 injecimus.
3059 4859 3194 4915 Nam
3223 4863 3369 4934 quod
3397 4866 3462 4920 ab
3495 4883 3563 4921 co

1977 4953 2136 4998 antea
2169 4943 2376 4998 dictum
2423 4955 2527 5010 est,
2576 4945 2686 5017 Ego
2733 4964 2851 5002 vero
2896 4951 3128 5006 vivebam
3159 4954 3271 5009 sine
3305 4954 3412 5025 lege
3451 4958 3562 5011 ali-

1972 5034 2183 5103 quando
2218 5037 2280 5101 ",
2305 5037 2471 5091 vitam
2503 5039 2650 5092 illam
2689 5043 2950 5108 ostendit,
2975 5060 3138 5115 quam
3170 5047 3224 5101 in
3251 5049 3441 5118 primis
3469 5066 3564 5104 no-

1973 5128 2104 5181 stris
2139 5130 2454 5196 parentibus
2502 5138 2628 5184 ante
2677 5143 3006 5204 prmceptum
3052 5137 3136 5207 (ut
3184 5139 3340 5195 initio
3371 5141 3564 5197 docui~

1976 5223 2117 5282 unus)
2151 5223 2204 5275 in
2238 5226 2492 5292 paradiso
2525 5227 2803 5290 duximus,
2847 5244 2954 5282 non
2996 5239 3151 5285 extra
3199 5247 3418 5302 corpus,
3466 5237 3562 5291 sed

1978 5313 2030 5366 in
2062 5327 2290 5383 corpore
2323 5313 2494 5370 fuisse
2526 5325 2880 5372 transactam.
2913 5320 3054 5375 Ante
3088 5323 3232 5377 enim
3264 5337 3425 5393 quam
3453 5329 3565 5382 edi-

1980 5411 2127 5457 ctum
2161 5403 2403 5469 daretur,
2447 5407 2575 5460 limo
2609 5409 2678 5464 de
2721 5418 2865 5466 terra
2907 5421 3125 5483 sumpto
3163 5418 3435 5472 hominem
3476 5418 3560 5474 ei-

1983 5498 2172 5563 hnxit;
2229 5512 2293 5552 ac
2336 5505 2450 5552 tum
2504 5500 2573 5554 ab
2605 5502 2751 5556 omni
2797 5505 3096 5574 cupiditate
3146 5508 3299 5564 liberi
3342 5509 3562 5567 viveba-

1982 5603 2104 5642 mus
2131 5631 2147 5654 ,
2179 5604 2302 5643 cum
2336 5590 2548 5645 ratione
2584 5591 2860 5648 destitutae
2906 5597 3247 5667 cupiditatis,
3287 5615 3409 5671 quae
3457 5619 3563 5660 nos

2683 5725 2866 5801 [δην.
2903 5746 2940 5793 ι,
2971 5729 3024 5782 4-
3129 5732 3150 5763 ⁶
3181 5731 3314 5788 Dan.
3354 5751 3436 5801 Ill,
3468 5734 3560 5789 91.

2031 5791 2422 5873 κέρσε-..αρε
2472 5795 2556 5849 15.
2636 5791 3078 5873 “Romam”.
3161 5804 3202 5833 “'
3237 5803 3278 5858 ll
3322 5791 3454 5860 (ἰοί.
3503 5821 3557 5873 ν,

2256 5864 2300 5895 ¹³
2325 5861 2560 5922 lThess.
2591 5883 2641 5935 ι’,
2693 5867 2798 5924 25.
2865 5871 2906 5901 ¹⁷
2939 5871 3099 5928 Rom.
3132 5887 3228 5930 νει.
3258 5875 3311 5928 9.

3161 5985 3241 6047 3Ὶ

2096 5719 2123 5793 ξ
2157 5719 2214 5774 F.
2261 5722 2584 5793 προσϐολάς.
