4082 6394
518 318 657 375 "63

1910 318 1970 375 ε.
1999 318 2340 376 EPIPHANII

3654 331 3835 387 1184

512 437 728 493 blandis
755 438 1087 508 voluptatum
1122 437 1392 494 illecebris
1430 438 1495 492 ad
1526 436 1807 493 libidinem
1840 438 2082 509 impellit1

2194 438 2497 511 διορισμὸν,
2535 441 2657 495 καθ’
2688 440 2748 495 δι
2787 442 2873 495 δεῖ
2911 438 3314 512 πολιτεύεσθαι,
3357 447 3494 520 μηδι
3531 450 3831 515 ἐξουσίαν

511 545 580 585 ne
608 532 854 585 notitiam
880 531 1096 601 quidem
1128 531 1467 585 haberemus.
1502 529 1636 584 Nam
1669 530 1815 600 quod
1845 539 1995 586 certa
2029 546 2095 585 ac

511 623 733 678 deﬁnita
780 624 895 694 lege
942 631 1110 684 caret,
1145 622 1210 676 ad
1259 637 1421 692 quam
1471 622 1886 676 accommodare
1922 622 2093 676 vitam

511 722 784 784 oporteat,
822 728 997 783 neque
1049 713 1216 767 libera
1260 712 1469 766 arbitrii
1520 712 1777 766 facultate
1806 710 2091 783 praeditum

508 812 614 866 est,
644 813 702 858 ut
730 805 796 857 ad
825 803 970 874 quod
1003 804 1131 857 velit
1164 818 1223 858 se
1251 802 1465 857 vivendi
1508 817 1681 872 genus
1716 802 1985 871 applicet;
2024 816 2090 855 ex

508 910 620 964 quo
642 896 860 966 proprie
886 896 1147 949 honorem
1186 894 1268 949 vel
1295 894 1748 963 vituperationem
1793 903 2087 955 mereatur,

507 996 661 1042 extra
688 1003 904 1042 omnem
942 1004 1065 1041 esse
1095 988 1569 1057 reprehensionem
1605 985 1833 1039 concedi
1867 1000 2091 1040 necesse

507 1088 589 1134 est
622 1099 633 1133 :
666 1079 1107 1150 quandoquidem
1160 1094 1222 1133 ea
1272 1079 1662 1148 concupiscere
1718 1093 1827 1131 non
1885 1084 2086 1146 potest,

506 1172 707 1240 quibus
731 1164 894 1242 582
931 1172 1033 1242 ipsi
1074 1187 1181 1224 non
1235 1170 1399 1224 fuerit
1448 1169 1816 1224 interdictum.
1858 1169 2012 1234 Quod
2040 1170 2087 1224 si

507 1264 897 1332 concupiverit,
923 1275 1104 1317 tamen
1132 1277 1239 1315 non
1268 1262 1320 1315 id
1337 1260 1387 1316 ei
1416 1262 1630 1316 crimini
1662 1268 1923 1315 vertetur.
1948 1260 2088 1314 Con-

506 1356 789 1423 eupiscere
838 1355 1036 1424 quippe
1086 1368 1194 1407 non
1230 1353 1294 1407 ad
1334 1368 1396 1407 ea
1427 1352 1680 1419 refertur,
1714 1368 1836 1423 qua:
1864 1353 2083 1417 adsunt,

506 1463 734 1519 quaeque
772 1447 1025 1517 potestati
1056 1457 1255 1501 nostra:
1283 1444 1589 1513 subjacent,
1622 1444 1716 1500 sed
1748 1446 1813 1499 ad
1847 1461 1911 1499 ea
1939 1444 2083 1499 dun-

505 1548 655 1592 taxat
694 1554 814 1609 quae
848 1540 919 1592 ita
956 1538 1175 1601 adsunt,
1222 1547 1281 1591 ut
1328 1538 1383 1593 in
1438 1535 1695 1591 facultate
1742 1545 1929 1592 nostra
1977 1536 2082 1588 mi—

505 1633 653 1685 nime
683 1631 792 1685 sint
820 1630 1015 1700 posita.
1048 1626 1204 1695 Quod
1242 1629 1387 1683 enim
1432 1628 1592 1682 alicui
1631 1642 1806 1697 neque
1835 1636 1918 1683 est
1946 1627 2083 1681 veti-

2194 531 2595 586 αὐτοδέσποτον
2630 534 2924 605 λογισμοῦ,
2962 539 3103 607 ποίῳ
3133 538 3368 609 χρῆσθαι
3410 543 3659 611 αἱρεῖται
3704 560 3827 597 πο-

2194 619 2498 691 λιτεύματι,
2524 623 2610 676 ῖνα
2642 624 2789 687 ίδίως
2815 626 2848 695 ἢ
2874 627 3104 699 τιμηθῇ,
3127 630 3160 699 ἦ
3188 630 3382 701 ψεχθῇ,
3408 632 3829 687 ἀνυπεύθυνον

2193 711 2395 773 παντὸς
2416 736 2427 747 -
2452 712 2693 766 δεικτέον
2721 715 2744 747 δ
2781 717 3049 787 ὑπάρχειν
3088 718 3248 771 τοῦτο
3291 721 3643 792 ἐγκλήματος
3664 742 3680 752 ·
3725 725 3824 777 ὅτι

2194 801 2271 872 μὴ
2307 803 2531 856 δύναται
2563 804 2769 858 τούτων
2812 808 3188 879 ἐπιθυμῆσαι,
3232 804 3306 863 ὧν
3342 813 3417 884 μὴ
3448 814 3823 870 κεκώλυται.

2191 893 2309 947 Κάν
2350 896 2685 967 ἐπιθυμήσει
2726 898 2805 959 δὲ.
2837 900 2937 953 οὐκ
2980 901 3375 973 αἰτιαθήσεται.
3406 906 3481 958 Τὸ
3508 906 3625 976 γὰρ
3668 910 3817 959 ἐπι-

2190 984 2435 1055 θυμῆσαι
2466 989 2586 1058 οὐχὶ
2633 989 2729 1041 ἐπὶ
2764 989 2873 1043 τῶν
2905 992 3189 1064 παρόντων
3266 995 3359 1047 καὶ
3400 997 3823 1067 ὑποκειμένων

2190 1078 2249 1130 ἐν
2275 1077 2494 1151 ἐξουσίᾳ
2532 1081 2744 1146 πίπτει,
2786 1084 2901 1135 ἀλλ’
2934 1086 3027 1137 ἐπὶ
3072 1086 3184 1138 τῶν
3225 1088 3508 1158 παρόντων
3553 1092 3683 1159 μὲν,
3724 1092 3818 1161 μὴ

2188 1172 2361 1226 ὄντων
2384 1172 2441 1226 δέ
2477 1174 2538 1226 ἐν
2566 1174 2805 1243 ἐξουσίᾳ.
2842 1175 2967 1239 Πῶς
3001 1175 3110 1247 γὰρ
3140 1170 3203 1230 οὗ
3232 1180 3306 1248 μὴ
3335 1178 3644 1233 κεκώλυταί
3682 1199 3814 1244 τις,

2192 1262 2326 1333 μηδὲ
2379 1265 2567 1335 ἐνδεής
2608 1268 2756 1331 ἐστι,
2809 1268 3001 1320 τούτου
3047 1269 3307 1340 ἐπιθυμεῖ
3347 1272 3443 1325 καὶ
3485 1275 3625 1343 ἐρᾷς
3688 1275 3813 1327 Διά

2186 1354 2365 1419 τοῦτο,
2407 1356 2527 1424 Τὴν
2557 1357 2877 1427 ἐπιθυμίαν
2930 1363 3042 1414 οὐκ
3075 1361 3279 1429 ᾔδειν,
3306 1365 3356 1416 εὶ
3398 1364 3484 1432 μὴ
3515 1369 3550 1417 ό
3592 1367 3813 1435 νόμος

2185 1448 2422 1519 ἔλεγεν·
2456 1452 2577 1504 Οὐκ
2614 1451 3024 1521 ἐπιθυμήσεις.
3064 1454 3328 1518 Ἀκούσας
3360 1456 3489 1526 7&9,
3529 1457 3682 1509 Ἀπό
3724 1458 3808 1509 δὲ

2186 1540 2293 1594 τοῦ
2327 1541 2519 1605 ξύλου
2550 1543 2655 1595 τοῦ
2698 1543 3021 1613 γινώσκειν
3049 1546 3243 1599 καλὸν
3273 1547 3371 1599 καὶ
3403 1547 3679 1616 πονηρὸν
3716 1552 3806 1602 οὐ

2184 1631 2447 1702 φάγεσθε
2490 1634 2592 1685 ἀπ’
2618 1634 2825 1689 αὑτοῦ.
2858 1630 2943 1707 τῌ
2986 1635 3038 1688 δ’
3068 1635 3145 1689 ἂν
3180 1636 3365 1705 ἡμέρᾳ
3401 1637 3636 1706 φάγητε
3676 1639 3804 1691 ἀπ’

502 1737 643 1790 tum,
676 1743 851 1797 neque
892 1727 985 1781 illo
1023 1727 1069 1781 is
1111 1725 1335 1796 indiget,
1365 1722 1638 1792 quomodo
1666 1727 1919 1791 appetere
1949 1718 2079 1771 illud

2187 1725 2396 1786 αὐτοῦ,
2426 1722 2662 1791 θανάτῳ
2706 1727 3110 1781 ἀποθανεῖσθε
3132 1746 3145 1759 ο
3179 1728 3302 1780 τότε
3329 1728 3390 1780 τὺ
3429 1728 3801 1800 ἐπιθυμῆσαι

505 1832 568 1871 ac
600 1794 823 1887 diligere
853 1819 1067 1889 potest?
1098 1794 1368 1882 Quocirca
1401 1813 1663 1882 scriptum
1709 1819 1794 1866 est
1828 1828 1840 1864 :
1881 1808 2082 1864 Concu-

2190 1816 2501 1887 συνέλαὸον,
2526 1818 2620 1869 καὶ
2646 1818 2980 1889 ἐνεκίσσησα
3006 1821 3049 1872 ⁵.
3078 1820 3154 1872 Οὐ
3183 1820 3293 1889 7&9
3316 1813 3390 1872 ὧν
3415 1820 3548 1889 ἔχει,
3706 1818 3803 1875 ὧν

503 1910 811 1974 piscentiam
862 1927 965 1962 non
1022 1925 1296 1971 noveram,
1346 1907 1449 1961 nisi
1505 1904 1589 1959 lex
1644 1905 1862 1958 dixisset
1908 1900 2084 1957 :Non

503 2003 835 2068 concupisces
872 2002 911 2056 ‘.
948 2000 1082 2055 Cum
1130 2001 1273 2055 enim
1314 1998 1624 2053 mandatum
1660 1996 1792 2051 illud
1843 1997 2085 2067 accepis-

504 2100 668 2148 sent:
712 2088 795 2145 EJ:
845 2091 1032 2147 arbore
1059 2101 1233 2145 autem
1269 2091 1500 2143 scientiae
1544 2089 1663 2142 boni
1712 2099 1759 2141 et
1800 2088 1932 2142 mali
1979 2104 2081 2141 nou

503 2182 803 2237 comedetis.
842 2186 1163 2253 Quacuuque
1191 2191 1367 2236 autem
1396 2182 1481 2235 die
1501 2178 1829 2235 comederitis
1859 2196 1924 2233 ex
1959 2180 2078 2243 illa,

502 2285 670 2329 morte
692 2276 987 2329 moriemini
1018 2277 1038 2307 ’
1072 2295 1084 2329 :
1115 2283 1229 2329 tum
1267 2273 1483 2329 demum
1517 2272 1866 2343 cupiditatem
1897 2273 2083 2327 animo

501 2367 773 2439 concepit.
828 2364 948 2422 Non
992 2368 1136 2423 enim
1180 2383 1301 2438 qua:
1344 2364 1577 2435 cupidus
1611 2366 1846 2435 quisque
1892 2365 1945 2419 in
1985 2380 2081 2435 po—

502 2468 699 2515 testate
741 2460 903 2515 habet
949 2467 1002 2513 et
1045 2458 1275 2522 obtinet,
1314 2457 1488 2526 iisque
1518 2458 1596 2512 uti
1625 2465 1823 2528 potest,
1854 2473 1917 2513 ea
1948 2474 2080 2514 con-

2186 1911 2508 1976 ἐξουσιάζει,
2537 1914 2631 1965 καὶ
2665 1912 2936 1981 κέχρηται
2965 1911 3152 1974 αὐτοῖς
3180 1912 3210 1965 ὁ
3238 1911 3540 1982 ἐπιθυμῶν,
3577 1913 3797 1966 ἐπιθυ-

2189 2005 2310 2072 μεῖ,
2349 2002 2483 2055 ἀλλά
2521 1996 2596 2056 ὧν
2649 1999 2976 2063 κεκώλυται,
3011 1998 3105 2053 καὶ
3159 2000 3468 2071 ἀφῄρηται,
3517 2004 3616 2055 καὶ
3671 2004 3797 2057 οὐκ

2186 2092 2318 2162 ἔχει.
2350 2093 2441 2145 Διὸ
2462 2093 2525 2164 δὴ
2546 2091 2745 2154 καλῶς,
2783 2087 2902 2159 Τὴν
2951 2091 3276 2160 ἐπιθυμίαν
3307 2094 3419 2145 οὐκ
3446 2091 3642 2161 ᾔδειν,
3665 2095 3795 2148 ἐλέ-

2184 2184 2311 2255 χθη,
2344 2186 2397 2237 ει
2418 2184 2503 2253 μὴ
2536 2187 2568 2237 ὀ
2607 2184 2789 2252 νόμος
2820 2184 3064 2252 ἔλεγεν·
3109 2185 3234 2235 Οὐκ
3258 2183 3670 2252 ἐπιθυμήσεις.
3710 2189 3795 2239 Ὅ

2188 2275 2251 2345 δή
2278 2278 2457 2329 ἐστιν·
2502 2277 2585 2327 οὺ
2636 2271 2902 2344 φάγεσθε
2946 2271 3049 2328 ἀπ’
3082 2275 3291 2329 αὐτοῦ.
3335 2270 3615 2328 Ἐντεῦθεν
3662 2277 3791 2348 7&9

2189 2368 2456 2439 ἐκτήσατο
2491 2367 2656 2423 τόπον
2703 2366 2797 2419 καὶ
2827 2365 3082 2437 ἀφορμὴν
3112 2362 3379 2419 εἰσελθεῖν
3403 2367 3535 2440 πρὸς
3558 2368 3625 2421 τὸ
3657 2369 3787 2424 δια-

2189 2458 2377 2525 παῖξαί
2410 2475 2478 2528 με
2506 2458 2601 2511 καὶ
2634 2454 3090 2528 παρατρέψασθαι
3115 2459 3149 2527 η
3175 2458 3439 2530 ἁμαρτία.

500 2551 729 2620 cupis-cit
761 2568 777 2613 ;
816 2548 910 2605 sed
956 2565 987 2604 a
1035 2547 1235 2619 quibus
1278 2548 1614 2619 prohibetur,
1649 2549 1957 2621 quibusque
1987 2554 2253 2624 privatur,
2292 2557 2439 2604 utea
2474 2564 2583 2603 non
2618 2548 2912 2619 possideat.
2949 2547 3214 2602 Praeclare
3241 2563 3370 2619 ergo
3400 2550 3607 2603 dictum
3637 2559 3725 2603 est
3762 2570 3785 2606 ι

500 2642 987 2711 Concupiscenticm
1030 2660 1132 2695 nou
1184 2656 1398 2705 noram,
1432 2642 1534 2695 nisi
1567 2642 1649 2697 lex
1678 2643 1899 2698 dixisset
1944 2661 1962 2698 :
2003 2644 2128 2702 Non
2157 2646 2513 2714 concupisces.
2549 2641 2663 2697 Hoc
2701 2650 2787 2697 est
2822 2661 2835 2696 :
2875 2639 2998 2695 Non
3045 2641 3326 2696 comedetis
3365 2658 3430 2696 ea:
3476 2643 3589 2695 illo.
3629 2641 3784 2695 Hinc

500 2741 643 2793 enim
685 2738 862 2791 locum
894 2739 1365 2807 occasionemque,
1391 2744 1452 2791 ut
1494 2736 1560 2791 ad
1598 2753 1685 2793 me
1739 2740 2070 2795 illudendum
2103 2750 2263 2812 atque
2311 2738 2661 2794 avertendum
2698 2736 2999 2801 accederet,
3037 2747 3318 2806 peccatum
3352 2736 3593 2804 accepit.

569 2833 705 2889 LVI.
766 2832 977 2889 Etenim
1024 2833 1281 2889 mandato
1328 2834 1493 2886 semel
1532 2832 1701 2897 edito,
1734 2837 2082 2893 occasionem

2258 2835 2401 2901 Νςῖθ.
2442 2831 2700 2902 Δοθείσης
2736 2830 2847 2902 γὰρ
2875 2831 2977 2901 τῆς
3024 2831 3267 2902 ἐντολῆς,
3299 2830 3424 2901 ἔσχε
3464 2829 3637 2899 λαὸὴν
3668 2823 3789 2882 ’διά

502 2929 629 2982 inde
675 2926 1018 2997 perficienda:
1076 2928 1129 2980 in
1190 2942 1274 2981 me
1325 2926 1781 2995 concupiscentia:
1832 2927 2082 2982 diabolus

2185 2932 2285 3001 τῆς
2316 2929 2536 2999 ἐντολῆς
2569 2928 2597 2978 ὁ
2629 2925 2875 2989 διάϐολος
2915 2925 3361 2996 κατεργάσασθαι
3397 2926 3455 2977 ἐν
3502 2924 3630 2993 ἐμοὶ
3672 2924 3789 2994 τὴν

500 3028 583 3075 est
614 3030 830 3085 nactus,
853 3035 978 3073 cum
1020 3035 1104 3073 me
1134 3018 1395 3088 singulari
1431 3018 1663 3088 quadam
1704 3019 1997 3075 calliditate
2028 3021 2082 3073 in

2186 3022 2485 3091 ἐπιθυμίαν
2510 3060 2524 3083 ,
2558 3020 2927 3090 παρορμήσας
2974 3034 3077 3088 με,
3127 3018 3217 3070 καὶ
3256 3014 3785 3088 προσκαλεσάμενος

500 3128 686 3167 eorum
712 3128 832 3181 quae
849 3112 1013 3167 vetita
1035 3120 1184 3172 sunt,
1209 3109 1711 3180 concupiscentiam
1732 3111 1949 3165 hortatu
1982 3126 2082 3165 suo

543 3215 608 3218 ,ρ
701 3202 732 3218 ..
832 3209 846 3218 .
914 3198 1040 3218 ,τη
1096 3200 1139 3218 ,ι
1168 3215 1289 3218 --κη
1342 3200 1450 3218 .-μ
1483 3207 1758 3218 “nunc-

2186 3108 2447 3180 ἐντέχνως
2491 3111 2571 3173 εἰς
2616 3104 2796 3179 ὄρεξιν
2836 3106 3166 3160 καταπεσεῖν
3202 3106 3313 3159 τῶν
3345 3104 3777 3174 κεκωλυμένων.

2186 3200 2228 3218 ν
2318 3202 2328 3216 1
2450 3198 2460 3218 1
2577 3201 2591 3218 Ι
2656 3217 2662 3218 ,
2743 3198 2757 3218 ι
2809 3198 3040 3218 ἒέηηΑ-Ιμ
3071 3198 3239 3218 _.___-L
3289 3194 3410 3218 Ιὶῗ-..
3444 3197 3489 3218 Α..
3527 3194 3777 3218 Ώ-Δ-ι-..Α

499 3202 871 3272 compulisset.
913 3198 1046 3254 Nam
1090 3200 1295 3269 absque
1342 3200 1455 3268 lege
1483 3207 1764 3267 peccatum
1805 3207 2078 3253 mortuum

2185 3200 2369 3273 Χωρ“ις
2401 3198 2510 3272 7&9
2535 3201 2706 3269 νόμου
2733 3198 2768 3270 ἡ
2799 3198 3046 3270 ἁμαρτία
3070 3198 3261 3268 νεκρά.
3287 3194 3412 3250 Οἷον
3439 3197 3499 3249 οὑ
3522 3194 3779 3264 δοθείσης

499 3304 602 3348 est.
630 3293 760 3358 Qua:
784 3294 866 3347 lex
892 3292 995 3347 nisi
1020 3291 1143 3344 data
1169 3290 1326 3355 foret,
1358 3306 1420 3343 ac
1441 3291 1485 3344 si
1512 3289 1751 3343 nondum
1770 3290 2080 3352 exsisteret,

2186 3294 2296 3364 7&9
2329 3293 2449 3345 οὐδὲ
2489 3292 2659 3364 οὕσης
2685 3291 2897 3345 οὐδέπω
2925 3290 3024 3360 τῆς
3053 3290 3297 3362 ἐντολῆς,
3328 3289 3605 3358 ἄπρακτος
3634 3282 3705 3356 ἦν
3734 3286 3781 3357 ἠ

498 3384 713 3438 irritum
754 3392 897 3437 esset
932 3383 1277 3450 otiosumque
1307 3388 1611 3450 peccatum.
1647 3379 1759 3450 Ego
1792 3396 1919 3435 vero
1953 3389 2082 3434 ante

2183 3388 2447 3457 ἁμαρτία.
2491 3385 2633 3454 Ἐγὼ
2662 3385 2720 3438 δέ
2750 3385 2888 3449 ἔζων
2922 3383 3231 3453 ἀμέμπτως
3255 3381 3361 3452 πρὸ
3389 3384 3489 3451 τῆς
3520 3380 3772 3448 ἐντολῆς,

498 3477 672 3544 legem
699 3473 814 3527 sine
843 3472 1263 3541 reprehensione
1296 3471 1539 3525 vivebam
1560 3512 1573 3534 ,
1611 3486 1734 3525 cum
1760 3471 1908 3525 nulla
1947 3473 2081 3527 mihi

2183 3477 2283 3529 οὐκ
2316 3476 2455 3545 ἔχων
2488 3474 2772 3545 διορισμὸν
2810 3474 2906 3527 καὶ
2926 3472 3212 3543 διαταγην,
3248 3470 3370 3523 καθ’
3400 3471 3464 3541 ἢν
3492 3469 3598 3522 ἔδει
3624 3471 3779 3524 πολι-

496 3570 644 3618 esset
669 3562 880 3616 sanctio
898 3576 962 3613 ac
991 3561 1179 3630 regula
1208 3560 1544 3630 prwscripta,
1576 3559 1641 3613 ad
1660 3575 1822 3630 quam
1854 3576 2079 3631 compa-

2183 3566 2497 3630 τεύσασθαι,
2525 3563 2593 3639 ἦς
2628 3569 2724 3621 καὶ
2772 3565 3063 3636 ὁλισθήσας
3094 3564 3509 3636 ἁμαρτήσομαι.
3556 3560 3777 3616 Ἐλθού-

504 3654 613 3707 rari
637 3654 804 3707 vitam
838 3659 1133 3733 oporteret,
1165 3666 1194 3704 τι
1230 3666 1335 3721 qua
1371 3652 1417 3706 si
1452 3652 1775 3715 excidercm,
1799 3662 2078 3723 peccatum

2183 3675 2280 3728 σης
2310 3658 2367 3711 δέ
2402 3659 2505 3727 τῆς
2546 3657 2795 3727 ἐντολῆς,
2836 3660 2869 3728 ἡ
2913 3656 3159 3728 ἁμαρτία
3202 3656 3499 3724 ἀνέζησεν
3564 3654 3679 3721 ἐγὼ
3709 3654 3774 3706 δὲ

501 3747 918 3800 committerem.
948 3743 1117 3799 Simul
1147 3754 1307 3814 atque
1323 3758 1452 3798 vero
1477 3743 1791 3798 mandatum
1824 3744 2079 3808 accessit,

2183 3748 2466 3803 ἀπέθανον.
2515 3749 2625 3803 Καὶ
2670 3747 2872 3821 εὑρέθη
2901 3766 2991 3820 μοι
3037 3750 3074 3819 η
3115 3747 3304 3818 ἐντολὴ
3337 3749 3415 3809 εἰς
3450 3746 3592 3816 ζωὴν
3622 3744 3777 3815 αὕτη

501 3845 783 3906 peccatum
810 3834 1003 3889 revixit
1028 3851 1039 3887 :
1074 3849 1175 3904 ego
1194 3840 1441 3888 mortuus
1462 3849 1602 3889 sum.
1624 3832 1699 3888 Ita
1722 3834 1805 3889 lex
1828 3834 1940 3897 illa,
1958 3849 2079 3904 qua:

500 3927 567 3980 ad
596 3926 758 3981 vitam
794 3924 920 3979 data
953 3924 1147 3988 fuerat,
1194 3926 1409 3979 iuventa
1449 3924 1580 3977 mihi
1610 3935 1696 3979 est
1726 3925 1783 3978 in
1821 3933 2075 3979 mortem.

499 4019 765 4085 Quoniam
809 4017 897 4071 ubi
936 4015 1081 4072 Deus
1111 4016 1279 4086 legem
1323 4016 1601 4085 imposuit,
1644 4030 1708 4069 ac
1743 4017 1874 4086 quid
1911 4031 2077 4087 agen-

498 4113 625 4164 dum
653 4115 819 4170 esset,
847 4106 1076 4169 defiuiit,
1107 4104 1608 4174 concupiscentiam
1653 4106 1708 4158 in
1751 4120 1840 4158 me
1887 4104 2080 4159 diabo-

499 4203 585 4257 lus
625 4202 869 4273 perfecit.
904 4200 1115 4269 Quippe
1163 4198 1469 4253 cohortatio
1502 4197 1593 4250 illa
1636 4211 1701 4251 ac
1748 4208 2076 4267 pmceptum

498 4295 631 4348 mihi
664 4308 693 4347 a
726 4293 835 4349 Deo
866 4292 1223 4347 constitutum
1258 4289 1326 4344 ad
1360 4290 1523 4343 vitam
1579 4288 2074 4343 immortalitatem-

464 4365 602 4455 ἰμιο
630 4386 955 4456 pertinebat,
990 4391 1048 4438 ut
1094 4383 1138 4437 si
1176 4396 1419 4452 parerem
1450 4380 1548 4444 illi,
1582 4390 1637 4435 et
1685 4396 1753 4434 ex
1784 4379 1906 4448 ejus
1937 4394 2074 4449 pra:-

2178 3838 2257 3897 εις
2286 3835 2554 3893 θάνατον’
2585 3839 2669 3892 ὅτι
2699 3836 2838 3908 μετά
2872 3834 2935 3889 τὸ
2956 3836 3316 3908 νομοθετῆσαι
3347 3832 3443 3887 τὸν
3467 3833 3623 3897 Θεὸν,
3669 3836 3774 3886 καὶ

2176 3924 2587 3980 διαστείλασθαι
2612 3927 2642 3980 δ
2680 3926 2955 3997 ποιητέον,
2995 3926 3092 3979 καὶ
3122 3923 3201 3995 μὴ
3245 3922 3518 3993 ποιητέον,
3552 3936 3772 3992 κατειρ-

2176 4017 2388 4086 γάσατο
2416 4021 2475 4072 ἐν
2521 4020 2645 4089 ἐμοὶ
2692 4018 2792 4090 τὴν
2831 4016 3127 4088 ἐπιθυμίαν
3172 4018 3201 4069 ὀ
3244 4013 3507 4076 διάϐολος.
3546 4013 3611 4066 Ἦ
3654 4012 3777 4085 γὰρ

2176 4110 2613 4179 παραίνεσιςτοῦ
2646 4110 2781 4165 Θεοῦ
2807 4110 2900 4163 καὶ
2948 4106 3355 4179 παρατγελίαή
3407 4105 3622 4159 δοθεῖσά
3673 4123 3771 4176 μοι

2177 4199 2324 4273 αὕτη
2356 4204 2437 4265 εις
2468 4204 2614 4272 ζωὴν
2642 4204 2734 4256 καὶ
2760 4202 3089 4273 ἀφθαρσίαν,
3123 4201 3212 4253 ἴνα
3250 4198 3571 4269 πειθόμενος
3598 4198 3770 4270 αὖτῇο

2175 4292 2271 4344 καὶ
2303 4296 2425 4348 κατ’
2448 4294 2617 4364 αὐτὴν
2648 4295 2816 4365 βιοὺς,
2846 4295 3107 4365 ἀπήμονα
3149 4292 3247 4347 καὶ
3285 4289 3775 4363 μακαριστότατον

2172 4384 2241 4437 δι’
2276 4388 2497 4454 αἰῶνος,
2533 4390 2627 4442 καὶ
2660 4389 2746 4441 ἀεὶ
2797 4388 3057 4441 θάλλοντα
3105 4385 3244 4455 πρὸς
3297 4383 3597 4439 ἀθανασίαν
3647 4382 3769 4451 βίον

497 4478 703 4547 scripto
725 4476 998 4545 degerem,
1039 4475 1158 4527 sine
1193 4472 1301 4524 ulla
1343 4468 1643 4525 offensione
1695 4468 2068 4523 felicissimam

2183 4474 2310 4545 ἔχω,
2337 4480 2432 4532 καὶ
2482 4480 2675 4551 χαράν.
2724 4479 3075 4550 Ἀθετήσαντι
3098 4476 3155 4529 δέ
3195 4478 3289 4530 καὶ
3335 4474 3528 4544 αὐτὴν.
3558 4475 3638 4536 είς
3674 4473 3770 4526 θά-

495 4576 549 4622 et
586 4564 653 4619 ad
682 4564 1035 4619 aeternitatem
1066 4561 1347 4615 florentem
1392 4560 1556 4612 vitam
1602 4572 1667 4611 ac
1707 4558 1966 4629 gaudium
2015 4558 2071 4611 in

2183 4586 2340 4624 ναῖον
2369 4572 2546 4641 ἁπέόη
2593 4572 2689 4624 καὶ
2727 4569 3049 4642 καταδίκην.
3085 4568 3303 4639 Ἐπειδὴ
3343 4571 3370 4621 ὁ
3398 4566 3665 4629 διάϐολος,
3705 4567 3773 4619 ὃν

496 4659 885 4728 sempiternum
944 4666 1327 4722 consequerer.
1388 4650 1493 4705 Sed
1547 4649 1681 4704 illud
1745 4658 2073 4721 preceptum

497 4749 716 4803 violanti
764 4747 900 4801 mihi
937 4746 990 4799 in
1039 4753 1269 4799 mortem
1313 4757 1379 4797 ac
1414 4742 1817 4797 damnationem
1838 4756 2072 4797 conver-

2178 4658 2459 4731 ἁμαρτίαν
2482 4661 2578 4715 νῦν
2626 4656 2780 4725 οὗτος
2811 4661 3059 4725 ἐκάλεσε,
3089 4660 3179 4714 διὰ
3207 4661 3268 4713 τὸ
3302 4656 3636 4730 δημιουργὸν
3661 4656 3765 4707 αὑ-

2172 4744 2269 4795 τὸν
2296 4748 2573 4818 ἁμαρτίας
2601 4748 2867 4818 ὑπάρχειν
2903 4751 2998 4803 καὶ
3035 4749 3284 4819 εὑρετὴν,
3306 4746 3395 4800 διὰ
3413 4746 3512 4816 τῆς
3539 4743 3769 4813 ὶντολῆς

496 4858 618 4895 sum
665 4846 768 4895 est.
818 4836 1269 4907 Quandoquidem
1317 4834 1601 4899 diabolus,
1648 4848 1809 4903 quem
1862 4831 2071 4902 peccati

2183 4834 2433 4907 ὶφορμὴν
2462 4837 2663 4903 λαϐὼν,
2694 4840 2830 4911 πρὸς
2860 4841 3148 4911 παρακοὴν
3182 4838 3497 4909 ἐξηπάτησέ
3532 4852 3621 4906 με.
3662 4837 3769 4888 καὶ

497 4932 659 4987 modo
682 4930 903 4986 nomine
928 4928 1226 4999 insignivit,
1255 4941 1321 4982 eo
1344 4925 1488 4996 quod
1515 4926 1722 4995 peccati
1757 4924 1830 4979 sit
1870 4923 2069 4978 artifex

2183 4921 2462 4995 Επατήσας
2483 4927 2823 4991 ἀπέκτεινεν,
2852 4928 3149 4982 ὑπεύθυνον
3174 4928 3271 4999 τῷ,
3288 4923 3372 4999 ⁷ῌ
3392 4926 3445 4979 δ’
3469 4925 3545 4979 ἂν
3569 4924 3767 4993 ἡμέρᾳ

498 5040 561 5079 ac
601 5030 870 5093 repertor,
912 5037 1007 5093 per
1053 5027 1334 5092 peccatum
1383 5017 1543 5089 583
1582 5017 1923 5073 occasionem
1975 5030 2073 5070 na-

496 5126 639 5179 ctus,
672 5114 844 5169 illusit
871 5113 1025 5179 mihi,
1050 5122 1103 5168 et
1148 5112 1365 5167 illusum
1409 5108 1715 5173 interfecit;
1756 5123 1880 5163 cum
1916 5106 2071 5162 vide-

498 5206 623 5260 licet
652 5204 702 5261 ei
734 5219 821 5261 me
844 5202 1180 5258 damnationi
1212 5201 1340 5255 fecit
1382 5198 1715 5253 obnoxium:
1751 5196 2073 5266 Quacunque

497 5297 581 5351 die
608 5295 936 5352 comederitis
957 5310 1021 5349 ex
1043 5294 1159 5355 illo,
1183 5304 1352 5346 morte
1368 5289 1756 5345 moriemini.—-
1774 5286 1961 5357 Itaque
1992 5286 2075 5341 (ex

496 5399 573 5445 est
594 5396 802 5452 sancta,
824 5396 875 5441 et
906 5384 1215 5439 mandatum
1250 5384 1345 5437 Dei
1385 5381 1613 5449 justum,
1642 5387 1693 5432 et
1734 5388 1996 5457 sanctum,
2026 5386 2078 5431 et

497 5484 691 5535 bonum
716 5480 759 5532 ³.
787 5476 906 5533 Non
935 5478 1080 5531 enim
1119 5483 1180 5530 ut
1214 5474 1454 5536 obesset,
1480 5471 1575 5526 sed
1600 5481 1656 5524 ut
1687 5469 1917 5525 salutem
1942 5482 2081 5523 con-
2112 5528 2115 5543 Ι

2172 5017 2406 5084 φάγητε
2448 5018 2549 5072 ἀπ’
2588 5020 2795 5083 αὐτοῦ,
2834 5019 3079 5085 θανάτῳ
3131 5017 3555 5080 ἀποθανεῖσθε,
3590 5032 3765 5069 καταο

2175 5106 2413 5177 κρίματι
2437 5112 2687 5180 γενέσθαι
2717 5113 3214 5185 κατεργασάμενος.
3243 5112 3424 5165 Ὥστε
3458 5113 3495 5164 ὁ
3513 5109 3631 5179 μὲν
3653 5111 3763 5162 νό-

2173 5214 2290 5265 μος
2316 5208 2506 5270 ἅγιος,
2539 5205 2637 5258 καὶ
2682 5205 2721 5272 ἠ
2758 5204 2977 5273 ἐντολὴ
3029 5203 3137 5258 τοῦ
3190 5202 3338 5257 Θεοῦ
3386 5200 3617 5265 δικαία,
3658 5198 3764 5253 και

2174 5291 2334 5357 ἁγία.
2365 5296 2471 5349 οιαὶ
2500 5295 2712 5364 ἀγαθή.
2748 5296 2872 5350 Ὅτι
2905 5297 2979 5367 μὴ
3009 5297 3066 5348 ἐν
3092 5295 3113 5326 ο
3142 5294 3221 5365 τῷ
3251 5292 3469 5364 βλάψαι,
3497 5290 3631 5344 ἀλλά
3663 5291 3762 5343 ἐπὶ

2176 5381 2257 5451 τῷ
2287 5381 2465 5440 σῶσαι
2496 5387 2672 5457 ἐδόθη.
2693 5388 2786 5459 Μὴ
2824 5387 2933 5460 7&9
2959 5385 3201 5459 οἰώμεθα
3223 5386 3361 5448 ὅλως
3404 5380 3679 5451 ἀνωφελές
3707 5398 3761 5435 τι

2180 5476 2355 5528 ποιεῖν
2383 5474 2422 5544 ἦ
2459 5478 2720 5553 βλασερὸν
2748 5480 2838 5534 τὸν
2864 5482 3023 5535 Θεόν.

497 5581 733 5646 ciliaret,
766 5585 852 5635 est
887 5576 1285 5649 praescriptum.
1320 5571 1602 5643 Siquidem
1644 5582 1806 5625 nemo
1842 5568 2179 5639 persuadere
2240 5572 2346 5629 sibi
2415 5577 2601 5645 debet,
2651 5578 2842 5635 inutile
2876 5592 2907 5631 a
2955 5576 3063 5631 Deo
3115 5574 3436 5647 quidquam,
3485 5568 3572 5627 vel
3633 5582 3763 5627 cum

498 5678 697 5735 damno
727 5675 1079 5745 coniunctum
1112 5671 1250 5727 fieri.

568 5772 586 5805 ⁸
611 5770 768 5826 nom.
792 5783 891 5839 vn,
920 5770 973 5823 7.
1048 5770 1069 5803 ³
1092 5766 1229 5823 Gen.
1264 5778 1328 5829 ιι,
1358 5763 1446 5818 l7.
1524 5758 1733 5833 "Rom.
1762 5772 1863 5825 vu,
1888 5758 1975 5816 l2.
2049 5757 2073 5791 δ

2203 5756 2469 5814 δεκτέονοκ
2523 5766 2543 5798 ⁸
2575 5782 2663 5834 γρ.
2700 5760 3081 5833 ἐνεκίσσησαν.
3155 5757 3180 5790 ⁸
3206 5755 3266 5814 F.
3299 5751 3410 5808 ἐπί.
