4082 6394
364 330 391 385 1
404 329 508 385 165

997 329 1364 386 ADVERSL‘S
1402 329 1743 387 llAﬁRESES
1784 331 1906 387 LIB.

2059 332 2225 390 TOM.
2260 336 2305 390 1.
2339 365 2407 375 -
2444 335 2718 393 ΙΙᾹίΙῖΕὸ.
2762 335 2943 393 LXIV.

3471 343 3608 402 1166

436 446 501 500 Τί
528 441 621 500 οὖν
649 445 711 499 τὸ
738 444 940 514 ἀγαθὸν
977 445 1101 516 ἐμοὶ
1127 447 1341 515 ἐγένετο
1370 448 1615 513 θάνατος,
1643 450 1674 503 ὃ
1701 449 1795 505 τοῦ
1836 468 1923 521 με·

2106 450 2220 505 Cur
2250 451 2419 522 igitur
2464 453 2611 523 quod
2659 452 2861 507 bonum
2898 461 3005 517 est,
3037 453 3199 508 morti
3257 452 3390 509 mihi
3443 466 3609 528 atque

359 537 550 604 γίστου
589 536 789 606 ὁμοίως
833 534 1003 589 αἴτιον
1042 535 1301 605 ἐσόμενον
1345 538 1550 605 ἀγαθοῦ
1587 539 1931 612 νομοθέτημα

358 627 515 696 ἐδόθη
537 642 551 689 ;
582 626 673 697 Μὴ
700 626 939 692 γένοιτοί
970 628 1090 680 Ὅτι
1118 628 1195 699 μὴ
1222 631 1256 700 ἡ
1285 627 1470 698 ἐντολὴ
1492 628 1586 681 τοῦ
1608 628 1741 681 Θεοῦ
1765 631 1846 693 εἰς
1871 629 1931 684 τὺ

360 717 833 787 καταδουλωθῖψαί
870 735 938 788 με
964 718 1178 786 ἐγένετο
1203 723 1270 791 τῇ
1309 720 1505 791 φθορᾷ,
1534 720 1627 774 καὶ
1655 720 1929 793 ἐναπομά-

360 809 554 872 ξασθαι
588 809 765 880 κῆρας
809 809 1030 882 ὀλέθρου
1067 813 1274 877 αἱτίας’
1317 812 1455 866 ἀλλά
1497 815 1526 867 ὁ
1562 812 1811 876 διάϐολος
1847 814 1932 867 ἵνα

361 903 650 974 φανερωθῇ
677 902 765 956 διὰ
803 903 896 956 τοῦ
926 905 1129 973 ἀγαθοῦ
1160 906 1222 958 τὸ
1249 907 1416 959 κακὸν
1440 908 1563 976 ἐμοὶ
1593 908 1932 961 κατασκευά-

363 1010 479 1057 σας,
517 993 605 1046 ἵνα
632 994 885 1062 γένηται,
916 995 1010 1049 καὶ
1040 995 1268 1067 ἐλεγχθῇ
1301 995 1421 1050 καθ’
1452 997 1755 1069 ὑπερσολὴν
1781 1002 1810 1053 ὁ
1840 1000 1931 1051 εύ-

361 1084 522 1154 ρετὴς
584 1084 678 1137 καὶ
718 1086 929 1139 τέκτων
972 1086 1073 1156 τῆς
1126 1087 1401 1158 ἁμαρτίας
1449 1088 1791 1160 ἁμαρτωλὸς,
1837 1091 1932 1144 καὶ

358 1174 600 1247 διορισθῇ
634 1176 741 1230 ἀπὸ
783 1177 877 1230 τοῦ
919 1178 1090 1231 κακοῦ
1137 1178 1393 1232 τάναντία
1436 1180 1535 1250 τῆς
1575 1180 1793 1251 ἐντολῆς
1836 1182 1929 1234 τοῦ

358 1266 494 1319 θεοῦ
538 1268 955 1340 ἐπιτροπεύσας.
999 1270 1235 1337 Οἴδαμεν
1275 1269 1403 1341 γὰρ,
1436 1270 1518 1323 ὅτι
1556 1272 1585 1323 ὁ
1628 1271 1787 1343 νόμος
1815 1273 1931 1327 ἐστὶ

357 1361 725 1429 πνευματικός
746 1379 759 1392 °
797 1361 877 1415 διὸ
916 1364 1012 1416 καὶ
1043 1363 1161 1416 κατ’
1201 1363 1351 1417 οὐδὲν
1393 1364 1561 1418 αἴτιον
1589 1364 1798 1438 βλάϐης
1834 1368 1929 1421 οὐ-

355 1446 487 1502 δενί.
534 1450 732 1522 Πόρρω
780 1452 887 1525 γὰρ
942 1453 1235 1525 ἐπιθυμίας
1277 1453 1476 1521 ἀλόγου
1523 1456 1616 1508 καὶ
1656 1457 1931 1529 ἁμαρτίας

356 1542 663 1613 ἐσκήνωται
689 1544 758 1598 τὰ
783 1546 1142 1615 πνευματικά.
1186 1545 1325 1615 Ἐγὼ
1361 1547 1430 1601 δὲ
1474 1550 1760 1617 σάρκινός
1792 1554 1929 1621 εἰμι,

357 1634 736 1703 πεπραμένος
783 1635 903 1689 ὑπὸ
962 1636 1076 1704 τὴν
1121 1639 1429 1707 ἁμαρτίαν.
1481 1636 1639 1706 Οἷον,
1670 1642 1811 1711 Ἐγὼ
1862 1643 1932 1696 δὲ

358 1722 651 1792 σάρκινος
682 1726 787 1792 ὢν,
838 1729 931 1780 καὶ
955 1729 1011 1781 ἐν
1040 1729 1188 1798 μέσῳ
1220 1728 1313 1782 τοῦ
1345 1732 1578 1803 πονηροῦ
1611 1733 1704 1787 καὶ
1725 1734 1928 1801 ἀγαθοῦ

356 1817 741 1881 κατασταθεὶς,
780 1818 856 1881 ὼς
897 1820 1259 1886 αύτεξούσιος,
1292 1821 1356 1874 ἵν’
1381 1822 1468 1874 ἐπ’
1503 1823 1625 1893 ἐμοὶ
1655 1824 1871 1877 ἑλέσθαι
1895 1824 1924 1876 ὃ

356 1905 615 1979 βούλομαι
737 1910 999 1980 (Τέθεικα
1048 1913 1186 1982 γὰρ,
1241 1914 1404 1984 φησὶ,
1441 1915 1554 1983 πρὸ
1600 1915 1922 1983 προσώπου

356 2018 472 2056 σου
518 2000 633 2067 τὴν
664 2001 817 2070 ζωὴν
857 2003 955 2057 καὶ
988 2002 1095 2057 τὸν
1124 2003 1423 2076 mirator)‘
1464 2008 1658 2070 νεύσας
1698 2006 1835 2077 πρὸς
1863 2006 1924 2059 τὸ

356 2094 701 2165 παρακοῦσαι
751 2096 848 2166 μὲν
893 2095 988 2150 τοῦ
1032 2098 1400 2168 πνευματικοῦ
1444 2098 1630 2169 νόμου,
1676 2093 1787 2152 οἷον
1824 2098 1923 2169 τῆς

356 2186 596 2255 ἐντολῆς,
644 2186 949 2242 ὑπακοῦσαι
988 2188 1045 2242 δὲ
1084 2188 1179 2243 τοῦ
1227 2189 1443 2255 ὑλικοῦ,
1483 2186 1595 2271 οἷον
1621 2190 1716 2244 τοῦ
1747 2191 1922 2259 ὄφεως

354 2280 452 2347 τὴν
481 2279 826 2350 συμϐουλίαν,
854 2280 1145 2353 πέπραμαι
1172 2283 1260 2336 διὰ
1293 2282 1390 2354 τὴν
1412 2282 1665 2355 τοιαύτην
1689 2283 1920 2354 αἵρεσιν,

355 2369 536 2422 πεσὼν
569 2370 671 2423 ὑπὸ
718 2372 1026 2444 ἁμαρτίαν,
1064 2372 1142 2442 τῷ
1186 2372 1430 2444 διαϐόλῳ.
1463 2373 1627 2427 Ὅθεν
1669 2373 1921 2429 ἐντεῦθεν

355 2462 721 2533 πολιορκῆσάν
753 2480 822 2533 με
864 2462 926 2516 τὸ
953 2464 1121 2517 κακὸν
1162 2464 1417 2529 ἐνιζάνει,
1452 2465 1548 2519 καὶ
1575 2465 1923 2537 ἐμπολιτεύε-

355 2569 445 2605 ται
479 2553 825 2606 είσοικείσθαι
858 2554 916 2608 ἐν
941 2557 1007 2624 τῇ
1040 2555 1201 2626 σαρκί
1229 2573 1350 2627 μου,
1378 2556 1627 2628 καθάπερ
1656 2557 1836 2629 κηφὴν
1864 2558 1921 2610 ἐν

355 2645 531 2715 κηρίῳ
565 2645 825 2717 μελίσσης
847 2648 1272 2719 περιιπτάμενος
1296 2648 1553 2713 πολλάκις
1580 2650 1708 2724 περὶ
1738 2650 1921 2714 αὐτὸν,

355 2736 449 2786 καὶ
483 2734 731 2805 βομϐῶν·
757 2736 914 2807 δίκης
939 2737 1284 2810 ἐπιτεθείσης
1316 2757 1404 2809 μοι
1434 2738 1531 2810 τὴν
1556 2740 1773 2810 ἐντολὴν
1803 2739 1923 2794 ἀθε-

354 2825 579 2895 τήσαντι
624 2827 898 2898 πραθῆναι
929 2828 1008 2899 τῷ
1055 2829 1229 2900 κακῷ-
1280 2830 1369 2883 Διὸ
1401 2831 1494 2884 καὶ
1524 2832 1584 2883 οὐ
1613 2830 1865 2900 γινώσκω
1892 2832 1921 2885 ὃ

355 2920 759 2991 κατεργάζομαι
782 2960 796 2986 ,
838 2920 1184 2992 λογιζόμενος
1222 2922 1251 2975 ὃ
1283 2924 1356 2997 μὴ
1385 2924 1542 2979 θέλω.
1574 2925 1646 2978 Τὸ
1673 2926 1804 2997 γὰρ,
1848 2925 1919 2980 '0

354 3009 770 3080 κατεργάζομαι
793 3013 865 3066 οὐ
888 3011 1159 3082 γινώσκω
1176 3053 1190 3077 ,
1222 3014 1318 3067 καί
1348 3014 1496 3068 ποιῶ
1518 3014 1549 3068 ὃ
1574 3013 1752 3084 μισῶ,
1776 3014 1923 3085 λεγό-

2031 540 2203 596 exitio
2262 541 2387 603 fuit.
2444 542 2643 613 lexque
2696 544 2787 597 illa
2833 546 3133 600 constituta
3180 545 3313 600 mihi
3344 556 3451 612 est,
3486 564 3610 618 qum

2031 632 2261 702 perinde
2313 634 2506 704 ingens
2566 633 2697 689 mihi
2751 634 3096 690 commodum
3142 643 3329 707 posset
3382 637 3608 693 all‘erre?

2030 722 2222 779 Absit!
2247 722 2382 778 Nam
2414 724 2663 780 divinum
2694 724 2825 779 illud
2857 727 3173 781 mandatum
3201 742 3310 782 non
3336 743 3401 783 eo
3423 729 3605 785 datum

2033 822 2140 878 est,
2175 824 2235 869 ut
2267 816 2320 870 in
2352 818 2764 887 corruptionem
2814 818 2962 873 velut
3013 819 3330 875 servitutem
3365 820 3608 877 incurre-

2030 921 2170 968 rem,
2196 922 2384 976 eaaque
2426 908 2559 961 mihi
2606 908 2757 962 labes
2789 907 3160 973 inurerentur,
3190 925 3312 978 qua:
3340 909 3393 963 in
3421 918 3607 965 extre-

2030 1014 2175 1052 mam
2210 998 2507 1067 perniciem
2560 999 2919 1068 conjicerent,
2954 1001 3051 1055 sed
3100 1009 3159 1055 ut
3179 1001 3477 1068 diabolum,
3510 1018 3606 1074 per

2030 1086 2085 1139 id
2115 1086 2261 1156 quod
2284 1087 2485 1142 bonum
2511 1098 2615 1151 est,
2649 1090 2853 1143 malum
2884 1091 3014 1144 mihi
3044 1092 3328 1160 perspicue
3358 1091 3603 1146 molitum

2029 1193 2154 1232 esse
2185 1186 2485 1242 constaret,
2542 1188 2705 1248 atque
2756 1187 2817 1232 ut
2874 1180 3122 1235 inventor
3160 1182 3251 1236 ille
3302 1183 3507 1252 peccati
3548 1190 3603 1236 et

2029 1268 2363 1325 architectus
2432 1270 2718 1325 excellenti
2778 1271 3011 1340 quadam
3072 1272 3286 1328 ratione
3347 1286 3603 1344 peccator

2030 1369 2200 1425 esset,
2254 1369 2419 1431 atque
2466 1376 2591 1417 esse
2640 1360 3170 1431 deprehenderetur,
3203 1373 3258 1420 et
3289 1380 3319 1419 a
3350 1366 3492 1423 bono
3522 1381 3602 1423 se-

2025 1454 2355 1526 jungeretur
2383 1455 2430 1511 is
2461 1454 2556 1525 qui
2587 1454 2786 1510 divina:
2806 1456 2908 1527 legi
2924 1457 3200 1512 contraria
3228 1470 3597 1528 procurasset.

2031 1542 2341 1614 Spiritalem
2374 1542 2521 1598 enim
2551 1543 2721 1615 legem
2770 1559 2895 1599 esse
2941 1546 3222 1614 novimus,
3253 1548 3483 1619 ideoque
3508 1566 3601 1605 ne-

2028 1637 2165 1691 mini
2194 1652 2320 1693 esse
2346 1636 2526 1691 fraudi
2553 1637 2662 1691 ulla
2689 1636 2745 1690 in
2773 1653 2834 1692 re
2884 1652 3067 1706 posse,
3124 1653 3248 1693 cum
3282 1639 3350 1694 ab
3381 1651 3601 1711 experte

2028 1730 2260 1785 rationis
2289 1729 2586 1798 cupiditate
2614 1728 2773 1798 longe
2803 1730 3066 1798 spiritalia
3106 1731 3300 1786 dissita
3324 1733 3452 1788 sint.
3485 1733 3597 1803 Ego

1959 1796 1999 1851 Β
2028 1838 2145 1877 vero
2166 1820 2400 1875 carnalis
2432 1836 2571 1885 sum,
2602 1819 2926 1875 venundatus
2944 1823 3038 1874 sub
3065 1827 3391 1889 peccatum’.
3428 1826 3597 1892 Quasi

2025 1912 2236 1969 diceret
2260 1931 2276 1967 :
2303 1911 2415 1984 Ego
2442 1930 2560 1968 vero
2584 1914 2824 1968 carnalis
2847 1930 2985 1977 sum,
3006 1921 3171 1985 atque
3205 1916 3261 1970 in
3296 1917 3419 1970 mali
3449 1919 3598 1973 boni-

2024 2020 2131 2075 que
2170 2005 2351 2061 medio
2384 2006 2616 2075 positus,
2642 2012 2835 2075 utpote
2862 2005 3022 2068 liber.
3059 2014 3118 2060 ut
3144 2008 3287 2077 quod
3328 2009 3485 2063 velim
3520 2010 3599 2065 in-

2025 2103 2237 2165 tegrum
2286 2096 2416 2149 mihi
2450 2096 2523 2150 sit
2575 2095 2773 2166 eligere
2816 2095 3004 2164 (Parui
3050 2100 3211 2164 enim,
3248 2098 3445 2169 inquit.
3476 2112 3599 2157 ante

2023 2184 2214 2254 faciem
2239 2194 2386 2239 tuam
2410 2186 2571 2239 vitam
2593 2194 2642 2240 et
2675 2196 2897 2240 mortem
2920 2188 2985 2255 ³);
3015 2202 3138 2241 cum
3168 2188 3224 2243 in
3252 2188 3306 2243 id
3331 2190 3592 2248 inclinas-

2023 2291 2160 2340 sem,
2193 2283 2252 2330 ut
2283 2284 2339 2332 et
2362 2277 2603 2347 spiritali
2633 2278 2761 2350 legi,
2810 2278 2916 2334 hoc
2944 2287 3030 2335 est
3057 2281 3334 2347 mandato,
3370 2282 3596 2340 minime

2023 2382 2294 2437 parerem,
2310 2379 2359 2424 et
2390 2378 2619 2425 terrena
2640 2384 2705 2425 ac
2722 2384 2848 2425 cum
2877 2372 3119 2427 materiae
3140 2371 3273 2429 faece
3298 2382 3588 2435 concretae.

2026 2456 2129 2511 hoc
2154 2465 2240 2513 est
2284 2459 2558 2529 serpentis
2584 2460 2835 2525 monitis,
2869 2460 3337 2531 obtemperarem;
3372 2476 3593 2533 propter

2022 2551 2170 2606 hunc
2202 2552 2472 2608 delectum
2504 2554 2561 2609 in
2594 2562 2875 2625 peccatum
2908 2555 3195 2626 prolapsus
3229 2556 3445 2613 diabolo
3472 2574 3592 2613 sum

2022 2645 2299 2699 venditus.
2351 2644 2491 2699 Hinc
2535 2646 2737 2700 malum
2788 2648 2935 2702 velut
2963 2648 3224 2703 obsidens
3254 2649 3385 2703 mihi
3412 2648 3597 2703 adhae-

2023 2738 2210 2801 rescit,
2243 2746 2406 2807 atque
2449 2738 2504 2793 in
2536 2754 2703 2795 carne
2736 2726 2877 2804 mea,
2904 2750 3162 2811 tanquam
3193 2741 3251 2796 in
3277 2740 3439 2796 domo
3467 2757 3596 2811 qua-

2023 2828 2169 2896 dam,
2204 2830 2434 2896 habitat,
2470 2830 2925 2902 quemadmodum
2956 2832 3115 2887 fucus
3169 2834 3377 2887 circum
3440 2831 3593 2888 favos

2024 2938 2185 2994 apum
2224 2925 2462 2981 volitans
2512 2938 2577 2980 ac
2618 2925 2834 2980 bombis
2871 2925 3211 2994 obstrepens.
3249 2923 3377 2979 Mihi
3412 2924 3594 2994 itaque

2024 3016 2213 3071 violati
2245 3017 2486 3072 mandati
2520 3030 2681 3087 paena
2720 3016 2835 3071 haec
2878 3016 3133 3087 imposita
3179 3024 3284 3080 est,
3320 3016 3399 3071 uti
3449 3016 3595 3071 malo

355 3120 547 3173 μενον,
579 3104 678 3157 ούκ
710 3105 801 3157 ἐπὶ
844 3107 938 3158 τοῦ
968 3105 1413 3177 τελεσιουργῆσαι
1447 3106 1507 3159 τὸ
1554 3106 1778 3175 φαῦλον,
1827 3109 1921 3160 καὶ

356 3194 902 3212 ,νςηνκνςνν
1404 3196 1547 3212 ..,
1688 3198 1772 3212 ...

2025 3106 2425 3176 quodammodo
2461 3106 2746 3163 venderer.
2774 3105 3086 3178 Propterea,
3121 3107 3266 3177 quod
3300 3106 3440 3162 facio
3481 3124 3593 3162 non

346 3194 545 3266 δρᾶσαι
580 3194 1000 3266 παραληπτέον,
1034 3195 1146 3248 ἀλλ’
1194 3197 1289 3250 ἐπὶ
1338 3196 1433 3251 τοῦ
1483 3197 1639 3268 μόνον
1683 3198 1921 3267 ἐνθυμη-

351 3285 539 3355 Θῆναι,
608 3286 882 3358 λογισμῶν
931 3288 1213 3342 ἀνοικείων
1270 3290 1401 3360 ἡμῖν
1464 3289 1921 3361 προσιπταμένων

352 3376 660 3443 πλεονάκις,
694 3377 788 3430 καὶ
817 3377 1268 3449 ἐμφανταζόντων
1288 3380 1433 3449 ἡμᾶς
1448 3379 1584 3450 πρὸς
1623 3378 1660 3432 ἃ
1684 3378 1759 3450 μὴ
1775 3378 1922 3431 θέλο-

350 3486 473 3538 μεν,
505 3470 607 3539 τῆς
648 3469 826 3540 ψυχῆς
856 3472 967 3533 τοῖς
1010 3469 1288 3542 λογισμοῖς
1315 3470 1444 3541 περὶ
1471 3469 1642 3523 πολλὰ
1667 3486 1924 3541 περιαγο-

350 3558 542 3629 μένης-

2022 3200 2290 3271 intelligo,
2329 3199 2458 3255 dum
2486 3199 2631 3271 quod
2660 3200 2808 3267 nolo,
2846 3200 3046 3271 cogito.
3074 3198 3200 3255 Haec
3228 3200 3373 3255 enim
3403 3200 3590 3267 verba,

2022 3290 2175 3358 Quod
2198 3292 2339 3360 facio
2370 3306 2474 3345 non
2498 3307 2773 3359 cognosco,
2797 3301 2848 3345 et
2877 3292 3015 3360 quod
3041 3291 3128 3345 odi
3158 3292 3297 3360 facio
3317 3292 3357 3355 ⁸,
3377 3307 3483 3346 non
3511 3293 3595 3351 sic

2021 3381 2341 3452 accipienda
2390 3388 2541 3445 sunt,
2570 3380 2728 3451 quasi
2758 3382 2962 3435 malum
2998 3380 3258 3451 perﬁcere
3287 3381 3504 3450 penitus
3527 3396 3593 3435 ac

2020 3472 2360 3527 committere
2386 3470 2632 3535 dicatur;
2664 3469 2761 3525 sed
2794 3470 2860 3525 ad
2886 3471 3059 3525 solam
3101 3471 3487 3542 cogitationem
3516 3485 3594 3524 re-

2020 3561 2149 3618 ferri
2180 3577 2279 3633 par
2311 3569 2419 3629 est,
2446 3577 2571 3617 cum
2629 3562 2947 3632 plerumque
2997 3562 3187 3617 alienae
3238 3563 3397 3618 nobis
3425 3570 3479 3617 et
3504 3561 3596 3617 ab-

352 3650 532 3705 surdae
555 3651 917 3720 cogitationes
938 3650 1211 3715 advolent,
1236 3658 1292 3707 et
1328 3651 1396 3706 ad
1422 3666 1488 3707 ea
1518 3665 1641 3721 qua:
1673 3651 1932 3708 nolumus
1959 3652 2245 3710 illudendo
2273 3669 2375 3709 nos
2399 3660 2696 3724 provocent
2716 3671 2730 3708 :
2748 3653 2894 3708 quod
2938 3655 3120 3708 anima
3171 3655 3595 3726 cogitationibus

352 3744 470 3799 suis
500 3758 596 3813 per
624 3743 833 3799 inﬁnita
864 3759 1047 3799 rerum
1073 3761 1269 3814 genera
1300 3745 1659 3800 distrahatur.

422 3840 547 3892 NZ'.
587 3838 660 3889 Οὐ
690 3836 797 3909 γὰρ
823 3835 910 3906 ἐφ’
936 3840 1068 3908 ἡμῖν
1097 3838 1235 3902 ὅλως
1266 3839 1377 3910 (45)
1400 3840 1461 3893 τὸ
1487 3841 1852 3913 ἐνθυμεῖσθαι,
1884 3844 1918 3915 ἦ

357 3931 433 4002 μὴ
466 3930 810 4001 ἐνθυμεῖσθαι
842 3931 1016 3982 κεῖται
1063 3932 1131 3984 τὰ
1183 3931 1378 3996 ἄτοπα,
1426 3932 1562 3986 ἀλλά
1580 3935 1642 3986 τὸ
1665 3935 1918 4007 χρῆσθαι,

353 4022 387 4090 ἢ
420 4020 494 4091 μὴ
513 4018 750 4090 χρῆσθαι
777 4022 889 4083 τοῖς
916 4019 1277 4092 ἐνθυμήμασι.
1297 4022 1553 4077 Κωλῦσαι
1586 4026 1684 4096 μὲν
1712 4028 1820 4099 γὰρ
1850 4028 1924 4099 μὴ

354 4114 646 4183 ἐμπίπτειν
699 4114 779 4176 εἰς
828 4113 977 4184 ἡμᾶς
1021 4114 1149 4176 τοὺς
1203 4113 1495 4187 λογισμοὺς
1535 4118 1597 4171 οὐ
1625 4118 1924 4191 δυνάμεθα,

354 4208 489 4277 πρδς
539 4204 766 4277 δοκιμὴν
807 4204 964 4276 ήμῶν
1007 4205 1202 4272 ἔξωθεν
1231 4209 1662 4279 εἰσπνεομένους·
1701 4212 1775 4285 μὴ
1810 4231 1927 4267 πει-

355 4298 546 4368 σθῆναι
582 4297 839 4369 μέντοι,ἦ
877 4296 951 4369 μὴ
972 4297 1202 4367 χρῆσθαι
1229 4299 1409 4364 αὐτοῖς
1434 4300 1729 4374 δυνάμεθα.
1774 4306 1926 4360 Ἐπεὶ⁹

2096 3838 2263 3911 585
2295 3838 2448 3893 LVII.
2474 3838 2657 3910 Neque
2676 3839 2823 3895 enim
2852 3839 2905 3893 in
2940 3838 3100 3894 nobis
3122 3840 3233 3894 ullo
3252 3840 3410 3894 modo
3428 3842 3595 3897 situm

2026 3937 2129 3995 est,
2159 3930 2505 3986 abhorrentia
2530 3930 2794 3999 mgitare,
2822 3929 2907 3985 vel
2937 3944 3043 3983 non
3065 3930 3303 3999 cogitare
3326 3948 3341 3997 ;
3368 3932 3463 3987 sed
3490 3935 3590 3999 uti,

2021 4022 2105 4075 vel
2138 4037 2247 4076 non
2264 4021 2344 4075 uti
2365 4022 2635 4091 cogitatis.
2660 4019 2794 4075 Nam
2825 4036 2892 4075 ne
2923 4020 3081 4076 nobis
3116 4020 3422 4079 istiusmodi
3442 4026 3594 4096 cogi-

2021 4115 2254 4170 tationes
2268 4115 2556 4185 obrepant,
2574 4129 2695 4184 qua:
2712 4112 2976 4183 probandi
3005 4113 3179 4167 nostri
3197 4128 3363 4170 causa
3387 4120 3595 4173 extrin-

2023 4219 2183 4260 secus
2212 4204 2603 4271 immittuntur,
2648 4204 2941 4275 prohibere
2978 4219 3087 4260 non
3120 4221 3451 4275 possumus;
3482 4226 3593 4265 non

2023 4295 2303 4360 assentiri,
2344 4303 2398 4351 et
2448 4296 2647 4351 oblatis
2701 4311 2811 4351 non
2873 4296 2973 4359 uti,
3025 4310 3343 4365 possumus.
3374 4298 3593 4369 Alioqui

354 4388 472 4451 πῶς
517 4390 546 4441 ὁ
614 4388 934 4451 Ἀπὸστολος
963 4389 1025 4441 τὸ
1080 4390 1177 4459 μὲν
1233 4390 1402 4443 κακὸν
1463 4391 1559 4461 οὐχ
1609 4393 1830 4463 ἥκιστα,
1876 4389 1920 4463 ᾧ

2026 4388 2301 4458 quomodo
2349 4388 2571 4443 tandem
2626 4387 2921 4459 Apostolus
2979 4388 3203 4453 malum,
3269 4390 3415 4459 quod
3488 4393 3594 4447 sibi

353 4479 733 4549 ἁπηρέσκετο,
793 4478 1003 4541 ἐποίει,
1062 4478 1124 4531 τὸ
1174 4477 1233 4531 δὲ
1303 4479 1466 4533 καλὸν
1528 4473 1572 4547 ᾧ
1632 4482 1916 4553 ἠρέσκετο,

352 4568 573 4636 ἥκιστα,
598 4570 646 4619 εἰ
672 4567 747 4637 μὴ
777 4567 907 4637 περὶ
925 4567 1032 4620 τῶν
1057 4566 1278 4622 ὀθνείων
1295 4568 1691 4641 ἐνθυμημάτων
1715 4572 1919 4642 ἔλεγεν,

353 4658 390 4711 ἃ
414 4657 792 4729 ἐνθυμούμεθα
821 4657 933 4711 ἐσθ’
964 4659 1054 4712 ὅτε
1081 4660 1174 4713 καὶ
1205 4659 1281 4732 μὴ
1310 4660 1645 4733 βουλόμενοι,
1695 4663 1756 4729 ἐξ
1802 4665 1921 4729 οἵας

350 4750 412 4802 οὐ
458 4748 815 4817 γινώσκοντες
856 4748 1068 4814 uittae;
1099 4751 1166 4802 Ἀ
1208 4752 1605 4823 ἀνατρέπεσθαι
1656 4754 1761 4826 χρὴ
1827 4756 1920 4808 καὶ

353 4839 813 4910 ἐπιστομίζεσθαι,
857 4840 943 4894 ἴνα
978 4837 1053 4910 μὴ
1097 4839 1431 4910 εύρυνόμεθα
1462 4843 1480 4875 ³
1513 4842 1621 4895 τῶν
1667 4842 1919 4915 περάτων

353 4931 665 5001 κρατήσωσι
696 4930 794 5000 τῆς
818 4929 1016 5000 ψυχῆς.
1061 4930 1364 5001 Ἀμήχανον
1390 4932 1498 5004 γὰρ
1532 4932 1737 4987 τούτων
1768 4935 1918 4987 ἐνευ-

352 5021 687 5093 καιρούντων
725 5024 783 5073 ἐν
815 5023 945 5092 ἡμῖν
978 5022 1329 5077 ἐπανατείλαι
1352 5024 1414 5077 τὸ
1447 5023 1670 5093 ἀγαθόν.
1712 5023 1917 5095 Ὀρθῶς

352 5115 478 5185 ἀρα,
525 5116 593 5165 "0
637 5114 744 5181 γὰρ
797 5112 1216 5183 κατεργάζομαι
1253 5117 1327 5169 οὐ
1359 5114 1656 5185 γινώσκω,
1704 5115 1911 5183 ἔλεγεν.

346 5210 427 5257 Οὺ
460 5205 568 5275 γὰρ
593 5204 625 5258 ὃ
652 5206 803 5258 θέλω
822 5204 1091 5273 πράσσω,
1114 5207 1250 5261 ἀλλ’
1277 5206 1310 5261 ὂ
1338 5206 1518 5277 μισῶ,
1546 5206 1721 5261 τοῦτο
1741 5207 1910 5263 ποιῶ.

428 5364 442 5391 ¹
474 5360 603 5415 Cor.
639 5360 991 5431 εὐρυνὸμενα.
1067 5361 1087 5391 ³
1119 5358 1409 5424 Βοῐηηνιι,
1451 5360 1536 5414 14.
1614 5362 1635 5392 ³
1672 5359 1830 5415 Deut.
1866 5375 1995 5427 xxx,
2034 5361 2124 5417 l5.

424 5513 533 5584 (43)
577 5515 657 5565 Οὐ
693 5512 801 5582 γὰρ
834 5513 924 5581 ἐρ’
956 5513 1099 5582 ἡμῖν
1132 5513 1305 5579 ὅλως.
1342 5513 1609 5568 Praeclara
1638 5523 1691 5584 et
1720 5514 1912 5566 catho-

355 5582 456 5638 lica
480 5584 762 5652 apostolici
790 5584 934 5653 illius
959 5585 1087 5637 dicti
1112 5586 1403 5643 sententia.
1431 5600 1594 5653 quam
1611 5583 1915 5638 Methodius

353 5658 609 5722 i-xponit;
646 5668 709 5705 ac
752 5652 1016 5709 adversus
1063 5655 1338 5708 hodiernae
1376 5652 1597 5709 haeresis
1640 5655 1912 5707 inscitiam

268 5752 271 5755 ν
352 5729 515 5792 atque
542 5723 938 5795 improbitatem
959 5724 1301 5781 observanda
1327 5724 1639 5795 diligenter:
1676 5726 1768 5795 qui
1792 5740 1923 5778 con-

2026 4479 2369 4548 displicebat,
2398 4479 2634 4533 maxime
2659 4480 3049 4534 committeret:
3070 4479 3273 4533 bonum
3295 4496 3423 4535 vero
3447 4483 3593 4550 quod

2030 4571 2300 4641 placebat,
2319 4586 2659 4641 nequaquam
2684 4569 2907 4635 faceret,
2937 4571 3042 4626 nisi
3072 4571 3138 4626 de
3167 4571 3470 4641 peregrinis
3500 4588 3595 4627 co-

2025 4660 2382 4731 gitationibus
2412 4660 2747 4729 loqueretur,
2778 4674 2918 4730 quas
2949 4661 3132 4715 animo
3156 4660 3482 4730 quandoque
3508 4661 3593 4716 vel

2027 4751 2182 4807 inviti
2216 4752 2534 4822 incertaque
2565 4752 2725 4809 nobis
2746 4766 2813 4807 ex
2852 4768 3017 4807 causa
3044 4761 3284 4808 tractare
3314 4754 3595 4808 solemus?

2026 4841 2176 4907 Quas
2204 4842 2423 4912 quidem
2458 4849 2704 4898 evertere
2756 4850 2919 4912 atque
2946 4842 3194 4898 inhibere
3223 4844 3494 4905 convenit.
3526 4859 3595 4898 ne

2026 4932 2256 4997 dill'usaa,
2278 4949 2343 4989 ae
2365 4934 2633 4989 collatatae
2650 4940 2923 4989 extremos
2947 4948 3194 5004 quosque
3230 4933 3376 4988 velut
3402 4934 3595 4989 animm

2026 5022 2163 5079 ﬁnes
2185 5025 2240 5079 in
2268 5031 2590 5094 potestatem
2641 5023 2889 5093 redigant
2919 5042 2933 5077 ;
2969 5037 3146 5093 neque
3173 5023 3318 5078 enim
3350 5022 3463 5077 fieri
3498 5038 3595 5093 po-

2023 5123 2152 5179 test,
2194 5125 2253 5170 ut
2287 5116 2334 5171 si
2388 5116 2496 5170 illa!
2542 5115 2824 5171 commode
2873 5115 3267 5179 succreverint,
3300 5115 3501 5169 bonum
3538 5115 3594 5170 in

2020 5207 2179 5263 nobis
2215 5206 2540 5263 elllorescat.
2569 5204 2734 5263 Recte
2764 5209 2950 5276 itaque
3001 5206 3218 5262 dicebat
3245 5209 3540 5277 Apostolus
3576 5228 3590 5265 :

2203 5361 2225 5392 ⁸
2260 5359 2421 5416 Rom.
2455 5378 2553 5429 vn,
2588 5361 2676 5419 15.

2019 5515 2435 5584 cupiscentiam,
2479 5522 2533 5569 et
2570 5531 2692 5585 qua:
2740 5530 2805 5569 ex
2845 5515 2991 5569 illius
3029 5516 3355 5584 contagione
3402 5514 3590 5570 invitis

2019 5584 2181 5638 nobis
2226 5584 2514 5653 obrepunt,
2554 5584 2681 5640 vere
2710 5600 2835 5639 esse
2867 5593 3087 5653 peccata
3117 5585 3425 5639 deﬁniunt:
3477 5599 3593 5653 quo

2020 5658 2240 5726 nomine
2271 5671 2375 5708 non
2419 5655 2529 5723 jam
2570 5653 2862 5724 καθαρούς,
2902 5660 2992 5726 sed
3034 5655 3373 5726 ἀκαθάρτους
3397 5662 3453 5711 et
3486 5655 3593 5712 ἰω-

2028 5724 2353 5794 purissimos
2381 5741 2441 5781 se
2466 5742 2588 5782 esse
2620 5726 2813 5781 merito
2836 5724 3177 5796 profitentur.
