4082 6394
442 338 479 391 ει
500 335 594 391 I67
1849 333 1910 385 s.
1952 332 2294 391 EPIPIIANII
3579 332 3751 398 H68

456 452 607 517 Quod
632 452 770 505 enim
798 452 1034 521 perﬁcio,
1057 469 1159 506 non
1199 468 1476 523 cognosco.
1536 448 1651 505 Non
1713 454 1855 505 enim
1894 452 2032 522 quod
2065 506 2068 515 η

2142 455 2371 526 Θέλομεν
2396 456 2504 527 γὰρ
2525 456 2593 509 τά
2623 457 2703 527 μὴ
2726 458 3095 527 προσήκοντα,
3124 457 3216 510 καὶ
3244 457 3279 511 ἃ
3307 457 3382 529 μὴ
3405 457 3427 489 ⁸
3455 457 3620 530 θέμις
3650 460 3754 531 μὴ

432 545 567 598 »ι-οιο
600 545 763 611 facio,
800 545 889 597 sed
922 545 1064 614 quod
1089 546 1177 598 odi
1215 546 1312 597 hoc
1333 544 1494 611 facio.
1535 541 1805 597 Volumus
1836 545 2040 614 quippe

2144 546 2511 618 ἐνθυμεῖσθαι.
2561 548 2777 618 Ἐπειδὴ
2814 548 2974 600 τοῦτο
3009 548 3214 615 ἀγαθὸν
3244 549 3468 612 τέλειον,
3504 553 3583 623 μὴ
3620 553 3710 623 μό

450 652 513 689 ea
549 652 669 705 qua:
698 636 925 691 minime
969 636 1325 700 conveniunt,
1362 650 1589 705 quaeque
1644 635 1833 688 illicita
1890 642 2039 698 sunt,

2142 655 2233 692 νον
2278 638 2372 691 τοῦ
2403 638 2628 708 ποιῆσαι
2670 639 2804 692 αὐτὸ
2834 638 3282 709 ἐγκρατεύεσθαι,
3316 640 3454 693 ἀλλά
3491 642 3586 693 καί
3624 641 3749 694 τοῦ

452 743 519 779 ne
548 725 796 795 cogitare
822 726 1066 795 quidem.
1101 725 1237 779 Illud
1294 726 1439 779 enim
1489 723 1790 793 perfectum
1821 725 2039 780 demum

2143 730 2536 801 ἐνθυμηθῆναι.
2563 731 2679 784 Kal
2720 730 2753 783 ὃ
2788 731 3068 799 θέλομεν,
3096 730 3271 785 τοῦτο
3299 732 3527 800 ἀγαθὸν
3553 733 3615 785 ού
3635 733 3750 798 rl-

452 817 651 869 bonum
684 826 786 881 est,
815 817 963 887 quod
1001 832 1109 871 non
1146 816 1310 871 modo
1360 830 1390 868 a
1440 813 1829 885 perpetrando,
1855 814 1950 868 sed
1985 822 2041 869 et

2140 838 2309 882 νεται,
2365 822 2503 875 ἀλλ’
2538 822 2571 875 ὃ
2607 823 2680 876 οὐ
2732 822 2984 891 θέλομεν
3025 824 3315 890 πονηρόν.
3367 825 3750 893 Ἐπιφοιτῶσι

451 909 743 977 cogitando
775 910 918 963 malo
955 916 1241 977 temperat.
1280 906 1343 959 Et
1388 907 1525 976 quod
1555 908 1747 960 bonum
1774 908 2035 968 volumus,

2140 911 2248 982 γὰρ
2296 912 2424 983 περὶ
2468 912 2569 981 τὴν
2637 912 2862 984 καρδίαν
2892 912 3047 982 ἡμῶν
3088 913 3182 966 καὶ
3230 913 3590 980 ἐπιϐαίνουσι,
3623 915 3752 967 καὶ

455 1015 799 1071 nequaquam
838 1000 1102 1068 ellicitur,
1144 998 1233 1054 sed
1260 998 1397 1069 quod
1426 1001 1669 1051 nolumus
1693 997 1916 1051 malum.
1953 998 2038 1051 Si-

2142 1004 2216 1075 μὴ
2254 1004 2589 1074 βουλομένων
2618 1006 2797 1076 ἡμῶν.
2839 1004 3099 1067 πολλάκις
3130 1005 3298 1075 μυρία
3340 1022 3397 1058 τε
3444 1006 3576 1076 περὶ
3612 1024 3742 1075 μυ-

451 1092 669 1162 quidem
726 1093 909 1147 animo
944 1101 1134 1148 nostro
1177 1091 1488 1161 frequentes
1535 1090 1805 1154 incidunt,
1856 1104 1921 1142 ac
1950 1088 2035 1142 vel

2140 1094 2289 1164 ρίων,
2323 1094 2644 1165 περιεργίας
2673 1097 2821 1166 ἡμᾶς
2852 1096 2945 1147 καὶ
2991 1095 3165 1165 (περὶ)
3201 1094 3746 1165 φιλοπραγμοσύνης

436 1181 655 1237 "invitos
689 1181 920 1236 inﬁnitis
949 1181 1016 1235 de
1041 1181 1204 1236 rebus
1237 1180 1463 1234 inﬁnitae
1494 1178 1854 1247 cogitationes
1879 1179 2034 1231 inva-

2136 1186 2333 1253 ἀλόγου
2361 1185 2727 1256 ἐμπιπλάντα.
2758 1186 2849 1238 Διὸ
2873 1185 2935 1237 τὸ
2969 1185 3067 1256 μὲν
3099 1184 3272 1237 θέλειν
3295 1185 3432 1237 αὐτὰ
3462 1184 3600 1254 μηδὲ
3629 1187 3740 1236 ἐν-

453 1274 613 1333 dunt.
644 1289 766 1343 quae
801 1287 905 1328 nos
953 1272 1273 1329 curiositate
1314 1279 1478 1341 atque
1513 1285 1543 1324 a
1570 1271 1781 1325 ratione
1836 1270 2035 1325 abhor-

2136 1276 2425 1349 θυμεῖσθαι
2468 1278 2821 1347 παράκειται,
2864 1277 2925 1330 τὸ
2956 1278 3014 1330 δέ
3057 1276 3492 1348 κατεργάζεσθαι
3532 1278 3619 1339 εἰς
3659 1277 3746 1329 τὸ

449 1364 1056 1435 ιειιιίυιηηιιεεοιὶοι-υιιι
1072 1363 1423 1418 multitudine
1443 1361 1743 1432 implicant.
1759 1363 2034 1429 Quocirca

2135 1368 2417 1437 ἀφανίσαι,
2455 1368 2542 1421 ἵνα
2573 1369 2647 1439 μὴ
2684 1368 2780 1421 καὶ
2804 1364 2960 1432 αὖθις
2994 1369 3122 1438 περὶ
3153 1368 3245 1421 τὸν
3281 1367 3535 1436 λογισμὸν
3558 1367 3740 1420 ἀνέλ-

456 1456 726 1526 ejusmodi
776 1473 845 1511 ne
879 1456 1120 1526 cogitare
1151 1455 1369 1525 quidem
1416 1456 1577 1520 velle,
1610 1457 1900 1527 potestatis
1949 1465 2033 1511 est

2134 1460 2320 1525 θωσιν;
2344 1462 2426 1514 ὅτι
2461 1461 2537 1532 μὴ
2567 1462 2743 1513 κεῖται
2784 1460 2945 1513 τοῦτο
2979 1461 3063 1529 ἐφ’
3091 1463 3245 1530 ἡμῖν,
3274 1460 3348 1522 ὡς
3376 1460 3532 1529 ἔφην,

452 1557 690 1615 nostrae;
716 1548 767 1603 id
798 1557 977 1604 autem
1004 1548 1244 1619 assequi,
1265 1557 1323 1603 ut
1347 1549 1565 1621 penitus
1590 1550 2029 1620 exstinguuntur,

2132 1549 2194 1602 τὸ
2224 1550 2531 1620 χρήσασθαι
2591 1550 2753 1619 μόνον
2794 1550 2978 1613 αὐτοῖς
3028 1550 3226 1621 πως-,τη
3266 1549 3340 1619 μὴ
3381 1548 3732 1619 χρήσασθαι.

447 1654 625 1709 neque
674 1639 832 1693 nobis
879 1640 1115 1709 amplius
1144 1648 1456 1705 occurrant,
1494 1654 1601 1694 non
1643 1648 1726 1695 est
1755 1640 2031 1695 facultatis

2144 1637 2231 1703 Ὠς
2266 1636 2401 1692 εἶναι
2452 1639 2542 1693 τὸν
2579 1625 2719 1693 νοῦν
2744 1643 2985 1692 τοιοῦτον
3027 1637 3123 1691 τοῦ
3180 1638 3344 1709 ῥητοῦ
3367 1655 3379 1666 ·
3414 1640 3496 1692 Οὐ
3534 1640 3653 1707 γὰρ
3690 1638 3732 1690 ὃ

447 1731 549 1795 μιιί
604 1730 864 1799 diximus)
895 1741 1119 1790 nostrae.
1139 1730 1236 1785 sed
1266 1738 1417 1785 certo
1445 1732 1607 1786 modo
1628 1731 1893 1785 duntaxat
1928 1732 2023 1793 uti,
2058 1798 2059 1801 η

2132 1729 2304 1794 θέλω,
2354 1730 2502 1785 ποιῶ
2539 1732 2783 1799 ἀγαθόν.
2822 1732 2973 1785 Θέλω
3017 1733 3125 1804 γάρ
3176 1734 3249 1803 μὴ
3303 1731 3655 1801 ἐνθυμεῖσθαι
3684 1732 3739 1784 ἃ.

448 1821 527 1872 vel
559 1836 669 1875 non
707 1822 805 1885 uti,
854 1832 911 1875 ut
957 1821 1073 1876 haec
1121 1824 1193 1876 sit.
1232 1822 1336 1877 loci
1370 1823 1516 1877 illius
1550 1823 1821 1878 sententia
1854 1841 1868 1877 :
1902 1821 2024 1876 Non

2132 1822 2355 1892 βλάπτει
2383 1841 2469 1894 με·
2497 1796 2683 1895 ἐπειδὴ
2704 1823 2862 1877 τοῦτο
2876 1796 3076 1892 ἀγαθδν
3093 1796 3197 1877 ’καλ
3226 1796 3471 1893 ἀμωμον,
3491 1822 3636 1874 κατὰ
3657 1823 3738 1875 τὸ

436 1911 582 1962 enim
609 1911 745 1980 quod
772 1911 1056 1980 υυιυμυευ
1084 1911 1299 1966 bonum.
1333 1910 1468 1967 Volo
1506 1914 1651 1968 enim
1681 1914 1908 1969 minime
1939 1929 2029 1969 co-

2130 1914 2440 1985 λεγόμενον·
2470 1917 2631 1968 Ἀνευ
2663 1916 2831 1985 ψόγου
2859 1916 3187 1986 τετυγμένον
3208 1916 3363 1986 χερσί
3394 1932 3449 1967 τε
3480 1915 3574 1967 καὶ
3607 1915 3736 1984 νόῳ

450 2002 641 2070 uitare,
678 2018 799 2072 quae
832 2003 963 2056 mihi
1022 2010 1273 2068 not-eant,
1307 2003 1567 2073 quoniam
1628 2004 1831 2059 bonum
1881 2004 2026 2059 istud

2126 2007 2486 2077 τετράγωνον.
2518 2009 2629 2061 Kal
2647 2006 2804 2061 τοῦτο
2838 2008 2937 2078 μὲν
2967 2008 2997 2060 6
3020 2007 3173 2062 θέλω
3194 2006 3418 2075 ἀγαθὸν
3437 2009 3510 2059 οὐ
3538 2005 3696 2059 ποιῶ

452 2103 558 2154 est,
593 2108 654 2147 ac
678 2095 1100 2163 reprehensione
1119 2105 1290 2158 caret,
1314 2103 1373 2149 ut
1394 2095 1526 2149 illud
1551 2095 1754 2152 dictum
1775 2104 2023 2152 testatur:

2129 2101 2160 2152 6
2193 2099 2261 2152 δὲ
2279 2100 2365 2169 μὴ
2393 2099 2545 2154 θέλω
2583 2100 2840 2169 πράσσω
2876 2100 3084 2153 κακόν.
3113 2100 3190 2152 Ού
3218 2099 3356 2151 θέλω
3385 2098 3718 2159 ἐννοεῖσθαι,

450 2183 580 2238 Sine
633 2186 1032 2255 vituperatione
1088 2185 1289 2238 factum
1339 2185 1702 2256 manibusque
1754 2200 1817 2240 ac
1845 2194 2028 2241 mente

2128 2190 2223 2243 καὶ
2250 2190 2557 2261 ἐννοοῦμαι,
2580 2190 2683 2245 ὅσα
2711 2191 2785 2261 μὴ
2815 2191 2976 2246 θέλω.
3005 2190 3113 2243 Kal
3142 2189 3538 2258 ἐπισκέψασθαι
3576 2190 3625 2253 ⁵,
3662 2192 3716 2241 εξ

445 2276 793 2344 quadratum.
820 2275 960 2345 Ergo
992 2277 1124 2330 illud
1151 2278 1294 2348 quod
1322 2279 1439 2332 volo
1478 2276 1673 2330 bonum
1725 2292 1828 2330 non
1861 2276 2025 2345 facio,

2118 2283 2206 2353 pi]
2234 2282 2323 2336 διὰ
2349 2282 2521 2336 ταῦτα
2549 2282 2688 2335 αύτά
2713 2283 2806 2336 καὶ
2834 2285 2863 2336 6
2897 2281 3059 2335 Δασὶδ
3090 2281 3413 2351 ἐνετύγχανε
3451 2281 3529 2351 τῷ
3561 2281 3718 2352 Θεῷ,

446 2367 534 2420 sed
558 2364 698 2435 quod
721 2368 842 2422 uolo
872 2368 1011 2437 facio
1040 2369 1260 2423 malum.
1293 2368 1547 2439 Cogitare
1604 2369 1750 2423 enim
1792 2369 1940 2433 nolo,
1972 2377 2027 2423 et

2126 2374 2495 2445 δυσχεραίνων
2526 2375 2617 2426 ἐπὶ
2644 2374 2722 2444 τῷ
2749 2372 3059 2442 λογίζεσθαι
3091 2374 3187 2427 καὶ
3214 2373 3378 2428 αὐτὸν
3405 2373 3441 2427 ἃ
3473 2374 3548 2444 μὴ
3579 2373 3715 2444 ἤθε-

442 2475 567 2529 qua:
596 2461 722 2515 nolo
754 2468 935 2515 tamen
976 2462 1177 2531 cogito.
1211 2463 1384 2531 Atque
1425 2460 1555 2514 illud
1592 2461 1788 2525 videte,
1820 2476 2025 2531 quaeso,

2126 2465 2248 2518 λεν·
2297 2465 2441 2521 ’Δπὸ
2487 2465 2606 2519 τῶν
2642 2468 2909 2536 κρυφίων
2953 2484 3068 2535 μου
3113 2465 3441 2535 καθάρισόν
3477 2484 3575 2535 με,
3610 2468 3718 2520 καὶ

445 2568 629 2606 annon
654 2552 898 2607 eamdem
951 2554 1022 2607 ob
1057 2568 1280 2607 causam
1316 2551 1482 2606 David
1526 2550 1632 2605 Deo
1671 2552 2025 2623 supplicaret,

2125 2556 2245 2611 ἀπὸ
2280 2556 2617 2625 ἀλλοτρίων
2645 2558 2846 2627 φεῖσαι
2878 2558 2985 2612 τοῦ
3014 2558 3241 2612 δούλου
3276 2575 3412 2612 σου.
3448 2559 3591 2611 Ἐὰν
3619 2560 3709 2628 μή

445 2645 663 2715 indigne
681 2644 884 2706 ferens,
902 2645 1044 2715 quod
1063 2660 1125 2700 ea
1155 2661 1276 2716 qua:
1302 2646 1483 2699 minus
1510 2644 1671 2698 vellet
1699 2646 1883 2699 animo
1906 2660 2029 2714 pcr-

2121 2667 2241 2719 μου
2285 2650 2820 2717 καταχιιριεύσιικγι,
2863 2650 2998 2703 τότε
3041 2649 3277 2720 ἄμωμος
3326 2650 3559 2718 ἔσομαι,
3607 2650 3711 2702 καί

442 2746 736 2793 tractaret:
759 2737 837 2789 Ab
871 2737 1109 2800 occultis,
1149 2738 1347 2807 inquit,
1373 2738 1498 2791 meis
1525 2736 1721 2789 munda
1752 2753 1852 2801 me,
1878 2746 1928 2791 et
1959 2738 2025 2790 ab

2126 2738 2643 2807 καθαρισθήσομαι
2674 2739 2795 2793 ἀπὸ
2830 2739 3122 2808 ἁμαρτίας
3142 2738 3432 2808 μεγάλης.
3460 2738 3571 2790 Kal
3613 2739 3720 2791 αύο

452 2831 639 2883 alienis
671 2845 828 2899 parce
844 2846 988 2883 servo
1017 2839 1126 2883 tuo.
1169 2830 1229 2885 Si
1266 2831 1365 2883 mei
1400 2846 1503 2883 non
1526 2830 1720 2899 fuerint
1743 2829 2025 2895 dominati,

2125 2830 2215 2893 τὸς
2258 2830 2315 2883 δὲ
2348 2832 2376 2883 6
2419 2831 2738 2894 Ἀπόστολος
2769 2834 2829 2884 ἐν
2876 2832 3080 2903 ἑτέρῳ·
3124 2830 3461 2899 Λογισμοὺς
3504 2834 3716 2885 καθαι-

446 2934 568 2975 tunc
585 2923 957 2977 immaculatus
975 2939 1086 2986 ero,
1106 2933 1155 2977 et
1174 2923 1501 2977 emundabor
1517 2942 1548 2975 a
1569 2922 1758 2977 delicto
1778 2939 1967 2993 magno
1984 2925 2025 2971 ¹.

2117 2920 2392 2992 ροῦντες,
2423 2922 2521 2975 καί
2568 2922 2691 2977 πᾶν
2725 2924 2944 2992 ὕψωμα
2985 2924 3381 2993 ἐπαιρόμενον
3412 2923 3561 2975 κατὰ
3595 2923 3715 2989 τῆς

446 3017 551 3071 Sed
601 3023 655 3069 et
710 3014 1005 3083 Apostolus
1068 3015 1175 3068 alio
1232 3015 1288 3068 in
1343 3015 1462 3069 loco
1492 3032 1503 3067 :
1533 3014 1889 3083 Cogitationes
1930 3013 2026 3067 de-

2124 3012 2403 3084 γνώσεως
2444 3014 2552 3071 τοῦ
2612 3014 2793 3079 Θεοῦ,
2846 3015 2945 3068 καὶ
3008 3014 3537 3083 αἰχμαλωτίζοντες
3582 3014 3717 3069 πᾶν

447 3117 705 3160 struentes
756 3115 803 3159 et
836 3122 1040 3159 onmem
1085 3105 1442 3168 altitudinem,
1477 3121 1594 3175 qua:
1632 3104 1904 3159 extollitur
1927 3104 2059 3185 (ιιι-⁴

2049 3131 2092 3189 C
2124 3106 2320 3175 νόημα
2343 3108 2429 3173 εις
2460 3105 2574 3173 τὴν
2598 3105 2876 3160 ὑπακοὴν
2904 3105 3010 3161 τοῦ
3038 3106 3315 3176 Χριστοῦ.
3636 3108 3642 3117 ’

446 3208 623 3247 rersus
655 3192 999 3260 cognitionem
1034 3189 1150 3255 Dei,
1179 3189 1340 3260 585
1378 3199 1426 3245 et
1462 3190 1780 3257 captivantes
1820 3206 2024 3244 onmem

451 3281 771 3338 intellectum
800 3284 854 3335 in
886 3282 1185 3351 obsequium
1210 3282 1473 3335 Christi‘.

515 3370 691 3425 LVIII.
730 3368 849 3432 iam
873 3386 1002 3425 vero
1018 3371 1209 3440 siquis
1237 3370 1503 3441 relragari
1529 3370 1616 3426 his
1645 3370 1809 3425 dictis
1853 3386 2023 3425 ausus

2197 3375 2327 3430 Nll'.
2348 3376 2409 3428 Ei.
2426 3375 2482 3428 δέ
2508 3391 2592 3438 τις
2628 3374 2792 3445 ὁμόσε
2808 3374 2886 3446 τῷ
2916 3375 3058 3445 λόγῳ
3097 3375 3461 3447 ίέναιτολμῶν
3475 3378 3718 3450 ἀποκρί-

444 3463 688 3532 obiiciat,
723 3462 909 3517 doceri
942 3462 1044 3515 hoc
1079 3462 1147 3517 ab
1183 3464 1470 3532 Apostolo,
1504 3477 1611 3516 non
1644 3462 1710 3517 ad
1734 3464 2021 3532 cogitatio-

2124 3483 2287 3528 νοιτο,
2320 3465 2395 3529 ὡς
2423 3466 2533 3537 ἄρα
2555 3465 2800 3519 διδάσκει
2825 3466 2854 3517 6
2891 3466 3231 3529 Ἀπόστολος,
3265 3467 3339 3529 ὡς
3363 3467 3425 3519 ού
3456 3469 3615 3538 μόνον
3653 3473 3722 3524 ἐν

447 3570 567 3609 nem
589 3556 751 3608 modo
774 3553 1083 3623 mali,quod
1126 3568 1446 3608 aversamur
1471 3553 1726 3623 quodque
1761 3552 2019 3621 fugimus,

2123 3556 2199 3627 τῷ
2229 3556 2536 3625 λογίζεσθαι
2568 3554 2630 3608 τὸ
2672 3554 2861 3617 κακὸν,
2900 3555 2928 3605 6
2960 3554 3247 3624 μισοῦμεν,
3282 3557 3373 3609 καὶ
3403 3555 3431 3608 6
3462 3558 3524 3610 ού
3557 3558 3717 3612 θέλο-

446 3646 540 3701 sed
576 3654 629 3701 et
662 3646 727 3700 ad
752 3661 891 3716 opus
922 3648 1098 3717 ipsum
1146 3655 1198 3701 et
1238 3647 1505 3701 actionem
1538 3647 1629 3699 illa
1660 3647 1873 3709 referri,
1894 3662 2017 3701 cum

2126 3664 2247 3718 μεν,
2279 3646 2417 3701 ἀλλά
2442 3648 2536 3701 καὶ
2565 3646 2624 3699 ἐν
2651 3645 2730 3715 τῷ
2767 3650 2944 3699 ποιεῖν
2994 3646 3126 3699 αὐτὸ
3157 3648 3249 3700 καὶ
3281 3648 3714 3720 κατεργάζεθαι,

446 3741 523 3793 sic
555 3739 797 3809 loquitur
826 3756 839 3792 :
873 3737 996 3791 Non
1028 3738 1167 3791 enim
1202 3737 1339 3807 quod
1374 3738 1485 3791 volo
1517 3738 1657 3806 facio
1692 3737 1903 3802 bonum,
1930 3739 2019 3792 sed

2120 3740 2335 3802 διάτοῦ,
2370 3741 2454 3793 Οὐ
2486 3738 2597 3809 γὰρ
2658 3738 2691 3792 6
2746 3738 2896 3792 θέλω
2946 3739 3115 3806 ποιῶ,
3159 3739 3427 3810 λελέχθαι,
3452 3743 3718 3811 ἀγαθὸν,

444 3832 579 3901 quod
609 3832 729 3886 nolo
751 3832 951 3885 malum
981 3831 1077 3885 hoc
1112 3831 1293 3900 facio;
1356 3830 1501 3885 hunc
1555 3830 1739 3900 igitur,
1796 3832 1888 3900 qui
1938 3831 2019 3885 sic

2120 3831 2282 3887 ἀλλὰ
2311 3831 2343 3883 ὃ
2369 3834 2440 3885 οὑ
2470 3831 2625 3885 θέλω
2650 3830 2838 3884 κακὸν
2861 3830 3035 3884 τοῦτο
3058 3829 3345 3899 πράσσω·
3381 3833 3722 3904 ἀξιώσωμέν

445 3924 821 3987 ratiocinetur,
877 3923 921 3978 si
964 3923 1126 3977 modo
1178 3937 1305 3976 vera
1347 3919 1501 3985 dicit,
1537 3922 2021 3991 explicarejubea-

2120 3941 2244 3988 που,
2280 3924 2329 3975 εί
2370 3921 2548 3992 ἀληθῆ
2588 3920 2736 3989 λέγει
2764 3920 2795 3973 6
2824 3918 2999 3973 ταῦτα
3045 3919 3239 3988 λέγων,
3273 3920 3601 3991 διασαφῆσαι
3649 3926 3717 3978 τί

446 4034 587 4076 mus.
619 4015 892 4086 quodnam
910 4026 1055 4070 esset
1080 4016 1280 4068 malum
1311 4012 1465 4078 illttd,
1487 4013 1632 4083 quod
1662 4028 1784 4068 cum
1814 4015 2019 4069 odisset

2118 4013 2185 4087 ἦν
2210 4014 2276 4068 τὸ
2301 4017 2468 4069 κακὸν
2497 4015 2525 4066 6
2548 4013 2730 4088 ἐμίσει
2752 4014 2782 4066 6
2822 4012 3166 4077 Ἀπόστολος,
3196 4016 3291 4065 καὶ
3315 4014 3413 4066 οὐκ
3443 4014 3722 4083 ἠϐούλετο

449 4108 769 4179 Apostolus,
827 4122 1003 4176 neque
1039 4105 1218 4160 facere
1250 4105 1432 4167 vellet,
1467 4105 1822 4160 nihilominus
1875 4103 2017 4159 face-

2122 4109 2221 4178 μέν
2273 4109 2469 4170 ποιεῖν,
2519 4104 2692 4157 ἐποίει
2729 4104 2811 4167 δὲ,
2854 4104 2949 4157 καὶ
2993 4103 3198 4171 ἀγαθὸν
3227 4104 3256 4157 6
3300 4103 3551 4157 ἐδούλετο
3599 4106 3720 4175 μὲν

444 4210 669 4266 ret;aut
699 4199 830 4254 illud
881 4200 1193 4253 econtrario
1217 4200 1439 4261 bonum,
1465 4197 1609 4267 quod
1635 4211 1759 4251 cum
1783 4198 2018 4252 maxime

2120 4200 2315 4261 ποιεῖν,
2360 4197 2462 4250 ούκ
2518 4196 2695 4249 ἐποίει
2744 4195 2836 4248 δέ’
2889 4196 3027 4249 ἀλλὰ
3083 4196 3449 4266 ἀντιστρόφως
3511 4197 3716 4263 ὁσάκις

442 4293 604 4347 vellet
664 4300 942 4363 praestare,
1013 4302 1361 4360 nequaquam
1414 4297 1649 4359 poterat.
1718 4286 1830 4343 Imo
1888 4304 2018 4343 vero

2123 4291 2221 4360 μὲν
2268 4288 2428 4360 ἡθελε
2490 4291 2715 4359 ποιῆσαι
2746 4288 2808 4340 τὸ
2864 4287 3090 4356 ἀγαθὸν,
3151 4288 3475 4351 τοσαυτάκις
3528 4289 3590 4341 οὐ
3643 4293 3715 4343 τὸ

442 4385 655 4454 quoties
717 4392 932 4453 patrare
987 4382 1187 4437 bonum
1244 4383 1426 4444 vellet,
1487 4397 1595 4435 non
1629 4380 1773 4450 quod
1802 4382 2015 4435 volebat

2117 4380 2320 4449 ἀγαθὸν
2375 4380 2405 4433 6
2459 4379 2681 4451 ἢθελεν,
2746 4377 2882 4432 ἀλλά
2938 4379 3001 4431 τδ
3050 4378 3286 4448 πονηρὸν
3313 4378 3342 4431 6
3380 4379 3453 4448 μὴ
3508 4378 3717 4447 ἤθελεν

442 4479 667 4539 bonum,
697 4475 792 4531 sed
813 4475 959 4545 quod
988 4475 1207 4528 nolebat
1229 4474 1429 4527 malum
1463 4474 1639 4543 reipsa
1679 4472 2010 4542 perficiebat.
2046 4470 2054 4524 l

2120 4468 2312 4522 émlst.
2358 4463 2504 4538 Ἀρα
2560 4467 2669 4537 γὰρ
2720 4467 2781 4520 ού
2842 4466 3010 4520 θέλων
3068 4469 3491 4538 είδωλολατρεῖν,
3562 4469 3714 4523 ἀλλὰ

444 4568 764 4623 Utrumuam
796 4568 1021 4623 deorum
1072 4567 1304 4633 exetupli
1339 4566 1513 4634 gratia
1558 4566 1807 4619 venerari
1840 4566 2015 4619 simu-

2112 4558 2443 4629 θεολατρεῖν,
2475 4558 2504 4610 6
2563 4559 2661 4628 μὲν
2702 4557 2862 4627 ἡθελε
2906 4558 3235 4630 θεολατρεῖν,
3302 4560 3403 4612 ούκ
3446 4558 3710 4628 ἠδύνατο,

441 4664 586 4716 lacra
617 4662 830 4724 nolens,
865 4660 959 4714 sed
988 4673 1118 4713 vero
1167 4658 1275 4711 Deo
1328 4658 1537 4710 cultum
1597 4658 1879 4721 adhibere,
1915 4658 2019 4711 hoc

2111 4651 2141 4703 6
2185 4652 2242 4705 δὲ
2297 4651 2372 4722 μὴ
2427 4650 2616 4722 ἤθελεν
2676 4649 3102 4721 είδωλολατρεῖν,
3167 4650 3432 4719 ¹ίγδύνατος
3479 4651 3548 4702 Ἦ
3599 4668 3711 4705 σω-

439 4753 586 4823 quod
623 4752 879 4821 cupiebat
920 4750 1138 4819 assequi
1191 4764 1301 4803 non
1345 4757 1587 4818 poterat;
1620 4748 1765 4817 quod
1800 4748 2020 4803 nolebat

2116 4747 2332 4817 φρονεῖν
2372 4743 2470 4813 μὲν
2493 4743 2521 4795 6
2562 4742 2753 4811 ἢθελεν
2790 4742 2891 4794 οὐκ
2920 4741 3116 4805 ἐποίει,
3155 4740 3564 4796 ἀκολασταίνειν
3592 4742 3651 4795 δὲ
3676 4746 3720 4798 ὃ

440 4857 643 4905 autem.
680 4855 738 4899 ut
770 4844 1066 4897 simulacra
1103 4840 1328 4900 coleret,
1360 4840 1464 4894 hoc
1503 4855 1629 4893 vero
1653 4840 1908 4909 poterat?
1935 4842 2018 4893 An

2117 4840 2313 4909 ἤχθετο
2336 4840 2539 4901 ἐποίεις
2568 4840 2678 4891 Kal
2704 4836 3004 4908 συλλήϐδην
3029 4837 3362 4907 κραιπαλᾷν,
3393 4837 3532 4891 ἀλλά
3564 4840 3712 4892 ἀσω-

438 4955 562 4991 cum
614 4942 978 5004 temperanter
1030 4931 1189 4985 vellet
1234 4932 1436 4994 vivere,
1470 4946 1817 5001 nequaquam
1848 4931 1898 4984 id
1934 4932 2019 4984 fa-

2116 4930 2368 4983 τεύεσθαι
2401 4928 2494 4982 καὶ
2539 4928 2865 4999 θυμοῦσθαι,
2905 4928 3131 4991 ἀδικεῖν,
3174 4930 3268 4982 καὶ
3307 4929 3378 4981 τὰ
3418 4929 3555 4983 ἄλλα
3598 4931 3709 5000 τῆς

437 5031 637 5090 ciebat,
670 5025 923 5081 libidines
949 5039 1075 5077 vero
1109 5037 1173 5075 ac
1203 5020 1431 5090 ﬂagitia,
1476 5021 1678 5090 quibus
1706 5021 2020 5077 offendeba-

2114 5024 2380 5093 πονηρίας
2414 5021 2571 5093 ἔργα,
2602 5020 2639 5075 ἃ
2675 5023 2750 5091 μὴ
2778 5020 2967 5092 ἢθελεν
2998 5021 3171 5075 ἐποίει
3218 5022 3338 5092 μὲν,
3366 5022 3403 5076 ἃ
3425 5022 3482 5076 δὲ
3513 5021 3706 5091 ἤθελε,

440 5131 547 5183 tur,
582 5120 691 5173 vita
727 5134 789 5172 ac
816 5117 975 5171 factis
1001 5117 1381 5185 exprimebat?
1412 5116 1587 5185 Atque
1622 5122 1679 5167 ut
1701 5116 2017 5169 summatim

2112 5114 2461 5185 δικαιοσύνην
2495 5114 2589 5167 καὶ
2621 5112 2901 5183 ὁσιότητα,
2929 5113 3031 5166 οὐκ
3068 5114 3279 5178 ἐποίει;
3313 5114 3422 5167 Καὶ
3462 5113 3568 5183 μὴν
3599 5114 3706 5166 αύο

438 5212 713 5281 colligam,
764 5207 1044 5278 crapulam
1122 5220 1185 5259 ac
1220 5208 1430 5272 luxum,
1472 5208 1631 5271 iram,
1665 5206 2014 5276 iniustitiam,

2111 5206 2237 5271 τὸς,
2289 5205 2348 5258 ἐν
2394 5207 2516 5267 ταῖς
2578 5204 2925 5274 Ἐκκλησίαις
2976 5205 3359 5276 προτροπάδην
3406 5204 3705 5274 ἐξεγείρων

437 5312 742 5371 cauteraque
790 5299 1156 5369 improbitatis
1178 5298 1374 5360 ollicia,
1410 5314 1534 5352 cum
1564 5300 1749 5361 nollet,
1783 5314 2016 5369 usurpa-

2114 5297 2321 5360 πάντας
2354 5298 2433 5360 είς
2466 5295 2528 5348 τὸ
2567 5295 2642 5367 μὴ
2682 5297 2921 5367 ἀνομεῖν,
2956 5298 3017 5351 οὐ
3059 5299 3219 5368 μόνον
3255 5300 3381 5361 τοὺς
3413 5296 3703 5362 ποιοῦντας

440 5397 563 5459 bat;
597 5408 719 5463 qua:
748 5394 909 5447 vellet
935 5399 1136 5453 autem,
1162 5390 1431 5459 justitiam
1490 5404 1554 5442 ac
1587 5391 2008 5444 sanctimoniam

2114 5390 2209 5443 καὶ
2249 5389 2666 5459 ἐπιτηδεύοντας
2710 5388 2789 5442 τᾶ
2807 5388 2985 5443 ἄτοπα
3029 5389 3237 5461 ὀλέθρῳ
3284 5389 3568 5461 τηρεῖσθαι
3604 5391 3701 5443 καὶ

438 5487 743 5542 consectari
793 5501 899 5539 non
932 5482 1188 5554 poterat?
1225 5482 1387 5551 Atqui
1429 5482 1571 5535 idem
1616 5482 1705 5535 ille
1731 5482 1923 5536 mediis
1954 5483 2007 5534 in

2113 5480 2250 5552 ὀργῇ
2280 5482 2592 5551 παρεγγυᾷ,
2630 5480 2766 5535 ἀλλά
2800 5483 2893 5535 καὶ
2924 5482 3050 5544 τοὺς
3104 5479 3556 5543 συνευδοκοῦντας
3609 5480 3700 5533 αὐ-

442 5578 706 5633 Ecclesiis
738 5592 948 5631 summa
975 5591 1162 5629 omnes
1193 5574 1360 5628 animi
1402 5575 1751 5627 contentione
1789 5574 1855 5626 ml
1890 5574 2007 5628 evi-

2113 5576 2227 5635 τοῖς
2256 5572 2335 5635 είς
2384 5572 2553 5637 αὑτὰς
2600 5574 2801 5644 ἀμιγὲς
2838 5574 3112 5645 ἁμαρτίας
3146 5575 3205 5627 ἐν
3231 5575 3365 5644 ἡμῖν
3394 5572 3455 5625 τὸ
3492 5570 3707 5625 δίκαιον

513 5734 531 5767 ⁸
567 5729 707 5786 Psal.
740 5744 891 5795 xvttt,
924 5728 1005 5792 I5,
1044 5729 1125 5782 I4.
1202 5730 1223 5761 ³
1255 5726 1294 5781 ll
1324 5726 1446 5782 Cor.
1475 5742 1529 5792 Σ,
1555 5728 1606 5782 ὅ.
1686 5729 1705 5758 ³
1739 5728 1863 5782 Cor.
1899 5728 2041 5793 μηδ’.
2120 5728 2125 5753 λ

1044 5729 1125 5782 14.
1202 5730 1223 5761 ³
1255 5726 1294 5781 ll
1324 5726 1446 5782 Cor.
1475 5742 1529 5792 Σ,
1555 5728 1606 5782 ὅ.
1686 5729 1705 5758 ³
1739 5728 1863 5782 Cor.
1899 5728 2041 5793 μηδ’.
2120 5728 2139 5759 ⁵
2168 5726 2227 5781 F.
2260 5727 2647 5788 émcxé'Lao'OE.
