4082 6394
352 382 491 450 1169

1020 387 1391 443 ADVERSUS
1431 388 1773 445 ll.~ERESES
1811 390 1939 446 LIB.

2062 434 2066 444 .
2123 390 2292 450 TOM.
2335 393 2449 447 1.-
2490 392 2765 449 ΙΙιΕῙίΕδ.
2807 390 2991 449 LXIV.

3461 354 3598 449 uio

351 501 634 557 ἀσκεῖσθαι
686 501 1135 573 διαμιλλώμενος.
1170 505 1287 558 Πᾶν
1327 504 1439 577 γὰρ
1487 506 1792 580 ἁμάρτημα
1836 508 1959 567 καὶ,

2062 511 2194 565 anda
2211 511 2419 567 scelera
2451 512 2770 576 cohortans,
2795 526 2903 564 non
2934 527 3028 567 eos
3047 510 3219 565 solum
3241 509 3332 580 qui
3353 507 3599 566 facinora

351 595 691 666 ἐπιτήδευμα
716 596 779 647 τὸ
818 595 1191 667 συμπέρασμα
1225 599 1420 652 κτᾶται
1448 598 1536 653 διὰ
1572 600 1673 670 τῆς
1707 601 1928 668 σαρκός.

2029 611 2431 671 perpetrarent,
2460 603 2637 673 iisque
2690 603 2998 664 studerent,
3027 600 3093 655 ad
3122 602 3347 655 exitium
3379 608 3432 654 et
3464 601 3598 657 iram

353 688 619 751 Πολλάκις
651 688 780 756 γοῦν
813 689 871 741 ἐν
913 690 1034 751 ταῖς
1072 687 1414 754 Ἐπιστολαῖς
1456 691 1760 762 ἀναφανδὸν
1793 694 1933 747 αύτά

2062 694 2126 748 Dei
2160 693 2524 749 reservandos
2571 691 2890 755 admonuit,
2943 690 3036 745 sed
3086 699 3139 745 et
3179 690 3303 747 illos
3356 690 3599 761 insuper,

353 780 417 849 δὴ
444 779 618 833 ταῦτα
650 778 918 833 διδάσκων
951 781 1101 850 ἡμᾶς
1129 780 1570 854 ὑπεκτρέπεσθαι
1601 785 1695 839 καί¹
1730 788 1931 856 μισεῖν,

354 874 518 944 φησι·
548 873 605 926 Μ
614 873 647 941 ἡ
689 873 1006 928 πλανᾶσθε
1026 890 1040 904 ·
1082 874 1223 927 οὔτε
1257 876 1490 943 πόρνοι,
1520 877 1659 931 οὔτε
1698 877 1936 932 εἰδωλο-

355 966 586 1034 λάτραι,
601 967 738 1020 οὔτε
753 966 975 1035 μοιχοὶ,
994 966 1133 1020 οὔτε
1142 967 1427 1036 μαλακοὶ,
1444 969 1582 1023 οὔτε
1593 970 1941 1038 ἀρσενοκοῖ-

357 1073 470 1123 ται,
500 1058 641 1112 οὔτε
659 1059 931 1121 κλέπται,
954 1059 1092 1111 οὔτε
1104 1059 1483 1124 πλεονέκται,
1504 1060 1642 1115 οὔτε
1662 1061 1939 1130 μέθυσοι,

355 1152 432 1205 οὐ
461 1150 755 1219 λοίδοροι,
793 1151 905 1220 οὐχ
941 1150 1202 1221 ἅρπαγες
1230 1153 1560 1217 ,βασιλείαν
1593 1153 1741 1208 Θεοῦ
1792 1157 1938 1222 κλη-

353 1241 788 1310 ρονομήσουσι.

2031 786 2123 856 qui
2155 801 2280 840 cum
2311 785 2378 841 iis
2420 785 2474 838 in
2498 782 2766 853 ejusmodi
2818 783 3119 839 sceleribus
3148 784 3523 838 consentirent
3554 785 3599 836 ³.

2032 879 2181 934 Adeo
2260 893 2397 949 pura
2450 892 2513 932 ac
2569 877 2784 931 sincera
2821 876 2891 931 ab
2918 875 3067 931 omni
3121 876 3243 932 labe
3290 875 3517 946 iustitiae
3573 892 3603 930 a

2045 972 2205 1028 nobis
2279 971 2455 1031 ofﬁcia
2525 973 2772 1043 przestari
2830 986 3159 1043 magnopere
3224 971 3604 1027 contendebat.

2043 1064 2256 1135 Quippe
2313 1073 2597 1135 peccatum
2660 1079 2822 1118 omne
2877 1078 2941 1117 ac
2989 1070 3221 1118 conatus
3275 1063 3609 1118 adminiculo

2043 1155 2228 1211 carnis
2279 1154 2346 1209 ad
2390 1154 2640 1210 effectum
2673 1154 3009 1225 perducitur.
3049 1153 3409 1221 Quamobrem
3443 1170 3608 1224 saepe-

2042 1262 2272 1302 numero
2320 1247 2374 1301 in
2424 1246 2682 1318 Epistolis
2736 1247 2925 1303 eadem
2974 1248 3067 1302 illa
3120 1246 3409 1302 manifeste
3452 1246 3611 1301 nobis

362 1332 665 1397 inculcans,
697 1331 884 1403 fugere
930 1336 1282 1407 aversarique
1317 1334 1493 1406 jubet.
1535 1334 1720 1391 Nolite
1757 1353 1963 1403 errare,
2016 1339 2221 1410 inquit,
2256 1354 2417 1409 neque
2468 1339 2854 1408 fornicatores,
2911 1355 3073 1409 neque
3124 1338 3461 1404 idololatrw,
3525 1354 3610 1392 nec

361 1423 614 1489 adulteri,
663 1441 824 1495 neque
853 1426 1057 1491 molles,
1096 1444 1256 1494 neque
1315 1428 1676 1483 masculorum
1723 1433 2117 1496 concubitores,
2168 1447 2328 1502 neque
2381 1431 2546 1500 fures,
2589 1448 2679 1485 nec
2737 1432 2906 1495 avari,
2945 1448 3036 1484 nec
3085 1431 3247 1495 ebrii,
3282 1447 3444 1501 neque
3492 1447 3612 1485 con-

362 1520 659 1582 viciatores,
684 1534 843 1588 neque
872 1528 1109 1590 raptores
1139 1537 1355 1591 regnum
1384 1520 1485 1576 Dei
1517 1522 1854 1589 possidebunt
1886 1523 1925 1575 ⁸.

434 1636 545 1689 Καὶ
588 1636 648 1690 τὸ
686 1637 1133 1708 κορυφαιότατον,
1187 1640 1266 1702 είς
1298 1641 1362 1693 τὸ
1405 1639 1753 1695 παντάπασιν
1797 1642 1945 1713 ἡμᾶς

362 1728 429 1779 ἐκ
472 1727 671 1791 παντὸς
713 1727 1015 1799 ἀποδράναι
1053 1728 1148 1781 καὶ
1190 1730 1623 1797 ἁποτινάξασθαι
1665 1731 1728 1784 τὸ
1764 1732 1947 1803 ἀμαρ-

364 1819 543 1872 τάνειν
577 1819 933 1890 προτρέπων,
967 1821 1228 1889 Μιμηται
1253 1840 1398 1890 μου,
1427 1824 1818 1893 ἀποφαίνεται,
1861 1824 1947 1894 τι-

365 1913 566 1975 νεσθε,
618 1912 883 1980 καθάπερ
925 1911 1087 1985 κάγὼ
1126 1913 1411 1981 Χριστοῦ.
1445 1916 1519 1968 Οὐ
1568 1916 1629 1968 τὸ
1664 1917 1679 1947 ¹
1709 1918 1881 1968 ποιεῖν
1913 1914 1950 1969 ἃ

370 2002 445 2074 μὴ
467 2002 626 2073 ἤθελε
653 2003 748 2057 καὶ
773 2004 1034 2076 πράττειν
1054 2005 1286 2059 ὑπέθετο
1305 2006 1375 2059 τά
1398 2006 1790 2079 προειρημένα,
1818 2006 1953 2061 ἀλλά

367 2093 445 2164 τῷ
474 2095 634 2165 μόνον
668 2095 1000 2165 λογίζεσθαι.
1038 2095 1192 2148 Ἐπεὶ
1227 2094 1346 2158 πῶς
1370 2095 1435 2148 ἂν
1532 2097 1776 2167 μιμητὴς
1804 2099 1956 2169 ἀκρι-

370 2185 470 2256 6ὴς
498 2185 590 2238 τοῦ
640 2184 912 2258 Χριστοῦ;
960 2188 1097 2241 Νυνὶ
1138 2186 1214 2251 δὲ,
1274 2187 1571 2260 ἐπειδήπερ
1622 2190 1954 2260 ἐμπίπτουσι

368 2277 658 2349 θηριώδεις
685 2279 943 2344 πολλάκις
971 2278 1242 2350 λογισμοὶ,
1267 2278 1566 2351 ἐπιθυμίας
1595 2281 1743 2352 ἡμᾶς
1766 2279 1954 2336 ἄλλοτε

370 2370 544 2434 ἄλλως
573 2372 959 2443 ἐμπιπλῶντες
994 2371 1087 2425 καὶ
1115 2374 1531 2445 περιεργασίας,

424 2467 455 2485 Ξ,

561 2502 731 2557 Ἰιΰτε
748 2505 981 2574 μυιάων
1008 2504 1269 2559 ἁδινάων
1296 2504 1476 2560 ἔθνεα
1499 2504 1704 2559 πολλά
1725 2523 1737 2536 ·

372 2640 477 2711 ἔφη
506 2640 587 2706 τὸ,
634 2642 699 2695 Ὃ
751 2642 859 2714 γὰρ
907 2642 969 2695 οὐ
1013 2642 1173 2705 θέλω,
1221 2642 1380 2698 τοῦτο
1426 2644 1588 2711 ποιῶ,
1631 2643 1760 2715 ἄχρι
1787 2646 1808 2676 ⁸
1859 2630 1983 2715 τῆς

373 2733 550 2804 ψυχῆς
608 2734 894 2808 εὐθαρσῶς
952 2736 1262 2803 ἀποσοϐεῖν,
1320 2737 1526 2809 μηδένα
1578 2738 1718 2802 ὅλως
1763 2738 1844 2801 είς
1897 2736 1959 2791 τὸ

376 2823 597 2893 ποιῆσαι
616 2824 684 2877 τὰ
711 2824 803 2877 ὑπ’
828 2825 1008 2880 αὐτῶν
1032 2827 1389 2899 ὑπηχούμενα
1409 2826 1683 2892 νεύοντας.
1715 2828 1830 2883 Ἵνα
1852 2828 1961 2898 γὰρ

376 2914 720 2987 ἐγκριθῶμεν
760 2919 838 2981 εἰς
867 2918 966 2987 τὴν
1011 2917 1287 2989 βασιλείαν
1324 2919 1433 2975 τῶν
1458 2920 1724 2989 οὐρανῶν,
1766 2921 1827 2975 ὲν
1856 2921 1962 2975 πά·-

380 3023 500 3069 σαις
525 3006 739 3077 ἡδοναῖς
773 3011 866 3063 καὶ
889 3008 1089 3074 λύπαις
1110 3010 1554 3081 δοκιμασθέντες,
1590 3013 1641 3065 εί
1670 3011 1746 3083 μὴ
1796 3028 1962 3083 μετα-

379 3097 726 3169 ϐαλλοίμεθα,
756 3101 891 3155 ἀλλά
924 3101 1223 3172 πανταχοῦ,
1250 3102 1503 3175 καθάπερ
1527 3104 1804 3175 ἀκήρατος
1834 3120 1963 3175 χρυ-

2121 1640 2351 1708 Deinde,
2407 1642 2553 1712 quod
2584 1650 2748 1712 caput
2797 1648 2903 1706 est,
2956 1649 3018 1697 ut
3067 1657 3169 1697 nos
3218 1641 3285 1696 ad
3336 1646 3614 1710 peccatum

2050 1734 2200 1789 omni
2242 1749 2347 1805 ope
2392 1734 2675 1789 vitandum
2717 1740 2773 1790 et
2818 1732 3207 1789 excutiendum
3266 1730 3568 1801 impelleret
3602 1750 3614 1786 :

1980 1858 2021 1913 Β
2053 1826 2359 1883 lmitatores
2384 1829 2507 1893 mei,
2536 1829 2735 1899 inquit,
2766 1836 2951 1893 estote,
2984 1829 3120 1882 sicut
3143 1836 3191 1882 et
3218 1842 3312 1896 ego
3340 1823 3542 1880 Christi
3574 1825 3616 1877 ⁸.

2054 1922 2133 1976 Ita
2176 1936 2288 1976 non
2322 1922 2531 1994 agendo
2577 1919 3097 1991 committendoque,
3144 1934 3265 1990 quae
3296 1917 3485 1980 nollet,
3528 1917 3618 1971 sed

2054 2012 2347 2084 cogitando
2395 2015 2573 2069 solum
2608 2014 2893 2085 superiora
2938 2013 3030 2067 illa
3061 2011 3364 2084 proposuit.
3404 2010 3619 2079 Alioqui

2054 2106 2148 2176 qui
2196 2112 2381 2177 posset
2420 2106 2662 2162 imitator
2698 2105 2904 2162 Christi
2945 2120 3069 2161 esse
3102 2104 3269 2176 586
3302 2101 3620 2173 perfectus!

2053 2197 2211 2252 Nunc
2253 2205 2456 2262 autem,
2506 2212 2630 2251 cum
2678 2209 2823 2266 saepe
2849 2194 3147 2250 bestiarum
3182 2191 3417 2264 propriae
3464 2190 3621 2247 nobis

2056 2286 2417 2358 cogitationes
2450 2286 2717 2349 incidant,
2748 2299 2871 2355 qua:
2902 2298 3005 2340 nos
3031 2283 3139 2337 alia
3172 2282 3308 2337 alias
3335 2281 3621 2353 cupiditate

2056 2391 2121 2431 ac
2146 2377 2464 2433 curiositate
2498 2376 2827 2446 compleant,

2130 2513 2437 2570 Huscarum
2468 2511 2629 2567 veluti
2668 2510 2952 2567 densarum
2976 2510 3224 2564 examina
3254 2507 3422 2562 multa
3445 2523 3464 2561 :

2059 2652 2288 2717 idcirco,
2325 2650 2440 2706 Non
2475 2648 2621 2720 quod
2645 2647 2792 2713 volo,
2820 2647 2978 2710 dixit,
3010 2646 3115 2701 hoc
3137 2644 3296 2700 facio.
3335 2643 3467 2710 Quae
3512 2643 3624 2712 qui-

2057 2746 2180 2801 dem
2221 2750 2538 2801 constanter
2586 2757 2652 2797 ex
2710 2742 2894 2795 animo
2942 2738 3211 2809 ejiéienda
3259 2743 3409 2799 sunt,
3459 2742 3518 2790 ut
3564 2735 3627 2789 ad

2058 2837 2269 2890 nullum
2303 2834 2550 2899 omnino,
2597 2831 2829 2888 faciendi
2862 2846 2983 2901 qua:
3023 2829 3263 2885 suaserit
3309 2825 3505 2898 gratia,
3536 2825 3624 2880 de-

2060 2928 2349 2984 clinemus.
2384 2925 2456 2981 Ut
2478 2925 2624 2982 enim
2656 2922 2726 2979 ad
2747 2922 2971 2979 caeleste
2994 2933 3223 2991 regnum
3269 2918 3629 2981 ascribamnr,

2060 3025 2350 3089 postquam
2390 3034 2487 3089 per
2518 3032 2709 3073 omnes
2756 3015 3065 3085 voluptates
3124 3028 3189 3068 ac
3228 3012 3446 3067 dolores
3490 3011 3628 3081 peri-

2063 3112 2246 3168 culum
2308 3112 2482 3168 nostri
2545 3110 2869 3173 fecerimus,
2949 3114 3261 3162 utrumnam
3325 3112 3629 3159 constantes

382 3190 494 3253 σὸς,
533 3190 623 3244 διά
666 3192 837 3263 πυρὸς
883 3192 1298 3265 βασανιζόμενοι
1340 3194 1442 3247 οὐκ
1488 3194 1817 3266 ὲξιστάμεθα
1863 3195 1959 3266 τῆς

2066 3208 2229 3270 atque
2262 3198 2629 3254 immutabiles
2661 3197 2857 3264 simus,
2883 3205 2939 3252 et
2981 3196 3185 3266 ubique
3216 3194 3520 3263 incorrupti
3549 3194 3630 3247 in-

379 3283 586 3347 οἰκείας
608 3285 829 3355 ἀρετῆς,
854 3303 916 3338 συ
925 3286 1140 3357 μϐαίνει
1162 3285 1340 3355 τοῦτο,
1373 3287 1701 3358 διοχλεῖσθαι
1723 3288 1814 3341 τὸν
1836 3286 1961 3342 νοῦν

356 3375 488 3439 ,ὑπὸ
518 3375 748 3430 πολλῶν.
781 3378 939 3431 Ὅθεν
981 3379 1047 3450 δὴ
1076 3380 1362 3448 γενναίως,
1394 3378 1584 3452 ὥσπερ
1627 3379 1963 3452 στρατιώτας

381 3467 654 3534 ἀρίστους,
676 3470 1246 3541 ἀντιπαρατάσσεσθαι
1266 3471 1367 3536 δεῖ,
1388 3471 1459 3538 οἳ,
1484 3471 1703 3525 ἐπειδὰν
1722 3470 1831 3526 ἀπὸ
1853 3471 1963 3525 τῶν

383 3560 589 3631 ἐχθρῶν
644 3562 939 3616 αἴσθωνται
1000 3564 1478 3635 πολιορκούμενοι,
1545 3564 1759 3629 τοξείας
1811 3565 1964 3620 οὐδὲν

384 3650 769 3719 φροντίσαντες
811 3653 1041 3707 καὶτῶν
1085 3654 1258 3710 ἄλλων
1296 3656 1478 3710 αὐτῶν
1521 3656 1963 3728 ἀκοντισμάτων,

386 3740 527 3812 ὑπὲρ
547 3742 641 3795 τοῦ
678 3744 849 3797 σῶσαι
875 3745 973 3817 τὴν
1004 3747 1158 3801 πόλιν
1184 3747 1481 3820 προθύμως
1508 3746 1597 3802 ἐπ’
1625 3748 1821 3813 αὐτοὺς
1855 3749 1966 3802 ἴεν-

384 3850 496 3895 ται,
539 3836 702 3906 μηδὲν
746 3837 1082 3903 ἐλλείποντες
1128 3841 1387 3912 σπουδῆς,
1423 3840 1536 3893 ἐστ’
1576 3841 1642 3895 ἂν
1682 3841 1746 3896 τὸ
1780 3844 1967 3911 στῖφος

385 3927 565 3980 αὐτῶν
594 3930 675 3991 εἰς
703 3929 880 4001 φυγὴν
911 3931 1310 4004 ἀνατρέψαντες
1338 3932 1665 3988 ἀπώσωνται
1691 3935 1799 3988 τῶν
1826 3936 1970 4006 ὅρων

387 4016 512 4081 ἔξω.
561 4018 724 4089 Ὁρᾷς
768 4021 897 4091 γὰρ,
925 4021 1002 4084 ὡς
1050 4023 1101 4074 οἱ
1145 4023 1397 4092 λογισμοὶ
1439 4022 1527 4077 διὰ
1571 4024 1669 4096 τὴν
1713 4024 1969 4081 οἰκοῦσαν

388 4108 663 4179 ἁμαρτίαν
689 4112 747 4162 ὲν
776 4112 908 4179 ἡμῖν
952 4111 1149 4175 ἔξωθεν
1178 4112 1639 4178 ὲπισυνίστανται,
1673 4115 1971 4187 καθαπερεῒ¹

390 4197 549 4261 κύνες
583 4199 906 4267 λυσσῶντες,
944 4201 977 4271 ἢ
1018 4202 1200 4273 ἄγριοι
1237 4203 1331 4255 καὶ
1357 4202 1579 4273 θρασεῖς
1623 4203 1818 4274 λῃσταὶ
1846 4206 1969 4259 καθ’

391 4292 545 4363 ἡμῶν
569 4293 656 4345 ἀεὶ
679 4293 1100 4365 παρορμώμενοι
1127 4295 1230 4348 ὑπὸ
1255 4294 1349 4347 τοῦ
1372 4294 1637 4366 τυράννου
1666 4296 1760 4349 καὶ
1784 4295 1973 4367 ἄρχον·-

389 4401 480 4447 τος
508 4384 606 4454 τῆς
638 4385 872 4450 ἀδικίας,
920 4386 1302 4457 δοκιμάζοντες
1329 4388 1497 4458 ἡμᾶς,
1530 4388 1578 4440 εί
1618 4386 1972 4443 ἀνθίστασθαι

392 4479 574 4540 αὐτοῖς
603 4478 881 4550 ἀρκοῦμεν
913 4478 1007 4533 καὶ
1035 4479 1632 4551 ἀντιπαρατάσσεσθαι.

2069 3300 2183 3347 star
2209 3288 2330 3344 auri
2361 3289 2485 3359 igne
2514 3295 2678 3357 atque
2718 3286 2970 3341 incendio
3006 3284 3239 3355 probati,
3275 3283 3411 3338 nihil
3446 3298 3476 3337 a
3510 3299 3632 3353 pro-

2070 3382 2189 3452 pria
2236 3380 2439 3435 virtute
2504 3377 2932 3437 desciverimus.
2991 3383 3105 3430 tum
3168 3389 3300 3431 vero
3365 3376 3633 3446 plerisque

2070 3478 2233 3529 rebus
2280 3473 2497 3529 animus
2542 3479 2731 3527 noster
2775 3468 3126 3540 perturbatur
3176 3474 3340 3537 atque
3396 3468 3634 3535 angitur.

2070 3565 2434 3633 Quamobrem
2470 3563 2684 3619 fortiter
2705 3577 2808 3618 nos
2839 3576 3029 3617 eorum
3052 3558 3341 3615 conatibus
3365 3573 3636 3629 opponere

2071 3658 2352 3714 debemus.
2387 3653 2851 3723 Quemadmodum
2893 3666 3080 3720 gerere
3118 3664 3178 3705 se
3205 3650 3404 3705 milites
3429 3650 3636 3713 solent;

2071 3748 2166 3818 qui
2195 3762 2319 3803 cum
2345 3762 2404 3803 se
2432 3746 2501 3800 ab
2528 3745 2780 3800 hostibus
2808 3741 3048 3797 obsideri
3087 3740 3293 3803 vident,
3323 3742 3515 3795 borum
3550 3754 3637 3793 sa-

2072 3840 2222 3911 gittis
2252 3853 2317 3893 ac
2361 3837 2560 3909 jaculis
2592 3835 2938 3904 contemptis,
2985 3832 3227 3888 tutandae
3271 3832 3422 3887 urbis
3465 3830 3638 3902 gratia

2074 3947 2273 4003 magno
2294 3931 2475 3985 animo
2504 3925 2919 3998 impressionem
2968 3925 3023 3979 in
3047 3939 3145 3980 eos
3180 3923 3389 3978 faciunt
3421 3943 3433 3977 :
3468 3937 3640 3990 neque

2074 4023 2373 4093 quidquam
2413 4017 2578 4075 studii
2628 4014 3066 4088 praetermittunt,
3108 4014 3283 4069 donec
3335 4012 3640 4067 confertum

2077 4116 2296 4170 illorum
2331 4111 2550 4181 globum
2597 4108 2918 4179 propulsent
2968 4113 3131 4176 atque
3159 4112 3313 4160 extra
3349 4105 3483 4159 ﬁnes
3512 4120 3642 4158 suos

2075 4205 2321 4275 ejiciant.
2351 4200 2517 4256 Vides
2544 4200 2689 4255 enim
2719 4198 2796 4253 uti
2826 4196 3183 4267 cogitationes
3208 4202 3431 4266 prapter
3457 4210 3635 4263 pecca-

2077 4308 2193 4353 tum
2226 4294 2381 4357 illud,
2412 4292 2556 4363 quod
2604 4291 2660 4344 in
2708 4288 2865 4345 nobis
2917 4287 3146 4351 habitat,
3176 4287 3521 4342 extrinsecus
3561 4286 3642 4339 in-

2078 4396 2326 4459 surgant,
2361 4386 2506 4441 velut
2535 4382 2708 4437 rabidi
2730 4380 2950 4451 quidam
2976 4393 3161 4442 canes,
3192 4379 3276 4431 vel
3314 4378 3551 4432 audaces
3581 4391 3644 4429 ac

2080 4477 2375 4538 truculenti
2423 4473 2738 4546 praedones.
2785 4485 2924 4541 quos
2955 4468 3209 4523 immanis
3248 4467 3337 4521 ille
3381 4476 3645 4538 tyrannus

389 4582 445 4627 et
476 4574 755 4643 injustitim
806 4575 1062 4645 princeps
1122 4577 1342 4631 assidue
1385 4576 1440 4629 in
1486 4591 1588 4632 nos
1641 4578 1906 4635 immittit.
1946 4581 2124 4655 Atque
2153 4580 2221 4635 ab
2262 4577 2331 4632 iis
2360 4571 2580 4645 quidem
2622 4568 2936 4640 probamur,
2972 4572 3155 4618 utrum
3208 4563 3460 4618 resistere
3511 4561 3646 4631 ipsis

393 4674 557 4736 atque
586 4681 653 4721 ex
679 4666 911 4722 adverso
936 4668 1084 4722 velut
1112 4667 1167 4721 in
1184 4667 1300 4723 acie
1332 4667 1636 4724 consistere
1663 4670 1959 4738 possimus.

462 4784 592 4837 NG'.
628 4783 764 4852 Ἀγε
804 4780 899 4836 οὖν
944 4784 1018 4854 μή
1059 4800 1189 4836 ποτε
1231 4781 1533 4835 ὑπενδοῦσα
1580 4782 1886 4854 ἀρπασθῇς,
1920 4778 1959 4837 ὦ

2140 4779 2275 4837 LIX.
2297 4779 2406 4847 Age
2427 4775 2631 4841 itaque,
2655 4769 2880 4830 vidcsis,
2908 4768 3111 4829 anima,
3136 4781 3203 4819 ne
3229 4763 3647 4833 iufractaqnan-

392 4873 557 4944 ψυχὴ,
593 4873 733 4943 πρὸς
763 4874 945 4934 αὐτὸν,
981 4874 1075 4926 καὶ
1110 4874 1208 4943 οὺχ
1237 4871 1432 4942 ἕξομεν
1478 4872 1619 4943 ὑπὲρ
1654 4872 1748 4926 σοῦ
1789 4872 1969 4927 δοῦναι

392 4962 584 5035 λύτρα.
618 4963 679 5015 Τί
703 4961 813 5031 γὰρ
850 4962 1381 5038 ἀντικατάλλαγμα
1414 4960 1612 5026 δώσει,
1644 4963 1830 5030 φησὶν,
1868 4962 1974 5016 ἄν-

395 5059 626 5123 θρωπος
662 5054 773 5123 τῆς
810 5054 1018 5124 ψυχῆς
1063 5054 1287 5117 αὐτοῦ;
1332 5053 1512 5107 Καλὸν
1547 5053 1645 5124 μὲν
1680 5049 1773 5108 οὖν
1815 5054 1864 5107 εί
1897 5052 1972 5124 μὴ

394 5148 635 5217 εἴχομεν,
664 5142 732 5217 ἦν
761 5145 891 5217 ἄρα,
923 5147 1019 5200 καὶ
1042 5145 1408 5216 χαρμὸτατον,
1435 5144 1561 5207 τοὺς
1587 5144 1975 5215 ἀντιπράσσον-

395 5256 494 5301 τας
522 5241 653 5310 ἡμῖν
683 5238 776 5292 καὶ
820 5237 1178 5308 μαχομένους.
1223 5237 1374 5289 Ἐπεὶ
1410 5236 1467 5289 δὲ
1499 5236 1659 5290 τοῦτο
1687 5235 1970 5299 ἀδύνατον,

397 5332 491 5383 καὶ
516 5330 545 5382 ὃ
583 5330 807 5400 θέλομεν
840 5329 902 5381 οὐ
947 5328 1242 5399 δυνάμεθα.
1285 5326 1521 5396 Θέλομεν
1561 5326 1667 5397 γὰρ
1718 5326 1793 5397 μὴ
1829 5325 1974 5395 ἔχειν

398 5423 521 5484 τοὺς
544 5420 860 5485 ἐξέλκοντας
887 5421 1033 5490 ἡμᾶς
1058 5422 1136 5482 εἰς
1156 5417 1302 5488 πάθη
1320 5437 1333 5449 ·
1362 5414 1431 5490 ἦν
1457 5417 1566 5488 γὰρ
1595 5417 1850 5486 ἀνιδρωτί
1872 5433 1976 5469 σω-

400 5513 581 5583 θῆναι,
625 5512 720 5565 καὶ
764 5511 793 5564 ὃ
826 5510 1051 5581 θέλομεν
1093 5509 1253 5563 τοῦτο
1283 5510 1342 5562 οὐ
1389 5509 1657 5577 γίγνεται,
1706 5507 1820 5560 ἀλλ’
1853 5507 1881 5559 ὃ
1912 5507 1972 5558 οὐ

400 5603 646 5675 θέλομεν.
686 5606 777 5657 Δεῖ
805 5604 914 5677 γάρ
950 5605 1096 5675 ἡμᾶς
1131 5602 1543 5674 δοκιμάζεσθαι,
1577 5602 1653 5665 ὡς
1696 5601 1851 5671 ἔφην.
1882 5603 1973 5669 Μὴ

2077 4873 2254 4942 doque
2276 4870 2330 4923 in
2353 4865 2483 4920 illud
2506 4873 2820 4918 transversa
2841 4858 3102 4927 rapiaris;
3127 4872 3226 4909 nec
3246 4855 3354 4908 ullo
3376 4862 3428 4908 te
3448 4855 3648 4907 redem-

2078 4964 2283 5037 ptionis
2307 4959 2482 5031 pretio
2511 4956 2745 5011 liberare
2784 4964 3078 5022 possumus
3104 4966 3116 5000 :
3142 4947 3315 5012 Quam
3341 4946 3476 5037 enim
3506 4961 3659 5037 τοιης

2079 5035 2423 5109 imitationem
2446 5046 2594 5101 dabit
2620 5045 2771 5098 homo
2791 5058 2887 5111 pro
2912 5042 3093 5095 anima
3114 5056 3214 5093 sua
3247 5038 3308 5091 “'2‘
3338 5036 3401 5089 Et
3430 5035 3646 5105 quidem

2080 5146 2375 5216 optandum
2404 5137 2535 5194 illud
2567 5142 2685 5191 erat
2717 5149 2782 5187 ac
2824 5130 3020 5186 laetitia:
3048 5128 3444 5198 plenissimum,
3468 5125 3648 5178 nullos

2080 5245 2141 5292 ut
2167 5230 2509 5290 adversarios
2552 5234 2715 5296 atque
2760 5224 2947 5278 hostes
2996 5221 3337 5275 haberemus.
3372 5218 3475 5272 Sed
3521 5234 3650 5287 quo-

2079 5329 2226 5383 niam
2260 5322 2375 5378 fteri
2420 5318 2564 5375 istud
2607 5332 2717 5370 non
2772 5320 2970 5383 potest,
3001 5319 3056 5373 et
3091 5310 3236 5379 quod
3264 5310 3512 5363 volumus
3556 5324 3650 5361 ne-

2080 5428 2352 5487 quaquam
2370 5408 2734 5477 assequimur.
2757 5402 3022 5456 Volumus
3038 5401 3180 5454 enim
3204 5399 3400 5452 habere
3418 5397 3649 5455 milium,

2081 5508 2172 5578 qui
2201 5520 2302 5561 nos
2329 5502 2397 5557 ad
2428 5500 2593 5554 animi
2619 5494 3059 5566 perturbationes
3090 5491 3359 5553 attrahat;
3391 5503 3515 5543 nam
3552 5487 3651 5540 hoc

2082 5595 2246 5650 modo
2287 5593 2425 5647 citra
2455 5588 2707 5644 sudorem
2748 5599 2813 5637 ac
2856 5582 3093 5636 laborem
3129 5580 3356 5634 salutent
3406 5578 3654 5631 obtinere

466 5810 622 5867 ‘Cor.
654 5809 750 5881 τῷ.
816 5811 836 5842 ²
868 5807 1120 5880 Ε.ἀχρή,
1143 5810 1290 5873 etei;
1310 5807 1531 5879 μηδένα.
1602 5804 1797 5860 'Rom.
1826 5820 1862 5870 ι,
1882 5803 1959 5859 52,

2062 5800 2119 5854 ’1
2155 5799 2281 5855 Cor.
2313 5812 2386 5863 γι,
2428 5795 2481 5862 9,
2518 5792 2602 5850 10.
2679 5793 2699 5823 ⁵
2730 5790 2748 5845 l
2784 5790 2910 5845 Cor.
2944 5804 3020 5850 at,
3063 5788 3111 5841 1.
3174 5779 3391 5836 εΜοιιΙι.
3437 5774 3655 5841 “1,26.
