4082 6394
491 334 621 413 m‘t
1894 362 1954 421 s.
1997 365 2103 423 ειη

2208 366 2345 424 AN“
3672 366 3709 419 1
3737 366 3868 419 I72

494 476 915 548 ponnnms.Sed
954 482 1102 552 quod
1130 483 1405 551 volumus,
1434 484 1490 541 id
1517 486 1739 544 minime
1771 487 1850 552 lit,
1882 490 1997 545 imo
2025 488 2081 544 id

2208 491 2477 563 ινδιδῶμεν
2518 485 2633 554 οὖν,
2660 484 2706 546 ὦ
2734 489 2903 563 ψυχὴ,
2942 488 3019 563 μὴ
3070 485 3362 557 ὲνδιδῶμεν
3410 483 3491 554 τῷ
3538 481 3859 552 πονηρῷ,
3892 554 3897 555 ν

500 572 682 640 potius
753 572 901 644 quod
967 575 1244 632 nolumus.
1319 575 1545 633 Probari
1601 580 1747 634 enim
1794 596 1929 648 nos,
1998 582 2083 636 uti

2208 584 2332 639 ὶλλά
2359 585 2767 650 ἀναλαϐόντες
2796 583 2913 652 τὴν
2937 579 3283 635 πανοπλίαν
3304 574 3412 630 τοῦ
3440 573 3597 630 Θεοῦ
3632 573 3855 638 ὑπερ-

496 662 760 731 diximus.
805 674 1039 738 oportet.
1087 670 1225 725 Cum
1275 670 1391 726 haec
1446 673 1611 745 igitur
1650 673 1725 727 ita
1774 674 1905 739 sint,
1954 689 2094 729 nun-

2208 676 2535 743 ισπίζουσαν
2582 676 2677 731 καὶ
2722 672 3243 748 προαγωνιζομένην
3287 670 3478 743 ήμῶν,
3528 663 3855 720 ἐνδυσώ-

496 772 697 826 quam,
763 774 798 815 ο
852 761 1065 816 anima!
1126 764 1534 833 improbissimo
1595 766 1859 823 cedamus
1924 766 2090 833 hosti,

2208 773 2344 833 μδθα
2372 771 2479 823 τὸν
2501 770 2733 840 θώρακα
2756 768 2866 839 τῆς
2892 767 3310 833 δικαιοσύνης,
3333 763 3432 817 καὶ
3465 756 3851 818 0.10623015-

498 847 594 902 sed
656 848 752 903 Dei
814 863 1145 906 armaturam
1203 865 1498 919 sumentes,
1566 873 1687 927 quae
1743 873 1845 913 nes
1909 867 2096 914 tuetur

2208 867 2345 917 ιιεθα
2393 864 2537 931 τοὺς
2570 864 2763 930 πόδας
2804 863 2875 916 ἐν
2902 859 3212 930 ἑτοιμασίᾳ
3254 855 3359 911 τοῦ
3410 850 3852 922 Euan-alim:

500 954 565 993 ac
624 943 894 1014 protegit,
938 944 1170 1013 justitiw
1226 948 1451 1003 loricam
1503 949 1827 1015 induamus,
1880 960 1931 1007 et
1984 952 2096 1006 cal-

2208 954 2305 1023 τῆς
2340 955 2617 1024 εὶρήνηςο
2656 955 2723 1008 ἐν
2767 952 2959 1009 πᾶσιν
2991 952 3401 1015 ἀναλαϐόντες
3431 946 3540 999 τὸν
3574 942 3852 1010 θιιρεέν

500 1047 705 1087 cremus
742 1035 896 1103 pedes
948 1037 1005 1090 in
1064 1040 1454 1108 pra'paratione
1504 1040 1778 1112 Evangelii
1819 1043 1965 1111 pacis
1990 1059 2009 1097 .'
2039 1046 2095 1098 in

2208 1047 2309 1115 τῆς
2336 1048 2618 1116 πίστεως,
2658 1048 2729 1102 ἐν
2756 1038 2805 1113 ᾧ
2846 1044 3231 1113 δυνησόμεθα
3274 1040 3469 1094 πάντα
3511 1036 3591 1090 τὰ
3630 1034 3851 1101 ,ϐέλη

500 1124 745 1179 omnibus
791 1137 1053 1183 sumentes
1104 1141 1313 1185 scutum
1368 1132 1514 1202 ﬁdei,
1563 1135 1620 1188 in
1670 1151 1774 1206 quo
1828 1137 2094 1204 possimus

2208 1143 2305 1199 ιὀῦ
2336 1141 2603 1211 πονηροῦ
2627 1141 2699 1196 τὰ
2720 1139 3117 1210 πεπυρωμένα
3142 1134 3379 1191 σϐέσαι·
3415 1131 3512 1185 καὶ
3542 1128 3680 1196 τὴν
3714 1142 3849 1181 πε-

503 1217 668 1290 587
706 1223 888 1276 omnia
916 1223 1107 1293 jacula
1144 1227 1448 1297 nequissimi
1482 1227 1648 1283 hostis
1694 1229 1861 1298 ignita
1902 1230 2097 1284 restiu-

2208 1235 2593 1306 οικεςοαλαίαν
2650 1232 2757 1289 τοῦ
2809 1231 3109 1299 σωτηρίου
3166 1226 3473 1292 δέξασθαι,
3530 1221 3635 1275 καί
3698 1218 3850 1286 τὴν

502 1331 679 1383 guere.
712 1313 780 1369 Et
801 1318 1013 1388 galeam
1028 1318 1220 1375 salutis
1243 1322 1481 1390 accipite,
1506 1332 1556 1377 et
1580 1322 1820 1393 gladium
1849 1323 2091 1389 spiritus,

2208 1327 2495 1398 μάχαιραν
2516 1324 2625 1381 τοῦ
2652 1327 3014 1394 πνεύματος,
3039 1323 3073 1375 ὅ
3097 1322 3227 1376 ἐστι
3243 1319 3409 1389 ῥῆμα
3436 1316 3613 1378 Θεοῦ,
3643 1315 3850 1383 πρὸς

503 1406 645 1474 quod
682 1416 760 1461 est
792 1410 1003 1463 verbum
1046 1408 1142 1465 Dei
1171 1430 1189 1465 :
1221 1421 1278 1465 ut
1307 1413 1521 1481 possitis
1552 1422 1694 1468 stare
1722 1413 1973 1468 adversus
2011 1412 2095 1466 in-

2208 1418 2263 1472 τὸ
2302 1418 2598 1471 δύνασθαι
2633 1413 2853 1483 στῆναι
2877 1412 3027 1482 πρὸς
3044 1413 3159 1480 τὴν
3179 1409 3497 1481 μεθοδείαν
3531 1407 3645 1459 τοῦ
3676 1404 3843 1457 ὄιαυ

504 1496 671 1552 sidias
699 1497 898 1554 diaboli
922 1502 963 1567 ¹,
996 1518 1057 1554 ac
1083 1504 1424 1574 cogitationes
1472 1504 1760 1570 destruere,
1796 1515 1848 1561 et
1885 1522 2094 1560 omnem

2208 1512 2379 1565 ἵόλου
2402 1526 2417 1540 ·
2453 1509 2785 1578 λογισμούς
2820 1524 2883 1561 τε
2931 1504 3253 1573 καθαιρεῖν,
3287 1500 3384 1556 καὶ
3414 1498 3539 1553 πᾶν
3574 1499 3845 1567 ὕψωμα

507 1588 865 1660 altitudinem,
906 1609 1024 1667 qua:
1052 1595 1331 1651 extollitur
1361 1595 1614 1651 adversus
1636 1598 1917 1653 scientiam
1936 1598 2031 1653 Dei
2043 1600 2087 1653 ¹.

508 1684 777 1750 Quoniam
802 1703 905 1741 non
951 1698 1029 1743 est
1060 1688 1209 1744 nobis
1245 1691 1552 1749 colluctatio
1580 1690 1830 1747 adversus
1870 1694 2091 1762 sangui-

508 1792 623 1829 nem
645 1787 693 1831 et
722 1795 933 1834 carnem
965 1780 1007 1836 ³.
1044 1779 1169 1836 Haec
1198 1792 1376 1838 autem
1413 1782 1535 1839 ideo
1570 1784 1719 1850 dico,
1748 1784 1893 1855 quod
1922 1798 1986 1839 ea
2020 1785 2094 1839 sit

506 1864 750 1918 omnium
764 1865 1010 1939 Apostoli
1029 1872 1357 1941 scriptorum
1378 1872 1708 1928 ratio.Multa
1722 1875 1922 1945 quippe
1939 1883 2091 1940 sunt,

509 1974 630 2025 qua:
654 1958 719 2013 de
746 1976 1074 2033 unoquoque
1121 1980 1334 2033 eorum,
1354 1981 1474 2037 quae
1500 1967 1555 2021 in
1584 1967 1675 2021 illa
1693 1965 1935 2038 Epistola
1968 1982 2096 2036 pro-

512 2052 865 2119 nuntiantur,
907 2055 1276 2116 demonstrari
1339 2067 1593 2129 possunt,
1657 2069 1718 2114 ut
1766 2060 1834 2113 ad
1889 2068 2093 2114 rectam

512 2142 673 2198 fidem
729 2147 975 2219 apposite
1025 2160 1390 2222 accurateque
1440 2152 1585 2207 dicta
1635 2151 1942 2208 videantur.
1987 2151 2093 2207 Sed

516 2236 733 2309 longum
766 2246 853 2295 est
901 2241 1049 2297 hunc
1099 2242 1155 2303 in
1202 2244 1423 2299 modum
1474 2243 1693 2317 singula
1745 2260 2093 2316 percensere.

509 2327 764 2389 Formam
789 2333 933 2388 enim
965 2333 1230 2391 duntaxat
1250 2336 1395 2393 illius
1425 2353 1489 2392 ac
1513 2338 1839 2395 sententiam
1873 2338 1928 2393 in
1959 2353 2092 2407 prae.

511 2426 685 2479 sentia
709 2426 991 2484 declarare
1022 2430 1207 2485 statui.
1232 2429 1354 2484 Non
1374 2432 1512 2485 enim
1529 2431 1666 2505 quod
1681 2431 1794 2485 uolo
1815 2432 1908 2487 hoc
1929 2431 2094 2501 facio,

509 2517 601 2571 sed
630 2518 991 2587 quododi'hoc
1011 2520 1173 2590 facio.
1199 2521 1403 2578 Divinae
1430 2526 1648 2594 quidem
1675 2526 1776 2595 legi
1824 2527 2099 2583 assentior

511 2626 576 2666 ac
600 2613 796 2668 bonam
820 2629 942 2671 esse
965 2613 1161 2670 fateor.
1185 2613 1304 2669 Jam
1334 2632 1460 2671 vero
1489 2633 1599 2673 non
1627 2618 1762 2673 illud
1792 2619 1970 2688 ipsum
1995 2635 2097 2690 ego

513 2706 819 2767 committo,
872 2705 965 2761 sed
1017 2706 1156 2777 quod
1207 2708 1412 2762 habitat
1449 2710 1504 2762 in
1544 2726 1623 2763 me
1646 2723 1941 2780 peccatum.
1974 2710 2098 2766 Seio

513 2795 651 2847 enim
688 2795 827 2865 quod
862 2814 970 2855 non.
995 2798 1202 2857 habitat
1236 2800 1292 2853 in
1311 2817 1412 2864 me,
1444 2802 1540 2856 hoc
1577 2812 1655 2857 est
1685 2806 1739 2857 in
1770 2821 1931 2859 carne
1958 2822 2096 2868 mea,

514 2884 704 2940 bonum
742 2886 781 2937 ⁸.
818 2886 1086 2944 Praeclare
1132 2890 1285 2946 istud
1340 2892 1584 2962 quidem.
1623 2894 1938 2953 Meminisse
1999 2915 2098 2954 vos

515 2978 658 3031 enim
716 2978 978 3045 arbitror,
1042 2980 1172 3052 quid
1232 2998 1261 3037 a
1318 2984 1479 3042 nobis
1525 3001 1691 3057 supra
1731 2990 2098 3045 constitutum

518 3066 699 3121 fuerit.
735 3066 974 3125 Tametsi
1005 3070 1134 3125 dum
1176 3074 1361 3130 omnia
1392 3077 1649 3147 persequi
1686 3078 1902 3145 studeo,
1937 3082 2100 3151 paulo

517 3160 621 3267 siin
648 3161 885 3265 longior,
919 3163 1293 3267 majoremque
1332 3168 1466 3222 mibi
1509 3184 1673 3240 quam
1705 3173 2017 3243 sperabam,
2045 3173 2099 3227 in
2131 3209 2175 3267 Ο

518 3250 781 3306 ambitum
814 3252 1190 3310 circumducta
1245 3258 1315 3313 sit
1363 3258 1574 3327 oratio;
1608 3277 1771 3331 quem
1829 3278 1931 3319 nos
1979 3278 2104 3334 per-

518 3355 742 3396 currere
765 3357 828 3396 ac
852 3344 1124 3401 contlcere
1154 3347 1502 3403 conabimur.
1532 3350 1755 3421 Alioqui
1787 3352 2002 3406 nullum
2048 3354 2103 3408 in

521 3436 802 3504 proposito
828 3449 1151 3508 argumento
1180 3443 1342 3498 linem
1372 3444 1755 3514 expediemus.

590 3525 705 3583 LX.
746 3528 827 3584 lta
870 3529 1059 3600 igltur,
1112 3533 1162 3587 si
1207 3533 1596 3601 recordamini,
1638 3538 2100 3608 disputabamus:

520 3635 588 3675 ex
620 3636 733 3691 quo.
770 3623 982 3693 primus
1024 3625 1186 3682 homo
1213 3628 1623 3686 circumventus
1655 3633 1971 3688 mandatum
2009 3634 2105 3690 Dei

523 3712 767 3777 violavit,
802 3714 932 3771 inde
960 3726 1244 3786 peccatum
1269 3736 1335 3774 ex
1363 3735 1428 3775 ea
1459 3724 1807 3777 contumacia
1838 3739 2107 3797 propaga~

525 3812 645 3858 tum
687 3806 747 3860 in
777 3822 844 3862 co
889 3807 1073 3864 sedem
1119 3811 1494 3869 constituisse.
1544 3812 1636 3868 Sic
1680 3815 1827 3870 enim
1867 3820 2105 3887 primqu

523 3907 715 3955 exorta
739 3899 1165 3967 seditioest;ac
1197 3918 1298 3958 nos
1348 3906 1679 3964 turbulentis
1714 3910 2108 3980 agitationibus

526 4008 592 4048 ac
635 3993 943 4065 peregrinis
996 3995 1431 4065 cogitationibus
1485 4000 1757 4071 implicari
1813 4006 2104 4076 carpimus.

526 4088 667 4145 Nam
720 4089 904 4146 divino
972 4090 1068 4145 illo
1129 4090 1310 4145 alllatu
1384 4091 1677 4150 destitutos
1760 4111 1826 4151 ac
1889 4100 2109 4169 penitus

526 4183 826 4238 exhaustos
860 4182 1143 4238 lutulentae
1186 4184 1294 4238 illa:
1337 4186 1668 4254 cupiditates
1708 4188 2106 4259 oppleverunt,

526 4286 673 4341 quas
697 4271 929 4328 callidus
960 4272 1012 4326 in
1044 4288 1144 4327 nos
1189 4287 1416 4343 serpens
1446 4290 1509 4329 ae
1540 4283 1817 4332 veterator
1844 4278 2105 4345 immisit,

529 4379 651 4417 cum
687 4364 855 4418 divini
880 4365 1083 4434 alioqui
1109 4367 1363 4435 pl‘tccepti
1392 4367 1539 4421 velut
1564 4368 1751 4423 orbem
1788 4370 1935 4425 brevi
1967 4379 2108 4425 tem-

530 4456 683 4523 poris
748 4456 924 4525 spatio
986 4471 1454 4526 peragrassemus.
1515 4457 1808 4531 Propterea
1877 4471 2107 4519 mortem

2194 1602 2592 1672 ἐπαιρόμενον
2636 1598 2788 1655 κατὰ
2837 1597 2948 1667 τῆς
2987 1597 3265 1667 γνώσεως
3308 1594 3412 1648 τοῦ
3454 1592 3631 1646 Θεοῦ.
3673 1592 3843 1643 Ὀτι

2189 1697 2277 1768 μὴ
2307 1700 2479 1752 ἐστιν
2510 1694 2657 1767 ἡμῖν
2682 1696 2721 1764 ἠ
2749 1695 2912 1763 πάλη
2936 1693 3085 1762 πρὸς
3119 1685 3264 1761 αἷμα
3288 1689 3383 1743 καὶ
3407 1686 3631 1755 σάρκα.
3662 1685 3844 1738 τού-

2195 1806 2291 1843 του
2331 1788 2389 1843 δὲ
2436 1788 2604 1842 ἕνεκα
2651 1787 2825 1841 ταῦτα
2860 1786 3025 1854 λέγω,
3067 1785 3150 1837 ὅτι
3183 1777 3339 1846 οὗτος
3387 1782 3415 1833 6
3445 1779 3653 1851 τρόπος
3718 1776 3839 1830 τοῦ

2215 1879 2539 1935 Ἀποστόλου
2571 1878 2682 1933 τῶν
2729 1876 3143 1948 συνταγμάτων.
3176 1873 3354 1927 Πολλὰ
3389 1872 3487 1943 μὲν
3514 1871 3636 1942 γὰρ
3689 1869 3838 1922 ἐστι

2204 1974 2298 2028 καὶ
2326 1973 2456 2044 περὶ
2483 1971 2719 2025 ἑκάστου
2754 1969 2865 2023 τῶν
2904 1971 2963 2023 ὲν
2997 1970 3064 2038 τῇ
3112 1965 3401 2036 Ἐπιστολῇ
3437 1962 3617 2035 ταύτῃ
3648 1963 3837 2033 εἰρη-

2205 2066 2383 2139 μένων
2425 2064 2739 2131 άποδεῖξαι,
2785 2062 2860 2126 ὡς
2907 2060 3203 2132 ὁρθοδὸξως
3251 2058 3345 2112 καὶ
3393 2053 3834 2127 μεμελημένως

2202 2156 2347 2227 ἔχει·
2377 2154 2516 2209 ἀλλὰ
2548 2153 2762 2226 μακρὸν
2790 2154 2857 2207 ἂν
2877 2152 2963 2223 sit;
2991 2152 3221 2205 ἕκαστον
3243 2147 3425 2203 αὐτῶν
3452 2145 3635 2209 οὕτως
3662 2143 3827 2197 διελ-

2205 2246 2335 2299 θεῖν.
2366 2244 2471 2298 Τὸν
2485 2245 2593 2314 γάρ
2615 2244 2787 2297 τύπον
2824 2242 2988 2297 αὑτοῦ
3018 2239 3190 2305 δεῖξαι
3230 2238 3391 2309 μόνον
3421 2237 3516 2289 καὶ
3541 2236 3650 2305 τὴν
3680 2234 3829 2303 βού-

2203 2338 2358 2409 λησιν
2376 2337 2696 2409 προῄρημαι
2712 2334 2828 2389 νῦν.
2854 2337 2938 2389 Οὐ
2962 2333 3074 2402 γὰρ
3090 2334 3121 2386 ὃ
3135 2330 3305 2397 θέλω,
3324 2328 3502 2383 τοῦτο
3513 2326 3821 2395 πράσσω,

2203 2432 2340 2486 ἀλλ’
2372 2431 2405 2483 ὃ
2450 2429 2630 2500 μισῶ,
2672 2428 2849 2484 τοῦτο
2881 2426 3051 2482 ποιῶ.
3093 2425 3359 2494 Σύμφημι
3400 2420 3479 2492 τῷ
3512 2420 3672 2490 νόμῳ
3710 2420 3825 2472 tua

2204 2523 2362 2586 Θεοῦ,
2399 2524 2483 2577 ὃτι
2527 2520 2725 2585 καλός·
2759 2520 2879 2573 νυνὶ
2905 2518 2962 2572 δὲ
3005 2518 3187 2571 οὐκέτι
3236 2514 3348 2583 ἐγὼ
3381 2510 3824 2582 κατεργάζομαι

2205 2618 2357 2680 αὐτὸ,
2393 2616 2533 2672 ἀλλ’
2556 2617 2595 2685 ἠ
2629 2612 2883 2668 οἰκοῦσα
2910 2629 2979 2666 εν
3006 2610 3135 2681 ἐμοὶ
3173 2608 3447 2679 ἁμαρτία.
3493 2601 3643 2659 Οἶδα
3668 2605 3821 2672 γὰρ,

2206 2710 2295 2762 ὅτι
2324 2707 2607 2766 οὑκιοὶκεῖ
2638 2706 2707 2761 ἐν
2730 2704 2879 2776 ἐμοὶ,
2909 2702 3225 2758 τουτέστιν
3241 2702 3311 2754 ἐν
3336 2698 3411 2767 τῇ
3446 2697 3637 2766 σαρκί
3657 2713 3821 2766 μου.

2208 2804 2274 2856 τὸ
2311 2801 2571 2871 ἀγαθόν·
2610 2797 2787 2870 ὀρθῶς
2829 2796 3025 2865 λέγων.
3074 2792 3371 2864 Μέμνησθε
3416 2790 3526 2862 γὰρ
3576 2791 3641 2841 ἐν
3689 2790 3823 2851 τοῖς

2205 2894 2539 2967 ἔμπροσθεν,
2574 2892 2649 2956 ὼς
2678 2890 2994 2963 ὁριζόμεθα,
3029 2891 3079 2942 εἰ
3111 2887 3205 2942 καὶ
3240 2885 3487 2939 σπεύδων
3511 2882 3627 2951 ἐγὼ
3662 2884 3821 2951 ταχὺ

2209 2988 2385 3041 πάντα
2413 2984 2703 3051 διεξελθεῖν
2746 2982 2945 3053 μᾶλλον
2989 2979 3258 3054 βραδύνω,
3307 2974 3660 3048 μακροτέρας
3694 2990 3816 3045 μου

2208 3076 2318 3129 τῶν
2352 3075 2525 3143 λόγων
2554 3074 2652 3144 τῆς
2695 3072 2947 3139 περιόδου
2974 3066 3043 3143 ἧς
3076 3068 3453 3141 προσεδόκησα
3490 3063 3815 3143 γεγενημέ-

2208 3185 2330 3238 νης,
2373 3169 2440 3237 ἢν
2470 3165 2850 3238 προθυμητέον
2890 3165 2955 3236 δὴ
3002 3163 3275 3218 διανύσαι.
3311 3160 3520 3221 ’Ἄλλως
3561 3156 3675 3227 γάρ
3704 3153 3815 3209 τοῦ

2210 3262 2573 3333 προκειμένου
2599 3258 2794 3314 οὔποτε
2824 3259 3025 3329 ἥξομεν
3058 3258 3150 3310 ὲπὶ
3175 3255 3347 3316 τέλος.

2281 3540 2355 3595 Ξ’.
2390 3537 2599 3593 Οὐκοῦν
2632 3536 2892 3605 ἐλέγομεν
2945 3535 3040 3604 ἀφ’
3071 3526 3133 3588 οὗ
3175 3532 3265 3586 τὸν
3304 3531 3589 3601 ἄνθρωπον
3626 3532 3803 3603 ἐμνη-

2213 3632 2525 3705 μονεύετε⁸,
2552 3628 2895 3699 πλανηθέντα
2917 3626 3013 3698 τὴν
3040 3624 3258 3696 ἐντολὴν
3281 3624 3545 3694 ἀθετῆσαι
3569 3624 3801 3695 συνέϐη,

2211 3723 2459 3778 ἐντεῦθεν
2496 3722 2562 3774 ὲκ
2604 3721 2704 3791 τῆς
2745 3718 3031 3791 παρακοῆς
3069 3718 3168 3787 τὴν
3216 3714 3491 3786 ἁμαρτίαν
3525 3712 3803 3767 λαϐοῦσαν

2209 3817 2425 3885 γένεσιν
2463 3816 2543 3878 είς
2571 3812 2736 3867 αὐτὸν
2782 3809 3164 3881 εἰσῳκηκέναι.
3197 3806 3387 3870 Οὕτως
3423 3805 3533 3875 γὰρ
3577 3804 3803 3876 πρῶτον

2211 3911 2401 3973 στάσις
2433 3908 2681 3971 ἐνέπεσε,
2726 3902 3083 3975 σφαδαῖσμῶν
3112 3919 3172 3954 τε
3206 3902 3301 3954 καὶ
3337 3899 3610 3969 λογισμῶν
3649 3899 3800 3962 avor-

2210 4004 2376 4058 κείων
2408 4001 2809 4073 ἐπληρώθημεν
2834 4039 2847 4063 ,
2881 3995 3211 4059 κενωθέντες
3262 3994 3360 4065 μὲν
3407 3992 3501 4045 τοῦ
3546 3992 3803 4071 ἐμφυσή-

2214 4115 2384 4168 ματος
2412 4096 2507 4150 τοῦ
2544 4094 2679 4148 Θεοῦ
2706 4133 2721 4159 ,
2758 4090 3139 4164 πληρωθέντες
3170 4090 3228 4142 δὲ
3252 4087 3547 4157 ἐπιθυμίας
3583 4086 3797 4157 ὑλικῆς,

2211 4191 2280 4260 ἢν
2304 4191 2334 4243 6
2366 4186 2706 4249 πολύπλοκος
2744 4183 3066 4238 ἐνέπνευσεν
3097 4183 3178 4245 εἰς
3217 4180 3363 4250 ἡμᾶς
3405 4179 3527 4247 ὄφις
3548 4217 3564 4236 ,
3601 4176 3803 4252 βραχὺ.

2213 4282 2569 4353 πορησάντων
2618 4278 2777 4350 ἡμῶν
2828 4277 2927 4347 τῆς
2978 4272 3350 4345 παραγγελίας
3397 4271 3490 4324 τοῦ
3524 4268 3661 4323 Θεοῦ
3709 4271 3798 4324 τὸν

2212 4376 2432 4431 κύκλον.
2480 4372 2571 4426 Διὸ
2600 4371 2694 4425 καὶ
2739 4369 2828 4423 τὸν
2871 4368 3098 4421 θάνατον
3125 4370 3153 4421 6
3184 4366 3316 4429 Θεὸς
3347 4365 3483 4434 πρὸς
3519 4363 3797 4433 ἀναίρεσιν

2210 4466 2315 4536 τῆς
2341 4462 2617 4535 ἁμαρτίας
2640 4461 2782 4531 ὑπὲρ
2813 4458 2974 4530 ἡμῶν
3009 4459 3229 4529 εὕρατο,
3270 4458 3354 4511 ἵνα
3398 4456 3472 4528 μὴ
3507 4456 3565 4507 ὲν
3594 4455 3795 4509 ἀθανά-

529 4546 674 4603 Deus
699 4548 765 4604 ad
801 4549 1258 4618 exstinguendum
1296 4558 1583 4621 peccatum
1606 4562 1798 4608 nostra
1825 4568 1994 4609 causa
2026 4570 2104 4609 re-

2213 4574 2328 4620 τοις
2354 4557 2488 4626 ἡμῖν
2525 4552 2882 4611 ἁνατείλασα,
2917 4551 2994 4613 ὡς
3022 4550 3158 4620 ἔφην
3177 4588 3192 4614 ,
3230 4548 3498 4609 ἀθάνατος
3637 4546 3796 4599 Ὅθεν

530 4641 691 4710 perit,
730 4655 799 4695 ne
836 4655 907 4701 ex
950 4640 1356 4697 immortalibus
1409 4643 1567 4698 nobis
1603 4644 1707 4713 (uti
1755 4644 1962 4699 dictum
2001 4648 2108 4714 est)

529 4733 877 4787 ellloresceus
913 4732 1217 4788 immortale
1256 4742 1619 4804 permaneret.
1670 4734 1809 4791 Hinc
1850 4736 2109 4791 nimirum

529 4825 870 4896 Apostolus:
898 4824 1042 4887 Scio,
1072 4825 1271 4895 inquit,
1292 4828 1548 4897 quoniam
1568 4844 1672 4882 non
1702 4827 1907 4883 habitat
1932 4830 1986 4881 in
2008 4844 2109 4895 me,

529 4918 625 4970 hoc
659 4926 737 4970 est
775 4917 830 4971 in
856 4933 1015 4974 carne
1051 4933 1188 4982 mea,
1223 4917 1437 4972 bonum.
1468 4918 1684 4984 Quibus
1706 4920 1888 4974 verbis
1915 4934 2110 4989 pecca-

530 5014 645 5061 tum
681 5008 841 5063 modo
888 5006 1183 5078 signiﬁcat,
1216 5008 1362 5079 quod
1402 5024 1470 5065 ex
1517 5008 1613 5072 illa
1652 5008 1826 5063 divini
1866 5008 2111 5064 mandati

532 5101 824 5156 violatione
865 5116 961 5170 per
1008 5100 1362 5171 cupiditatem
1419 5102 1475 5157 in
1513 5116 1616 5156 nos
1666 5110 1751 5157 est
1786 5102 2059 5158 invectum
2095 5119 2108 5155 :

531 5208 641 5263 quo
674 5207 741 5249 ex
772 5201 998 5261 peccato
1028 5201 1290 5263 tanquam
1331 5194 1579 5263 germina
1605 5194 1853 5263 quaedam
1889 5208 1954 5247 ac
1991 5210 2113 5248 sur-

531 5286 676 5350 culi.
731 5287 807 5341 ita
868 5287 1187 5357 voluptariae
1233 5287 1289 5342 in
1345 5286 1505 5347 nobis
1553 5287 1914 5357 cogitationes
1946 5285 2115 5357 588

533 5378 803 5434 oriuntur.
846 5378 943 5435 Est
981 5380 1126 5435 enim
1165 5378 1363 5449 duplex
1416 5379 1469 5433 in
1509 5379 1672 5434 nobis
1716 5379 2109 5449 cogitationum

534 5485 742 5542 genus:
774 5470 921 5525 aliud
952 5470 1095 5541 quod
1132 5486 1199 5526 ex
1240 5469 1707 5540 concupiscentia,
1740 5485 1869 5541 qua:
1894 5470 1947 5524 in
1982 5484 2110 5526 cor-

536 5576 667 5634 pore
709 5571 900 5619 nostro
932 5562 1158 5629 residet,
1209 5562 1436 5618 excitari
1480 5562 1659 5629 solet;-
1689 5578 1833 5633 quae,
1886 5570 1947 5617 ut.
1986 5570 2114 5618 ante

536 5653 797 5718 diximus,
833 5669 862 5707 a
894 5656 1135 5710 concreti
1194 5671 1317 5709 cum
1366 5655 1594 5710 materia
1640 5656 1868 5726 spiritus
1923 5655 2115 5711 fraude

2207 4645 2237 4697 6
2283 4641 2638 4704 ’Λπόστολος,
2676 4636 2820 4693 Οἶδα
2865 4638 2976 4708 γὰρ
3001 4681 3015 4705 ,
3051 4639 3140 4693 ὅτι
3172 4641 3285 4693 οὐκ
3329 4637 3482 4692 οικεῖ
3525 4637 3596 4689 ἐν
3644 4636 3792 4701 ἐμοὶ,

2209 4734 2524 4789 τουτέστιν
2571 4733 2643 4786 ὲν
2673 4731 2747 4800 τῇ
2772 4733 2955 4800 σαρκί
2982 4749 3101 4801 μου
3126 4772 3163 4796 ,ν
3196 4733 3263 4785 τὸ
3290 4729 3547 4800 ἀγαθὸν,
3598 4728 3791 4796 λέγων,

2208 4826 2307 4897 τὴν
2348 4826 2456 4880 ἀπὸ
2486 4826 2588 4894 τῆς
2631 4824 2997 4895 παραϐάσεως
3032 4823 3123 4877 διὰ
3156 4824 3258 4893 τῆς
3304 4824 3599 4893 ἐπιθυμίας
3634 4824 3787 4877 εἰσοι-

2210 4923 2495 4975 κισθείσαν
2522 4920 2604 4982 είς
2630 4920 2780 4989 ἡμᾶς
2807 4917 3087 4989 ἁμαρτίαν
3128 4916 3375 4985 βούλεται
3411 4915 3633 4987 μηνύειν
3667 4915 3792 4987 ήδη,

2209 5009 2278 5086 ἦς
2306 5014 2371 5083 δὴ
2402 5012 2654 5082 καθάπερ
2686 5010 3041 5082 βλαστήματα
3070 5010 3167 5063 νέα
3200 5010 3294 5062 καὶ
3326 5009 3531 5070 κλῶνες
3551 5048 3565 5071 ,
3595 5007 3644 5060 οἱ
3672 5008 3789 5075 φιλο

2210 5106 2390 5174 ήδονοι
2428 5104 2558 5175 περὶ
2599 5105 2747 5175 ἡμᾶς
2793 5103 2883 5157 ἀεὶ
2938 5102 3188 5173 λογισμοὶ
3228 5100 3591 5153 συνίστανται.
3627 5099 3791 5153 Δισσὰ

2211 5198 2322 5268 γὰρ
2356 5199 2414 5250 ὲν
2442 5198 2576 5267 ἡμῖν
2602 5194 2879 5265 λογισμῶν
2918 5194 3049 5265 γένη
3077 5210 3090 5225 ·
3131 5196 3160 5246 6
3198 5193 3298 5262 μὲν
3334 5193 3444 5246 ἀπὸ
3468 5191 3569 5260 τῆς
3607 5190 3787 5243 ἐπιθυ-

2215 5290 2344 5359 μίας
2377 5288 2480 5359 τῆς
2525 5286 2942 5357 ὲνθωπευούσης
2988 5288 3047 5339 ἐν
3100 5284 3181 5356 τῷ
3226 5287 3439 5355 σώματι
3480 5285 3780 5354 συνιστάμε-

2214 5398 2335 5444 νος,
2380 5382 2503 5452 ἥτις
2542 5380 2602 5446 ἐξ
2640 5379 2916 5443 ἐπινοίας,
2952 5377 3029 5441 ὡς
3078 5378 3247 5447 ἔφην.
3288 5376 3521 5448 ἐγενήθη
3561 5374 3649 5427 τοῦ
3683 5375 3785 5429 ὑλιο

2215 5470 2315 5523 κοῦ
2356 5470 2665 5539 πνεύματος
2691 5485 2704 5499 ·
2742 5469 2772 5521 6
2808 5468 2867 5522 δὲ
2900 5468 3016 5522 ἀπὸ
3044 5467 3140 5521 τοῦ
3181 5468 3346 5537 νόμου
3386 5466 3480 5519 τοῦ
3519 5466 3659 5520 κατὰ
3696 5466 3786 5539 τὴν

2216 5563 2470 5634 ἐντολὴν,
2516 5564 2578 5615 ὃν
2613 5563 2852 5634 ἔμφυτον
2907 5562 3176 5630 ἐλάϐομεν
3228 5562 3374 5631 ἔχειν
3424 5561 3519 5613 καὶ
3572 5560 3786 5628 φυτικὸν

2219 5655 2382 5723 νόμον
2407 5694 2420 5718 ,
2446 5652 2583 5723 πρὸς
2612 5652 2672 5705 τὸ
2714 5652 2877 5705 καλὸν
2912 5653 3069 5723 ἡμῶν
3104 5651 3471 5720 ἐξεγείροντα,
3512 5648 3607 5702 καὶ
3636 5651 3781 5704 itav-

608 5810 626 5842 ⁸
663 5809 857 5882 prcs.
890 5828 962 5878 vr,
1002 5812 1176 5866 lS-lb‘.
1255 5813 1274 5844 ³
1309 5811 1350 5866 ll
1379 5811 1504 5867 Cor.
1546 5827 1601 5878 χ,
1628 5811 1682 5866 5.
1760 5811 1785 5843 ³
1813 5810 2014 5883 prcs.
2049 5825 2104 5865 vr

2208 5810 2248 5865 ξ.
2324 5810 2345 5842 ⁵
2384 5808 2543 5865 Rom.
2576 5821 2678 5869 tu.
2714 5809 2797 5864 l8.
2876 5809 2897 5840 ⁸
2931 5806 2989 5864 γ,
3026 5811 3073 5862 εἰ
3112 5805 3509 5880 μνημονεύετε,
