4082 6394
349 332 376 386 ι
388 329 492 386 I75

1014 333 1384 396 ADVERSUS
1420 337 1761 400 "ERESES
1791 343 1922 404 LIB.
1961 344 2026 404 11.
2067 345 2232 404 ΤΟΜ.
2273 345 2316 402 Ι.
2345 373 2418 392 —
2453 348 2724 407 HERES.
2764 349 2950 407 LXIV.

3475 349 3611 407 ΗΠ

347 447 680 523 ορθοῦμενον
723 449 815 504 τὸν
861 451 1142 522 λογισμόν.
1210 453 1375 510 Ὅθεν
1414 459 1481 527 τῇ
1519 459 1810 534 νομοθεσίᾳ
1837 463 1931 516 τοῦ

2042 465 2378 537 artiﬁcioque
2411 466 2802 538 proﬁciscitur.
2844 466 3006 523 Aliud
3034 473 3140 531 est,
3174 464 3322 537 quod
3351 481 3421 522 ex
3457 481 3592 522 mau-

347 539 490 594 Θεοῦ
520 543 662 598 κατά
695 545 788 598 τὸν
833 546 960 600 νοῦν
999 546 1340 616 συνηδόμεθα
1359 563 1374 578 ο
1406 547 1566 602 τοῦτο
1612 549 1722 622 γὰρ
1748 551 1778 602 6
1824 552 1934 606 εσω

348 631 640 706 ἄνθρωπος
662 654 677 669 ο
709 641 776 710 τῇ
807 637 866 692 δέ
900 639 1194 710 νομοθεσίᾳ
1231 638 1326 692 τοῦ
1374 639 1624 694 διαϐόλου
1663 643 1804 696 κατά
1835 643 1934 716 τὴν

353 725 673 782 ἐνοικοῦσαν
723 729 1000 800 ἁμαρτίαν
1053 731 1112 782 ἐν
1151 731 1219 801 τῇ
1264 729 1448 802 σαρκί.
1501 729 1564 785 '0
1615 731 1723 803 γὰρ
1773 734 1935 804 νόμος

352 818 909 894 ἀντιστρατευόμενος
958 821 1053 876 καὶ
1095 823 1480 893 ἀντιπράσσων
1529 823 1608 895 τῷ
1648 825 1798 898 νόμῳ
1837 824 1933 880 τοῦ

349 909 528 974 Θεοῦ,
576 914 605 965 6
655 913 715 966 ἐν
749 915 815 985 τῇ
857 913 1125 985 ἐπιθυμίᾳ
1170 913 1265 967 τοῦ
1308 915 1426 978 νοδς
1453 957 1468 981 ,
1517 909 1674 981 οὗτος
1720 917 1870 971 ἐστιν
1905 920 1935 972 6

352 1003 482 1066 τοὺς
514 1003 780 1074 ἐμπαθεῖς
828 1006 1084 1074 ἀναφῦων
1111 1006 1198 1059 (Ξιελ⁸
1229 1007 1325 1060 καὶ
1374 1005 1595 1070 ῦλικοὺς
1622 1007 1758 1078 πρὸς
1809 1009 1936 1063 ἀνο-

358 1093 491 1164 μίαν
544 1098 966 1168 περισπασμοὺς
991 1137 1006 1162 ,
1061 1096 1378 1153 παντάπασι
1440 1097 1578 1169 πρὸς
1626 1098 1822 1169 ήδονάς
1859 1097 1936 1153 ὢν

354 1184 629 1251 ἑλκτικάς.

2030 556 2140 612 dati
2171 558 2288 628 lege
2324 557 2632 626 derivatur;
2663 559 2801 630 lege,
2848 559 3095 630 inquam,
3146 557 3239 613 illa
3263 573 3427 629 quam
3474 556 3611 614 insi-

2029 655 2142 703 tam
2172 655 2226 704 et
2253 663 2284 703 a
2314 657 2510 704 natura
2538 649 2833 722 ingenitam
2877 650 3182 712 hausimus,
3221 664 3450 720 quaeque
3485 650 3608 704 ani-

2031 755 2180 794 mum
2213 748 2464 796 nostrum
2510 741 2578 797 ad
2608 742 2952 798 honestatem
2997 741 3243 797 stimulat
3288 748 3452 810 atque
3501 740 3612 796 eri-

2031 830 2131 901 git.
2161 829 2245 886 Ex
2267 848 2379 902 quo
2417 833 2476 888 iit
2510 840 2570 887 ut
2618 832 2802 888 divina
2833 833 2942 898 lex,
2973 833 3120 903 quod
3155 830 3224 886 ad
3250 841 3486 886 mentem
3527 838 3613 883 at-

2032 922 2190 985 tinet,
2245 923 2580 994 voluptatem
2620 923 2780 979 nobis
2801 922 3034 978 aﬂ'erat:
3067 923 3171 978 hoc
3202 921 3352 977 enim
3384 920 3613 975 interior

2035 1011 2127 1068 ille
2151 1012 2315 1069 homo
2336 1022 2454 1070 est:
2477 1015 2550 1070 ob
2577 1015 2711 1070 illud
2739 1027 2868 1071 vero
2894 1021 3174 1085 peccatum
3197 1012 3341 1083 quod
3365 1011 3420 1066 in
3447 1024 3613 1064 carne

2035 1111 2226 1159 nostra
2261 1105 2492 1174 habitat,
2519 1105 2722 1162 diaboli
2746 1107 2866 1177 lege
2893 1105 3251 1162 delectemur.
3282 1101 3494 1158 Etenim
3525 1101 3614 1155 lex

2033 1192 2148 1258 illa,
2199 1209 2322 1264 quae
2375 1210 2500 1250 cum
2550 1195 2735 1250 divina
2794 1203 3001 1266 pugnat
3060 1194 3221 1265 eique
3278 1192 3507 1256 resistit,
3555 1190 3612 1244 in

354 1277 527 1331 animi
562 1279 738 1335 nostri
783 1279 1086 1351 cupiditate
1124 1279 1326 1350 posita,
1369 1278 1461 1333 illa
1505 1279 1622 1347 ipsa
1657 1285 1762 1343 est,
1806 1294 1930 1351 qua
1960 1283 2307 1342 turbulentas
2337 1295 2393 1343 et
2430 1289 2673 1344 materiae
2715 1287 2847 1344 faece
2885 1287 3216 1359 implicatas,
3263 1290 3319 1340 et
3383 1283 3450 1339 ad
3509 1281 3615 1337 im-

357 1370 680 1439 probitatem
702 1370 997 1441 dissipatas
1010 1371 1370 1442 cogitationes
1387 1370 1673 1441 producit,
1697 1385 1928 1441 quaeque
1953 1372 2228 1446 ingentem
2273 1380 2498 1434 omnino
2535 1379 2604 1435 ad
2631 1380 2938 1450 voluptates
2977 1378 3140 1435 habet
3173 1375 3511 1432 illecebram.
3568 1406 3571 1407 ν

431 1461 551 1516 ΞΝ.
592 1463 755 1534 Τρεῖς
794 1463 904 1535 γὰρ
948 1464 1148 1535 νόμους
1199 1461 1586 1534 ὑποτιθέμενος
1621 1462 1929 1532 ἀναφανδὸν

351 1555 388 1605 ὸ
421 1553 633 1617 Παῦλος
663 1553 898 1607 ἐνταῦθά
949 1570 1040 1623 μοι
1091 1553 1521 1623 καταφαίνεται·
1553 1552 1652 1604 ἕνα
1693 1551 1794 1622 μὲν
1844 1551 1938 1606 τδν

355 1644 504 1697 κατὰ
532 1644 593 1696 τὸ
624 1643 861 1714 ἔμφυτον
893 1647 952 1698 ἐν
989 1647 1120 1717 ἡμῖν
1156 1644 1363 1713 ἀγαθὸν
1386 1682 1401 1707 ,
1449 1642 1480 1694 δ
1509 1641 1604 1695 καὶ
1635 1641 1800 1712 νόμον
1841 1657 1940 1693 σα-

2113 1466 2250 1524 LXI.
2294 1470 2573 1542 Siquidem
2597 1472 2892 1543 Apostolus
2920 1469 3029 1526 tria
3053 1470 3278 1525 omnino
3305 1469 3481 1541 legum
3515 1482 3613 1539 ge-

2041 1575 2174 1614 nera
2221 1561 2325 1617 hoc
2383 1562 2439 1616 in
2489 1564 2613 1618 loco
2662 1563 2982 1620 distinxisse
3034 1560 3324 1618 manifeste
3376 1560 3608 1616 videtur.

2043 1651 2287 1720 Quorum
2311 1671 2480 1710 unum
2505 1665 2592 1712 est
2613 1657 2782 1712 insito
2805 1655 2962 1711 nobis
2979 1655 3128 1711 bono
3158 1662 3610 1717 consentaneum,

357 1736 477 1801 φῶς
503 1736 622 1797 νοὸς
649 1736 936 1790 ἐκάλεσεν·
971 1737 1067 1790 ἕνα
1090 1736 1148 1789 δὲ
1172 1735 1264 1790 τὸν
1297 1737 1363 1789 ἐκ
1392 1733 1700 1807 προσϐολῆς
1726 1733 1940 1786 ἐνιστά-

2043 1760 2206 1814 quam
2253 1753 2439 1815 aperte
2482 1747 2655 1818 legem
2694 1750 2892 1802 mentis
2929 1745 3186 1816 appellat.
3215 1744 3459 1799 Alterum
3505 1753 3612 1809 est,

363 1843 526 1896 μενον
557 1828 650 1881 τοῦ
691 1827 952 1900 πονηροῦ,
988 1829 1081 1882 καὶ
1120 1831 1199 1892 εἰς
1227 1827 1326 1892 τὰς
1356 1827 1621 1897 ἐμπαθεῖς
1653 1824 1938 1892 ἐξέλκοντα

2042 1836 2186 1906 quod
2209 1851 2276 1892 ex
2304 1837 2625 1908 nequissimi
2653 1837 3015 1907 impressione
3047 1835 3338 1891 conﬂatum
3367 1842 3612 1890 nostr-nn

361 1918 624 1983 πολλάκις
659 1919 958 1988 φαντασίας
988 1920 1085 1991 τὴν
1107 1919 1308 1990 ψυχὴν,
1333 1919 1393 1972 ὃν
1421 1913 1938 1988 ἀντιστρατεύεσθαι

357 2009 442 2080 τῷ
490 2010 641 2082 νόμῳ
676 2010 786 2063 ’τοῦ
833 2011 951 2074 νοὸς
999 2010 1102 2082 ἔφη
1125 2027 1138 2038 ’
1171 2011 1268 2064 καὶ
1297 2010 1484 2080 ἕτερον
1527 2006 1617 2060 τδν
1665 2005 1809 2059 κατά
1839 2008 1939 2075 τὴν

357 2102 638 2174 ἁμαρτίαν
699 2103 764 2154 ἐκ
812 2101 914 2170 τῆς
963 2099 1256 2171 ἐπιθυμίας
1305 2097 1714 2169 ἐνσκιρώσαντα
1764 2095 1823 2148 ἐν
1871 2096 1938 2164 τῇ

360 2194 566 2264 σαρκὶ,
604 2193 665 2247 ὃν
701 2193 978 2264 ἁμαρτίας
1007 2192 1171 2263 νόμον
1197 2189 1449 2244 οἰκοῦντα
1487 2189 1547 2241 ἐν
1575 2189 1690 2251 τοῖς
1723 2185 1940 2257 μέλεσιν

360 2284 621 2338 ἐκάλεσεν
648 2301 662 2315 ο
694 2276 740 2352 ᾧ
781 2282 1076 2336 ἐπιϐαίνων
1103 2284 1133 2336 6
1157 2280 1393 2351 πονηρὸς
1445 2280 1540 2333 καὶ
1576 2276 1941 2347 ἐποχούμενος

365 2376 626 2437 πολλάκις
681 2373 802 2428 καθ’
860 2372 1020 2444 ἡμῶν
1075 2371 1422 2441 ἐγκελεύεται
1447 2410 1462 2434 ,
1527 2369 1665 2441 πρὸς
1727 2366 1941 2420 ἀδικίαν

367 2469 512 2537 ἡμᾶς
546 2467 639 2520 καὶ
669 2466 892 2538 πράξεις
922 2463 1261 2518 συνελαύνων
1288 2462 1486 2525 καλιάς.
1524 2462 1583 2514 ’0
1612 2460 1720 2529 γάρ
1740 2457 1941 2524 ἔξωθεν

363 2558 747 2628 εἰσωεόμενος
793 2557 901 2610 ἀπὸ
939 2556 1029 2610 τοῦ
1063 2555 1302 2627 πονηροῦ
1356 2555 1554 2626 νόμος,
1582 2553 1677 2607 καὶ
1717 2552 1805 2605 διά
1833 2550 1942 2604 τῶν

366 2651 672 2722 αἰσθήσεων
696 2689 712 2712 ,
745 2649 996 2719 καθάπερ
1042 2647 1395 2718 άσφαλτῶδες
1437 2645 1614 2717 ῥεῦμα
1635 2685 1649 2708 ,
1686 2643 1832 2696 ἔνδον
1861 2643 1943 2704 εἰς

370 2741 541 2811 αὐτὴν
569 2741 889 2811 ἐκχεόμενος
913 2741 1013 2811 τὴν
1043 2739 1241 2812 ψυχὴν,
1268 2738 1373 2792 ὑπὸ
1399 2737 1496 2790 τοῦ
1519 2739 1579 2790 ἐν
1608 2737 1771 2808 σαρκὶ
1802 2733 1945 2789 κατά

365 2834 468 2902 τὴν
516 2833 808 2903 ἐπιθυμίαν
851 2833 1302 2904 ἐπιτυγχάνοντος
1356 2828 1704 2901 κραταιοῦται
1753 2827 1939 2896 νόμον.

362 2925 622 2978 Φαίνεται
647 2925 756 2996 γὰρ
781 2925 858 2989 ὡς
903 2927 963 2977 ἐν
1004 2927 1136 2997 ἡμῖν
1163 2924 1350 2986 αὐτοῖς
1385 2922 1447 2975 τὸ
1479 2921 1578 2992 μὲν
1608 2918 1814 2990 βέλτιον
1837 2957 1853 2983 ,
1881 2917 1944 2970 τὸ

2039 1925 2276 1981 animam
2320 1927 2375 1982 in
2423 1929 2848 1997 perturbationis
2894 1927 3239 1998 plenissimas
3291 1925 3614 1997 plerumque

2039 2020 2395 2091 cogitationes
2429 2035 2495 2076 ac
2533 2021 2852 2090 phantasias
2898 2019 3146 2089 coniicit,
3175 2032 3338 2089 quam
3367 2016 3613 2072 eamdem

2041 2111 2143 2182 legi
2172 2113 2371 2168 mentis
2399 2113 2679 2169 adversari
2725 2113 2887 2169 dixit.
2925 2100 3270 2168 Postremum
3298 2125 3473 2181 genus
3505 2116 3612 2170 est,

2039 2203 2184 2272 quod
2216 2219 2312 2272 per
2350 2211 2633 2273 peccatum
2662 2219 2726 2258 ex
2762 2203 2880 2274 ipsa
2910 2201 3206 2273 cupiditate
3231 2201 3286 2254 in
3316 2214 3482 2256 carne
3516 2213 3615 2252 no-

2041 2303 2154 2348 stra
2179 2294 2456 2360 occalluit,
2487 2309 2651 2366 quam
2689 2295 2784 2349 ille
2815 2294 3026 2364 peccati
3058 2293 3230 2364 legem
3277 2293 3612 2348 habitantem

2041 2378 2098 2433 in
2121 2381 2382 2438 membris
2404 2383 2610 2438 nostris
2640 2383 2906 2438 nominat.
2933 2382 3111 2449 Quam
3135 2383 3303 2438 etiam
3330 2381 3612 2450 improbus

2043 2469 2132 2525 ille
2160 2469 2332 2528 hostis
2358 2472 2644 2538 invadens,
2674 2474 2835 2544 eique
2859 2473 3128 2541 insidens,
3164 2489 3309 2544 saepe
3341 2471 3610 2530 adversus

2043 2577 2145 2618 nos
2172 2563 2398 2628 excitat,
2435 2574 2600 2636 atque
2628 2566 2694 2620 ad
2722 2566 3046 2637 iniustitiam
3080 2581 3144 2622 ac
3175 2567 3435 2622 scelerata
3481 2564 3616 2620 faci-

2043 2667 2179 2706 nora
2204 2655 2501 2725 compeliit.
2527 2655 2661 2711 Nam
2691 2658 2776 2712 lex
2811 2657 2923 2719 illa,
2948 2671 3110 2727 quam
3141 2656 3410 2728 malignus
3441 2655 3617 2711 hostis

2040 2745 2386 2802 extrinsecus
2412 2747 2678 2815 insinuat,
2709 2764 2938 2820 quaeque
2967 2765 3064 2819 per
3085 2763 3305 2811 sensus,
3327 2747 3474 2803 velut
3501 2745 3618 2800 len-

2045 2842 2134 2890 tus
2165 2836 2387 2904 quidam
2430 2853 2497 2894 ac
2545 2854 2752 2910 sequax
2786 2840 3072 2896 bituminis
3121 2846 3349 2904 tractus,
3403 2837 3461 2891 in
3499 2837 3618 2890 ani-
3715 2869 3726 2878 ι

2045 2938 2186 2976 mani
2219 2925 2392 2994 ipsam
2423 2926 2572 2984 intus
2600 2927 2927 2995 infunditur,
2959 2929 3029 2984 ab
3061 2929 3167 2984 alia
3196 2929 3318 2998 lege
3354 2927 3614 2982 corrobo-

365 3014 428 3067 δέ
450 3019 629 3087 χεῖρον
651 3016 730 3070 δν.
771 3018 880 3071 Καὶ
898 3018 1026 3071 ὅταν
1057 3016 1154 3088 μὲν
1181 3015 1241 3068 τὸ
1275 3014 1480 3085 βέλτιον
1515 3013 1676 3081 φύσει
1705 3010 1800 3063 τοῦ
1832 3009 1943 3080 χεί-

2045 3022 2218 3080 ratur,
2249 3031 2412 3086 quam
2450 3019 2504 3073 in
2539 3035 2764 3076 carnem
2800 3029 3042 3077 nostram
3073 3019 3348 3090 cupiditas
3377 3019 3492 3086 ipsa
3519 3017 3618 3074 de-

374 3123 527 3177 ρονος
560 3109 988 3180 ἐγκρατέστερον
1043 3107 1244 3177 γενηθῇ
1262 3146 1278 3168 ,
1309 3106 1532 3177 φέρεται
1557 3104 1680 3166 ὅλος
1717 3101 1853 3174 πρὸς
1883 3099 1943 3152 τὸ

2045 3106 2205 3160 τίνοι.
2234 3106 2371 3163 Nam
2400 3111 2454 3164 in
2484 3112 2642 3167 nobis
2672 3113 2855 3169 inesse
2880 3113 3096 3169 videtur
3124 3112 3294 3177 aliud,
3325 3111 3470 3183 quod
3503 3125 3618 3165 me-

376 3199 578 3263 ἀγαθὸν
625 3201 654 3254 6
692 3200 847 3264 νοῦς·
876 3200 1005 3253 ὅταν
1031 3199 1089 3252 δὲ
1114 3197 1176 3250 τὸ
1201 3199 1379 3268 χεῖρον
1410 3195 1672 3267 ἐπιϐρίσῃ
1715 3191 1942 3246 πλεονά-

2045 3198 2154 3253 lius
2188 3207 2302 3264 est,
2339 3201 2507 3266 aliud,
2551 3204 2696 3274 quod
2725 3205 3252 3274 deterius.Cumque
3297 3201 3431 3257 illud
3469 3201 3621 3256 dete-

373 3306 472 3341 σαν
493 3329 508 3352 ,
532 3290 593 3342 τὸ
623 3275 1132 3363 ἀντιστρατεύεσθαι
1168 3290 1183 3319 ί
1210 3287 1286 3358 τῷ
1309 3289 1368 3340 ἐν
1394 3289 1528 3357 ἡμῖν
1566 3285 1782 3354 λέγεται
1806 3283 1943 3350 ἀγα-

2046 3285 2192 3342 riore
2221 3290 2499 3358 potentius
2548 3291 2732 3357 fuerit,
2762 3300 2876 3347 tota
2928 3309 3082 3349 mens
3115 3293 3183 3348 ad
3228 3292 3431 3347 bonum
3473 3291 3622 3346 velut

367 3378 454 3448 θῴ
484 3417 500 3442 ,
562 3379 726 3432 πάλιν
779 3381 972 3447 ἄγεται
1026 3379 1396 3450 ἀντιστρόφως
1457 3377 1596 3448 πρὸς
1645 3373 1943 3445 φαντασίας

2049 3375 2256 3447 impetu
2282 3379 2518 3448 quodam
2565 3383 2763 3453 agitur.
2799 3383 2937 3438 Cum
2971 3391 3153 3439 autem
3189 3383 3244 3438 id
3285 3381 3431 3454 quod
3463 3381 3622 3451 pejus

374 3470 715 3534 παντοδαπὰς
734 3469 765 3522 ὁ
789 3469 1072 3542 ἄνθρωπος
1093 3470 1189 3523 καὶ
1215 3470 1506 3539 λογισμοὺς
1532 3469 1802 3539 χείρονας.

2045 3473 2155 3532 est,
2176 3469 2486 3527 exuberans
2521 3473 2762 3545 pondere
2803 3489 2906 3530 suo
2946 3474 3300 3546 depresserit,
3351 3473 3496 3544 quod
3538 3473 3623 3526 in-

372 3575 504 3620 nato
526 3566 682 3622 nobis
709 3569 852 3623 bono
882 3584 1183 3639 repugnare
1214 3569 1433 3635 dicitur,
1465 3578 1584 3623 tum
1621 3567 1841 3623 demum
1867 3581 1936 3621 ex
1975 3565 2206 3622 adverso
2236 3569 2418 3624 varias
2455 3568 2524 3622 ad
2576 3568 2871 3639 imaginum
2908 3568 3143 3639 species,
3205 3582 3268 3622 ac
3321 3566 3622 3622 deteriores

371 3659 734 3728 cogitationes
767 3661 930 3714 homo
954 3663 1284 3717 traducitur.

444 3751 560 3807 ΞΒ.
601 3747 677 3806 Oi")
706 3753 771 3816 δὴ
803 3753 896 3806 καὶ
937 3754 1096 3824 χάριν
1125 3755 1154 3807 6
1182 3754 1532 3818 _’A1t66'to).oc
1581 3755 1801 3825 εὔχεται
1847 3755 1941 3824 ῥυ-

375 3844 565 3912 σθῆναι
585 3884 599 3907 ,
630 3843 854 3897 θάνατον
887 3846 1019 3899 αὐτὸ
1050 3846 1146 3901 καὶ
1181 3846 1401 3918 ὄλεθρον
1431 3843 1571 3901 εἶναι
1603 3845 1901 3918 ἡγούμενος
1923 3859 1938 3873 ⁸

367 3933 562 4005 ὥσπερ
584 3934 648 4004 δὴ
680 3935 774 3988 καὶ
805 3937 833 3987 6
867 3938 1179 4008 Προφήτης,
1196 3937 1330 3990 Ἀπὸ
1357 3937 1478 3990 τῶν
1508 3936 1778 4005 κρυφίων
1798 3952 1942 4004 μου,

2107 3746 2269 3804 LXII.
2307 3749 2485 3820 Atque
2513 3765 2575 3807 ea
2605 3765 2775 3807 causa
2805 3759 2910 3811 est.
2939 3765 3040 3818 cur
3064 3750 3360 3821 Apostolus
3391 3752 3622 3810 liberari

2041 3853 2164 3893 sese
2197 3845 2370 3908 optet,
2417 3855 2543 3895 cum
2579 3850 2814 3898 mortem
2843 3841 2992 3896 illam
3026 3850 3192 3911 atque
3227 3843 3468 3898 exitium
3498 3860 3622 3900 esse

2039 3928 2320 3997 iudicarit.
2350 3931 2813 3998 Quemadmodum
2841 3933 3018 4002 inquit
3053 3934 3326 4006 Propheta
3355 3958 3370 3992 :
3414 3935 3507 3988 Ab-
3531 3952 3620 3989 οει

374 4025 582 4090 λέγων,
634 4025 960 4093 καθάρισόν
994 4045 1090 4096 με.
1137 4027 1286 4080 Λῦτά
1321 4027 1430 4098 γάρ
1461 4027 1530 4080 τά
1580 4026 1720 4097 mea
1784 4024 1943 4077 τοῦτο

2042 4021 2204 4076 cultis
2250 4025 2379 4077 meis
2411 4022 2578 4094 589
2603 4024 2803 4078 munda
2853 4041 2935 4078 me
2954 4027 2996 4079 '.
3053 4025 3210 4086 Istud'
3257 4027 3400 4080 enim
3453 4027 3619 4082 verba

377 4116 735 4186 παρίστησιψ
787 4115 1124 4186 Συνήδομαι
1160 4118 1267 4188 γάρ
1321 4115 1402 4182 τῷ
1448 4117 1610 4184 νόμῳ
1656 4113 1762 4168 τοῦ
1796 4113 1943 4168 Θεοῦ

2047 4111 2162 4181 ipsa
2193 4127 2304 4181 pra:
2330 4129 2389 4168 se
2421 4114 2638 4168 ierunt:
2669 4114 3030 4182 Condelector,
3066 4117 3262 4186 inquit,
3291 4119 3388 4188 legi
3421 4117 3619 4172 Deiec-

377 4205 526 4258 κατὰ
582 4205 686 4259 τὸν
739 4207 860 4260 ἔσω
904 4205 1216 4276 ἄνθρωπον
1235 4247 1251 4272 ,
1304 4207 1572 4275 λέγοντος.
1614 4204 1824 4259 Βλέπω
1877 4202 1943 4254 δὲ

2045 4206 2275 4256 cumtum
2300 4205 2600 4260 interiorem
2631 4207 2913 4262 hominem.
2957 4206 3127 4262 Video-
3142 4218 3317 4265 autem
3351 4211 3514 4264 aliam
3549 4212 3618 4265 le-

371 4298 578 4366 ἕτερον
629 4301 818 4368 νόμον
851 4300 1460 4368 ἀντιστρατευόμενον
1501 4296 1581 4362 τῷ
1630 4299 1792 4364 νόμῳ
1839 4294 1943 4348 τοῦ

2046 4310 2162 4363 gem
2200 4306 2570 4365 repugnantem
2615 4296 2714 4368 legi
2759 4299 2950 4353 mentis
2986 4315 3135 4364 meae,
3181 4311 3235 4354 et
3273 4301 3620 4369 captivantem

375 4390 516 4454 νοός
547 4407 697 4457 μου,
751 4390 846 4442 καὶ
889 4385 1392 4459 αἰχμαλωτίζοντά
1419 4404 1492 4455 με
1537 4384 1618 4451 τῷ
1639 4389 1803 4455 νόμῳ
1837 4383 1943 4452 τῆς

2051 4403 2133 4441 me
2165 4387 2263 4458 legi
2290 4388 2511 4457 peccati,
2537 4406 2656 4460 qua:
2675 4391 2830 4444 estin
2857 4391 3104 4445 membris
3129 4393 3278 4447 meis.
3306 4390 3506 4462 Infelix
3526 4410 3619 4463 ego

373 4447 660 4550 dilabi-10¢
671 4447 697 4545 ς.
727 4481 806 4545 τῷ
841 4447 1077 4535 afri-6"?”
1128 4447 1250 4547 τοῖς·
1557 4447 1726 4548 μου.-
1742 4447 1943 4531 Ταλαίξ

2050 4447 2238 4531 homo?
2269 4447 2386 4549 quis
2439 4447 2520 4533 me
2541 4447 2782 4534 liberabit
2825 4481 2891 4538 de
2911 4497 3135 4552 conpare
3175 4447 3620 4552 mortis'hujusji

376 4585 570 4637 πωρος
606 4570 723 4639 ἐγὼ
765 4569 1112 4638 ἅνθρωπος.ί
1154 4571 1244 4637 τις
1280 4587 1359 4639 με
1401 4571 1656 4638 ῥύσεται
1717 4568 1787 4621 ἐκ
1843 4566 1950 4621 τοῦ

371 4660 647 4729 σώματος
692 4661 798 4714 τοῦ
849 4660 1108 4715 θανάτου
1147 4662 1404 4724 τούτου;
1451 4661 1514 4714 οὐ
1551 4659 1612 4712 τὸ
1664 4658 1826 4728 σῶμα
1857 4658 1954 4712 θά-

375 4769 532 4805 νατον
565 4753 981 4822 ἀποφηνάμενος
999 4796 1014 4817 ,
1050 4752 1186 4806 ἀλλά
1217 4754 1308 4806 τὸν
1336 4753 1500 4823 νόμον
1529 4751 1632 4821 τῆς
1655 4748 1948 4821 ἁμαρτίας,

375 4837 467 4890 τὸν
523 4840 580 4890 ἐν
632 4842 744 4902 τοῖς
793 4840 1016 4910 μέλεσι,
1050 4841 1139 4894 διὰ
1170 4842 1270 4910 τῆς
1317 4841 1684 4914 παραϐάσεως
1729 4839 1788 4892 ὲν
1819 4842 1952 4909 ἡμῖν

375 4926 790 4996 ἐμφωλεύοντα,
839 4931 935 4982 καὶ
984 4929 1119 5000 πρὸς
1170 4930 1400 4984 θάνατον
1434 4932 1522 4985 ἀεὶ
1566 4930 1658 4983 τὸν
1703 4930 1802 5001 τῆς
1837 4928 1954 4981 ἀδι-

378 5018 501 5082 κίας
530 5020 628 5090 τὴν
664 5019 844 5091 ψυχὴν
876 5021 1309 5091 ὲμφαντάζοντα.
1373 5023 1652 5094 Ἐπιφὲρει
1696 5019 1829 5090 γοῦν
1865 5021 1954 5074 εῦ-

379 5111 517 5171 θέως
547 5112 736 5182 ἀμέλει
781 5113 1160 5184 διαλεγόμενος
1195 5115 1380 5169 ὁποίου
1432 5113 1661 5168 θανάτου
1707 5114 1951 5182 ἐγλίχετο

381 5204 644 5273 ρυσθῆναι
672 5243 686 5267 ,
715 5205 808 5259 καὶ
840 5206 924 5269 τίς
971 5207 1132 5259 αὑτὸν
1175 5209 1204 5260 6
1235 5207 1494 5279 ῥυόμενος
1527 5203 1630 5278 ἦν*
1661 5206 1840 5274 Χάρις
1868 5206 1948 5271 τῷ

381 5293 504 5359 Θεῷ
529 5294 628 5347 διὰ
669 5295 870 5361 Ἰησοῦ
896 5295 1174 5364 Χριστοῦ.
1206 5295 1540 5367 Προσεκτέον
1577 5297 1686 5368 γὰρ
1710 5337 1724 5360 ,
1756 5296 1839 5350 ὅτι
1859 5335 1874 5357 ,
1903 5296 1952 5347 εἰ

359 5379 440 5455 τὸ
477 5379 634 5448 σῶμα
665 5379 892 5434 θάνατον
928 5380 1085 5434 τοῦτο
1105 5419 1121 5444 ,
1153 5375 1200 5435 ὦ
1242 5381 1553 5450 Ἀγλαοφῶν
1576 5421 1592 5447 ,
1624 5383 1701 5446 ὡς
1733 5381 1954 5454 ὑπειλή-

383 5485 548 5538 φατε,
583 5470 769 5538 ἔλεγεν
789 5513 803 5536 ,
835 5472 934 5526 οὐκ
959 5471 1026 5526 ἀν
1053 5472 1144 5526 τὸν
1172 5474 1404 5544 Χριστὸν
1450 5473 1526 5537 ὡς
1566 5475 1826 5546 ῥυόμενον
1858 5476 1952 5531 αὖ·

385 5563 473 5618 τὸν
498 5560 721 5634 ὕστερον
768 5564 833 5616 ἐκ
861 5563 955 5617 τοῦ
999 5565 1240 5618 τοιούτου
1289 5564 1459 5619 κακοῦ
1511 5566 1948 5638 παρελάμϐανεν.

453 5724 473 5758 ⁸
506 5722 636 5788 Cor.
664 5722 695 5777 ὃ
713 5724 954 5792 ἀντιστρ.

1034 5727 1052 5757 ³
1088 5723 1230 5782 Psal.
1263 5740 1417 5793 mit,
1459 5725 1544 5781 i5.
1620 5725 1642 5758 ³
1666 5723 1825 5785 Rom.
1863 5742 1959 5794 VII,
1987 5725 2180 5783 21-28.

2054 4567 2155 4623 Ubi
2183 4584 2292 4624 non
2331 4585 2534 4640 corpus
2561 4579 2796 4626 mortem
2825 4586 2950 4627 esse
2985 4574 3330 4642 pronuntiat,
3366 4574 3462 4630 sed
3494 4590 3619 4644 pec-

2047 4660 2154 4713 cati
2185 4659 2436 4715 videlicet
2465 4661 2658 4731 legem,
2693 4665 2920 4732 quao-in.
2943 4663 3441 4720 membris‘nestris
3486 4665 3618 4720 insi-

2048 4751 2159 4815 det,
2209 4765 2274 4804 ac
2327 4767 2422 4821 per
2465 4752 2709 4807 mandati
2745 4754 3240 4823 transgressionem
3276 4755 3513 4810 latebras
3563 4756 3618 4811 in

2049 4841 2208 4896 nobis
2241 4842 2560 4909 constituit,
2597 4858 2663 4897 ac
2706 4842 2946 4914 denique
2990 4845 3058 4899 ad
3105 4845 3391 4914 iniustitiae
3431 4862 3618 4903 necem

2051 4933 2290 4986 animam
2329 4941 2574 4989 nostram
2605 4934 2774 4990 variis
2814 4935 3143 5006 imaginibus
3191 4937 3470 4992 illudendo
3497 4955 3620 5008 per-

2051 5024 2240 5078 trahit.
2273 5023 2655 5089 Quamobrem
2677 5025 2911 5082 subinde
2939 5028 2994 5082 in
3022 5029 3212 5085 eadem
3251 5028 3617 5098 disputatione

2052 5114 2298 5184 subiicit,
2325 5115 2635 5185 cuiusmodi
2666 5132 2726 5172 se
2755 5132 2784 5170 a
2815 5127 2994 5172 morte
3025 5119 3245 5174 liberari
3289 5129 3533 5190 cuperet,
3563 5127 3616 5175 et

2050 5221 2080 5260 a
2111 5222 2220 5276 quo
2249 5207 2568 5264 liberandus
2598 5207 3007 5274 esset:Gratia,
3045 5211 3239 5282 inquit,
3265 5210 3376 5266 Deo
3413 5228 3506 5282 per
3525 5210 3617 5269 Je-

2049 5315 2168 5352 sum
2209 5297 2479 5353 Christum
2500 5300 2543 5352 ⁸.
2593 5299 2732 5355 illud
2763 5301 2908 5356 enim
2942 5301 3232 5372 diligenter
3278 5303 3486 5358 attendi
3519 5319 3615 5358 cu-

2050 5390 2159 5458 pio,
2191 5390 2237 5444 si
2263 5404 2466 5462 corpus
2503 5392 2648 5445 istud
2692 5401 2944 5460 mortem,
2987 5402 3046 5448 ut
3094 5396 3318 5465 putatis,
3349 5410 3384 5450 o
3423 5395 3613 5465 Aglao-

2050 5475 2218 5544 phon,
2279 5479 2630 5548 appellasset,
2680 5497 2960 5552 nunquam
3012 5483 3165 5539 illum
3223 5484 3451 5551 Christi,
3505 5495 3600 5539 tan

2049 5581 2216 5635 quam
2261 5567 2402 5635 εἱλισ,
2433 5583 2464 5622 a
2511 5586 2623 5640 quo
2651 5581 2841 5642 postea
2874 5573 2970 5629 tali
3013 5588 3082 5631 ex
3123 5573 3472 5632 incommodo
3505 5575 3617 5630 eri.

2272 5726 2293 5758 ⁸
2319 5725 2450 5783 ibid.
2475 5729 2564 5785 25.
