4082 6394
424 274 565 329 H75
1839 275 1902 331 Β.
1946 273 2294 331 EPIPHAMI
3246 320 3251 321 κ
3561 268 3726 324 H73

417 386 651 457 piendus
693 393 862 452 esset,
922 394 1253 445 mentionem
1320 386 1614 443 facturum.
1656 384 1800 452 Quid
1849 389 1996 441 enim
2028 395 2074 449 Α
2116 388 2180 440 Ἐκ

2116 387 2269 440 Ἐπεὶ
2302 386 2357 441 τί
2391 385 2853 458 παραδοξότερον,
2894 385 2927 458 ἢ
2968 384 3132 437 πλέον
3167 384 3276 437 ἀπὸ
3303 385 3401 453 τῆς
3431 382 3524 435 τοῦ
3564 384 3682 454 Χρι

418 477 821 538 admirabilius.
870 484 963 531 aut
1013 478 1247 546 amplius
1280 495 1343 533 ex
1390 480 1481 532 illo
1516 479 1719 533 Christi
1765 478 2001 534 adventu
2110 494 2180 530 στ‹

2111 476 2237 530 στοῦ
2273 477 2573 547 παρουσίας
2614 478 2965 548 έσχήκαμεη
3001 474 3065 527 Τί
3094 474 3151 527 δὲ
3185 474 3279 526 xui.
3309 474 3338 525 ὀ
3379 473 3711 529 Ἀπόστολος

416 568 701 621 consecuti
736 566 985 621 fuimus?
1014 567 1157 634 Quid
1199 579 1380 624 autem
1420 570 1715 639 Apostolus
1750 568 2000 635 omnino,
2105 569 2180 622 ὄλ(

2111 569 2243 633 ὅλως
2293 570 2367 633 ὡς
2401 569 2487 622 διὰ
2520 570 2621 639 τῆς
2653 568 2961 639 παρουσίας
3004 566 3099 620 τοῦ
3135 564 3373 637 Χριστοῦ
3402 565 3702 634 δυνάμενοι

415 659 572 732 quasi
609 675 705 729 per
731 659 937 714 Christi
969 663 1314 732 przesentiam
1364 676 1393 714 a
1428 671 1600 715 morte
1642 660 1778 731 eripi
1812 662 1999 716 divino
2103 662 2168 713 ἐκ

2111 662 2168 713 ἐκ
2204 659 2300 713 τοῦ
2327 660 2557 714 Θανάτου
2594 659 2698 712 ὑπὸ
2721 658 2857 711 Θεοῦ
2896 656 3351 729 ἐλευθερωθῆναι,
3400 655 3558 709 τοῦτο
3590 656 3675 708 ὑπ
3700 686 3717 690 -

415 752 684 807 beneﬂcio
715 760 924 824 posset,
973 753 1063 807 illa
1104 755 1517 824 pronuntiabat,
1550 770 1675 808 cum
1717 754 1997 818 omnibus,
2104 763 2180 823 ειρ1

2111 752 2598 823 εφθέγγετο,ὀπότε
2616 752 2752 804 πᾶσι
2778 751 2869 804 καὶ
2901 750 3005 821 πρὸ
3038 749 3129 803 τοῦ
3145 750 3234 801 τὸν
3259 748 3490 819 Χριστὸν
3518 747 3711 800 ἐλθεῖν

414 846 577 897 etiam
622 853 913 914 antequam
949 844 1206 900 Christus
1258 846 1312 899 in
1355 847 1501 899 hunc
1541 848 1729 901 orbem
1766 846 2000 912 veniret,
2103 850 2180 911 εἰς

2111 850 2183 911 εἰς
2221 846 2313 899 τὸν
2349 845 2555 918 κόσμον
2595 844 2876 898 συνέϐαινε
2917 844 3206 914 θνήσκειν;
3269 840 3556 911 Ἐῥρυοντο
3588 839 3715 913 γὰρ

416 950 567 989 mors
609 936 725 1005 ipsa
761 937 1090 1008 contigerit?
1119 936 1253 991 Nam
1308 937 1551 992 universi
1599 954 1626 989 a
1672 937 2002 1007 corporibus
2103 959 2180 1011 χω

2111 940 2463 1011 χωριζόμενοι
2495 940 2697 1001 πάντες
2721 937 2830 990 τῶν
2866 937 3134 1007 σωμάτων
3166 934 3309 989 κατὰ
3338 935 3438 1005 τὴν
3463 934 3571 986 ἀπὸ
3597 939 3706 986 τοὶ

420 1031 658 1099 separati
696 1029 749 1083 in
790 1031 915 1083 vitzP
943 1030 1107 1097 hujus
1140 1030 1291 1084 exitu
1322 1030 1732 1095 liberabantur;
1761 1044 1824 1083 ac
1857 1028 2003 1083 simi-
2104 1034 2180 1102 pic

2111 1034 2219 1102 βίου
2254 1033 2460 1103 ταύτην
2490 1032 2691 1099 ἔξοδον.
2737 1029 2900 1083 Ἀλλὰ
2928 1030 3023 1083 xui
3056 1028 3317 1090 ὡσαύτως
3347 1027 3403 1079 δέ
3440 1028 3613 1079 πᾶσαι
3638 1027 3707 1077 αξ

416 1122 538 1177 liter
566 1137 779 1185 omnes,
813 1130 920 1176 tam
949 1122 1272 1186 inﬁdelium,
1295 1137 1456 1193 quam
1483 1121 1742 1182 ﬁdelium.
1773 1130 1883 1175 tam
1917 1120 2001 1174 in-
2099 1128 2180 1197 ψυί

2111 1128 2271 1198 δῑιυχαλ.
2296 1168 2310 1192 ,
2359 1126 2452 1179 xui
2491 1128 2546 1178 αἱ
2597 1124 2705 1177 τῶν
2745 1123 2990 1178 ἀπίστων
3030 1123 3123 1176 xui
3176 1119 3384 1174 πιστῶν
3412 1160 3426 1182 ,
3462 1118 3555 1172 xui.
3588 1115 3695 1168 tibi

415 1214 713 1283 iustorum.
748 1231 910 1285 quam
932 1215 1209 1285 justorum
1238 1216 1433 1269 anima:
1458 1224 1737 1285 postremo
1764 1216 1856 1269 illo
1889 1216 2003 1270 obi-
2100 1220 2180 1275 ἀδὶ

2111 1220 2300 1275 ὶδίκων
2338 1220 2433 1273 xui.
2463 1217 2689 1271 δικαίων
2735 1214 3058 1286 ἐχωρίζοντο
3102 1214 3212 1267 τῶν
3250 1212 3518 1283 σωμάτων
3554 1210 3695 1262 κατὲ

414 1317 502 1361 tas
530 1308 617 1362 die
642 1308 905 1378 sejunclze
938 1324 968 1361 a
997 1308 1325 1377 corporibus
1356 1308 1667 1363 evolabant.
2100 1312 2180 1384 τὴπ

2111 1312 2199 1384 τὴν
2228 1311 2442 1382 ἡμέραν
2471 1310 2570 1381 τῆς
2603 1308 2882 1378 τελευτῆς.

484 1400 756 1465 Quidnam
801 1401 968 1472 igitur
1000 1400 1301 1471 Apostolus
1342 1415 1454 1470 pra:
1480 1400 1713 1459 ueteris.
1746 1399 1835 1466 qui
1873 1397 1998 1453 bili-
2172 1406 2180 1423 '

2172 1405 2236 1457 Τί
2271 1400 2365 1458 οῦν
2395 1404 2423 1455 ὁ
2466 1401 2788 1465 Ἀπόστολος
2822 1399 2986 1453 πλέον
3011 1396 3165 1469 παρὰ
3200 1398 3327 1460 τοὺς
3372 1396 3567 1458 ἄλλους
3598 1394 3689 1447 λα-

413 1494 635 1548 delitate
664 1496 830 1549 vitam
865 1494 1253 1558 traduxerant,
1288 1493 1545 1549 studebat
1577 1492 1864 1547 obtinere?
1891 1493 2000 1545 Aut
2100 1498 2180 1551 ϐεῖ

2111 1498 2215 1551 δεῖν
2249 1498 2375 1561 τοὺς
2406 1497 2464 1549 ἐν
2514 1495 2744 1566 ἀπιστίᾳ
2787 1490 3176 1563 διατρίψαντας
3218 1488 3584 1553 ἐσπούδαζενς
3626 1491 3697 1543 Ἤ

416 1601 516 1638 cur
547 1585 758 1640 exsolvi
796 1586 1047 1655 corporis
1073 1585 1309 1640 vinculis
1339 1585 1584 1655 optabat,
1616 1583 1762 1654 quod
1800 1584 1882 1638 vel
1915 1584 2000 1637 in-
2099 1591 2180 1645 διὰ

2111 1591 2187 1645 itu
2235 1591 2289 1643 τί
2346 1588 2612 1661 ρυσθῆναι
2661 1587 2769 1641 ἀπὸ
2808 1585 2903 1639 τοῦ
2951 1583 3205 1655 σώματος
3241 1581 3475 1652 ηὕχετο,
3520 1581 3550 1633 ὃ
3603 1583 3697 1635 xui

418 1677 529 1731 vito
551 1676 920 1732 necessarium
963 1686 1082 1733 erat
1122 1678 1415 1749 aliquando
1447 1677 1790 1747 contingere,
1837 1684 1999 1745 prout
2034 1753 2059 1755 ξ
2104 1687 2179 1755 μὴ

2111 1687 2179 1755 μὴ
2211 1687 2230 1716 ¹
2262 1683 2419 1754 ἤθελε
2445 1723 2460 1745 ,
2500 1681 2720 1744 πάντως
2759 1680 2826 1732 ἂν
2870 1677 3187 1731 συνέϐαινεν
3225 1676 3373 1745 αὐτῷ
3393 1714 3408 1737 ,
3442 1674 3695 1747 καθὰπε(

417 1769 674 1824 omnibus
714 1771 886 1823 emori
930 1768 1297 1823 constitutum
1342 1776 1451 1834 est,
1503 1777 1558 1824 et
1594 1769 1839 1839 ipsorum
1881 1768 2001 1821 ani-
2032 1753 2074 1808 Β
2102 1753 2177 1848 δὴ-

2111 1753 2294 1848 xui.
2345 1776 2481 1829 πᾶσι
2542 1776 2720 1828 κεῖται
2767 1771 2829 1824 τὸ
2879 1768 3205 1839 τελευτῆσαι
3238 1769 3332 1821 xui
3360 1766 3695 1838 χωρισθῆναι

416 1876 533 1915 mas
576 1874 606 1913 a
656 1876 946 1930 corporum
996 1860 1388 1929 conjunctione
1433 1861 1637 1925 divelli,
1690 1860 1737 1916 si
1781 1861 2002 1932 quidem
2102 1873 2180 1925 τὰ,

2111 1873 2201 1935 τὰς
2242 1870 2421 1941 ψυχὰς
2454 1867 2633 1923 αὐτῶν
2667 1868 2776 1922 ἀπὸ
2812 1865 2923 1919 τῶν
2964 1864 3233 1933 σωμάτων
3254 1902 3269 1925 ,
3305 1864 3421 1929 εἴγε
3468 1860 3696 1914 Gustu-ros

417 1968 618 2022 corpus
666 1952 861 2007 anima:
913 1952 1194 2007 interitum
1245 1968 1368 2008 esse
1416 1953 1617 2009 vellet?
1660 1952 1847 2023 Itaque
1892 1969 2000 2007 non
2101 1964 2162 2017 τὸ

2111 1964 2162 2017 τὸ
2202 1962 2363 2032 σῶμα
2395 1960 2497 2031 τῆς
2544 1959 2723 2029 ψυχῆς
2774 1956 3102 2023 ὑπετίθετο;
3140 1956 3305 2007 Ὥστε
3341 1954 3401 2006 οὐ
3436 1954 3498 2006 τὸ
3536 1954 3695 2022 σῶμα

417 2060 617 2115 corpus
662 2044 786 2107 hoc,
834 2061 867 2097 ο
913 2044 1261 2115 Aglaophon,
1314 2050 1548 2098 mortem
1596 2045 1859 2115 appellat,
1904 2045 2001 2101 sed
2100 2056 2180 2109 τοί

2111 2056 2259 2109 τοῦτο
2281 2096 2294 2116 ,
2325 2048 2371 2108 ὧ
2422 2052 2769 2122 Ἀγλαοφῶν,
2818 2050 3049 2104 θάνατον
3075 2088 3090 2110 ,
3127 2046 3265 2101 ἀλλὰ
3294 2046 3395 2117 τὴν
3425 2045 3687 2115 ἁμαρτίαι

418 2145 724 2206 peccatum,
769 2136 915 2207 quod
965 2152 1061 2207 per
1102 2135 1459 2205 cupiditatem
1492 2136 1551 2190 in
1596 2152 1829 2207 corpore
1865 2137 2003 2191 resi-
2101 2149 2180 2219 τὴς

2111 2149 2200 2219 τὴν
2231 2147 2644 2218 κατοικήσασαν
2686 2144 2775 2197 διὰ
2810 2143 2911 2212 τῆς
2948 2139 3247 2210 ἐπιθυμίας
3284 2140 3342 2191 ἐν
3375 2138 3455 2207 τῷ
3486 2136 3695 2206 σώματι

417 2230 509 2283 det
541 2248 553 2284 :
588 2245 619 2283 a
661 2243 775 2300 quo
800 2228 1021 2298 quidem
1058 2243 1290 2301 corpore
1317 2227 1461 2285 Deus
1514 2230 1693 2300 ipsum
1735 2229 2002 2284 adventus
2102 2239 2180 2307 λέπ

2111 2240 2248 2307 λέγει
2270 2280 2284 2303 ,
2315 2233 2383 2309 ἦς
2426 2239 2454 2290 ὁ
2482 2237 2617 2299 Θεὸς
2647 2235 2809 2290 αὐτὸν
2836 2233 2926 2288 διὰ
2956 2234 3057 2304 τῆς
3096 2231 3401 2303 παρουσίας
3434 2230 3528 2283 τοῦ
3560 2231 3685 2299 Χρι-

416 2321 618 2377 Christi
668 2320 932 2375 beneﬁcio
984 2321 1217 2377 liberum
1267 2322 1692 2393 expeditumque
1742 2321 2000 2378 reddidit.
2105 2352 2180 2388 στι

2111 2333 2232 2388 στοῦ
2283 2330 2571 2404 ἐρρύσατο.
2629 2328 2688 2381 '0
2741 2326 2853 2398 γὰρ
2893 2326 3057 2394 νόμος
3100 2323 3196 2377 τοῦ
3243 2321 3556 2393 πνεύματος
3598 2320 3692 2389 τῆς

418 2410 631 2466 Etenim
665 2411 751 2466 lex
795 2412 1026 2483 spiritus
1061 2413 1187 2467 vita:
1227 2415 1283 2467 in
1326 2412 1548 2469 Christo
1579 2413 1709 2470 .lesu
1755 2413 2005 2468 liberavit
2104 2427 2180 2491 ξω

2111 2427 2253 2497 ζωῆς
2294 2426 2353 2478 ἐν
2399 2420 2622 2495 Χριστῷ
2660 2420 2835 2491 Ἰησοῦ
2881 2416 3254 2489 ἠλευθέρωσεν
3292 2416 3441 2485 ἡμᾶς
3468 2413 3576 2467 ἀπὸ
3603 2411 3693 2464 τοῦ

418 2520 520 2559 nos
556 2518 587 2557 a
621 2502 734 2575 lege
764 2506 973 2575 peccati
1002 2512 1057 2560 et
1082 2506 1299 2568 mortis,
1335 2515 1391 2559 ut
1414 2506 1505 2576 qui
1536 2506 1786 2561 excitavit
1817 2504 2005 2560 Jesum
2106 2520 2180 2589 νόι

2111 2520 2270 2589 νόμον
2300 2516 2400 2585 τῆς
2424 2514 2697 2585 ἁμαρτίας
2725 2512 2819 2565 καὶ
2850 2509 2943 2563 τοῦ
2972 2507 3204 2562 θανάτου
3223 2547 3238 2569 ,
3271 2506 3434 2571 ὅπως
3474 2507 3508 2558 ό
3555 2504 3683 2573 ere!

417 2614 451 2649 a
495 2598 739 2661 mortuis,
810 2608 1021 2667 propter
1068 2597 1454 2652 inhabitantem
1500 2598 1615 2669 ejus
1650 2596 1909 2667 Spiritum
1949 2599 2006 2652 in
2098 2627 2180 2680 ρα

2111 2627 2216 2678 ρας
2270 2607 2506 2676 Ἰησοῦν
2549 2606 2617 2659 ex
2661 2601 2908 2669 νεκρῶν,
2949 2599 3048 2654 διὰ
3090 2598 3158 2653 τὸ
3208 2596 3489 2652 ἐνοικοῦν·
3510 2594 3695 2650 αὑτοῦ

418 2688 563 2742 nobis
612 2690 830 2758 viviﬁcet
878 2698 927 2745 et
979 2690 1229 2743 mortalia
1269 2706 1493 2758 corpora
1544 2691 1799 2752 nostra‘,
1843 2688 2008 2760 590
2106 2706 2180 2757 ιιι

2111 2701 2348 2770 Πνεῦμα
2375 2700 2445 2753 ἐν
2468 2698 2615 2766 ἡμῖν
2647 2695 2982 2763 (tamtamen
3016 2693 3112 2747 καὶ
3136 2692 3209 2745 τὰ
3245 2690 3434 2759 θνητὰ
3456 2688 3697 2758 σώματα

416 2798 540 2837 cum
570 2792 876 2853 peccatum,
915 2783 1058 2853 quod
1092 2784 1233 2839 inest
1259 2784 1314 2838 in
1348 2798 1581 2855 corpore
1605 2790 1819 2847 nostro,
1847 2780 2005 2836 dam-
2104 2794 2180 2861 ἡμ

2111 2790 2295 2861 ἡμῶν,
2322 2789 2434 2859 τῆς
2470 2790 2759 2859 ἁμαρτίας
2778 2785 2887 2853 τῆς
2912 2787 2982 2839 ἐν
3002 2784 3083 2850 τῷ
3111 2782 3340 2853 σώματι
3377 2780 3548 2851 ἡμῶν
3594 2798 3695 2834 και

420 2885 603 2929 uatum
631 2876 696 2930 ad
717 2892 905 2932 necem
944 2876 1105 2933 fuerit
1156 2896 1168 2931 :
1200 2892 1310 2947 quo
1329 2876 1748 2947 naturalislegis
1777 2890 1841 2931 ac
1862 2890 2003 2946 prat-
2103 2901 2176 2937 τα

2111 2883 2485 2952 τακριθείσης
2516 2880 2667 2948 πρῦς
2697 2878 3041 2946 ἀναίρεσιν·
3079 2877 3170 2929 ἵνα
3200 2874 3261 2928 τὸ
3300 2874 3577 2944 δικαίωμα
3603 2870 3698 2924 τοῖν

420 2967 558 3037 repti
608 2967 952 3038 justilicatio,
1014 2981 1137 3037 quae
1181 2982 1283 3022 nos
1342 2966 1410 3021 ad
1469 2966 1672 3021 bonum
1725 2964 1999 3021 trahebat.
2106 2992 2180 3029 κα

2111 2976 2246 3029 κατὰ
2273 2975 2373 3045 τὴν
2411 2972 2634 3043 ἐντολὴν
2663 2969 2802 3043 πρὸς
2830 2970 2893 3023 τὸ
2919 2966 3123 3036 ἀγαθὸν
3153 2968 3300 3038 ἡμᾶς
3328 2964 3699 3035 ἁφελκομένου

419 3072 581 3131 quam
616 3059 905 3115 imbecillis
937 3068 1085 3115 esset
1127 3069 1447 3131 appareret;
1481 3074 1626 3130 quae,
1675 3073 1840 3114 carne
1870 3064 1998 3111 ante
2106 3085 2178 3137 φο

2111 3064 2337 3137 φυσικοῦ
2384 3064 2551 3135 νόμου
2585 3060 2874 3133 φανερωθῇ
2914 3058 3224 3129 (ἐξαφθὲν),
3274 3058 3337 3111 τὸ
3370 3056 3699 3126 ἀσθενῆσαν,

419 3152 623 3205 Christi
666 3151 959 3207 adventum
994 3153 1097 3209 sub
1138 3152 1347 3221 peccati
1394 3159 1716 3222 potestatem
1750 3149 1994 3213 redacta,
2024 3158 2067 3215 ς
2098 3160 2180 3228 τῆς

2111 3160 2195 3228 τῆς
2231 3158 2433 3230 σαρκὸς
2460 3154 2882 3227 κεκρατημένης
2902 3156 2970 3225 τῇ
3007 3152 3257 3224 ἁμαρτίᾳ.
3294 3152 3404 3222 πρὸ
3433 3151 3533 3220 τῆς
3566 3166 3681 3219 παρ

420 3242 655 3297 terrenis
692 3244 841 3299 curis
880 3251 1000 3299 erat
1042 3259 1329 3314 oppressa.
1368 3242 1521 3300 lusiti
1547 3242 1695 3299 enim
1740 3258 1769 3295 a
1808 3240 2013 3295 natura
2104 3269 2180 3305 ους

2111 3251 2293 3315 θυσίας
2327 3249 2421 3303 τοῦ
2488 3247 2727 3320 Χριστοῦ
2756 3289 2771 3312 ,
2822 3250 2944 3309 ταῖς
2990 3246 3206 3309 ὑλικαῖς
3256 3244 3536 3316 φροντίσιν
3575 3245 3684 3294 ἐπι-

418 3337 544 3391 boni
581 3338 719 3396 vim,
745 3338 890 3407 quod
919 3338 1171 3408 ingenita:
1204 3337 1529 3408 corporibus
1555 3336 1845 3406 cupiditati
1875 3349 2004 3390 suc—
2104 3362 2180 3414 χω

2111 3341 2446 3414 χωννυμένον
2476 3341 2513 3391 ³.
2553 3340 2628 3393 Τὸ
2661 3337 2771 3409 γὰρ
2804 3337 3064 3391 ἀδύνατον
3096 3336 3190 3388 τοῦ
3220 3337 3277 3387 ἐν
3306 3336 3441 3404 ἡμῖν
3469 3328 3700 3401 φυσικοῦ

419 3429 707 3492 cubuerat,
737 3430 1085 3484 conﬁrmavit
1120 3430 1607 3499 corroboravitque
1637 3428 1799 3491 Deus,
1832 3427 2005 3482 misso
2105 3435 2179 3502 ἀγ

2111 3432 2345 3502 ἀγαθοῦ,
2381 3435 2438 3485 ἐν
2483 3424 2528 3499 ᾧ
2560 3430 2812 3502 ἠσθένει,
2844 3428 2951 3481 ὑπὸ
2980 3427 3081 3496 τῆς
3120 3426 3417 3495 ἐπιθυμίας
3451 3423 3699 3495 ἡττώμε-

419 3523 487 3578 de
515 3523 656 3579 caelo
700 3521 859 3584 Filio,
905 3524 999 3593 qui
1037 3523 1272 3578 similem
1307 3530 1508 3577 nostra:
1538 3536 1758 3577 carnem
1808 3518 2004 3575 indue-
2102 3541 2180 3578 voi

2111 3542 2195 3578 vov
2218 3523 2319 3592 τῆς
2349 3522 2675 3593 ἐγκειμένης
2705 3521 2764 3573 ἐν
2802 3517 2879 3588 τῷ
2907 3516 3143 3587 σώματι,
3183 3517 3254 3586 (ὁ)
3280 3514 3424 3587 Θεὸς
3454 3509 3698 3582 ἀνερῤώ-

420 3622 524 3670 rat.
563 3614 704 3671 Vere
749 3615 917 3680 enim,
968 3631 1080 3670 non
1134 3616 1319 3685 specie
1350 3624 1531 3679 tenus,
1580 3623 1699 3669 erat
1754 3612 1806 3667 id
1857 3611 2003 3683 quod
2106 3631 2180 3667 au

2111 3631 2237 3667 σατο
2266 3612 2486 3683 πέμψας
2507 3613 2599 3665 τὸν
2626 3609 2756 3663 Υίὸν
2790 3605 2983 3660 ἑαυτοῦ
3006 3645 3020 3669 ,
3055 3606 3155 3677 τὴν
3197 3604 3390 3675 ὁμοίαν
3418 3605 3483 3673 τῇ
3534 3599 3701 3670 σαρκὶ

419 3724 545 3764 esse
579 3708 887 3767 videbatur.
940 3717 1002 3761 ut
1051 3708 1314 3762 nimirum
1360 3706 1679 3774 adjudicato
1724 3704 1846 3759 neci
1881 3718 2006 3774 pec-
2108 3706 2178 3760 σά

2111 3706 2288 3776 σάρκα
2332 3704 2684 3776 ἀνειληφότα.
2745 3700 2998 3772 Ἀλήθεια
3033 3698 3177 3769 γὰρ,
3224 3697 3320 3751 καὶ
3369 3697 3429 3749 οὐ
3477 3694 3701 3761 δόκησις

419 3812 565 3865 cato,
593 3816 663 3856 ne
697 3801 839 3856 ullos
870 3800 1067 3854 iterum
1116 3800 1173 3854 in
1221 3815 1387 3855 carne
1419 3798 1631 3853 fruetus
1662 3797 1869 3860 ederet,
1908 3810 2006 3849 na-
2103 3793 2173 3869 ἦν

2111 3793 2173 3869 ἦν
2202 3797 2231 3851 ὃ
2256 3797 2459 3867 ἐφάνη·
2487 3796 2593 3861 ἵνα,
2624 3795 2725 3865 τῆς
2751 3793 3027 3864 ἁμαρτίας
3054 3787 3530 3859 κατακεκριμένης
3562 3784 3702 3854 πρὸς

422 3894 620 3949 turalis
644 3893 968 3962 justiﬁcatio
994 3893 1129 3963 legis
1157 3892 1493 3962 impleretur,
1526 3906 1649 3961 qua:
1679 3891 1731 3943 in
1763 3889 1849 3944 liis
1874 3887 2005 3943 obe-
2106 3890 2180 3942 av.

2111 3888 2405 3960 αναίρεσιν,
2442 3889 2522 3951 είς
2549 3887 2611 3939 τὸ
2652 3884 2846 3956 μηκέτι
2871 3880 3297 3954 καρποφορῆσαι
3328 3879 3385 3931 ἐν
3414 3879 3481 3947 τῇ
3512 3875 3699 3946 σαρκὶ,

421 3984 643 4039 dientiae
688 3983 953 4039 beneﬁcio
1008 3984 1365 4047 redundaret,
1414 3982 1508 4054 qui
1551 3998 1663 4037 non
1701 3997 1768 4037 ex
1818 3980 2005 4045 carnis
2107 3981 2170 4034 τὸ

2111 3981 2170 4034 τὸ
2214 3980 2489 4050 δικαίωμα
2524 3977 2618 4031 τοῦ
2666 3974 2897 4045 φυσικοῦ
2929 3974 3094 4043 νόμον
3138 3968 3402 4041 πληρωθῇ
3424 4009 3438 4030 ,
3475 3966 3703 4020 πλευνά-

421 4076 873 4147 roneupisccntia
902 4076 1348 4146 progrediuntur,
1385 4076 1481 4131 sed
1512 4075 1578 4128 ad
1611 4076 1839 4145 spiritus
1869 4074 2008 4130 desi-
2109 4090 2179 4126 σα

2111 4090 2210 4127 σαν
2237 4075 2305 4143 τῇ
2337 4072 2552 4142 ὑπακοῇ
2582 4072 2694 4133 τοῖς
2724 4070 2797 4140 μὴ
2822 4066 2965 4121 κατὰ
2997 4066 3095 4136 τὴν
3129 4063 3427 4133 ἐπιθυμίαν
3453 4061 3548 4131 τῆς
3574 4077 3703 4128 cup-

420 4170 633 4223 derium
662 4184 728 4224 se
748 4183 811 4223 ac
838 4169 1216 4238 praascriptum
1247 4167 1687 4222 accommodant.
1721 4166 1832 4235 Le;
1859 4166 2005 4221 enim
2108 4163 2180 4218 κὸς

2111 4163 2204 4226 κὸς
2256 4161 2651 4235 περιπατοῦσιν
2678 4201 2693 4224 ,
2744 4160 2880 4213 ἀλλὰ
2925 4158 3069 4212 κατᾶ
3116 4157 3217 4227 τὴν
3256 4153 3555 4222 ἐπιθυμίαν
3603 4150 3702 4203 τοῦ

422 4261 654 4330 spiritus
685 4258 830 4321 vitae,
873 4260 977 4313 hoc
1007 4267 1090 4313 est
1113 4258 1492 4327 Evangelium,
1527 4258 1596 4311 ab
1623 4258 2007 4326 superioribus
2108 4266 2180 4302 πν

2111 4248 2420 4319 πνεύματος
2473 4248 2569 4302 xui.
2623 4249 2723 4318 τὴν
2775 4247 3072 4317 ὑφήγησιν.
3138 4245 3195 4298 Ὁ
3253 4244 3364 4314 γὰρ
3392 4243 3554 4313 νόμος
3606 4240 3700 4293 τοῦ

422 4351 636 4420 legibus
667 4350 1011 4419 discrepans,
1046 4350 1112 4404 ad
1154 4330 1519 4406 obedientiam
1550 4359 2009 4419 peccatorumque
2110 4357 2180 4393 πν

2111 4343 2420 4409 πνεύματος
2445 4340 2544 4409 τῆς
2575 4339 2720 4410 ζωῆς
2744 4379 2759 4403 ,
2800 4338 2828 4391 ὃ
2855 4338 2918 4409 δή
2957 4339 3074 4390 ἐστι
3114 4336 3174 4389 τὸ
3203 4334 3557 4403 Εὑαγγέλιον,
3592 4332 3699 4384 2:3-

422 4440 813 4497 relaxationem
841 4439 1127 4511 Evangelii,
1145 4441 1418 4510 prteconio
1444 4440 1767 4502 constituta,
1797 4439 1866 4494 ab
1893 4441 2008 4509 lege
2114 4449 2180 4503 ροη

2114 4448 2205 4503 ρος
2231 4430 2308 4487 ῶν
2338 4431 2447 4484 τῶν
2471 4430 2887 4502 προειρημένων
2913 4431 3096 4501 νόμων
3119 4469 3135 4493 ,
3166 4428 3255 4483 διὰ
3277 4427 3373 4481 τοῦ
3409 4426 3698 4497 κηρύγμα-

424 4547 527 4584 nos
563 4531 773 4600 peccati
804 4546 869 4585 ac
897 4531 1091 4585 mortis
1119 4531 1346 4600 eripuit,
1386 4546 1452 4585 ac
1476 4541 1760 4601 peccatum
1801 4530 2002 4601 ipsum,
2036 4519 2080 4574 D
2107 4541 2180 4577 τοί

2111 4541 2201 4588 τος
2250 4523 2389 4595 πρὸς
2426 4524 2674 4596 ὑπακοὴν
2721 4523 2933 4588 τεθεὶς,
2989 4524 3082 4577 καὶ
3128 4522 3324 4591 ἄφεσιν
3364 4520 3701 4592 ἁμαρτημά-

424 4623 568 4691 quod
600 4624 661 4679 in
690 4638 858 4678 carne
888 4624 1152 4693 regnabat
1212 4623 1459 4681 l'mtdilus
1486 4621 1799 4677 debellavit.
2108 4632 2180 4669 τω

2111 4632 2240 4680 των,
2280 4616 2654 4689 ἠλευθέρωσεν
2680 4618 2829 4688 ἡμᾶς
2851 4615 2960 4670 ἀπὸ
2980 4616 3074 4668 τοῦ
3104 4615 3269 4685 νόμου
3297 4615 3399 4684 τῆς
3428 4614 3700 4683 ἁμαρτίας

2111 4708 2333 4762 καὶτοῦ
2377 4708 2640 4772 θανάτου,
2676 4712 2904 4780 νικήσας
2938 4710 3003 4762 ἐκ
3047 4708 3247 4771 παντὸς
3294 4708 3393 4781 τὴν
3423 4706 3702 4779 ἁμαρτίαν

2114 4798 2504 4869 βασιλεύουσαν
2526 4802 2624 4871 τῇς
2658 4798 2883 4870 σαρκός.

500 4888 666 4960 Igitur
694 4901 1040 4957 quaecunque
1081 4901 1148 4942 ex
1181 4885 1428 4956 Apostoli
1455 4885 1641 4941 verbis
1673 4883 1901 4955 preponi
1944 4884 2015 4939 ab

2189 4892 2254 4942 'A
2288 4890 2385 4961 μὲν
2401 4888 2494 4944 οὖν
2515 4890 2578 4961 δὴ
2606 4890 3020 4961 προϐάλλονται,
3053 4890 3147 4943 καὶ
3180 4890 3244 4941 ἐκ
3269 4886 3378 4941 τῶν
3406 4886 3503 4941 τοῦ
3548 4889 3696 4941 Ἀπο-

427 4982 536 5037 illis
567 4983 765 5047 solent,
810 4981 906 5037 sed
946 4980 1226 5035 intellecta
1264 4995 1573 5050 perperam,
1612 4980 1735 5042 tibi,
1769 4995 1802 5033 ο
1835 4978 2015 5034 Theo-
2113 4998 2176 5033 στ

2113 4980 2303 5033 στόλου
2343 4981 2520 5053 ῥητῶν
2544 4982 2645 5035 οὐκ
2674 4980 2850 5053 ὀρθῶς
2884 4982 3026 5035 αὐτὰ
3060 4979 3439 5052 ἐξηγούμενοι,
3476 4980 3694 5050 σαφηνί-

424 5074 594 5146 philc,
627 5074 894 5131 hactenus
925 5074 1174 5144 exposui.
1214 5072 1371 5126 Nunc
1409 5071 1479 5125 ad
1513 5072 1619 5126 alia
1665 5088 1751 5127 me
1782 5086 2015 5126 convcr-
2113 5091 2180 5126 σα

2113 5091 2213 5136 σας
2265 5074 2434 5143 ἔφην,
2489 5067 2534 5128 ὦ
2588 5074 2836 5142 Θεόφιλε.
2880 5074 3163 5145 Τρέψομαι
3206 5073 3263 5127 δὲ
3315 5073 3584 5143 καὶπρὸς
3632 5072 3701 5125 τὰ

426 5178 562 5230 tam,
604 5173 897 5238 postquam
927 5165 1091 5232 hujus
1134 5162 1443 5233 explicandi
1480 5162 1754 5217 sermonis
1795 5160 2014 5231 adjuto-
2112 5166 2180 5224 ἒτε

2112 5166 2276 5238 ἕτερα
2299 5206 2314 5231 ,
2348 5167 2552 5237 ἐάνπερ
2588 5167 2680 5220 τὸν
2713 5166 3049 5237 βοηθήσοντα
3078 5167 3210 5238 ἡμῖν
3267 5165 3406 5236 πρὸς
3441 5165 3538 5236 τὴν
3570 5165 3690 5230 διέξ-

429 5273 541 5313 rem
585 5253 1257 5315 naetusl'uero._Dil1icilia
1298 5254 1502 5325 quippe
1548 5263 1699 5318 sunt,
1732 5268 1908 5324 neque
1945 5252 2013 5307 ad
2115 5258 2180 5311 οδε

2115 5258 2234 5312 οδον
2263 5257 2514 5331 εὕρωμεν
2539 5258 2634 5312 τοῦ
2660 5259 2840 5328 λόγου.
2874 5260 3095 5332 Ἀπορα
3135 5259 3245 5331 γὰρ
3267 5299 3282 5321 ,
3321 5261 3416 5312 xui.
3463 5261 3525 5312 οὐ
3559 5259 3700 5312 πάνυ

425 5351 786 5407 refellendum
822 5350 1073 5421 expedita
1099 5364 1223 5418 quae
1259 5354 1588 5417 sequuntur.
1627 5347 1748 5414 Quo
1775 5348 2019 5419 spissius
2083 5378 2086 5381 λ
2120 5354 2180 5425 ῥᾴ

2120 5354 2279 5425 ῥᾴδια
2305 5352 2442 5425 πρὸς
2472 5352 2792 5425 καθαίρεσιν
2818 5352 2887 5406 τὰ
2906 5352 3051 5421 ἑξῆς.
3084 5353 3176 5406 Διὸ
3215 5353 3307 5406 καὶ
3343 5353 3698 5423 ὀκνηρότερον

424 5460 489 5500 ac
520 5443 767 5500 timidius
796 5443 912 5498 inec
952 5442 1271 5512 aggredior,
1291 5456 1528 5510 quorum
1560 5442 1775 5511 longam
1804 5456 1868 5496 ac
1898 5441 2008 5495 dif—
2116 5446 2180 5499 αὐ

2116 5445 2294 5499 αὐτῶν
2342 5446 2613 5515 ἅπτομαι,
2654 5445 2873 5515 μακρὰν
2902 5447 2997 5499 καὶ
3042 5445 3287 5516 χαλεπὴν
3337 5445 3515 5497 αὐτῶν
3558 5444 3697 5515 ὁρῶν

426 5537 627 5593 ﬁcilem
653 5536 769 5593 fore
798 5535 1179 5607 probationem
1204 5532 1391 5602 video,
1416 5534 1529 5590 nisi
1556 5535 1835 5604 sapientia:
1858 5550 2006 5606 qme-
2114 5537 2180 5609 τὴ

2114 5537 2212 5609 τὴν
2246 5535 2515 5603 ἀπόδειξιν
2549 5539 2814 5610 ἐσομένην
2837 5579 2850 5604 ,
2881 5537 2975 5592 ἐὰν
3001 5541 3074 5611 μή
3098 5556 3181 5603 τις
3213 5540 3362 5611 ἡμᾶς
3401 5532 3546 5610 αὖρα
3578 5555 3692 5594 συν·

499 5690 518 5724 ί
545 5690 705 5748 Rom.
738 5707 860 5758 \‘lll,
891 5692 975 5747 li.
1054 5694 1072 5724 ’
1105 5691 1232 5746 Cor.
1272 5689 1373 5744 κᾶν
1409 5692 1509 5763 μή.
1587 5690 1685 5744 ιν.
1716 5690 2180 5763 ἐπιχωννυμένου.
