4082 6394
310 382 449 441 H77

1011 364 1386 442 ADVERSUS
1426 384 1770 442 IDERESES
1810 386 1937 442 LIB.
1976 387 2041 443 ll.
2083 387 2247 444 TOM.
2289 388 2721 446 I.—-lI./ERES.
2759 390 2941 445 LXIV.

3463 393 3606 449 H78

310 498 479 561 έσεως
508 496 663 567 ἄφνω
699 497 757 565 ἐξ
786 496 1019 571 οὐρανοῦ
1046 498 1494 581 καταπνεύσασα,
1558 502 1813 575 καθάπερ
1849 504 1899 556 ὲν

2009 500 2134 556 dam
2178 517 2312 556 aura
2344 512 2569 573 repente
2610 504 2830 560 cmlitus
2880 503 3158 574 aspirans,
3194 505 3298 569 sic,
3337 514 3600 578 tanquam

313 604 465 661 μεσῳ
497 590 832 661 νηχομένους
860 591 1089 661 πελάγει
1118 635 1133 659 ,
1193 596 1272 658 είς
1305 595 1477 665 ὅρμον
1519 595 1769 667 ἀκύμονα
1813 597 1907 649 καὶ

308 683 586 750 ἀπόδειξιν
618 684 1051 758 ἀποκαταστήσῃ
1078 686 1517 760 ἀσφαλεστέραν.

564 776 718 842 Ἕως
749 770 866 830 ὧδε
901 777 969 830 τό
993 777 1176 848 μέρος
1206 777 1326 832 τῶν
1346 780 1661 835 Μεθοδίου.

292 843 302 880 ί
379 863 495 919 EI".
538 867 722 923 Ταῦτα
760 870 862 939 μὲν
907 843 1008 925 οὖν
1038 843 1186 925 ἐστιν
1220 872 1328 926 ἀπὸ
1370 874 1569 945 μέρους
1620 873 1743 927 καθ’
1798 875 1906 944 εἱρ-

313 957 411 1026 μὸν
442 957 550 1013 τῶν
584 960 691 1013 ὑπὸ
716 962 811 1030 τοῦ
848 964 1157 1037 μακαρίτου
1192 965 1458 1019 Μεθοδίου
1491 965 1602 1035 (46)
1622 1007 1637 1031 ,
1680 965 1774 1019 τοῦ
1808 964 1904 1018 καὶ

308 1048 640 1117 Εὑϐουλίου,
683 1055 813 1126 περὶ
858 1055 954 1109 τοῦ
1001 1058 1407 1128 προειρημένου
1456 1059 1764 1129 Ὠριγένους
1808 1058 1903 1110 καὶ

307 1139 409 1209 τῆς
441 1141 607 1196 αὐτοῦ
635 1144 725 1198 διὰ
752 1149 1073 1219 σοφιστικῆς
1105 1148 1321 1219 πλάνης
1348 1150 1716 1212 κακοπιστίας
1742 1153 1799 1202 ἐν
1822 1150 1902 1221 τῷ

307 1230 458 1302 αύτῷ
490 1235 620 1307 περὶ
654 1236 1007 1301 ἀναστάσεως
1036 1237 1201 1308 λόγῳ.
1235 1239 1304 1291 Ἀ
1329 1238 1565 1292 ἐνταῦθα
1592 1238 1905 1311 παραθέμε-

308 1337 389 1374 νοι
466 1323 667 1389 ἱκανῶς
736 1324 882 1396 ἔχειν
946 1327 1280 1399 ἐνομίσαμεν
1337 1328 1474 1399 πρὸς
1532 1327 1632 1391 τάς
1692 1328 1902 1381 ἐκείνου

307 1414 579 1487 φλυαρίας
602 1456 618 1480 ,
653 1417 750 1471 καὶ
780 1419 878 1489 τῆς
918 1418 1086 1473 αὐτοῦ
1125 1419 1441 1490 ἀνατροπῆς
1474 1420 1488 1450 ⁸
1528 1420 1628 1490 τῆς
1667 1419 1775 1473 τῶν
1805 1421 1902 1474 ἀν-

307 1507 543 1578 θρώπων
577 1508 723 1582 ζωῆς
762 1512 832 1565 δι’
881 1511 1220 1567 ὲπιπλάστου
1270 1511 1371 1583 (ἐξ)
1422 1511 1745 1582 Ἑλληνικῆς
1795 1512 1903 1566 δει-

308 1600 648 1671 σιδαιμονίας
688 1604 784 1657 καὶ
836 1603 1184 1676 κακοηθείας.
1234 1603 1415 1659 Πολλά
1463 1604 1573 1675 γὰρ
1607 1605 1700 1657 καὶ
1741 1604 1903 1676 ἕτερα

305 1692 364 1744 ἐν
394 1696 461 1764 τῇ
494 1695 623 1765 περὶ
658 1695 759 1765 τῆς
793 1695 1104 1759 ὑποθέσεως
1133 1695 1426 1766 ἀκολουθίᾳ
1464 1694 1542 1765 τῷ
1574 1695 1903 1767 προειρημέ-

306 1799 383 1852 νῳ
415 1782 665 1855 Μεθοδίῳ
687 1784 844 1856 ἀνδρὶ
885 1784 1052 1856 λογίῳ
1090 1786 1224 1847 ὄντι,
1261 1785 1357 1839 καὶ
1390 1784 1595 1856 σφόδρα
1636 1786 1766 1856 περὶ
1798 1786 1901 1856 τῆς

2009 595 2064 650 in
2106 595 2221 650 alto
2251 596 2597 666 navigantes,
2632 598 2996 668 tranquillum
3037 598 3105 653 ad
3150 605 3371 670 portum
3411 613 3474 653 ac
3507 597 3599 650 tir-

2006 686 2237 741 miorem
2262 687 2786 744 demonstrationem
2810 690 3067 759 appellat.

2447 777 2719 833 Hactenus
2746 795 2811 833 ex
2834 779 3125 835 Met/todio.

2076 866 2262 923 LXIII.
2305 868 2485 940 Atque
2512 872 2628 926 haec
2669 879 2799 927 sunt
2838 888 2869 928 e
2900 874 3043 928 beati
3089 872 3371 940 Methodii,
3403 873 3496 942 qui
3535 880 3591 926 et

2006 959 2277 1017 Eubulius
2304 962 2486 1018 dictus
2515 970 2620 1029 est,
2653 965 2876 1033 scriptis
2913 965 3109 1020 ordine
3136 966 3416 1034 decerpta,
3459 981 3582 1034 qua:

2005 1049 2073 1105 de
2105 1048 2361 1118 Origene,
2394 1049 2801 1121 depravataque
2838 1049 3092 1121 Origenis
3136 1050 3240 1106 ﬁde
3273 1051 3595 1120 suphisticis

2005 1142 2452 1197 cavillationibus
2482 1144 2759 1213 implicata
2792 1144 2847 1198 in
2874 1145 3065 1199 eodem
3094 1145 3162 1199 de
3191 1144 3597 1199 resurrectione

2005 1234 2148 1288 libro
2187 1234 2473 1289 disseruit.
2512 1234 2670 1305 591
2708 1236 2840 1301 Quae
2872 1236 2976 1291 hoc
3013 1238 3133 1291 loco
3166 1237 3448 1306 preposita
3481 1236 3598 1288 suf-

2004 1323 2167 1379 ﬁcere
2202 1332 2396 1379 contra
2450 1324 2600 1378 illius
2658 1339 2832 1394 nugas
2884 1325 3201 1395 putavimus
3263 1324 3598 1394 impiaquza

2003 1415 2339 1481 doctrinam,
2390 1430 2499 1486 qua
2573 1416 2797 1469 humani
2857 1416 3071 1487 generis
3142 1415 3307 1469 vitam
3356 1415 3597 1469 ascititia

2004 1508 2098 1563 illa
2138 1507 2424 1579 gentilium
2455 1508 2851 1577 superstitione
2883 1515 3049 1579 atque
3083 1507 3435 1577 improbitate
3471 1521 3597 1560 cor-

2004 1602 2173 1670 rupit.
2210 1600 2276 1654 Et
2307 1616 2621 1671 quanquam
2662 1600 2770 1655 alia
2804 1602 3067 1672 pleraque
3104 1600 3248 1655 idem
3303 1616 3581 1671 argumen-

2003 1698 2121 1745 tum
2155 1690 2466 1747 Methodius
2496 1692 2588 1746 ille
2621 1692 2704 1745 vir
2737 1696 2986 1763 apprime
3028 1693 3226 1748 doctus
3264 1692 3598 1747 acerrimus-

2003 1798 2110 1852 que
2158 1783 2408 1837 veritatis
2456 1790 2725 1853 patronus
2774 1784 2827 1837 in
2860 1784 3051 1839 eodem
3080 1784 3223 1839 libro
3273 1783 3592 1853 disputarit,

305 1874 566 1946 ἀληθείας
600 1877 996 1947 ἀγωνισαμένῳ
1050 1876 1320 1948 εἰρημένα
1369 1877 1625 1947 εἴρηται,
1680 1878 1899 1941 πάντως

2003 1876 2232 1930 totidem
2257 1875 2392 1943 fere,
2420 1882 2558 1946 quot
2592 1890 2623 1929 a
2661 1875 2823 1931 nobis
2851 1876 3096 1945 excerpti
3126 1883 3277 1939 sunt,
3316 1874 3590 1936 versibus,

304 1984 411 2021 που
439 1968 536 2021 καὶ
561 1968 667 2040 ἔπη
702 1969 939 2022 τοσαῦτα
973 1970 1084 2042 (47)
1118 1970 1284 2041 ἕτερα
1305 1986 1318 1999 ο
1363 1970 1480 2023 ἀλλ’
1512 1968 1702 2040 ἐπειδὴ
1738 1972 1903 2040 ὲπηγ.

305 2061 607 2132 γειλάμεθα
637 2062 758 2115 καθ’
786 2062 1024 2134 ἑκάστην
1052 2063 1264 2132 αἵρεσιν
1303 2061 1461 2132 ὀλίγα
1492 2063 1630 2134 πρὸς
1658 2061 1758 2134 τὴν
1798 2063 1899 2115 αύ-

304 2151 403 2222 τῆς
452 2154 768 2225 ἀνατροπὴν
806 2154 988 2224 λέγειν
1024 2155 1118 2225 (ού
1158 2156 1267 2226 γάρ
1304 2157 1446 2213 εἰσιν
1490 2155 1701 2227 ὀλίγαι)
1728 2195 1742 2219 ,
1793 2155 1900 2219 ἕως

305 2235 407 2295 ὦδε
456 2246 521 2297 ἐκ
549 2246 648 2315 τῆς
701 2245 868 2300 αὑτοῦ
917 2247 1301 2318 πραγματείας
1336 2248 1709 2319 παραθέμενοι
1740 2246 1901 2319 ἠρκέ-

306 2333 536 2405 σθημεν.
581 2337 767 2406 Ὀλίγα
816 2337 874 2390 δὲ
932 2340 1028 2391 καὶ
1079 2340 1236 2392 αὐτοὶ
1272 2340 1372 2410 τῆς
1424 2340 1584 2411 ἡμῶν
1623 2340 1899 2410 πτωχείας

304 2426 384 2489 εἰς
408 2427 505 2499 τὴν
535 2428 707 2500 αὐτὴν
736 2428 833 2482 τοῦ
866 2430 1063 2504 ἀνδρὸς
1093 2433 1362 2505 φλυαρίαν
1391 2431 1473 2485 ἔτι
1516 2431 1895 2503 προσθέμενοι,

305 2521 734 2592 καταπαύσομεν
759 2522 849 2577 τὸν
894 2527 1015 2577 κατ’
1047 2526 1212 2579 αὑτοῦ
1246 2524 1462 2595 ἀγῶνα,
1494 2525 1573 2591 τῷ
1614 2524 1733 2595 Θεῷ
1762 2527 1899 2578 ἀπο-

304 2611 596 2675 δεδωκότες
634 2612 696 2667 τὸ
734 2612 987 2683 βραϐεῖον
1016 2614 1096 2685 τῷ
1137 2614 1402 2685 νικοποιῷ
1426 2657 1440 2679 ,
1481 2616 1576 2668 καὶ
1603 2615 1702 2686 τὴν
1731 2613 1895 2667 αὐτοῦ

316 2703 643 2775 Ἐκκλησίαν
703 2709 771 2777 τῇ
837 2705 943 2778 ίδίᾳ
994 2707 1160 2761 αὐτοῦ
1221 2706 1600 2779 φιλανθρωπίᾳ
1661 2707 1896 2761 πάντοτε

306 2795 612 2865 στέμμασιν
668 2798 1063 2868 ἀμαραντίνοις
1126 2798 1599 2871 κατακοσμοῦντι,
1643 2800 1758 2861 τοῖς
1796 2798 1896 2869 τῆς

305 2886 567 2958 ἀληθείας
616 2888 992 2962 κηρύγμασιν.
1062 2890 1322 2962 Λέξωμεν
1364 2891 1548 2945 τοίνυν
1590 2890 1687 2944 καὶ
1741 2891 1897 2945 αὐτοὶ

304 2979 443 3051 πρὸς
478 2980 642 3034 αὑτὸν
679 2983 822 3034 κατά
858 2980 1112 3053 δύναμιν.

371 3073 627 3138 Φάσκεις,
660 3067 707 3127 ὧ
732 3068 907 3141 οὗτος,
939 3075 1016 3138 ὡς
1049 3075 1145 3129 καὶ
1186 3075 1300 3130 ἀνω
1335 3086 1439 3146 μοι
1465 3074 1890 3146 προδεδήλωται,

303 3165 826 3237 ὲπισκωμματίζων,
862 3168 946 3220 ὅτι
972 3168 1063 3238 Μὴ
1093 3167 1203 3240 ἀρα
1233 3168 1569 3241 βυρσοδέψης
1592 3164 1662 3240 ἦν
1685 3171 1715 3222 ὁ
1736 3169 1889 3233 Θεδςν

2004 1967 2365 2023 nihilominus
2397 1982 2521 2021 cum
2555 1966 2606 2021 id
2650 1967 2810 2021 initio
2838 1966 3231 2038 receperimus,
3258 1966 3315 2019 in
3346 1980 3592 2035 unaqua-

2003 2077 2112 2132 que
2137 2058 2424 2115 tractanda
2476 2060 2671 2115 haeresi
2704 2074 2880 2129 pauca
2924 2074 3029 2113 nos
3064 2057 3132 2111 ad
3163 2058 3285 2128 ejus
3338 2055 3594 2111 confuta-

2002 2156 2205 2211 tionem
2248 2168 2375 2210 esse
2404 2153 2653 2209 dicturos
2693 2154 2848 2225 (sunt
2892 2153 3039 2208 enim
3076 2167 3307 2207 numero
3341 2151 3593 2221 complu-

2002 2248 2134 2311 res),
2173 2245 2309 2302 sat-is
2350 2260 2475 2301 esse
2511 2244 2771 2301 duximus
2817 2247 3100 2315 hucusque
3130 2260 3196 2298 ex
3234 2244 3382 2299 illius
3429 2258 3596 2313 opere

2001 2339 2378 2394 transtulisse.
2418 2338 2600 2405 Quare
2628 2339 2719 2393 ubi
2752 2338 3020 2393 adversus
3058 2338 3302 2393 hominis
3340 2337 3593 2391 incondi-

2000 2439 2112 2485 tam
2141 2432 2530 2502 loquacitatem
2575 2432 2841 2485 nonnulla
2888 2431 3069 2485 adhuc
3096 2447 3162 2485 ex
3192 2430 3374 2499 inopia
3409 2441 3595 2483 nostra

1999 2523 2528 2593 deprompserimus,
2569 2521 2849 2593 pugnandi
2880 2521 3145 2577 adversus
3181 2523 3334 2574 illum
3372 2520 3595 2574 modum

1998 2612 2297 2680 faciemus;
2335 2622 2629 2685 postquam
2668 2614 2885 2668 auctori
2923 2615 3168 2668 victoria:
3208 2613 3319 2668 Deo
3350 2614 3595 2667 victoria:

1998 2706 2283 2775 prannium
2320 2722 2385 2761 ac
2412 2708 2583 2762 decus
2625 2708 3014 2775 obtulerimus,
3050 2708 3145 2777 qui
3193 2722 3292 2777 pro
3324 2705 3597 2777 singulari

1998 2796 2343 2853 humanitate
2369 2813 2471 2853 sua
2501 2798 2867 2853 amarantinis
2907 2806 3175 2870 perpetuo
3201 2798 3447 2862 coronis,
3490 2797 3596 2851 hoc

1996 2901 2081 2945 est
2118 2891 2371 2946 veritatis
2410 2891 2780 2961 dogmatibus,
2811 2891 3117 2946 Ecclesiam
3158 2901 3405 2945 exornat.
3441 2889 3598 2945 Nunc

1996 2998 2125 3053 ergo
2160 2982 2427 3039 adversus
2458 2983 2712 3039 eumdem
2747 2998 2845 3052 pro
2872 2984 3080 3039 viribus
3110 2983 3475 3053 disputemus.

2067 3075 2148 3131 Tu
2170 3077 2361 3147 igitur,
2402 3077 2478 3131 mi
2528 3077 2715 3140 homo,
2754 3090 2850 3147 per
2882 3075 3070 3145 jocqu
3114 3076 3230 3131 haec
3263 3076 3425 3132 nobis
3465 3076 3599 3145 obji-

1994 3169 2099 3232 cis,
2132 3177 2190 3222 ut
2218 3169 2378 3224 initio
2407 3170 2782 3233 meminimus,
2816 3176 3134 3223 utrumnam
3174 3170 3337 3239 pellio
3371 3168 3596 3239 quidam

304 3256 390 3310 ἵνα
423 3234 655 3328 χιτῶνας
686 3234 1062 3330 δερματίνουςν
1092 3234 1204 3324 τοῖς
1233 3234 1368 3333 περὶ
1396 3234 1489 3314 τὸν
1527 3234 1707 3332 ’Ἀδὰμ
1737 3262 1893 3333 ποιή-

2001 3262 2141 3317 Deus
2160 3272 2328 3329 esset,
2364 3272 2423 3318 ut
2451 3274 2696 3319 scorteas
2729 3263 2946 3319 tunicas
2970 3261 3181 3317 Adamo
3210 3263 3441 3333 ejusque
3464 3278 3598 3315 cnn-

304 3366 394 3422 σῃ,
434 3351 660 3421 μηδέπω
688 3349 843 3415 ζώων
869 3352 1218 3424 τεθυμένωνς
1244 3355 1306 3407 Εἰ
1342 3355 1400 3408 δὲ
1440 3355 1535 3408 καὶ
1560 3354 1727 3425 ὲτύθη
1754 3355 1891 3419 ζῶα,

301 3446 402 3497 οὐκ
433 3440 595 3516 ἦσαν,
630 3448 783 3516 φησὶ,
817 3447 1045 3516 χιτῶνες
1076 3448 1412 3520 δερμάτινοι,
1445 3448 1583 3503 ἀλλά
1609 3449 1671 3502 τὸ
1703 3450 1895 3521 γήϊνον

302 3537 330 3590 ὂ
366 3539 726 3610 περικείμεθα
769 3538 947 3611 σῶμα.
990 3540 1103 3593 Καὶ
1134 3541 1469 3612 πανταχόθεν
1506 3542 1790 3613 ἐλέγχεται
1826 3543 1894 3612 τῇ

302 3632 395 3684 τοῦ
417 3632 662 3685 διαϐόλου
692 3632 905 3703 ἐπινοίᾳ
930 3632 1026 3685 καὶ
1044 3635 1111 3704 τῇ
1143 3632 1235 3687 τοῦ
1253 3634 1429 3703 ὄφεως
1459 3635 1725 3706 δολιότητι
1756 3651 1898 3705 παρ-

303 3722 637 3789 ακολουθῶν,
668 3723 875 3795 φθορὰν
905 3723 1165 3788 ἀπιστίας
1217 3727 1284 3796 τῇ
1322 3727 1700 3799 ἀνθρωπότητι
1726 3728 1895 3798 ὲργα-

305 3815 551 3887 ζόμενος,
596 3818 691 3869 καὶ
731 3819 832 3888 τὴν
866 3817 1013 3872 Εὕαν
1037 3817 1519 3893 ιὲξαπατήσαντος,
1560 3820 1655 3873 καὶ
1688 3820 1774 3872 ἀεὶ
1798 3818 1899 3882 τάς

304 3908 541 3972 διανοίας
564 3909 673 3962 τῶν
702 3911 977 3983 ἀκεραίων
1010 3911 1199 3982 ψυχῶν
1228 3914 1296 3983 τῇ
1334 3912 1645 3984 πανουργίᾳ.
1685 3913 1743 3966 ὲν
1778 3914 1899 3974 ταῖς

304 4000 484 4054 αὐτῶν
520 4000 782 4065 διανοίαις
816 4003 1318 4074 παραφθείραντος.
1353 4003 1584 4075 Ἰδωμεν
1618 4004 1819 4066 τοίνυν,
1848 4006 1897 4057 εί

305 4092 526 4147 δύναται
553 4092 622 4146 τὰ
655 4094 760 4147 ὑπὸ
791 4094 884 4147 σοῦ
917 4095 1185 4166 εἰρημένα
1216 4094 1361 4164 ἔχειν
1390 4096 1603 4159 στάσιν,
1630 4094 1743 4157 ὡς³
1773 4111 1900 4147 τοσ-

307 4183 447 4239 αὖτα
482 4185 782 4257 μοχθήσας,
818 4186 913 4240 καὶ
938 4189 1018 4251 είς
1048 4189 1225 4258 μάτην
1256 4188 1456 4250 ἐλάσας
1489 4186 1582 4239 τὸν
1616 4188 1747 4259 περὶ
1771 4204 1898 4240 τοσ-

305 4278 477 4333 ούτων
505 4279 701 4350 βίϐλων
726 4280 1049 4350 συγγραφῆς
1072 4280 1281 4347 ἀγῶνα.
1314 4282 1375 4333 Ei
1399 4281 1508 4351 γάρ
1530 4282 1676 4333 ἐστιν
1698 4280 1899 4350 ἀληθὲς

306 4358 335 4426 δ
378 4374 509 4445 περὶ
557 4373 650 4426 σοῦ
697 4372 883 4444 ᾅδεται
925 4372 1061 4444 (48),
1113 4374 1195 4425 ὅτι
1235 4372 1635 4443 ἑξακισχιλίους
1683 4373 1898 4444 βίϐλους

310 4464 653 4537 συνεγράψω,
694 4458 739 4518 ὦ
782 4464 1133 4535 ματαιοπόνε,
1167 4464 1263 4518 καὶ
1306 4465 1397 4518 τὸν
1433 4465 1613 4519 πάντα
1651 4466 1899 4536 κάματον

306 4561 388 4621 εἰς
423 4558 628 4627 ψόγους
674 4559 767 4611 καὶ
811 4558 995 4621 δόλους
1042 4558 1404 4629 ματαιότητος
1443 4557 1730 4622 ἀναλώσας
1764 4575 1897 4627 σφο-

306 4649 449 4720 δρῶς
486 4650 578 4702 καὶ
619 4649 795 4712 κενῶς
825 4649 924 4720 τὴν
965 4649 1066 4720 σὴν
1099 4649 1366 4719 ἐργασίαν
1413 4649 1780 4720 καταστήσας,
1812 4648 1901 4702 διὰ

307 4738 417 4791 τῶν
458 4738 772 4808 ἀναγκαίων
825 4732 900 4792 ὧν
945 4737 1361 4810 παρεχάραξας,
1419 4738 1742 4792 ἀνέλπιστον
1801 4739 1901 4809 τῆς

310 4832 582 4905 ἐμπορίας
613 4849 707 4885 σου
737 4832 829 4886 τὸν
862 4834 1109 4904 κάματον
1140 4833 1532 4904 περιεποιήσω.
1570 4834 1633 4885 Εἰ
1663 4832 1771 4904 γὰρ
1799 4834 1902 4886 οὐκ

308 4924 593 4979 ἀνίσταται
644 4918 706 4978 τὸ
746 4924 926 4996 σῶμα,
970 4926 1093 4978 οὐδὲ
1138 4927 1171 4996 ὴ
1209 4925 1353 4996 ψυχή
1390 4942 1442 4977 τι
1473 4926 1895 4997 κληρονομήσει.

309 5017 425 5071 Μία
454 5017 562 5090 γὰρ
592 5019 686 5070 καὶ
720 5018 754 5089 ἡ
789 5018 927 5088 αὐτὴ
970 5017 1226 5071 κοινωνία
1272 5017 1365 5070 τοῦ
1407 5033 1466 5069 τε
1501 5017 1754 5088 σώματος
1803 5016 1900 5070 καὶ

309 5111 408 5181 τῆς
440 5109 640 5181 ψυχῆς,
687 5111 781 5162 καὶ
825 5108 926 5181 μία
959 5109 1213 5181 ἐργασία.
1258 5109 1581 5164 Ἀνάστασιν
1611 5108 1669 5162 δὲ
1696 5108 1899 5180 παλιμ-

384 5264 400 5295 ¹
435 5260 499 5319 F.
528 5263 628 5336 τὴν
654 5262 819 5318 αὐτοῦ
842 5264 1179 5336 ἀνατροπὴν.
1256 5267 1276 5298 ’
1308 5262 1371 5318 F.
1416 5256 1482 5320 ὦ.

386 5420 499 5491 (46)
539 5420 674 5474 Ὑπὸ
704 5421 812 5475 τοῦ
828 5421 1164 5491 μακαρίτου
1191 5422 1505 5477 Μεθοδίου.
1533 5421 1761 5481 Nolabis
1787 5422 1901 5480 Me-

312 5490 559 5544 thodium
592 5491 699 5544 alio
726 5490 950 5547 nomine
987 5493 1064 5546 dit
1080 5503 1191 5546 tum
1230 5492 1544 5548 Eubulium.

274 5580 285 5595 -
385 5562 497 5636 (47)
534 5560 781 5627 Πάντως
811 5578 931 5615 που
976 5568 1071 5617 καὶ
1110 5564 1222 5632 ἔπη
1265 5565 1553 5621 τοσαῦτα.
1593 5566 1740 5636 Ἔπη
1772 5571 1903 5621 sunt

314 5634 499 5693 verba,
533 5647 641 5685 non
671 5648 886 5688 versus.

384 5702 498 5773 (48)
532 5705 601 5755 El
622 5702 731 5770 γάρ
752 5703 925 5758 ἐστιν·
944 5703 1168 5769 ἀληθὲς
1188 5701 1219 5755 ὃ
1237 5704 1368 5771 περὶ
1392 5706 1508 5759 σοῦ
1531 5705 1753 5773 ᾄδεται.
1798 5704 1899 5761 llic

315 5772 405 5825 ille
429 5772 611 5845 _Io_cus
644 5780 749 5836 est,
786 5791 852 5829 ex
885 5790 996 5843 quo
1038 5773 1269 5828 Ruﬁnus
1299 5772 1551 5845 Origenis
1591 5778 1897 5840 adamator,

316 5841 463 5901 etab
494 5841 828 5915 Hieronymo
868 5841 1031 5919 atque
1055 5845 1359 5920 Epiphanio
1378 5841 1449 5903 ob
1479 5847 1532 5901 id
1560 5848 1791 5915 alienus,
1814 5863 1898 5903 as-

1992 3357 2109 3427 jugi
2160 3355 2387 3422 faceret,
2426 3371 2554 3410 eum
2610 3356 2821 3411 nullum
2864 3354 3045 3411 adhuc
3090 3354 3400 3425 iugulatum
3451 3360 3597 3407 esset

1997 3444 2243 3499 animal?
2289 3446 2369 3500 Ac
2421 3448 2642 3501 tametsi
2694 3454 2931 3500 mactata
2984 3463 3106 3503 esse
3149 3444 3344 3503 demus
3392 3445 3597 3518 aliqua,

1997 3553 2107 3590 non
2136 3543 2341 3599 tamen,
2376 3535 2574 3605 inquit,
2608 3535 2677 3590 de
2710 3536 2954 3605 pelliceis
2980 3537 3207 3602 tunicis,
3253 3537 3348 3592 sed
3382 3538 3447 3592 de
3483 3548 3597 3591 ter-

1999 3644 2154 3693 reno,
2197 3627 2345 3699 quod
2384 3643 2486 3683 nos
2517 3628 2710 3694 ambit,
2744 3644 2975 3698 corpore
3004 3629 3327 3700 accipienda
3363 3630 3479 3683 huic
3516 3630 3596 3683 vi-

1998 3723 2218 3779 dentur.
2258 3722 2317 3777 ln
2348 3738 2460 3793 quo
2491 3722 2640 3777 omni
2684 3737 2752 3775 ex
2797 3730 2953 3791 parte
2999 3721 3202 3776 diaboli
3244 3722 3489 3775 fraudem
3535 3737 3599 3775 ae

1999 3817 2275 3888 serpentis
2301 3815 2657 3871 calliditatem
2686 3815 2889 3869 imitari
2917 3814 3290 3877 convincitur,
3327 3822 3491 3884 atque
3524 3814 3599 3870 ita

2000 3909 2245 3963 humano
2268 3908 2458 3980 generi
2477 3907 2818 3963 infidelitatis
2834 3907 3204 3977 corruptelam
3225 3907 3596 3963 consciscere.

2000 3999 2476 4066 Quemadmodum
2504 4007 2559 4053 et
2593 4000 2761 4053 Evam
2788 4007 2952 4051 antea
2984 4013 3212 4068 serpens
3245 3998 3334 4052 ille
3357 3998 3595 4069 decepit,

1999 4108 2065 4148 ac
2097 4094 2499 4163 simpliciorum
2535 4093 2819 4146 hominum
2849 4090 3064 4147 animos
3104 4092 3347 4147 versutia
3392 4108 3489 4146 sua
3535 4108 3600 4146 ac

2000 4186 2311 4241 calliditate
2360 4186 2645 4256 pervertit.
2676 4184 2977 4239 Videamus
3020 4184 3190 4255 igitur
3226 4193 3410 4238 utrum
3453 4195 3602 4240 stare

2002 4293 2125 4347 quae
2154 4288 2284 4332 sunt
2315 4291 2345 4331 a
2378 4285 2430 4332 te
2460 4277 2606 4331 dicta
2644 4277 2876 4347 possint,
2907 4292 3032 4332 cum
3066 4286 3352 4348 tantOpcre
3382 4279 3602 4332 laboru-

2001 4372 2099 4433 ris,
2145 4385 2210 4424 ac
2254 4369 2462 4424 frustra
2504 4377 2617 4423 tam
2668 4369 2900 4425 inﬁnitis
2936 4369 3309 4425 voluminibus
3359 4371 3602 4427 conscri-

2003 4463 2200 4519 bendis
2242 4462 2520 4534 quoddam
2572 4464 2672 4518 tibi
2712 4472 2991 4518 certamen
3030 4464 3313 4520 indixeris.
3351 4464 3407 4519 Si
3453 4466 3599 4519 enim

1929 4572 2196 4637 Dverum
2236 4564 2342 4623 est,
2392 4555 2539 4627 quod
2592 4556 2660 4611 de
2707 4568 2758 4611 te
2802 4557 3139 4627 percrebuit,
3186 4572 3282 4613 sex
3333 4557 3600 4612 librorum

2010 4649 2183 4703 millia
2218 4664 2248 4702 a
2303 4660 2354 4704 te
2387 4665 2509 4706 esse
2551 4650 2889 4721 conscripta,
2933 4666 2966 4706 ο
3002 4651 3220 4716 infelix,
3260 4653 3354 4722 qui
3397 4653 3601 4706 inanis-

2010 4744 2149 4798 sime
2175 4742 2492 4808 (lesudaris,
2529 4758 2593 4798 ac
2616 4753 2851 4800 conatus
2874 4753 3001 4799 tuos
3032 4760 3227 4802 omnes
3253 4754 3404 4799 tanta
3429 4747 3598 4800 animi

2006 4836 2364 4892 contentione
2421 4835 2477 4891 in
2504 4836 2942 4907 vituperationes
2996 4839 3418 4895 ac‘vanissimas
3452 4840 3601 4893 frau-

2006 4928 2103 4983 des
2131 4929 2512 4998 insumpseris,
2551 4945 2779 5000 operam
2812 4929 3047 5000 denique
3081 4939 3230 4985 tuam
3262 4932 3465 4987 frustra
3503 4947 3600 5001 po-

2006 5022 2211 5086 sueris,
2247 5022 2509 5076 nimirum
2543 5023 2837 5093 praecipuis
2870 5024 2979 5078 illis
3014 5039 3078 5077 ac
3115 5025 3447 5079 necessariis
3477 5025 3596 5079 ﬁdei

2006 5114 2280 5181 capitibus
2328 5113 2719 5184 depravandis,
2770 5114 3123 5186 desperatum
3186 5130 3250 5170 ac
3285 5116 3465 5173 fructu
3506 5134 3599 5172 cae

2003 5424 2222 5479 serebat
2254 5421 2878 5493 Epiphaniumjactasse
2906 5438 3002 5479 sex
3035 5422 3299 5477 librorum
3324 5425 3490 5478 millia
3524 5425 3595 5480 ab

2002 5492 2237 5564 Origene
2269 5492 2582 5564 conscripta
2611 5510 2669 5548 se
2700 5494 2920 5563 legisse.
2951 5494 3109 5559 Quod
3141 5495 3493 5563 nugacissimi
3527 5511 3592 5549 ac

1999 5565 2285 5621 vanissimi
2354 5565 2593 5619 hominis
2645 5572 3019 5635 commentum
3074 5564 3274 5618 refellit
3323 5564 3593 5635 Hierony-

1998 5651 2123 5691 mus
2159 5636 2315 5701 Ανοι.
2353 5653 2389 5690 ιι
2426 5635 2479 5688 in
2510 5634 2784 5689 emndem.
2820 5632 3104 5703 Nusquam
3135 5637 3282 5689 enim
3317 5644 3411 5689 aut
3443 5632 3593 5690 deli-

1997 5707 2222 5761 brorum
2262 5721 2494 5759 numero
2532 5705 2818 5758 afﬁrmavit
2851 5705 3212 5776 Epiphanius,
3244 5718 3334 5761 aut
3366 5709 3592 5762 totidem

1998 5792 2028 5829 a
2060 5792 2120 5850 se
2159 5778 2332 5850 lectos
2361 5776 2734 5850 conﬁrmavit.
2766 5774 3205 5850 _Addit‘Hie"0u.
3242 5776 3310 5834 de
3334 5778 3599 5850 OrigcniS.

1998 5848 2216 5918 scriptis
2250 5847 2465 5903 Eusebii
2502 5845 2899 5905 testimonium.
