4082 6394
508 340 647 397 1179

1884 354 1944 412 S.
1988 354 2327 414 EPIPHANII

3622 355 3791 414 H80

506 465 721 513 rentem
754 459 903 514 omni
935 462 1321 531 negotiationis
1346 474 1452 523 tua:
1490 466 1733 524 laborem
1767 468 2074 525 reddidisti.

2198 473 2354 536 Ξόλως
2384 473 2478 526 καὶ
2508 473 2670 537 αὐτὸς
2696 471 2995 543 ὁμολογῶν,
3026 471 3576 541 πεφαντασιασμῐνην
3596 469 3771 540 δόκη-

504 548 642 603 Nam
673 550 720 605 si
753 565 958 621 corpus
988 569 1098 608 non
1122 559 1381 626 resurgit,
1413 560 1563 613 nulla
1592 561 1703 629 jam
1741 563 1936 617 animm
1958 579 2085 633 spes

512 638 845 694 luereditatis
886 642 1235 713 relinquitur.
1265 646 1426 718 592
1462 647 1633 704 Unica
1675 653 1820 705 enim
1868 661 1954 707 est
1994 668 2087 708 ea-

508 726 740 798 demque
775 733 1022 801 corporis
1062 736 1368 807 animaeque
1406 743 1754 807 communio;
1796 758 1893 812 par
1923 753 2087 814 atque

512 820 652 875 idem
694 837 852 893 opus.
888 818 969 875 Ttt
1005 841 1132 881 vero
1167 832 1618 888 resurrectionem
1650 833 1814 888 etiam
1859 834 2088 891 subdole

512 912 817 983 callideque
857 919 1145 985 conﬁtens,
1185 934 1292 974 non
1337 922 1415 976 rei
1457 924 1763 989 veritatem,
1807 924 1901 979 sed
1949 925 2087 979 falsa

513 1003 696 1071 specie
728 1005 1106 1062 adumbratam
1138 1009 1426 1081 imaginem
1475 1014 1738 1078 retinens,
1779 1014 1957 1069 solum
1988 1030 2089 1069 no-

514 1108 636 1148 men
681 1110 948 1165 usurpare
994 1100 1227 1169 cogeris.
1256 1100 1389 1167 Quae
1420 1103 1567 1157 enim
1616 1104 1811 1159 anima:
1852 1104 1962 1160 dici
2001 1121 2089 1161 re—

513 1186 780 1241 surrectio
808 1196 1003 1258 potest,
1028 1204 1149 1260 qua:
1180 1208 1355 1262 neque
1386 1193 1534 1249 cadit
1570 1210 1833 1264 unquam,
1866 1210 1967 1251 nec
1999 1212 2089 1251 se—

515 1276 745 1344 pultura:
782 1280 1093 1347 mandatur,
1128 1284 1224 1339 sed
1252 1285 1337 1338 vel
1364 1286 1726 1355 appellatione
1754 1289 1873 1357 ipsa
1909 1286 2092 1341 decla-

513 1376 621 1429 rat,
660 1372 928 1439 corporis,
959 1374 1118 1442 quod’
1160 1375 1420 1431 ceciderit
1468 1378 1852 1448 sepultumque
1906 1377 2089 1443 fuerit,

515 1462 971 1516 resurrectionem
1021 1480 1145 1520 esse
1188 1466 1501 1536 prepriam;
1542 1484 1703 1538 quam
1741 1470 1962 1538 ubique.
2008 1479 2093 1523 at-

512 1564 622 1617 que
664 1550 719 1604 in
758 1553 907 1605 omni
951 1554 1234 1626 Scriptura
1262 1559 1514 1615 veritatis
1549 1561 1640 1613 lilii
1684 1560 2001 1629 praedicant.
2035 1559 2091 1614 Si

515 1637 682 1706 igitur
718 1640 944 1696 minime
990 1646 1249 1715 resurgit,
1295 1663 1567 1717 nusquam
1602 1649 1695 1703 illa
1725 1657 1811 1704 est
1844 1648 2094 1718 Scriptu-

514 1745 701 1784 rarum
749 1736 995 1789 omnium
1044 1739 1392 1796 monimentis
1425 1740 1699 1796 celebrata
1741 1743 2091 1797 resurrectio.

2189 579 2296 625 σιν,
2326 562 2420 615 καὶ
2448 563 2549 615 οὐκ
2570 562 2840 633 ἀληθινῶς
2869 562 3027 633 ἔχων,
3062 559 3351 632 ἀναγκάζῃ
3383 560 3539 630 μόνον
3565 560 3627 612 τὸ
3647 560 3760 612 ὀνο

2190 671 2265 724 μα
2291 653 2492 722 λέγειν.
2512 655 2830 717 ’Δνάστασις
2860 652 2952 708 οὖν
2989 655 3119 707 ποία
3151 652 3331 723 ψυχῆς
3358 651 3579 704 δύναται
3610 651 3757 718 λέγε-

2190 745 2333 809 σθαι,
2383 746 2483 815 τῆς
2532 746 2607 818 μὴ
2656 746 2962 815 πιπτούσης
3007 745 3142 816 μηδὲ
3187 742 3773 814 θαπτομένης;“ᾼλλὰ

2186 836 2321 907 δήλη
2345 837 2491 890 ἐστὶν
2520 840 2585 891 ἐκ
2612 837 2707 891 τοῦ
2737 837 3019 907 ὀνόματος,
3053 839 3135 890 ὃτι
3166 836 3261 889 τοῦ
3293 834 3547 897 πεσόντος
3578 833 3757 903 σῶμα·

2188 944 2279 990 τος
2312 928 2406 980 καὶ
2436 928 2699 996 ταφέντος
2728 932 2761 999 ἡ
2798 929 3092 991 ἀνάστασις
3124 928 3297 996 πάντη
3327 943 3387 980 τε
3412 926 3507 978 καὶ
3529 924 3587 977 ἐν
3613 924 3781 995 πάσῃ

2190 1016 2377 1088 Γραφῇ
2402 1018 2546 1069 ἐστιν
2568 1035 2637 1087 κη
2647 1018 2949 1089 ρυττομένη
2967 1016 3072 1070 ὑπὸ
3096 1016 3203 1069 τῶν
3217 1015 3349 1069 υἱῶν
3367 1014 3466 1084 τῆς
3485 1012 3772 1083 ἀληθείας.

2191 1105 2253 1157 Εί
2291 1105 2346 1157 δὲ
2387 1106 2489 1158 οὐκ
2528 1107 2833 1171 ἀνίσταται,
2864 1108 2964 1160 οὐκ
2998 1107 3078 1159 ενι
3110 1109 3143 1177 η
3177 1105 3267 1159 διά
3308 1104 3498 1157 πασῶν
3533 1101 3785 1173 Γραφῶν

2190 1198 2570 1267 κηρυττομένη
2602 1198 2918 1261 ἀνάστασις.
2954 1199 3016 1251 Εἰ
3046 1198 3104 1251 δὲ
3135 1197 3429 1258 ἀνάστασις
3464 1195 3561 1263 οὐχ
3590 1192 3775 1262 ὑπάρ-

2190 1303 2295 1355 χει,
2327 1288 2531 1357 ματαία
2572 1290 2605 1360 ἡ
2646 1288 2746 1359 τῆς
2772 1288 2882 1341 τῶν
2920 1289 3129 1359 νεκρῶν
3158 1287 3505 1349 ἀναστάσεως
3537 1285 3775 1355 προσδο-

2191 1378 2305 1435 κία.
2336 1380 2411 1432 Οὑ
2432 1379 2539 1451 γὰρ
2559 1379 2747 1450 ψυχῶν
2768 1379 3063 1442 ἀνάστασίς
3090 1380 3208 1431 ἐστι
3229 1377 3337 1430 τῶν
3367 1377 3442 1447 μὴ
3465 1374 3776 1436 πεσουσῶν,

2191 1470 2327 1523 ἀλλά
2347 1471 2613 1541 σωμάτων
2632 1470 2741 1524 τῶν
2767 1470 3145 1542 τεθαμμένων.
3178 1470 3242 1522 Et
3268 1469 3326 1522 δὲ
3357 1468 3451 1521 καὶ
3483 1467 3646 1537 μέρος
3668 1465 3775 1533 τῆς

2191 1564 2542 1627 ἀναστάσεως
2601 1563 2895 1634 ἐγείρεται,
2960 1563 3124 1634 μέρος
3175 1562 3234 1615 δὲ
3280 1559 3615 1621 ἀποτίθεται,
3660 1557 3775 1627 ἄρα

2192 1655 2349 1708 τοῦτο
2376 1655 2437 1707 τὸ
2473 1656 2637 1726 μέρος
2680 1655 2797 1719 πῶς
2840 1655 3024 1720 ἐσταις
3066 1656 3142 1708 Οὐ
3182 1654 3295 1724 γὰρ
3323 1652 3543 1706 δύναται
3575 1650 3631 1702 ἐν
3667 1648 3775 1701 σώ-

2198 1762 2330 1815 ματι
2364 1742 2505 1798 εἶναι
2536 1744 2678 1815 μέρη
2717 1745 3063 1815 ἐγειρόμενα,
3108 1744 3202 1797 καὶ
3231 1742 3371 1813 μέρη
3401 1738 3776 1807 ἀποτιθέμενσ

516 1818 743 1877 Sublata
780 1840 944 1895 porro
992 1832 1414 1894 resurrectione,
1461 1849 1598 1887 vana
1627 1841 1714 1888 est
1750 1841 2090 1889 mortuorum

2198 1835 2290 1887 καὶ
2327 1833 2814 1904 καταλιμπανόμεν
2826 1853 2879 1888 α.

514 1922 935 1977 resurrectionis
958 1926 1316 1993 exspectatio.
1343 1925 1462 1981 Non
1487 1928 1631 1982 enim
1663 1928 1731 1982 ad
1778 1928 1992 1984 animas
2024 1929 2114 1983 illa
2179 1929 2463 1984 transferri
2507 1938 2706 1999 potest,
2748 1944 2870 1998 qua:
2917 1943 3257 2000 nequaquam
3310 1926 3629 1984 ceciderint.
3677 1920 3776 1977 sed

514 2013 853 2079 consepultis
882 2022 967 2068 est
995 2017 1287 2072 tribuenda
1314 2021 1659 2088 corporibus.
1692 2020 1850 2087 Quod
1883 2022 1928 2077 si
1960 2036 2087 2091 pars
2148 2021 2328 2091 aliqua
2391 2021 2798 2076 resurrectione
2846 2022 3169 2083 suscitatur,
3211 2020 3317 2073 alia
3369 2034 3497 2089 pars
3543 2014 3778 2084 deponi-

515 2107 626 2159 tur.
678 2101 803 2169 quis
857 2105 963 2158 erit
1018 2106 1239 2161 tandem
1289 2110 1463 2177 partis
1518 2110 1665 2166 illius
1722 2111 1938 2166 status?
2005 2111 2123 2166 Non
2158 2112 2304 2166 enim
2356 2121 2589 2182 possunt
2621 2112 2743 2166 alia:
2782 2112 2838 2165 in
2870 2126 3103 2182 corpore
3155 2110 3384 2165 excitari
3426 2115 3631 2179 partes,
3673 2104 3777 2157 de-

519 2195 717 2264 positis
745 2198 870 2253 aliis
896 2215 959 2254 ac
996 2202 1224 2257 relictis.

587 2285 743 2353 Quod
783 2298 964 2344 autem
991 2301 1046 2346 et
1080 2293 1317 2349 animale
1347 2308 1548 2364 corpus
1584 2303 1639 2350 et
1675 2296 1922 2366 spiritale
1959 2296 2099 2352 diei-

516 2388 626 2439 tur,
686 2395 797 2435 non
838 2383 919 2436 sic
966 2385 1344 2454 accipiendum
1386 2395 1493 2451 est,
1532 2394 1593 2442 ut
1634 2389 1783 2445 aliud
1824 2390 2093 2461 spiritale,

516 2474 665 2529 aliud
703 2477 938 2531 animale
988 2478 1080 2543 sit,
1113 2479 1206 2533 sed
1247 2488 1307 2534 ut
1338 2480 1480 2535 idem
1529 2490 1694 2551 atque
1734 2497 1901 2536 unum
1936 2483 2097 2537 ambo

516 2567 607 2619 illa
656 2575 1004 2622 censeantur.
1056 2568 1271 2624 Etenim
1320 2572 1562 2642 quandiu
1617 2573 1671 2627 in
1728 2574 1831 2628 hoc
1892 2575 2097 2629 mundo

518 2670 828 2719 versamur,
861 2671 928 2711 ac
959 2658 1343 2728 corruptibiles
1383 2661 1568 2716 carnis
1602 2661 1911 2718 functiones
1938 2679 2098 2719 exer-

515 2761 727 2809 cemus,
766 2748 1021 2803 animalia
1064 2765 1293 2819 corpora
1341 2760 1488 2805 sunt.
1532 2751 1669 2807 Tum
1720 2754 1865 2808 enim
1915 2757 2095 2809 anima

518 2837 774 2892 absurdis
813 2846 976 2908 atque
1012 2840 1434 2897 abhorrentibus
1470 2844 1526 2897 in
1566 2845 1731 2899 rebus
1775 2846 2093 2900 servitutem

523 2930 784 2998 patimur,
816 2929 867 2982 id
893 2930 1038 3000 quod
1072 2940 1127 2986 et
1160 2942 1215 2987 tu
1247 2934 1427 3003 aliqua
1452 2951 1516 2988 ex
1546 2944 1699 3005 parte
1720 2936 1924 2997 dixisti.
1957 2937 2094 2991 Cum

520 3028 701 3074 autem
734 3022 802 3075 ad
838 3023 1001 3076 vitam
1042 3024 1368 3089 excitamur,
1401 3027 1581 3081 anima
1611 3028 1877 3083 servitute
1908 3028 2000 3082 illa
2031 3029 2094 3081 li-

2265 2291 2390 2344 Ὀτι
2420 2290 2477 2344 δέ
2513 2292 2628 2343 ἐστι
2662 2289 2822 2358 σῶμα
2852 2285 3105 2358 ψυχικὸν,
3142 2287 3238 2338 καὶ
3273 2285 3388 2337 εστι
3424 2282 3581 2352 σῶμα
3612 2301 3778 2335 πνευο

2198 2382 2449 2453 ματικὺν,
2480 2382 2581 2434 οὐκ
2616 2379 2744 2434 ἄλλο
2788 2380 2948 2449 σῶμα
2976 2374 3368 2445 πνευματικὸν,
3403 2375 3495 2427 καὶ
3526 2374 3653 2427 ἀλλο
3683 2375 3759 2442 de

2194 2474 2368 2544 χικὺν,
2392 2474 2505 2527 ἀλλ’
2528 2473 2659 2526 αὐτὸ
2678 2470 2931 2541 ψυχικὸν,
2953 2468 3085 2522 αὐτὸ
3108 2466 3493 2536 πνευματικόν.
3516 2466 3641 2517 Ὅτε
3668 2466 3780 2539 γάρ

2196 2571 2364 2638 ἐσμεν
2383 2569 2441 2619 ἐν
2457 2566 2534 2637 τῷ
2553 2565 2762 2635 κόσμῳ,
2789 2564 2884 2616 καὶ
2910 2561 2977 2614 τά
3004 2559 3206 2631 σαρκὸς
3230 2559 3539 2629 πράττομεν
3562 2557 3783 2628 φθαρτὰ

2194 2660 2351 2731 ἔργα,
2379 2656 2606 2727 σώματά
2632 2658 2749 2709 ἐστι
2777 2654 3004 2725 ψυχικά.
3037 2651 3373 2722 Δουλεύομεν
3398 2650 3506 2721 γὰρ
3530 2652 3598 2719 τῇ
3626 2649 3778 2719 ψυχῇ

2193 2752 2251 2803 ἐν
2280 2748 2361 2821 τῷ
2393 2749 2584 2819 κόσμῳ
2625 2748 2684 2800 ἐν
2726 2746 2999 2807 ἀτοπίαις,
3032 2745 3108 2806 ὡς
3141 2744 3233 2796 καὶ
3278 2742 3341 2795 σὺ
3382 2741 3517 2811 ἔφης
3549 2739 3657 2794 ἀπὸ
3690 2741 3784 2808 μὲ-

2195 2858 2341 2913 ρους.
2375 2842 2505 2893 Ὅτε
2539 2837 2888 2910 ἐγειρόμεθα,
2922 2836 3105 2890 οὐκέτι
3134 2836 3232 2904 τῆς
3259 2833 3440 2903 ψυχῆς
3472 2835 3507 2904 ἡ
3535 2831 3780 2893 δικ-λεία,

2193 2932 2332 2985 ἀλλὰ
2361 2930 2670 3001 πνεύματος
2691 2932 2724 3000 ἡ
2752 2927 3066 2990 ἀκολουθία,
3098 2926 3428 2980 ἀπεντεῦθεν
3454 2923 3551 2993 ήδη
3580 2924 3793 2992 ἔχουσα

2191 3024 2285 3078 τὸν
2329 3022 2627 3096 ἀρραϐῶνα
2669 3022 2759 3075 διὰ
2790 3020 2885 3074 τοῦ
2929 3018 3241 3091 εἰρημένου*
3285 3020 3355 3071 Εἰ
3388 3015 3569 3085 ζῶμεν
3601 3016 3786 3067 πνεύ-

524 3110 767 3174 beratur,
808 3125 872 3163 ac
902 3111 1131 3181 spiritus
1168 3116 1427 3168 continua
1459 3116 1719 3185 deinceps
1748 3116 2095 3171 administra-

2198 3134 2358 3187 ματι,
2397 3116 2687 3184 πνεύματι
2735 3112 2833 3166 καί
2883 3110 3240 3180 στοιχῶμεν,
3271 3109 3369 3172 τὰς
3416 3108 3642 3179 πράξεις
3684 3107 3795 3158 τοῦ,

524 3198 601 3251 tio
644 3199 891 3254 succedit
936 3220 949 3255 ;
987 3217 1108 3271 qua:
1168 3203 1296 3257 hinc
1346 3205 1492 3259 velut
1536 3206 1755 3260 arrham
1801 3222 1864 3261 ac
1907 3207 2103 3279 pignus

524 3290 758 3353 obtinet,
808 3292 1032 3360 perinde
1077 3309 1141 3347 ac
1169 3296 1437 3364 scriptum
1477 3305 1601 3351 est:
1633 3296 1694 3351 Si
1739 3299 1931 3367 spiritu
1979 3301 2106 3354 vivi-

526 3398 664 3447 mus,
711 3385 901 3451 spiritu
937 3396 986 3439 et
1019 3386 1348 3442 ambulemus
1371 3390 1409 3442 ¹.
1445 3387 1503 3443 Si
1536 3399 1717 3445 autem
1752 3391 1948 3461 spiritu
1998 3408 2106 3446 am-

526 3474 799 3539 bulemus,
850 3476 1098 3532 actiones
1130 3480 1383 3547 corporis
1427 3481 1579 3535 velut
1624 3494 1921 3538 enecantes
1960 3483 2104 3537 viva-

525 3578 669 3619 mus.
725 3563 896 3619 Nullaa
959 3566 1143 3637 itaque
1183 3569 1422 3639 amplius
1482 3572 1726 3641 nuptiae,
1770 3573 2095 3642 cupiditates

525 3655 711 3719 nullae,
735 3658 885 3711 nulla
910 3660 1305 3714 continentiam
1329 3662 1593 3730 professis
1621 3664 1938 3730 certamina,
1962 3666 2093 3719 nulli

522 3748 759 3801 castitati
807 3749 995 3818 lapsus
1035 3752 1322 3816 contrarii,
1376 3753 1539 3807 nulla:
1590 3753 1825 3823 denique
1856 3755 2100 3809 actiones

2202 3206 2453 3277 σώματος
2488 3204 2844 3265 θανατοῦντες
2885 3202 3161 3272 ζήσωμεν.
3207 3200 3404 3253 Οὐκέτι
3442 3198 3552 3267 γάρ
3590 3199 3791 3266 γάμοι,

2196 3300 2379 3355 οὐκέτι
2424 3298 2734 3368 ἐπιθυμίαι,
2783 3295 2967 3348 οὐκέτι
3019 3294 3232 3360 ἀγῶνες
3290 3294 3402 3354 τοῖς
3453 3290 3796 3359 ἐγκράτειαν

2198 3390 2716 3461 ἐπαγγελλομένοις,
2748 3387 2933 3441 οὐκέτι
2963 3385 3387 3457 παραπτώματα
3422 3383 3645 3451 ἁγνείας
3690 3382 3787 3433 ἀν-

2196 3483 2422 3547 τίπαλα,
2460 3481 2642 3535 οὐκέτι
2680 3480 2951 3551 ἐνέργειαι
2997 3479 3053 3530 αἱ
3103 3476 3336 3530 ἐνταῦθα
3383 3474 3785 3544 πραττόμεναι·

2203 3572 2360 3639 ἀλλὰ,
2386 3573 2463 3635 ὼς
2496 3572 2661 3641 φησὶν
2701 3572 2729 3623 ὁ
2767 3570 2992 3641 Κύριος,
3029 3570 3079 3620 οί
3114 3566 3538 3630 καταξιωθέντες
3566 3564 3788 3631 ἐκείνης

2205 3664 2301 3732 τῆς
2341 3662 2693 3723 ἀναστάσεως
2724 3658 2848 3712 οὔτε
2886 3657 3178 3728 γαμοῦσιν,
3224 3655 3347 3709 οὔτε
3395 3653 3787 3725 γαμίσκονται,

2207 3756 2321 3809 ἀλλ’
2357 3758 2495 3810 είσὶν
2524 3756 2600 3819 ὼς
2626 3754 2871 3823 ἄγγελοι.

524 3840 795 3905 ejusmodi
829 3852 1145 3911 supersunt,
1179 3860 1299 3914 quae
1330 3845 1383 3898 in
1410 3846 1511 3898 hac
1543 3852 1647 3899 vita
1671 3855 1959 3916 geruntur.
1989 3846 2096 3902 Sed
2129 3849 2273 3917 quod
2304 3848 2560 3902 Salvator
2589 3847 2808 3911 asserit,
2839 3845 2931 3916 qui
2956 3843 3363 3900 resurrectione
3422 3841 3517 3895 illa
3578 3838 3793 3910 dignati

528 3927 750 4001 ﬂlerint,
790 3952 965 4006 neque
996 3938 1206 3994 ducunt
1238 3954 1461 4003 uxores.
1515 3957 1694 4011 neque
1726 3943 1961 4009 nubunt,
2012 3944 2107 3998 sed
2135 3952 2265 3998 sunt
2289 3944 2432 3998 sicut
2456 3942 2635 4011 angeli
2657 3943 2699 3995 '.

599 4033 781 4090 LXIV.
820 4036 1288 4101 Quemadmodum
1339 4040 1643 4095 translatus
1679 4056 1764 4096 εει.
1801 4039 2009 4105 Euoch,
2047 4051 2105 4094 ut

530 4142 641 4183 nun
688 4129 898 4184 videret
934 4140 1185 4197 mortem,
1219 4139 1273 4188 et
1301 4147 1412 4187 non
1447 4133 1700 4189 inventus
1743 4134 1891 4188 est'.
1920 4132 2107 4203 Neque

532 4235 661 4275 vero
698 4220 771 4273 ita
800 4222 1096 4280 translatus
1125 4232 1230 4287 est,
1262 4232 1321 4279 ut
1360 4239 1563 4294 corpus
1604 4223 1925 4295 corporisve
1975 4239 2104 4293 par-

532 4322 639 4367 tem
679 4313 1035 4382 relinqueret.
1066 4313 1203 4370 Nam
1244 4316 1291 4373 si
1328 4332 1531 4386 corpus
1560 4317 1912 4386 relinqueret,
1955 4330 2109 4369 mor-

531 4408 642 4455 tem
680 4401 867 4471 utique
896 4403 1125 4458 videret.
1152 4403 1332 4469 Quare
1361 4421 1470 4460 una
1507 4421 1631 4460 cum
1660 4420 1892 4474 corpore
1919 4414 2104 4460 trans-

2271 4039 2387 4096 ΞΝ.
2423 4040 2513 4102 Ὧς
2538 4039 2630 4093 καὶ
2660 4036 2922 4107 μετετέθη
2959 4033 3128 4104 Ἑνὼχ
3146 4032 3241 4086 τοῦ
3266 4032 3340 4103 μὴ
3382 4032 3509 4084 ἰδεῖν
3532 4029 3788 4091 θάνατον,

2204 4134 2300 4188 καὶ
2330 4134 2428 4203 οὐχ
2459 4132 2764 4203 εὑρίσκετο.
2800 4130 2876 4183 Oi:
2912 4127 3172 4199 μετετέθη
3199 4126 3276 4188 δὲ,
3314 4125 3410 4178 καὶ
3437 4122 3695 4177 κατέλιπε
3720 4122 3782 4173 τὸ

2205 4226 2364 4296 σῶμα
2414 4224 2447 4296 ἢ
2498 4224 2663 4295 μέρος
2724 4221 2818 4275 τοῦ
2867 4220 3138 4291 σώματος.
3181 4219 3243 4271 Ei
3288 4216 3399 4286 γάρ
3436 4213 3693 4268 κατέλιπε
3730 4214 3790 4265 τὸ

2204 4319 2382 4388 σῶμα,
2417 4312 2553 4369 εἶδεν
2578 4315 2684 4385 ἄρα
2718 4313 2966 4367 θάνατον.
3012 4312 3069 4362 '0
3109 4310 3165 4363 δέ
3201 4310 3298 4361 σὺν
3326 4308 3535 4378 σώματι
3561 4322 3788 4375 μετατε-

2208 4409 2319 4474 θεὶς
2344 4409 2445 4462 οὐκ
2477 4403 2586 4460 εἶδε
2611 4406 2861 4463 θάνατον.
2910 4404 2998 4456 Ἐν
3030 4400 3241 4471 σώματι
3273 4400 3382 4469 γάρ
3416 4398 3577 4462 ζῶντι
3610 4397 3787 4467 ὑπάρ-

533 4490 677 4547 latus
741 4501 969 4549 mortem
1022 4496 1247 4550 omnino
1302 4513 1411 4553 nou
1455 4498 1610 4552 vidit.
1658 4497 1937 4567 Siquidem
1982 4500 2099 4553 vivo

2210 4520 2293 4573 χει
2332 4498 2713 4569 πνευματικῶς
2754 4496 3076 4567 φερόμενος,
3124 4493 3217 4546 καὶ
3259 4492 3380 4561 οὐχὶ
3422 4489 3666 4561 ψυχικῶς
3704 4488 3789 4541 διά

534 4582 713 4636 adhuc
739 4598 803 4637 ac
833 4586 1074 4653 spirante
1105 4602 1337 4656 corpore
1371 4589 1657 4657 prteditus,
1688 4590 1919 4658 spiritali
1954 4604 2107 4644 more

535 4692 643 4732 non
665 4676 908 4740 animali,
935 4686 1156 4747 propter
1173 4679 1745 4734 translationemillam
1763 4680 1927 4747 degit,
1948 4680 2110 4751 593

535 4785 661 4824 cum
696 4770 751 4824 in
790 4786 1019 4840 corpore
1068 4787 1317 4842 peraque
1366 4773 1597 4843 spiritali
1640 4772 1802 4829 modo
1841 4780 2108 4830 versetur.

537 4863 685 4917 Idem
721 4877 851 4917 vero
876 4871 929 4916 et
958 4863 1025 4917 de
1069 4864 1183 4917 Elia
1232 4863 1392 4919 fateri
1427 4880 1647 4920 necesse
1682 4872 1795 4931 est,
1826 4865 1919 4934 qui
1953 4866 2112 4935 igneo

535 4968 703 5006 curru
742 4953 797 5006 in
856 4953 1089 5008 sublime
1141 4962 1226 5009 est
1276 4956 1546 5012 evectus‘
1586 4975 1599 5011 :
1637 4971 1762 5012 esse
1813 4956 1994 5010 adhuc
2053 4956 2111 5011 in

536 5061 705 5100 carne
742 5045 1024 5108 nimirum,
1072 5047 1171 5102 sed
1221 5047 1454 5116 spiritali
1492 5062 1681 5110 carne,
1716 5063 1838 5118 qua:
1878 5063 1986 5103 non
2020 5047 2107 5102 his

539 5139 705 5194 rebus
730 5140 963 5208 amplius
993 5155 1130 5209 opus
1163 5139 1382 5207 habeat,
1412 5141 1633 5210 quibus,
1672 5154 1796 5195 cum
1822 5140 1878 5193 in
1903 5139 2109 5194 mundo

539 5231 720 5286 adhuc
763 5239 929 5297 esset,
961 5231 1257 5301 indigebat.
1290 5230 1609 5300 Cujusmodi
1648 5238 1753 5296 est,
1803 5232 1874 5285 ali
1914 5246 2111 5286 corvo-

540 5339 662 5379 rum
694 5323 1027 5387 ministerio,
1068 5338 1133 5377 ex
1158 5322 1381 5378 Clinrati
1411 5330 1655 5378 torrente
1688 5324 1873 5379 bibere
1896 5363 1911 5387 ,
1946 5334 2111 5393 atque

541 5417 704 5469 ovilla
736 5416 872 5485 pelle
907 5416 1145 5488 contegi,
1187 5416 1281 5470 sed
1312 5416 1419 5471 alio
1446 5417 1680 5486 quodam
1710 5415 1975 5487 spiritalis
2000 5414 2129 5471 cibi.

2207 4594 2307 4662 τὴν
2338 4590 2647 4662 μετάθεσιν,
2680 4588 2924 4655 καίτοιγε
2950 4589 3008 4639 ἐν
3050 4586 3261 4654 σώματι
3284 4583 3357 4635 ὢν
3382 4583 3784 4650 πνευματικῶς.

2220 4683 2380 4736 Ἀλλά
2408 4682 2503 4736 καὶ
2532 4680 2661 4751 περὶ
2682 4678 2778 4732 τοῦ
2820 4678 2973 4731 Ἠλία
3005 4676 3290 4737 ὡσαύτως,
3322 4675 3409 4729 ὅτι
3433 4673 3705 4745 ἀνελήφθη
3730 4676 3787 4725 ἐν

2210 4775 2415 4843 ἅρματι
2460 4772 2691 4844 πυρίνῳ,
2727 4772 2823 4825 καὶ
2852 4771 3000 4823 ἐστιν
3046 4769 3125 4822 ἔτι
3177 4769 3244 4822 ἐν
3288 4766 3475 4838 σαρκὶ,
3526 4767 3690 4835 σαρκὶ
3729 4766 3787 4818 δὲ

2210 4868 2572 4935 πνευματικῇ,
2601 4864 2693 4916 καὶ
2715 4863 2815 4917 οὐκ
2848 4861 3168 4931 ἐπιδεομένςῃ
3194 4860 3303 4912 τῶν
3328 4860 3416 4912 ἀεὶ
3439 4860 3482 4923 ⁸,
3518 4860 3600 4911 ὅτι
3622 4858 3681 4910 ἐν
3709 4857 3787 4925 τῷ

2210 4957 2399 5027 κόσμῳ
2429 4956 2603 5025 τούτῳ
2636 4956 2869 5024 ὑπῆρχε,
2916 4952 3005 5005 διά
3046 4952 3297 5022 κοράκων
3338 4949 3654 5020 τρέφεσθαι,
3695 4949 3789 5001 καὶ

2212 5050 2319 5104 ἀπὸ
2364 5048 2456 5108 τοῦ
2501 5046 2683 5118 Χοράτ
2725 5047 3023 5117 χειμάρρου
3065 5046 3263 5109 πίνειν,
3312 5043 3567 5113 μηλωτὴν
3615 5041 3672 5094 δὲ
3706 5044 3789 5093 ἐν-

2212 5140 2452 5205 δύεσθαι,
2486 5138 2621 5192 ἀλλά
2661 5137 2956 5210 τρέφεσθαι
3003 5136 3166 5207 ἑτέρα
3203 5136 3311 5188 τινὶ
3344 5137 3517 5205 τροφῇ
3543 5148 3787 5203 πνευμα-

2213 5235 2360 5303 τικῇ,
2399 5226 2467 5301 ἧς
2507 5232 2625 5283 ἐστι
2670 5230 2904 5301 χορηγὸς
2949 5231 2977 5283 ὁ
3015 5229 3086 5281 τά
3123 5228 3333 5299 κρύφια
3360 5225 3665 5295 γινώσκων,
3695 5223 3792 5276 καὶ

2215 5323 2422 5395 ἀόρατα
2452 5322 2640 5385 κτίσας
2679 5323 2832 5388 Θεὸς,
2875 5319 3175 5393 ἀμϐροσίαν
3215 5318 3336 5373 τινά
3379 5318 3473 5372 καὶ
3516 5316 3792 5387 ἀκήρατον

2217 5414 2355 5484 ἔχων
2383 5414 2484 5483 τὴν
2514 5413 2734 5483 ἐδωδήν.

540 5528 742 5582 genere
780 5512 1000 5577 nutriri,
1065 5527 1228 5582 quem
1274 5512 1323 5567 ei
1365 5511 1705 5566 occultorum
1760 5511 2041 5581 cognitor,
2078 5522 2382 5577 eorumque
2456 5521 2577 5575 qua:
2617 5506 2789 5561 videri
2856 5492 3133 5575 nequeunt
3171 5504 3423 5562 conditor
3465 5502 3608 5560 Deus
3658 5513 3793 5571 sup-

546 5603 753 5675 peditat
816 5620 983 5661 penes
1023 5620 1183 5676 quem
1228 5604 1539 5670 ambrosiae,
1576 5611 1631 5659 et
1672 5602 1976 5673 incorrupti
2018 5600 2306 5671 cujusdam
2332 5596 2519 5665 pabuli
2551 5598 2705 5667 copia
2742 5604 2846 5652 est.

617 5778 637 5811 ⁸
670 5776 791 5835 Gal.
820 5794 873 5845 v,
904 5779 994 5835 25.
1070 5782 1091 5813 ’
1127 5779 1294 5837 Marc.
1325 5796 1421 5845 xu,
1444 5778 1536 5836 23.
1611 5779 1631 5811 ³
1664 5778 1799 5835 Gen.
1831 5793 1882 5845 ν,
1913 5774 2003 5833 21.
2086 5777 2099 5807 ³

2198 5769 2369 5846 Γῐὶεε.
2405 5789 2467 5842 ιι,
2504 5773 2589 5829 ll.
2660 5773 2679 5803 ⁸
2706 5773 2831 5830 Cor.
2862 5763 2937 5828 ὧν
2974 5768 3082 5827 ἀεί.
