4082 6394
298 398 431 455 “8|

1006 397 1377 456 ADVERSUS
1414 399 1754 457 IIERESES
1790 400 1881 456 ιιι

1988 400 2024 456 Ι.
2066 401 2230 459 TOM.
2264 402 2673 460 1.-11ΕΒΕ5.
2716 401 2892 461 LXIV.

3422 392 3567 459 ns!

368 515 477 569 Καὶ
498 514 652 586 ὁρᾷς,
680 514 763 569 ὅτι
789 512 921 568 αὐτὸ
951 514 1015 569 rb
1038 516 1200 587 σῶμα
1230 516 1292 569 τὸ
1313 518 1541 587 ψυχικὸν
1570 519 1702 571 αὐτὸ
1727 535 1881 572 πνευ-

2056 519 2459 576 Animadvertis
2493 521 2681 590 itaque
2711 520 2853 575 idem
2877 533 3000 574 esse
3032 516 3271 572 animale
3305 530 3369 570 ac
3399 517 3532 586 spiri
3556 549 3568 557 -

298 604 549 675 ματικὸν,
585 604 661 667 ὡς
687 605 782 657 καὶ
821 606 850 657 ὁ
880 604 1086 677 Κύριος
1115 607 1275 678 ἡμῶν
1303 608 1504 685 ἀνέστῃ
1547 612 1612 662 ὲκ
1644 610 1756 662 τῶν
1793 628 1878 664 νε-

297 696 465 767 κρῶν,
511 695 612 748 οὐκ
645 695 773 751 ἀλλο
808 697 967 767 σῶμα
1000 698 1241 769 ἐγείρας,
1270 700 1385 753 ἀλλ’
1408 701 1541 754 αὐτὸ
1572 701 1633 754 rb
1661 701 1743 765 ὃν,
1785 704 1880 756 καὶ

294 790 392 857 οὐχ
440 787 626 859 ἕτερον
661 788 813 858 παρὰ
840 793 901 841 rb
933 789 1013 854 δν,
1047 790 1178 843 αὐτὸ
1203 791 1261 844 δὲ
1285 792 1348 844 τὸ
1378 790 1436 845 ὃν
1465 794 1546 855 εἰς
1576 792 1880 864 λεπτότητα

297 877 617 947 μεταϐαλὼν
651 880 1047 951 πνευματικὴν,
1079 882 1175 936 καὶ
1208 884 1579 953 πνευματικὸν
1610 883 1730 937 ὃλον
1756 902 1881 937 συνο

296 968 523 1033 ενώσας·
555 972 935 1043 εἰσερχόμενος
966 973 1145 1045 θυρῶν
1180 975 1600 1045 κεκλεισμένων·
1624 976 1761 1047 ὅπερ
1780 977 1881 1030 οὐκ

296 1063 573 1135 ἐνδέχεται
608 1066 750 1118 κατά
783 1066 854 1119 τὰ
890 1066 1135 1139 ἡμέτερα
1166 1068 1394 1139 σώματα
1436 1068 1670 1124 ἐνταῦθα
1705 1071 1879 1143 ὑπάρ-

297 1173 415 1227 χειν
434 1154 591 1209 τοῦτο
619 1157 708 1210 διὰ
728 1155 791 1210 rb
810 1160 1129 1231 παχυμερὲς
1152 1160 1246 1215 καὶ
1270 1160 1424 1215 οὔπω
1450 1162 1531 1226 είς
1578 1162 1882 1234 λεπτότητα

299 1248 599 1301 συνενωθὲν
621 1251 1020 1321 πνευματικήν.
1050 1251 1117 1304 Τί
1141 1246 1234 1305 οὖν
1258 1247 1327 1324 ἦν
1358 1253 1418 1306 rb
1438 1253 1677 1308 εἰσελθὸν
1700 1254 1882 1326 θυρῶν

299 1339 737 1409 κεκλεισμένων;
772 1341 936 1394 ’Άλλο
967 1343 1121 1414 παρά
1139 1343 1201 1396 τὸ
1223 1344 1656 1417 ἐσταυρωμένον,
1687 1346 1721 1415 ἢ
1750 1345 1881 1399 αὐτὸ

297 1428 360 1480 τὸ
387 1428 837 1500 ὲσταυρωμένον;
871 1433 1096 1497 Πάντως
1113 1449 1215 1486 που
1236 1434 1298 1488 οὐ
1318 1435 1547 1507 δυνήσῃ.
1586 1436 1878 1505 Ὠρίγενεε,

303 1518 378 1587 μὴ
410 1517 739 1589 ὁμολογῆσαι
787 1520 921 1573 αὐτὸ
965 1521 1027 1573 rb
1068 1523 1500 1595 ἐσταυρωμένον.
1548 1523 1790 1593 Ἐλέγχει
1821 1540 1880 1577 σε

300 1609 409 1680 γὰρ
430 1608 518 1662 διὰ
546 1609 649 1680 τῆς
674 1608 768 1663 τοῦ
797 1611 972 1681 Θωμᾶ
1000 1613 1405 1684 ἀκριϐολογίας,
1438 1613 1679 1667 ἐπειπὼν
1708 1614 1878 1684 αὐτῷ·

298 1700 396 1769 Μὴ
424 1702 594 1770 γίνου
618 1701 895 1769 ἄπιστος,
923 1705 1085 1757 ἀλλὰ
1120 1707 1354 1773 πιστός.
1396 1705 1603 1771 Ἐδειξε
1641 1707 1750 1778 γὰρ
1787 1706 1882 1760 τύ-

300 1808 401 1843 πον
434 1790 600 1860 ἢλων,
636 1792 731 1849 καὶ
773 1792 941 1846 τύπον
976 1793 1197 1864 λόγχης,
1235 1795 1330 1848 καὶ
1367 1794 1538 1859 αὐτὰς
1580 1796 1679 1858 τὰς
1718 1796 1883 1860 οὐλὰς

1981 609 2091 663 tale
2133 624 2358 679 corpus,
2392 611 2851 680 quemadmodum
2899 618 2954 664 et
2999 607 3261 664 Dominus
3302 616 3490 663 noster
3531 622 3559 660 a

1981 709 2160 757 morte
2209 703 2471 766 surrexit,
2512 717 2623 757 non
2670 710 2730 757 ut
2781 703 2929 756 aliud
2972 710 3259 756 revocaret
3298 700 3363 753 ad
3394 700 3559 753 vitam

1980 807 2205 862 corpus,
2255 792 2353 847 sed
2402 793 2537 848 illud
2590 796 2792 865 ipsum.
2841 792 2987 865 quod
3032 792 3083 848 ei
3138 790 3334 854 fuerat,
3383 806 3559 861 neque

1980 893 2179 952 prazter
2202 885 2380 955 ipsum
2419 886 2589 940 aliud.
2629 886 2734 942 Sed
2784 887 2857 939 ita
2888 892 3092 948 tamen,
3136 893 3195 937 ut
3225 881 3357 936 illud
3382 882 3560 950 ipsum

1982 975 2210 1044 spiritus
2271 977 2325 1030 in
2378 978 2657 1047 prapriam
2717 976 3040 1032 tenuitatem
3085 989 3150 1029 ac
3206 974 3559 1029 subtilitatem

1979 1077 2346 1133 converteret,
2383 1084 2447 1123 ac
2495 1068 2743 1139 spiritale
2787 1068 3014 1122 omnino
3057 1064 3338 1120 conﬂaret.
3382 1063 3562 1129 Quare

1979 1164 2035 1212 et
2080 1157 2322 1214 occlusis
2361 1158 2546 1229 januis
2597 1159 2881 1229 ingressus
2930 1166 3016 1213 est
3045 1157 3060 1188 ¹
3092 1174 3107 1223 ;
3138 1154 3285 1226 quod
3347 1155 3402 1208 in
3460 1155 3561 1209 hac

1982 1249 2203 1319 quidem
2232 1252 2344 1305 vita
2373 1252 2701 1323 corporibus
2740 1250 2945 1305 nostris
2977 1250 3293 1318 contingere
3322 1262 3429 1300 non
3461 1262 3562 1318 po-

1982 1348 2111 1407 test,
2142 1357 2207 1396 eo
2236 1344 2375 1410 quod
2411 1353 2670 1397 concreta
2708 1350 2837 1397 sunt
2864 1357 2929 1396 ac
2959 1356 3170 1403 crassa,
3204 1355 3305 1393 nec
3332 1339 3461 1393 dum
3504 1338 3559 1391 in

1982 1431 2285 1501 spiritalem
2338 1431 2485 1486 illam
2534 1434 2851 1486 tenuitatem
2896 1429 3222 1485 coaluerint.
3274 1427 3560 1494 Quodnam

1983 1522 2153 1593 igitur
2188 1537 2390 1593 corpus
2436 1530 2546 1588 est,
2586 1522 2731 1593 quod
2764 1520 2970 1577 clausis
2993 1520 3179 1591 januis
3224 1529 3308 1575 est
3347 1519 3560 1590 ingres-

1983 1614 2149 1671 sum?
2190 1614 2424 1669 Aliudne
2453 1629 2617 1683 quam
2656 1613 2803 1683 quod
2848 1614 2902 1667 in
2950 1628 3115 1667 cruce
3166 1610 3416 1666 sutIixum
3452 1619 3558 1674 est,

1984 1721 2053 1760 an
2095 1705 2229 1760 illud
2278 1706 2456 1776 ipsum
2500 1707 2555 1761 in
2601 1720 2822 1760 crucem
2876 1704 3197 1759 sublatum?
3223 1702 3561 1771 Quocunque

1984 1804 2039 1851 te
2076 1805 2278 1862 vertas,
2349 1796 2637 1867 Origenes,
2682 1812 2792 1851 non
2842 1805 2997 1866 potes
3048 1810 3155 1850 non
3194 1794 3325 1849 illud
3381 1794 3561 1863 ipsmn

298 1883 511 1952 ἀφῆκεν
538 1883 630 1935 ἐπὶ
652 1882 745 1936 τοῦ
775 1883 1044 1955 σώματος,
1071 1884 1271 1955 καίπερ
1298 1885 1606 1948 συνενώσας
1632 1885 1693 1938 rb
1720 1886 1878 1957 σῶμα

1984 1903 2108 1943 esse
2141 1889 2414 1952 conﬁteri,
2446 1888 2591 1958 quod
2621 1888 2773 1943 cruci
2812 1896 2897 1943 est
2925 1886 3163 1941 anisum.
3200 1884 3333 1939 Nam
3363 1886 3477 1955 ipse
3511 1894 3562 1939 te

300 1973 379 2033 εἰς
410 1972 539 2042 μίαν
569 1972 795 2043 ἑνότητα
830 1976 1229 2046 πνευματικήν.
1266 1975 1524 2029 Ἠδύνατο
1545 1972 1637 2029 οὖν
1664 1976 1879 2040 καὶτὰς

298 2062 463 2125 οὑλάς
493 2063 811 2133 ἀπαλεῖψαι·
842 2065 959 2119 ἀλλ’
982 2065 1083 2118 οὐκ
1108 2065 1422 2135 ἀπαλείφει,
1458 2068 1544 2121 ἵνα
1570 2066 1762 2140 ἐλέγξῃ
1794 2069 1877 2132 σὲ,

298 2148 344 2207 ὦ
361 2154 608 2225 θεήλατε.
639 2157 781 2227 Ἀρα
798 2152 891 2210 οὖν
909 2151 976 2228 ἦν
994 2157 1056 2210 τὸ
1082 2157 1240 2229 σῶμα
1262 2158 1323 2210 rb
1340 2160 1399 2212 ὲν
1414 2157 1493 2228 τῷ
1516 2159 1765 2229 μνημείῳ
1785 2176 1879 2212 τα-

300 2247 399 2315 φὲν
430 2248 491 2300 τὸ
516 2250 836 2322 τριήμερον,
870 2253 966 2307 καὶ
996 2254 1093 2307 σὺν
1118 2254 1266 2325 αὐτῷ
1294 2255 1533 2309 ἀναστὰν
1563 2258 1622 2310 ὲν
1655 2260 1723 2328 τῇ
1750 2257 1880 2309 ἀνα-

302 2339 511 2394 στάσει.
562 2341 769 2406 Ἐδειξε
810 2343 919 2413 γὰρ
948 2345 1041 2398 καὶ
1074 2345 1232 2409 ὀστᾶ,
1264 2346 1359 2399 καὶ
1383 2346 1578 2418 δέρμα,
1619 2347 1715 2400 καὶ
1750 2348 1880 2418 σάρ-

300 2445 422 2492 κας,
443 2430 519 2493 ὡς
545 2430 789 2502 εἴρηκεν,
820 2435 901 2487 ὅτι
930 2434 1136 2500 Ἴδετε,
1168 2435 1257 2489 ὅτι
1290 2436 1525 2505 πνεῦμα
1554 2436 1753 2505 σάρκα
1778 2437 1876 2491 καὶ

300 2518 452 2574 ὀστᾶ
474 2522 586 2575 οὐκ
618 2521 767 2591 ἔχει,
801 2523 880 2588 ὼς
907 2522 1082 2590 ὁρᾶτέ
1114 2541 1193 2593 με
1223 2524 1462 2594 ἔχοντα.
1498 2526 1623 2589 Πῶς
1651 2521 1743 2580 οὖν
1769 2529 1879 2578 εἰσ-

299 2609 429 2679 ῆλθε
458 2609 640 2683 θυρῶν
670 2611 1092 2683 κεκλεισμένων,
1125 2614 1240 2667 ἀλλ’
1273 2615 1359 2668 ἵνα
1391 2614 1561 2685 δείξῃ,
1600 2616 1682 2669 ὃτι
1721 2616 1880 2686 σῶμα

304 2702 407 2772 μὲν
443 2705 580 2768 ἐστι,
621 2706 715 2758 καὶ
755 2706 817 2758 οὐ
849 2706 1066 2777 πνεῦμα
1108 2707 1169 2760 τὸ
1209 2707 1506 2779 ὁρώμενον,
1556 2708 1691 2762 ἀλλά
1724 2710 1880 2779 σῶμα

302 2794 699 2863 πνευματικόν;
745 2794 988 2864 καίτοιγε
1034 2796 1133 2849 σὺν
1163 2796 1332 2868 ψυχῇ,
1367 2798 1461 2850 καὶ
1519 2796 1753 2868 θεότητι,
1784 2798 1881 2850 καὶ¹

302 2883 397 2955 ὅλῃ
435 2888 501 2956 τῇ
546 2886 959 2958 ὲνανθρωπήσει
1001 2888 1133 2940 αὐτὸ
1173 2888 1253 2941 δν.
1312 2888 1473 2942 Ἀλλά
1518 2889 1882 2959 πνευματικὸν

304 2977 433 3029 αὐτὸ
460 2977 517 3030 rb
551 2978 679 3031 ποτὲ
713 2979 1027 3050 παχυμερὲς
1062 2979 1412 3051 λεπτομερὲς,
1447 2980 1581 3033 αὐτὸ
1601 2980 1661 3033 rb
1686 2981 1880 3033 ὲσταυ-

307 3069 584 3138 ρωμένον,
631 3068 726 3124 καὶ
779 3070 911 3123 αὐτὸ
964 3070 1025 3122 τὸ
1081 3071 1491 3141 κεκρατημένον
1535 3072 1876 3142 ἀκράτητον,

305 3160 603 3214 συνενωθὲν
652 3162 747 3215 καὶ
799 3162 1107 3234 συγκραθὲν
1152 3165 1219 3234 τῇ
1270 3162 1504 3233 θεότητι,
1552 3167 1648 3217 καὶ
1697 3163 1880 3216 οὐκέτι

1984 1994 2082 2049 per
2104 1987 2413 2033 accuratam
2438 1978 2662 2034 Thomae
2681 1979 3090 2049 inquisitionem
3122 1978 3418 2046 redarguit,
3437 1991 3561 2029 cum

1982 2070 2036 2124 ei
2080 2069 2260 2124 dixit:
2308 2068 2441 2124 Noti
2498 2087 2611 2125 esse
2652 2071 2976 2136 incredulus,
3019 2070 3110 2124 sed
3156 2070 3327 2138 ﬁdelis
3350 2070 3391 2123 ’.
3422 2069 3558 2121 Tum

1984 2159 2130 2216 enim
2188 2161 2469 2215 clavorum
2520 2162 2752 2232 vestigia
2805 2162 3135 2216 monstravit
3203 2176 3269 2214 ac
3323 2161 3559 2225 lanceae;

1986 2252 2231 2322 adeoque
2259 2254 2548 2309 cicatrices
2579 2254 2729 2325 ipsas
2757 2255 2976 2324 reliquit
3010 2254 3063 2308 in
3088 2268 3336 2323 corpore,
3368 2268 3563 2321 quam-

1986 2342 2068 2397 vis
2102 2341 2235 2396 illud
2265 2342 2565 2413 spiritalem
2610 2344 2665 2397 in
2709 2343 2967 2399 unitatem
3001 2341 3316 2397 conﬂasset.
3347 2340 3563 2394 Poterat

1986 2434 2205 2503 quidem
2234 2435 2524 2489 cicatrices
2552 2435 2702 2505 ipsas
2744 2434 2999 2499 abolere;
3031 2433 3125 2489 sed
3176 2432 3229 2487 id
3260 2442 3441 2486 tamen
3470 2446 3561 2483 no-

1987 2524 2107 2586 luit,
2146 2538 2257 2593 quo
2295 2533 2366 2590 te,
2413 2524 2639 2587 furiose,
2683 2526 3059 2579 convinceret.
3093 2522 3360 2588 Quocirca
3417 2521 3561 2573 idem

1989 2626 2103 2670 tum
2151 2630 2355 2684 corpus
2396 2625 2679 2671 ostensum
2710 2624 2816 2678 est,
2852 2614 2997 2685 quod
3039 2615 3094 2669 iu
3141 2614 3350 2668 tumqu
3380 2612 3563 2665 triduo

1985 2708 2365 2776 consepultum
2400 2709 2597 2769 fuerat,
2641 2722 2706 2761 ac
2739 2723 2863 2761 cum
2905 2708 3027 2777 ipso
3071 2706 3125 2760 in
3159 2704 3564 2760 resurrectione

1987 2800 2332 2855 suscitatum.
2397 2798 2607 2869 Quippe
2664 2814 2815 2859 ossa.
2874 2799 3067 2867 pellem
3118 2810 3422 2867 carnesque
3464 2794 3564 2849 de-

1987 2890 2333 2953 monstravit,
2382 2896 2443 2943 ut
2471 2889 2610 2943 dixit
2639 2900 2657 2941 ῖ
2688 2890 2867 2944 Videte
2896 2891 3144 2960 quoniam
3180 2890 3399 2957 spiritus
3440 2903 3563 2939 car-

1987 2994 2104 3031 nem
2141 2987 2193 3032 et
2234 2995 2358 3033 ossa
2394 2995 2499 3032 non
2540 2977 2719 3042 habet,
2774 2978 2911 3032 sicut
2960 2995 3041 3032 me
3087 2977 3273 3031 videtis
3306 2974 3494 3029 habere
3518 2974 3562 3029 ³.

1987 3070 2273 3136 Quomodo
2319 3072 2485 3143 igitur
2532 3072 2734 3127 clausis
2754 3071 2943 3140 januis
2977 3070 3165 3133 subiit,
3201 3068 3307 3124 nisi
3354 3077 3414 3122 ut
3441 3082 3565 3121 cor-

1989 3176 2092 3230 pus
2139 3177 2265 3217 esse
2294 3162 2439 3231 quod
2473 3162 2801 3231 aspicerent,
2829 3176 2938 3215 non
2986 3160 3237 3229 spiritum
3285 3160 3564 3229 probarit,

303 3245 584 3316 λυόμενον,
611 3248 727 3303 ἀλλ’
755 3250 836 3313 είς
874 3251 962 3303 ἀεὶ
993 3250 1269 3322 διαμένον,
1290 3253 1485 3321 μηκέτι
1513 3252 1874 3323 ἀποθνῆσκον.

1987 3253 2081 3309 sed
2129 3254 2377 3324 spiritale
2410 3261 2589 3309 tamen
2628 3254 2875 3325 corpus?
2909 3254 3231 3323 Quanquam
3274 3263 3390 3307 erat
3430 3252 3562 3305 illud

315 3338 560 3408 Ἀνέστη
584 3340 692 3409 γὰρ
721 3343 975 3411 Χριστὸς
1004 3343 1073 3397 ἐκ
1096 3342 1346 3413 νεκρῶν,
1370 3346 1613 3414 ἀπαρχὴ
1642 3345 1761 3400 τῶν
1782 3364 1880 3401 κε-

303 3430 692 3498 κοιμημένων·
725 3432 927 3486 οὐκέτι
962 3432 1354 3500 ἀποθνήσκει,
1394 3433 1650 3501 θάνατος
1692 3436 1879 3490 αὑτοῦ

303 3521 504 3575 οὐκέτι
538 3523 817 3591 κυριεύει.

303 3626 409 3679 que
456 3612 509 3665 in
542 3628 759 3669 crucem
798 3621 979 3669 actum
1039 3624 1204 3687 atque
1259 3616 1423 3693 594
1449 3617 1749 3674 obnoxium
1793 3616 1996 3683 fuerat,
2058 3619 2265 3675 nullius
2321 3619 2557 3689 amplius
2600 3620 2855 3688 potestati
2917 3617 3253 3686 subjectum;
3285 3622 3447 3684 atque
3491 3613 3565 3665 ita
3663 3622 3669 3628 ’

1985 3361 2110 3401 cum
2141 3346 2324 3399 anima
2350 3353 2406 3399 et
2434 3344 2739 3411 divinitate,
2771 3355 2995 3415 totaque
3025 3345 3161 3413 adeo
3186 3344 3431 3397 hominis
3464 3359 3565 3395 ua-

1985 3443 2110 3489 tura
2161 3435 2540 3505 coniunctum.
2590 3434 2698 3489 Sed
2750 3434 2999 3504 spiritale
3033 3440 3171 3496 erat,
3221 3440 3279 3485 ut
3318 3429 3467 3493 dixi;
3510 3435 3567 3484 et

1986 3526 2131 3598 quod
2168 3542 2416 3583 crassum
2451 3529 2580 3582 olim
2628 3534 2767 3591 erat,
2794 3527 2996 3581 subtile
3040 3524 3314 3580 redditum
3349 3521 3568 3592 :quod-

304 3720 429 3758 cum
463 3706 749 3763 divinitate
779 3710 1156 3779 coniunctum,
1194 3725 1259 3765 ac
1289 3712 1455 3766 veluti
1486 3719 1883 3781 temperatum:
1911 3721 1972 3767 ut
2025 3728 2136 3767 non
2183 3712 2419 3783 amplius
2481 3710 2710 3767 dissolvi
2737 3719 2943 3780 posset,
2983 3708 3078 3763 sed
3128 3708 3321 3762 mortis
3363 3720 3565 3774 expers

306 3800 359 3852 iu
377 3802 766 3870 sempiternum
788 3812 1052 3860 maneret.
1092 3803 1333 3859 Surrexit
1364 3806 1504 3859 enim
1534 3804 1779 3861 Christus
1842 3821 1907 3860 ea:
1964 3807 2211 3872 mortuis,
2247 3805 2501 3877 primitiw
2543 3803 2989 3870 dormientium‘;
3030 3817 3134 3855 non
3183 3800 3413 3868 amplius
3448 3813 3567 3850 mo-

304 3897 462 3952 ritur,
489 3912 630 3949 mors
655 3898 736 3951 illi
756 3898 900 3951 ultra
937 3916 1038 3951 non
1061 3898 1423 3953 dominabitur
1440 3900 1483 3952 '.

376 3986 493 4041 EE’.
531 3989 645 4042 Ἵνα
672 3990 729 4041 δὲ
758 3990 901 4060 γνῷς
933 3992 1026 4044 καὶ
1052 3991 1230 4058 τοῦτο,
1253 3992 1318 4045 δι’
1345 3994 1410 4063 ἣν
1452 3990 1628 4044 αἰτίαν
1661 3992 1882 4064 ἀπαρχὴ

305 4079 413 4131 τῶν
446 4079 860 4149 κεκοιμημένων
889 4080 1107 4149 λέγεται
1135 4082 1164 4133 ὁ
1197 4081 1452 4152 Χριστὸς,
1488 4082 1732 4150 καίτοιγε
1782 4082 1883 4135 οὐκ

306 4170 471 4224 αὑτοῦ
495 4170 803 4243 ἀρξαμένου
829 4172 1171 4227 ἀνίστασθαι.
1202 4173 1317 4245 Πρὸ
1345 4174 1510 4229 αὑτοῦ
1532 4174 1640 4246 7&9
1663 4174 1883 4242 ἀνέστη-

2063 3986 2224 4043 LXV.
2263 3988 2441 4058 Atque
2464 3993 2523 4041 ut
2552 3985 2687 4041 illud
2731 3984 3024 4055 intelligas,
3051 4000 3214 4055 quam
3241 3984 3312 4040 ob
3336 4000 3564 4042 causam

1988 4080 2243 4151 primitiae
2271 4078 2663 4134 dormientium
2692 4075 2951 4132 Christus
2987 4076 3311 4146 appelletur,
3347 4079 3565 4133 tametsi

1988 4185 2098 4224 non
2125 4169 2173 4226 is
2200 4170 2413 4240 primus
2441 4169 2686 4224 omnium
2714 4169 3049 4231 surrexerit;
3073 4181 3198 4220 nam
3233 4176 3357 4223 ante
3388 4170 3565 4239 ipsum

307 4278 406 4315 σαν
437 4262 503 4315 δι’
541 4262 706 4316 αὐτοῦ
749 4261 1018 4335 Λάζαρος,
1065 4264 1155 4318 καὶ
1196 4267 1224 4318 ὁ
1263 4266 1379 4329 υἱὸς
1410 4266 1510 4335 τῆς
1536 4268 1744 4337 χήρας,
1784 4267 1881 4319 καὶ

1988 4261 2234 4316 Lazarus
2269 4275 2367 4331 per
2405 4275 2530 4315 eum
2580 4262 2853 4315 excitatus
2889 4258 3099 4324 fuerat,
3146 4274 3361 4315 necnon
3407 4270 3461 4316 et
3493 4264 3569 4315 vi-

305 4354 469 4406 ἄλλοι·
495 4356 587 4407 καὶ
609 4354 696 4409 διά
730 4355 905 4421 Ἠλία,
933 4356 1028 4409 καὶ
1052 4356 1140 4410 διὰ
1173 4356 1495 4412 Ἐλισσαίου.
1536 4356 1672 4409 Ἀλλ’
1691 4356 1879 4427 δπειδὴ

1992 4353 2114 4407 duae
2160 4352 2326 4417 lilius,
2369 4360 2424 4407 et
2469 4352 2559 4406 alii
2600 4351 2858 4421 quidam;
2886 4350 3027 4405 adde
3072 4360 3126 4406 et
3165 4353 3457 4407 nonnullos
3496 4354 3568 4409 ab

307 4449 503 4499 ἐκείνοι
548 4447 748 4511 πάντες
782 4448 1112 4513 ἀναστάντες
1159 4450 1323 4503 πάλιν
1356 4449 1700 4520 τεθνήκασιν,
1739 4447 1881 4501 οὕτω

1993 4444 2111 4500 Elia
2174 4452 2339 4514 atque
2382 4442 2576 4499 Elisaso
2606 4443 2731 4498 vitae
2758 4444 3085 4509 restitutos;
3128 4453 3189 4497 ut
3229 4443 3361 4498 illud
3402 4445 3569 4514 igitur

306 4538 539 4609 Χριστὸς
583 4540 806 4611 ἀπαρχὴ
851 4540 960 4595 τῶν
1008 4542 1444 4613 κεκοιμημένων
1491 4541 1728 4605 ἀναστὰς
1773 4541 1881 4611 7&9

1991 4538 2292 4607 intelligas,
2347 4537 2429 4592 sic
2468 4536 2665 4590 habeto
2696 4554 2710 4591 :
2748 4536 2884 4590 Cum
2908 4550 3100 4591 omnes
3143 4536 3220 4589 illi
3252 4538 3344 4607 qui
3379 4553 3566 4592 resur-

304 4632 488 4684 οὐκέτι
519 4633 872 4704 ἀποθνήσκει,
914 4634 1052 4705 ὼςὴ
1099 4634 1366 4705 μέλλουσα
1409 4635 1705 4697 ἀνάστασις
1744 4628 1881 4687 εἶναι

304 4723 393 4777 διὰ
425 4724 524 4794 τῆς
567 4726 733 4779 αὐτοῦ
763 4725 909 4796 ζωῆς
953 4726 1048 4779 καὶ
1089 4726 1517 4799 φιλανθρωπίας.
1551 4727 1614 4781 Εἰ
1643 4726 1701 4779 δέ
1739 4728 1888 4779 ἐστιν

306 4816 528 4888 ἀπαρχὴ
555 4817 664 4870 τῶν
689 4818 1124 4889 κεκοιμημένων,
1157 4818 1251 4871 καὶ
1276 4818 1479 4889 ἀνέστη
1502 4819 1621 4871 ὅλον
1642 4819 1701 4871 τὸ
1719 4817 1886 4871 αὑτοῦ

308 4908 468 4980 σῶμα
503 4910 599 4963 σὺν
638 4913 704 4982 τῇ
741 4910 983 4981 θεότητι,
1022 4912 1055 4982 ἠ
1101 4909 1264 4964 αὑτοῦ
1313 4910 1726 4983 ὲνανθρὼπησις
1765 4912 1888 4966 ἀνα-

307 5003 502 5067 στᾶσα,
550 5002 643 5056 καὶ
679 5002 904 5073 μηδενὸς
940 5002 999 5067 ἐξ
1035 5002 1207 5072 αὐτῆς
1247 5003 1721 5072 καταλειφθέντος,
1761 5003 1885 5057 οὔτε

308 5092 487 5163 σῶμα,
518 5092 643 5146 οὕτε
671 5094 857 5164 ἕτερον
892 5110 967 5147 τι.
1013 5094 1095 5147 Οὐ
1124 5093 1235 5162 γὰρ
1276 5093 1729 5162 ἐγκαταλείψεις
1773 5094 1888 5162 τὴν

308 5183 521 5252 ψυχήν
545 5200 665 5253 μου
692 5185 779 5248 εἱς
807 5182 982 5250 ᾅδην,
1016 5180 1160 5235 οὐδὲ
1183 5181 1395 5248 δώσεις
1432 5183 1539 5235 τὸν
1567 5184 1742 5236 ὅσιόν
1768 5200 1887 5237 σου

308 5274 457 5329 ίδεῖν
480 5272 829 5344 διαφθοράν.
867 5276 978 5329 Καὶ
1010 5274 1070 5327 τὸ
1097 5274 1194 5344 μὲν
1229 5275 1356 5345 περὶ
1383 5274 1565 5344 ψυχῆς
1593 5276 1652 5329 ὲν
1682 5274 1760 5344 τῷ
1784 5275 1886 5347 ᾅδῃ

310 5365 565 5436 σημαίνει
585 5366 649 5418 τὸ
680 5365 754 5437 μὴ
780 5365 1217 5434 καταλελεῖφθαι·
1240 5366 1332 5418 τὸν
1351 5365 1407 5418 δὲ
1428 5367 1595 5432 ὅσιον,
1627 5367 1715 5420 ἵνα
1738 5366 1887 5437 δείξῃ

308 5457 369 5512 rb
396 5459 540 5511 ὅσιον
573 5458 756 5528 σῶμα,
786 5459 847 5511 rb
879 5457 954 5529 μὴ
982 5458 1226 5527 ἐωρακὸς
1251 5458 1568 5528 διαφθορὰν,
1604 5457 1740 5511 ἀλλά
1767 5459 1893 5511 ἀναν

314 5549 444 5603 στὰν
493 5550 842 5621 ἀδιάφθορον,
886 5550 948 5603 rb
996 5552 1315 5623 τριήμερον,
1354 5551 1447 5604 καὶ
1497 5552 1564 5621 τῇ
1610 5549 1890 5621 ἀφθαρσίᾳ

316 5643 692 5714 συνηνωμένον
720 5645 798 5707 εἰς
828 5642 918 5696 τὸν
948 5641 1138 5696 αἰῶνα.

385 5795 588 5861 ‘Joan.
617 5815 708 5864 xx,
738 5799 807 5867 26
907 5802 928 5833 '
955 5801 1084 5863 ibid.
1121 5802 1208 5859 57.
1286 5801 1307 5831 ³
1335 5803 1466 5858 Luc.
1502 5817 1651 5869 xxiv,
1689 5803 1776 5859 59.
1856 5803 1879 5839 ⁸

1984 5804 2087 5860 lor.
2126 5819 2213 5869 xv,
2248 5802 2336 5857 20.

1992 4630 2200 4685 rexisse
2236 4629 2501 4683 dicuntur
2535 4631 2734 4684 iterum
2775 4629 2975 4683 mortui
3007 4628 3138 4693 sint,
3179 4632 3375 4684 merito
3408 4630 3569 4684 Chri-

1985 4730 2131 4777 stum
2164 4721 2435 4790 primitias
2477 4720 2740 4790 appellari
2774 4720 3197 4789 dormientium;
3223 4725 3317 4791 qui
3357 4730 3568 4791 postea-

1983 4818 2149 4881 quam
2172 4809 2477 4865 resurrexit
2512 4824 2622 4864 non
2651 4810 2888 4878 amplius
2919 4810 3176 4874 moritur,
3213 4825 3334 4880 quae
3363 4818 3449 4864 est
3476 4810 3564 4863 fu-

1983 4911 2107 4957 tura
2143 4902 2568 4959 resurrectionis
2617 4903 2781 4963 ratio,
2812 4919 2975 4972 quam
3023 4905 3173 4959 illius
3206 4904 3331 4958 vita:
3369 4912 3422 4958 et
3465 4904 3567 4957 hu-

1984 4996 2263 5052 manitatis
2305 4994 2574 5050 beneﬁcio
2616 5011 3038 5066 consequemur.
3084 4997 3219 5051 Cum
3269 5004 3450 5051 autem
3493 4998 3567 5051 sit

1984 5091 2078 5145 ille
2124 5091 2381 5161 primitiae
2421 5089 2837 5152 dormientium,
2871 5089 3145 5160 integrum
3194 5089 3317 5159 ejus
3361 5104 3563 5159 corpus

1982 5199 2108 5240 cum
2158 5183 2465 5246 divinitate,
2526 5181 2632 5236 hoc
2674 5188 2760 5235 est
2801 5180 3070 5251 quidquid
3118 5179 3187 5234 ad
3228 5190 3564 5250 assumptam

1985 5273 2383 5330 humanitatem
2432 5272 2651 5337 attinet,
2696 5271 3021 5334 resurrexit,
3066 5271 3201 5325 nihil
3244 5279 3304 5325 ut
3341 5271 3567 5325 omnino

1984 5380 2051 5419 ex
2085 5380 2149 5420 ea
2185 5364 2433 5420 relictum
2476 5363 2569 5426 sit,
2600 5377 2707 5416 non
2739 5377 2941 5432 corpus
2976 5372 3069 5416 aut
3102 5361 3371 5429 ejusmodi
3402 5360 3563 5431 quid-

1986 5457 2135 5511 dam.
2179 5456 2302 5509 Non
2338 5456 2478 5510 enim
2519 5454 2847 5524 derelinques
2890 5455 3124 5509 animant
3161 5470 3330 5507 meam
3385 5454 3441 5506 in
3478 5454 3564 5507 in-

1988 5549 2157 5617 ferno.
2185 5563 2276 5601 nec
2304 5546 2457 5601 dabis
2481 5557 2726 5601 sanctum
2749 5557 2895 5600 tuum
2919 5547 3089 5600 videre
3107 5545 3493 5615 corruptionem
3515 5548 3557 5602 ‘.

1990 5641 2094 5697 Ubi
2129 5640 2277 5711 quod
2322 5641 2392 5697 de
2438 5642 2621 5695 anima
2663 5642 2716 5694 in
2764 5640 2984 5696 inferno
3025 5638 3249 5705 dicitur,
3291 5655 3401 5694 non
3436 5652 3563 5698 esse

2416 5803 2435 5835 '
2468 5803 2628 5860 Rom.
2659 5819 2731 5869 vr,
2762 5800 2815 5857 9.
2895 5800 2916 5834 ⁶
2939 5798 3083 5857 Psal.
3110 5816 3199 5868 xv,
3232 5799 3320 5856 10.
