4082 6394
527 349 668 406 “83

1926 342 1985 398 S.
2042 340 2383 398 EPIPIIANII

3648 340 3803 398 “8-5

527 469 843 524 destitutam
889 467 1162 536 signiﬁcat
1196 485 1210 523 :
1244 475 1496 522 sanctum
1544 474 1726 521 autem
1771 466 2004 527 addidit,
2050 473 2110 517 ut
2138 474 2389 520 sanctum
2420 476 2621 532 corpus
2644 461 2986 522 ostenderet,
3012 461 3159 529 quod
3215 462 3624 532 corruptionem
3675 479 3798 519 non

529 561 663 614 vidit
686 599 701 621 .
738 559 833 614 sed
873 568 995 630 post
1023 560 1265 615 triduum
1296 560 1672 628 incorruptum
1703 565 1758 612 et
1788 556 2197 612 immortalitate
2238 556 2293 609 in
2331 562 2595 609 aeternum
2632 552 2915 623 praaditum
2952 551 3211 606 surrexit.
3540 566 3543 567 ν

598 653 679 708 Τιι
707 669 835 708 vero
859 655 973 708 ιιιεο
1001 666 1185 708 nostra
1213 667 1445 721 corpora
1475 659 1723 706 scorteas
1747 665 1869 704 esse
1886 649 2102 703 tunicas

2275 648 2347 701 Σὺ
2379 647 2435 701 δὲ
2471 645 2722 715 φάσκεις,
2755 638 2801 697 ὦ
2836 637 3011 707 οὗτος,
3044 643 3215 696 ταῦτα
3264 642 3333 695 τά
3375 641 3600 712 σώματα
3648 638 3799 695 εἶναι

533 744 791 810 all‘irmas,
816 762 939 799 cum
971 747 1022 800 id
1059 745 1324 799 orationis
1361 758 1708 810 consequens
1743 742 1916 796 series
1946 741 2109 795 refel-

534 836 628 888 lat.
672 833 777 888 Sed
824 835 935 889 haec
976 835 1044 889 ab
1095 835 1203 888 illis
1238 833 1333 887 tibi
1383 833 1706 894 seminibus,
1758 847 1989 900 quorum
2041 846 2108 884 ex

533 926 816 993 gentilium
860 926 1250 997 superstitione
1280 939 1342 977 ac
1380 923 1582 976 fabulis
1629 934 1785 977 satus
1824 922 2106 992 excepisti,

536 1016 733 1085 injecta
774 1016 987 1071 videtur
1022 1017 1237 1086 opinio;
1296 1030 1509 1069 necnon
1569 1022 1623 1069 et
1672 1030 1737 1068 ex
1789 1014 1954 1083 impia
2016 1013 2109 1066 illa

534 1107 951 1163 ratiocinatione
1025 1107 1337 1175 inlideliqne
1406 1105 1474 1160 de
1551 1105 1956 1159 resurrectione
2011 1104 2111 1158 do-

536 1206 735 1265 gmate,
769 1199 915 1267 quod
962 1198 1016 1251 in
1047 1205 1099 1251 te
1138 1197 1379 1250 indidem
1416 1195 1715 1249 excitatum
1748 1202 1853 1257 est,
1899 1209 1928 1246 a
1963 1192 2111 1247 Grie-

536 1290 639 1350 cis,
672 1289 765 1358 qui
793 1305 859 1342 eo
884 1296 937 1343 te
965 1288 1329 1349 deduxerunt,
1365 1298 1451 1341 cst
1487 1285 1812 1355 profectum.
1845 1285 2111 1339 Animalis

533 1381 692 1443 enim,
721 1380 915 1450 inquit.
946 1381 1101 1433 homo
1139 1396 1240 1432 non
1271 1380 1410 1447 capit
1444 1395 1507 1432 ea
1540 1393 1656 1446 qua:
1687 1388 1810 1432 sunt
1842 1378 2110 1443 Spiritus;

534 1472 767 1523 stultitia
804 1470 943 1524 enim
962 1480 1041 1524 est
1072 1471 1174 1535 illi,
1201 1473 1325 1540 quia
1352 1470 1669 1537 spiritaliter
1706 1472 2046 1522 examinatur
2069 1471 2109 1522 ί.

535 1561 829 1616 Enimvero
869 1562 914 1615 si
952 1570 1079 1615 ante
1104 1563 1368 1616 violatum
1410 1562 1725 1615 mandatum
1758 1561 1955 1614 tunica“:
1998 1561 2114 1627 pri-

537 1653 642 1706 mis
678 1653 881 1708 nostris
910 1654 1231 1721 parentibus
1252 1659 1437 1707 essent
1463 1650 1681 1713 oblatm,
1719 1650 1965 1704 nonnihil
1987 1667 2116 1721 pro-

536 1742 715 1798 babile
772 1752 924 1797 tuum
964 1744 1097 1798 illud
1132 1743 1271 1798 foret
1306 1742 1647 1798 mendacium
1691 1750 1746 1796 et
1779 1742 1832 1795 in
1871 1758 2113 1798 errorem

538 1842 722 1903 posset
777 1835 1057 1890 inducere.
1106 1833 1226 1888 lam
1276 1849 1404 1889 vero
1454 1842 1577 1904 post
1628 1833 1793 1888 Evam
1838 1834 1891 1887 in
1941 1834 2115 1889 lucem

536 1927 737 1980 editam
764 1942 887 1982 esse
916 1927 1199 1982 confectas
1231 1936 1474 1998 apparet.
1514 1928 1623 1981 Eva
1654 1942 1819 1996 porro
1846 1925 2116 1979 undenam

2207 741 2332 801 τοὺς
2374 737 2726 809 δερματίνους
2764 735 3018 805 χιτῶνας,
3062 734 3298 804 οὐδαμοῦ
3335 734 3434 803 τῆς
3467 733 3799 794 ἀκολουθίας

2207 832 2365 885 τοῦτο
2397 830 2650 901 ἐχούσης,
2693 829 2829 884 ἀλλά
2859 826 2947 883 διὰ
2975 828 3042 881 τά
3080 830 3137 881 ὲν
3171 827 3253 880 σοὶ
3281 828 3375 880 ἀπ’
3407 826 3582 896 ἀρχῆς
3619 826 3799 894 σπέρ-

2213 940 2356 993 ματα
2388 919 2795 990 καταϐληθὲν-τα
2831 919 2928 988 τῆς
2968 917 3075 970 ἀπὸ
3111 916 3219 969 τῶν
3254 915 3523 985 Ἐλλήνων
3562 915 3799 984 ἐθνομὺ-

2210 1016 2304 1067 θου
2343 1012 2713 1074 διδασκαλίας,
2744 1010 2840 1064 καὶ
2872 1010 2960 1062 διὰ
2985 1009 3076 1062 τὸν
3112 1009 3231 1060 ἐκεῖ
3262 1007 3663 1078 παροξυνθέντα
3708 1025 3799 1059 σοι

2210 1108 2549 1178 κακότροπον
2578 1104 2838 1174 λογισμὸν
2872 1103 2973 1171 τῆς
3005 1103 3133 1171 περὶ
3160 1102 3259 1171 τῆς
3284 1101 3631 1163 ἀναστάσεως
3663 1100 3798 1153 ἀπι-

2212 1200 2383 1263 στίας,
2418 1198 2559 1269 φημὶ
2595 1197 2653 1250 δὲ
2702 1195 2969 1265 Ἐλλήνων
3004 1193 3113 1246 τῶν
3148 1210 3205 1245 σε
3252 1194 3331 1256 εἰς
3375 1191 3531 1244 τοῦτο
3558 1192 3799 1258 ἀγαγόν-

2209 1310 2338 1345 των.
2378 1292 2430 1343 Ὁ
2462 1290 2571 1359 γὰρ
2597 1286 2862 1357 ψυχικὸς
2890 1286 3220 1354 ἅνθρωπος,
3252 1285 3437 1353 φησιν,
3462 1286 3532 1337 οὐ
3553 1283 3801 1351 δέχεται

2212 1385 2283 1437 τὰ
2327 1384 2434 1437 τοῦ
2465 1383 2830 1449 Πνεύματος.
2871 1378 3074 1443 Μωρία
3121 1378 3231 1445 γὰρ
3274 1374 3435 1441 αυτῷ
3471 1377 3662 1441 ἐστιν,
3705 1376 3801 1430 ὅτι

2212 1470 2624 1542 πνευματικῶς
2636 1469 3035 1537 ἀνακρίνεται.
3052 1468 3114 1520 Εἰ
3144 1468 3239 1537 μὲν
3263 1467 3375 1537 γάρ
3398 1466 3503 1537 πρὸ
3529 1468 3627 1536 τῆς
3652 1483 3797 1537 παρ-

2212 1566 2380 1635 ακοῆς
2414 1566 2463 1618 οἱ
2496 1563 2720 1634 χιτῶνες
2750 1564 2863 1624 τοῖς
2888 1560 3017 1631 περὶ
3050 1558 3145 1612 τὸν
3183 1558 3354 1628 Ἀδὰμ
3394 1558 3655 1626 ἐγίνοντο,
3709 1577 3799 1611 7::-

2214 1658 2375 1712 οανὸν
2403 1658 2467 1712 ἀν
2501 1673 2594 1708 σου
2618 1655 2679 1708 τὸ
2703 1652 2947 1723 ψεῦσμα,
2972 1651 3069 1705 καὶ
3097 1650 3401 1722 δυνάμενον
3426 1650 3796 1719 ἐξαπατῆσαν

2213 1750 2302 1803 ὅτε
2332 1748 2389 1801 δὲ
2414 1746 2663 1817 φαίνεται
2693 1744 2831 1815 μετά
2869 1744 2967 1815 τὴν
3000 1742 3145 1797 Εὕαν
3184 1741 3508 1813 πλασθῆναι,
3539 1742 3707 1795 πόθεν
3740 1743 3799 1799 δὲ

2214 1839 2322 1907 ἀρα
2352 1836 2649 1889 ἐπλάττετο
2676 1835 2812 1890 ἁλλά
2833 1834 2940 1888 ἀπὸ
2966 1832 3252 1903 σώματος;
3280 1832 3469 1903 Δῆλον.
3511 1832 3799 1887 Ἐπέϐαλε

2217 1930 2347 1999 γὰρ,
2384 1927 2567 1998 φησὶν,
2591 1928 2885 1981 ἔκστασιν
2915 1925 3013 1978 ἐπὶ
3041 1925 3148 1979 τὸν
3185 1924 3376 1993 Ἀδὰμ,
3403 1923 3502 1978 καὶ
3526 1924 3799 1985 ὕπνωσε,

536 2018 769 2083 cst,nisi
802 2034 867 2073 ex
906 2033 1155 2087 corpore,
1187 2017 1458 2072 formata?
1496 2016 1549 2072 ld
1590 2032 1719 2071 vero
1763 2016 2111 2071 manifestum

2218 2017 2313 2068 καὶ
2330 2016 2506 2070 ἔλαϐε
2517 2016 2665 2084 μίαν
2680 2014 2798 2069 τῶν
2810 2012 3087 2083 πλευρῶν
3106 2012 3315 2068 αὐτοῦ.
3336 2013 3551 2084 Πλευρὰ
3570 2013 3625 2065 δὲ
3639 2014 3799 2066 οὐδὲν

540 2116 621 2161 est
675 2107 903 2162 Immisit
931 2110 1093 2168 enim.
1139 2109 1238 2170 ait,
1269 2124 1509 2176 soporem
1546 2108 1599 2161 in
1625 2108 1819 2169 Adam,
1849 2117 1897 2161 et
1922 2107 2114 2160 dormi-

541 2201 632 2259 vit.
684 2209 732 2254 et
758 2199 917 2270 595
949 2201 1147 2269 accepit
1195 2216 1355 2253 unam
1404 2198 1467 2253 de
1517 2200 1677 2253 costis
1727 2199 1841 2267 ejus
1864 2202 1907 2251 ’.
1951 2198 2117 2259 Costa

544 2308 667 2346 vero
702 2302 894 2362 prmter
928 2306 990 2347 os
1028 2291 1164 2345 nihil
1197 2290 1347 2346 aliud
1398 2299 1506 2354 est,
1534 2290 1695 2359 cujus
1730 2291 1850 2345 loco
1891 2305 2115 2344 carnem

545 2384 852 2439 rdillcavit.
893 2384 1029 2439 Cum
1064 2384 1229 2451 igitur
1254 2398 1386 2438 caro
1416 2382 1697 2437 nominata
1727 2382 1821 2447 sit,
1864 2382 1958 2452 qui
1991 2389 2116 2436 tan-

544 2479 661 2528 .lem
696 2474 1127 2529 structuraillius
1149 2474 1533 2543 exspectatur?
1560 2472 1665 2527 Sed
1682 2481 1737 2527 et
1764 2473 1924 2543 paulo
1952 2482 2112 2527 ante:

545 2561 850 2624 Faciamus,
896 2564 1091 2631 inquit,
1128 2563 1392 2615 hominem
1444 2560 1511 2615 ad
1550 2561 1829 2631 imaginem
1880 2571 2115 2614 nostram

542 2665 589 2709 ct
627 2654 1029 2708 similitudinem
1054 2655 1095 2709 ³.
1121 2682 1192 2693 ——
1225 2652 1290 2708 Et
1318 2652 1537 2722 accepit,
1589 2651 1786 2720 inquit,
1835 2651 2015 2704 limum
2054 2650 2118 2704 de

541 2758 684 2803 terra
726 2757 775 2802 et
821 2747 1069 2816 formavit
1107 2746 1367 2800 hominem
1393 2754 1435 2799 ⁵.
1473 2744 1635 2814 Atqui
1674 2744 1839 2798 limus
1886 2751 1940 2798 et
1987 2758 2118 2797 caro

542 2840 675 2893 nihil
702 2847 830 2894 sunt
872 2837 1018 2892 aliud
1050 2852 1213 2908 quam
1241 2851 1462 2905 corpus.
1501 2835 1707 2890 Deinde
1737 2836 2015 2905 sequitur:
2049 2835 2116 2889 Et

542 2945 824 2999 exsurgens
852 2928 1027 2982 Adam
1064 2945 1091 2983 e
1114 2944 1296 2982 somno
1323 2927 1459 2980 dixit
1491 2943 1509 2979 :
1540 2925 1654 2980 Iloc
1690 2944 1826 2980 nunc
1852 2943 1908 2981 os
1938 2943 2003 2981 ea:
2033 2945 2119 2982 os-

542 3019 687 3072 sibus
722 3020 873 3083 meis,
916 3028 966 3073 et
1006 3034 1127 3071 caro
1173 3017 1237 3070 de
1270 3032 1426 3070 carne
1464 3018 1641 3069 mea“.
1670 3015 1922 3071 Nondum
1964 3028 2122 3071 erant

544 3110 783 3177 pellicere
836 3110 938 3163 illa:
990 3108 1216 3172 tunicae;
1271 3106 1514 3160 nondum
1550 3107 1840 3160 conlictum
1881 3106 2012 3161 illud
2064 3108 2119 3161 in

544 3199 800 3266 allegoria
846 3208 937 3253 tua
980 3198 1323 3252 mendacium
1367 3197 1676 3251 exstiterat.
1715 3196 1906 3267 Itaque
1959 3215 2017 3252 os
2056 3213 2121 3252 es:

544 3289 751 3343 ossibus
793 3288 943 3352 meis,
985 3296 1035 3341 et
1072 3304 1196 3341 caro
1229 3287 1292 3341 de
1338 3304 1496 3341 carne
1540 3305 1675 3353 mea,
1723 3288 2010 3344 manifeste
2052 3290 2120 3345 de

544 3378 869 3447 corporibus
916 3378 1265 3449 intelligenda
1309 3387 1461 3440 sunt.
1509 3379 1643 3434 adeo
1675 3388 1734 3433 ut
1778 3379 2023 3435 Adamus
2065 3390 2120 3435 et

545 3469 654 3521 Eva
705 3470 1033 3541 corporibus
1085 3472 1307 3527 minime
1359 3482 1631 3528 carerent.
1689 3471 1757 3525 Et
1815 3474 2012 3542 accepit
2054 3473 2119 3527 de

544 3560 708 3629 ligno,
743 3570 792 3613 et
815 3562 1037 3615 comedit
1062 3562 1115 3626 ⁸;
1154 3572 1315 3631 prout
1364 3565 1638 3633 serpentis
1698 3573 1820 3618 astu
1859 3564 2121 3634 deceptus

547 3661 711 3719 atque
757 3653 808 3703 in
854 3650 1024 3706 Deum
1058 3653 1275 3707 rebellis
1321 3653 1442 3706 fuit.
1487 3652 1553 3707 Et
1597 3655 1795 3707 audivit
1822 3670 1993 3708 vocem
2022 3653 2119 3708 Dei

546 3743 867 3797 ambulantis
914 3746 968 3797 in
1001 3746 1251 3813 paradiso
1294 3748 1389 3799 sub
1422 3762 1685 3813 vesperam
1711 3758 1798 3801 :et
1846 3747 2117 3801 abscondit

546 3849 601 3886 se
636 3834 804 3887 Adam
845 3844 895 3887 et
928 3833 1039 3887 Eva
1066 3835 1133 3888 ad
1174 3836 1411 3888 arborem
1434 3837 1474 3889 ⁷.
1513 3836 1648 3890 Τιιιιι
1685 3836 1945 3891 Dominus
1972 3836 2117 3889 Ada-

548 3941 695 3977 nmm
745 3926 1043 3995 interrogat
1078 3944 1090 3979 :
1124 3924 1222 3979 Ubi
1274 3930 1369 3982 es?
1416 3928 1484 3981 At
1534 3928 1581 3981 is
1619 3928 1991 3995 deprehensus
2031 3943 2118 3981 rc-

548 4016 813 4083 spondit:
858 4016 1044 4070 Vocem
1088 4027 1235 4071 luant
1288 4019 1502 4081 audivi,
1548 4029 1597 4072 et
1655 4019 1904 4072 abscondi
1951 4036 2031 4072 me
2062 4035 2120 4072 eo

547 4110 684 4176 quod
714 4109 883 4163 nudus
916 4126 1102 4164 essem.
1144 4109 1358 4164 Nudum
1389 4127 1517 4165 vero
1549 4112 1677 4180 quid
1708 4111 1926 4166 tandem
1950 4111 2122 4169 dixit?

549 4200 785 4253 animam
837 4216 905 4254 an
959 4202 1195 4272 corpus?
1230 4202 1435 4257 Deinde
1484 4204 1715 4257 liculnea
1768 4202 1893 4256 folia
1930 4220 2121 4273 quem-

549 4305 673 4341 nam
716 4290 1072 4360 obtcgebant:
1104 4294 1340 4346 animam
1378 4310 1447 4347 an
1480 4290 1722 4364 corpus?
1760 4293 1826 4346 Et
1864 4296 1981 4362 quis
2025 4296 2122 4350 tibi

548 4381 706 4443 dixit,
739 4382 937 4452 inquit,
966 4394 1013 4436 te
1060 4400 1171 4438 esse
1205 4385 1426 4449 nudum,
1456 4387 1560 4439 nisi
1579 4386 1717 4455 quod
1757 4386 1820 4439 de
1851 4387 2013 4457 ligno,
2057 4388 2122 4443 de

548 4489 649 4541 quo
688 4474 908 4541 prwcepi
952 4474 1046 4526 tibi
1079 4490 1141 4528 ne
1178 4476 1490 4539 comederes,
1526 4478 1839 4533 comedisti?
1876 4479 1956 4533 Ad
2007 4479 2121 4535 ln'ec

549 4564 792 4619 Adamus
833 4565 1116 4635 respondit
1148 4566 1384 4621 :Mulier
1410 4584 1565 4637 quam
1613 4568 1809 4622 dedisti
1842 4570 1991 4631 mihi,
2029 4569 2120 4623 de-

2218 2106 2401 2175 ἕτερον
2438 2105 2717 2175 τυγχάνει,
2755 2104 2894 2159 ἀλλὰ
2921 2104 3127 2158 ὁστέον.
3171 2104 3498 2175 ᾮκοδόμησε
3530 2104 3587 2157 δὲ
3614 2105 3797 2176 σάρκα

2215 2199 2331 2252 ἀντ’
2358 2197 2545 2267 αὐτῆς.
2579 2196 2790 2266 Σαρκὸς
2818 2196 2877 2251 δὲ
2908 2194 3337 2266 ὀνομαζομένης,
3372 2196 3490 2259 πῶς
3516 2196 3597 2249 ἔτι
3630 2213 3791 2266 προσ-

2214 2286 2705 2356 ὼκᾶταιήταύτης
2740 2286 2956 2356 ποίησις
2978 2302 2992 2350 ;
3018 2287 3127 2339 Kal.
3156 2286 3413 2357 ἀνωτέρω
3438 2286 3589 2354 φησι·
3616 2287 3791 2350 Ποιή-

2216 2391 2417 2444 σωμεν
2442 2374 2755 2443 ἄνθρωπον
2787 2377 2909 2427 κατ’
2935 2374 3141 2427 εἰκόνα
3189 2372 3502 2443 ἡμετέραν,
3531 2375 3626 2427 καὶ
3665 2376 3796 2427 καθ’

2218 2467 2522 2535 ὁμοίωσιν.
2547 2466 2740 2519 -Καὶ
2775 2465 2973 2528 ἔλαϐε,
3004 2465 3158 2536 φησὶ,
3196 2464 3346 2533 χοῦν
3369 2464 3489 2519 ἀπὸ
3518 2464 3625 2530 τῆς
3658 2464 3798 2533 γῆς,

2218 2558 2313 2611 καὶ
2339 2558 2569 2611 ἔπλασε
2584 2558 2692 2610 τὸν
2705 2556 3035 2626 ἄνθρωπον.
3073 2558 3129 2611 '0
3146 2557 3202 2610 δὲ
3222 2556 3346 2628 χοῦς
3374 2557 3469 2610 καὶ
3486 2556 3619 2627 σὰρξ
3643 2557 3798 2610 οὐδὲν

2216 2650 2401 2719 ἔτερόν
2438 2650 2584 2703 ἐστιν
2626 2649 2761 2702 ἀλλὰ
2793 2649 2975 2720 σῶμα.
3009 2644 3143 2701 Εἶτα
3180 2648 3491 2718 μετέπειτα·
3518 2649 3623 2700 Kal
3652 2649 3786 2701 dra

2218 2742 2367 2808 στὰς
2383 2743 2562 2811 Ἀδὰμ
2576 2742 2695 2798 ἀπὸ
2719 2742 2822 2797 τοῦ
2842 2742 3037 2796 ὕπνου
3058 2738 3209 2797 εἴπεο
3234 2742 3413 2795 Τοῦτο
3435 2741 3553 2795 νῦν
3570 2740 3797 2795 ὀστοῦν

2217 2833 2287 2886 ἐκ
2316 2831 2431 2887 τῶν
2460 2832 2657 2886 ὀστῶν
2680 2850 2822 2901 μου,
2862 2832 2961 2885 καὶ
2985 2833 3141 2902 σὰρξ
3163 2833 3233 2887 ἐκ
3263 2831 3373 2900 τῆς
3400 2833 3626 2901 σαρκός
3649 2850 3800 2901 μου.

2220 2926 2387 2979 Οὔπω
2416 2925 2473 2978 δὲ
2514 2926 2735 2996 χιτῶνες
2768 2928 2817 2979 οἰ
2855 2925 3191 2996 δερμάτινοι,
3227 2925 3379 2979 οὔπω
3414 2926 3478 2977 τὸ
3510 2929 3659 2978 παοὶ
3697 2926 3798 2979 -νηῦ

2220 3010 2260 3080 ψ
2280 3020 2365 3070 .23:
2374 3038 2448 3089 μα
2467 3018 2765 3090 ἁλληγορού
2775 3034 2932 3087 μενον
2950 3016 3214 3086 ὑπῆρχεν.
3247 3011 3501 3068 Ὀστοῦν
3514 3011 3695 3063 τοίνυν
3715 3012 3787 3060 ex

2229 3113 2345 3167 τῶν
2366 3111 2567 3166 ὀστῶν
2580 3128 2721 3179 μου,
2744 3108 2841 3162 καὶ
2873 3108 3026 3178 σὰρξ
3053 3109 3121 3161 ἐκ
3146 3106 3264 3159 τῶν
3285 3104 3526 3173 σαρκῶν
3541 3121 3683 3173 μου,
3708 3100 3802 3170 δῆ-

2228 3204 2338 3265 λον,
2360 3204 2441 3257 δτι
2473 3205 2699 3272 σώματα
2727 3198 2888 3272 ἦσαν,
2912 3202 3006 3254 καὶ
3042 3201 3141 3253 οὐκ
3162 3196 3230 3270 ἦν
3255 3197 3541 3267 ἀσώματος
3568 3198 3597 3247 ὁ
3628 3195 3803 3263 Ἀδὰμ

2173 3344 2189 3359 ,
2228 3298 2376 3367 καὶὴ
2402 3294 2533 3348 Εὔα.
2560 3294 2669 3349 Καὶ
2694 3293 2910 3348 ἐλαϐεν
2926 3293 3044 3347 ἀπὸ
3070 3292 3176 3346 τοῦ
3198 3292 3411 3356 ξύλου,
3436 3291 3533 3343 καὶ
3558 3289 3802 3357 ἔφαγεν·

2226 3387 2303 3449 ὡς
2320 3384 2650 3456 ὑπενοθεὺθη
2667 3384 2771 3442 ὑπὸ
2784 3383 2877 3437 τοῦ
2894 3384 3091 3453 ὄφεως,
3106 3384 3201 3437 καὶ
3215 3382 3434 3451 γέγονεν
3450 3384 3507 3434 ἐν
3524 3378 3805 3448 Μρακοῇ.

2217 3471 2326 3525 Kal
2363 3470 2594 3538 ἤκουσε
2620 3470 2735 3539 τὴν
2771 3468 2983 3539 φωνὴν
3009 3470 3117 3523 τοῦ
3152 3470 3299 3523 Θεοῦ
3327 3471 3794 3537 περιπατοῦντος

2216 3561 2287 3613 ἐν
2311 3560 2391 3626 τῷ
2413 3562 2757 3631 παραδείσῳ
2776 3562 2842 3615 τὸ
2867 3561 3151 3617 δειλινόν
3184 3561 3285 3616 καὶ
3311 3562 3528 3630 ἐκρύϐη
3559 3565 3591 3615 ό
3616 3561 3799 3630 Ἀδὰμ

2215 3654 2315 3707 καὶ
2346 3653 2382 3719 ἡ
2413 3654 2540 3707 Εὔα
2570 3654 2639 3706 ἐν
2672 3654 2750 3719 τῷ
2783 3653 2966 3717 ξύλῳ.
3004 3654 3116 3708 Καὶ
3142 3655 3170 3705 ὁ
3192 3654 3325 3717 Θεός
3349 3672 3480 3724 φησι
3506 3654 3583 3724 τῷ
3602 3654 3799 3724 Ἀδάμ·

2218 3745 2340 3798 Ποῦ
2366 3741 2452 3809 εἷ;
2494 3745 2551 3798 Ὁ
2579 3745 2637 3797 δὲ
2666 3746 3021 3815 ἐλεγχόμενος
3045 3746 3420 3816 ἀποκρίνεται·
3456 3747 3571 3813 Τὴν
3589 3745 3798 3815 φωνήν

2218 3849 2333 3888 σου
2360 3835 2619 3902 ἤκουσα,
2644 3837 2741 3890 καὶ
2763 3838 3041 3905 ἐκρύϐην,
3067 3838 3155 3890 ότι
3186 3840 3411 3907 γυμνός
3433 3841 3565 3906 εἰμι.
3592 3840 3800 3909 Γυμνὺν

2219 3928 2274 3979 δὲ
2304 3928 2412 3999 ἄρα
2448 3930 2597 3981 ποῖον
2631 3929 2820 3997 ἔλεγες
2854 3930 2953 4000 τὴν
2985 3929 3163 3999 ψυχὴν
3207 3929 3391 3997 ἔλεγεν
3428 3929 3459 3998 ἢ
3500 3928 3560 3981 τὸ
3601 3930 3800 3999 stipa;

2221 4019 2302 4071 Τὰ
2327 4019 2382 4072 δὲ
2419 4020 2590 4089 φύλλα
2615 4022 2713 4091 τῆς
2737 4021 2911 4091 συκῆς
2937 4022 3058 4073 τίνα
3085 4021 3309 4079 ἕσκεπε.
3343 4023 3440 4091 τὴν
3472 4020 3645 4091 ψυχὴν
3679 4022 3714 4092 ἦ
3740 4024 3803 4075 τδ

2223 4110 2417 4180 σῶμα;
2458 4110 2568 4163 Καὶ
2600 4112 2691 4175 τίς
2730 4126 2831 4165 σοι
2864 4107 3015 4176 εἷπε,
3056 4112 3241 4182 φησιν,
3274 4110 3364 4163 ὅτι
3393 4114 3617 4179 γυμνές
3641 4108 3719 4173 εἷ,
3749 4115 3803 4165 εὶ

2216 4202 2301 4273 μὴ
2346 4203 2465 4257 ἀπὸ
2497 4202 2604 4257 τοῦ
2644 4204 2857 4271 ξύλου,
2906 4201 2977 4263 οὗ
3011 4204 3402 4273 ἐνετειλάμην
3444 4219 3541 4257 σοι
3584 4206 3804 4258 τούτου

2217 4295 2410 4363 μόνου
2446 4294 2534 4364 μὴ
2572 4295 2787 4365 φαγεῖν
2821 4297 2923 4351 ἀπ’
2944 4297 3153 4362 αὐτοῦ,
3186 4297 3437 4367 ἔφαγες
3464 4280 3587 4352 ⁶Καί
3613 4316 3802 4368 φησιν’

2232 4387 2293 4440 Ἡ
2321 4385 2475 4454 γυνὴ
2520 4385 2599 4453 ἣν
2624 4386 2851 4453 ἔδωκάς
2875 4404 2977 4456 μοι
3010 4386 3228 4441 δέδωκέ
3259 4407 3379 4459 μοι,
3421 4390 3519 4442 καὶ
3548 4390 3801 4458 ἔφαγον.

2222 4479 2393 4531 Πόθεν
2440 4479 2496 4532 δὲ
2552 4478 2706 4549 ἐδόοη
2835 4481 2973 4551 γυνὴ
3022 4480 3136 4533 ἀλλ’
3183 4481 3217 4550 ἢ
3261 4482 3370 4534 ἀπὸ
3400 4483 3499 4551 τῆς
3535 4482 3803 4553 πλευρᾶς,

2220 4571 2497 4623 τουτέστιν
2545 4572 2653 4625 άπὸ
2708 4571 2803 4624 τοῦ
2866 4570 3136 4642 σώματος,
3197 4574 3362 4644 πρινὴ
3401 4576 3524 4637 τοὺς
3566 4578 3803 4644 χιτῶνας

548 4654 628 4709 dit
666 4656 814 4721 mihi,
848 4666 898 4710 et
942 4658 1162 4711 comedi.
1195 4658 1341 4712 Cedo
1371 4658 1514 4713 unde
1557 4660 1752 4714 mulier
1776 4660 1902 4715 data
1935 4658 2117 4725 fuerit,

2222 4661 2405 4723 αὐτοῖς
2445 4659 2697 4730 δοθῆναις
2748 4661 2858 4714 Καὶ
2912 4664 2977 4732 τῇ
3036 4662 3253 4729 γυναικί
3294 4678 3444 4732 φησι·
3514 4665 3575 4717 TI
3624 4665 3807 4719 τοῦτο

551 4747 657 4800 nisi
707 4762 772 4801 ex
806 4757 983 4816 costa,
1033 4749 1138 4803 hoc
1174 4759 1258 4804 est
1304 4750 1493 4803 Adami
1537 4766 1784 4820 corpore,
1826 4759 2116 4822 antequam

551 4838 749 4892 tunica:
800 4838 908 4893 illis
960 4840 1425 4895 attribuerentur?
1461 4840 1635 4895 Porro
1686 4843 1901 4896 mulieri
1943 4842 2121 4897 dixit:

551 4928 661 4983 Cur
698 4929 792 4983 hoc
842 4930 1056 4998 fecisti?
1106 4932 1176 4983 At
1235 4932 1323 4985 illa
1356 4951 1368 4986 :
1403 4932 1646 5000 Serpens,
1700 4933 1894 5003 inquit,
1930 4935 2125 5003 decepit

552 5036 653 5085 me,
691 5030 740 5073 et
788 5022 1011 5088 comedi,
1056 5032 1105 5076 et
1149 5022 1269 5076 dedi
1317 5025 1427 5077 viro
1487 5042 1618 5079 meo.
1658 5026 1788 5081 Post
1830 5027 1943 5083 lucc
1984 5028 2125 5082 Deus

552 5115 988 5169 exsecrationem
1029 5116 1246 5181 inﬂixit,
1284 5118 1500 5172 mulieri
1530 5118 1747 5173 scilicet
1778 5117 2043 5181 dolorem,
2072 5128 2126 5171 et

552 5205 692 5271 viro,
733 5214 790 5259 ut
833 5210 886 5261 in
918 5208 1117 5264 sudore
1142 5226 1281 5279 pane
1308 5226 1407 5264 suo
1433 5218 1765 5265 vesceretur.
1799 5209 2008 5275 Quibus
2050 5209 2128 5262 la-

552 5296 657 5350 ctis
703 5296 903 5367 adjecit
938 5316 952 5352 :
982 5297 1115 5353 Ecce
1159 5300 1333 5353 Adam
1376 5300 1549 5368 factus
1590 5310 1668 5357 est
1712 5301 1847 5353 sicut
1901 5315 2033 5352 unus
2064 5313 2129 5352 ea:

553 5388 724 5443 nobis.
764 5387 992 5458 Neforte
1022 5391 1271 5444 extendat
1296 5407 1532 5455 manum,
1569 5401 1617 5445 et
1654 5392 1879 5461 attingat
1904 5390 2124 5461 lignum,

550 5491 602 5536 et
648 5483 908 5549 comedat,
954 5491 1003 5537 et
1030 5486 1167 5537 vivat
1210 5485 1263 5537 in
1311 5494 1587 5537 arternum.
1624 5483 1817 5538 Postea
1853 5501 1864 5537 :
1900 5482 1967 5536 Et
2006 5483 2125 5550 fecit

552 5572 696 5635 Deus
746 5577 949 5631 tunicas
990 5577 1256 5646 pelliceas,
1302 5587 1352 5631 et
1400 5578 1570 5631 induit
1610 5579 1781 5635 Adam
1810 5587 1859 5633 et
1907 5594 2125 5633 uxorem

2224 4750 2552 4817 exolnaac;
2584 4749 2648 4803 Ἢ
2672 4750 2748 4803 δέ·
2783 4751 2836 4803 Ὀ
2859 4750 2991 4819 ὄφις
3018 4750 3293 4819 ἠπάτησέ
3307 4769 3403 4820 με,
3429 4752 3526 4806 καὶ
3550 4753 3805 4821 ἔφαγον,

2225 4843 2321 4895 καὶ
2352 4842 2545 4896 ἔδωκα
2583 4840 2662 4907 τῷ
2701 4842 2875 4909 ἀνδρί
2911 4860 3051 4912 μου.
3110 4843 3167 4894 Ὀ
3211 4842 3266 4896 δὲ
3305 4843 3435 4907 Θεὸς
3475 4845 3671 4912 ἐπάγει
3704 4846 3809 4914 τὴν

2226 4937 2492 5007 κατάραν,
2519 4936 2614 4990 καὶ
2646 4938 2711 5007 τῇ
2746 4937 2965 5003 γυναικὶ
2996 4935 3094 5007 τὴν
3123 4935 3336 5005 ὀδύνην,
3371 4936 3468 4989 καὶ
3496 4936 3572 5006 τῷ
3593 4936 3807 5008 ἀνθρώ-

2225 5046 2310 5099 πῳ
2343 5029 2402 5081 τὸ
2440 5031 2498 5082 ὲν
2545 5028 2726 5100 ἱδρῶτι
2765 5030 2960 5096 φαγεῖν
2999 5028 3092 5080 τὸν
3118 5028 3299 5099 ἄρτον.
3332 5028 3441 5079 Καὶ
3466 5027 3603 5098 μετὰ
3628 5028 3807 5082 ταῦτα

2223 5119 2388 5187 λέγει’
2435 5119 2589 5172 Ἰδοὺ
2628 5118 2810 5189 Ἀδὰμ
2840 5118 3086 5189 γέγονεν
3110 5120 3191 5185 ὡς
3219 5113 3310 5184 εἷς
3342 5120 3411 5182 ἐξ
3450 5118 3635 5188 ἡμῶν.
3670 5119 3805 5188 Μή·-

2225 5226 2371 5264 ante
2408 5211 2647 5277 ἐκτείνῃ
2686 5211 2800 5278 τὴν
2842 5211 3031 5281 χεῖρα,
3069 5213 3168 5265 καὶ
3198 5211 3424 5279 ἅψηται
3449 5210 3554 5263 τοῦ
3584 5210 3801 5275 ξύλου,

2226 5301 2325 5354 καὶ
2372 5300 2553 5369 φάγῃ,
2605 5302 2702 5353 καὶ
2742 5300 2979 5365 ζήσεται
3011 5304 3097 5365 εις
3142 5303 3250 5353 τὸν
3302 5302 3507 5354 αιῶνω
3544 5302 3637 5354 καὶ
3682 5302 3804 5371 μεθ’

2224 5394 2407 5464 ’ἑτερα’
2433 5393 2545 5446 Καὶ
2564 5393 2857 5459 ἐποίησεν
2879 5395 2910 5446 ὀ
2936 5394 3080 5459 Θεὸς
3104 5392 3359 5461 χιτῶνας
3384 5393 3801 5462 δερματίνους.

2224 5485 2323 5537 καὶ
2361 5484 2613 5539 ἐνέδυσε
2650 5485 2793 5549 τοὺς
2838 5484 2970 5552 περὶ
3009 5482 3115 5537 τὸν
3153 5484 3346 5552 Ἀδὰμ,
3386 5485 3483 5537 καὶ
3514 5484 3806 5547 ἐξέϐαλεν

2225 5577 2444 5642 αὐτοὺς
2466 5578 2533 5630 ἐκ
2560 5576 2663 5630 τοῦ
2689 5576 3079 5645 παραδείσου.
3106 5576 3215 5627 Καὶ
3240 5576 3393 5645 ὁρᾷς,
3419 5577 3501 5629 ὃτι
3524 5575 3751 5644 μάταιος
3767 5578 3805 5645 ἡ

630 5733 649 5774 ⁸
683 5731 700 5791 ι
731 5733 854 5788 Cor.
895 5751 953 5795 It.
986 5736 1066 5791 14.
1147 5740 1168 5769 ³
1204 5735 1340 5792 Gen.
1376 5752 1437 5803 ιι,
1471 5735 1561 5789 21.
1640 5735 1658 5767 ³
1691 5733 1825 5790 Gen.
1872 5750 1911 5804 ι,
1942 5734 2033 5789 9.6.
2110 5734 2117 5759 ‘

2217 5750 2289 5789 :n.
2329 5748 2382 5798 ιι,
2425 5732 2473 5785 7.
2553 5734 2571 5763 ⁸
2607 5730 2736 5787 ibid.
2763 5732 2833 5786 23
2931 5733 2952 5764 ‘
2982 5730 3116 5789 Gen.
3161 5746 3241 5797 ιιι,
3272 5728 3325 5783 6.
3404 5730 3421 5759 ⁷
3450 5728 3649 5797 ιιιὶάηὸ
3679 5746 3803 5800 sqq.
