4082 6394
252 390 395 447 “85

893 385 983 440 AD
993 384 1264 441 VERSUS
1301 381 1649 440 IIASRESES
1685 377 1815 438 LIB.

1988 378 2154 440 TOM.
2198 385 2235 439 1.
2279 418 2349 431 -
2387 381 2663 443 ΙΙΑΞΒΕΞ.
2704 382 2891 443 LXIV.

3407 386 3543 446 H86

252 511 402 583 παρὰ
441 510 535 565 σοῦ
582 505 1050 579 καινοτομουμένη
1106 505 1430 576 κενοφωνία.
1484 505 1601 577 Πρδ
1635 506 1808 559 πόσου
1832 504 1849 535 ¹

1954 504 2092 575 ejus,
2128 517 2181 561 et
2211 505 2368 576 ejecit
2411 508 2535 563 illo:
2564 525 2591 563 ε
2622 507 2903 577 paradiso.
2945 505 3113 564 Vides
3146 522 3309 578 quam
3358 508 3539 580 inepta

252 604 363 675 γὰρ
386 602 577 674 χρόνου
606 596 748 672 ἦσαν
781 597 1013 669 σώματα
1038 600 1152 662 τοῖς
1178 598 1309 657 περὶ
1329 598 1422 652 τὸν
1458 598 1651 668 Ἀδάμ,

322 876 458 945 εςν.
494 876 558 930 EE
608 875 667 929 δὲ
698 874 852 929 τοῦτό
893 892 953 928 σε
1001 873 1318 945 ἀνωιρίνει,
1360 874 1456 928 καὶ
1500 872 1561 926 οὐ
1616 871 1845 927 δύνασαι

252 968 500 1039 ψυχικῶς
551 967 932 1039 διανοούμενος
965 964 1062 1019 τοῦ
1090 964 1411 1037 Πνεύματος
1447 964 1704 1032 δέξασθαι
1746 964 1847 1035 τὴν

254 1060 417 1131 χάριν
441 1099 456 1120 ,
488 1058 689 1113 ἄπιστε
717 1098 733 1122 .
770 1059 866 1112 καὶ
903 1056 1162 1110 ἐπέκεινα
1196 1056 1305 1110 τῶν
1348 1056 1597 1110 ἀπίστων
1637 1056 1845 1127 τυγχά-

253 1168 359 1204 νων
384 1167 397 1181 ο
424 1150 549 1218 λέγε
582 1166 673 1220 μοι
704 1148 943 1215 ἑκάστην
988 1146 1248 1201 ὑπόθεσιν
1273 1149 1338 1200 ὲκ
1365 1145 1501 1199 Θεοῦ
1533 1148 1843 1215 γεγονυῖαν,

256 1242 433 1312 πόσην
474 1242 589 1311 ἕχει
625 1239 723 1312 τὴν
760 1239 1206 1311 θαυματουργίαν
1249 1238 1342 1292 καὶ¹
1382 1238 1688 1310 έκπληξιν;
1738 1238 1845 1291 Πό-

254 1334 347 1388 θεν
376 1332 436 1398 ἐξ
468 1334 571 1387 οὐκ
596 1332 766 1387 ὄντων
797 1332 1030 1405 οὐρανὸς
1056 1332 1282 1385 τέταται
1325 1333 1384 1385 ὲν
1413 1330 1676 1402 μετεώρῳ
1710 1331 1847 1385 ἀνα-

252 1427 700 1496 πεπετασμένος;
735 1424 911 1478 Πόθεν
950 1422 1256 1495 ὲστιλϐώθη
1285 1425 1314 1476 6
1345 1423 1526 1494 ἥλιος,
1571 1424 1669 1477 καὶ
1700 1423 1848 1477 ὲκτί-

253 1519 387 1590 σθη.
430 1518 523 1571 καὶ
554 1517 778 1589 σελήνη,
813 1517 910 1571 καὶ
938 1516 1008 1570 τὰ
1033 1517 1211 1588 ἄστρα
1231 1535 1245 1582 ;
1268 1518 1367 1570 Ἐκ
1389 1517 1545 1569 ποίου
1571 1515 1847 1588 πρωτοτύ-

252 1629 359 1667 που
421 1612 554 1684 ὕλης
607 1610 817 1682 ἐλήφθη
873 1610 907 1681 ἡ
957 1610 1065 1681 γῆ,
1102 1610 1161 1677 ὲξ
1201 1611 1301 1663 οὐκ
1339 1610 1509 1663 ὄντων
1546 1608 1842 1679 γινομένης

266 1706 398 1761 Ἀπὸ
438 1706 607 1759 ποίων
651 1705 868 1775 φύσεων
908 1704 1122 1776 ἐτμήθη
1176 1703 1247 1758 τὰ
1294 1703 1432 1775 δρης
1470 1701 1709 1773 Πόθενὴ
1749 1702 1846 1754 σύ-

253 1814 441 1862 στασις
475 1796 596 1850 ὅλου
646 1795 742 1849 τοῦ
798 1795 1008 1867 κόσμου
1030 1834 1046 1858 ,
1095 1795 1130 1865 ἡ
1170 1793 1230 1861 ἐξ
1273 1794 1374 1848 οὐκ
1407 1794 1577 1849 ὄντων
1609 1793 1688 1865 τῷ
1724 1792 1844 1863 Θεῷ

1948 599 2022 654 sit
2056 613 2193 652 nova
2231 600 2323 653 illa
2353 614 2383 652 a
2416 607 2472 654 te
2520 600 2827 670 excogitata
2862 608 2916 654 et
2958 599 3142 655 inanis
3166 599 3370 669 Opinio.
3401 597 3540 653 Nam

1950 689 2232 759 aliquanto
2258 685 2391 749 an.
2413 698 2663 762 tempore
2685 705 2920 763 corpora
2942 692 3105 762 primi
3140 691 3314 746 nostri
3350 706 3543 761 paren~

1950 788 2033 835 tes
2065 780 2397 836 habuerunt.

2018 867 2205 923 LXVI.
2248 868 2405 935 Quod
2452 869 2499 925 si
2550 878 2605 926 te
2646 870 2782 925 illud
2814 868 3114 933 examinat,
3153 884 3333 940 neque
3379 877 3539 941 potes

1950 960 2245 1016 animalem
2277 962 2332 1016 in
2359 961 2584 1017 modum
2623 962 2726 1017 ista
2758 962 3012 1031 cogitans
3048 962 3274 1032 spiritus
3306 963 3540 1031 gratiam

1948 1053 2252 1123 percipere,
2311 1068 2345 1107 ο
2376 1052 2614 1108 inﬁdelis
2646 1052 2812 1107 homo
2842 1060 2897 1107 et
2927 1052 3243 1108 inﬁdelibus
3276 1052 3537 1118 deterior,

1948 1143 2044 1198 dic
2074 1142 2240 1215 596
2269 1143 2404 1197 mihi
2452 1142 2618 1198 sodes
2662 1151 2929 1215 quantum
2983 1144 3414 1215 unumquodque
3444 1144 3541 1199 Dei

1948 1250 2088 1305 opus
2141 1236 2306 1290 habet
2358 1232 2651 1290 miraculi?
2712 1236 3003 1302 Quomodo
3034 1237 3238 1291 cmlum
3270 1253 3339 1291 ex
3367 1237 3542 1292 nihilo

1949 1327 2003 1380 in
2060 1326 2287 1381 sublimi
2321 1334 2634 1396 porrectum
2668 1338 2753 1382 est
2786 1337 2841 1382 et
2871 1330 3217 1399 expansum?
3254 1327 3540 1385 Undenam

1949 1418 2086 1473 solis
2126 1418 2217 1473 ille
2252 1417 2437 1488 fulgor
2480 1433 2749 1474 accensus
2806 1429 2911 1483 est,
2969 1431 3063 1477 aut
3111 1423 3202 1477 ille
3248 1424 3367 1494 ipse
3412 1440 3538 1478 cum

1950 1508 2081 1563 luna
2145 1508 2535 1579 sideribusque
2595 1511 2904 1565 conditus?
2973 1511 3225 1578 Quanam
3289 1531 3418 1570 vero
3473 1532 3540 1571 ex

1948 1600 2132 1670 priore
2160 1601 2391 1655 materia
2414 1603 2683 1657 translata
2714 1610 2857 1658 terra
2883 1612 2989 1671 est,
3014 1622 3136 1677 quae
3162 1617 3247 1663 est
3272 1624 3340 1663 ex
3367 1610 3542 1663 nihilo

1950 1693 2255 1762 producta?
2283 1693 2534 1760 Quonam
2559 1712 2625 1750 ex
2656 1706 2871 1752 natura:
2893 1714 3093 1768 genere
3121 1710 3335 1757 montes
3366 1704 3542 1758 excisi

1949 1786 2117 1839 sunt?
2172 1785 2325 1841 Unde
2379 1788 2550 1843 totius
2604 1789 2850 1845 universi
2890 1794 3235 1857 constitutio,
3276 1811 3441 1865 quam
3472 1813 3541 1851 ex

253 1889 620 1961 πορισθεῖσα;
658 1888 832 1942 Πόθεν
869 1888 980 1941 τῶν
1024 1885 1202 1956 νεφῶν
1253 1889 1287 1958 ἡ
1341 1886 1634 1951 σύστασις,
1669 1887 1703 1958 ἢ
1738 1886 1844 1942 ὑπὸ

1950 1879 2118 1933 nihilo
2147 1879 2290 1934 Deus
2318 1882 2573 1950 peperit?
2607 1882 2720 1937 Aut
2747 1884 2895 1940 unde
2921 1887 3096 1942 nubes
3122 1888 3365 1944 conﬂatm
3390 1899 3539 1953 sunt,

251 1982 393 2051 θίξιν
441 1982 635 2037 σκέπει
666 1982 758 2037 τὸν
790 1982 1061 2054 ούρανόν;
1108 1980 1281 2034 Πόθεν
1325 1979 1421 2034 τοῦ
1460 1979 1721 2045 κώνωπος
1751 1980 1846 2033 καὶ

251 2077 353 2147 τῆς
410 2075 632 2143 σκνιφὸς
665 2073 755 2127 διά
799 2074 1223 2145 προστάγματος
1251 2071 1389 2126 Θεοῦ
1441 2071 1521 2142 τῷ
1554 2071 1845 2145 θεράποντι

251 2164 421 2221 αὐτοῦ
449 2167 657 2236 Μωῢσῇ
699 2166 728 2217 6
754 2164 1056 2235 πορισμός;
1106 2162 1232 2226 Πῶς
1263 2162 1362 2234 τὴν
1397 2162 1614 2234 ξυλίνην
1651 2162 1845 2234 ῥάϐδον

251 2261 333 2321 εἰς
372 2257 496 2326 ὅφιν
529 2255 828 2327 μετέϐαλεν
858 2253 1285 2327 ὲπεψυχωμένον
1314 2255 1408 2309 καί¹
1430 2254 1703 2327 ἓρποντα;
1736 2255 1845 2307 Πό-

252 2352 343 2402 θεν
370 2351 434 2420 τῇ
468 2348 613 2419 χειρὶ
639 2347 734 2401 τοῦ
773 2346 1055 2411 Μωῦσέως
1098 2345 1178 2418 τῷ
1203 2348 1283 2411 είς
1323 2347 1477 2417 χιόνα
1508 2346 1844 2418 μεταϐάλλε-

252 2441 379 2496 σθαι
404 2458 419 2505 ;
449 2440 607 2494 Οὕτω
647 2439 745 2493 καὶ
792 2440 915 2492 τότε
947 2439 1218 2512 ἠθέλησεν
1255 2440 1284 2492 6
1333 2439 1467 2503 Θεὸς
1490 2480 1504 2503 ,
1544 2432 1590 2493 ὦ
1624 2437 1843 2503 ἄπιστε,

250 2534 347 2587 κὰὶ
394 2530 754 2603 δερματίνους
810 2530 971 2601 φύσει
1006 2530 1244 2602 χιτῶνας
1283 2531 1410 2585 ἄνευ
1469 2529 1664 2597 ζώων,
1717 2531 1845 2585 ἄνευ

250 2626 448 2695 τέχνης
493 2624 640 2687 τινὸς
704 2622 1057 2695 ἀνθρωπίνης
1119 2624 1216 2677 καὶ
1271 2623 1624 2695 πολυμόρφου
1674 2625 1847 2695 ἐργα-

254 2716 408 2780 σίας,
443 2716 561 2786 ἅμα
593 2713 762 2767 θέλων
796 2714 1022 2785 ἐποίησε
1072 2715 1187 2777 τοῖς
1218 2714 1348 2784 περὶ
1384 2713 1477 2767 τὸν
1524 2714 1696 2784 Ἀδάμ
1718 2730 1731 2743 ο
1770 2713 1848 2777 ὡς

250 2808 505 2879 ἀωρχῆς
539 2808 654 2877 ἅμα
684 2805 917 2877 ἠθέλησε
942 2846 958 2869 ,
1007 2807 1104 2859 καὶ
1164 2805 1394 2878 οὐρανὸς
1438 2806 1529 2863 καὶ
1566 2806 1636 2860 τά
1666 2806 1846 2860 πάντα

251 2900 564 2969 γεγένηται.
604 2897 715 2950 Καὶ
766 2898 897 2969 περὶ
934 2895 1141 2951 τούτων
1181 2896 1445 2961 πολλάκις
1492 2896 1705 2968 ἔφημεν
1752 2896 1848 2949 καὶ

251 2993 310 3044 ὲν
359 2991 539 3055 ἄλλοις
580 2990 804 3054 τόποις,
846 2990 943 3042 καὶ
971 2989 1251 3060 ἀνωτέρω.
1292 2990 1405 3043 Καὶ
1437 2991 1551 3053 τοῖς
1588 2989 1690 3060 μὲν
1724 2988 1847 3060 βου-

250 3080 507 3152 λομένοις
540 3081 602 3135 τὸ
630 3081 731 3154 ζῇν
766 3080 1029 3152 σύντομος
1059 3083 1093 3151 ὴ
1127 3082 1394 3153 σωτηρία,
1431 3083 1527 3136 καὶ
1564 3082 1849 3152 εὐθυέλεγ-

250 3192 379 3238 κτος
403 3176 437 3246 η
464 3174 799 3229 κακοπιστία
825 3191 838 3204 ’
869 3176 982 3239 τοῖς
1018 3173 1075 3227 δὲ
1109 3175 1185 3246 μὴ
1214 3174 1430 3228 θέλουσι
1462 3173 1523 3229 τὸ
1545 3175 1647 3246 τῆς
1671 3192 1847 3247 σωτη-
1872 3214 1917 3275 c

253 3266 375 3339 ρίας
417 3266 815 3331 καταδέξασθαι
864 3266 1237 3322 διδασκαλεῖον
1288 3267 1410 3321 οὐδὲ
1469 3269 1498 3321 6
1552 3269 1660 3331 πᾶς
1710 3266 1847 3322 αίὼν

254 3361 390 3434 πρὸς
438 3360 693 3433 διαλογὴν
742 3360 1063 3434 ἐξαρκέσειε
1089 3401 1104 3425 ,
1164 3362 1560 3431 κωφευούσης
1614 3362 1701 3415 ἀεὶ
1749 3362 1849 3432 τῆς

251 3456 422 3527 ἀκοῆς
448 3454 628 3524 δίκην
664 3455 929 3522 ἀσπίδος
953 3495 969 3519 ,
1009 3454 1110 3508 καὶ
1143 3455 1219 3509 τὰ
1250 3450 1372 3510 ὦτα
1394 3455 1679 3523 βυούσης
1698 3496 1713 3521 ,
1741 3452 1848 3508 τοῦ

251 3549 333 3618 μὴ
407 3547 854 3613 καταδέξασθαι
906 3546 1119 3618 φωνὴν
1185 3547 1571 3616 ἐπᾳδόντων,
1612 3564 1847 3617 φαρμα-

252 3641 463 3695 κοῦται
503 3644 524 3674 ⁸
559 3640 1060 3711 φαρμακευομένη
1095 3640 1256 3710 παρὰ
1306 3639 1505 3710 σοροῦ
1531 3680 1546 3704 ,
1590 3638 1730 3692 κατά
1755 3638 1848 3693 τὸν

253 3732 395 3786 θεῖον
418 3732 595 3803 λόγον.
624 3734 751 3796 Τοῖς
786 3732 844 3785 δὲ
878 3733 1015 3795 υἱοῖς
1052 3730 1152 3803 τῆς
1175 3730 1454 3802 ἀληθείας,
1490 3726 1666 3802 οἶμαι,
1702 3728 1849 3798 ῶφέ-

252 3824 408 3895 λιμος
442 3824 542 3878 οὐκ
577 3823 775 3891 ὀλίγως
799 3862 814 3886 ,
839 3821 943 3876 κάν
975 3838 1037 3875 τε
1064 3821 1153 3876 διὰ
1178 3821 1414 3887 πλάτους
1445 3823 1475 3875 6
1504 3821 1662 3891 λόγος
1690 3822 1843 3892 εἰρη-

257 3917 414 3987 μένος
456 3915 691 3970 ὲνταῦθά
725 3933 818 3986 μοι
844 3916 1043 3969 κεῖται.

326 4168 443 4223 Ξ.Ζ’.
479 4167 807 4240 Ἐλεύσομαι
833 4176 890 4230 δὲ
919 4174 1001 4233 εἰς
1022 4169 1114 4222 τὸν
1140 4170 1271 4242 περὶ
1292 4169 1646 4234 ἀναστάσεως
1666 4171 1847 4241 λόγον.

255 4261 428 4316 Ὅταν
482 4262 592 4333 γὰρ
642 4260 993 4334 ἐξαπατήσῃς
1041 4262 1172 4325 τοὺς
1238 4262 1603 4331 ἀγνοοῦντας,
1660 4266 1722 4319 τὸ
1756 4266 1849 4321 σὺν

255 4355 513 4427 φρόνημα
546 4354 991 4425 ἀποϐαλλόμενος
1014 4393 1028 4418 ,
1064 4348 1110 4409 ὦ
1143 4355 1497 4425 ματαιοπόνε,
1537 4356 1633 4410 καὶ
1662 4356 1846 4429 εἴπῃς·

254 4446 415 4510 Τινὲς
454 4445 564 4499 τῶν
608 4445 1000 4518 ἁπλουστέρων
1031 4445 1318 4518 νομίζουσι
1362 4445 1489 4511 τοὺς
1519 4447 1738 4513 ἀσεϐεῖς
1773 4450 1849 4523 μὴ

1946 1975 2149 2045 quibus
2182 1982 2406 2044 repente
2439 1976 2640 2030 coelum
2690 1977 3032 2033 obducitur?
3082 1979 3241 2037 Unde
3300 1984 3541 2039 culicum

1946 2067 2342 2139 ciniphumque
2378 2069 2489 2123 vim
2543 2068 2638 2124 Dei
2681 2069 2915 2142 imperio
2945 2088 3142 2130 servus
3174 2075 3296 2145 ejus
3328 2077 3544 2148 MoySrs

1946 2171 2271 2228 comparare
2302 2159 2531 2228 potuit?
2569 2160 2859 2226 Quomodo
2888 2163 3127 2233 ligneam
3163 2168 3374 2239 virgam
3419 2172 3546 2224 ani~

1947 2257 2158 2303 matum
2215 2265 2279 2304 ac
2333 2260 2718 2320 prorepentem
2769 2254 2824 2308 in
2891 2256 3172 2312 colubrem
3231 2262 3545 2316 convertit?

1947 2340 2051 2407 Qui
2083 2340 2197 2396 ﬁeri
2236 2342 2415 2411 potuit
2443 2350 2503 2398 ut
2534 2343 2739 2416 llloysis
2771 2362 2967 2402 manus
2996 2348 3049 2401 in
3082 2349 3262 2404 nivem
3295 2365 3545 2407 commu-

1947 2435 2195 2488 taretur?
2236 2433 2327 2488 Sic
2360 2434 2526 2505 igitur
2555 2445 2609 2492 et
2641 2446 2755 2490 tum
2792 2435 2924 2503 Deo,
2966 2441 3285 2496 mortalium
3334 2443 3537 2499 inﬁde-

1949 2526 2180 2592 lissime,
2238 2526 2470 2597 placuit,
2536 2543 2600 2584 ac
2658 2530 2942 2601 pelliceas,
3002 2540 3057 2587 et
3104 2533 3327 2603 quidem
3381 2552 3544 2592 veras

1948 2616 2188 2681 tunicas,
2224 2616 2343 2672 sine
2383 2617 2510 2673 ullis
2538 2618 2894 2684 animalibus,
2932 2620 3053 2676 sine
3086 2621 3344 2678 humana:
3402 2625 3543 2680 artis

1948 2724 2013 2763 ac
2060 2709 2387 2779 multiplicis
2433 2711 2617 2781 operis
2674 2711 3035 2779 adminiculo,
3089 2715 3284 2784 primis
3334 2717 3545 2773 nostris

1947 2801 2267 2869 parentibus
2299 2802 2468 2857 simul
2515 2804 2885 2874 atquevoluit
2918 2804 3157 2860 confecit
3190 2824 3203 2861 :
3238 2823 3349 2861 non
3381 2823 3545 2864 secus

1948 2900 2115 2963 atque
2146 2892 2307 2948 initio
2346 2894 2511 2949 simul
2532 2909 2597 2949 ac
2639 2895 2834 2960 voluit,
2866 2897 3066 2951 cmlum
3093 2905 3257 2968 atque
3289 2899 3544 2954 universa

1950 2985 2224 3056 producta
2253 2993 2404 3043 sunt.
2433 2987 2705 3043 Caeterum
2729 2988 2797 3044 de
2825 2988 2912 3043 his
2940 3005 3043 3045 nos
3075 2991 3299 3061 saepius,
3338 3002 3393 3048 et
3419 2992 3546 3049 aliis

1949 3079 2006 3134 in
2038 3080 2203 3145 locis,
2236 3090 2291 3137 et
2319 3096 2486 3151 supra
2516 3081 2941 3152 disputavimus.
2973 3084 3151 3155 Atque
3185 3085 3269 3140 his
3296 3085 3510 3155 quidem

1950 3172 2044 3243 qui
2103 3172 2229 3228 vita:
2280 3173 2561 3229 desiderio
2588 3181 2868 3241 tenentur,
2926 3176 3123 3233 salutis
3166 3185 3251 3233 est
3292 3178 3546 3248 expedita

1951 3267 2115 3331 ratio,
2144 3273 2198 3321 et
2232 3266 2599 3322 inﬁdelissimi
2628 3268 2837 3322 erroris
2870 3265 3180 3323 confutalio
3232 3268 3439 3326 facilis.
3471 3266 3546 3324 lis

1952 3376 2104 3427 vero,
2154 3360 2250 3431 qui
2299 3360 2495 3416 salutis
2541 3360 2893 3431 disciplinam
2929 3375 2994 3414 ac
3034 3362 3407 3433 magisterium
3456 3377 3546 3415 re-

1953 3452 2209 3523 pudiarit,
2261 3466 2332 3507 ne
2376 3452 2651 3524 integrum
2703 3454 2924 3524 quidem
2967 3454 3231 3509 saeculum
3266 3461 3447 3525 potest
3477 3453 3546 3509 ad

1954 3542 2354 3616 disputandum
2406 3545 2687 3612 sufﬁcere.
2743 3560 2869 3601 cum
2904 3546 3122 3600 illorum
3157 3560 3321 3603 aures
3352 3562 3546 3617 perpe-

1950 3643 2066 3703 tuo,
2105 3638 2307 3705 aspidis
2364 3638 2558 3702 instar,
2597 3640 3021 3705 obsurdescant,
3068 3658 3186 3713 qua:
3223 3658 3379 3696 aures
3419 3658 3546 3697 sua:

1950 3729 2204 3797 obdurat,
2247 3739 2306 3785 ut
2340 3749 2445 3787 non
2486 3733 2741 3788 exaudiat
2792 3751 2965 3790 vocem
3017 3736 3430 3800 incantantium,
3470 3752 3546 3789 re-

1962 3820 2121 3890 neﬁci
2154 3820 2483 3877 incantautis
2535 3824 2819 3892 sapienter.
2876 3833 2937 3879 ut
2994 3824 3050 3879 in
3102 3825 3276 3878 sacris
3327 3822 3545 3878 Litteris

1948 3910 2216 3981 scriptum
2236 3920 2322 3968 est
2341 3912 2383 3967 ³.
2404 3910 2666 3970 Veritatis
2691 3929 2859 3985 porro
2882 3915 3008 3972 ﬁliis
3032 3914 3541 3970 fructuosissimum

1949 4000 2102 4056 hunc
2155 4016 2469 4058 sermonem
2516 4004 2736 4060 conﬁdo
2766 4006 2905 4075 fore,
2939 4006 3162 4063 tametsi
3196 4007 3357 4063 latius
3389 4006 3544 4061 illum

1951 4095 2056 4151 hoc
2083 4095 2206 4150 loco
2230 4111 2654 4167 persequamur.

2022 4185 2230 4241 LXVII.
2272 4189 2443 4244 Venio
2495 4191 2681 4261 itaque
2728 4191 2797 4246 ad
2856 4192 3162 4249 institutam
3222 4192 3292 4249 de
3351 4208 3540 4248 resur-

1952 4280 2200 4336 rectione
2251 4281 2709 4351 disputationem.
2772 4282 2908 4338 Cum
2941 4285 3088 4341 enim
3117 4286 3340 4357 ignaros
3378 4286 3542 4341 dece-

1951 4372 2124 4442 peris,
2154 4386 2219 4427 ac
2243 4380 2391 4427 tuam
2423 4376 2741 4445 opinionem
2771 4390 2871 4446 pro
2903 4392 3034 4432 vero
3058 4377 3316 4449 dogmate
3349 4377 3545 4446 subje-

1953 4464 2120 4526 ceris,
2159 4462 2345 4535 itaque
2391 4465 2645 4522 dixeris:
2682 4465 2943 4523 Nonnulli
2972 4484 3003 4524 e
3059 4470 3385 4525 rudioribus
3439 4470 3543 4523 im-

253 4538 539 4606 τεύξεσθαι
580 4540 952 4603 ἀναστάσεως.
1052 4578 1066 4593 .
1148 4578 1162 4593 .
1259 4579 1274 4592 .
1359 4580 1374 4595 .
1455 4579 1470 4593 .
1550 4581 1563 4594 .
1642 4581 1657 4596 .
1738 4582 1752 4597 .
1830 4582 1845 4597 .

1955 4558 2077 4627 pios
2130 4571 2241 4611 non
2293 4564 2490 4629 putant
2527 4560 2952 4617 resurrectionis
2992 4572 3273 4634 compotes
3304 4560 3537 4618 futuros.

255 4726 331 4779 Οὐ
364 4725 524 4798 μόνον
552 4725 661 4797 γάρ
690 4724 849 4779 τοῦτό
885 4725 1034 4779 ἐστιν
1061 4725 1120 4778 ἐν
1150 4724 1386 4798 σώματι,
1420 4726 1559 4781 ἀλλά
1587 4727 1683 4782 καὶ
1712 4728 1851 4782 κνώ-

253 4816 388 4872 δαλα
422 4816 480 4885 ἐξ
514 4817 672 4889 ἡμῶν
698 4817 917 4887 φύεται,
941 4817 1017 4883 ὡς
1054 4820 1249 4883 εἰπεῖν,
1281 4818 1503 4891 φθεῖρες
1527 4821 1622 4874 καὶ
1652 4820 1851 4885 κόνεις,

253 4909 377 4963 οὔτε
413 4911 571 4974 ὲκτὸς
591 4909 686 4965 τοῦ
723 4909 977 4982 σώματος
1009 4910 1161 4977 ὄντα,
1190 4909 1317 4964 οὔτε
1346 4911 1456 4965 ἀπὸ
1479 4912 1570 4965 τοῦ
1598 4911 1855 4983 σώματος

252 5000 601 5073 λογιζόμενα.
632 5002 743 5056 Καὶ
770 5002 947 5067 οὐδείς
976 5019 1109 5056 ποτε
1145 5001 1454 5075 ἐπεζήτησε
1488 5004 1636 5058 κόνιν
1661 5003 1761 5077 τὴν
1790 5006 1855 5058 ἐκ

251 5094 348 5147 τοῦ
372 5092 626 5163 σώματος
642 5096 1084 5168 ὲκκριθεῖσανείς
1102 5097 1474 5170 περιποίησιν,
1496 5097 1634 5152 ἀλλὰ
1654 5098 1854 5170 μᾶλλον

256 5189 336 5248 εἰς
362 5185 645 5256 ἀναίρεσιν
664 5203 677 5217 ο
719 5188 840 5241 οὐδὲ
873 5188 1173 5259 διαφθορὰν
1206 5188 1307 5261 τὴν
1334 5189 1394 5256 ἐξ
1430 5189 1599 5258 αὐτῆς
1626 5208 1854 5263 γεγενη-

261 5280 452 5350 μένην,
484 5281 605 5335 οὐδὲ
638 5281 845 5354 ζημίαν
888 5282 991 5355 τὴν
1032 5281 1240 5353 ταύτης
1274 5282 1555 5337 ἀπώλειαν
1593 5285 1855 5357 ἡγήσοιτό

256 5386 360 5432 τις.
392 5369 474 5424 Τὰ
499 5371 593 5440 ἀφ’
619 5372 779 5444 ἡμῶν
811 5371 1028 5443 ῥυέντα,
1054 5373 1102 5425 εί
1132 5372 1227 5431 καὶ
1246 5370 1424 5437 οὕτως
1454 5374 1688 5446 ὑπάρχει
1711 5374 1855 5428 κατά

254 5461 346 5514 τὸν
377 5461 471 5515 σοῦ
506 5463 687 5532 λόγον,
734 5465 796 5519 οὐ
844 5463 1044 5536 μωρῶς
1081 5464 1213 5535 παρ’
1254 5463 1414 5536 ἡμῶν
1454 5464 1842 5538 ζητηθήσεται.

256 5552 393 5606 Οὐδὲ
427 5555 561 5619 Θεὸς
599 5557 774 5611 ταῦτα
817 5560 898 5623 εἰς
936 5555 1097 5628 ἡμῶν
1139 5554 1401 5612 σύστασιν
1442 5558 1663 5627 ἀγάγοι,
1712 5560 1851 5613 ἀλλὰ

256 5643 414 5717 δίκην
452 5650 626 5719 ῥύπου
665 5652 724 5719 ἐξ
765 5651 932 5706 αὐτοῦ
972 5651 1067 5704 τοῦ
1114 5652 1332 5722 ἱματίου
1369 5652 1726 5724 ὑπάρχοντος,
1754 5655 1849 5707 ἀπ’

334 5812 352 5843 ί
381 5807 443 5865 F.
477 5809 666 5865 ποσοῦ.
745 5811 766 5843 ⁸
797 5806 1011 5864 Vitiosa
1046 5808 1238 5865 lectio.
1320 5806 1508 5865 'Psal.
1544 5825 1677 5877 Lm,
1719 5812 1773 5882 5,
1808 5813 1860 5875 6.

2022 4738 2185 4810 597
2209 4739 2327 4795 Non
2388 4742 2533 4796 enim
2574 4760 2743 4798 unum
2799 4744 2936 4800 illud
3004 4746 3151 4803 inest
3198 4746 3254 4801 in
3286 4761 3541 4818 corpore,

1951 4830 2045 4886 sed
2076 4846 2140 4885 ex
2176 4831 2336 4887 nobis
2376 4831 2541 4886 etiam
2588 4832 2777 4890 bestia:
2814 4843 3142 4902 nascuntur,
3182 4836 3421 4907 pediculi
3455 4837 3542 4891 vi-

1952 4921 2157 4977 delicet
2188 4937 2252 4978 ac
2308 4923 2497 4980 lendes
2534 4944 2547 4980 :
2599 4942 2722 4999 quae
2753 4944 2932 5000 neque
2960 4936 3118 4985 extra
3171 4944 3373 5000 corpus
3412 4940 3546 4985 sunt

1954 5031 2135 5086 neque
2166 5015 2224 5071 in
2251 5018 2502 5088 corporis
2528 5020 2638 5074 ulla
2670 5033 2827 5093 parte
2866 5031 3246 5079 numerantur.
3272 5023 3352 5079 Ac
3381 5036 3545 5076 nemo

1953 5116 2232 5165 excretam
2285 5125 2353 5166 ex
2401 5126 2633 5184 corpore
2679 5128 2782 5169 suo
2816 5114 3049 5183 lendem,
3079 5123 3140 5172 ut
3171 5128 3543 5183 conservaret,

1955 5200 2193 5271 quaesiit,
2241 5202 2338 5257 Sed
2387 5211 2447 5258 ut
2490 5213 2716 5262 necaret
2764 5209 2987 5279 potius;
3026 5225 3205 5280 neque
3231 5210 3435 5266 illatam
3474 5213 3546 5267 ab

1953 5308 2016 5347 ea
2069 5292 2366 5361 perniciem
2411 5298 2655 5354 asciscit.
2714 5296 2821 5354 Sed
2872 5315 3049 5370 neque
3087 5302 3133 5356 si
3166 5301 3380 5371 perdita
3450 5301 3543 5357 illa

1952 5383 2337 5455 exstinctaque
2365 5385 2553 5454 fuerit,
2583 5389 2635 5444 id
2663 5390 2717 5445 iu
2744 5390 2947 5447 damno
2978 5393 3273 5463 reputabit.
3303 5391 3396 5449 Sic
3418 5410 3544 5465 qua:

1956 5491 1986 5529 a
2025 5477 2187 5534 nobis
2217 5476 2517 5546 ﬂuxerunt,
2559 5484 2779 5541 tametsi
2834 5486 2907 5539 ita
2962 5492 3055 5540 tua
3106 5486 3213 5542 fert
3259 5485 3467 5557 opinio,
3509 5502 3541 5542 ι

1959 5571 2119 5626 nobis
2152 5570 2290 5642 ipsis
2327 5588 2676 5646 nequaquam
2711 5578 2912 5634 stolide
2946 5578 3319 5650 requirentur.
3356 5577 3545 5649 Neque

1960 5660 2052 5714 illa
2111 5659 2257 5720 Deus
2308 5662 2364 5721 in
2426 5665 2737 5727 oonﬁandis
2802 5670 2968 5727 nobis
3033 5669 3546 5743 componendisque
