4082 6394
591 357 726 414 IIS?

1990 357 2049 413 S.
2094 357 2436 416 EPIPHANII

3706 364 3857 421 “88

594 480 858 539 restituet.
893 476 988 532 sed
1021 485 1282 547 tanquam
1312 476 1583 531 maculam
1622 476 1916 546 relinquet,
1948 494 2070 547 quae
2096 494 2151 532 et

2268 480 2433 533 αὑτοῦ
2457 480 2515 533 δὲ
2543 480 2610 533 δι’
2639 480 2938 553 εὐκοσμίαν
2966 476 3383 553 ἀποϐληθέντος,
3410 482 3469 534 ἐν
3489 480 3726 552 δευτέρῳ
3748 500 3855 536 κα-

592 570 829 624 vestibtts
866 578 1085 630 exorta,
1122 569 1322 623 nitoris
1352 570 1745 639 elegatttiazque
1778 569 1962 623 studio
1993 570 2159 623 dilui-

592 678 692 715 tur.
749 661 898 715 Illam
958 677 1087 715 vero
1135 660 1433 729 perfectam
1481 662 1901 731 absolutamque
1928 671 2161 725 vestem,

590 768 767 821 neque
818 767 1087 815 mancam,
1139 767 1314 821 neque
1370 751 1798 816 redundantem,
1839 768 1941 823 pro
1972 753 2163 821 singu-

591 843 688 896 lari
720 844 863 898 artis
890 859 1003 898 sum
1033 843 1229 912 peritia
1260 841 1455 897 artifex
1491 843 1697 898 reficiat
1718 862 1731 897 :
1755 844 1939 898 omnia
1961 845 2165 914 quippe

589 952 642 989 ιιι
674 936 797 1005 ejus
826 942 956 989 sunt
995 942 1263 1003 potestate
1294 933 1491 1004 posita.
1528 934 1686 1000 Quod
1726 935 1833 989 nisi
1866 936 1940 989 ita
1980 952 2040 991 se
2072 951 2161 991 res

589 1028 836 1089 haberet,
866 1041 899 1080 ο
935 1027 1214 1081 hominum
1252 1026 1681 1091 insanctissime,
1739 1036 1904 1096 atque
1937 1043 2001 1082 ex
2036 1042 2162 1082 ver-

588 1127 716 1172 bosa
750 1118 837 1172 illa
870 1118 1165 1171 calliditate
1217 1118 1269 1173 in
1300 1118 1590 1173 amentiam
1617 1132 1881 1172 converse
1906 1160 1920 1183 ,
1949 1124 2165 1188 poterat

588 1205 774 1273 utique
851 1202 1184 1274 Redemptor
1231 1213 1419 1259 noster
1472 1219 1537 1259 ac
1589 1203 1893 1271 Dominus,
1960 1205 2164 1277 Deique

586 1296 777 1356 Filius.
835 1298 927 1365 qui
965 1298 1169 1350 idcirco
1219 1303 1461 1358 venerat,
1520 1304 1580 1349 ut
1617 1297 1741 1350 vitae
1792 1297 1952 1352 nobis
2010 1311 2160 1367 spem

586 1388 945 1442 certissimam
983 1386 1206 1449 faceret,
1268 1387 1488 1457 quique,
1521 1392 1579 1438 ut
1612 1385 1883 1441 dictorum
1935 1402 2159 1441 suorum

586 1480 741 1531 fidem
790 1477 947 1531 nobis
1002 1485 1290 1538 astrueret,
1342 1477 1599 1547 pleraque
1653 1476 1709 1530 in
1768 1477 1952 1546 seipso
1990 1477 2162 1531 voluit

587 1568 935 1637 exprimere:
973 1575 1202 1635 poterat.
1253 1567 1499 1636 inquatn,
1556 1564 1809 1636 corporis
1862 1566 1944 1620 sui
2005 1574 2161 1635 parte

584 1657 829 1727 deposita
894 1657 1056 1709 aliam
1108 1656 1351 1710 excitare
1400 1663 1610 1726 partem
1650 1673 1663 1709 ε
1697 1655 2159 1725 quemadmodum

586 1752 812 1805 verbosa
842 1752 931 1804 illa
958 1757 1052 1804 tua
1079 1757 1241 1804 recta:
1266 1748 1389 1803 Iidei
1416 1747 1723 1803 confutatio
1750 1756 1913 1817 atque
1939 1749 2161 1819 ineptis-

2266 570 2597 639 ταλείψειεν.
2628 572 2832 624 Ἐκεῖνο
2861 572 2916 623 δὲ
2942 574 3128 639 σαφῶς
3149 572 3208 624 τὸ
3233 572 3445 635 ἐντελὲς
3468 572 3678 640 ἱμάτιον
3710 575 3853 643 μήτε

2263 658 2468 722 λεῖπον,
2496 661 2632 731 μήτε
2654 662 2904 732 περιττὸν
2922 665 2987 732 τῇ
3020 662 3183 714 αὑτοῦ
3205 661 3496 731 ἀγαθότητι
3522 661 3621 731 τῆς
3651 664 3857 733 τέχνης

2266 752 2295 803 6
2308 751 2370 821 δη
2381 752 2635 823 μιουργὸς
2652 752 2867 821 ἀγάγοιο
2882 752 3057 805 πάντα
3072 752 3178 822 γὰρ
3192 750 3341 822 αὑτῷ
3353 751 3584 805 δυνατεῖ.
3599 752 3659 804 Εἰ
3679 752 3738 805 δέ
3751 753 3857 823 οὐχ

2262 845 2435 905 οὕτως
2453 837 2540 913 ἦν,
2564 842 2638 905 ὡς
2665 843 2799 906 τὰς⁶
2830 842 3032 914 φρένας
3055 841 3329 913 ἀδικηθεὶς
3355 843 3418 895 ἐκ
3433 842 3531 911 τῆς
3548 842 3849 910 πολυλὸγου

2269 948 2364 984 σου
2388 933 2648 995 ἐπινοίας,
2666 928 2809 1002 εἶχεν
2824 933 2932 1003 ἀρα
2952 936 2979 986 6
3008 932 3196 1004 Σωτὴρ
3215 933 3368 1002 ἡμῶν
3387 932 3479 986 καὶ
3495 932 3697 1004 Κύριος
3719 933 3857 994 Υἱὸς

2264 1024 2358 1077 τοῦ
2384 1024 2540 1083 Θεοῦ,
2559 1026 2587 1077 6
2607 1024 2775 1077 ἐλθὼν
2806 1024 2873 1077 δι’
2899 1024 3196 1093 ἀσφάλειαν
3230 1026 3410 1077 πᾶσαν
3449 1026 3548 1093 τῆς
3571 1023 3855 1094 ἡμετέρας

2264 1114 2410 1184 ζωῆς
2445 1114 2769 1185 ποιήσασθαι
2810 1114 2909 1185 τὴν
2942 1115 3096 1187 ήμῶν
3137 1114 3351 1181 ἐλπίδα,
3378 1116 3435 1168 ἐν
3474 1114 3651 1184 ἐαυτῷ
3680 1131 3745 1167 τε
3778 1114 3851 1166 τά

2263 1206 2491 1258 πλεῖστα
2520 1207 3037 1278 ἀνατυπωσάμενος,
3065 1209 3145 1272 εἰς
3175 1208 3273 1278 τὴν
3294 1208 3394 1278 τῆς
3416 1207 3673 1279 ἀληθείας
3708 1209 3853 1279 πρὸς

2263 1298 2408 1367 ἡμᾶς
2443 1296 2724 1362 σύστασιν,
2766 1297 2930 1369 μέρος
2957 1298 3121 1351 αὐτοῦ
3155 1295 3300 1370 εἶχεν
3322 1300 3640 1365 ἀποθέσθαι,
3678 1302 3855 1371 μέρος

2262 1387 2321 1440 δέ
2349 1388 2620 1460 ἐξεγεῖραι
2668 1388 2808 1443 κατά
2844 1389 2939 1461 τὴν
2982 1389 3201 1461 μυθώδη
3245 1409 3338 1445 σου
3386 1390 3714 1463 ἀνασκευὴν,
3754 1392 3853 1446 καὶ

2262 1480 2502 1549 πλήθους
2541 1481 2818 1552 λογισμῶν
2860 1484 3101 1551 ματαίων
3142 1480 3423 1554 συλλογὴν,
3461 1475 3506 1537 ὦ
3552 1484 3853 1553 φιλόνεικε.

2261 1570 2434 1634 Αὐτὸς
2471 1571 2580 1643 γὰρ
2625 1572 2787 1637 εὐθὺς
2817 1572 3104 1643 διελέγχων
3147 1590 3241 1627 σου
3281 1574 3373 1628 τὸν
3402 1575 3599 1647 τρόπον
3645 1575 3851 1643 φάσκει

2261 1658 2456 1727 λέγων,
2507 1662 2589 1713 ὃτι
2636 1662 2778 1715 Ἐὰν
2813 1661 2900 1731 μὴ
2956 1665 2989 1716 ό
3020 1664 3241 1729 κόκκος
3277 1664 3383 1718 τοῦ
3422 1666 3598 1719 σίτου
3638 1663 3853 1719 πεσὼν

2261 1754 2349 1817 εις
2379 1751 2492 1819 τὴν
2514 1750 2629 1821 γῆν
2654 1753 2951 1822 ἀποθάνῃ,
2978 1757 3165 1823 μόνος
3182 1755 3351 1824 μένει
3372 1775 3386 1789 ·
3410 1756 3517 1811 ἐὰν
3545 1752 3614 1810 δὲ
3640 1756 3849 1813 πεσὼν

583 1844 848 1895 simarum
902 1841 1201 1904 rationum,
1254 1855 1288 1894 o
1327 1839 1701 1895 contentionis
1727 1838 1947 1909 cupide,
1974 1842 2151 1895 multi-

2264 1842 2564 1912 ἀποθάνῃ,
2591 1844 2862 1911 πολλοὺς
2885 1821 3145 1914 κόκκους
3177 1821 3364 1917 erepet.

582 1935 713 1989 tudo
743 1934 1006 1989 declarat.
1043 1930 1242 1987 Verum
1268 1933 1383 2003 ipse
1413 1941 1569 1987 tuum
1620 1932 1884 2001 evcstigio
1943 1932 2165 1988 modum
2196 1950 2261 1990 ac
2294 1938 2561 1993 rationem
2608 1937 2943 2010 redarguens
3006 1942 3079 1995 ita
3130 1942 3459 2012 pronuntiat
3494 1961 3508 1997 :
3544 1939 3670 2003 Nisi
3727 1958 3863 2013 gra-

582 2042 709 2079 num
765 2025 1015 2092 frumenti
1066 2024 1254 2078 cadens
1309 2026 1361 2077 in
1421 2034 1618 2078 terram
1652 2035 1919 2078 mortuum
1973 2025 2160 2095 fuerit,
2195 2029 2371 2083 solum
2421 2041 2618 2084 manet.
2655 2028 2719 2085 Si
2779 2042 2958 2087 autem
3036 2034 3280 2092 reciderit
3335 2046 3701 2106 mortuumque
3737 2040 3840 2103 tue-

582 2123 652 2173 rit
707 2138 874 2189 grana
899 2122 1066 2175 mulia
1101 2122 1248 2188 Parit
1275 2122 1286 2145 '
1311 2163 1324 2177 .

652 2213 936 2279 Quodnam
965 2214 1095 2266 illud
1127 2222 1243 2266 erat
1274 2229 1528 2283 granum,
1564 2212 1631 2267 de
1662 2228 1772 2283 quo
1804 2213 2166 2284 loquebatur?

582 2305 753 2362 Nemo
779 2314 861 2361 est
892 2308 984 2376 qui
1016 2305 1247 2369 dubitet,
1283 2307 1447 2376 idque
1488 2306 1675 2361 tnundi
1732 2308 1899 2362 totius
1947 2308 2166 2363 confes-

581 2401 735 2455 sione
765 2405 1003 2461 constat,
1053 2397 1120 2451 de
1165 2412 1224 2452 se
1269 2398 1387 2467 ipso
1438 2396 1726 2452 Dominum
1752 2400 2015 2462 locutum,
2060 2399 2162 2453 hoc

584 2500 679 2546 est
724 2492 791 2546 de
843 2503 1072 2559 corpore
1120 2504 1257 2553 suo,
1310 2489 1769 2559 sanctissimaque
1823 2490 1914 2544 illa
1969 2505 2158 2555 carne,

580 2601 745 2656 quam
795 2601 857 2639 ex
908 2584 1076 2638 Maria
1106 2591 1344 2654 ceperat,
1396 2598 1459 2637 ac
1494 2583 1561 2637 de
1602 2584 1840 2638 humana
1884 2586 2029 2640 omni
2062 2600 2160 2639 na-

579 2686 723 2731 tura.
762 2677 919 2743 Quod
952 2685 1132 2731 autem
1172 2676 1405 2731 cadendi
1445 2690 1509 2729 ac
1546 2676 1813 2731 moriendi
1874 2678 2156 2733 vocabulis

582 2772 775 2835 utitur,
824 2776 883 2822 ut
908 2776 963 2824 et
996 2768 1103 2823 alio
1150 2769 1205 2822 in
1251 2766 1369 2821 loco
1407 2766 1578 2822 dicit:
1614 2766 1714 2821 Ubi
1752 2768 1850 2821 erit
1892 2767 2154 2833 cadaver,

577 2863 691 2914 illic
722 2858 1177 2931 congregabantur
1202 2864 1252 2911 et
1275 2858 1468 2928 aquila:
1495 2859 1516 2889 θ
1539 2896 1554 2922 ,
1597 2858 1662 2911 ad
1699 2857 2010 2914 triduanum
2040 2875 2160 2913 cor-

578 2954 734 3026 poris
768 2966 1018 3020 soporem
1062 2950 1286 3015 retulit;
1330 2949 1476 3019 quod
1520 2966 1588 3005 ne
1619 2950 1737 3020 ipse
1768 2950 1985 3020 quidem
2016 2951 2157 3004 diffl-

578 3041 680 3094 teri
730 3047 901 3109 potes.
943 3036 1075 3091 Nam
1114 3036 1370 3091 divinitas
1426 3036 1544 3105 ipsa
1586 3052 1708 3091 cum
1751 3038 1928 3092 somni
1958 3045 2043 3092 est
2067 3054 2161 3092 ex-

2332 2213 2444 2267 Kal
2466 2213 2583 2266 τίνα
2610 2214 2718 2285 ἄρα
2756 2214 2909 2284 ἔλεγε
2936 2214 3167 2281 κόκκονς
3201 2219 3366 2272 Παντί
3402 2238 3481 2291 τῳ
3513 2222 3683 2290 σαφές
3704 2225 3843 2280 ἐστι.

2260 2304 2357 2359 καὶ
2385 2306 2735 2377 ὡμολόγηται
2769 2309 2931 2361 παντὶ
2982 2309 3060 2379 τῷ
3098 2308 3311 2382 κόσμῳ,
3353 2311 3435 2365 ὅτι
3485 2314 3611 2387 περὶ
3647 2314 3846 2368 ἐαυτοῦ

2259 2396 2434 2465 ἔλεγε,
2479 2398 2725 2450 τουτέστι
2771 2397 2900 2469 περὶ
2941 2398 3035 2451 τοῦ
3077 2398 3326 2470 σώματος
3370 2402 3472 2472 τῆς
3515 2404 3716 2474 σαρκὸς
3745 2406 3843 2474 τῆς

2259 2486 2440 2555 ἁγίας,
2484 2482 2553 2560 ἧς
2587 2487 2696 2541 ἀπὺ
2736 2489 2956 2559 Μαρίας
2989 2488 3199 2561 εἴληφε,
3232 2492 3325 2544 καὶ
3366 2492 3495 2562 ὅλης
3540 2493 3707 2547 αὐτοῦ
3743 2496 3843 2565 τῆς

2257 2579 2737 2650 ἐνανθρωπήσεως.
2766 2580 2840 2633 Τὸ
2877 2580 2934 2633 δὲ
2960 2582 3144 2634 πεσεῖν
3173 2583 3266 2635 καὶ
3301 2584 3609 2647 ἀποθανεῖν,
3645 2585 3723 2649 ὡς
3751 2586 3840 2637 λέν

2254 2687 2369 2737 γει·
2418 2669 2611 2724 Ὅπου
2660 2670 2726 2724 τὸ
2777 2670 3004 2741 πτῶμα,
3059 2671 3188 2726 ἐκεῖ
3237 2673 3733 2743 συναχθήσονται
3783 2680 3845 2730 οἱ

2255 2760 2420 2817 ἀετοί
2440 2777 2453 2790 ’
2490 2763 2618 2833 περὶ
2651 2762 2751 2831 τῆς
2780 2762 2944 2815 αὑτοῦ
2981 2764 3282 2836 τριημέρου
3313 2764 3408 2819 τοῦ
3444 2765 3694 2837 σώματος
3727 2784 3845 2820 zot-

2260 2856 2475 2925 μήσεως
2513 2855 2719 2923 ἔλεγεν,
2757 2854 2832 2919 ὡς
2872 2856 2966 2909 καὶ
3004 2856 3165 2920 αὐτὸς
3210 2858 3582 2929 ὁμολογήσεις.
3628 2861 3695 2913 Ἠ
3730 2860 3847 2933 γὰρ

2259 2947 2450 3018 θεότης
2466 2948 2629 3001 αὑτοῦ
2652 2949 2973 3025 ἀκοίμητος,
3004 2950 3273 3015 ἄπτωτος,
3314 2952 3641 3024 ἀκράτητος,
3685 2954 3846 3026 ἄτρε-

2265 3056 2417 3103 πτος.
2437 3039 2700 3093 Ἀπέθανε
2722 3038 2899 3094 τοίνυν
2922 3042 2951 3095 6
2979 3039 3177 3106 κόκκος
3201 3041 3293 3096 τοῦ
3320 3044 3491 3108 σίτου,
3507 3045 3601 3098 καὶ
3613 3046 3841 3117 ἀνέστη.

578 3146 727 3201 pers,
788 3138 899 3183 tum
948 3127 1145 3181 cadere
1169 3126 1525 3196 superarique
1561 3142 1669 3180 non
1703 3134 1901 3196 potest,
1937 3143 2038 3183 nec
2067 3136 2151 3182 est

2258 3133 2419 3197 Ὃλος
2447 3129 2540 3187 οὖν
2572 3135 2601 3186 6
2629 3132 2826 3197 κόκκος
2855 3132 3078 3205 ἀνέστη,
3102 3134 3134 3203 ἢ
3166 3134 3370 3204 λεῖμμα
3399 3135 3562 3188 αὑτοῦ
3598 3115 3837 3208 ἀνέστη-ς

574 3223 800 3278 omnino
851 3220 1151 3275 mutabilis.
1210 3217 1482 3273 Mortuum
1528 3226 1612 3274 est
1656 3220 1840 3289 itaque
1887 3219 2148 3275 frumenti

573 3329 825 3385 granum,
869 3320 1030 3382 atque
1056 3296 1251 3366 iterum
1284 3311 1601 3365 excitatum.
1634 3309 1954 3365 Utrumnam
1990 3312 2153 3383 igitur

575 3412 845 3476 integrum
890 3420 1117 3477 granum
1171 3406 1467 3459 excitatum
1502 3412 1605 3465 est,
1641 3417 1709 3455 an
1743 3402 1889 3457 illius
1920 3417 2046 3472 pars
2071 3416 2155 3459 est

576 3500 759 3570 aliqua
785 3496 1086 3553 derelicta?
1122 3496 1355 3550 Aliudne
1395 3510 1580 3565 porro,
1626 3509 1789 3564 quam
1820 3495 1965 3563 quod
1992 3503 2149 3551 antea

573 3602 714 3655 erat,
769 3608 837 3645 an
895 3590 1037 3645 idem
1066 3589 1229 3659 598
1255 3588 1473 3659 penitus
1526 3601 1648 3640 esse
1704 3599 1768 3639 ac
1814 3586 2149 3641 reviviscere

574 3686 762 3754 cmpit,
799 3680 943 3752 quod
974 3689 1027 3735 et
1058 3680 1126 3733 ab
1148 3677 1385 3747 Josepho
1435 3675 1667 3731 sindone
1717 3676 2034 3731 obvolutum
2087 3692 2150 3731 ac

572 3780 867 3847 sepultum,
896 3785 950 3829 et
974 3776 1025 3829 in
1054 3789 1194 3828 novo
1221 3772 1553 3826 monimento
1581 3772 1817 3843 positum
1844 3772 2151 3826 surrexit”?

572 3867 654 3922 Tu
683 3878 735 3923 te
764 3869 879 3938 ipse
910 3883 1019 3920 non
1050 3865 1356 3937 negaveris.
1394 3863 1697 3929 Quemnam
1727 3873 1909 3918 autem
1948 3865 2144 3918 mulie-

573 3960 730 4014 ribus
784 3956 958 4028 angeli
1001 3956 1374 4011 resurrexisse
1426 3955 1770 4019 nuntiabant,
1802 3970 1927 4008 cum
1957 3955 2029 4010 ita
2060 3956 2145 4009 di-

570 4058 757 4104 rerent
788 4066 803 4104 :
831 4049 997 4114 Quem
1035 4047 1318 4117 quwritis?
1351 4042 1536 4099 Iesum
1581 4044 1922 4100 Nazarenam
1949 4049 1974 4101 ?
2016 4045 2148 4101 Sur-

570 4140 730 4203 rexit,
778 4155 881 4192 non
926 4146 1003 4193 est
1046 4138 1374 4199 hicwenite,
1414 4135 1579 4191 videte
1629 4136 1875 4191 locum‘.
1909 4136 2146 4192 Perinde

569 4246 635 4284 ac
662 4231 708 4285 si
761 4230 1009 4285 diceret:
1048 4227 1248 4291 Venite,
1300 4228 1465 4281 videte
1510 4228 1707 4292 locum,
1754 4238 1809 4282 et
1854 4225 2141 4299 Origenem

568 4323 801 4387 docete;
837 4321 1017 4374 nullas
1049 4319 1173 4374 istic
1207 4318 1354 4373 illius
1386 4319 1572 4388 jacere
1615 4318 1899 4388 reliquias,
1932 4318 2030 4374 sed
2060 4319 2137 4373 in

569 4422 783 4482 tegrum
818 4414 1145 4467 surrexisse.
1179 4409 1359 4479 Atque
1390 4422 1447 4463 ut
1482 4409 1751 4479 intelligas
1772 4392 2141 4465 resurrexisse

2262 3223 2455 3287 ΙἌλλος
2497 3220 2696 3286 κόκκος
2732 3221 2885 3294 παρὰ
2924 3222 3017 3276 τὸν
3041 3223 3188 3287 ὄντα,
3234 3222 3267 3291 ἢ
3310 3222 3442 3275 αὐτὸ
3472 3224 3501 3275 6
3541 3222 3616 3277 ὢν
3662 3225 3745 3287 είς
3777 3226 3839 3277 :6

2254 3307 2414 3380 εἶναι,
2446 3316 2506 3368 τὸ
2556 3315 2644 3369 διὰ
2688 3314 2782 3369 τοῦ
2824 3314 3021 3385 Ἰωσὴφ
3067 3314 3464 3386 κεκηδευμένον
3514 3316 3571 3367 ἐν
3613 3316 3834 3378 σινδόνι,

2253 3410 2348 3463 καὶ
2380 3410 2439 3461 ἐν
2468 3409 2711 3479 μνήματι
2741 3404 2912 3475 καινῷ
2935 3405 3087 3459 τεθὲν
3116 3407 3350 3479 avem;
3381 3406 3605 3470 Πάντως
3625 3407 3707 3459 ὅτι
3734 3408 3837 3461 οὐκ

2252 3500 2487 3570 ἀρνήσῃ.
2545 3497 2681 3551 Τίνα
2727 3496 2909 3549 τοίνυν
2959 3496 3373 3567 εὐηγγελίζοντο
3430 3496 3728 3567 ἐγηγέρθαι
3782 3498 3835 3549 oi

2252 3592 2472 3659 ἄγγελοι
2500 3591 2618 3652 ταῖς
2647 3587 2922 3657 γυναιξίν;
2950 3587 3027 3650 ὡς
3048 3588 3208 3655 φασί·
3250 3589 3388 3642 Τίνα
3425 3587 3677 3656 ζητεῖτε;
3717 3589 3831 3655 Ἰη-

2251 3680 2409 3734 σοῦν
2443 3680 2552 3733 τὸν
2595 3676 2966 3747 Ναζωραῖον;
3010 3678 3271 3747 Ἀνέστη,
3306 3682 3417 3735 οὐκ
3462 3682 3635 3736 ἐστιν
3680 3679 3828 3738 ὦδε·

2249 3770 2443 3834 δεῦτε,
2479 3770 2635 3825 ιδετε
2663 3771 2772 3826 τὸν
2796 3772 3004 3826 τόπον.
3049 3772 3191 3825 Ὡσεὶ
3221 3772 3371 3842 ἔλεγε
3393 3793 3405 3805 ·
3443 3776 3639 3839 Δεῦτε,
3672 3778 3832 3831 Ῑδετε

2248 3862 2356 3915 τὸν
2386 3861 2592 3924 τόπον,
2628 3861 2723 3915 καὶ
2774 3862 3085 3915 συνετίσατε
3123 3863 3213 3917 τὸν
3259 3865 3552 3937 Ὡριγένην,
3596 3870 3678 3922 δτι
3727 3872 3830 3924 οὐκ

2251 3952 2331 4005 ἔνι
2355 3950 2563 4031 λεῖμμα
2596 3952 2847 4023 κείμενον
2871 3953 3126 4021 ἐνταῦθα,
3166 3955 3303 4009 ἀλλά
3329 3957 3445 4009 ὅλον
3466 3959 3685 4031 ἀνέστη.
3716 3962 3828 4016 Καὶ

2247 4043 2394 4107 ὅπως
2441 4022 2605 4113 γνῷς,
2637 4022 2718 4095 ὃτι
2755 4042 2876 4097 ὅλον
2922 4044 3151 4117 ἀνέστη*
3187 4046 3450 4116 Ἀνέστη,
3493 4051 3604 4103 οὐκ
3648 4022 3829 4106 ἔστιν

2244 4127 2394 4187 ὧδεο
2427 4134 2513 4187 ἵνα
2543 4134 2861 4207 ἀποκρούσῃ
2904 4152 2999 4189 σου
3036 4137 3136 4207 τὴν
3166 4136 3453 4209 φλυαρίαν,
3492 4141 3572 4194 ὃτι
3616 4142 3824 4214 λεῖμμα

2246 4225 2411 4279 αὐτοῦ
2439 4225 2539 4279 οὐκ
2578 4226 2992 4298 ἐγκατελείφθη,
3024 4228 3139 4282 ἀλλ’
3168 4229 3299 4283 αὐτὸ
3334 4230 3396 4284 τὸ
3425 4232 3647 4303 ήλωθὲν,
3687 4237 3823 4288 αὐτὸ

2244 4316 2304 4371 τὸ
2331 4314 2524 4387 νυχθὲν
2548 4318 2618 4386 τῇ
2651 4316 2836 4388 λόγχῃ,
2875 4318 3007 4371 αὐτὸ
3037 4319 3098 4372 τὸ
3134 4322 3406 4392 κρατηθὲν
3445 4323 3546 4376 ὑπὸ
3568 4324 3677 4378 τῶν
3708 4328 3823 4380 Φα-

2249 4408 2494 4479 ρισαίων,
2522 4407 2655 4461 αὐτὸ
2679 4409 2739 4461 τὸ
2765 4410 3097 4479 ἐμπυσθέν.

568 4514 765 4569 totum,
812 4504 1078 4569 Surrexit,
1130 4502 1327 4572 inquit,
1370 4518 1473 4555 non
1513 4509 1593 4555 est
1626 4502 1731 4567 hic,
1781 4511 1840 4556 ut
1880 4502 2139 4557 nimirum
2200 4515 2374 4572 nugas
2441 4509 2563 4556 tuas
2612 4501 2934 4568 discuteret,
2982 4501 3492 4576 demonstraretque
3530 4506 3815 4563 residuum

569 4595 716 4650 illius
772 4594 983 4648 nullum
1043 4592 1313 4663 abiectum
1378 4606 1440 4649 ac
1490 4592 1738 4647 relictum
1792 4591 2004 4659 fuisse;
2046 4592 2140 4648 sed
2196 4592 2338 4646 idem
2392 4605 2516 4647 esse
2564 4591 2725 4661 plane
2776 4605 2999 4661 corpus,
3039 4596 3184 4663 quod
3208 4601 3263 4649 et
3313 4596 3487 4653 clavis
3512 4598 3813 4664 conﬁxum,

562 4698 617 4743 et
666 4686 857 4742 lancea
899 4687 1252 4757 perforatum,
1285 4696 1341 4742 et
1364 4701 1395 4739 a
1422 4684 1709 4741 Pharisaais
1748 4687 2201 4757 comprehensum
2227 4694 2334 4749 est,
2370 4700 2435 4742 ac
2462 4685 2638 4756 sputis
2669 4700 2973 4756 aspersum.

633 4777 863 4834 LXVIII.
904 4778 1045 4843 Quid
1094 4787 1275 4833 autem
1308 4778 1502 4833 attinet
1541 4779 1697 4849 plura
1747 4778 1815 4833 ad
1860 4777 2131 4833 infelicem

2306 4777 2431 4832 SH'.
2474 4776 2586 4831 Καὶ
2631 4776 2685 4829 τί
2736 4794 2826 4847 μοι
2863 4777 2934 4830 τὰ
2972 4776 3151 4850 πλήθη
3196 4778 3373 4847 λέγειν
3418 4781 3552 4851 πρὸς
3591 4780 3817 4854 ἔλεγχον

565 4872 715 4927 illius
744 4878 800 4927 et
834 4871 1157 4927 insolentem
1194 4870 1582 4939 loquacitatem
1618 4870 1955 4940 congerere?
1989 4868 2139 4936 Quo-

562 4961 711 5014 circa
771 4975 879 5013 non
936 4973 1096 5014 secus
1154 4966 1319 5029 atque
1375 4958 1494 5029 ipse
1541 4957 1844 5013 resurrexit
1870 4973 2137 5028 suumque

562 5066 765 5120 corpus
798 5050 1080 5113 excitavit,
1128 5051 1205 5104 ita
1252 5056 1306 5103 et
1343 5064 1444 5103 nos
1487 5048 1771 5104 excitabit.
1802 5048 1939 5101 Nam
1974 5064 2038 5103 ex
2068 5062 2134 5104 eo

562 5141 948 5196 sanctisslmus
973 5141 1268 5209 Apostolus
1317 5154 1470 5210 spem
1513 5148 1758 5194 nostram
1790 5137 2134 5194 confirmavit

562 5230 650 5285 bis
675 5230 858 5285 verbis
886 5229 908 5261 ⁸
936 5249 949 5285 :
982 5230 1258 5296 Quomodo
1283 5230 1467 5282 dicunt
1490 5227 1709 5299 quidam
1742 5228 1797 5281 iu
1830 5228 1971 5281 vobis
1994 5243 2134 5281 mor-

562 5335 774 5377 tuorum
828 5325 1267 5377 resurrectionem
1299 5339 1401 5376 non
1435 5324 1590 5377 esse?
1632 5319 1787 5386 Quod
1822 5321 1869 5373 si
1895 5329 2132 5375 mortuo-

560 5433 679 5469 rum
713 5417 1030 5470 resurrectio
1061 5432 1165 5470 non
1191 5423 1290 5478 est,
1322 5429 1485 5483 neque
1528 5412 1768 5466 Christus
1813 5412 2126 5467 resurrexit.

556 5504 618 5561 Si
667 5516 842 5562 autem
875 5506 1117 5563 Christus
1162 5522 1266 5561 non
1299 5504 1609 5567 resurrexit,
1674 5503 1849 5558 inanis
1896 5519 2019 5575 ergo
2042 5514 2123 5560 est

2234 4867 2424 4922 τούτου
2452 4868 2546 4921 τοῦ
2577 4866 2811 4921 ἐλεεινοῦ
2844 4868 2941 4921 καὶ
2966 4868 3314 4940 πολυκόμπου
3340 4870 3437 4942 τῆς
3459 4872 3518 4925 ἐν
3542 4872 3693 4943 αὐτῷ
3721 4892 3816 4941 γε-

2233 4959 2487 5031 νηθείσης
2524 4959 2827 5029 φλυαρίας;
2872 4961 3014 5030 Ἄρα
3043 4955 3154 5026 οὖν,
3195 4961 3271 5025 ὡς
3304 4962 3525 5033 ἀνέστη,
3558 4964 3652 5016 καὶ
3682 4966 3811 5017 ἐαυ-

2231 5050 2324 5104 τοῦ
2355 5051 2415 5103 τὸ
2450 5051 2608 5121 σῶμα
2648 5052 2889 5122 ἤγειρεν,
2922 5051 3094 5116 οὕτως
3122 5053 3216 5105 καὶ
3245 5056 3390 5124 ἡμᾶς
3433 5056 3634 5126 ἐγερεῖ.
3677 5058 3814 5111 Ἀπὸ

2228 5141 2419 5195 τούτου
2445 5141 2552 5213 γὰρ
2586 5142 2783 5207 ἔδειξεν
2808 5145 2835 5197 6
2858 5144 3011 5212 ἆγιος
3054 5146 3373 5211 Ἀπόστολος
3400 5149 3498 5220 τὴν
3527 5150 3687 5221 ἡμῶν
3721 5151 3811 5205 ἑλε-

2230 5233 2381 5296 πίδα,
2417 5235 2618 5304 φήσας,
2662 5235 2745 5287 ὅτι
2780 5233 2909 5301 Πῶς
2943 5220 3198 5305 λέγουσι
3226 5255 3385 5305 τινες
3414 5241 3486 5293 ἐν
3515 5220 3678 5310 ὑμῖν,
3714 5243 3808 5298 ὅτι

2228 5324 2565 5392 ἀνάστασις
2601 5325 2829 5394 νεκρῶν
2872 5329 2983 5381 οὐκ
3027 5328 3229 5393 ἐστιν;
3273 5334 3341 5385 El
3368 5333 3437 5386 δὲ
3463 5335 3807 5401 ἀνάστασις

2227 5414 2455 5481 νεκρῶν
2480 5417 2590 5469 οὐκ
2622 5417 2775 5479 ἔστι,
2807 5417 2948 5471 οὐδὲ
2977 5420 3232 5487 Χριστὸς
3269 5423 3599 5493 ἐγήγερται.
3634 5429 3706 5481 El
3732 5426 3805 5480 se

2226 5506 2481 5573 Χριστὸς
2525 5507 2635 5558 οὐκ
2677 5506 3005 5577 ἐγήγερται,
3040 5511 3219 5566 κενὸν
3253 5513 3366 5583 ἄρα
3404 5516 3473 5611 τί)
3521 5517 3802 5586 κήρυγμα

642 5664 1130 5747 'Joan.__xtt,'24.'
1191 5668 1427 5726 ’Matth.
1473 5683 1624 5733 xxrv,
1675 5667 1765 5723 28.
1847 5668 1868 5701 ³
1898 5665 2088 5723 Matth.
2146 5682 2317 5733 xxvu,
2375 5666 2462 5732 59,
2527 5668 2616 5723 60.
2696 5666 2716 5698 ⁸
2754 5666 2947 5726 Matth.
3011 5685 3201 5738 xxvut,
3235 5674 3291 5741 5,
3322 5673 3377 5730 6.
3440 5675 3463 5708 '
3492 5675 3663 5734 ICor.
3701 5695 3795 5747 xv,

555 5734 629 5792 12
663 5751 788 5808 sqq.
839 5738 968 5793 'Ia'.
1009 5730 1190 5802 ὣτάς.
