  <div class='ocr_page' id='page_1' title='image "/cluster/home/n/w/nwhite01/storage/ocr_20150623/41/nnc1.0046978747/674.png"; bbox 0 0 4082 6394; ppageno 0'>
   <div class='ocr_carea' id='block_1_1' title="bbox 323 325 463 383">
    <p class='ocr_par' dir='ltr' id='par_1_1' title="bbox 323 325 463 383">
     <span class='ocr_line' id='line_1_1' title="bbox 323 325 463 383; baseline -0.007 0"><span class='ocrx_word' id='word_1_1' title='bbox 323 325 463 383; x_wconf 71' lang='lat'><strong><em>“89</em></strong></span> 
     </span>
    </p>
   </div>
   <div class='ocr_carea' id='block_1_2' title="bbox 1012 322 2919 389">
    <p class='ocr_par' dir='ltr' id='par_1_2' title="bbox 1012 322 2919 389">
     <span class='ocr_line' id='line_1_2' title="bbox 1012 322 2919 389; baseline 0.003 -6"><span class='ocrx_word' id='word_1_2' title='bbox 1012 326 1379 385; x_wconf 79' lang='lat' dir='ltr'><strong><em>ADVERSUS</em></strong></span> <span class='ocrx_word' id='word_1_3' title='bbox 1416 325 1769 383; x_wconf 69' lang='lat' dir='ltr'><strong><em>[LERESES&#39;</em></strong></span> <span class='ocrx_word' id='word_1_4' title='bbox 1793 322 1923 385; x_wconf 81' lang='lat' dir='ltr'><strong><em>LIB.</em></strong></span> <span class='ocrx_word' id='word_1_5' title='bbox 1954 325 2018 383; x_wconf 90' lang='lat' dir='ltr'><strong><em>ll.</em></strong></span> <span class='ocrx_word' id='word_1_6' title='bbox 2059 324 2225 385; x_wconf 72' lang='lat' dir='ltr'><strong><em>TOM.</em></strong></span> <span class='ocrx_word' id='word_1_7' title='bbox 2266 325 2391 381; x_wconf 89' lang='lat' dir='ltr'><strong><em>l.—</em></strong></span> <span class='ocrx_word' id='word_1_8' title='bbox 2424 326 2696 386; x_wconf 63' lang='lat' dir='ltr'><strong><em>HEBES.</em></strong></span> <span class='ocrx_word' id='word_1_9' title='bbox 2736 328 2919 389; x_wconf 81' lang='lat' dir='ltr'><strong>LXIV.</strong></span> 
     </span>
    </p>
   </div>
   <div class='ocr_carea' id='block_1_3' title="bbox 3447 334 3592 393">
    <p class='ocr_par' dir='ltr' id='par_1_3' title="bbox 3447 334 3592 393">
     <span class='ocr_line' id='line_1_3' title="bbox 3447 334 3592 393; baseline 0.034 -6"><span class='ocrx_word' id='word_1_10' title='bbox 3447 334 3592 393; x_wconf 77' lang='lat' dir='ltr'><strong><em>mo</em></strong></span> 
     </span>
    </p>
   </div>
   <div class='ocr_carea' id='block_1_4' title="bbox 322 422 1897 496">
    <p class='ocr_par' dir='ltr' id='par_1_4' title="bbox 322 422 1897 494">
     <span class='ocr_line' id='line_1_4' title="bbox 322 422 1897 494; baseline 0 -17"><span class='ocrx_word' id='word_1_11' title='bbox 322 423 511 491; x_wconf 73' lang='grc' dir='ltr'>ἡμῶν·</span> <span class='ocrx_word' id='word_1_12' title='bbox 534 423 758 494; x_wconf 79' lang='grc' dir='ltr'><em>ματαία</em></span> <span class='ocrx_word' id='word_1_13' title='bbox 777 423 874 478; x_wconf 77' lang='grc' dir='ltr'><strong><em>καὶ</em></strong></span> <span class='ocrx_word' id='word_1_14' title='bbox 899 422 937 491; x_wconf 80' lang='grc' dir='ltr'><strong><em>ἠ</em></strong></span> <span class='ocrx_word' id='word_1_15' title='bbox 956 425 1160 489; x_wconf 74' lang='grc' dir='ltr'>πίστις</span> <span class='ocrx_word' id='word_1_16' title='bbox 1178 423 1369 493; x_wconf 74' lang='grc' dir='ltr'>ἡμῶν.</span> <span class='ocrx_word' id='word_1_17' title='bbox 1396 425 1805 493; x_wconf 80' lang='grc' dir='ltr'>Εὑρισκόμεθα</span> <span class='ocrx_word' id='word_1_18' title='bbox 1832 424 1897 477; x_wconf 83' lang='grc' dir='ltr'>δὲ</span> 
     </span>
    </p>
   </div>
   <div class='ocr_carea' id='block_1_5' title="bbox 1995 422 3589 496">
    <p class='ocr_par' dir='ltr' id='par_1_5' title="bbox 2001 423 3589 496">
     <span class='ocr_line' id='line_1_5' title="bbox 2001 423 3589 496; baseline 0.006 -22"><span class='ocrx_word' id='word_1_19' title='bbox 2001 423 2310 495; x_wconf 65' lang='lat' dir='ltr'><strong><em>praedicatio</em></strong></span> <span class='ocrx_word' id='word_1_20' title='bbox 2347 436 2553 492; x_wconf 87' lang='lat' dir='ltr'><strong><em>nostra,</em></strong></span> <span class='ocrx_word' id='word_1_21' title='bbox 2606 442 2744 480; x_wconf 79' lang='lat' dir='ltr'><strong><em>vanu</em></strong></span> <span class='ocrx_word' id='word_1_22' title='bbox 2780 436 2859 481; x_wconf 84' lang='lat' dir='ltr'><strong><em>est</em></strong></span> <span class='ocrx_word' id='word_1_23' title='bbox 2882 437 2933 480; x_wconf 87' lang='lat' dir='ltr'><strong><em>et</em></strong></span> <span class='ocrx_word' id='word_1_24' title='bbox 2966 425 3096 496; x_wconf 79' lang='lat' dir='ltr'><strong><em>ﬁdes</em></strong></span> <span class='ocrx_word' id='word_1_25' title='bbox 3137 436 3330 481; x_wconf 81' lang='lat' dir='ltr'><strong><em>vestra.</em></strong></span> <span class='ocrx_word' id='word_1_26' title='bbox 3379 427 3589 483; x_wconf 66' lang='lat' dir='ltr'><strong><em>Inveni-&#39;-</em></strong></span> 
     </span>
    </p>
   </div>
   <div class='ocr_carea' id='block_1_6' title="bbox 324 516 1907 587">
    <p class='ocr_par' dir='ltr' id='par_1_6' title="bbox 324 516 1907 587">
     <span class='ocr_line' id='line_1_6' title="bbox 324 516 1907 587; baseline 0.001 -18"><span class='ocrx_word' id='word_1_27' title='bbox 324 518 423 569; x_wconf 81' lang='grc' dir='ltr'><strong><em>καί</em></strong></span> <span class='ocrx_word' id='word_1_28' title='bbox 441 516 925 586; x_wconf 74' lang='grc' dir='ltr'><strong><em>ψευδομάρτυρες</em></strong></span> <span class='ocrx_word' id='word_1_29' title='bbox 960 518 1067 571; x_wconf 82' lang='grc' dir='ltr'>τοῦ</span> <span class='ocrx_word' id='word_1_30' title='bbox 1086 518 1257 579; x_wconf 83' lang='grc' dir='ltr'><strong><em>Θεοῦ,</em></strong></span> <span class='ocrx_word' id='word_1_31' title='bbox 1287 517 1377 570; x_wconf 83' lang='grc' dir='ltr'>ὅτι</span> <span class='ocrx_word' id='word_1_32' title='bbox 1390 518 1657 586; x_wconf 79' lang='grc' dir='ltr'>είπομεν·</span> <span class='ocrx_word' id='word_1_33' title='bbox 1682 520 1907 587; x_wconf 78' lang='grc' dir='ltr'>Ἦγειρε</span> 
     </span>
    </p>
   </div>
   <div class='ocr_carea' id='block_1_7' title="bbox 320 606 1902 680">
    <p class='ocr_par' dir='ltr' id='par_1_7' title="bbox 320 606 1902 680">
     <span class='ocr_line' id='line_1_7' title="bbox 320 606 1902 680; baseline 0.001 -21"><span class='ocrx_word' id='word_1_34' title='bbox 320 606 432 660; x_wconf 82' lang='grc' dir='ltr'>τὸν</span> <span class='ocrx_word' id='word_1_35' title='bbox 442 607 818 676; x_wconf 70' lang='grc' dir='ltr'><strong><em>Χριστὸν,κα”ί⁵</em></strong></span> <span class='ocrx_word' id='word_1_36' title='bbox 833 613 898 662; x_wconf 80' lang='grc' dir='ltr'>τὰ</span> <span class='ocrx_word' id='word_1_37' title='bbox 915 609 1061 678; x_wconf 79' lang='grc' dir='ltr'>ἑξῆς.</span> <span class='ocrx_word' id='word_1_38' title='bbox 1077 609 1186 661; x_wconf 74' lang='grc' dir='ltr'>Καὶ</span> <span class='ocrx_word' id='word_1_39' title='bbox 1199 607 1324 661; x_wconf 80' lang='grc' dir='ltr'>ὕστε</span> <span class='ocrx_word' id='word_1_40' title='bbox 1331 625 1422 679; x_wconf 91' lang='grc' dir='ltr'><strong><em>ρον</em></strong></span> <span class='ocrx_word' id='word_1_41' title='bbox 1434 608 1902 680; x_wconf 80' lang='grc' dir='ltr'>ὲπιφέρει.λέγων·</span> 
     </span>
    </p>
   </div>
   <div class='ocr_carea' id='block_1_8' title="bbox 322 702 1906 772">
    <p class='ocr_par' dir='ltr' id='par_1_8' title="bbox 322 702 1906 772">
     <span class='ocr_line' id='line_1_8' title="bbox 322 702 1906 772; baseline 0 -18"><span class='ocrx_word' id='word_1_42' title='bbox 322 702 491 755; x_wconf 78' lang='grc' dir='ltr'>Δεῖτὸ</span> <span class='ocrx_word' id='word_1_43' title='bbox 506 703 774 772; x_wconf 76' lang='grc' dir='ltr'>φθαρτὸν</span> <span class='ocrx_word' id='word_1_44' title='bbox 787 702 963 755; x_wconf 87' lang='grc' dir='ltr'>τοῦτο</span> <span class='ocrx_word' id='word_1_45' title='bbox 977 703 1347 756; x_wconf 79' lang='grc' dir='ltr'><strong><em>ἐνδύσασθαι</em></strong></span> <span class='ocrx_word' id='word_1_46' title='bbox 1357 702 1821 771; x_wconf 74' lang='grc' dir='ltr'>ἀφθαρσίαν,καί</span> <span class='ocrx_word' id='word_1_47' title='bbox 1836 702 1906 755; x_wconf 87' lang='grc' dir='ltr'>τὸ</span> 
     </span>
    </p>
   </div>
   <div class='ocr_carea' id='block_1_9' title="bbox 321 788 1901 860">
    <p class='ocr_par' dir='ltr' id='par_1_9' title="bbox 321 788 1901 860">
     <span class='ocr_line' id='line_1_9' title="bbox 321 788 1901 860; baseline 0.001 -15"><span class='ocrx_word' id='word_1_48' title='bbox 321 794 542 860; x_wconf 72' lang='grc' dir='ltr'>θνητὸν</span> <span class='ocrx_word' id='word_1_49' title='bbox 574 796 750 848; x_wconf 84' lang='grc' dir='ltr'>τοῦτο</span> <span class='ocrx_word' id='word_1_50' title='bbox 768 793 1143 849; x_wconf 76' lang='grc' dir='ltr'><strong><em>ἐνδύσασθαι</em></strong></span> <span class='ocrx_word' id='word_1_51' title='bbox 1156 795 1516 848; x_wconf 81' lang='grc' dir='ltr'>ἀθανασίαν.</span> <span class='ocrx_word' id='word_1_52' title='bbox 1536 794 1646 847; x_wconf 81' lang='grc' dir='ltr'>Καὶ</span> <span class='ocrx_word' id='word_1_53' title='bbox 1665 795 1765 847; x_wconf 81' lang='grc' dir='ltr'><strong><em>οὐκ</em></strong></span> <span class='ocrx_word' id='word_1_54' title='bbox 1780 788 1901 847; x_wconf 78' lang='grc' dir='ltr'>εἷπε</span> 
     </span>
    </p>
   </div>
   <div class='ocr_carea' id='block_1_10' title="bbox 318 882 1904 956">
    <p class='ocr_par' dir='ltr' id='par_1_10' title="bbox 318 882 1904 956">
     <span class='ocr_line' id='line_1_10' title="bbox 318 882 1904 956; baseline 0.003 -22"><span class='ocrx_word' id='word_1_55' title='bbox 318 882 381 934; x_wconf 80' lang='grc' dir='ltr'><strong><em>τὸ</em></strong></span> <span class='ocrx_word' id='word_1_56' title='bbox 404 883 597 955; x_wconf 83' lang='grc' dir='ltr'>θνητὸν</span> <span class='ocrx_word' id='word_1_57' title='bbox 617 885 798 956; x_wconf 87' lang='grc' dir='ltr'>μόνον,</span> <span class='ocrx_word' id='word_1_58' title='bbox 817 886 937 938; x_wconf 82' lang='grc' dir='ltr'>οὐδὲ</span> <span class='ocrx_word' id='word_1_59' title='bbox 956 886 1018 938; x_wconf 85' lang='grc' dir='ltr'>τὸ</span> <span class='ocrx_word' id='word_1_60' title='bbox 1034 884 1273 955; x_wconf 84' lang='grc' dir='ltr'>φθαρτὸν</span> <span class='ocrx_word' id='word_1_61' title='bbox 1306 885 1486 956; x_wconf 88' lang='grc' dir='ltr'>μόνον,</span> <span class='ocrx_word' id='word_1_62' title='bbox 1504 884 1625 939; x_wconf 83' lang='grc' dir='ltr'>οὐδὲ</span> <span class='ocrx_word' id='word_1_63' title='bbox 1650 885 1750 955; x_wconf 77' lang='grc' dir='ltr'>τὴν</span> <span class='ocrx_word' id='word_1_64' title='bbox 1770 884 1904 939; x_wconf 83' lang='grc' dir='ltr'><strong><em>ἀθά-</em></strong></span> 
     </span>
    </p>
   </div>
   <div class='ocr_carea' id='block_1_11' title="bbox 318 973 1904 1049">
    <p class='ocr_par' dir='ltr' id='par_1_11' title="bbox 318 973 1904 1049">
     <span class='ocr_line' id='line_1_11' title="bbox 318 973 1904 1049; baseline 0.003 -23"><span class='ocrx_word' id='word_1_65' title='bbox 318 990 477 1027; x_wconf 88' lang='grc' dir='ltr'>νατον</span> <span class='ocrx_word' id='word_1_66' title='bbox 488 973 686 1046; x_wconf 67' lang='grc' dir='ltr'><strong><em>ψυχήν*</em></strong></span> <span class='ocrx_word' id='word_1_67' title='bbox 708 974 845 1028; x_wconf 84' lang='grc' dir='ltr'>ἀλλὰ</span> <span class='ocrx_word' id='word_1_68' title='bbox 861 975 927 1029; x_wconf 80' lang='grc' dir='ltr'>τὸ</span> <span class='ocrx_word' id='word_1_69' title='bbox 942 976 1207 1045; x_wconf 68' lang='grc' dir='ltr'>φθαρτὸν</span> <span class='ocrx_word' id='word_1_70' title='bbox 1215 976 1413 1039; x_wconf 86' lang='grc' dir='ltr'>τοῦτο,</span> <span class='ocrx_word' id='word_1_71' title='bbox 1434 976 1570 1047; x_wconf 81' lang='grc' dir='ltr'><strong><em>μετὰ</em></strong></span> <span class='ocrx_word' id='word_1_72' title='bbox 1584 976 1904 1049; x_wconf 82' lang='grc' dir='ltr'><strong><em>προσθήκης</em></strong></span> 
     </span>
    </p>
   </div>
   <div class='ocr_carea' id='block_1_12' title="bbox 316 1066 1902 1139">
    <p class='ocr_par' dir='ltr' id='par_1_12' title="bbox 316 1066 1902 1139">
     <span class='ocr_line' id='line_1_12' title="bbox 316 1066 1902 1139; baseline 0.002 -22"><span class='ocrx_word' id='word_1_73' title='bbox 316 1066 414 1137; x_wconf 81' lang='grc' dir='ltr'>τῆς</span> <span class='ocrx_word' id='word_1_74' title='bbox 428 1066 625 1130; x_wconf 84' lang='grc' dir='ltr'>τοῦτο,</span> <span class='ocrx_word' id='word_1_75' title='bbox 642 1068 737 1121; x_wconf 83' lang='grc' dir='ltr'>καὶ</span> <span class='ocrx_word' id='word_1_76' title='bbox 753 1067 818 1121; x_wconf 82' lang='grc' dir='ltr'>τὸ</span> <span class='ocrx_word' id='word_1_77' title='bbox 835 1068 1057 1135; x_wconf 84' lang='grc' dir='ltr'>θνητὸν</span> <span class='ocrx_word' id='word_1_78' title='bbox 1070 1068 1267 1133; x_wconf 85' lang='grc' dir='ltr'>τοῦτο,</span> <span class='ocrx_word' id='word_1_79' title='bbox 1287 1068 1427 1138; x_wconf 72' lang='grc' dir='ltr'>μετὰ</span> <span class='ocrx_word' id='word_1_80' title='bbox 1462 1067 1778 1139; x_wconf 74' lang='grc' dir='ltr'><strong><em>προσθήκης</em></strong></span> <span class='ocrx_word' id='word_1_81' title='bbox 1801 1069 1902 1139; x_wconf 84' lang='grc' dir='ltr'>τῆς</span> 
     </span>
    </p>
   </div>
   <div class='ocr_carea' id='block_1_13' title="bbox 318 1154 1898 1230">
    <p class='ocr_par' dir='ltr' id='par_1_13' title="bbox 318 1154 1898 1230">
     <span class='ocr_line' id='line_1_13' title="bbox 318 1154 1898 1230; baseline 0.003 -24"><span class='ocrx_word' id='word_1_82' title='bbox 318 1156 510 1208; x_wconf 83' lang='grc' dir='ltr'>τοῦτο.</span> <span class='ocrx_word' id='word_1_83' title='bbox 527 1156 698 1219; x_wconf 79' lang='grc' dir='ltr'>Αὐτὸς</span> <span class='ocrx_word' id='word_1_84' title='bbox 730 1154 823 1210; x_wconf 80' lang='grc' dir='ltr'>οὖν</span> <span class='ocrx_word' id='word_1_85' title='bbox 851 1157 968 1219; x_wconf 85' lang='grc' dir='ltr'><strong><em>ὅλος</em></strong></span> <span class='ocrx_word' id='word_1_86' title='bbox 987 1159 1002 1188; x_wconf 88' lang='grc'>¹</span> <span class='ocrx_word' id='word_1_87' title='bbox 1025 1159 1055 1209; x_wconf 88' lang='grc' dir='ltr'><strong><em>ό</em></strong></span> <span class='ocrx_word' id='word_1_88' title='bbox 1072 1158 1459 1229; x_wconf 82' lang='grc' dir='ltr'>κόκκοςίαύτοῦ</span> <span class='ocrx_word' id='word_1_89' title='bbox 1480 1159 1697 1230; x_wconf 72' lang='grc' dir='ltr'>ἀνέστηο</span> <span class='ocrx_word' id='word_1_90' title='bbox 1722 1158 1817 1212; x_wconf 82' lang='lat' dir='ltr'><strong><em>xui</em></strong></span> <span class='ocrx_word' id='word_1_91' title='bbox 1837 1160 1898 1211; x_wconf 84' lang='grc' dir='ltr'><strong><em>οὑ</em></strong></span> 
     </span>
    </p>
   </div>
   <div class='ocr_carea' id='block_1_14' title="bbox 320 1244 1899 1318">
    <p class='ocr_par' dir='ltr' id='par_1_14' title="bbox 320 1244 1899 1318">
     <span class='ocr_line' id='line_1_14' title="bbox 320 1244 1899 1318; baseline 0.004 -22"><span class='ocrx_word' id='word_1_92' title='bbox 320 1244 483 1315; x_wconf 79' lang='grc' dir='ltr'>μέρος</span> <span class='ocrx_word' id='word_1_93' title='bbox 513 1245 734 1317; x_wconf 81' lang='grc' dir='ltr'><strong><em>ἀνέστη,</em></strong></span> <span class='ocrx_word' id='word_1_94' title='bbox 747 1247 883 1299; x_wconf 80' lang='grc' dir='ltr'>ἀλλὰ</span> <span class='ocrx_word' id='word_1_95' title='bbox 898 1247 1017 1309; x_wconf 85' lang='grc' dir='ltr'>ὅλος</span> <span class='ocrx_word' id='word_1_96' title='bbox 1032 1247 1250 1318; x_wconf 81' lang='grc' dir='ltr'><strong><em>ἀνέστη·</em></strong></span> <span class='ocrx_word' id='word_1_97' title='bbox 1271 1249 1365 1302; x_wconf 84' lang='lat' dir='ltr'><strong><em>xui</em></strong></span> <span class='ocrx_word' id='word_1_98' title='bbox 1383 1249 1483 1302; x_wconf 83' lang='grc' dir='ltr'><strong><em>οὐκ</em></strong></span> <span class='ocrx_word' id='word_1_99' title='bbox 1512 1248 1669 1311; x_wconf 75' lang='grc' dir='ltr'>ἄλλος</span> <span class='ocrx_word' id='word_1_100' title='bbox 1702 1249 1899 1312; x_wconf 87' lang='grc' dir='ltr'>κόκκος</span> 
     </span>
    </p>
   </div>
   <div class='ocr_carea' id='block_1_15' title="bbox 319 1337 1896 1411">
    <p class='ocr_par' dir='ltr' id='par_1_15' title="bbox 319 1337 1896 1411">
     <span class='ocr_line' id='line_1_15' title="bbox 319 1337 1896 1411; baseline 0.004 -24"><span class='ocrx_word' id='word_1_101' title='bbox 319 1337 468 1405; x_wconf 73' lang='grc' dir='ltr'>παρὰ</span> <span class='ocrx_word' id='word_1_102' title='bbox 486 1337 578 1389; x_wconf 84' lang='grc' dir='ltr'>τὸν</span> <span class='ocrx_word' id='word_1_103' title='bbox 594 1338 722 1392; x_wconf 79' lang='grc' dir='ltr'><em>ὄντα</em></span> <span class='ocrx_word' id='word_1_104' title='bbox 735 1339 956 1409; x_wconf 83' lang='grc' dir='ltr'><strong><em>ἀνέστη,</em></strong></span> <span class='ocrx_word' id='word_1_105' title='bbox 971 1339 1085 1393; x_wconf 85' lang='grc' dir='ltr'>ἀλλ’</span> <span class='ocrx_word' id='word_1_106' title='bbox 1101 1339 1262 1402; x_wconf 79' lang='grc' dir='ltr'>αὐτὸς</span> <span class='ocrx_word' id='word_1_107' title='bbox 1275 1342 1303 1393; x_wconf 87' lang='grc' dir='ltr'><strong>ὁ</strong></span> <span class='ocrx_word' id='word_1_108' title='bbox 1319 1339 1498 1394; x_wconf 88' lang='grc' dir='ltr'>πεσὼν</span> <span class='ocrx_word' id='word_1_109' title='bbox 1517 1341 1574 1391; x_wconf 81' lang='grc' dir='ltr'><em>ὲν</em></span> <span class='ocrx_word' id='word_1_110' title='bbox 1589 1339 1665 1410; x_wconf 79' lang='grc' dir='ltr'>τῷ</span> <span class='ocrx_word' id='word_1_111' title='bbox 1680 1339 1783 1410; x_wconf 87' lang='grc' dir='ltr'><strong><em>μνή</em></strong></span> <span class='ocrx_word' id='word_1_112' title='bbox 1792 1358 1896 1411; x_wconf 90' lang='grc' dir='ltr'>μα-</span> 
     </span>
    </p>
   </div>
   <div class='ocr_carea' id='block_1_16' title="bbox 316 1427 1897 1501">
    <p class='ocr_par' dir='ltr' id='par_1_16' title="bbox 316 1427 1897 1501">
     <span class='ocr_line' id='line_1_16' title="bbox 316 1427 1897 1501; baseline 0.004 -23"><span class='ocrx_word' id='word_1_113' title='bbox 316 1444 368 1478; x_wconf 85' lang='grc' dir='ltr'><strong><em>τι</em></strong></span> <span class='ocrx_word' id='word_1_114' title='bbox 384 1427 500 1490; x_wconf 85' lang='grc' dir='ltr'>ὅλος</span> <span class='ocrx_word' id='word_1_115' title='bbox 517 1428 867 1500; x_wconf 74' lang='grc' dir='ltr'>ἀνέστη.Καὶ</span> <span class='ocrx_word' id='word_1_116' title='bbox 899 1430 1002 1482; x_wconf 79' lang='grc' dir='ltr'>ποῦ</span> <span class='ocrx_word' id='word_1_117' title='bbox 1042 1430 1214 1501; x_wconf 84' lang='grc' dir='ltr'>ίσχύει</span> <span class='ocrx_word' id='word_1_118' title='bbox 1250 1448 1344 1484; x_wconf 92' lang='grc' dir='ltr'><strong><em>σου</em></strong></span> <span class='ocrx_word' id='word_1_119' title='bbox 1376 1433 1411 1501; x_wconf 77' lang='grc' dir='ltr'>ἡ</span> <span class='ocrx_word' id='word_1_120' title='bbox 1444 1431 1897 1500; x_wconf 79' lang='grc' dir='ltr'>κενοφωνία;Δύο</span> 
     </span>
    </p>
   </div>
   <div class='ocr_carea' id='block_1_17' title="bbox 316 1517 1896 1595">
    <p class='ocr_par' dir='ltr' id='par_1_17' title="bbox 316 1517 1896 1595">
     <span class='ocr_line' id='line_1_17' title="bbox 316 1517 1896 1595; baseline 0.003 -24"><span class='ocrx_word' id='word_1_121' title='bbox 316 1519 426 1589; x_wconf 77' lang='grc' dir='ltr'>γὰρ</span> <span class='ocrx_word' id='word_1_122' title='bbox 441 1521 671 1585; x_wconf 86' lang='grc' dir='ltr'>κόκκους</span> <span class='ocrx_word' id='word_1_123' title='bbox 694 1517 834 1575; x_wconf 73' lang='grc' dir='ltr'>οἶδεν</span> <span class='ocrx_word' id='word_1_124' title='bbox 859 1524 893 1593; x_wconf 80' lang='grc' dir='ltr'>ἡ</span> <span class='ocrx_word' id='word_1_125' title='bbox 915 1522 1034 1575; x_wconf 85' lang='grc' dir='ltr'>θεία</span> <span class='ocrx_word' id='word_1_126' title='bbox 1053 1523 1244 1594; x_wconf 85' lang='grc' dir='ltr'>Γραφὴ</span> <span class='ocrx_word' id='word_1_127' title='bbox 1265 1524 1609 1595; x_wconf 76' lang='grc' dir='ltr'>εἰρημένους,</span> <span class='ocrx_word' id='word_1_128' title='bbox 1632 1524 1728 1577; x_wconf 66' lang='grc' dir='ltr'><strong><em>ἕνα</em></strong></span> <span class='ocrx_word' id='word_1_129' title='bbox 1744 1525 1800 1576; x_wconf 81' lang='grc' dir='ltr'><strong><em>ὲν</em></strong></span> <span class='ocrx_word' id='word_1_130' title='bbox 1819 1523 1896 1594; x_wconf 82' lang='grc' dir='ltr'>τῷ</span> 
     </span>
    </p>
   </div>
   <div class='ocr_carea' id='block_1_18' title="bbox 318 1610 1893 1686">
    <p class='ocr_par' dir='ltr' id='par_1_18' title="bbox 318 1610 1893 1686">
     <span class='ocr_line' id='line_1_18' title="bbox 318 1610 1893 1686; baseline 0.004 -24"><span class='ocrx_word' id='word_1_131' title='bbox 318 1610 653 1683; x_wconf 83' lang='grc' dir='ltr'>Εὑαγγελίῳ,</span> <span class='ocrx_word' id='word_1_132' title='bbox 684 1613 780 1665; x_wconf 74' lang='grc' dir='ltr'><strong><em>καὶ</em></strong></span> <span class='ocrx_word' id='word_1_133' title='bbox 812 1613 907 1667; x_wconf 76' lang='grc' dir='ltr'><strong><em>ἕνα</em></strong></span> <span class='ocrx_word' id='word_1_134' title='bbox 930 1613 1078 1685; x_wconf 83' lang='grc' dir='ltr'>παρὰ</span> <span class='ocrx_word' id='word_1_135' title='bbox 1104 1613 1183 1684; x_wconf 82' lang='grc' dir='ltr'>τῷ</span> <span class='ocrx_word' id='word_1_136' title='bbox 1221 1615 1546 1686; x_wconf 82' lang='grc' dir='ltr'>Ἀποστόλῳ.</span> <span class='ocrx_word' id='word_1_137' title='bbox 1594 1616 1705 1671; x_wconf 76' lang='grc' dir='ltr'><strong><em>Καὶ</em></strong></span> <span class='ocrx_word' id='word_1_138' title='bbox 1728 1617 1756 1668; x_wconf 85' lang='grc' dir='ltr'><strong><em>ό</em></strong></span> <span class='ocrx_word' id='word_1_139' title='bbox 1795 1616 1893 1686; x_wconf 88' lang='grc' dir='ltr'>μὲν</span> 
     </span>
    </p>
   </div>
   <div class='ocr_carea' id='block_1_19' title="bbox 316 1704 1892 1777">
    <p class='ocr_par' dir='ltr' id='par_1_19' title="bbox 316 1704 1892 1777">
     <span class='ocr_line' id='line_1_19' title="bbox 316 1704 1892 1777; baseline 0.004 -23"><span class='ocrx_word' id='word_1_140' title='bbox 316 1706 399 1767; x_wconf 84' lang='grc' dir='ltr'><strong><em>είς</em></strong></span> <span class='ocrx_word' id='word_1_141' title='bbox 428 1704 529 1775; x_wconf 83' lang='grc' dir='ltr'><strong><em>τὴν</em></strong></span> <span class='ocrx_word' id='word_1_142' title='bbox 572 1706 753 1759; x_wconf 83' lang='grc' dir='ltr'>πᾶσαν</span> <span class='ocrx_word' id='word_1_143' title='bbox 781 1707 1077 1777; x_wconf 81' lang='grc' dir='ltr'><strong><em>σαφήνειαν</em></strong></span> <span class='ocrx_word' id='word_1_144' title='bbox 1113 1706 1263 1776; x_wconf 88' lang='grc' dir='ltr'>δηλοί</span> <span class='ocrx_word' id='word_1_145' title='bbox 1300 1707 1442 1760; x_wconf 83' lang='grc' dir='ltr'>κατὰ</span> <span class='ocrx_word' id='word_1_146' title='bbox 1477 1708 1544 1761; x_wconf 85' lang='grc' dir='ltr'><strong><em>τὰ</em></strong></span> <span class='ocrx_word' id='word_1_147' title='bbox 1588 1708 1807 1773; x_wconf 80' lang='grc' dir='ltr'>τελείως</span> <span class='ocrx_word' id='word_1_148' title='bbox 1834 1711 1892 1762; x_wconf 87' lang='grc' dir='ltr'><strong><em>ὲν</em></strong></span> 
     </span>
    </p>
   </div>
   <div class='ocr_carea' id='block_1_20' title="bbox 316 1781 1965 1870">
    <p class='ocr_par' dir='ltr' id='par_1_20' title="bbox 316 1781 1965 1870">
     <span class='ocr_line' id='line_1_20' title="bbox 316 1781 1965 1870; baseline 0.004 -23"><span class='ocrx_word' id='word_1_149' title='bbox 316 1796 465 1866; x_wconf 83' lang='grc' dir='ltr'>αὐτῷ</span> <span class='ocrx_word' id='word_1_150' title='bbox 498 1796 879 1868; x_wconf 82' lang='grc' dir='ltr'>ὲνεργηθέντα,</span> <span class='ocrx_word' id='word_1_151' title='bbox 916 1798 1054 1868; x_wconf 83' lang='grc' dir='ltr'>ὅπερ</span> <span class='ocrx_word' id='word_1_152' title='bbox 1084 1798 1203 1851; x_wconf 73' lang='grc' dir='ltr'><strong><em>ἐστὶ</em></strong></span> <span class='ocrx_word' id='word_1_153' title='bbox 1234 1799 1590 1870; x_wconf 89' lang='grc' dir='ltr'>πρωτότυπον</span> <span class='ocrx_word' id='word_1_154' title='bbox 1631 1799 1731 1869; x_wconf 84' lang='grc' dir='ltr'>τῆς</span> <span class='ocrx_word' id='word_1_155' title='bbox 1756 1802 1889 1854; x_wconf 86' lang='grc' dir='ltr'><strong><em>ἀνα·</em></strong></span> <span class='ocrx_word' id='word_1_156' title='bbox 1924 1781 1965 1835; x_wconf 77' lang='grc' dir='ltr'><strong>Β</strong></span> 
     </span>
    </p>
   </div>
   <div class='ocr_carea' id='block_1_21' title="bbox 318 1887 1890 1960">
    <p class='ocr_par' dir='ltr' id='par_1_21' title="bbox 318 1887 1890 1960">
     <span class='ocr_line' id='line_1_21' title="bbox 318 1887 1890 1960; baseline 0.004 -23"><span class='ocrx_word' id='word_1_157' title='bbox 318 1888 580 1951; x_wconf 85' lang='grc' dir='ltr'>στάσεως.</span> <span class='ocrx_word' id='word_1_158' title='bbox 611 1887 781 1941; x_wconf 84' lang='grc' dir='ltr'>Τοῦτο</span> <span class='ocrx_word' id='word_1_159' title='bbox 811 1888 921 1960; x_wconf 84' lang='grc' dir='ltr'>γὰρ</span> <span class='ocrx_word' id='word_1_160' title='bbox 954 1889 1049 1941; x_wconf 87' lang='lat' dir='ltr'><strong><em>xui</em></strong></span> <span class='ocrx_word' id='word_1_161' title='bbox 1078 1889 1343 1943; x_wconf 84' lang='grc' dir='ltr'><strong><em>διδάσκων</em></strong></span> <span class='ocrx_word' id='word_1_162' title='bbox 1381 1891 1474 1943; x_wconf 77' lang='grc' dir='ltr'>καὶ</span> <span class='ocrx_word' id='word_1_163' title='bbox 1507 1890 1675 1943; x_wconf 84' lang='grc' dir='ltr'>ποιῶν</span> <span class='ocrx_word' id='word_1_164' title='bbox 1721 1891 1750 1942; x_wconf 87' lang='grc' dir='ltr'>ὀ</span> <span class='ocrx_word' id='word_1_165' title='bbox 1778 1892 1890 1943; x_wconf 88' lang='grc' dir='ltr'><strong><em>Σω-</em></strong></span> 
     </span>
    </p>
   </div>
   <div class='ocr_carea' id='block_1_22' title="bbox 314 1979 1898 2054">
    <p class='ocr_par' dir='ltr' id='par_1_22' title="bbox 314 1979 1898 2054">
     <span class='ocr_line' id='line_1_22' title="bbox 314 1979 1898 2054; baseline 0.005 -25"><span class='ocrx_word' id='word_1_166' title='bbox 314 1979 419 2050; x_wconf 75' lang='grc' dir='ltr'>τὴρ</span> <span class='ocrx_word' id='word_1_167' title='bbox 464 1980 534 2032; x_wconf 85' lang='grc' dir='ltr'><strong><em>τὰ</em></strong></span> <span class='ocrx_word' id='word_1_168' title='bbox 576 1981 753 2035; x_wconf 84' lang='grc' dir='ltr'><em>πάντα</em></span> <span class='ocrx_word' id='word_1_169' title='bbox 789 1982 920 2051; x_wconf 80' lang='grc' dir='ltr'><strong><em>ἡμῖν</em></strong></span> <span class='ocrx_word' id='word_1_170' title='bbox 958 1982 1038 2044; x_wconf 87' lang='grc' dir='ltr'><strong><em>είς</em></strong></span> <span class='ocrx_word' id='word_1_171' title='bbox 1067 1983 1407 2053; x_wconf 79' lang='grc' dir='ltr'>παράστασιν</span> <span class='ocrx_word' id='word_1_172' title='bbox 1446 1982 1678 2052; x_wconf 77' lang='grc' dir='ltr'>βεϐαίως</span> <span class='ocrx_word' id='word_1_173' title='bbox 1706 1983 1898 2054; x_wconf 75' lang='grc' dir='ltr'>εἰργά-</span> 
     </span>
    </p>
   </div>
   <div class='ocr_carea' id='block_1_23' title="bbox 316 2072 1898 2146">
    <p class='ocr_par' dir='ltr' id='par_1_23' title="bbox 316 2072 1898 2146">
     <span class='ocr_line' id='line_1_23' title="bbox 316 2072 1898 2146; baseline 0.003 -24"><span class='ocrx_word' id='word_1_174' title='bbox 316 2088 447 2124; x_wconf 86' lang='grc' dir='ltr'>σατο</span> <span class='ocrx_word' id='word_1_175' title='bbox 495 2072 674 2137; x_wconf 82' lang='grc' dir='ltr'>εὐθύς.</span> <span class='ocrx_word' id='word_1_176' title='bbox 706 2073 896 2143; x_wconf 88' lang='grc' dir='ltr'>Ἔλεγε</span> <span class='ocrx_word' id='word_1_177' title='bbox 945 2073 1055 2145; x_wconf 82' lang='grc' dir='ltr'><strong><em>γὰρ</em></strong></span> <span class='ocrx_word' id='word_1_178' title='bbox 1084 2074 1215 2146; x_wconf 56' lang='grc' dir='ltr'><strong><em>περὶ¹</em></strong></span> <span class='ocrx_word' id='word_1_179' title='bbox 1250 2073 1345 2127; x_wconf 81' lang='grc' dir='ltr'>τοῦ</span> <span class='ocrx_word' id='word_1_180' title='bbox 1388 2074 1609 2141; x_wconf 87' lang='grc' dir='ltr'>κόκκου,</span> <span class='ocrx_word' id='word_1_181' title='bbox 1649 2076 1745 2129; x_wconf 78' lang='grc' dir='ltr'>καὶ</span> <span class='ocrx_word' id='word_1_182' title='bbox 1802 2075 1898 2129; x_wconf 78' lang='grc' dir='ltr'>τοῦ</span> 
     </span>
    </p>
   </div>
   <div class='ocr_carea' id='block_1_24' title="bbox 315 2163 1900 2237">
    <p class='ocr_par' dir='ltr' id='par_1_24' title="bbox 315 2163 1900 2237">
     <span class='ocr_line' id='line_1_24' title="bbox 315 2163 1900 2237; baseline 0.003 -22"><span class='ocrx_word' id='word_1_183' title='bbox 315 2163 503 2235; x_wconf 67' lang='grc' dir='ltr'>ἤγειρε</span> <span class='ocrx_word' id='word_1_184' title='bbox 526 2166 547 2195; x_wconf 83' lang='grc'>²</span> <span class='ocrx_word' id='word_1_185' title='bbox 575 2164 665 2217; x_wconf 82' lang='grc' dir='ltr'><strong><em>τὸν</em></strong></span> <span class='ocrx_word' id='word_1_186' title='bbox 695 2164 914 2231; x_wconf 81' lang='grc' dir='ltr'>κόκκον,</span> <span class='ocrx_word' id='word_1_187' title='bbox 948 2165 1035 2219; x_wconf 81' lang='grc' dir='ltr'>ἵνα</span> <span class='ocrx_word' id='word_1_188' title='bbox 1055 2166 1186 2236; x_wconf 83' lang='grc' dir='ltr'>ἡμῖν</span> <span class='ocrx_word' id='word_1_189' title='bbox 1214 2164 1314 2236; x_wconf 82' lang='grc' dir='ltr'>τὴν</span> <span class='ocrx_word' id='word_1_190' title='bbox 1340 2166 1520 2219; x_wconf 88' lang='grc' dir='ltr'>πίστιν</span> <span class='ocrx_word' id='word_1_191' title='bbox 1546 2166 1646 2237; x_wconf 83' lang='grc' dir='ltr'>τῆς</span> <span class='ocrx_word' id='word_1_192' title='bbox 1688 2166 1900 2229; x_wconf 79' lang='grc' dir='ltr'>ἐλπίδος</span> 
     </span>
    </p>
   </div>
   <div class='ocr_carea' id='block_1_25' title="bbox 316 2251 1624 2327">
    <p class='ocr_par' dir='ltr' id='par_1_25' title="bbox 316 2251 1624 2327">
     <span class='ocr_line' id='line_1_25' title="bbox 316 2251 1624 2327; baseline 0.005 -23"><span class='ocrx_word' id='word_1_193' title='bbox 316 2251 591 2327; x_wconf 79' lang='grc' dir='ltr'>βεϐαιώσῃ</span> <span class='ocrx_word' id='word_1_194' title='bbox 610 2254 710 2325; x_wconf 80' lang='grc' dir='ltr'>τῆς</span> <span class='ocrx_word' id='word_1_195' title='bbox 730 2255 889 2326; x_wconf 81' lang='grc' dir='ltr'><strong><em>ἡμῶν</em></strong></span> <span class='ocrx_word' id='word_1_196' title='bbox 918 2254 1268 2317; x_wconf 81' lang='grc' dir='ltr'><em>ἀναστάσεως</em></span> <span class='ocrx_word' id='word_1_197' title='bbox 1294 2256 1355 2309; x_wconf 84' lang='grc' dir='ltr'><strong><em>ὲν</em></strong></span> <span class='ocrx_word' id='word_1_198' title='bbox 1377 2255 1624 2327; x_wconf 75' lang='grc' dir='ltr'><strong><em>ἀληθείᾳ.</em></strong></span> 
     </span>
    </p>
   </div>
   <div class='ocr_carea' id='block_1_26' title="bbox 2007 517 3586 588">
    <p class='ocr_par' dir='ltr' id='par_1_26' title="bbox 2007 517 3586 588">
     <span class='ocr_line' id='line_1_26' title="bbox 2007 517 3586 588; baseline 0.005 -20"><span class='ocrx_word' id='word_1_199' title='bbox 2007 532 2128 568; x_wconf 85' lang='lat' dir='ltr'><strong><em>mur</em></strong></span> <span class='ocrx_word' id='word_1_200' title='bbox 2177 525 2349 569; x_wconf 88' lang='lat' dir='ltr'><strong><em>autem</em></strong></span> <span class='ocrx_word' id='word_1_201' title='bbox 2389 528 2437 569; x_wconf 84' lang='lat' dir='ltr'><strong><em>et</em></strong></span> <span class='ocrx_word' id='word_1_202' title='bbox 2464 517 2595 585; x_wconf 75' lang='lat' dir='ltr'><strong><em>falsi</em></strong></span> <span class='ocrx_word' id='word_1_203' title='bbox 2631 527 2786 571; x_wconf 84' lang='lat' dir='ltr'><strong><em>testes</em></strong></span> <span class='ocrx_word' id='word_1_204' title='bbox 2831 519 2963 581; x_wconf 91' lang='lat' dir='ltr'><strong><em>Dei,</em></strong></span> <span class='ocrx_word' id='word_1_205' title='bbox 3009 521 3260 588; x_wconf 86' lang='lat' dir='ltr'><strong><em>quoniam</em></strong></span> <span class='ocrx_word' id='word_1_206' title='bbox 3306 520 3586 577; x_wconf 69' lang='lat' dir='ltr'><strong><em>diximus:</em></strong></span> 
     </span>
    </p>
   </div>
   <div class='ocr_carea' id='block_1_27' title="bbox 2005 605 3584 683">
    <p class='ocr_par' dir='ltr' id='par_1_27' title="bbox 2005 605 3584 683">
     <span class='ocr_line' id='line_1_27' title="bbox 2005 605 3584 683; baseline 0.003 -22"><span class='ocrx_word' id='word_1_207' title='bbox 2005 606 2292 661; x_wconf 85' lang='lat' dir='ltr'><strong><em>Suscituvit</em></strong></span> <span class='ocrx_word' id='word_1_208' title='bbox 2330 605 2622 670; x_wconf 84' lang='lat' dir='ltr'><strong><em>Christum,</em></strong></span> <span class='ocrx_word' id='word_1_209' title='bbox 2665 619 2772 663; x_wconf 88' lang='lat' dir='ltr'><strong><em>etc.</em></strong></span> <span class='ocrx_word' id='word_1_210' title='bbox 2807 609 3010 663; x_wconf 89' lang='lat' dir='ltr'><strong><em>Deinde</em></strong></span> <span class='ocrx_word' id='word_1_211' title='bbox 3039 611 3279 679; x_wconf 83' lang='lat' dir='ltr'><strong><em>subjecit</em></strong></span> <span class='ocrx_word' id='word_1_212' title='bbox 3311 630 3325 665; x_wconf 90' lang='lat'><strong>:</strong></span> <span class='ocrx_word' id='word_1_213' title='bbox 3364 612 3584 683; x_wconf 83' lang='lat' dir='ltr'><strong><em>Oportet</em></strong></span> 
     </span>
    </p>
   </div>
   <div class='ocr_carea' id='block_1_28' title="bbox 2004 699 3585 769">
    <p class='ocr_par' dir='ltr' id='par_1_28' title="bbox 2004 699 3585 769">
     <span class='ocr_line' id='line_1_28' title="bbox 2004 699 3585 769; baseline 0.005 -17"><span class='ocrx_word' id='word_1_214' title='bbox 2004 700 2347 769; x_wconf 86' lang='lat' dir='ltr'><strong><em>corruptibile</em></strong></span> <span class='ocrx_word' id='word_1_215' title='bbox 2381 699 2477 752; x_wconf 85' lang='lat' dir='ltr'><strong><em>hoc</em></strong></span> <span class='ocrx_word' id='word_1_216' title='bbox 2505 700 2718 754; x_wconf 75' lang='lat' dir='ltr'><strong><em>induere</em></strong></span> <span class='ocrx_word' id='word_1_217' title='bbox 2748 702 3218 768; x_wconf 73' lang='lat' dir='ltr'><strong><em>incorruptionem,</em></strong></span> <span class='ocrx_word' id='word_1_218' title='bbox 3265 714 3315 758; x_wconf 89' lang='lat' dir='ltr'><strong><em>et</em></strong></span> <span class='ocrx_word' id='word_1_219' title='bbox 3358 707 3585 760; x_wconf 81' lang='lat' dir='ltr'><strong><em>mortale</em></strong></span> 
     </span>
    </p>
   </div>
   <div class='ocr_carea' id='block_1_29' title="bbox 2003 789 3584 850">
    <p class='ocr_par' dir='ltr' id='par_1_29' title="bbox 2003 789 3584 850">
     <span class='ocr_line' id='line_1_29' title="bbox 2003 789 3584 850; baseline 0.006 -9"><span class='ocrx_word' id='word_1_220' title='bbox 2003 789 2102 843; x_wconf 80' lang='lat' dir='ltr'><strong><em>hoc</em></strong></span> <span class='ocrx_word' id='word_1_221' title='bbox 2150 790 2366 844; x_wconf 84' lang='lat' dir='ltr'><strong><em>induere</em></strong></span> <span class='ocrx_word' id='word_1_222' title='bbox 2405 792 2884 845; x_wconf 74' lang='lat' dir='ltr'><strong><em>immortalitatem.</em></strong></span> <span class='ocrx_word' id='word_1_223' title='bbox 2916 790 3035 846; x_wconf 86' lang='lat' dir='ltr'><strong><em>Non</em></strong></span> <span class='ocrx_word' id='word_1_224' title='bbox 3062 793 3200 846; x_wconf 75' lang='lat' dir='ltr'><strong><em>dixit</em></strong></span> <span class='ocrx_word' id='word_1_225' title='bbox 3227 796 3455 849; x_wconf 76' lang='lat' dir='ltr'><strong><em>mortale</em></strong></span> <span class='ocrx_word' id='word_1_226' title='bbox 3492 812 3584 850; x_wconf 90' lang='lat' dir='ltr'><strong><em>so-</em></strong></span> 
     </span>
    </p>
   </div>
   <div class='ocr_carea' id='block_1_30' title="bbox 2007 878 3579 950">
    <p class='ocr_par' dir='ltr' id='par_1_30' title="bbox 2007 878 3579 950">
     <span class='ocr_line' id='line_1_30' title="bbox 2007 878 3579 950; baseline 0.006 -19"><span class='ocrx_word' id='word_1_227' title='bbox 2007 878 2142 944; x_wconf 89' lang='lat' dir='ltr'><strong><em>lum,</em></strong></span> <span class='ocrx_word' id='word_1_228' title='bbox 2191 896 2369 950; x_wconf 90' lang='lat' dir='ltr'><strong><em>neque</em></strong></span> <span class='ocrx_word' id='word_1_229' title='bbox 2415 881 2771 950; x_wconf 88' lang='lat' dir='ltr'><strong><em>corruptibile</em></strong></span> <span class='ocrx_word' id='word_1_230' title='bbox 2810 882 3008 945; x_wconf 81' lang='lat' dir='ltr'><strong><em>solum,</em></strong></span> <span class='ocrx_word' id='word_1_231' title='bbox 3066 898 3168 937; x_wconf 90' lang='lat' dir='ltr'><strong><em>nec</em></strong></span> <span class='ocrx_word' id='word_1_232' title='bbox 3216 884 3579 940; x_wconf 82' lang='lat' dir='ltr'><strong><em>immortalem</em></strong></span> 
     </span>
    </p>
   </div>
   <div class='ocr_carea' id='block_1_31' title="bbox 2001 968 3579 1040">
    <p class='ocr_par' dir='ltr' id='par_1_31' title="bbox 2001 968 3579 1040">
     <span class='ocr_line' id='line_1_31' title="bbox 2001 968 3579 1040; baseline 0.004 -18"><span class='ocrx_word' id='word_1_233' title='bbox 2001 968 2236 1038; x_wconf 89' lang='lat' dir='ltr'><strong><em>denique</em></strong></span> <span class='ocrx_word' id='word_1_234' title='bbox 2277 970 2550 1023; x_wconf 88' lang='lat' dir='ltr'><strong><em>animam:</em></strong></span> <span class='ocrx_word' id='word_1_235' title='bbox 2602 970 2697 1025; x_wconf 86' lang='lat' dir='ltr'><strong><em>sed</em></strong></span> <span class='ocrx_word' id='word_1_236' title='bbox 2736 971 3074 1040; x_wconf 84' lang='lat' dir='ltr'><strong><em>corruptibile</em></strong></span> <span class='ocrx_word' id='word_1_237' title='bbox 3121 973 3216 1026; x_wconf 85' lang='lat' dir='ltr'><strong><em>hoc</em></strong></span> <span class='ocrx_word' id='word_1_238' title='bbox 3257 983 3306 1027; x_wconf 90' lang='lat' dir='ltr'><strong><em>et</em></strong></span> <span class='ocrx_word' id='word_1_239' title='bbox 3333 976 3579 1038; x_wconf 86' lang='lat' dir='ltr'><strong><em>mortale,</em></strong></span> 
     </span>
    </p>
   </div>
   <div class='ocr_carea' id='block_1_32' title="bbox 2000 1061 3582 1137">
    <p class='ocr_par' dir='ltr' id='par_1_32' title="bbox 2000 1061 3582 1137">
     <span class='ocr_line' id='line_1_32' title="bbox 2000 1061 3582 1137; baseline 0.004 -23"><span class='ocrx_word' id='word_1_240' title='bbox 2000 1061 2183 1115; x_wconf 89' lang='lat' dir='ltr'><strong><em>addito</em></strong></span> <span class='ocrx_word' id='word_1_241' title='bbox 2206 1062 2492 1131; x_wconf 82' lang='lat' dir='ltr'><strong><em>utrobique</em></strong></span> <span class='ocrx_word' id='word_1_242' title='bbox 2520 1063 2866 1132; x_wconf 91' lang='lat' dir='ltr'><strong><em>pronomine,</em></strong></span> <span class='ocrx_word' id='word_1_243' title='bbox 2895 1064 3011 1116; x_wconf 83' lang='lat' dir='ltr'><strong><em>hoc.</em></strong></span> <span class='ocrx_word' id='word_1_244' title='bbox 3038 1064 3401 1129; x_wconf 84' lang='lat' dir='ltr'><strong><em>Quamobrem</em></strong></span> <span class='ocrx_word' id='word_1_245' title='bbox 3452 1082 3582 1137; x_wconf 83' lang='lat' dir='ltr'><strong><em>gra-</em></strong></span> 
     </span>
    </p>
   </div>
   <div class='ocr_carea' id='block_1_33' title="bbox 2000 1152 3579 1224">
    <p class='ocr_par' dir='ltr' id='par_1_33' title="bbox 2000 1152 3579 1224">
     <span class='ocr_line' id='line_1_33' title="bbox 2000 1152 3579 1224; baseline 0.002 -17"><span class='ocrx_word' id='word_1_246' title='bbox 2000 1168 2131 1207; x_wconf 90' lang='lat' dir='ltr'><strong><em>num</em></strong></span> <span class='ocrx_word' id='word_1_247' title='bbox 2172 1152 2365 1221; x_wconf 88' lang='lat' dir='ltr'><strong><em>ipsius,</em></strong></span> <span class='ocrx_word' id='word_1_248' title='bbox 2390 1154 2690 1222; x_wconf 91' lang='lat' dir='ltr'><strong><em>etquidem</em></strong></span> <span class='ocrx_word' id='word_1_249' title='bbox 2725 1155 3019 1224; x_wconf 87' lang='lat' dir='ltr'><strong><em>integrum,</em></strong></span> <span class='ocrx_word' id='word_1_250' title='bbox 3049 1169 3159 1208; x_wconf 93' lang='lat' dir='ltr'><strong><em>non</em></strong></span> <span class='ocrx_word' id='word_1_251' title='bbox 3193 1155 3317 1224; x_wconf 84' lang='lat' dir='ltr'><strong><em>ejus</em></strong></span> <span class='ocrx_word' id='word_1_252' title='bbox 3344 1164 3579 1210; x_wconf 88' lang='lat' dir='ltr'><strong><em>tantum-</em></strong></span> 
     </span>
    </p>
   </div>
   <div class='ocr_carea' id='block_1_34' title="bbox 1999 1244 3575 1315">
    <p class='ocr_par' dir='ltr' id='par_1_34' title="bbox 1999 1244 3575 1315">
     <span class='ocr_line' id='line_1_34' title="bbox 1999 1244 3575 1315; baseline 0.003 -18"><span class='ocrx_word' id='word_1_253' title='bbox 1999 1245 2161 1298; x_wconf 87' lang='lat' dir='ltr'><strong><em>modo</em></strong></span> <span class='ocrx_word' id='word_1_254' title='bbox 2209 1259 2358 1313; x_wconf 88' lang='lat' dir='ltr'><strong><em>pars,</em></strong></span> <span class='ocrx_word' id='word_1_255' title='bbox 2413 1244 2506 1297; x_wconf 87' lang='lat' dir='ltr'><strong><em>sed</em></strong></span> <span class='ocrx_word' id='word_1_256' title='bbox 2553 1245 2843 1315; x_wconf 84' lang='lat' dir='ltr'><strong><em>integrum,</em></strong></span> <span class='ocrx_word' id='word_1_257' title='bbox 2875 1246 2956 1299; x_wconf 87' lang='lat' dir='ltr'><strong><em>uti</em></strong></span> <span class='ocrx_word' id='word_1_258' title='bbox 2990 1246 3253 1310; x_wconf 70' lang='lat' dir='ltr'><strong><em>diximus,</em></strong></span> <span class='ocrx_word' id='word_1_259' title='bbox 3292 1249 3575 1312; x_wconf 81' lang='lat' dir='ltr'><strong><em>surrexit;</em></strong></span> 
     </span>
    </p>
   </div>
   <div class='ocr_carea' id='block_1_35' title="bbox 1996 1335 3576 1408">
    <p class='ocr_par' dir='ltr' id='par_1_35' title="bbox 1996 1335 3576 1408">
     <span class='ocr_line' id='line_1_35' title="bbox 1996 1335 3576 1408; baseline 0.002 -18"><span class='ocrx_word' id='word_1_260' title='bbox 1996 1350 2099 1390; x_wconf 92' lang='lat' dir='ltr'><strong><em>nec</em></strong></span> <span class='ocrx_word' id='word_1_261' title='bbox 2130 1335 2318 1398; x_wconf 90' lang='lat' dir='ltr'><strong><em>aliud,</em></strong></span> <span class='ocrx_word' id='word_1_262' title='bbox 2366 1350 2530 1405; x_wconf 91' lang='lat' dir='ltr'><strong><em>quam</em></strong></span> <span class='ocrx_word' id='word_1_263' title='bbox 2590 1336 2736 1406; x_wconf 89' lang='lat' dir='ltr'><strong><em>quod</em></strong></span> <span class='ocrx_word' id='word_1_264' title='bbox 2782 1346 2901 1391; x_wconf 88' lang='lat' dir='ltr'><strong><em>erat</em></strong></span> <span class='ocrx_word' id='word_1_265' title='bbox 2947 1345 3107 1392; x_wconf 84' lang='lat' dir='ltr'><strong><em>antea</em></strong></span> <span class='ocrx_word' id='word_1_266' title='bbox 3164 1354 3434 1408; x_wconf 80' lang='lat' dir='ltr'><strong><em>granum,</em></strong></span> <span class='ocrx_word' id='word_1_267' title='bbox 3479 1340 3576 1393; x_wconf 89' lang='lat' dir='ltr'><strong><em>sed</em></strong></span> 
     </span>
    </p>
   </div>
   <div class='ocr_carea' id='block_1_36' title="bbox 1996 1427 3574 1496">
    <p class='ocr_par' dir='ltr' id='par_1_36' title="bbox 1996 1427 3574 1496">
     <span class='ocr_line' id='line_1_36' title="bbox 1996 1427 3574 1496; baseline 0.001 -14"><span class='ocrx_word' id='word_1_268' title='bbox 1996 1427 2130 1482; x_wconf 91' lang='lat' dir='ltr'><strong><em>illud</em></strong></span> <span class='ocrx_word' id='word_1_269' title='bbox 2156 1427 2359 1496; x_wconf 86' lang='lat' dir='ltr'><strong><em>ipsum,</em></strong></span> <span class='ocrx_word' id='word_1_270' title='bbox 2402 1427 2546 1496; x_wconf 92' lang='lat' dir='ltr'><strong><em>quod</em></strong></span> <span class='ocrx_word' id='word_1_271' title='bbox 2574 1428 2629 1481; x_wconf 92' lang='lat' dir='ltr'><strong><em>in</em></strong></span> <span class='ocrx_word' id='word_1_272' title='bbox 2657 1428 3050 1482; x_wconf 87' lang='lat' dir='ltr'><strong><em>monimentum</em></strong></span> <span class='ocrx_word' id='word_1_273' title='bbox 3079 1429 3372 1494; x_wconf 84' lang='lat' dir='ltr'><strong><em>ceciderat,</em></strong></span> <span class='ocrx_word' id='word_1_274' title='bbox 3402 1437 3574 1484; x_wconf 87' lang='lat' dir='ltr'><strong><em>totum</em></strong></span> 
     </span>
    </p>
   </div>
   <div class='ocr_carea' id='block_1_37' title="bbox 1994 1519 3576 1590">
    <p class='ocr_par' dir='ltr' id='par_1_37' title="bbox 1994 1519 3576 1590">
     <span class='ocr_line' id='line_1_37' title="bbox 1994 1519 3576 1590; baseline 0.001 -17"><span class='ocrx_word' id='word_1_275' title='bbox 1994 1521 2379 1589; x_wconf 80' lang='lat' dir='ltr'><strong><em>integrumque</em></strong></span> <span class='ocrx_word' id='word_1_276' title='bbox 2434 1521 2692 1575; x_wconf 78' lang='lat' dir='ltr'><strong><em>surrexit.</em></strong></span> <span class='ocrx_word' id='word_1_277' title='bbox 2746 1519 2887 1585; x_wconf 85' lang='lat' dir='ltr'><strong><em>Quid</em></strong></span> <span class='ocrx_word' id='word_1_278' title='bbox 2942 1520 3109 1590; x_wconf 81' lang='lat' dir='ltr'><strong><em>igitur</em></strong></span> <span class='ocrx_word' id='word_1_279' title='bbox 3168 1522 3364 1575; x_wconf 83' lang='lat' dir='ltr'><strong><em>virium</em></strong></span> <span class='ocrx_word' id='word_1_280' title='bbox 3410 1522 3576 1576; x_wconf 86' lang='lat' dir='ltr'><strong><em>habet</em></strong></span> 
     </span>
    </p>
   </div>
   <div class='ocr_carea' id='block_1_38' title="bbox 1994 1608 3572 1681">
    <p class='ocr_par' dir='ltr' id='par_1_38' title="bbox 1994 1608 3572 1681">
     <span class='ocr_line' id='line_1_38' title="bbox 1994 1608 3572 1681; baseline 0.001 -19"><span class='ocrx_word' id='word_1_281' title='bbox 1994 1609 2231 1665; x_wconf 83' lang='lat' dir='ltr'><strong><em>absurda</em></strong></span> <span class='ocrx_word' id='word_1_282' title='bbox 2276 1610 2367 1664; x_wconf 92' lang='lat' dir='ltr'><strong><em>illa</em></strong></span> <span class='ocrx_word' id='word_1_283' title='bbox 2409 1617 2503 1664; x_wconf 89' lang='lat' dir='ltr'><strong><em>tua</em></strong></span> <span class='ocrx_word' id='word_1_284' title='bbox 2554 1610 2874 1666; x_wconf 83' lang='lat' dir='ltr'><strong><em>sententia?</em></strong></span> <span class='ocrx_word' id='word_1_285' title='bbox 2912 1608 3029 1663; x_wconf 89' lang='lat' dir='ltr'><strong><em>Duo</em></strong></span> <span class='ocrx_word' id='word_1_286' title='bbox 3072 1610 3347 1679; x_wconf 79' lang='lat' dir='ltr'><strong><em>siquidem</em></strong></span> <span class='ocrx_word' id='word_1_287' title='bbox 3381 1627 3572 1681; x_wconf 82' lang='lat' dir='ltr'><strong><em>grana,</em></strong></span> 
     </span>
    </p>
   </div>
   <div class='ocr_carea' id='block_1_39' title="bbox 1992 1700 3570 1771">
    <p class='ocr_par' dir='ltr' id='par_1_39' title="bbox 1992 1700 3570 1771">
     <span class='ocr_line' id='line_1_39' title="bbox 1992 1700 3570 1771; baseline 0.001 -16"><span class='ocrx_word' id='word_1_288' title='bbox 1992 1716 2115 1771; x_wconf 69' lang='lat' dir='ltr'><strong><em>qua:</em></strong></span> <span class='ocrx_word' id='word_1_289' title='bbox 2136 1702 2298 1771; x_wconf 89' lang='lat' dir='ltr'><strong><em>paulo</em></strong></span> <span class='ocrx_word' id='word_1_290' title='bbox 2328 1712 2457 1756; x_wconf 89' lang='lat' dir='ltr'><strong><em>ante</em></strong></span> <span class='ocrx_word' id='word_1_291' title='bbox 2484 1704 2794 1765; x_wconf 87' lang='lat' dir='ltr'><strong><em>retulimus,</em></strong></span> <span class='ocrx_word' id='word_1_292' title='bbox 2827 1700 3109 1769; x_wconf 86' lang='lat' dir='ltr'><strong><em>Scriptura</em></strong></span> <span class='ocrx_word' id='word_1_293' title='bbox 3138 1712 3570 1757; x_wconf 84' lang='lat' dir='ltr'><strong><em>commemorat:</em></strong></span> 
     </span>
    </p>
   </div>
   <div class='ocr_carea' id='block_1_40' title="bbox 1994 1792 3569 1863">
    <p class='ocr_par' dir='ltr' id='par_1_40' title="bbox 1994 1792 3569 1863">
     <span class='ocr_line' id='line_1_40' title="bbox 1994 1792 3569 1863; baseline -0.001 -16"><span class='ocrx_word' id='word_1_294' title='bbox 1994 1808 2229 1862; x_wconf 89' lang='lat' dir='ltr'><strong><em>quorum</em></strong></span> <span class='ocrx_word' id='word_1_295' title='bbox 2261 1793 2487 1849; x_wconf 82' lang='lat' dir='ltr'><strong><em>alterius</em></strong></span> <span class='ocrx_word' id='word_1_296' title='bbox 2527 1794 2584 1847; x_wconf 92' lang='lat' dir='ltr'><strong><em>in</em></strong></span> <span class='ocrx_word' id='word_1_297' title='bbox 2621 1792 2935 1863; x_wconf 80' lang='lat' dir='ltr'><strong><em>Evangelia,</em></strong></span> <span class='ocrx_word' id='word_1_298' title='bbox 2990 1793 3218 1849; x_wconf 90' lang='lat' dir='ltr'><strong><em>alterius</em></strong></span> <span class='ocrx_word' id='word_1_299' title='bbox 3254 1794 3397 1863; x_wconf 88' lang='lat' dir='ltr'><strong><em>apud</em></strong></span> <span class='ocrx_word' id='word_1_300' title='bbox 3425 1794 3569 1862; x_wconf 86' lang='lat' dir='ltr'><strong><em>Apo-</em></strong></span> 
     </span>
    </p>
   </div>
   <div class='ocr_carea' id='block_1_41' title="bbox 1994 1884 3571 1940">
    <p class='ocr_par' dir='ltr' id='par_1_41' title="bbox 1994 1884 3571 1940">
     <span class='ocr_line' id='line_1_41' title="bbox 1994 1884 3571 1940; baseline -0.001 0"><span class='ocrx_word' id='word_1_301' title='bbox 1994 1886 2195 1940; x_wconf 84' lang='lat' dir='ltr'><strong><em>stolum</em></strong></span> <span class='ocrx_word' id='word_1_302' title='bbox 2229 1884 2287 1940; x_wconf 88' lang='lat' dir='ltr'><strong><em>ﬁt</em></strong></span> <span class='ocrx_word' id='word_1_303' title='bbox 2325 1885 2552 1940; x_wconf 88' lang='lat' dir='ltr'><strong><em>mentio.</em></strong></span> <span class='ocrx_word' id='word_1_304' title='bbox 2588 1884 2830 1939; x_wconf 89' lang='lat' dir='ltr'><strong><em>Primum</em></strong></span> <span class='ocrx_word' id='word_1_305' title='bbox 2858 1884 2992 1939; x_wconf 91' lang='lat' dir='ltr'><strong><em>illud</em></strong></span> <span class='ocrx_word' id='word_1_306' title='bbox 3031 1884 3101 1939; x_wconf 89' lang='lat' dir='ltr'><strong><em>ad</em></strong></span> <span class='ocrx_word' id='word_1_307' title='bbox 3133 1901 3243 1939; x_wconf 90' lang='lat' dir='ltr'><strong><em>rem</em></strong></span> <span class='ocrx_word' id='word_1_308' title='bbox 3276 1886 3571 1939; x_wconf 86' lang='lat' dir='ltr'><strong><em>declaran-</em></strong></span> 
     </span>
    </p>
   </div>
   <div class='ocr_carea' id='block_1_42' title="bbox 1992 1973 3574 2047">
    <p class='ocr_par' dir='ltr' id='par_1_42' title="bbox 1992 1973 3574 2047">
     <span class='ocr_line' id='line_1_42' title="bbox 1992 1973 3574 2047; baseline 0.002 -18"><span class='ocrx_word' id='word_1_309' title='bbox 1992 1973 2116 2030; x_wconf 90' lang='lat' dir='ltr'><strong><em>dam</em></strong></span> <span class='ocrx_word' id='word_1_310' title='bbox 2138 1975 2586 2032; x_wconf 85' lang='lat' dir='ltr'><strong><em>eflicacissimum</em></strong></span> <span class='ocrx_word' id='word_1_311' title='bbox 2614 1983 2719 2039; x_wconf 86' lang='lat' dir='ltr'><strong><em>est,</em></strong></span> <span class='ocrx_word' id='word_1_312' title='bbox 2757 1976 3062 2031; x_wconf 86' lang='lat' dir='ltr'><strong><em>secundum</em></strong></span> <span class='ocrx_word' id='word_1_313' title='bbox 3090 1992 3154 2032; x_wconf 85' lang='lat' dir='ltr'><strong><em>ea</em></strong></span> <span class='ocrx_word' id='word_1_314' title='bbox 3180 1993 3300 2047; x_wconf 73' lang='lat' dir='ltr'><strong><em>qua:</em></strong></span> <span class='ocrx_word' id='word_1_315' title='bbox 3329 1979 3574 2047; x_wconf 81' lang='lat' dir='ltr'><strong><em>perfecte</em></strong></span> 
     </span>
    </p>
   </div>
   <div class='ocr_carea' id='block_1_43' title="bbox 1995 2068 3574 2139">
    <p class='ocr_par' dir='ltr' id='par_1_43' title="bbox 1995 2068 3574 2139">
     <span class='ocr_line' id='line_1_43' title="bbox 1995 2068 3574 2139; baseline 0.002 -18"><span class='ocrx_word' id='word_1_316' title='bbox 1995 2068 2050 2122; x_wconf 90' lang='lat' dir='ltr'><strong><em>in</em></strong></span> <span class='ocrx_word' id='word_1_317' title='bbox 2102 2083 2168 2123; x_wconf 89' lang='lat' dir='ltr'><strong><em>eo</em></strong></span> <span class='ocrx_word' id='word_1_318' title='bbox 2212 2076 2365 2139; x_wconf 83' lang='lat' dir='ltr'><strong><em>gesta</em></strong></span> <span class='ocrx_word' id='word_1_319' title='bbox 2394 2078 2556 2134; x_wconf 91' lang='lat' dir='ltr'><strong><em>sunt,</em></strong></span> <span class='ocrx_word' id='word_1_320' title='bbox 2624 2068 2773 2139; x_wconf 90' lang='lat' dir='ltr'><strong><em>quod</em></strong></span> <span class='ocrx_word' id='word_1_321' title='bbox 2817 2077 2903 2123; x_wconf 89' lang='lat' dir='ltr'><strong><em>est</em></strong></span> <span class='ocrx_word' id='word_1_322' title='bbox 2952 2072 3101 2125; x_wconf 88' lang='lat' dir='ltr'><strong><em>velut</em></strong></span> <span class='ocrx_word' id='word_1_323' title='bbox 3143 2072 3574 2126; x_wconf 85' lang='lat' dir='ltr'><strong><em>resurrectionis</em></strong></span> 
     </span>
    </p>
   </div>
   <div class='ocr_carea' id='block_1_44' title="bbox 1994 2162 3569 2232">
    <p class='ocr_par' dir='ltr' id='par_1_44' title="bbox 1994 2162 3569 2232">
     <span class='ocr_line' id='line_1_44' title="bbox 1994 2162 3569 2232; baseline 0.003 -15"><span class='ocrx_word' id='word_1_324' title='bbox 1994 2163 2289 2231; x_wconf 80' lang='lat' dir='ltr'><strong><em>exemplar.</em></strong></span> <span class='ocrx_word' id='word_1_325' title='bbox 2318 2162 2530 2218; x_wconf 86' lang='lat' dir='ltr'><strong><em>Etenim</em></strong></span> <span class='ocrx_word' id='word_1_326' title='bbox 2557 2163 2764 2219; x_wconf 88' lang='lat' dir='ltr'><strong><em>docens</em></strong></span> <span class='ocrx_word' id='word_1_327' title='bbox 2788 2165 2937 2219; x_wconf 89' lang='lat' dir='ltr'><strong><em>istud</em></strong></span> <span class='ocrx_word' id='word_1_328' title='bbox 2966 2165 3236 2232; x_wconf 87' lang='lat' dir='ltr'><strong><em>Salvator,</em></strong></span> <span class='ocrx_word' id='word_1_329' title='bbox 3252 2175 3307 2221; x_wconf 93' lang='lat' dir='ltr'><strong><em>et</em></strong></span> <span class='ocrx_word' id='word_1_330' title='bbox 3339 2166 3569 2227; x_wconf 86' lang='lat' dir='ltr'><strong><em>faciens,</em></strong></span> 
     </span>
    </p>
   </div>
   <div class='ocr_carea' id='block_1_45' title="bbox 1997 2253 3572 2312">
    <p class='ocr_par' dir='ltr' id='par_1_45' title="bbox 1997 2253 3572 2312">
     <span class='ocr_line' id='line_1_45' title="bbox 1997 2253 3572 2312; baseline 0.001 -4"><span class='ocrx_word' id='word_1_331' title='bbox 1997 2253 2230 2309; x_wconf 89' lang='lat' dir='ltr'><strong><em>subinde</em></strong></span> <span class='ocrx_word' id='word_1_332' title='bbox 2303 2255 2702 2310; x_wconf 88' lang='lat' dir='ltr'><strong><em>conﬁrmandis</em></strong></span> <span class='ocrx_word' id='word_1_333' title='bbox 2766 2256 2926 2312; x_wconf 90' lang='lat' dir='ltr'><strong><em>nobis</em></strong></span> <span class='ocrx_word' id='word_1_334' title='bbox 2992 2258 3179 2311; x_wconf 90' lang='lat' dir='ltr'><strong><em>omnia</em></strong></span> <span class='ocrx_word' id='word_1_335' title='bbox 3253 2264 3572 2312; x_wconf 85' lang='lat' dir='ltr'><strong><em>constanter</em></strong></span> 
     </span>
    </p>
   </div>
   <div class='ocr_carea' id='block_1_46' title="bbox 314 2343 3570 2420">
    <p class='ocr_par' dir='ltr' id='par_1_46' title="bbox 314 2343 3570 2420">
     <span class='ocr_line' id='line_1_46' title="bbox 314 2343 3570 2420; baseline 0.001 -20"><span class='ocrx_word' id='word_1_336' title='bbox 314 2346 588 2415; x_wconf 70' lang='lat' dir='ltr'><strong><em>praestitit.</em></strong></span> <span class='ocrx_word' id='word_1_337' title='bbox 633 2343 769 2400; x_wconf 85' lang='lat' dir='ltr'><strong><em>Nam</em></strong></span> <span class='ocrx_word' id='word_1_338' title='bbox 800 2348 868 2401; x_wconf 89' lang='lat' dir='ltr'><strong><em>de</em></strong></span> <span class='ocrx_word' id='word_1_339' title='bbox 925 2361 1124 2418; x_wconf 85' lang='lat' dir='ltr'><strong><em>grano,</em></strong></span> <span class='ocrx_word' id='word_1_340' title='bbox 1174 2347 1353 2417; x_wconf 89' lang='lat' dir='ltr'><strong><em>deque</em></strong></span> <span class='ocrx_word' id='word_1_341' title='bbox 1397 2348 1588 2405; x_wconf 88' lang='lat' dir='ltr'><strong><em>eodem</em></strong></span> <span class='ocrx_word' id='word_1_342' title='bbox 1636 2348 1927 2404; x_wconf 82' lang='lat' dir='ltr'><strong><em>excitando</em></strong></span> <span class='ocrx_word' id='word_1_343' title='bbox 1978 2345 2188 2402; x_wconf 86' lang='lat' dir='ltr'><strong><em>idcirco</em></strong></span> <span class='ocrx_word' id='word_1_344' title='bbox 2244 2346 2529 2414; x_wconf 88' lang='lat' dir='ltr'><strong><em>disseruit,</em></strong></span> <span class='ocrx_word' id='word_1_345' title='bbox 2584 2356 2645 2402; x_wconf 91' lang='lat' dir='ltr'><strong><em>ut</em></strong></span> <span class='ocrx_word' id='word_1_346' title='bbox 2681 2350 2799 2419; x_wconf 82' lang='lat' dir='ltr'><strong><em>spei</em></strong></span> <span class='ocrx_word' id='word_1_347' title='bbox 2848 2359 3071 2418; x_wconf 66' lang='lat' dir='ltr'><strong><em>nostrae,</em></strong></span> <span class='ocrx_word' id='word_1_348' title='bbox 3125 2364 3289 2420; x_wconf 88' lang='lat' dir='ltr'><strong><em>quam</em></strong></span> <span class='ocrx_word' id='word_1_349' title='bbox 3333 2350 3400 2404; x_wconf 92' lang='lat' dir='ltr'><strong><em>de</em></strong></span> <span class='ocrx_word' id='word_1_350' title='bbox 3441 2364 3570 2405; x_wconf 86' lang='lat' dir='ltr'><strong><em>vera</em></strong></span> 
     </span>
    </p>
   </div>
   <div class='ocr_carea' id='block_1_47' title="bbox 313 2436 1878 2509">
    <p class='ocr_par' dir='ltr' id='par_1_47' title="bbox 313 2436 1878 2509">
     <span class='ocr_line' id='line_1_47' title="bbox 313 2436 1878 2509; baseline 0.005 -18"><span class='ocrx_word' id='word_1_351' title='bbox 313 2438 717 2492; x_wconf 82' lang='lat' dir='ltr'><strong><em>resurrectione</em></strong></span> <span class='ocrx_word' id='word_1_352' title='bbox 761 2436 928 2508; x_wconf 80' lang='lat'><strong><em>599</em></strong></span> <span class='ocrx_word' id='word_1_353' title='bbox 966 2439 1318 2509; x_wconf 79' lang='lat' dir='ltr'><strong><em>concepimus</em></strong></span> <span class='ocrx_word' id='word_1_354' title='bbox 1363 2438 1524 2496; x_wconf 88' lang='lat' dir='ltr'><strong><em>ﬁdem</em></strong></span> <span class='ocrx_word' id='word_1_355' title='bbox 1583 2449 1878 2499; x_wconf 85' lang='lat' dir='ltr'><strong><em>assereret.</em></strong></span> 
     </span>
    </p>
   </div>
   <div class='ocr_carea' id='block_1_48' title="bbox 396 2529 1886 2608">
    <p class='ocr_par' dir='ltr' id='par_1_48' title="bbox 396 2529 1886 2608">
     <span class='ocr_line' id='line_1_48' title="bbox 396 2529 1886 2608; baseline 0.005 -26"><span class='ocrx_word' id='word_1_356' title='bbox 396 2529 529 2583; x_wconf 75' lang='grc' dir='ltr'><strong><em>Ἀπὸ</em></strong></span> <span class='ocrx_word' id='word_1_357' title='bbox 550 2531 739 2584; x_wconf 84' lang='grc' dir='ltr'>τούτου</span> <span class='ocrx_word' id='word_1_358' title='bbox 760 2530 1139 2603; x_wconf 79' lang='grc' dir='ltr'>διαδεξάμενος</span> <span class='ocrx_word' id='word_1_359' title='bbox 1164 2535 1193 2586; x_wconf 86' lang='grc' dir='ltr'>ὁ</span> <span class='ocrx_word' id='word_1_360' title='bbox 1230 2533 1573 2602; x_wconf 78' lang='grc' dir='ltr'>’Δπόστολος,</span> <span class='ocrx_word' id='word_1_361' title='bbox 1606 2536 1886 2608; x_wconf 81' lang='grc' dir='ltr'>Πνεύματι</span> 
     </span>
    </p>
   </div>
   <div class='ocr_carea' id='block_1_49' title="bbox 2058 2525 3570 2605">
    <p class='ocr_par' dir='ltr' id='par_1_49' title="bbox 2058 2525 3570 2605">
     <span class='ocr_line' id='line_1_49' title="bbox 2058 2525 3570 2605; baseline 0.009 -25"><span class='ocrx_word' id='word_1_362' title='bbox 2058 2525 2197 2581; x_wconf 86' lang='lat' dir='ltr'><strong><em>Huic</em></strong></span> <span class='ocrx_word' id='word_1_363' title='bbox 2254 2527 2526 2583; x_wconf 86' lang='lat' dir='ltr'><strong><em>successit</em></strong></span> <span class='ocrx_word' id='word_1_364' title='bbox 2579 2528 2900 2599; x_wconf 82' lang='lat' dir='ltr'><strong><em>Apostolus,</em></strong></span> <span class='ocrx_word' id='word_1_365' title='bbox 2964 2530 3059 2601; x_wconf 89' lang='lat' dir='ltr'><strong><em>qui</em></strong></span> <span class='ocrx_word' id='word_1_366' title='bbox 3109 2532 3282 2587; x_wconf 87' lang='lat' dir='ltr'><strong><em>divini</em></strong></span> <span class='ocrx_word' id='word_1_367' title='bbox 3328 2533 3570 2605; x_wconf 81' lang='lat' dir='ltr'><strong><em>Spiritus</em></strong></span> 
     </span>
    </p>
   </div>
   <div class='ocr_carea' id='block_1_50' title="bbox 315 2618 1897 2701">
    <p class='ocr_par' dir='ltr' id='par_1_50' title="bbox 315 2622 1890 2701">
     <span class='ocr_line' id='line_1_50' title="bbox 315 2622 1890 2701; baseline 0.006 -27"><span class='ocrx_word' id='word_1_368' title='bbox 315 2622 456 2693; x_wconf 81' lang='grc' dir='ltr'>ἁγίῳ</span> <span class='ocrx_word' id='word_1_369' title='bbox 489 2624 807 2695; x_wconf 85' lang='grc' dir='ltr'>φερόμενος,</span> <span class='ocrx_word' id='word_1_370' title='bbox 830 2625 931 2697; x_wconf 82' lang='grc' dir='ltr'><strong><em>τὴν</em></strong></span> <span class='ocrx_word' id='word_1_371' title='bbox 960 2625 1100 2697; x_wconf 81' lang='grc' dir='ltr'>μετὰ</span> <span class='ocrx_word' id='word_1_372' title='bbox 1145 2625 1246 2698; x_wconf 80' lang='grc' dir='ltr'><strong><em>τὴν</em></strong></span> <span class='ocrx_word' id='word_1_373' title='bbox 1289 2626 1587 2682; x_wconf 83' lang='grc' dir='ltr'><em>ἀνάστασιν</em></span> <span class='ocrx_word' id='word_1_374' title='bbox 1625 2629 1890 2701; x_wconf 75' lang='grc' dir='ltr'><strong><em>ἐσομένην</em></strong></span> 
     </span>
    </p>
   </div>
   <div class='ocr_carea' id='block_1_51' title="bbox 1995 2618 3577 2701">
    <p class='ocr_par' dir='ltr' id='par_1_51' title="bbox 1995 2618 3577 2694">
     <span class='ocr_line' id='line_1_51' title="bbox 1995 2618 3577 2694; baseline 0.009 -23"><span class='ocrx_word' id='word_1_375' title='bbox 1995 2618 2189 2683; x_wconf 77' lang='lat' dir='ltr'><strong><em>aﬁlatu,</em></strong></span> <span class='ocrx_word' id='word_1_376' title='bbox 2244 2626 2570 2674; x_wconf 88' lang='lat' dir='ltr'><strong><em>sanctorum</em></strong></span> <span class='ocrx_word' id='word_1_377' title='bbox 2611 2622 2865 2691; x_wconf 81' lang='lat' dir='ltr'><strong><em>gloriam,</em></strong></span> <span class='ocrx_word' id='word_1_378' title='bbox 2914 2639 3036 2693; x_wconf 70' lang='lat' dir='ltr'><strong><em>quae</em></strong></span> <span class='ocrx_word' id='word_1_379' title='bbox 3062 2635 3187 2694; x_wconf 88' lang='lat' dir='ltr'><strong><em>post</em></strong></span> <span class='ocrx_word' id='word_1_380' title='bbox 3218 2634 3577 2686; x_wconf 76' lang='lat' dir='ltr'><strong><em>resurrectio-</em></strong></span> 
     </span>
    </p>
   </div>
   <div class='ocr_carea' id='block_1_52' title="bbox 315 2712 1897 2793">
    <p class='ocr_par' dir='ltr' id='par_1_52' title="bbox 315 2714 1890 2793">
     <span class='ocr_line' id='line_1_52' title="bbox 315 2714 1890 2793; baseline 0.006 -28"><span class='ocrx_word' id='word_1_381' title='bbox 315 2714 473 2778; x_wconf 80' lang='grc' dir='ltr'>δόξαν</span> <span class='ocrx_word' id='word_1_382' title='bbox 503 2715 613 2769; x_wconf 86' lang='grc' dir='ltr'>τῶν</span> <span class='ocrx_word' id='word_1_383' title='bbox 638 2716 810 2785; x_wconf 83' lang='grc' dir='ltr'>ἁγίων</span> <span class='ocrx_word' id='word_1_384' title='bbox 833 2717 1190 2789; x_wconf 86' lang='grc' dir='ltr'>διηγούμενος</span> <span class='ocrx_word' id='word_1_385' title='bbox 1220 2720 1371 2790; x_wconf 79' lang='grc' dir='ltr'>ἡμῖν,</span> <span class='ocrx_word' id='word_1_386' title='bbox 1402 2721 1497 2774; x_wconf 88' lang='lat' dir='ltr'><strong><em>xui</em></strong></span> <span class='ocrx_word' id='word_1_387' title='bbox 1511 2722 1609 2791; x_wconf 82' lang='grc' dir='ltr'><strong><em>τὴν</em></strong></span> <span class='ocrx_word' id='word_1_388' title='bbox 1627 2722 1726 2793; x_wconf 83' lang='grc' dir='ltr'><strong><em>τῆς</em></strong></span> <span class='ocrx_word' id='word_1_389' title='bbox 1754 2723 1890 2774; x_wconf 84' lang='grc' dir='ltr'>ἀπο-</span> 
     </span>
    </p>
   </div>
   <div class='ocr_carea' id='block_1_53' title="bbox 1995 2712 3570 2793">
    <p class='ocr_par' dir='ltr' id='par_1_53' title="bbox 1995 2712 3570 2790">
     <span class='ocr_line' id='line_1_53' title="bbox 1995 2712 3570 2790; baseline 0.009 -26"><span class='ocrx_word' id='word_1_390' title='bbox 1995 2727 2109 2766; x_wconf 88' lang='lat' dir='ltr'><strong><em>nem</em></strong></span> <span class='ocrx_word' id='word_1_391' title='bbox 2140 2712 2331 2766; x_wconf 86' lang='lat' dir='ltr'><strong><em>futura</em></strong></span> <span class='ocrx_word' id='word_1_392' title='bbox 2366 2722 2471 2779; x_wconf 92' lang='lat' dir='ltr'><strong><em>est,</em></strong></span> <span class='ocrx_word' id='word_1_393' title='bbox 2520 2729 2584 2767; x_wconf 90' lang='lat' dir='ltr'><strong><em>ac</em></strong></span> <span class='ocrx_word' id='word_1_394' title='bbox 2628 2714 2897 2769; x_wconf 88' lang='lat' dir='ltr'><strong><em>bonorum</em></strong></span> <span class='ocrx_word' id='word_1_395' title='bbox 2941 2719 3176 2773; x_wconf 89' lang='lat' dir='ltr'><strong><em>fructum</em></strong></span> <span class='ocrx_word' id='word_1_396' title='bbox 3207 2722 3570 2790; x_wconf 88' lang='lat' dir='ltr'><strong><em>voluptatem-</em></strong></span> 
     </span>
    </p>
   </div>
   <div class='ocr_carea' id='block_1_54' title="bbox 316 2805 1897 2879">
    <p class='ocr_par' dir='ltr' id='par_1_54' title="bbox 316 2806 1887 2879">
     <span class='ocr_line' id='line_1_54' title="bbox 316 2806 1887 2879; baseline 0.005 -21"><span class='ocrx_word' id='word_1_397' title='bbox 316 2806 557 2872; x_wconf 86' lang='grc' dir='ltr'>λαύσεως</span> <span class='ocrx_word' id='word_1_398' title='bbox 588 2808 698 2862; x_wconf 87' lang='grc' dir='ltr'><strong><em>τῶν</em></strong></span> <span class='ocrx_word' id='word_1_399' title='bbox 716 2809 957 2879; x_wconf 80' lang='grc' dir='ltr'>ἀγαθῶν,</span> <span class='ocrx_word' id='word_1_400' title='bbox 994 2809 1233 2864; x_wconf 87' lang='grc' dir='ltr'>δείκνυσι</span> <span class='ocrx_word' id='word_1_401' title='bbox 1268 2812 1429 2866; x_wconf 80' lang='grc' dir='ltr'>πάλιν</span> <span class='ocrx_word' id='word_1_402' title='bbox 1455 2813 1543 2868; x_wconf 82' lang='grc' dir='ltr'>διὰ</span> <span class='ocrx_word' id='word_1_403' title='bbox 1561 2813 1656 2866; x_wconf 81' lang='grc' dir='ltr'>τοῦ</span> <span class='ocrx_word' id='word_1_404' title='bbox 1683 2813 1887 2867; x_wconf 88' lang='grc' dir='ltr'>κόκκου</span> 
     </span>
    </p>
   </div>
   <div class='ocr_carea' id='block_1_55' title="bbox 1995 2805 3572 2879">
    <p class='ocr_par' dir='ltr' id='par_1_55' title="bbox 1995 2805 3572 2876">
     <span class='ocr_line' id='line_1_55' title="bbox 1995 2805 3572 2876; baseline 0.01 -19"><span class='ocrx_word' id='word_1_405' title='bbox 1995 2818 2091 2874; x_wconf 83' lang='lat' dir='ltr'><strong><em>que</em></strong></span> <span class='ocrx_word' id='word_1_406' title='bbox 2125 2805 2438 2867; x_wconf 87' lang='lat' dir='ltr'><strong><em>declarans,</em></strong></span> <span class='ocrx_word' id='word_1_407' title='bbox 2474 2805 2664 2860; x_wconf 88' lang='lat' dir='ltr'><strong><em>eadem</em></strong></span> <span class='ocrx_word' id='word_1_408' title='bbox 2704 2809 2858 2876; x_wconf 79' lang='lat' dir='ltr'><strong><em>grani</em></strong></span> <span class='ocrx_word' id='word_1_409' title='bbox 2894 2809 3062 2864; x_wconf 89' lang='lat' dir='ltr'><strong><em>tritici</em></strong></span> <span class='ocrx_word' id='word_1_410' title='bbox 3089 2813 3447 2871; x_wconf 86' lang='lat' dir='ltr'><strong><em>similitudine</em></strong></span> <span class='ocrx_word' id='word_1_411' title='bbox 3477 2819 3572 2872; x_wconf 87' lang='lat' dir='ltr'><strong><em>de-</em></strong></span> 
     </span>
    </p>
   </div>
   <div class='ocr_carea' id='block_1_56' title="bbox 314 2898 1888 2976">
    <p class='ocr_par' dir='ltr' id='par_1_56' title="bbox 314 2898 1888 2976">
     <span class='ocr_line' id='line_1_56' title="bbox 314 2898 1888 2976; baseline 0.007 -26"><span class='ocrx_word' id='word_1_412' title='bbox 314 2898 409 2951; x_wconf 83' lang='grc' dir='ltr'>τοῦ</span> <span class='ocrx_word' id='word_1_413' title='bbox 449 2900 619 2967; x_wconf 80' lang='grc' dir='ltr'>σίτου,</span> <span class='ocrx_word' id='word_1_414' title='bbox 670 2902 810 2955; x_wconf 82' lang='grc' dir='ltr'>κατὰ</span> <span class='ocrx_word' id='word_1_415' title='bbox 844 2900 953 2956; x_wconf 81' lang='grc' dir='ltr'><strong><em>τῶν</em></strong></span> <span class='ocrx_word' id='word_1_416' title='bbox 1001 2902 1246 2957; x_wconf 82' lang='grc' dir='ltr'>ἀπίστων</span> <span class='ocrx_word' id='word_1_417' title='bbox 1289 2905 1888 2976; x_wconf 72' lang='grc' dir='ltr'>ἐπικηρυκευσάμενος.</span> 
     </span>
    </p>
   </div>
   <div class='ocr_carea' id='block_1_57' title="bbox 328 2990 1891 3065">
    <p class='ocr_par' dir='ltr' id='par_1_57' title="bbox 328 2990 1891 3065">
     <span class='ocr_line' id='line_1_57' title="bbox 328 2990 1891 3065; baseline 0.004 -21"><span class='ocrx_word' id='word_1_418' title='bbox 328 2990 504 3045; x_wconf 75' lang='grc' dir='ltr'><em>Ἀλλὰ</em></span> <span class='ocrx_word' id='word_1_419' title='bbox 525 2991 677 3059; x_wconf 81' lang='grc' dir='ltr'>ἐρεῖς</span> <span class='ocrx_word' id='word_1_420' title='bbox 696 3010 798 3062; x_wconf 83' lang='grc' dir='ltr'>μοι</span> <span class='ocrx_word' id='word_1_421' title='bbox 818 3009 834 3025; x_wconf 78' lang='grc' dir='ltr'><strong><em>ο</em></strong></span> <span class='ocrx_word' id='word_1_422' title='bbox 868 2992 1002 3060; x_wconf 84' lang='grc' dir='ltr'><strong><em>Πῶς</em></strong></span> <span class='ocrx_word' id='word_1_423' title='bbox 1026 2994 1355 3064; x_wconf 75' lang='grc' dir='ltr'>ἐγείρονται</span> <span class='ocrx_word' id='word_1_424' title='bbox 1382 2999 1437 3049; x_wconf 79' lang='lat' dir='ltr'><strong><em>oi</em></strong></span> <span class='ocrx_word' id='word_1_425' title='bbox 1474 2997 1712 3065; x_wconf 83' lang='grc' dir='ltr'>νεκροί;</span> <span class='ocrx_word' id='word_1_426' title='bbox 1735 2998 1891 3060; x_wconf 67' lang='grc' dir='ltr'>ποίῳ</span> 
     </span>
    </p>
   </div>
   <div class='ocr_carea' id='block_1_58' title="bbox 312 3082 1893 3161">
    <p class='ocr_par' dir='ltr' id='par_1_58' title="bbox 312 3082 1893 3161">
     <span class='ocr_line' id='line_1_58' title="bbox 312 3082 1893 3161; baseline 0.005 -26"><span class='ocrx_word' id='word_1_427' title='bbox 312 3082 383 3135; x_wconf 84' lang='grc' dir='ltr'>δὲ</span> <span class='ocrx_word' id='word_1_428' title='bbox 415 3083 637 3152; x_wconf 83' lang='grc' dir='ltr'>σώματι</span> <span class='ocrx_word' id='word_1_429' title='bbox 658 3085 931 3154; x_wconf 77' lang='grc' dir='ltr'>ἔρχονται</span> <span class='ocrx_word' id='word_1_430' title='bbox 948 3104 968 3151; x_wconf 88' lang='grc'><strong><em>;</em></strong></span> <span class='ocrx_word' id='word_1_431' title='bbox 989 3088 1096 3142; x_wconf 83' lang='grc' dir='ltr'>Καί</span> <span class='ocrx_word' id='word_1_432' title='bbox 1116 3106 1250 3160; x_wconf 89' lang='grc' dir='ltr'>φησι</span> <span class='ocrx_word' id='word_1_433' title='bbox 1285 3088 1422 3160; x_wconf 85' lang='grc' dir='ltr'>πρὸς</span> <span class='ocrx_word' id='word_1_434' title='bbox 1448 3087 1542 3143; x_wconf 79' lang='grc' dir='ltr'><strong><em>τὸν</em></strong></span> <span class='ocrx_word' id='word_1_435' title='bbox 1568 3089 1637 3143; x_wconf 84' lang='grc' dir='ltr'><strong><em>τὰ</em></strong></span> <span class='ocrx_word' id='word_1_436' title='bbox 1666 3088 1893 3161; x_wconf 81' lang='grc' dir='ltr'>τοιαῦτα</span> 
     </span>
    </p>
   </div>
   <div class='ocr_carea' id='block_1_59' title="bbox 316 3174 1891 3252">
    <p class='ocr_par' dir='ltr' id='par_1_59' title="bbox 316 3174 1891 3252">
     <span class='ocr_line' id='line_1_59' title="bbox 316 3174 1891 3252; baseline 0.004 -25"><span class='ocrx_word' id='word_1_437' title='bbox 316 3174 537 3244; x_wconf 84' lang='grc' dir='ltr'>λέγοντα</span> <span class='ocrx_word' id='word_1_438' title='bbox 558 3194 573 3207; x_wconf 75' lang='grc' dir='ltr'><strong>ο</strong></span> <span class='ocrx_word' id='word_1_439' title='bbox 628 3177 873 3245; x_wconf 74' lang='grc' dir='ltr'>Ἀφρον.</span> <span class='ocrx_word' id='word_1_440' title='bbox 921 3178 979 3232; x_wconf 82' lang='grc'><strong><em>’0</em></strong></span> <span class='ocrx_word' id='word_1_441' title='bbox 1026 3180 1135 3250; x_wconf 80' lang='grc' dir='ltr'>γὰρ</span> <span class='ocrx_word' id='word_1_442' title='bbox 1182 3180 1322 3243; x_wconf 84' lang='grc' dir='ltr'>ὅλως</span> <span class='ocrx_word' id='word_1_443' title='bbox 1367 3180 1497 3252; x_wconf 76' lang='grc' dir='ltr'>περὶ</span> <span class='ocrx_word' id='word_1_444' title='bbox 1539 3180 1891 3245; x_wconf 82' lang='grc' dir='ltr'><strong><em>ἀναστάσεως</em></strong></span> 
     </span>
    </p>
   </div>
   <div class='ocr_carea' id='block_1_60' title="bbox 313 3264 1890 3344">
    <p class='ocr_par' dir='ltr' id='par_1_60' title="bbox 313 3264 1890 3344">
     <span class='ocr_line' id='line_1_60' title="bbox 313 3264 1890 3344; baseline 0.005 -25"><span class='ocrx_word' id='word_1_445' title='bbox 313 3264 668 3338; x_wconf 79' lang='grc' dir='ltr'>ἀμφιδάλλων</span> <span class='ocrx_word' id='word_1_446' title='bbox 699 3270 891 3341; x_wconf 77' lang='grc' dir='ltr'>ἄφρων</span> <span class='ocrx_word' id='word_1_447' title='bbox 924 3272 1042 3324; x_wconf 79' lang='grc' dir='ltr'><strong><em>ἐστὶ</em></strong></span> <span class='ocrx_word' id='word_1_448' title='bbox 1076 3273 1171 3326; x_wconf 91' lang='lat' dir='ltr'><strong><em>xui</em></strong></span> <span class='ocrx_word' id='word_1_449' title='bbox 1198 3271 1477 3337; x_wconf 80' lang='grc' dir='ltr'>ἀσύνετος.</span> <span class='ocrx_word' id='word_1_450' title='bbox 1527 3268 1666 3327; x_wconf 80' lang='grc' dir='ltr'><strong><em>Εἶτά</em></strong></span> <span class='ocrx_word' id='word_1_451' title='bbox 1692 3289 1890 3344; x_wconf 72' lang='grc' dir='ltr'>φησιν*</span> 
     </span>
    </p>
   </div>
   <div class='ocr_carea' id='block_1_61' title="bbox 1995 2896 3573 2971">
    <p class='ocr_par' dir='ltr' id='par_1_61' title="bbox 1995 2896 3573 2971">
     <span class='ocr_line' id='line_1_61' title="bbox 1995 2896 3573 2971; baseline 0.008 -22"><span class='ocrx_word' id='word_1_452' title='bbox 1995 2902 2290 2959; x_wconf 89' lang='lat' dir='ltr'><strong><em>monstrat,</em></strong></span> <span class='ocrx_word' id='word_1_453' title='bbox 2338 2896 2446 2950; x_wconf 89' lang='lat' dir='ltr'><strong><em>tale</em></strong></span> <span class='ocrx_word' id='word_1_454' title='bbox 2478 2897 2746 2953; x_wconf 88' lang='lat' dir='ltr'><strong><em>adversus</em></strong></span> <span class='ocrx_word' id='word_1_455' title='bbox 2778 2898 3025 2955; x_wconf 86' lang='lat' dir='ltr'><strong><em>inﬁdeles</em></strong></span> <span class='ocrx_word' id='word_1_456' title='bbox 3053 2905 3383 2971; x_wconf 65' lang='lat' dir='ltr'><strong><em>praeconium</em></strong></span> <span class='ocrx_word' id='word_1_457' title='bbox 3412 2908 3573 2963; x_wconf 85' lang='lat' dir='ltr'><strong><em>insti-</em></strong></span> 
     </span>
    </p>
   </div>
   <div class='ocr_carea' id='block_1_62' title="bbox 1998 2986 3574 3064">
    <p class='ocr_par' dir='ltr' id='par_1_62' title="bbox 1998 2986 3574 3064">
     <span class='ocr_line' id='line_1_62' title="bbox 1998 2986 3574 3064; baseline 0.01 -25"><span class='ocrx_word' id='word_1_458' title='bbox 1998 2994 2184 3041; x_wconf 89' lang='lat' dir='ltr'><strong><em>tuens.</em></strong></span> <span class='ocrx_word' id='word_1_459' title='bbox 2237 2987 2308 3039; x_wconf 79' lang='lat' dir='ltr'><strong><em>At</em></strong></span> <span class='ocrx_word' id='word_1_460' title='bbox 2333 2986 2475 3041; x_wconf 86' lang='lat' dir='ltr'><strong><em>dices</em></strong></span> <span class='ocrx_word' id='word_1_461' title='bbox 2504 2988 2633 3041; x_wconf 72' lang='lat' dir='ltr'><strong><em>milii</em></strong></span> <span class='ocrx_word' id='word_1_462' title='bbox 2663 3004 2682 3042; x_wconf 90' lang='lat'><strong><em>:</em></strong></span> <span class='ocrx_word' id='word_1_463' title='bbox 2711 2989 2987 3055; x_wconf 82' lang='lat' dir='ltr'><strong><em>Quomodo</em></strong></span> <span class='ocrx_word' id='word_1_464' title='bbox 3017 3007 3295 3064; x_wconf 85' lang='lat' dir='ltr'><strong><em>resurgunt</em></strong></span> <span class='ocrx_word' id='word_1_465' title='bbox 3330 3001 3574 3056; x_wconf 82' lang='lat' dir='ltr'><strong><em>mortui?</em></strong></span> 
     </span>
    </p>
   </div>
   <div class='ocr_carea' id='block_1_63' title="bbox 1999 3082 3565 3157">
    <p class='ocr_par' dir='ltr' id='par_1_63' title="bbox 1999 3082 3565 3157">
     <span class='ocr_line' id='line_1_63' title="bbox 1999 3082 3565 3157; baseline 0.01 -27"><span class='ocrx_word' id='word_1_466' title='bbox 1999 3094 2226 3148; x_wconf 88' lang='lat' dir='ltr'><strong><em>quonam</em></strong></span> <span class='ocrx_word' id='word_1_467' title='bbox 2251 3094 2369 3131; x_wconf 83' lang='lat' dir='ltr'><strong><em>vero</em></strong></span> <span class='ocrx_word' id='word_1_468' title='bbox 2387 3095 2602 3148; x_wconf 87' lang='lat' dir='ltr'><strong><em>corpore</em></strong></span> <span class='ocrx_word' id='word_1_469' title='bbox 2622 3082 2902 3134; x_wconf 78' lang='lat' dir='ltr'><strong><em>veniunt‘?</em></strong></span> <span class='ocrx_word' id='word_1_470' title='bbox 2921 3083 3002 3136; x_wconf 83' lang='lat' dir='ltr'><strong><em>Ad</em></strong></span> <span class='ocrx_word' id='word_1_471' title='bbox 3022 3083 3137 3139; x_wconf 72' lang='lat' dir='ltr'><strong><em>haec</em></strong></span> <span class='ocrx_word' id='word_1_472' title='bbox 3155 3088 3227 3139; x_wconf 89' lang='lat' dir='ltr'><strong><em>ita</em></strong></span> <span class='ocrx_word' id='word_1_473' title='bbox 3251 3090 3565 3157; x_wconf 87' lang='lat' dir='ltr'><strong><em>respondit:</em></strong></span> 
     </span>
    </p>
   </div>
   <div class='ocr_carea' id='block_1_64' title="bbox 1992 3169 3572 3249">
    <p class='ocr_par' dir='ltr' id='par_1_64' title="bbox 1992 3169 3572 3249">
     <span class='ocr_line' id='line_1_64' title="bbox 1992 3169 3572 3249; baseline 0.006 -22"><span class='ocrx_word' id='word_1_474' title='bbox 1992 3171 2186 3227; x_wconf 82' lang='lat' dir='ltr'><strong><em>Stulte.</em></strong></span> <span class='ocrx_word' id='word_1_475' title='bbox 2220 3169 2433 3226; x_wconf 90' lang='lat' dir='ltr'><strong><em>Stultus</em></strong></span> <span class='ocrx_word' id='word_1_476' title='bbox 2455 3173 2599 3226; x_wconf 90' lang='lat' dir='ltr'><strong><em>enim</em></strong></span> <span class='ocrx_word' id='word_1_477' title='bbox 2629 3180 2712 3227; x_wconf 85' lang='lat' dir='ltr'><strong><em>est</em></strong></span> <span class='ocrx_word' id='word_1_478' title='bbox 2741 3182 2795 3227; x_wconf 92' lang='lat' dir='ltr'><strong><em>et</em></strong></span> <span class='ocrx_word' id='word_1_479' title='bbox 2829 3173 3169 3244; x_wconf 86' lang='lat' dir='ltr'><strong><em>imprudens,</em></strong></span> <span class='ocrx_word' id='word_1_480' title='bbox 3212 3180 3305 3249; x_wconf 90' lang='lat' dir='ltr'><strong><em>qui</em></strong></span> <span class='ocrx_word' id='word_1_481' title='bbox 3344 3184 3572 3237; x_wconf 90' lang='lat' dir='ltr'><strong><em>omnino</em></strong></span> 
     </span>
    </p>
   </div>
   <div class='ocr_carea' id='block_1_65' title="bbox 1993 3262 3568 3340">
    <p class='ocr_par' dir='ltr' id='par_1_65' title="bbox 1993 3262 3568 3340">
     <span class='ocr_line' id='line_1_65' title="bbox 1993 3262 3568 3340; baseline 0.008 -24"><span class='ocrx_word' id='word_1_482' title='bbox 1993 3262 2061 3319; x_wconf 88' lang='lat' dir='ltr'><strong><em>de</em></strong></span> <span class='ocrx_word' id='word_1_483' title='bbox 2088 3264 2494 3318; x_wconf 89' lang='lat' dir='ltr'><strong><em>resurrectione</em></strong></span> <span class='ocrx_word' id='word_1_484' title='bbox 2527 3264 2763 3320; x_wconf 83' lang='lat' dir='ltr'><strong><em>dubitat.</em></strong></span> <span class='ocrx_word' id='word_1_485' title='bbox 2793 3264 2935 3335; x_wconf 88' lang='lat' dir='ltr'><strong><em>Ergo</em></strong></span> <span class='ocrx_word' id='word_1_486' title='bbox 2966 3267 3041 3320; x_wconf 89' lang='lat' dir='ltr'><strong><em>ita</em></strong></span> <span class='ocrx_word' id='word_1_487' title='bbox 3072 3269 3294 3339; x_wconf 85' lang='lat' dir='ltr'><strong><em>subjicit</em></strong></span> <span class='ocrx_word' id='word_1_488' title='bbox 3325 3290 3340 3327; x_wconf 86' lang='lat'><strong>:</strong></span> <span class='ocrx_word' id='word_1_489' title='bbox 3373 3272 3568 3340; x_wconf 85' lang='lat' dir='ltr'><strong><em>Stulte,</em></strong></span> 
     </span>
    </p>
   </div>
   <div class='ocr_carea' id='block_1_66' title="bbox 316 3353 1897 3434">
    <p class='ocr_par' dir='ltr' id='par_1_66' title="bbox 316 3359 1890 3434">
     <span class='ocr_line' id='line_1_66' title="bbox 316 3359 1890 3434; baseline 0.003 -21"><span class='ocrx_word' id='word_1_490' title='bbox 316 3360 554 3428; x_wconf 75' lang='grc' dir='ltr'>Ἄφρον,</span> <span class='ocrx_word' id='word_1_491' title='bbox 604 3360 686 3415; x_wconf 84' lang='grc' dir='ltr'><strong><em>σὺ</em></strong></span> <span class='ocrx_word' id='word_1_492' title='bbox 732 3360 763 3414; x_wconf 87' lang='grc' dir='ltr'><strong>ὃ</strong></span> <span class='ocrx_word' id='word_1_493' title='bbox 803 3363 1067 3432; x_wconf 79' lang='grc' dir='ltr'>σπείρεις</span> <span class='ocrx_word' id='word_1_494' title='bbox 1099 3364 1169 3417; x_wconf 88' lang='grc' dir='ltr'>οὐ</span> <span class='ocrx_word' id='word_1_495' title='bbox 1220 3359 1610 3433; x_wconf 77' lang='grc' dir='ltr'>ζωογονεῖται,</span> <span class='ocrx_word' id='word_1_496' title='bbox 1664 3364 1773 3417; x_wconf 83' lang='grc' dir='ltr'><strong><em>ἐὰν</em></strong></span> <span class='ocrx_word' id='word_1_497' title='bbox 1803 3362 1890 3434; x_wconf 82' lang='grc' dir='ltr'><strong><em>μὴ</em></strong></span> 
     </span>
    </p>
   </div>
   <div class='ocr_carea' id='block_1_67' title="bbox 1995 3353 3565 3434">
    <p class='ocr_par' dir='ltr' id='par_1_67' title="bbox 1995 3353 3565 3430">
     <span class='ocr_line' id='line_1_67' title="bbox 1995 3353 3565 3430; baseline 0.008 -24"><span class='ocrx_word' id='word_1_498' title='bbox 1995 3362 2051 3406; x_wconf 80' lang='grc' dir='ltr'><strong><em>ιιι</em></strong></span> <span class='ocrx_word' id='word_1_499' title='bbox 2074 3353 2212 3423; x_wconf 84' lang='lat' dir='ltr'><strong><em>quod</em></strong></span> <span class='ocrx_word' id='word_1_500' title='bbox 2237 3354 2467 3407; x_wconf 90' lang='lat' dir='ltr'><strong><em>seminus</em></strong></span> <span class='ocrx_word' id='word_1_501' title='bbox 2493 3371 2597 3407; x_wconf 86' lang='lat' dir='ltr'><strong><em>non</em></strong></span> <span class='ocrx_word' id='word_1_502' title='bbox 2624 3355 2944 3423; x_wconf 68' lang='lat' dir='ltr'><strong><em>piuiﬁcatur,</em></strong></span> <span class='ocrx_word' id='word_1_503' title='bbox 2971 3357 3074 3409; x_wconf 90' lang='lat' dir='ltr'><strong><em>nisi</em></strong></span> <span class='ocrx_word' id='word_1_504' title='bbox 3098 3368 3362 3415; x_wconf 88' lang='lat' dir='ltr'><strong><em>mortuum</em></strong></span> <span class='ocrx_word' id='word_1_505' title='bbox 3385 3364 3565 3430; x_wconf 80' lang='lat' dir='ltr'><strong><em>fuerit.</em></strong></span> 
     </span>
    </p>
   </div>
   <div class='ocr_carea' id='block_1_68' title="bbox 312 3444 1897 3527">
    <p class='ocr_par' dir='ltr' id='par_1_68' title="bbox 312 3450 1893 3527">
     <span class='ocr_line' id='line_1_68' title="bbox 312 3450 1893 3527; baseline 0.004 -22"><span class='ocrx_word' id='word_1_506' title='bbox 312 3450 603 3522; x_wconf 79' lang='grc' dir='ltr'>ἀποθάνῃ.</span> <span class='ocrx_word' id='word_1_507' title='bbox 629 3451 740 3507; x_wconf 78' lang='grc' dir='ltr'><strong><em>Καὶ</em></strong></span> <span class='ocrx_word' id='word_1_508' title='bbox 765 3450 797 3506; x_wconf 81' lang='grc' dir='ltr'>ὃ</span> <span class='ocrx_word' id='word_1_509' title='bbox 819 3456 1105 3523; x_wconf 79' lang='grc' dir='ltr'>σπείρεις,</span> <span class='ocrx_word' id='word_1_510' title='bbox 1125 3457 1197 3511; x_wconf 85' lang='grc' dir='ltr'>οὐ</span> <span class='ocrx_word' id='word_1_511' title='bbox 1211 3456 1277 3511; x_wconf 88' lang='grc' dir='ltr'>τὸ</span> <span class='ocrx_word' id='word_1_512' title='bbox 1291 3457 1701 3527; x_wconf 80' lang='grc' dir='ltr'>γενησόμενον</span> <span class='ocrx_word' id='word_1_513' title='bbox 1716 3456 1893 3526; x_wconf 79' lang='grc' dir='ltr'><strong><em>σῶμα</em></strong></span> 
     </span>
    </p>
   </div>
   <div class='ocr_carea' id='block_1_69' title="bbox 1995 3444 3569 3527">
    <p class='ocr_par' dir='ltr' id='par_1_69' title="bbox 1995 3444 3569 3517">
     <span class='ocr_line' id='line_1_69' title="bbox 1995 3444 3569 3517; baseline 0.007 -19"><span class='ocrx_word' id='word_1_514' title='bbox 1995 3444 2064 3498; x_wconf 85' lang='lat' dir='ltr'><strong><em>Et</em></strong></span> <span class='ocrx_word' id='word_1_515' title='bbox 2093 3445 2231 3515; x_wconf 86' lang='lat' dir='ltr'><strong><em>quod</em></strong></span> <span class='ocrx_word' id='word_1_516' title='bbox 2268 3446 2520 3510; x_wconf 88' lang='lat' dir='ltr'><strong><em>seminus,</em></strong></span> <span class='ocrx_word' id='word_1_517' title='bbox 2556 3463 2656 3499; x_wconf 90' lang='lat' dir='ltr'><strong><em>non</em></strong></span> <span class='ocrx_word' id='word_1_518' title='bbox 2688 3446 2930 3515; x_wconf 82' lang='lat' dir='ltr'><strong><em>futurum</em></strong></span> <span class='ocrx_word' id='word_1_519' title='bbox 2970 3464 3157 3517; x_wconf 85' lang='lat' dir='ltr'><strong><em>corpus</em></strong></span> <span class='ocrx_word' id='word_1_520' title='bbox 3188 3454 3439 3517; x_wconf 85' lang='lat' dir='ltr'><strong><em>seminus,</em></strong></span> <span class='ocrx_word' id='word_1_521' title='bbox 3478 3455 3569 3509; x_wconf 83' lang='lat' dir='ltr'><strong><em>sed</em></strong></span> 
     </span>
    </p>
   </div>
   <div class='ocr_carea' id='block_1_70' title="bbox 312 3537 1897 3619">
    <p class='ocr_par' dir='ltr' id='par_1_70' title="bbox 312 3544 1889 3619">
     <span class='ocr_line' id='line_1_70' title="bbox 312 3544 1889 3619; baseline 0.009 -25"><span class='ocrx_word' id='word_1_522' title='bbox 312 3544 598 3613; x_wconf 83' lang='grc' dir='ltr'>σπείρεις,</span> <span class='ocrx_word' id='word_1_523' title='bbox 625 3544 785 3600; x_wconf 74' lang='grc' dir='ltr'><em>ἀλλὰ</em></span> <span class='ocrx_word' id='word_1_524' title='bbox 804 3546 1035 3616; x_wconf 83' lang='grc' dir='ltr'>γυμνὸν</span> <span class='ocrx_word' id='word_1_525' title='bbox 1061 3550 1308 3613; x_wconf 78' lang='grc' dir='ltr'>κόκκον,</span> <span class='ocrx_word' id='word_1_526' title='bbox 1334 3551 1387 3602; x_wconf 87' lang='grc' dir='ltr'><strong><em>εί</em></strong></span> <span class='ocrx_word' id='word_1_527' title='bbox 1411 3549 1601 3617; x_wconf 82' lang='grc' dir='ltr'>τύχοι,</span> <span class='ocrx_word' id='word_1_528' title='bbox 1629 3549 1826 3608; x_wconf 76' lang='grc' dir='ltr'>σίτου.</span> <span class='ocrx_word' id='word_1_529' title='bbox 1848 3549 1889 3619; x_wconf 84' lang='grc' dir='ltr'><em>ἢ</em></span> 
     </span>
    </p>
   </div>
   <div class='ocr_carea' id='block_1_71' title="bbox 1995 3537 3570 3619">
    <p class='ocr_par' dir='ltr' id='par_1_71' title="bbox 1995 3537 3570 3608">
     <span class='ocr_line' id='line_1_71' title="bbox 1995 3537 3570 3608; baseline 0.006 -17"><span class='ocrx_word' id='word_1_530' title='bbox 1995 3537 2192 3592; x_wconf 80' lang='lat' dir='ltr'><strong><em>nudum</em></strong></span> <span class='ocrx_word' id='word_1_531' title='bbox 2223 3554 2469 3608; x_wconf 86' lang='lat' dir='ltr'><strong><em>granum,</em></strong></span> <span class='ocrx_word' id='word_1_532' title='bbox 2509 3538 2733 3608; x_wconf 76' lang='lat' dir='ltr'><strong><em>exempli</em></strong></span> <span class='ocrx_word' id='word_1_533' title='bbox 2760 3555 2951 3605; x_wconf 86' lang='lat' dir='ltr'><strong><em>causa,</em></strong></span> <span class='ocrx_word' id='word_1_534' title='bbox 2986 3542 3170 3607; x_wconf 84' lang='lat' dir='ltr'><strong><em>tritici,</em></strong></span> <span class='ocrx_word' id='word_1_535' title='bbox 3206 3553 3297 3596; x_wconf 87' lang='lat' dir='ltr'><strong><em>aut</em></strong></span> <span class='ocrx_word' id='word_1_536' title='bbox 3339 3546 3570 3600; x_wconf 87' lang='lat' dir='ltr'><strong><em>aliorum</em></strong></span> 
     </span>
    </p>
   </div>
   <div class='ocr_carea' id='block_1_72' title="bbox 311 3629 1897 3710">
    <p class='ocr_par' dir='ltr' id='par_1_72' title="bbox 311 3634 1892 3710">
     <span class='ocr_line' id='line_1_72' title="bbox 311 3634 1892 3710; baseline 0.005 -22"><span class='ocrx_word' id='word_1_537' title='bbox 311 3634 430 3689; x_wconf 85' lang='grc' dir='ltr'>τῶν</span> <span class='ocrx_word' id='word_1_538' title='bbox 461 3636 667 3691; x_wconf 67' lang='grc' dir='ltr'><em>ἄλλων</em></span> <span class='ocrx_word' id='word_1_539' title='bbox 686 3639 1077 3708; x_wconf 81' lang='grc' dir='ltr'>σπερμάτων·</span> <span class='ocrx_word' id='word_1_540' title='bbox 1129 3640 1230 3694; x_wconf 76' lang='grc' dir='ltr'><strong><em>καί</em></strong></span> <span class='ocrx_word' id='word_1_541' title='bbox 1253 3641 1326 3695; x_wconf 89' lang='grc' dir='ltr'>οὐ</span> <span class='ocrx_word' id='word_1_542' title='bbox 1365 3640 1750 3710; x_wconf 74' lang='grc' dir='ltr'>ζωογονεῖται,</span> <span class='ocrx_word' id='word_1_543' title='bbox 1782 3640 1892 3696; x_wconf 77' lang='grc' dir='ltr'><strong><em>ἐὰν</em></strong></span> 
     </span>
    </p>
   </div>
   <div class='ocr_carea' id='block_1_73' title="bbox 1995 3629 3567 3710">
    <p class='ocr_par' dir='ltr' id='par_1_73' title="bbox 1995 3629 3567 3703">
     <span class='ocr_line' id='line_1_73' title="bbox 1995 3629 3567 3703; baseline 0.004 -21"><span class='ocrx_word' id='word_1_544' title='bbox 1995 3630 2285 3692; x_wconf 81' lang='lat' dir='ltr'><strong><em>seminum;</em></strong></span> <span class='ocrx_word' id='word_1_545' title='bbox 2313 3637 2362 3682; x_wconf 85' lang='lat' dir='ltr'><strong><em>et</em></strong></span> <span class='ocrx_word' id='word_1_546' title='bbox 2416 3645 2521 3682; x_wconf 89' lang='lat' dir='ltr'><strong><em>non</em></strong></span> <span class='ocrx_word' id='word_1_547' title='bbox 2566 3629 2884 3697; x_wconf 82' lang='lat' dir='ltr'><strong><em>viviﬁcatur,</em></strong></span> <span class='ocrx_word' id='word_1_548' title='bbox 2931 3630 3034 3683; x_wconf 83' lang='lat' dir='ltr'><strong><em>nisi</em></strong></span> <span class='ocrx_word' id='word_1_549' title='bbox 3079 3642 3342 3686; x_wconf 80' lang='lat' dir='ltr'><strong><em>mortuum</em></strong></span> <span class='ocrx_word' id='word_1_550' title='bbox 3384 3635 3567 3703; x_wconf 78' lang='lat' dir='ltr'><strong><em>fuerit.</em></strong></span> 
     </span>
    </p>
   </div>
   <div class='ocr_carea' id='block_1_74' title="bbox 310 3718 1897 3802">
    <p class='ocr_par' dir='ltr' id='par_1_74' title="bbox 310 3727 1890 3802">
     <span class='ocr_line' id='line_1_74' title="bbox 310 3727 1890 3802; baseline 0.003 -22"><span class='ocrx_word' id='word_1_551' title='bbox 310 3728 393 3795; x_wconf 77' lang='grc' dir='ltr'><strong><em>μὴ</em></strong></span> <span class='ocrx_word' id='word_1_552' title='bbox 422 3727 716 3798; x_wconf 64' lang='grc' dir='ltr'>ἀποθάνῃ.</span> <span class='ocrx_word' id='word_1_553' title='bbox 765 3731 819 3782; x_wconf 92' lang='grc' dir='ltr'>Ὁ</span> <span class='ocrx_word' id='word_1_554' title='bbox 869 3730 938 3783; x_wconf 80' lang='grc' dir='ltr'>δὲ</span> <span class='ocrx_word' id='word_1_555' title='bbox 987 3733 1132 3798; x_wconf 85' lang='grc' dir='ltr'>Θεὸς</span> <span class='ocrx_word' id='word_1_556' title='bbox 1164 3732 1414 3786; x_wconf 83' lang='grc' dir='ltr'>δίδωσιν</span> <span class='ocrx_word' id='word_1_557' title='bbox 1437 3731 1598 3797; x_wconf 83' lang='grc' dir='ltr'><strong><em>αὐτῷ</em></strong></span> <span class='ocrx_word' id='word_1_558' title='bbox 1618 3732 1790 3802; x_wconf 79' lang='grc' dir='ltr'><strong><em>σῶμα</em></strong></span> <span class='ocrx_word' id='word_1_559' title='bbox 1809 3734 1890 3799; x_wconf 87' lang='grc' dir='ltr'>ὡς</span> 
     </span>
    </p>
   </div>
   <div class='ocr_carea' id='block_1_75' title="bbox 1995 3718 3571 3802">
    <p class='ocr_par' dir='ltr' id='par_1_75' title="bbox 1995 3718 3571 3798">
     <span class='ocr_line' id='line_1_75' title="bbox 1995 3718 3571 3798; baseline 0.006 -26"><span class='ocrx_word' id='word_1_560' title='bbox 1995 3718 2132 3773; x_wconf 88' lang='lat' dir='ltr'><strong><em>Deus</em></strong></span> <span class='ocrx_word' id='word_1_561' title='bbox 2173 3728 2350 3773; x_wconf 87' lang='lat' dir='ltr'><strong><em>autem</em></strong></span> <span class='ocrx_word' id='word_1_562' title='bbox 2379 3719 2473 3773; x_wconf 89' lang='lat' dir='ltr'><strong><em>dat</em></strong></span> <span class='ocrx_word' id='word_1_563' title='bbox 2498 3720 2580 3774; x_wconf 90' lang='lat' dir='ltr'><strong><em>illi</em></strong></span> <span class='ocrx_word' id='word_1_564' title='bbox 2600 3738 2788 3790; x_wconf 84' lang='lat' dir='ltr'><strong><em>corpus</em></strong></span> <span class='ocrx_word' id='word_1_565' title='bbox 2814 3723 2953 3776; x_wconf 87' lang='lat' dir='ltr'><strong><em>sicut</em></strong></span> <span class='ocrx_word' id='word_1_566' title='bbox 2988 3723 3171 3790; x_wconf 81' lang='lat' dir='ltr'><strong><em>voluit,</em></strong></span> <span class='ocrx_word' id='word_1_567' title='bbox 3205 3735 3254 3779; x_wconf 87' lang='lat' dir='ltr'><strong><em>et</em></strong></span> <span class='ocrx_word' id='word_1_568' title='bbox 3284 3728 3571 3798; x_wconf 81' lang='lat' dir='ltr'><strong><em>unicuique</em></strong></span> 
     </span>
    </p>
   </div>
   <div class='ocr_carea' id='block_1_76' title="bbox 312 3811 1897 3895">
    <p class='ocr_par' dir='ltr' id='par_1_76' title="bbox 312 3818 1886 3895">
     <span class='ocr_line' id='line_1_76' title="bbox 312 3818 1886 3895; baseline 0.006 -25"><span class='ocrx_word' id='word_1_569' title='bbox 312 3818 594 3886; x_wconf 71' lang='grc' dir='ltr'>ἠθέλησε,</span> <span class='ocrx_word' id='word_1_570' title='bbox 621 3821 721 3873; x_wconf 79' lang='grc' dir='ltr'><strong><em>καί</em></strong></span> <span class='ocrx_word' id='word_1_571' title='bbox 750 3821 982 3885; x_wconf 81' lang='grc' dir='ltr'><strong><em>ἑκάστῳ</em></strong></span> <span class='ocrx_word' id='word_1_572' title='bbox 1007 3823 1125 3876; x_wconf 53' lang='grc' dir='ltr'><strong><em>τῶν⁸</em></strong></span> <span class='ocrx_word' id='word_1_573' title='bbox 1136 3823 1497 3892; x_wconf 80' lang='grc' dir='ltr'>σπερμάτων</span> <span class='ocrx_word' id='word_1_574' title='bbox 1518 3824 1673 3877; x_wconf 77' lang='grc' dir='ltr'>ἴδιον</span> <span class='ocrx_word' id='word_1_575' title='bbox 1696 3824 1886 3895; x_wconf 86' lang='grc' dir='ltr'>σῶμα.</span> 
     </span>
    </p>
   </div>
   <div class='ocr_carea' id='block_1_77' title="bbox 1995 3811 3568 3895">
    <p class='ocr_par' dir='ltr' id='par_1_77' title="bbox 1995 3811 3568 3889">
     <span class='ocr_line' id='line_1_77' title="bbox 1995 3811 3568 3889; baseline 0.008 -26"><span class='ocrx_word' id='word_1_576' title='bbox 1995 3811 2180 3864; x_wconf 87' lang='lat' dir='ltr'><strong><em>semini</em></strong></span> <span class='ocrx_word' id='word_1_577' title='bbox 2205 3812 2476 3881; x_wconf 85' lang='lat' dir='ltr'><strong><em>proprium</em></strong></span> <span class='ocrx_word' id='word_1_578' title='bbox 2504 3829 2714 3881; x_wconf 85' lang='lat' dir='ltr'><strong><em>corpus.</em></strong></span> <span class='ocrx_word' id='word_1_579' title='bbox 2746 3816 3169 3884; x_wconf 84' lang='lat' dir='ltr'><strong><em>Animadvertis,</em></strong></span> <span class='ocrx_word' id='word_1_580' title='bbox 3199 3819 3413 3889; x_wconf 87' lang='lat' dir='ltr'><strong><em>opinor,</em></strong></span> <span class='ocrx_word' id='word_1_581' title='bbox 3456 3837 3568 3875; x_wconf 89' lang='lat' dir='ltr'><strong><em>non</em></strong></span> 
     </span>
    </p>
   </div>
   <div class='ocr_carea' id='block_1_78' title="bbox 316 3903 1897 3987">
    <p class='ocr_par' dir='ltr' id='par_1_78' title="bbox 316 3910 1889 3987">
     <span class='ocr_line' id='line_1_78' title="bbox 316 3910 1889 3987; baseline 0.003 -24"><span class='ocrx_word' id='word_1_582' title='bbox 316 3910 425 3963; x_wconf 72' lang='grc' dir='ltr'><strong><em>Καὶ</em></strong></span> <span class='ocrx_word' id='word_1_583' title='bbox 449 3911 601 3980; x_wconf 78' lang='grc' dir='ltr'>ὁρᾷς,</span> <span class='ocrx_word' id='word_1_584' title='bbox 647 3911 729 3964; x_wconf 82' lang='grc' dir='ltr'>ὅτι</span> <span class='ocrx_word' id='word_1_585' title='bbox 772 3912 872 3964; x_wconf 84' lang='grc' dir='ltr'><strong><em>οὐκ</em></strong></span> <span class='ocrx_word' id='word_1_586' title='bbox 904 3914 1198 3966; x_wconf 83' lang='grc' dir='ltr'>ἀλάσσεται</span> <span class='ocrx_word' id='word_1_587' title='bbox 1244 3915 1307 3965; x_wconf 86' lang='grc' dir='ltr'>τὸ</span> <span class='ocrx_word' id='word_1_588' title='bbox 1343 3914 1522 3983; x_wconf 87' lang='grc' dir='ltr'>σῶμα.</span> <span class='ocrx_word' id='word_1_589' title='bbox 1567 3915 1754 3977; x_wconf 75' lang='grc' dir='ltr'>Οὐδεὶς</span> <span class='ocrx_word' id='word_1_590' title='bbox 1778 3916 1889 3987; x_wconf 87' lang='grc' dir='ltr'>γὰρ</span> 
     </span>
    </p>
   </div>
   <div class='ocr_carea' id='block_1_79' title="bbox 1995 3903 3569 3987">
    <p class='ocr_par' dir='ltr' id='par_1_79' title="bbox 1995 3903 3569 3982">
     <span class='ocr_line' id='line_1_79' title="bbox 1995 3903 3569 3982; baseline 0.008 -28"><span class='ocrx_word' id='word_1_591' title='bbox 1995 3903 2319 3957; x_wconf 88' lang='lat' dir='ltr'><strong><em>commutari</em></strong></span> <span class='ocrx_word' id='word_1_592' title='bbox 2374 3918 2596 3973; x_wconf 88' lang='lat' dir='ltr'><strong><em>corpus.</em></strong></span> <span class='ocrx_word' id='word_1_593' title='bbox 2636 3903 2809 3959; x_wconf 87' lang='lat' dir='ltr'><strong><em>Nemo</em></strong></span> <span class='ocrx_word' id='word_1_594' title='bbox 2836 3909 2980 3961; x_wconf 91' lang='lat' dir='ltr'><strong><em>enim</em></strong></span> <span class='ocrx_word' id='word_1_595' title='bbox 3008 3908 3100 3977; x_wconf 92' lang='lat' dir='ltr'><strong><em>qui</em></strong></span> <span class='ocrx_word' id='word_1_596' title='bbox 3130 3909 3402 3982; x_wconf 86' lang='lat' dir='ltr'><strong><em>hordeum</em></strong></span> <span class='ocrx_word' id='word_1_597' title='bbox 3422 3926 3569 3965; x_wconf 84' lang='lat' dir='ltr'><strong><em>seve-</em></strong></span> 
     </span>
    </p>
   </div>
   <div class='ocr_carea' id='block_1_80' title="bbox 313 3991 3564 4077">
    <p class='ocr_par' dir='ltr' id='par_1_80' title="bbox 313 3991 3564 4077">
     <span class='ocr_line' id='line_1_80' title="bbox 313 3991 3564 4077; baseline 0.006 -41"><span class='ocrx_word' id='word_1_598' title='bbox 313 4000 543 4071; x_wconf 72' lang='grc' dir='ltr'>σπείρας</span> <span class='ocrx_word' id='word_1_599' title='bbox 567 4001 758 4071; x_wconf 63' lang='grc' dir='ltr'>κριθάς</span> <span class='ocrx_word' id='word_1_600' title='bbox 790 4003 943 4074; x_wconf 71' lang='grc' dir='ltr'>ζητεῖ</span> <span class='ocrx_word' id='word_1_601' title='bbox 965 4005 1140 4057; x_wconf 76' lang='grc' dir='ltr'>σῖτον.</span> <span class='ocrx_word' id='word_1_602' title='bbox 1172 4004 1294 4057; x_wconf 64' lang='grc' dir='ltr'>οὐδὲ</span> <span class='ocrx_word' id='word_1_603' title='bbox 1323 4004 1606 4074; x_wconf 76' lang='grc' dir='ltr'>μελάνθιον</span> <span class='ocrx_word' id='word_1_604' title='bbox 1643 4004 1885 4077; x_wconf 58' lang='grc' dir='ltr'>εσπειρε,</span> <span class='ocrx_word' id='word_1_605' title='bbox 1990 3991 2082 4057; x_wconf 91' lang='lat' dir='ltr'><strong><em>rit,</em></strong></span> <span class='ocrx_word' id='word_1_606' title='bbox 2115 3992 2359 4047; x_wconf 89' lang='lat' dir='ltr'><strong><em>triticum</em></strong></span> <span class='ocrx_word' id='word_1_607' title='bbox 2382 3995 2653 4065; x_wconf 85' lang='lat' dir='ltr'><strong><em>requirit;</em></strong></span> <span class='ocrx_word' id='word_1_608' title='bbox 2700 4012 2878 4067; x_wconf 89' lang='lat' dir='ltr'><strong><em>neque</em></strong></span> <span class='ocrx_word' id='word_1_609' title='bbox 2924 3998 3121 4068; x_wconf 81' lang='lat' dir='ltr'><strong><em>nigella</em></strong></span> <span class='ocrx_word' id='word_1_610' title='bbox 3150 3998 3397 4054; x_wconf 81' lang='lat' dir='ltr'><strong><em>Romana</em></strong></span> <span class='ocrx_word' id='word_1_611' title='bbox 3427 4016 3564 4055; x_wconf 77' lang='grc' dir='ltr'>ροη-</span> 
     </span>
    </p>
   </div>
   <div class='ocr_carea' id='block_1_81' title="bbox 312 4083 1897 4164">
    <p class='ocr_par' dir='ltr' id='par_1_81' title="bbox 312 4085 1889 4164">
     <span class='ocr_line' id='line_1_81' title="bbox 312 4085 1889 4164; baseline 0.004 -22"><span class='ocrx_word' id='word_1_612' title='bbox 312 4090 407 4143; x_wconf 86' lang='lat' dir='ltr'><strong><em>xui</em></strong></span> <span class='ocrx_word' id='word_1_613' title='bbox 436 4085 560 4161; x_wconf 76' lang='grc' dir='ltr'>εὗρε</span> <span class='ocrx_word' id='word_1_614' title='bbox 581 4090 775 4164; x_wconf 84' lang='grc' dir='ltr'>κριθήν</span> <span class='ocrx_word' id='word_1_615' title='bbox 800 4110 813 4123; x_wconf 91' lang='grc'><strong>·</strong></span> <span class='ocrx_word' id='word_1_616' title='bbox 843 4092 979 4146; x_wconf 83' lang='grc' dir='ltr'>ἀλλὰ</span> <span class='ocrx_word' id='word_1_617' title='bbox 1006 4094 1066 4146; x_wconf 79' lang='grc' dir='ltr'>τὸ</span> <span class='ocrx_word' id='word_1_618' title='bbox 1103 4094 1460 4164; x_wconf 89' lang='grc' dir='ltr'>σπειρόμενον</span> <span class='ocrx_word' id='word_1_619' title='bbox 1496 4094 1627 4148; x_wconf 80' lang='grc' dir='ltr'>αὑτό</span> <span class='ocrx_word' id='word_1_620' title='bbox 1668 4097 1784 4148; x_wconf 79' lang='grc' dir='ltr'>ἐστι</span> <span class='ocrx_word' id='word_1_621' title='bbox 1826 4095 1889 4149; x_wconf 86' lang='grc' dir='ltr'>τὺ</span> 
     </span>
    </p>
   </div>
   <div class='ocr_carea' id='block_1_82' title="bbox 1995 4083 3565 4164">
    <p class='ocr_par' dir='ltr' id='par_1_82' title="bbox 1995 4083 3565 4164">
     <span class='ocr_line' id='line_1_82' title="bbox 1995 4083 3565 4164; baseline 0.006 -26"><span class='ocrx_word' id='word_1_622' title='bbox 1995 4083 2097 4138; x_wconf 84' lang='lat' dir='ltr'><strong><em>sita</em></strong></span> <span class='ocrx_word' id='word_1_623' title='bbox 2131 4083 2398 4140; x_wconf 82' lang='lat' dir='ltr'><strong><em>hordeum</em></strong></span> <span class='ocrx_word' id='word_1_624' title='bbox 2429 4089 2637 4157; x_wconf 90' lang='lat' dir='ltr'><strong><em>reperit</em></strong></span> <span class='ocrx_word' id='word_1_625' title='bbox 2662 4106 2679 4156; x_wconf 89' lang='lat'><strong>;</strong></span> <span class='ocrx_word' id='word_1_626' title='bbox 2708 4090 2804 4144; x_wconf 87' lang='lat' dir='ltr'><strong><em>sed</em></strong></span> <span class='ocrx_word' id='word_1_627' title='bbox 2832 4090 2885 4144; x_wconf 89' lang='lat' dir='ltr'><strong><em>id</em></strong></span> <span class='ocrx_word' id='word_1_628' title='bbox 2924 4091 3100 4159; x_wconf 87' lang='lat' dir='ltr'><strong><em>ipsum</em></strong></span> <span class='ocrx_word' id='word_1_629' title='bbox 3126 4093 3397 4147; x_wconf 62' lang='lat' dir='ltr'><strong><em>excitatur</em></strong></span> <span class='ocrx_word' id='word_1_630' title='bbox 3417 4093 3565 4164; x_wconf 88' lang='lat' dir='ltr'><strong><em>quod</em></strong></span> 
     </span>
    </p>
   </div>
   <div class='ocr_carea' id='block_1_83' title="bbox 311 4175 1897 4256">
    <p class='ocr_par' dir='ltr' id='par_1_83' title="bbox 311 4184 1886 4256">
     <span class='ocr_line' id='line_1_83' title="bbox 311 4184 1886 4256; baseline 0.002 -20"><span class='ocrx_word' id='word_1_631' title='bbox 311 4184 678 4256; x_wconf 76' lang='grc' dir='ltr'>ἐγειρόμενον.</span> <span class='ocrx_word' id='word_1_632' title='bbox 755 4185 880 4238; x_wconf 84' lang='grc' dir='ltr'><strong><em>Ἐὰν</em></strong></span> <span class='ocrx_word' id='word_1_633' title='bbox 936 4186 993 4239; x_wconf 79' lang='grc' dir='ltr'>δὲ</span> <span class='ocrx_word' id='word_1_634' title='bbox 1049 4185 1144 4239; x_wconf 82' lang='lat' dir='ltr'><strong><em>xui</em></strong></span> <span class='ocrx_word' id='word_1_635' title='bbox 1201 4185 1535 4256; x_wconf 80' lang='grc' dir='ltr'>καταλειφθῇ</span> <span class='ocrx_word' id='word_1_636' title='bbox 1588 4186 1647 4253; x_wconf 76' lang='grc' dir='ltr'><strong><em>ἐξ</em></strong></span> <span class='ocrx_word' id='word_1_637' title='bbox 1721 4186 1886 4240; x_wconf 79' lang='grc' dir='ltr'>αὐτοῦ</span> 
     </span>
    </p>
   </div>
   <div class='ocr_carea' id='block_1_84' title="bbox 1995 4175 3564 4256">
    <p class='ocr_par' dir='ltr' id='par_1_84' title="bbox 1995 4175 3564 4253">
     <span class='ocr_line' id='line_1_84' title="bbox 1995 4175 3564 4253; baseline 0.007 -26"><span class='ocrx_word' id='word_1_638' title='bbox 1995 4180 2171 4227; x_wconf 86' lang='lat' dir='ltr'><strong><em>satum</em></strong></span> <span class='ocrx_word' id='word_1_639' title='bbox 2203 4181 2310 4229; x_wconf 90' lang='lat' dir='ltr'><strong><em>est.</em></strong></span> <span class='ocrx_word' id='word_1_640' title='bbox 2353 4175 2433 4229; x_wconf 85' lang='lat' dir='ltr'><strong><em>Ac</em></strong></span> <span class='ocrx_word' id='word_1_641' title='bbox 2475 4177 2770 4233; x_wconf 90' lang='lat' dir='ltr'><strong><em>dummodo</em></strong></span> <span class='ocrx_word' id='word_1_642' title='bbox 2820 4180 3026 4249; x_wconf 87' lang='lat' dir='ltr'><strong><em>aliquid</em></strong></span> <span class='ocrx_word' id='word_1_643' title='bbox 3055 4197 3121 4236; x_wconf 81' lang='lat' dir='ltr'><strong><em>ex</em></strong></span> <span class='ocrx_word' id='word_1_644' title='bbox 3155 4183 3276 4253; x_wconf 74' lang='lat' dir='ltr'><strong><em>ipso</em></strong></span> <span class='ocrx_word' id='word_1_645' title='bbox 3317 4184 3564 4239; x_wconf 82' lang='lat' dir='ltr'><strong><em>relictum</em></strong></span> 
     </span>
    </p>
   </div>
   <div class='ocr_carea' id='block_1_85' title="bbox 312 4261 1897 4347">
    <p class='ocr_par' dir='ltr' id='par_1_85' title="bbox 312 4273 1883 4347">
     <span class='ocr_line' id='line_1_85' title="bbox 312 4273 1883 4347; baseline 0 -20"><span class='ocrx_word' id='word_1_646' title='bbox 312 4275 463 4327; x_wconf 84' lang='grc' dir='ltr'>κάτω</span> <span class='ocrx_word' id='word_1_647' title='bbox 495 4275 551 4327; x_wconf 79' lang='grc' dir='ltr'><strong><em>ὲν</em></strong></span> <span class='ocrx_word' id='word_1_648' title='bbox 584 4277 650 4346; x_wconf 77' lang='grc' dir='ltr'><strong><em>τῇ</em></strong></span> <span class='ocrx_word' id='word_1_649' title='bbox 690 4278 781 4347; x_wconf 83' lang='grc' dir='ltr'><strong><em>γῇ,</em></strong></span> <span class='ocrx_word' id='word_1_650' title='bbox 806 4276 899 4329; x_wconf 87' lang='lat' dir='ltr'><strong><em>xui</em></strong></span> <span class='ocrx_word' id='word_1_651' title='bbox 945 4277 1150 4346; x_wconf 84' lang='grc' dir='ltr'><em>ἀναστῇ</em></span> <span class='ocrx_word' id='word_1_652' title='bbox 1195 4274 1255 4339; x_wconf 77' lang='grc' dir='ltr'>ἐξ</span> <span class='ocrx_word' id='word_1_653' title='bbox 1281 4273 1445 4329; x_wconf 79' lang='grc' dir='ltr'>αὑτοῦ</span> <span class='ocrx_word' id='word_1_654' title='bbox 1482 4274 1543 4327; x_wconf 87' lang='grc' dir='ltr'>τὸ</span> <span class='ocrx_word' id='word_1_655' title='bbox 1577 4274 1883 4347; x_wconf 82' lang='grc' dir='ltr'>βλάστημα,</span> 
     </span>
    </p>
   </div>
   <div class='ocr_carea' id='block_1_86' title="bbox 1995 4261 3567 4347">
    <p class='ocr_par' dir='ltr' id='par_1_86' title="bbox 1995 4261 3567 4339">
     <span class='ocr_line' id='line_1_86' title="bbox 1995 4261 3567 4339; baseline 0.01 -23"><span class='ocrx_word' id='word_1_656' title='bbox 1995 4261 2048 4317; x_wconf 93' lang='lat' dir='ltr'><strong><em>in</em></strong></span> <span class='ocrx_word' id='word_1_657' title='bbox 2079 4272 2223 4319; x_wconf 87' lang='lat' dir='ltr'><strong><em>terra</em></strong></span> <span class='ocrx_word' id='word_1_658' title='bbox 2252 4265 2439 4331; x_wconf 85' lang='lat' dir='ltr'><strong><em>fuerit,</em></strong></span> <span class='ocrx_word' id='word_1_659' title='bbox 2489 4274 2655 4338; x_wconf 88' lang='lat' dir='ltr'><strong><em>atque</em></strong></span> <span class='ocrx_word' id='word_1_660' title='bbox 2685 4285 2751 4325; x_wconf 80' lang='lat' dir='ltr'><strong><em>ex</em></strong></span> <span class='ocrx_word' id='word_1_661' title='bbox 2781 4285 2849 4326; x_wconf 89' lang='lat' dir='ltr'><strong><em>eo</em></strong></span> <span class='ocrx_word' id='word_1_662' title='bbox 2878 4285 3100 4338; x_wconf 79' lang='lat' dir='ltr'><strong><em>germen</em></strong></span> <span class='ocrx_word' id='word_1_663' title='bbox 3127 4273 3444 4339; x_wconf 83' lang='lat' dir='ltr'><strong><em>eﬁloruerit,</em></strong></span> <span class='ocrx_word' id='word_1_664' title='bbox 3484 4278 3567 4331; x_wconf 87' lang='lat' dir='ltr'><strong><em>sic</em></strong></span> 
     </span>
    </p>
   </div>
   <div class='ocr_carea' id='block_1_87' title="bbox 325 4353 1897 4438">
    <p class='ocr_par' dir='ltr' id='par_1_87' title="bbox 325 4359 1887 4438">
     <span class='ocr_line' id='line_1_87' title="bbox 325 4359 1887 4438; baseline 0.002 -21"><span class='ocrx_word' id='word_1_665' title='bbox 325 4359 428 4418; x_wconf 84' lang='grc' dir='ltr'>ὦδε</span> <span class='ocrx_word' id='word_1_666' title='bbox 482 4365 579 4435; x_wconf 86' lang='grc' dir='ltr'><strong><em>μὲν</em></strong></span> <span class='ocrx_word' id='word_1_667' title='bbox 641 4367 699 4418; x_wconf 82' lang='grc' dir='ltr'><strong><em>ὲν</em></strong></span> <span class='ocrx_word' id='word_1_668' title='bbox 737 4365 912 4437; x_wconf 85' lang='grc' dir='ltr'>τούτῳ</span> <span class='ocrx_word' id='word_1_669' title='bbox 941 4365 1018 4437; x_wconf 81' lang='grc' dir='ltr'><strong><em>τῷ</em></strong></span> <span class='ocrx_word' id='word_1_670' title='bbox 1069 4366 1296 4437; x_wconf 81' lang='grc' dir='ltr'>φθαρτῷ</span> <span class='ocrx_word' id='word_1_671' title='bbox 1319 4367 1468 4437; x_wconf 86' lang='grc' dir='ltr'>σίτῳ.</span> <span class='ocrx_word' id='word_1_672' title='bbox 1522 4367 1618 4420; x_wconf 89' lang='lat' dir='ltr'><strong><em>xui</em></strong></span> <span class='ocrx_word' id='word_1_673' title='bbox 1671 4366 1747 4438; x_wconf 82' lang='grc' dir='ltr'>μὴ</span> <span class='ocrx_word' id='word_1_674' title='bbox 1806 4367 1887 4431; x_wconf 85' lang='grc' dir='ltr'><strong><em>είς</em></strong></span> 
     </span>
    </p>
   </div>
   <div class='ocr_carea' id='block_1_88' title="bbox 1995 4353 3566 4438">
    <p class='ocr_par' dir='ltr' id='par_1_88' title="bbox 1995 4353 3566 4437">
     <span class='ocr_line' id='line_1_88' title="bbox 1995 4353 3566 4437; baseline 0.009 -27"><span class='ocrx_word' id='word_1_675' title='bbox 1995 4353 2047 4409; x_wconf 91' lang='lat' dir='ltr'><strong><em>in</em></strong></span> <span class='ocrx_word' id='word_1_676' title='bbox 2094 4358 2436 4428; x_wconf 84' lang='lat' dir='ltr'><strong><em>corruptibili</em></strong></span> <span class='ocrx_word' id='word_1_677' title='bbox 2470 4359 2577 4415; x_wconf 90' lang='lat' dir='ltr'><strong><em>hoc</em></strong></span> <span class='ocrx_word' id='word_1_678' title='bbox 2609 4362 2808 4428; x_wconf 90' lang='lat' dir='ltr'><strong><em>tritico,</em></strong></span> <span class='ocrx_word' id='word_1_679' title='bbox 2856 4364 3003 4434; x_wconf 91' lang='lat' dir='ltr'><strong><em>quod</em></strong></span> <span class='ocrx_word' id='word_1_680' title='bbox 3045 4366 3180 4420; x_wconf 92' lang='lat' dir='ltr'><strong><em>nulli</em></strong></span> <span class='ocrx_word' id='word_1_681' title='bbox 3226 4367 3436 4437; x_wconf 90' lang='lat' dir='ltr'><strong><em>judicio</em></strong></span> <span class='ocrx_word' id='word_1_682' title='bbox 3466 4369 3566 4423; x_wconf 90' lang='lat' dir='ltr'><strong><em>ob-</em></strong></span> 
     </span>
    </p>
   </div>
   <div class='ocr_carea' id='block_1_89' title="bbox 312 4449 1897 4529">
    <p class='ocr_par' dir='ltr' id='par_1_89' title="bbox 312 4455 1884 4528">
     <span class='ocr_line' id='line_1_89' title="bbox 312 4455 1884 4528; baseline 0.002 -22"><span class='ocrx_word' id='word_1_683' title='bbox 312 4455 491 4524; x_wconf 89' lang='grc' dir='ltr'>κρίσιν</span> <span class='ocrx_word' id='word_1_684' title='bbox 544 4455 860 4526; x_wconf 78' lang='grc' dir='ltr'>ἐρχομένῳ,</span> <span class='ocrx_word' id='word_1_685' title='bbox 912 4455 975 4507; x_wconf 81' lang='grc' dir='ltr'>τὸ</span> <span class='ocrx_word' id='word_1_686' title='bbox 1021 4457 1120 4525; x_wconf 86' lang='grc' dir='ltr'>μὲν</span> <span class='ocrx_word' id='word_1_687' title='bbox 1181 4455 1538 4525; x_wconf 84' lang='grc' dir='ltr'>καταλειφθὲν</span> <span class='ocrx_word' id='word_1_688' title='bbox 1592 4456 1884 4528; x_wconf 79' lang='grc' dir='ltr'>ἄχρηστον,</span> 
     </span>
    </p>
   </div>
   <div class='ocr_carea' id='block_1_90' title="bbox 1995 4449 3565 4529">
    <p class='ocr_par' dir='ltr' id='par_1_90' title="bbox 1995 4449 3565 4529">
     <span class='ocr_line' id='line_1_90' title="bbox 1995 4449 3565 4529; baseline 0.009 -27"><span class='ocrx_word' id='word_1_689' title='bbox 1995 4449 2215 4503; x_wconf 81' lang='lat' dir='ltr'><strong><em>noxium</em></strong></span> <span class='ocrx_word' id='word_1_690' title='bbox 2251 4460 2356 4516; x_wconf 85' lang='lat' dir='ltr'><strong><em>est,</em></strong></span> <span class='ocrx_word' id='word_1_691' title='bbox 2391 4451 2584 4507; x_wconf 87' lang='lat' dir='ltr'><strong><em>inutile</em></strong></span> <span class='ocrx_word' id='word_1_692' title='bbox 2606 4461 2692 4508; x_wconf 90' lang='lat' dir='ltr'><strong><em>est</em></strong></span> <span class='ocrx_word' id='word_1_693' title='bbox 2719 4456 2864 4524; x_wconf 92' lang='lat' dir='ltr'><strong><em>quod</em></strong></span> <span class='ocrx_word' id='word_1_694' title='bbox 2898 4456 3256 4527; x_wconf 88' lang='lat' dir='ltr'><strong><em>relinquitur,</em></strong></span> <span class='ocrx_word' id='word_1_695' title='bbox 3287 4461 3431 4529; x_wconf 92' lang='lat' dir='ltr'><strong><em>quod</em></strong></span> <span class='ocrx_word' id='word_1_696' title='bbox 3469 4466 3565 4516; x_wconf 79' lang='lat' dir='ltr'><strong><em>ex-</em></strong></span> 
     </span>
    </p>
   </div>
   <div class='ocr_carea' id='block_1_91' title="bbox 310 4540 1897 4620">
    <p class='ocr_par' dir='ltr' id='par_1_91' title="bbox 310 4545 1887 4619">
     <span class='ocr_line' id='line_1_91' title="bbox 310 4545 1887 4619; baseline 0.002 -20"><span class='ocrx_word' id='word_1_697' title='bbox 310 4546 372 4599; x_wconf 84' lang='grc' dir='ltr'>τὸ</span> <span class='ocrx_word' id='word_1_698' title='bbox 413 4547 471 4599; x_wconf 89' lang='grc' dir='ltr'>δὲ</span> <span class='ocrx_word' id='word_1_699' title='bbox 512 4545 570 4613; x_wconf 80' lang='grc' dir='ltr'><strong><em>ἐξ</em></strong></span> <span class='ocrx_word' id='word_1_700' title='bbox 617 4546 783 4600; x_wconf 83' lang='grc' dir='ltr'>αὐτοῦ</span> <span class='ocrx_word' id='word_1_701' title='bbox 834 4546 1177 4618; x_wconf 74' lang='grc' dir='ltr'>ἐγειρόμενον</span> <span class='ocrx_word' id='word_1_702' title='bbox 1228 4548 1464 4602; x_wconf 87' lang='grc' dir='ltr'>κάλλιον.</span> <span class='ocrx_word' id='word_1_703' title='bbox 1520 4548 1781 4619; x_wconf 78' lang='grc' dir='ltr'>Ἦθέλησε</span> <span class='ocrx_word' id='word_1_704' title='bbox 1829 4549 1887 4602; x_wconf 85' lang='grc' dir='ltr'>δὲ</span> 
     </span>
    </p>
   </div>
   <div class='ocr_carea' id='block_1_92' title="bbox 1995 4540 3565 4620">
    <p class='ocr_par' dir='ltr' id='par_1_92' title="bbox 1995 4540 3565 4620">
     <span class='ocr_line' id='line_1_92' title="bbox 1995 4540 3565 4620; baseline 0.01 -28"><span class='ocrx_word' id='word_1_705' title='bbox 1995 4540 2199 4595; x_wconf 87' lang='lat' dir='ltr'><strong><em>citatur</em></strong></span> <span class='ocrx_word' id='word_1_706' title='bbox 2236 4556 2390 4608; x_wconf 89' lang='lat' dir='ltr'><strong><em>vero,</em></strong></span> <span class='ocrx_word' id='word_1_707' title='bbox 2419 4547 2792 4614; x_wconf 58' lang='lat' dir='ltr'><strong><em>prastantius.</em></strong></span> <span class='ocrx_word' id='word_1_708' title='bbox 2824 4547 2986 4603; x_wconf 78' lang='lat' dir='ltr'><strong><em>illum</em></strong></span> <span class='ocrx_word' id='word_1_709' title='bbox 3019 4564 3184 4618; x_wconf 89' lang='lat' dir='ltr'><strong><em>porro</em></strong></span> <span class='ocrx_word' id='word_1_710' title='bbox 3218 4551 3565 4620; x_wconf 89' lang='lat' dir='ltr'><strong><em>splendorem</em></strong></span> 
     </span>
    </p>
   </div>
   <div class='ocr_carea' id='block_1_93' title="bbox 307 4633 1897 4710">
    <p class='ocr_par' dir='ltr' id='par_1_93' title="bbox 307 4634 1885 4710">
     <span class='ocr_line' id='line_1_93' title="bbox 307 4634 1885 4710; baseline 0.003 -23"><span class='ocrx_word' id='word_1_711' title='bbox 307 4634 473 4699; x_wconf 80' lang='grc' dir='ltr'>δεῖξαι</span> <span class='ocrx_word' id='word_1_712' title='bbox 505 4635 604 4706; x_wconf 80' lang='grc' dir='ltr'><strong><em>τὴν</em></strong></span> <span class='ocrx_word' id='word_1_713' title='bbox 639 4635 968 4708; x_wconf 82' lang='grc' dir='ltr'>φαιδρότητα</span> <span class='ocrx_word' id='word_1_714' title='bbox 1002 4636 1090 4689; x_wconf 77' lang='grc' dir='ltr'>διὰ</span> <span class='ocrx_word' id='word_1_715' title='bbox 1118 4636 1218 4708; x_wconf 87' lang='grc' dir='ltr'><strong><em>τὴν</em></strong></span> <span class='ocrx_word' id='word_1_716' title='bbox 1257 4637 1517 4691; x_wconf 81' lang='grc' dir='ltr'>ἀπιστίαν</span> <span class='ocrx_word' id='word_1_717' title='bbox 1539 4637 1648 4690; x_wconf 84' lang='grc' dir='ltr'><strong><em>τῶν</em></strong></span> <span class='ocrx_word' id='word_1_718' title='bbox 1678 4638 1752 4709; x_wconf 88' lang='grc' dir='ltr'>μὴ</span> <span class='ocrx_word' id='word_1_719' title='bbox 1784 4637 1885 4710; x_wconf 84' lang='grc' dir='ltr'><strong><em>τὴν</em></strong></span> 
     </span>
    </p>
   </div>
   <div class='ocr_carea' id='block_1_94' title="bbox 1995 4633 3564 4710">
    <p class='ocr_par' dir='ltr' id='par_1_94' title="bbox 1995 4633 3564 4707">
     <span class='ocr_line' id='line_1_94' title="bbox 1995 4633 3564 4707; baseline 0.009 -23"><span class='ocrx_word' id='word_1_720' title='bbox 1995 4644 2050 4685; x_wconf 72' lang='lat' dir='ltr'><strong><em>ac</em></strong></span> <span class='ocrx_word' id='word_1_721' title='bbox 2101 4633 2408 4689; x_wconf 86' lang='lat' dir='ltr'><strong><em>claritatem</em></strong></span> <span class='ocrx_word' id='word_1_722' title='bbox 2458 4645 2681 4707; x_wconf 89' lang='lat' dir='ltr'><strong><em>propter</em></strong></span> <span class='ocrx_word' id='word_1_723' title='bbox 2726 4652 2919 4692; x_wconf 89' lang='lat' dir='ltr'><strong><em>eorum</em></strong></span> <span class='ocrx_word' id='word_1_724' title='bbox 2963 4639 3340 4696; x_wconf 89' lang='lat' dir='ltr'><strong><em>inﬁdelitatem</em></strong></span> <span class='ocrx_word' id='word_1_725' title='bbox 3381 4643 3564 4698; x_wconf 86' lang='lat' dir='ltr'><strong><em>decla-</em></strong></span> 
     </span>
    </p>
   </div>
   <div class='ocr_carea' id='block_1_95' title="bbox 313 4724 1897 4805">
    <p class='ocr_par' dir='ltr' id='par_1_95' title="bbox 313 4725 1882 4800">
     <span class='ocr_line' id='line_1_95' title="bbox 313 4725 1882 4800; baseline 0.003 -21"><span class='ocrx_word' id='word_1_726' title='bbox 313 4725 502 4780; x_wconf 75' lang='grc' dir='ltr'>ἐλπίδα</span> <span class='ocrx_word' id='word_1_727' title='bbox 545 4727 638 4780; x_wconf 80' lang='grc' dir='ltr'>τοῦ</span> <span class='ocrx_word' id='word_1_728' title='bbox 678 4726 814 4780; x_wconf 81' lang='grc' dir='ltr'>Θεοῦ</span> <span class='ocrx_word' id='word_1_729' title='bbox 864 4727 1333 4799; x_wconf 83' lang='grc' dir='ltr'>καραδοκούντων.</span> <span class='ocrx_word' id='word_1_730' title='bbox 1365 4727 1589 4800; x_wconf 82' lang='grc' dir='ltr'>Τάληθῆ</span> <span class='ocrx_word' id='word_1_731' title='bbox 1626 4729 1725 4800; x_wconf 84' lang='grc' dir='ltr'><strong><em>μὲν</em></strong></span> <span class='ocrx_word' id='word_1_732' title='bbox 1772 4730 1882 4800; x_wconf 80' lang='grc' dir='ltr'>γὰρ</span> 
     </span>
    </p>
   </div>
   <div class='ocr_carea' id='block_1_96' title="bbox 1995 4724 3565 4805">
    <p class='ocr_par' dir='ltr' id='par_1_96' title="bbox 1995 4724 3565 4805">
     <span class='ocr_line' id='line_1_96' title="bbox 1995 4724 3565 4805; baseline 0.01 -30"><span class='ocrx_word' id='word_1_733' title='bbox 1995 4737 2106 4777; x_wconf 78' lang='lat' dir='ltr'><strong><em>tare</em></strong></span> <span class='ocrx_word' id='word_1_734' title='bbox 2144 4724 2339 4784; x_wconf 90' lang='lat' dir='ltr'><strong><em>voluit.</em></strong></span> <span class='ocrx_word' id='word_1_735' title='bbox 2388 4727 2483 4796; x_wconf 89' lang='lat' dir='ltr'><strong><em>qui</em></strong></span> <span class='ocrx_word' id='word_1_736' title='bbox 2530 4729 2666 4783; x_wconf 85' lang='lat' dir='ltr'><strong><em>nihil</em></strong></span> <span class='ocrx_word' id='word_1_737' title='bbox 2695 4745 2726 4784; x_wconf 89' lang='lat' dir='ltr'><strong><em>a</em></strong></span> <span class='ocrx_word' id='word_1_738' title='bbox 2754 4729 2865 4786; x_wconf 87' lang='lat' dir='ltr'><strong><em>Deo</em></strong></span> <span class='ocrx_word' id='word_1_739' title='bbox 2913 4732 3058 4802; x_wconf 88' lang='lat' dir='ltr'><strong><em>quod</em></strong></span> <span class='ocrx_word' id='word_1_740' title='bbox 3089 4740 3339 4802; x_wconf 88' lang='lat' dir='ltr'><strong><em>speretur</em></strong></span> <span class='ocrx_word' id='word_1_741' title='bbox 3372 4750 3565 4805; x_wconf 72' lang='lat' dir='ltr'><strong><em>exspe-</em></strong></span> 
     </span>
    </p>
   </div>
   <div class='ocr_carea' id='block_1_97' title="bbox 308 4814 1897 4895">
    <p class='ocr_par' dir='ltr' id='par_1_97' title="bbox 308 4817 1893 4889">
     <span class='ocr_line' id='line_1_97' title="bbox 308 4817 1893 4889; baseline 0.001 -19"><span class='ocrx_word' id='word_1_742' title='bbox 308 4817 554 4882; x_wconf 85' lang='grc' dir='ltr'>όκόκκος</span> <span class='ocrx_word' id='word_1_743' title='bbox 584 4817 678 4872; x_wconf 81' lang='grc' dir='ltr'>τοῦ</span> <span class='ocrx_word' id='word_1_744' title='bbox 710 4817 856 4871; x_wconf 85' lang='grc' dir='ltr'>σίτου</span> <span class='ocrx_word' id='word_1_745' title='bbox 893 4818 1241 4883; x_wconf 87' lang='grc' dir='ltr'>λεπτότατος.</span> <span class='ocrx_word' id='word_1_746' title='bbox 1276 4818 1387 4872; x_wconf 83' lang='grc' dir='ltr'><strong><em>Ποῦ</em></strong></span> <span class='ocrx_word' id='word_1_747' title='bbox 1428 4818 1485 4872; x_wconf 86' lang='grc' dir='ltr'>δὲ</span> <span class='ocrx_word' id='word_1_748' title='bbox 1520 4820 1579 4873; x_wconf 84' lang='grc' dir='ltr'>ὲν</span> <span class='ocrx_word' id='word_1_749' title='bbox 1614 4818 1693 4889; x_wconf 85' lang='grc' dir='ltr'>τῷ</span> <span class='ocrx_word' id='word_1_750' title='bbox 1716 4818 1893 4872; x_wconf 87' lang='grc' dir='ltr'>τοιού-</span> 
     </span>
    </p>
   </div>
   <div class='ocr_carea' id='block_1_98' title="bbox 1995 4814 3561 4895">
    <p class='ocr_par' dir='ltr' id='par_1_98' title="bbox 1995 4814 3561 4895">
     <span class='ocr_line' id='line_1_98' title="bbox 1995 4814 3561 4895; baseline 0.008 -28"><span class='ocrx_word' id='word_1_751' title='bbox 1995 4821 2159 4869; x_wconf 84' lang='lat' dir='ltr'><strong><em>ctant.</em></strong></span> <span class='ocrx_word' id='word_1_752' title='bbox 2190 4814 2325 4871; x_wconf 88' lang='lat' dir='ltr'><strong><em>Nam</em></strong></span> <span class='ocrx_word' id='word_1_753' title='bbox 2356 4834 2544 4874; x_wconf 81' lang='lat' dir='ltr'><strong><em>revera</em></strong></span> <span class='ocrx_word' id='word_1_754' title='bbox 2576 4822 2958 4877; x_wconf 88' lang='lat' dir='ltr'><strong><em>tenuissimum</em></strong></span> <span class='ocrx_word' id='word_1_755' title='bbox 2999 4832 3083 4878; x_wconf 90' lang='lat' dir='ltr'><strong><em>est</em></strong></span> <span class='ocrx_word' id='word_1_756' title='bbox 3111 4824 3279 4879; x_wconf 87' lang='lat' dir='ltr'><strong><em>tritici</em></strong></span> <span class='ocrx_word' id='word_1_757' title='bbox 3300 4840 3561 4895; x_wconf 77' lang='lat' dir='ltr'><strong><em>granum.</em></strong></span> 
     </span>
    </p>
   </div>
   <div class='ocr_carea' id='block_1_99' title="bbox 308 4908 1885 4981">
    <p class='ocr_par' dir='ltr' id='par_1_99' title="bbox 308 4908 1885 4981">
     <span class='ocr_line' id='line_1_99' title="bbox 308 4908 1885 4981; baseline 0.003 -21"><span class='ocrx_word' id='word_1_758' title='bbox 308 4925 389 4980; x_wconf 81' lang='grc' dir='ltr'><strong><em>τῳ</em></strong></span> <span class='ocrx_word' id='word_1_759' title='bbox 432 4910 615 4980; x_wconf 82' lang='grc' dir='ltr'>κόκκῳ</span> <span class='ocrx_word' id='word_1_760' title='bbox 670 4908 748 4980; x_wconf 81' lang='grc' dir='ltr'><strong><em>τῷ</em></strong></span> <span class='ocrx_word' id='word_1_761' title='bbox 784 4910 1132 4980; x_wconf 81' lang='grc' dir='ltr'>σμικροτάτῳ</span> <span class='ocrx_word' id='word_1_762' title='bbox 1175 4910 1271 4962; x_wconf 86' lang='lat' dir='ltr'><strong><em>xui</em></strong></span> <span class='ocrx_word' id='word_1_763' title='bbox 1320 4909 1489 4980; x_wconf 79' lang='grc' dir='ltr'>ῥίζαι,</span> <span class='ocrx_word' id='word_1_764' title='bbox 1538 4911 1633 4963; x_wconf 86' lang='lat' dir='ltr'><strong><em>xui</em></strong></span> <span class='ocrx_word' id='word_1_765' title='bbox 1678 4910 1885 4981; x_wconf 81' lang='grc' dir='ltr'>βάσεις,</span> 
     </span>
    </p>
   </div>
   <div class='ocr_carea' id='block_1_100' title="bbox 308 5001 1890 5074">
    <p class='ocr_par' dir='ltr' id='par_1_100' title="bbox 308 5001 1890 5074">
     <span class='ocr_line' id='line_1_100' title="bbox 308 5001 1890 5074; baseline -0.001 -18"><span class='ocrx_word' id='word_1_766' title='bbox 308 5005 404 5057; x_wconf 82' lang='grc' dir='ltr'>καὶ</span> <span class='ocrx_word' id='word_1_767' title='bbox 430 5001 673 5073; x_wconf 79' lang='grc' dir='ltr'>καλάμη,</span> <span class='ocrx_word' id='word_1_768' title='bbox 690 5002 785 5055; x_wconf 90' lang='lat' dir='ltr'><strong><em>xui</em></strong></span> <span class='ocrx_word' id='word_1_769' title='bbox 802 5003 863 5055; x_wconf 89' lang='grc' dir='ltr'><strong><em>αί</em></strong></span> <span class='ocrx_word' id='word_1_770' title='bbox 881 5002 1179 5070; x_wconf 88' lang='grc' dir='ltr'>γονατίδες,</span> <span class='ocrx_word' id='word_1_771' title='bbox 1204 5002 1300 5055; x_wconf 87' lang='lat' dir='ltr'><strong><em>xui</em></strong></span> <span class='ocrx_word' id='word_1_772' title='bbox 1327 5002 1381 5056; x_wconf 86' lang='grc' dir='ltr'>αί</span> <span class='ocrx_word' id='word_1_773' title='bbox 1409 5002 1667 5057; x_wconf 83' lang='grc' dir='ltr'>τοσαῦται</span> <span class='ocrx_word' id='word_1_774' title='bbox 1702 5002 1890 5074; x_wconf 84' lang='grc' dir='ltr'>σύριγ-</span> 
     </span>
    </p>
   </div>
   <div class='ocr_carea' id='block_1_101' title="bbox 306 5091 1886 5164">
    <p class='ocr_par' dir='ltr' id='par_1_101' title="bbox 306 5091 1886 5164">
     <span class='ocr_line' id='line_1_101' title="bbox 306 5091 1886 5164; baseline 0.002 -19"><span class='ocrx_word' id='word_1_775' title='bbox 306 5110 423 5162; x_wconf 87' lang='grc' dir='ltr'>γες,</span> <span class='ocrx_word' id='word_1_776' title='bbox 467 5094 561 5146; x_wconf 87' lang='lat' dir='ltr'><strong><em>xui</em></strong></span> <span class='ocrx_word' id='word_1_777' title='bbox 619 5092 925 5161; x_wconf 87' lang='grc' dir='ltr'>κεφαλίδες,</span> <span class='ocrx_word' id='word_1_778' title='bbox 974 5094 1069 5146; x_wconf 88' lang='lat' dir='ltr'><strong><em>xui</em></strong></span> <span class='ocrx_word' id='word_1_779' title='bbox 1110 5091 1295 5164; x_wconf 84' lang='grc' dir='ltr'>θῆκαι,</span> <span class='ocrx_word' id='word_1_780' title='bbox 1329 5093 1423 5146; x_wconf 79' lang='grc' dir='ltr'>καὶ</span> <span class='ocrx_word' id='word_1_781' title='bbox 1457 5091 1764 5164; x_wconf 80' lang='grc' dir='ltr'>ἀνθέρικες,</span> <span class='ocrx_word' id='word_1_782' title='bbox 1793 5095 1886 5148; x_wconf 89' lang='lat' dir='ltr'><strong><em>xui</em></strong></span> 
     </span>
    </p>
   </div>
   <div class='ocr_carea' id='block_1_102' title="bbox 306 5183 1083 5249">
    <p class='ocr_par' dir='ltr' id='par_1_102' title="bbox 306 5183 1083 5249">
     <span class='ocr_line' id='line_1_102' title="bbox 306 5183 1083 5249; baseline 0.001 -12"><span class='ocrx_word' id='word_1_783' title='bbox 306 5185 495 5238; x_wconf 81' lang='grc' dir='ltr'>κόκκοι</span> <span class='ocrx_word' id='word_1_784' title='bbox 523 5183 1048 5248; x_wconf 65' lang='grc' dir='ltr'>πλυπλασιὰζοντες</span> <span class='ocrx_word' id='word_1_785' title='bbox 1067 5200 1083 5249; x_wconf 88' lang='grc'><strong>;</strong></span> 
     </span>
    </p>
   </div>
   <div class='ocr_carea' id='block_1_103' title="bbox 375 5272 1887 5346">
    <p class='ocr_par' dir='ltr' id='par_1_103' title="bbox 375 5272 1887 5346">
     <span class='ocr_line' id='line_1_103' title="bbox 375 5272 1887 5346; baseline 0.001 -19"><span class='ocrx_word' id='word_1_786' title='bbox 375 5272 492 5328; x_wconf 75' lang='grc' dir='ltr'><strong><em>ΞΘ.</em></strong></span> <span class='ocrx_word' id='word_1_787' title='bbox 523 5276 641 5328; x_wconf 84' lang='grc' dir='ltr'><strong><em>Ἵνα</em></strong></span> <span class='ocrx_word' id='word_1_788' title='bbox 665 5274 722 5327; x_wconf 83' lang='grc' dir='ltr'>δὲ</span> <span class='ocrx_word' id='word_1_789' title='bbox 767 5276 861 5330; x_wconf 88' lang='lat' dir='ltr'><strong><em>xui</em></strong></span> <span class='ocrx_word' id='word_1_790' title='bbox 887 5275 1219 5345; x_wconf 81' lang='grc' dir='ltr'>σαφέστερον</span> <span class='ocrx_word' id='word_1_791' title='bbox 1242 5273 1483 5345; x_wconf 73' lang='grc' dir='ltr'>εἴπωμεν</span> <span class='ocrx_word' id='word_1_792' title='bbox 1498 5274 1564 5327; x_wconf 81' lang='grc' dir='ltr'>τὰ</span> <span class='ocrx_word' id='word_1_793' title='bbox 1582 5274 1746 5346; x_wconf 79' lang='grc' dir='ltr'>ὅμοια</span> <span class='ocrx_word' id='word_1_794' title='bbox 1765 5274 1887 5329; x_wconf 84' lang='grc' dir='ltr'>τού-</span> 
     </span>
    </p>
   </div>
   <div class='ocr_carea' id='block_1_104' title="bbox 300 5364 1884 5438">
    <p class='ocr_par' dir='ltr' id='par_1_104' title="bbox 300 5364 1884 5438">
     <span class='ocr_line' id='line_1_104' title="bbox 300 5364 1884 5438; baseline -0.001 -18"><span class='ocrx_word' id='word_1_795' title='bbox 300 5384 415 5430; x_wconf 88' lang='grc' dir='ltr'>τοις</span> <span class='ocrx_word' id='word_1_796' title='bbox 435 5367 803 5438; x_wconf 82' lang='grc' dir='ltr'>διηγούμενοι,</span> <span class='ocrx_word' id='word_1_797' title='bbox 832 5366 995 5420; x_wconf 89' lang='grc' dir='ltr'>πόθεν</span> <span class='ocrx_word' id='word_1_798' title='bbox 1011 5365 1089 5436; x_wconf 87' lang='grc' dir='ltr'><strong><em>τῷ</em></strong></span> <span class='ocrx_word' id='word_1_799' title='bbox 1110 5364 1333 5419; x_wconf 81' lang='grc' dir='ltr'><strong><em>Μωῦσεί</em></strong></span> <span class='ocrx_word' id='word_1_800' title='bbox 1352 5365 1451 5436; x_wconf 83' lang='grc' dir='ltr'><strong><em>υίῷ</em></strong></span> <span class='ocrx_word' id='word_1_801' title='bbox 1480 5366 1582 5436; x_wconf 83' lang='grc' dir='ltr'>τῆς</span> <span class='ocrx_word' id='word_1_802' title='bbox 1606 5367 1884 5433; x_wconf 80' lang='grc' dir='ltr'>Ἰωκα6ὲο,</span> 
     </span>
    </p>
   </div>
   <div class='ocr_carea' id='block_1_105' title="bbox 1984 4906 3563 4985">
    <p class='ocr_par' dir='ltr' id='par_1_105' title="bbox 1984 4906 3563 4985">
     <span class='ocr_line' id='line_1_105' title="bbox 1984 4906 3563 4985; baseline 0.01 -25"><span class='ocrx_word' id='word_1_803' title='bbox 1984 4906 2045 4962; x_wconf 90' lang='lat' dir='ltr'><strong><em>In</em></strong></span> <span class='ocrx_word' id='word_1_804' title='bbox 2081 4924 2187 4978; x_wconf 91' lang='lat' dir='ltr'><strong><em>qua</em></strong></span> <span class='ocrx_word' id='word_1_805' title='bbox 2219 4911 2439 4980; x_wconf 89' lang='lat' dir='ltr'><strong><em>quidem</em></strong></span> <span class='ocrx_word' id='word_1_806' title='bbox 2479 4921 2590 4967; x_wconf 89' lang='lat' dir='ltr'><strong><em>tam</em></strong></span> <span class='ocrx_word' id='word_1_807' title='bbox 2641 4918 2837 4985; x_wconf 76' lang='lat' dir='ltr'><strong><em>exigua</em></strong></span> <span class='ocrx_word' id='word_1_808' title='bbox 2884 4918 3030 4973; x_wconf 89' lang='lat' dir='ltr'><strong><em>mole</em></strong></span> <span class='ocrx_word' id='word_1_809' title='bbox 3073 4919 3296 4973; x_wconf 88' lang='lat' dir='ltr'><strong><em>ubinam</em></strong></span> <span class='ocrx_word' id='word_1_810' title='bbox 3349 4919 3563 4976; x_wconf 85' lang='lat' dir='ltr'><strong><em>radices</em></strong></span> 
     </span>
    </p>
   </div>
   <div class='ocr_carea' id='block_1_106' title="bbox 1981 5004 3562 5081">
    <p class='ocr_par' dir='ltr' id='par_1_106' title="bbox 1981 5004 3562 5081">
     <span class='ocr_line' id='line_1_106' title="bbox 1981 5004 3562 5081; baseline 0.008 -26"><span class='ocrx_word' id='word_1_811' title='bbox 1981 5008 2039 5055; x_wconf 90' lang='lat' dir='ltr'><strong><em>et</em></strong></span> <span class='ocrx_word' id='word_1_812' title='bbox 2091 5006 2248 5071; x_wconf 86' lang='lat' dir='ltr'><strong><em>quasi</em></strong></span> <span class='ocrx_word' id='word_1_813' title='bbox 2297 5004 2652 5061; x_wconf 87' lang='lat' dir='ltr'><strong><em>fundamenta</em></strong></span> <span class='ocrx_word' id='word_1_814' title='bbox 2719 5009 2886 5064; x_wconf 86' lang='lat' dir='ltr'><strong><em>sunt?</em></strong></span> <span class='ocrx_word' id='word_1_815' title='bbox 2931 5018 3044 5065; x_wconf 88' lang='lat' dir='ltr'><strong><em>tum</em></strong></span> <span class='ocrx_word' id='word_1_816' title='bbox 3086 5011 3280 5066; x_wconf 88' lang='lat' dir='ltr'><strong><em>deinde</em></strong></span> <span class='ocrx_word' id='word_1_817' title='bbox 3320 5013 3562 5081; x_wconf 88' lang='lat' dir='ltr'><strong><em>culmus,</em></strong></span> 
     </span>
    </p>
   </div>
   <div class='ocr_carea' id='block_1_107' title="bbox 1979 5093 3562 5172">
    <p class='ocr_par' dir='ltr' id='par_1_107' title="bbox 1979 5093 3562 5172">
     <span class='ocr_line' id='line_1_107' title="bbox 1979 5093 3562 5172; baseline 0.006 -26"><span class='ocrx_word' id='word_1_818' title='bbox 1979 5093 2229 5162; x_wconf 85' lang='lat' dir='ltr'><strong><em>genicula</em></strong></span> <span class='ocrx_word' id='word_1_819' title='bbox 2253 5133 2270 5160; x_wconf 95' lang='lat'><strong><em>,</em></strong></span> <span class='ocrx_word' id='word_1_820' title='bbox 2342 5104 2424 5151; x_wconf 89' lang='lat' dir='ltr'><strong><em>tot</em></strong></span> <span class='ocrx_word' id='word_1_821' title='bbox 2486 5096 2720 5166; x_wconf 69' lang='lat' dir='ltr'><strong><em>ﬁstulae,</em></strong></span> <span class='ocrx_word' id='word_1_822' title='bbox 2778 5101 3069 5172; x_wconf 86' lang='lat' dir='ltr'><strong><em>capitella,</em></strong></span> <span class='ocrx_word' id='word_1_823' title='bbox 3129 5100 3391 5169; x_wconf 80' lang='lat' dir='ltr'><strong><em>folliculi,</em></strong></span> <span class='ocrx_word' id='word_1_824' title='bbox 3448 5102 3562 5156; x_wconf 90' lang='lat' dir='ltr'><strong><em>ari-</em></strong></span> 
     </span>
    </p>
   </div>
   <div class='ocr_carea' id='block_1_108' title="bbox 1984 5188 2853 5260">
    <p class='ocr_par' dir='ltr' id='par_1_108' title="bbox 1984 5188 2853 5260">
     <span class='ocr_line' id='line_1_108' title="bbox 1984 5188 2853 5260; baseline 0.008 -22"><span class='ocrx_word' id='word_1_825' title='bbox 1984 5193 2104 5249; x_wconf 70' lang='lat' dir='ltr'><strong><em>stac,</em></strong></span> <span class='ocrx_word' id='word_1_826' title='bbox 2139 5200 2419 5256; x_wconf 83' lang='lat' dir='ltr'><strong><em>granaque</em></strong></span> <span class='ocrx_word' id='word_1_827' title='bbox 2451 5188 2853 5260; x_wconf 86' lang='lat' dir='ltr'><strong><em>multiplicata?</em></strong></span> 
     </span>
    </p>
   </div>
   <div class='ocr_carea' id='block_1_109' title="bbox 2056 5273 3561 5354">
    <p class='ocr_par' dir='ltr' id='par_1_109' title="bbox 2056 5273 3561 5354">
     <span class='ocr_line' id='line_1_109' title="bbox 2056 5273 3561 5354; baseline 0.008 -26"><span class='ocrx_word' id='word_1_828' title='bbox 2056 5273 2244 5331; x_wconf 77' lang='lat' dir='ltr'><strong><em>LXIX.</em></strong></span> <span class='ocrx_word' id='word_1_829' title='bbox 2298 5277 2515 5334; x_wconf 87' lang='lat' dir='ltr'><strong><em>Clarius</em></strong></span> <span class='ocrx_word' id='word_1_830' title='bbox 2562 5284 2691 5350; x_wconf 88' lang='lat' dir='ltr'><strong><em>quid</em></strong></span> <span class='ocrx_word' id='word_1_831' title='bbox 2748 5283 2909 5338; x_wconf 82' lang='lat' dir='ltr'><strong><em>velim</em></strong></span> <span class='ocrx_word' id='word_1_832' title='bbox 2959 5284 3207 5354; x_wconf 89' lang='lat' dir='ltr'><strong><em>eloquar,</em></strong></span> <span class='ocrx_word' id='word_1_833' title='bbox 3254 5290 3417 5354; x_wconf 88' lang='lat' dir='ltr'><strong><em>atque</em></strong></span> <span class='ocrx_word' id='word_1_834' title='bbox 3471 5282 3561 5340; x_wconf 83' lang='lat' dir='ltr'><strong><em>his</em></strong></span> 
     </span>
    </p>
   </div>
   <div class='ocr_carea' id='block_1_110' title="bbox 1989 5366 3560 5446">
    <p class='ocr_par' dir='ltr' id='par_1_110' title="bbox 1989 5366 3560 5446">
     <span class='ocr_line' id='line_1_110' title="bbox 1989 5366 3560 5446; baseline 0.005 -25"><span class='ocrx_word' id='word_1_835' title='bbox 1989 5366 2188 5421; x_wconf 89' lang='lat' dir='ltr'><strong><em>similia</em></strong></span> <span class='ocrx_word' id='word_1_836' title='bbox 2220 5382 2560 5437; x_wconf 89' lang='lat' dir='ltr'><strong><em>percurram.</em></strong></span> <span class='ocrx_word' id='word_1_837' title='bbox 2593 5371 2873 5429; x_wconf 86' lang='lat' dir='ltr'><strong><em>Undenam</em></strong></span> <span class='ocrx_word' id='word_1_838' title='bbox 2912 5373 3080 5446; x_wconf 83' lang='lat' dir='ltr'><strong><em>Moysi</em></strong></span> <span class='ocrx_word' id='word_1_839' title='bbox 3126 5373 3474 5429; x_wconf 79' lang='lat' dir='ltr'><strong><em>Jochabetlue</em></strong></span> <span class='ocrx_word' id='word_1_840' title='bbox 3503 5382 3560 5429; x_wconf 90' lang='lat' dir='ltr'><strong><em>et</em></strong></span> 
     </span>
    </p>
   </div>
   <div class='ocr_carea' id='block_1_111' title="bbox 304 5457 1897 5539">
    <p class='ocr_par' dir='ltr' id='par_1_111' title="bbox 304 5457 1889 5531">
     <span class='ocr_line' id='line_1_111' title="bbox 304 5457 1889 5531; baseline -0.001 -17"><span class='ocrx_word' id='word_1_841' title='bbox 304 5458 407 5530; x_wconf 83' lang='grc' dir='ltr'><strong><em>υἱῷ</em></strong></span> <span class='ocrx_word' id='word_1_842' title='bbox 455 5459 550 5512; x_wconf 82' lang='grc' dir='ltr'>τοῦ</span> <span class='ocrx_word' id='word_1_843' title='bbox 597 5459 820 5531; x_wconf 81' lang='grc' dir='ltr'>’Δμρὰμ</span> <span class='ocrx_word' id='word_1_844' title='bbox 872 5458 935 5511; x_wconf 85' lang='grc' dir='ltr'>τὸ</span> <span class='ocrx_word' id='word_1_845' title='bbox 984 5458 1141 5522; x_wconf 82' lang='grc' dir='ltr'>νύξαι</span> <span class='ocrx_word' id='word_1_846' title='bbox 1182 5458 1387 5529; x_wconf 81' lang='grc' dir='ltr'>πέτραν</span> <span class='ocrx_word' id='word_1_847' title='bbox 1432 5458 1492 5510; x_wconf 84' lang='grc' dir='ltr'><em>ὲν</em></span> <span class='ocrx_word' id='word_1_848' title='bbox 1533 5457 1736 5529; x_wconf 77' lang='grc' dir='ltr'>ῥάϐδῳ,</span> <span class='ocrx_word' id='word_1_849' title='bbox 1792 5461 1889 5513; x_wconf 87' lang='lat' dir='ltr'><strong><em>xui</em></strong></span> 
     </span>
    </p>
   </div>
   <div class='ocr_carea' id='block_1_112' title="bbox 1995 5457 3559 5539">
    <p class='ocr_par' dir='ltr' id='par_1_112' title="bbox 1995 5460 3559 5539">
     <span class='ocr_line' id='line_1_112' title="bbox 1995 5460 3559 5539; baseline 0.005 -27"><span class='ocrx_word' id='word_1_850' title='bbox 1995 5460 2233 5514; x_wconf 78' lang='lat' dir='ltr'><strong><em>Amrami</em></strong></span> <span class='ocrx_word' id='word_1_851' title='bbox 2263 5460 2378 5517; x_wconf 89' lang='lat' dir='ltr'><strong><em>ﬁlio</em></strong></span> <span class='ocrx_word' id='word_1_852' title='bbox 2431 5464 2523 5519; x_wconf 88' lang='lat' dir='ltr'><strong><em>illa</em></strong></span> <span class='ocrx_word' id='word_1_853' title='bbox 2565 5467 2761 5533; x_wconf 90' lang='lat' dir='ltr'><strong><em>virtus,</em></strong></span> <span class='ocrx_word' id='word_1_854' title='bbox 2796 5476 2856 5522; x_wconf 89' lang='lat' dir='ltr'><strong><em>ut</em></strong></span> <span class='ocrx_word' id='word_1_855' title='bbox 2884 5469 3037 5539; x_wconf 85' lang='lat' dir='ltr'><strong><em>virga</em></strong></span> <span class='ocrx_word' id='word_1_856' title='bbox 3068 5469 3278 5524; x_wconf 89' lang='lat' dir='ltr'><strong><em>silicem</em></strong></span> <span class='ocrx_word' id='word_1_857' title='bbox 3313 5466 3559 5538; x_wconf 84' lang='lat' dir='ltr'><strong><em>perfora-</em></strong></span> 
     </span>
    </p>
   </div>
   <div class='ocr_carea' id='block_1_113' title="bbox 303 5548 1897 5632">
    <p class='ocr_par' dir='ltr' id='par_1_113' title="bbox 303 5548 1888 5625">
     <span class='ocr_line' id='line_1_113' title="bbox 303 5548 1888 5625; baseline -0.002 -20"><span class='ocrx_word' id='word_1_858' title='bbox 303 5554 684 5624; x_wconf 74' lang='grc' dir='ltr'>προσενεγκεῖν</span> <span class='ocrx_word' id='word_1_859' title='bbox 746 5550 891 5622; x_wconf 73' lang='grc' dir='ltr'>ὕδωρ</span> <span class='ocrx_word' id='word_1_860' title='bbox 939 5550 997 5605; x_wconf 79' lang='grc' dir='ltr'><strong><em>ἐξ</em></strong></span> <span class='ocrx_word' id='word_1_861' title='bbox 1039 5549 1244 5620; x_wconf 80' lang='grc' dir='ltr'>ἀπόρου</span> <span class='ocrx_word' id='word_1_862' title='bbox 1288 5548 1442 5616; x_wconf 76' lang='grc' dir='ltr'>ὕλης,</span> <span class='ocrx_word' id='word_1_863' title='bbox 1487 5548 1550 5602; x_wconf 84' lang='grc' dir='ltr'>τὸ</span> <span class='ocrx_word' id='word_1_864' title='bbox 1602 5549 1764 5625; x_wconf 77' lang='grc' dir='ltr'>ξηρὸν</span> <span class='ocrx_word' id='word_1_865' title='bbox 1808 5551 1888 5613; x_wconf 84' lang='grc' dir='ltr'>εἰς</span> 
     </span>
    </p>
   </div>
   <div class='ocr_carea' id='block_1_114' title="bbox 1995 5548 3564 5632">
    <p class='ocr_par' dir='ltr' id='par_1_114' title="bbox 1995 5554 3564 5632">
     <span class='ocr_line' id='line_1_114' title="bbox 1995 5554 3564 5632; baseline 0.007 -26"><span class='ocrx_word' id='word_1_866' title='bbox 1995 5560 2097 5617; x_wconf 87' lang='lat' dir='ltr'><strong><em>ret,</em></strong></span> <span class='ocrx_word' id='word_1_867' title='bbox 2157 5554 2489 5629; x_wconf 72' lang='lat' dir='ltr'><strong><em>minimeque</em></strong></span> <span class='ocrx_word' id='word_1_868' title='bbox 2537 5558 2731 5617; x_wconf 89' lang='lat' dir='ltr'><strong><em>idonea</em></strong></span> <span class='ocrx_word' id='word_1_869' title='bbox 2771 5576 2836 5618; x_wconf 80' lang='lat' dir='ltr'><strong><em>ex</em></strong></span> <span class='ocrx_word' id='word_1_870' title='bbox 2868 5561 3095 5617; x_wconf 87' lang='lat' dir='ltr'><strong><em>materia</em></strong></span> <span class='ocrx_word' id='word_1_871' title='bbox 3140 5561 3354 5618; x_wconf 89' lang='lat' dir='ltr'><strong><em>laticem</em></strong></span> <span class='ocrx_word' id='word_1_872' title='bbox 3403 5572 3564 5632; x_wconf 66' lang='lat' dir='ltr'><strong><em>aqua</em></strong></span> 
     </span>
    </p>
   </div>
   <div class='ocr_carea' id='block_1_115' title="bbox 383 5700 1895 5776">
    <p class='ocr_par' dir='ltr' id='par_1_115' title="bbox 383 5700 1895 5776">
     <span class='ocr_line' id='line_1_115' title="bbox 383 5700 1895 5776; baseline 0.016 -39"><span class='ocrx_word' id='word_1_873' title='bbox 383 5706 399 5737; x_wconf 82' lang='grc' dir='ltr'><strong><em>ι</em></strong></span> <span class='ocrx_word' id='word_1_874' title='bbox 430 5725 520 5775; x_wconf 54' lang='grc' dir='ltr'><strong><em>πρ,</em></strong></span> <span class='ocrx_word' id='word_1_875' title='bbox 550 5706 580 5760; x_wconf 68' lang='grc' dir='ltr'>ὁ</span> <span class='ocrx_word' id='word_1_876' title='bbox 608 5704 783 5774; x_wconf 81' lang='grc' dir='ltr'>λόγος,</span> <span class='ocrx_word' id='word_1_877' title='bbox 859 5701 882 5735; x_wconf 73' lang='grc'>⁸</span> <span class='ocrx_word' id='word_1_878' title='bbox 906 5700 967 5757; x_wconf 84' lang='lat' dir='ltr'><strong><em>F.</em></strong></span> <span class='ocrx_word' id='word_1_879' title='bbox 989 5701 1219 5772; x_wconf 73' lang='grc' dir='ltr'>ἐγεῖραι.</span> <span class='ocrx_word' id='word_1_880' title='bbox 1296 5702 1317 5734; x_wconf 86' lang='grc'>⁸</span> <span class='ocrx_word' id='word_1_881' title='bbox 1344 5700 1359 5757; x_wconf 88' lang='grc'><strong>1</strong></span> <span class='ocrx_word' id='word_1_882' title='bbox 1389 5700 1514 5759; x_wconf 83' lang='lat' dir='ltr'><strong><em>Cor.</em></strong></span> <span class='ocrx_word' id='word_1_883' title='bbox 1547 5717 1636 5772; x_wconf 81' lang='lat' dir='ltr'><strong><em>xv,</em></strong></span> <span class='ocrx_word' id='word_1_884' title='bbox 1663 5702 1733 5759; x_wconf 77' lang='grc'><strong>55</strong></span> <span class='ocrx_word' id='word_1_885' title='bbox 1772 5718 1895 5776; x_wconf 86' lang='lat' dir='ltr'><strong><em>sqq.</em></strong></span> 
     </span>
    </p>
   </div>
  </div>
