  <div class='ocr_page' id='page_1' title='image "/cluster/home/n/w/nwhite01/storage/ocr_20150623/41/nnc1.0046978747/675.png"; bbox 0 0 4082 6394; ppageno 0'>
   <div class='ocr_carea' id='block_1_1' title="bbox 484 275 615 331">
    <p class='ocr_par' dir='ltr' id='par_1_1' title="bbox 484 275 615 331">
     <span class='ocr_line' id='line_1_1' title="bbox 484 275 615 331; baseline -0.031 0"><span class='ocrx_word' id='word_1_1' title='bbox 484 275 615 331; x_wconf 70' lang='lat' dir='ltr'><strong>H‘JI</strong></span> 
     </span>
    </p>
   </div>
   <div class='ocr_carea' id='block_1_2' title="bbox 1872 267 2327 327">
    <p class='ocr_par' dir='ltr' id='par_1_2' title="bbox 1872 267 2327 327">
     <span class='ocr_line' id='line_1_2' title="bbox 1872 267 2327 327; baseline -0.011 0"><span class='ocrx_word' id='word_1_2' title='bbox 1872 268 1935 327; x_wconf 85' lang='lat' dir='ltr'><strong>S.</strong></span> <span class='ocrx_word' id='word_1_3' title='bbox 1977 267 2327 326; x_wconf 74' lang='lat' dir='ltr'><strong>EPIPIIANII</strong></span> 
     </span>
    </p>
   </div>
   <div class='ocr_carea' id='block_1_3' title="bbox 3612 264 3765 320">
    <p class='ocr_par' dir='ltr' id='par_1_3' title="bbox 3612 264 3765 320">
     <span class='ocr_line' id='line_1_3' title="bbox 3612 264 3765 320; baseline -0.013 0"><span class='ocrx_word' id='word_1_4' title='bbox 3612 264 3765 320; x_wconf 67' lang='lat'><strong>“9?.</strong></span> 
     </span>
    </p>
   </div>
   <div class='ocr_carea' id='block_1_4' title="bbox 477 378 2076 461">
    <p class='ocr_par' dir='ltr' id='par_1_4' title="bbox 477 385 2059 461">
     <span class='ocr_line' id='line_1_4' title="bbox 477 385 2059 461; baseline -0.002 -18"><span class='ocrx_word' id='word_1_5' title='bbox 477 389 790 461; x_wconf 86' lang='lat' dir='ltr'><strong>proferret?</strong></span> <span class='ocrx_word' id='word_1_6' title='bbox 822 388 969 459; x_wconf 90' lang='lat' dir='ltr'><strong>quod</strong></span> <span class='ocrx_word' id='word_1_7' title='bbox 996 387 1204 442; x_wconf 81' lang='lat' dir='ltr'><strong>siccum</strong></span> <span class='ocrx_word' id='word_1_8' title='bbox 1236 396 1355 442; x_wconf 90' lang='lat' dir='ltr'><strong>erat</strong></span> <span class='ocrx_word' id='word_1_9' title='bbox 1398 386 1452 440; x_wconf 88' lang='lat' dir='ltr'><strong>in</strong></span> <span class='ocrx_word' id='word_1_10' title='bbox 1494 385 1781 441; x_wconf 86' lang='lat' dir='ltr'><strong>humorem</strong></span> <span class='ocrx_word' id='word_1_11' title='bbox 1829 401 2059 441; x_wconf 88' lang='lat' dir='ltr'><strong>conver-</strong></span> 
     </span>
    </p>
   </div>
   <div class='ocr_carea' id='block_1_5' title="bbox 2178 378 3764 461">
    <p class='ocr_par' dir='ltr' id='par_1_5' title="bbox 2178 378 3764 454">
     <span class='ocr_line' id='line_1_5' title="bbox 2178 378 3764 454; baseline -0.004 -17"><span class='ocrx_word' id='word_1_12' title='bbox 2178 384 2328 454; x_wconf 63' lang='grc' dir='ltr'>ϋγρδν</span> <span class='ocrx_word' id='word_1_13' title='bbox 2356 378 2701 452; x_wconf 78' lang='grc' dir='ltr'>μεταϐαλεῖν,</span> <span class='ocrx_word' id='word_1_14' title='bbox 2720 381 2781 435; x_wconf 90' lang='lat' dir='ltr'><strong>rb</strong></span> <span class='ocrx_word' id='word_1_15' title='bbox 2808 381 3047 449; x_wconf 78' lang='grc' dir='ltr'>πατάξαι</span> <span class='ocrx_word' id='word_1_16' title='bbox 3070 380 3373 442; x_wconf 81' lang='grc' dir='ltr'>θάλασσαν,</span> <span class='ocrx_word' id='word_1_17' title='bbox 3404 378 3498 431; x_wconf 73' lang='grc' dir='ltr'>καὶ</span> <span class='ocrx_word' id='word_1_18' title='bbox 3520 378 3764 451; x_wconf 79' lang='grc' dir='ltr'>διαιρεῖν</span> 
     </span>
    </p>
   </div>
   <div class='ocr_carea' id='block_1_6' title="bbox 475 478 2059 551">
    <p class='ocr_par' dir='ltr' id='par_1_6' title="bbox 475 478 2059 551">
     <span class='ocr_line' id='line_1_6' title="bbox 475 478 2059 551; baseline -0.004 -14"><span class='ocrx_word' id='word_1_19' title='bbox 475 490 633 544; x_wconf 85' lang='lat' dir='ltr'><strong>teret.</strong></span> <span class='ocrx_word' id='word_1_20' title='bbox 671 496 992 551; x_wconf 86' lang='lat' dir='ltr'><strong>percussum</strong></span> <span class='ocrx_word' id='word_1_21' title='bbox 1020 494 1171 534; x_wconf 90' lang='lat' dir='ltr'><strong>mare</strong></span> <span class='ocrx_word' id='word_1_22' title='bbox 1200 478 1487 532; x_wconf 80' lang='lat' dir='ltr'><strong>duodecim</strong></span> <span class='ocrx_word' id='word_1_23' title='bbox 1522 478 1577 532; x_wconf 92' lang='lat' dir='ltr'><strong>in</strong></span> <span class='ocrx_word' id='word_1_24' title='bbox 1605 480 1723 533; x_wconf 92' lang='lat' dir='ltr'><strong>vias</strong></span> <span class='ocrx_word' id='word_1_25' title='bbox 1753 487 1921 547; x_wconf 83' lang='lat' dir='ltr'><strong>atque</strong></span> <span class='ocrx_word' id='word_1_26' title='bbox 1968 479 2059 532; x_wconf 83' lang='lat' dir='ltr'><strong>iti-</strong></span> 
     </span>
    </p>
   </div>
   <div class='ocr_carea' id='block_1_7' title="bbox 476 571 2058 642">
    <p class='ocr_par' dir='ltr' id='par_1_7' title="bbox 476 571 2058 642">
     <span class='ocr_line' id='line_1_7' title="bbox 476 571 2058 642; baseline -0.002 -15"><span class='ocrx_word' id='word_1_27' title='bbox 476 589 606 628; x_wconf 92' lang='lat' dir='ltr'><strong>nera</strong></span> <span class='ocrx_word' id='word_1_28' title='bbox 651 575 924 628; x_wconf 85' lang='lat' dir='ltr'><strong>maritima</strong></span> <span class='ocrx_word' id='word_1_29' title='bbox 977 573 1097 627; x_wconf 91' lang='lat' dir='ltr'><strong>solo</strong></span> <span class='ocrx_word' id='word_1_30' title='bbox 1140 572 1371 642; x_wconf 87' lang='lat' dir='ltr'><strong>imperio</strong></span> <span class='ocrx_word' id='word_1_31' title='bbox 1421 571 1709 636; x_wconf 78' lang='lat' dir='ltr'><strong>divideret,</strong></span> <span class='ocrx_word' id='word_1_32' title='bbox 1744 571 1968 625; x_wconf 87' lang='lat' dir='ltr'><strong>fluvium</strong></span> <span class='ocrx_word' id='word_1_33' title='bbox 2005 572 2058 625; x_wconf 94' lang='lat' dir='ltr'><strong>in</strong></span> 
     </span>
    </p>
   </div>
   <div class='ocr_carea' id='block_1_8' title="bbox 475 664 2063 731">
    <p class='ocr_par' dir='ltr' id='par_1_8' title="bbox 475 664 2063 731">
     <span class='ocr_line' id='line_1_8' title="bbox 475 664 2063 731; baseline -0.001 -14"><span class='ocrx_word' id='word_1_34' title='bbox 475 664 797 731; x_wconf 83' lang='lat' dir='ltr'><strong>sanguinem</strong></span> <span class='ocrx_word' id='word_1_35' title='bbox 842 670 1097 723; x_wconf 85' lang='lat' dir='ltr'><strong>mut-aret,</strong></span> <span class='ocrx_word' id='word_1_36' title='bbox 1148 676 1408 715; x_wconf 91' lang='lat' dir='ltr'><strong>ranarum</strong></span> <span class='ocrx_word' id='word_1_37' title='bbox 1464 667 1671 715; x_wconf 89' lang='lat' dir='ltr'><strong>tantam</strong></span> <span class='ocrx_word' id='word_1_38' title='bbox 1718 670 1943 731; x_wconf 87' lang='lat' dir='ltr'><strong>repente</strong></span> <span class='ocrx_word' id='word_1_39' title='bbox 1976 676 2063 715; x_wconf 90' lang='lat' dir='ltr'><strong>co-</strong></span> 
     </span>
    </p>
   </div>
   <div class='ocr_carea' id='block_1_9' title="bbox 477 752 2064 827">
    <p class='ocr_par' dir='ltr' id='par_1_9' title="bbox 477 752 2064 827">
     <span class='ocr_line' id='line_1_9' title="bbox 477 752 2064 827; baseline 0 -19"><span class='ocrx_word' id='word_1_40' title='bbox 477 757 621 827; x_wconf 83' lang='lat' dir='ltr'><strong>piam</strong></span> <span class='ocrx_word' id='word_1_41' title='bbox 650 756 705 809; x_wconf 93' lang='lat' dir='ltr'><strong>in</strong></span> <span class='ocrx_word' id='word_1_42' title='bbox 736 771 905 809; x_wconf 90' lang='lat' dir='ltr'><strong>unum</strong></span> <span class='ocrx_word' id='word_1_43' title='bbox 948 764 1188 825; x_wconf 76' lang='lat' dir='ltr'><strong>cogeret,</strong></span> <span class='ocrx_word' id='word_1_44' title='bbox 1248 754 1453 808; x_wconf 90' lang='lat' dir='ltr'><strong>culices</strong></span> <span class='ocrx_word' id='word_1_45' title='bbox 1496 752 1770 824; x_wconf 69' lang='lat' dir='ltr'><strong>Egyptiis</strong></span> <span class='ocrx_word' id='word_1_46' title='bbox 1812 754 2064 808; x_wconf 83' lang='lat' dir='ltr'><strong>immitte-</strong></span> 
     </span>
    </p>
   </div>
   <div class='ocr_carea' id='block_1_10' title="bbox 478 845 2061 918">
    <p class='ocr_par' dir='ltr' id='par_1_10' title="bbox 478 845 2061 918">
     <span class='ocr_line' id='line_1_10' title="bbox 478 845 2061 918; baseline -0.003 -15"><span class='ocrx_word' id='word_1_47' title='bbox 478 858 578 904; x_wconf 82' lang='lat' dir='ltr'><strong>ret.</strong></span> <span class='ocrx_word' id='word_1_48' title='bbox 613 850 866 903; x_wconf 88' lang='lat' dir='ltr'><strong>misceret</strong></span> <span class='ocrx_word' id='word_1_49' title='bbox 904 847 1013 918; x_wconf 87' lang='lat' dir='ltr'><strong>igni</strong></span> <span class='ocrx_word' id='word_1_50' title='bbox 1057 845 1402 917; x_wconf 76' lang='lat' dir='ltr'><strong>grandinem,</strong></span> <span class='ocrx_word' id='word_1_51' title='bbox 1444 846 1798 917; x_wconf 84' lang='lat' dir='ltr'><strong>nigerrimam</strong></span> <span class='ocrx_word' id='word_1_52' title='bbox 1844 854 2061 899; x_wconf 86' lang='lat' dir='ltr'><strong>noctem</strong></span> 
     </span>
    </p>
   </div>
   <div class='ocr_carea' id='block_1_11' title="bbox 478 936 2061 997">
    <p class='ocr_par' dir='ltr' id='par_1_11' title="bbox 478 936 2061 997">
     <span class='ocr_line' id='line_1_11' title="bbox 478 936 2061 997; baseline -0.001 -2"><span class='ocrx_word' id='word_1_53' title='bbox 478 957 543 995; x_wconf 89' lang='lat' dir='ltr'><strong>ac</strong></span> <span class='ocrx_word' id='word_1_54' title='bbox 598 941 941 997; x_wconf 86' lang='lat' dir='ltr'><strong>densissimis</strong></span> <span class='ocrx_word' id='word_1_55' title='bbox 1012 940 1256 995; x_wconf 77' lang='lat' dir='ltr'><strong>tenebris</strong></span> <span class='ocrx_word' id='word_1_56' title='bbox 1319 937 1619 993; x_wconf 85' lang='lat' dir='ltr'><strong>obductam</strong></span> <span class='ocrx_word' id='word_1_57' title='bbox 1700 936 1896 993; x_wconf 89' lang='lat' dir='ltr'><strong>iisdem</strong></span> <span class='ocrx_word' id='word_1_58' title='bbox 1955 938 2061 993; x_wconf 91' lang='lat' dir='ltr'><strong>illis</strong></span> 
     </span>
    </p>
   </div>
   <div class='ocr_carea' id='block_1_12' title="bbox 478 1029 2063 1104">
    <p class='ocr_par' dir='ltr' id='par_1_12' title="bbox 478 1029 2063 1104">
     <span class='ocr_line' id='line_1_12' title="bbox 478 1029 2063 1104; baseline -0.002 -17"><span class='ocrx_word' id='word_1_59' title='bbox 478 1032 753 1104; x_wconf 65' lang='lat' dir='ltr'><strong>Egyptiis</strong></span> <span class='ocrx_word' id='word_1_60' title='bbox 804 1031 1133 1095; x_wconf 77' lang='lat' dir='ltr'><strong>offunderet,</strong></span> <span class='ocrx_word' id='word_1_61' title='bbox 1184 1032 1391 1101; x_wconf 92' lang='lat' dir='ltr'><strong>primos</strong></span> <span class='ocrx_word' id='word_1_62' title='bbox 1442 1029 1824 1101; x_wconf 64' lang='lat' dir='ltr'><strong>Egyptiorum</strong></span> <span class='ocrx_word' id='word_1_63' title='bbox 1870 1037 2063 1100; x_wconf 90' lang='lat' dir='ltr'><strong>partus</strong></span> 
     </span>
    </p>
   </div>
   <div class='ocr_carea' id='block_1_13' title="bbox 480 1121 2062 1194">
    <p class='ocr_par' dir='ltr' id='par_1_13' title="bbox 480 1121 2062 1194">
     <span class='ocr_line' id='line_1_13' title="bbox 480 1121 2062 1194; baseline -0.003 -16"><span class='ocrx_word' id='word_1_64' title='bbox 480 1125 843 1189; x_wconf 86' lang='lat' dir='ltr'><strong>interficeret,</strong></span> <span class='ocrx_word' id='word_1_65' title='bbox 875 1124 1047 1194; x_wconf 68' lang='lat' dir='ltr'><strong>ignea!</strong></span> <span class='ocrx_word' id='word_1_66' title='bbox 1074 1123 1343 1177; x_wconf 71' lang='lat' dir='ltr'><strong>columna:</strong></span> <span class='ocrx_word' id='word_1_67' title='bbox 1370 1121 1631 1175; x_wconf 85' lang='lat' dir='ltr'><strong>beneficio</strong></span> <span class='ocrx_word' id='word_1_68' title='bbox 1652 1121 1874 1192; x_wconf 88' lang='lat' dir='ltr'><strong>populo,</strong></span> <span class='ocrx_word' id='word_1_69' title='bbox 1899 1137 2062 1191; x_wconf 87' lang='lat' dir='ltr'><strong>quem</strong></span> 
     </span>
    </p>
   </div>
   <div class='ocr_carea' id='block_1_14' title="bbox 478 1212 2064 1286">
    <p class='ocr_par' dir='ltr' id='par_1_14' title="bbox 478 1212 2064 1286">
     <span class='ocr_line' id='line_1_14' title="bbox 478 1212 2064 1286; baseline -0.002 -18"><span class='ocrx_word' id='word_1_70' title='bbox 478 1216 712 1286; x_wconf 84' lang='lat' dir='ltr'><strong>pastoris</strong></span> <span class='ocrx_word' id='word_1_71' title='bbox 736 1215 910 1271; x_wconf 87' lang='lat' dir='ltr'><strong>instar</strong></span> <span class='ocrx_word' id='word_1_72' title='bbox 934 1215 1175 1286; x_wconf 89' lang='lat' dir='ltr'><strong>regebat,</strong></span> <span class='ocrx_word' id='word_1_73' title='bbox 1212 1214 1316 1267; x_wconf 88' lang='lat' dir='ltr'><strong>iter</strong></span> <span class='ocrx_word' id='word_1_74' title='bbox 1342 1213 1577 1283; x_wconf 65' lang='lat' dir='ltr'><strong>pra-iret,</strong></span> <span class='ocrx_word' id='word_1_75' title='bbox 1614 1212 1933 1284; x_wconf 81' lang='lat' dir='ltr'><strong>angelorum</strong></span> <span class='ocrx_word' id='word_1_76' title='bbox 1964 1228 2064 1283; x_wconf 89' lang='lat' dir='ltr'><strong>pa-</strong></span> 
     </span>
    </p>
   </div>
   <div class='ocr_carea' id='block_1_15' title="bbox 480 1306 2065 1377">
    <p class='ocr_par' dir='ltr' id='par_1_15' title="bbox 480 1306 2065 1377">
     <span class='ocr_line' id='line_1_15' title="bbox 480 1306 2065 1377; baseline 0 -15"><span class='ocrx_word' id='word_1_77' title='bbox 480 1326 602 1364; x_wconf 90' lang='lat' dir='ltr'><strong>nem</strong></span> <span class='ocrx_word' id='word_1_78' title='bbox 673 1310 927 1363; x_wconf 90' lang='lat' dir='ltr'><strong>oratione</strong></span> <span class='ocrx_word' id='word_1_79' title='bbox 981 1322 1045 1362; x_wconf 86' lang='lat' dir='ltr'><strong>ac</strong></span> <span class='ocrx_word' id='word_1_80' title='bbox 1099 1307 1360 1377; x_wconf 85' lang='lat' dir='ltr'><strong>precibus</strong></span> <span class='ocrx_word' id='word_1_81' title='bbox 1423 1306 1688 1371; x_wconf 84' lang='lat' dir='ltr'><strong>eliceret,</strong></span> <span class='ocrx_word' id='word_1_82' title='bbox 1752 1307 2065 1362; x_wconf 89' lang='lat' dir='ltr'><strong>coturnices</strong></span> 
     </span>
    </p>
   </div>
   <div class='ocr_carea' id='block_1_16' title="bbox 478 1398 2065 1473">
    <p class='ocr_par' dir='ltr' id='par_1_16' title="bbox 478 1398 2065 1473">
     <span class='ocr_line' id='line_1_16' title="bbox 478 1398 2065 1473; baseline -0.002 -19"><span class='ocrx_word' id='word_1_83' title='bbox 478 1401 643 1473; x_wconf 77' lang='lat'><strong>600</strong></span> <span class='ocrx_word' id='word_1_84' title='bbox 701 1401 1012 1471; x_wconf 80' lang='lat' dir='ltr'><strong>largissime</strong></span> <span class='ocrx_word' id='word_1_85' title='bbox 1067 1398 1483 1468; x_wconf 81' lang='lat' dir='ltr'><strong>suppeditaret,</strong></span> <span class='ocrx_word' id='word_1_86' title='bbox 1536 1413 1601 1452; x_wconf 87' lang='lat' dir='ltr'><strong>ac</strong></span> <span class='ocrx_word' id='word_1_87' title='bbox 1650 1404 1732 1452; x_wconf 89' lang='lat' dir='ltr'><strong>tot</strong></span> <span class='ocrx_word' id='word_1_88' title='bbox 1780 1398 2065 1452; x_wconf 87' lang='lat' dir='ltr'><strong>hominum</strong></span> 
     </span>
    </p>
   </div>
   <div class='ocr_carea' id='block_1_17' title="bbox 479 1488 2065 1560">
    <p class='ocr_par' dir='ltr' id='par_1_17' title="bbox 479 1488 2065 1560">
     <span class='ocr_line' id='line_1_17' title="bbox 479 1488 2065 1560; baseline -0.003 -14"><span class='ocrx_word' id='word_1_89' title='bbox 479 1495 648 1546; x_wconf 78' lang='lat' dir='ltr'><strong>millia</strong></span> <span class='ocrx_word' id='word_1_90' title='bbox 690 1491 802 1545; x_wconf 91' lang='lat' dir='ltr'><strong>Deo</strong></span> <span class='ocrx_word' id='word_1_91' title='bbox 842 1491 1070 1560; x_wconf 81' lang='lat' dir='ltr'><strong>jubente</strong></span> <span class='ocrx_word' id='word_1_92' title='bbox 1144 1491 1391 1554; x_wconf 82' lang='lat' dir='ltr'><strong>satiaret,</strong></span> <span class='ocrx_word' id='word_1_93' title='bbox 1437 1488 1684 1559; x_wconf 79' lang='lat' dir='ltr'><strong>ejusdem</strong></span> <span class='ocrx_word' id='word_1_94' title='bbox 1739 1488 1831 1545; x_wconf 90' lang='lat' dir='ltr'><strong>Dei</strong></span> <span class='ocrx_word' id='word_1_95' title='bbox 1875 1504 2065 1544; x_wconf 89' lang='lat' dir='ltr'><strong>vocem</strong></span> 
     </span>
    </p>
   </div>
   <div class='ocr_carea' id='block_1_18' title="bbox 478 1579 2065 1651">
    <p class='ocr_par' dir='ltr' id='par_1_18' title="bbox 478 1579 2065 1651">
     <span class='ocr_line' id='line_1_18' title="bbox 478 1579 2065 1651; baseline -0.001 -15"><span class='ocrx_word' id='word_1_96' title='bbox 478 1582 782 1644; x_wconf 82' lang='lat' dir='ltr'><strong>exaudiret,</strong></span> <span class='ocrx_word' id='word_1_97' title='bbox 815 1582 1038 1651; x_wconf 89' lang='lat' dir='ltr'><strong>dignus,</strong></span> <span class='ocrx_word' id='word_1_98' title='bbox 1078 1581 1329 1650; x_wconf 87' lang='lat' dir='ltr'><strong>inquam,</strong></span> <span class='ocrx_word' id='word_1_99' title='bbox 1360 1580 1655 1633; x_wconf 81' lang='lat' dir='ltr'><strong>haberetur</strong></span> <span class='ocrx_word' id='word_1_100' title='bbox 1684 1595 1751 1635; x_wconf 82' lang='lat' dir='ltr'><strong>ex</strong></span> <span class='ocrx_word' id='word_1_101' title='bbox 1788 1587 1898 1633; x_wconf 91' lang='lat' dir='ltr'><strong>tam</strong></span> <span class='ocrx_word' id='word_1_102' title='bbox 1941 1579 2065 1634; x_wconf 85' lang='lat' dir='ltr'><strong>infi-</strong></span> 
     </span>
    </p>
   </div>
   <div class='ocr_carea' id='block_1_19' title="bbox 480 1669 2069 1740">
    <p class='ocr_par' dir='ltr' id='par_1_19' title="bbox 480 1669 2069 1740">
     <span class='ocr_line' id='line_1_19' title="bbox 480 1669 2069 1740; baseline -0.001 -15"><span class='ocrx_word' id='word_1_103' title='bbox 480 1673 595 1725; x_wconf 88' lang='lat' dir='ltr'><strong>nita</strong></span> <span class='ocrx_word' id='word_1_104' title='bbox 629 1672 916 1726; x_wconf 89' lang='lat' dir='ltr'><strong>hominum</strong></span> <span class='ocrx_word' id='word_1_105' title='bbox 954 1669 1329 1733; x_wconf 83' lang='lat' dir='ltr'><strong>multitudine,</strong></span> <span class='ocrx_word' id='word_1_106' title='bbox 1353 1670 1448 1740; x_wconf 91' lang='lat' dir='ltr'><strong>qui</strong></span> <span class='ocrx_word' id='word_1_107' title='bbox 1476 1679 1528 1724; x_wconf 93' lang='lat' dir='ltr'><strong>et</strong></span> <span class='ocrx_word' id='word_1_108' title='bbox 1559 1669 1651 1724; x_wconf 91' lang='lat' dir='ltr'><strong>Dei</strong></span> <span class='ocrx_word' id='word_1_109' title='bbox 1681 1686 1871 1725; x_wconf 91' lang='lat' dir='ltr'><strong>vocem</strong></span> <span class='ocrx_word' id='word_1_110' title='bbox 1912 1671 2069 1725; x_wconf 88' lang='lat' dir='ltr'><strong>audi-</strong></span> 
     </span>
    </p>
   </div>
   <div class='ocr_carea' id='block_1_20' title="bbox 2162 472 3761 545">
    <p class='ocr_par' dir='ltr' id='par_1_20' title="bbox 2162 472 3761 545">
     <span class='ocr_line' id='line_1_20' title="bbox 2162 472 3761 545; baseline -0.004 -15"><span class='ocrx_word' id='word_1_111' title='bbox 2162 480 2241 540; x_wconf 87' lang='grc' dir='ltr'><strong>είς</strong></span> <span class='ocrx_word' id='word_1_112' title='bbox 2270 475 2479 529; x_wconf 83' lang='grc' dir='ltr'>δώδεκα</span> <span class='ocrx_word' id='word_1_113' title='bbox 2508 474 2663 539; x_wconf 78' lang='grc' dir='ltr'>ὁδοὺς</span> <span class='ocrx_word' id='word_1_114' title='bbox 2686 474 2801 545; x_wconf 78' lang='grc'><strong>(49)</strong></span> <span class='ocrx_word' id='word_1_115' title='bbox 2835 475 3144 545; x_wconf 78' lang='grc' dir='ltr'><strong>ὁδοιπορίας</strong></span> <span class='ocrx_word' id='word_1_116' title='bbox 3179 476 3235 527; x_wconf 84' lang='grc' dir='ltr'>ὲν</span> <span class='ocrx_word' id='word_1_117' title='bbox 3270 472 3514 545; x_wconf 77' lang='grc' dir='ltr'><strong>θαλάσσῃ</strong></span> <span class='ocrx_word' id='word_1_118' title='bbox 3530 472 3612 543; x_wconf 75' lang='grc' dir='ltr'>τῷ</span> <span class='ocrx_word' id='word_1_119' title='bbox 3654 489 3761 524; x_wconf 81' lang='grc' dir='ltr'>κε-</span> 
     </span>
    </p>
   </div>
   <div class='ocr_carea' id='block_1_21' title="bbox 2161 560 3747 637">
    <p class='ocr_par' dir='ltr' id='par_1_21' title="bbox 2161 560 3747 637">
     <span class='ocr_line' id='line_1_21' title="bbox 2161 560 3747 637; baseline -0.003 -17"><span class='ocrx_word' id='word_1_120' title='bbox 2161 567 2451 637; x_wconf 86' lang='grc' dir='ltr'>λεύσματι,</span> <span class='ocrx_word' id='word_1_121' title='bbox 2477 566 2540 618; x_wconf 87' lang='lat' dir='ltr'><strong>rb</strong></span> <span class='ocrx_word' id='word_1_122' title='bbox 2560 566 2807 637; x_wconf 78' lang='grc' dir='ltr'>ποταμὸν</span> <span class='ocrx_word' id='word_1_123' title='bbox 2824 566 2905 631; x_wconf 88' lang='grc' dir='ltr'><strong>είς</strong></span> <span class='ocrx_word' id='word_1_124' title='bbox 2931 560 3071 637; x_wconf 76' lang='grc' dir='ltr'>αἷμα</span> <span class='ocrx_word' id='word_1_125' title='bbox 3094 564 3441 637; x_wconf 78' lang='grc' dir='ltr'>μεταϐαλεῖν,</span> <span class='ocrx_word' id='word_1_126' title='bbox 3463 564 3525 616; x_wconf 85' lang='lat' dir='ltr'><strong>rb</strong></span> <span class='ocrx_word' id='word_1_127' title='bbox 3553 563 3747 634; x_wconf 77' lang='grc' dir='ltr'>βάτρα-</span> 
     </span>
    </p>
   </div>
   <div class='ocr_carea' id='block_1_22' title="bbox 2163 654 3761 730">
    <p class='ocr_par' dir='ltr' id='par_1_22' title="bbox 2163 654 3761 730">
     <span class='ocr_line' id='line_1_22' title="bbox 2163 654 3761 730; baseline -0.004 -18"><span class='ocrx_word' id='word_1_128' title='bbox 2163 677 2255 730; x_wconf 91' lang='grc' dir='ltr'>χον</span> <span class='ocrx_word' id='word_1_129' title='bbox 2285 660 2389 712; x_wconf 81' lang='grc' dir='ltr'><strong>ὑπὸ</strong></span> <span class='ocrx_word' id='word_1_130' title='bbox 2422 657 2561 722; x_wconf 79' lang='grc' dir='ltr'>θίξιν</span> <span class='ocrx_word' id='word_1_131' title='bbox 2622 660 2950 727; x_wconf 80' lang='grc' dir='ltr'><strong>συναγαγεῖν</strong></span> <span class='ocrx_word' id='word_1_132' title='bbox 2992 656 3269 720; x_wconf 82' lang='grc' dir='ltr'>τοσοῦτον,</span> <span class='ocrx_word' id='word_1_133' title='bbox 3312 657 3374 709; x_wconf 86' lang='lat' dir='ltr'><strong>rb</strong></span> <span class='ocrx_word' id='word_1_134' title='bbox 3412 656 3512 727; x_wconf 82' lang='grc' dir='ltr'>τὴν</span> <span class='ocrx_word' id='word_1_135' title='bbox 3551 654 3761 722; x_wconf 74' lang='grc' dir='ltr'>σκνίφα</span> 
     </span>
    </p>
   </div>
   <div class='ocr_carea' id='block_1_23' title="bbox 2162 745 3758 821">
    <p class='ocr_par' dir='ltr' id='par_1_23' title="bbox 2162 745 3758 821">
     <span class='ocr_line' id='line_1_23' title="bbox 2162 745 3758 821; baseline -0.004 -17"><span class='ocrx_word' id='word_1_136' title='bbox 2162 749 2469 820; x_wconf 79' lang='grc' dir='ltr'>ἐπιπέμψαι</span> <span class='ocrx_word' id='word_1_137' title='bbox 2525 750 2868 817; x_wconf 76' lang='grc' dir='ltr'><strong>Αἰγυπτίοις,</strong></span> <span class='ocrx_word' id='word_1_138' title='bbox 2906 749 2969 803; x_wconf 86' lang='lat' dir='ltr'><strong>rb</strong></span> <span class='ocrx_word' id='word_1_139' title='bbox 3007 748 3252 821; x_wconf 78' lang='grc' dir='ltr'>χάλαζαν</span> <span class='ocrx_word' id='word_1_140' title='bbox 3306 749 3456 819; x_wconf 75' lang='grc' dir='ltr'>μῖξαι</span> <span class='ocrx_word' id='word_1_141' title='bbox 3491 746 3629 819; x_wconf 80' lang='grc' dir='ltr'>μετὰ</span> <span class='ocrx_word' id='word_1_142' title='bbox 3653 745 3758 799; x_wconf 87' lang='grc' dir='ltr'><strong>τοῦ</strong></span> 
     </span>
    </p>
   </div>
   <div class='ocr_carea' id='block_1_24' title="bbox 2164 840 3759 913">
    <p class='ocr_par' dir='ltr' id='par_1_24' title="bbox 2164 840 3759 913">
     <span class='ocr_line' id='line_1_24' title="bbox 2164 840 3759 913; baseline -0.002 -18"><span class='ocrx_word' id='word_1_143' title='bbox 2164 842 2356 913; x_wconf 79' lang='grc' dir='ltr'>πυρὸς,</span> <span class='ocrx_word' id='word_1_144' title='bbox 2409 840 2471 895; x_wconf 89' lang='lat' dir='ltr'><strong>rb</strong></span> <span class='ocrx_word' id='word_1_145' title='bbox 2532 840 2703 895; x_wconf 81' lang='grc' dir='ltr'>νύκτα</span> <span class='ocrx_word' id='word_1_146' title='bbox 2746 842 3005 913; x_wconf 87' lang='grc' dir='ltr'>μέλαιναν</span> <span class='ocrx_word' id='word_1_147' title='bbox 3038 842 3134 895; x_wconf 71' lang='grc' dir='ltr'><strong>καὶ</strong></span> <span class='ocrx_word' id='word_1_148' title='bbox 3157 842 3549 912; x_wconf 82' lang='grc' dir='ltr'>ὲσκοτισμένην</span> <span class='ocrx_word' id='word_1_149' title='bbox 3582 841 3759 907; x_wconf 76' lang='grc' dir='ltr'>Δίγυ-</span> 
     </span>
    </p>
   </div>
   <div class='ocr_carea' id='block_1_25' title="bbox 2165 933 3762 1007">
    <p class='ocr_par' dir='ltr' id='par_1_25' title="bbox 2165 933 3762 1007">
     <span class='ocr_line' id='line_1_25' title="bbox 2165 933 3762 1007; baseline 0 -21"><span class='ocrx_word' id='word_1_150' title='bbox 2165 933 2343 998; x_wconf 89' lang='grc' dir='ltr'>πτίοις</span> <span class='ocrx_word' id='word_1_151' title='bbox 2362 934 2687 1005; x_wconf 82' lang='grc' dir='ltr'>ὲπικεράσαι</span> <span class='ocrx_word' id='word_1_152' title='bbox 2715 933 2951 1005; x_wconf 76' lang='grc' dir='ltr'>ζοφώδη,</span> <span class='ocrx_word' id='word_1_153' title='bbox 2981 934 3043 989; x_wconf 89' lang='lat' dir='ltr'><strong>rb</strong></span> <span class='ocrx_word' id='word_1_154' title='bbox 3070 935 3391 1007; x_wconf 80' lang='grc' dir='ltr'>πρωτότοκα</span> <span class='ocrx_word' id='word_1_155' title='bbox 3418 937 3621 987; x_wconf 82' lang='grc' dir='ltr'>κτεῖναι</span> <span class='ocrx_word' id='word_1_156' title='bbox 3642 934 3762 986; x_wconf 79' lang='grc' dir='ltr'><strong>τῶν</strong></span> 
     </span>
    </p>
   </div>
   <div class='ocr_carea' id='block_1_26' title="bbox 2169 1024 3763 1097">
    <p class='ocr_par' dir='ltr' id='par_1_26' title="bbox 2169 1024 3763 1097">
     <span class='ocr_line' id='line_1_26' title="bbox 2169 1024 3763 1097; baseline -0.001 -19"><span class='ocrx_word' id='word_1_157' title='bbox 2169 1025 2484 1094; x_wconf 75' lang='grc' dir='ltr'>Αἰγυπτίων</span> <span class='ocrx_word' id='word_1_158' title='bbox 2541 1026 2601 1078; x_wconf 80' lang='grc' dir='ltr'>ὲν</span> <span class='ocrx_word' id='word_1_159' title='bbox 2650 1025 2889 1097; x_wconf 81' lang='grc' dir='ltr'>θανάτῳ,</span> <span class='ocrx_word' id='word_1_160' title='bbox 2943 1026 3007 1079; x_wconf 89' lang='lat' dir='ltr'><strong>rb</strong></span> <span class='ocrx_word' id='word_1_161' title='bbox 3038 1027 3214 1097; x_wconf 85' lang='grc' dir='ltr'>στύλῳ</span> <span class='ocrx_word' id='word_1_162' title='bbox 3240 1026 3409 1096; x_wconf 83' lang='grc' dir='ltr'>πυρὸς</span> <span class='ocrx_word' id='word_1_163' title='bbox 3435 1024 3763 1097; x_wconf 85' lang='grc' dir='ltr'>καθοδηγείν</span> 
     </span>
    </p>
   </div>
   <div class='ocr_carea' id='block_1_27' title="bbox 2164 1115 3766 1188">
    <p class='ocr_par' dir='ltr' id='par_1_27' title="bbox 2164 1115 3766 1188">
     <span class='ocr_line' id='line_1_27' title="bbox 2164 1115 3766 1188; baseline 0.002 -22"><span class='ocrx_word' id='word_1_164' title='bbox 2164 1115 2292 1169; x_wconf 80' lang='grc' dir='ltr'>λαὸν</span> <span class='ocrx_word' id='word_1_165' title='bbox 2332 1115 2400 1168; x_wconf 86' lang='grc' dir='ltr'>δι’</span> <span class='ocrx_word' id='word_1_166' title='bbox 2424 1116 2591 1169; x_wconf 83' lang='grc' dir='ltr'>αὐτοῦ</span> <span class='ocrx_word' id='word_1_167' title='bbox 2618 1118 3066 1188; x_wconf 83' lang='grc' dir='ltr'>ποιμαινόμενον,</span> <span class='ocrx_word' id='word_1_168' title='bbox 3110 1115 3169 1169; x_wconf 85' lang='lat' dir='ltr'><strong>rb</strong></span> <span class='ocrx_word' id='word_1_169' title='bbox 3196 1118 3359 1187; x_wconf 79' lang='grc' dir='ltr'>ἄρτον</span> <span class='ocrx_word' id='word_1_170' title='bbox 3387 1116 3632 1186; x_wconf 83' lang='grc' dir='ltr'>ἀγγέλων</span> <span class='ocrx_word' id='word_1_171' title='bbox 3655 1118 3766 1169; x_wconf 74' lang='grc' dir='ltr'><strong>ἑπ-</strong></span> 
     </span>
    </p>
   </div>
   <div class='ocr_carea' id='block_1_28' title="bbox 2166 1204 3764 1280">
    <p class='ocr_par' dir='ltr' id='par_1_28' title="bbox 2166 1204 3764 1280">
     <span class='ocr_line' id='line_1_28' title="bbox 2166 1204 3764 1280; baseline 0.001 -22"><span class='ocrx_word' id='word_1_172' title='bbox 2166 1204 2387 1274; x_wconf 82' lang='grc' dir='ltr'>ενέγκαι</span> <span class='ocrx_word' id='word_1_173' title='bbox 2422 1208 2556 1279; x_wconf 77' lang='grc' dir='ltr'>εὐχῇ</span> <span class='ocrx_word' id='word_1_174' title='bbox 2608 1209 2703 1262; x_wconf 70' lang='grc' dir='ltr'><strong>καὶ</strong></span> <span class='ocrx_word' id='word_1_175' title='bbox 2738 1210 2936 1279; x_wconf 77' lang='grc' dir='ltr'>ἱκεσίᾳ,</span> <span class='ocrx_word' id='word_1_176' title='bbox 2967 1208 3028 1261; x_wconf 85' lang='lat' dir='ltr'><strong>rb</strong></span> <span class='ocrx_word' id='word_1_177' title='bbox 3064 1208 3482 1280; x_wconf 75' lang='grc' dir='ltr'>ὀρτυγομήτραν</span> <span class='ocrx_word' id='word_1_178' title='bbox 3524 1209 3764 1271; x_wconf 81' lang='grc' dir='ltr'>ἀνιέναι,</span> 
     </span>
    </p>
   </div>
   <div class='ocr_carea' id='block_1_29' title="bbox 2166 1300 3768 1373">
    <p class='ocr_par' dir='ltr' id='par_1_29' title="bbox 2166 1300 3768 1373">
     <span class='ocr_line' id='line_1_29' title="bbox 2166 1300 3768 1373; baseline 0.001 -21"><span class='ocrx_word' id='word_1_179' title='bbox 2166 1301 2262 1352; x_wconf 73' lang='grc' dir='ltr'><strong>καὶ</strong></span> <span class='ocrx_word' id='word_1_180' title='bbox 2287 1300 2597 1371; x_wconf 87' lang='grc' dir='ltr'>κορεννύειν</span> <span class='ocrx_word' id='word_1_181' title='bbox 2622 1302 2889 1365; x_wconf 82' lang='grc' dir='ltr'>τοσαύτας</span> <span class='ocrx_word' id='word_1_182' title='bbox 2925 1301 3194 1372; x_wconf 84' lang='grc' dir='ltr'>μυριάδας</span> <span class='ocrx_word' id='word_1_183' title='bbox 3223 1302 3433 1373; x_wconf 84' lang='grc' dir='ltr'>ἀνδρῶν</span> <span class='ocrx_word' id='word_1_184' title='bbox 3476 1302 3563 1354; x_wconf 78' lang='grc' dir='ltr'>διὰ</span> <span class='ocrx_word' id='word_1_185' title='bbox 3592 1318 3768 1373; x_wconf 81' lang='grc' dir='ltr'>προσ-</span> 
     </span>
    </p>
   </div>
   <div class='ocr_carea' id='block_1_30' title="bbox 2164 1391 3769 1464">
    <p class='ocr_par' dir='ltr' id='par_1_30' title="bbox 2164 1391 3769 1464">
     <span class='ocr_line' id='line_1_30' title="bbox 2164 1391 3769 1464; baseline 0.002 -21"><span class='ocrx_word' id='word_1_186' title='bbox 2164 1391 2443 1461; x_wconf 87' lang='grc' dir='ltr'>τάγματος</span> <span class='ocrx_word' id='word_1_187' title='bbox 2479 1392 2651 1455; x_wconf 89' lang='grc' dir='ltr'>Θεοῦ,</span> <span class='ocrx_word' id='word_1_188' title='bbox 2702 1394 2765 1446; x_wconf 88' lang='lat' dir='ltr'><strong>rb</strong></span> <span class='ocrx_word' id='word_1_189' title='bbox 2805 1393 3038 1447; x_wconf 80' lang='grc' dir='ltr'>ἀκοῦσαι</span> <span class='ocrx_word' id='word_1_190' title='bbox 3076 1393 3260 1464; x_wconf 84' lang='grc' dir='ltr'>φωνὴν</span> <span class='ocrx_word' id='word_1_191' title='bbox 3300 1392 3458 1457; x_wconf 91' lang='grc' dir='ltr'>Θεοῦ,</span> <span class='ocrx_word' id='word_1_192' title='bbox 3522 1393 3583 1447; x_wconf 85' lang='lat' dir='ltr'><strong>rb</strong></span> <span class='ocrx_word' id='word_1_193' title='bbox 3627 1412 3769 1447; x_wconf 76' lang='grc' dir='ltr'>κατ-</span> 
     </span>
    </p>
   </div>
   <div class='ocr_carea' id='block_1_31' title="bbox 2167 1484 3768 1558">
    <p class='ocr_par' dir='ltr' id='par_1_31' title="bbox 2167 1484 3768 1558">
     <span class='ocr_line' id='line_1_31' title="bbox 2167 1484 3768 1558; baseline 0.001 -21"><span class='ocrx_word' id='word_1_194' title='bbox 2167 1484 2466 1556; x_wconf 69' lang='grc' dir='ltr'>αξιωθῆναι</span> <span class='ocrx_word' id='word_1_195' title='bbox 2521 1486 2626 1540; x_wconf 83' lang='grc' dir='ltr'><strong>ἀνὰ</strong></span> <span class='ocrx_word' id='word_1_196' title='bbox 2683 1486 2847 1556; x_wconf 85' lang='grc' dir='ltr'>μέσον</span> <span class='ocrx_word' id='word_1_197' title='bbox 2874 1485 3146 1540; x_wconf 81' lang='grc' dir='ltr'>τοσούτων</span> <span class='ocrx_word' id='word_1_198' title='bbox 3181 1486 3290 1540; x_wconf 88' lang='grc' dir='ltr'><strong>τῶν</strong></span> <span class='ocrx_word' id='word_1_199' title='bbox 3321 1486 3596 1558; x_wconf 81' lang='grc' dir='ltr'>μυριάδων</span> <span class='ocrx_word' id='word_1_200' title='bbox 3623 1486 3768 1539; x_wconf 80' lang='grc' dir='ltr'>Θεοῦ</span> 
     </span>
    </p>
   </div>
   <div class='ocr_carea' id='block_1_32' title="bbox 2168 1576 3770 1650">
    <p class='ocr_par' dir='ltr' id='par_1_32' title="bbox 2168 1576 3770 1650">
     <span class='ocr_line' id='line_1_32' title="bbox 2168 1576 3770 1650; baseline 0.002 -21"><span class='ocrx_word' id='word_1_201' title='bbox 2168 1576 2353 1647; x_wconf 79' lang='grc' dir='ltr'>φωνῆς</span> <span class='ocrx_word' id='word_1_202' title='bbox 2373 1576 2615 1641; x_wconf 83' lang='grc' dir='ltr'>ἀκούειν,</span> <span class='ocrx_word' id='word_1_203' title='bbox 2658 1580 2752 1633; x_wconf 76' lang='grc' dir='ltr'><strong>καὶ</strong></span> <span class='ocrx_word' id='word_1_204' title='bbox 2784 1580 3093 1650; x_wconf 85' lang='grc' dir='ltr'>συνομιλεῖν</span> <span class='ocrx_word' id='word_1_205' title='bbox 3120 1579 3260 1650; x_wconf 85' lang='grc' dir='ltr'>Θεῷ,</span> <span class='ocrx_word' id='word_1_206' title='bbox 3294 1579 3353 1632; x_wconf 85' lang='lat' dir='ltr'><strong>rb</strong></span> <span class='ocrx_word' id='word_1_207' title='bbox 3377 1580 3462 1633; x_wconf 78' lang='grc' dir='ltr'>διὰ</span> <span class='ocrx_word' id='word_1_208' title='bbox 3491 1579 3770 1650; x_wconf 80' lang='grc' dir='ltr'>τεσσαρά-</span> 
     </span>
    </p>
   </div>
   <div class='ocr_carea' id='block_1_33' title="bbox 2169 1669 3773 1745">
    <p class='ocr_par' dir='ltr' id='par_1_33' title="bbox 2169 1669 3773 1745">
     <span class='ocr_line' id='line_1_33' title="bbox 2169 1669 3773 1745; baseline 0.001 -22"><span class='ocrx_word' id='word_1_209' title='bbox 2169 1686 2334 1724; x_wconf 83' lang='grc' dir='ltr'>κοντα</span> <span class='ocrx_word' id='word_1_210' title='bbox 2365 1669 2609 1741; x_wconf 78' lang='grc' dir='ltr'>ἡμερῶν,</span> <span class='ocrx_word' id='word_1_211' title='bbox 2627 1671 2723 1723; x_wconf 68' lang='grc' dir='ltr'>καὶ</span> <span class='ocrx_word' id='word_1_212' title='bbox 2749 1671 2835 1724; x_wconf 83' lang='grc' dir='ltr'>διὰ</span> <span class='ocrx_word' id='word_1_213' title='bbox 2860 1673 3274 1745; x_wconf 88' lang='grc' dir='ltr'>τεσσαράκοντα</span> <span class='ocrx_word' id='word_1_214' title='bbox 3304 1671 3514 1725; x_wconf 84' lang='grc' dir='ltr'>νυκτῶν</span> <span class='ocrx_word' id='word_1_215' title='bbox 3541 1673 3619 1742; x_wconf 84' lang='grc' dir='ltr'>μὴ</span> <span class='ocrx_word' id='word_1_216' title='bbox 3645 1674 3773 1725; x_wconf 75' lang='grc' dir='ltr'>ὲπιο</span> 
     </span>
    </p>
   </div>
   <div class='ocr_carea' id='block_1_34' title="bbox 481 1754 2076 1836">
    <p class='ocr_par' dir='ltr' id='par_1_34' title="bbox 481 1762 2066 1835">
     <span class='ocr_line' id='line_1_34' title="bbox 481 1762 2066 1835; baseline 0.001 -18"><span class='ocrx_word' id='word_1_217' title='bbox 481 1775 589 1828; x_wconf 90' lang='lat' dir='ltr'><strong>ret,</strong></span> <span class='ocrx_word' id='word_1_218' title='bbox 621 1772 675 1819; x_wconf 90' lang='lat' dir='ltr'><strong>et</strong></span> <span class='ocrx_word' id='word_1_219' title='bbox 708 1764 856 1819; x_wconf 90' lang='lat' dir='ltr'><strong>illius</strong></span> <span class='ocrx_word' id='word_1_220' title='bbox 884 1764 1161 1833; x_wconf 92' lang='lat' dir='ltr'><strong>colloquio</strong></span> <span class='ocrx_word' id='word_1_221' title='bbox 1202 1762 1495 1828; x_wconf 87' lang='lat' dir='ltr'><strong>frueretur,</strong></span> <span class='ocrx_word' id='word_1_222' title='bbox 1525 1762 1887 1835; x_wconf 78' lang='lat' dir='ltr'><strong>quadraginta</strong></span> <span class='ocrx_word' id='word_1_223' title='bbox 1926 1762 2066 1828; x_wconf 90' lang='lat' dir='ltr'><strong>dies,</strong></span> 
     </span>
    </p>
   </div>
   <div class='ocr_carea' id='block_1_35' title="bbox 2178 1754 3773 1836">
    <p class='ocr_par' dir='ltr' id='par_1_35' title="bbox 2178 1762 3773 1836">
     <span class='ocr_line' id='line_1_35' title="bbox 2178 1762 3773 1836; baseline -0.003 -19"><span class='ocrx_word' id='word_1_224' title='bbox 2178 1762 2403 1833; x_wconf 72' lang='grc' dir='ltr'>ζητῆσαι</span> <span class='ocrx_word' id='word_1_225' title='bbox 2429 1762 2499 1815; x_wconf 76' lang='grc' dir='ltr'>τὰ</span> <span class='ocrx_word' id='word_1_226' title='bbox 2515 1762 2747 1834; x_wconf 80' lang='grc' dir='ltr'>χρειώδη</span> <span class='ocrx_word' id='word_1_227' title='bbox 2768 1763 2878 1815; x_wconf 88' lang='grc' dir='ltr'><strong>τῶν</strong></span> <span class='ocrx_word' id='word_1_228' title='bbox 2895 1764 3037 1819; x_wconf 82' lang='grc' dir='ltr'>κατὰ</span> <span class='ocrx_word' id='word_1_229' title='bbox 3062 1764 3161 1836; x_wconf 82' lang='grc' dir='ltr'>τὴν</span> <span class='ocrx_word' id='word_1_230' title='bbox 3182 1764 3343 1832; x_wconf 78' lang='grc' dir='ltr'>φύσιν</span> <span class='ocrx_word' id='word_1_231' title='bbox 3365 1764 3463 1833; x_wconf 77' lang='grc' dir='ltr'>τῆς</span> <span class='ocrx_word' id='word_1_232' title='bbox 3486 1765 3773 1834; x_wconf 58' lang='grc' dir='ltr'>ήμτέρας</span> 
     </span>
    </p>
   </div>
   <div class='ocr_carea' id='block_1_36' title="bbox 481 1854 2070 1926">
    <p class='ocr_par' dir='ltr' id='par_1_36' title="bbox 481 1854 2070 1926">
     <span class='ocr_line' id='line_1_36' title="bbox 481 1854 2070 1926; baseline -0.001 -16"><span class='ocrx_word' id='word_1_233' title='bbox 481 1857 813 1926; x_wconf 85' lang='lat' dir='ltr'><strong>totidemque</strong></span> <span class='ocrx_word' id='word_1_234' title='bbox 836 1863 1025 1910; x_wconf 80' lang='lat' dir='ltr'><strong>noctes</strong></span> <span class='ocrx_word' id='word_1_235' title='bbox 1055 1854 1262 1909; x_wconf 88' lang='lat' dir='ltr'><strong>nullam</strong></span> <span class='ocrx_word' id='word_1_236' title='bbox 1308 1868 1498 1909; x_wconf 89' lang='lat' dir='ltr'><strong>earum</strong></span> <span class='ocrx_word' id='word_1_237' title='bbox 1550 1869 1734 1909; x_wconf 90' lang='lat' dir='ltr'><strong>rerum</strong></span> <span class='ocrx_word' id='word_1_238' title='bbox 1785 1854 2070 1910; x_wconf 86' lang='lat' dir='ltr'><strong>desidera-</strong></span> 
     </span>
    </p>
   </div>
   <div class='ocr_carea' id='block_1_37' title="bbox 481 1944 2071 2016">
    <p class='ocr_par' dir='ltr' id='par_1_37' title="bbox 481 1944 2071 2016">
     <span class='ocr_line' id='line_1_37' title="bbox 481 1944 2071 2016; baseline -0.003 -15"><span class='ocrx_word' id='word_1_239' title='bbox 481 1956 588 2011; x_wconf 88' lang='lat' dir='ltr'><strong>ret,</strong></span> <span class='ocrx_word' id='word_1_240' title='bbox 650 1946 856 2016; x_wconf 85' lang='lat' dir='ltr'><strong>quibus</strong></span> <span class='ocrx_word' id='word_1_241' title='bbox 900 1953 1111 2000; x_wconf 74' lang='lat' dir='ltr'><strong>natura:</strong></span> <span class='ocrx_word' id='word_1_242' title='bbox 1150 1945 1485 1999; x_wconf 87' lang='lat' dir='ltr'><strong>necessitate</strong></span> <span class='ocrx_word' id='word_1_243' title='bbox 1530 1944 1596 1998; x_wconf 85' lang='lat' dir='ltr'><strong>ad</strong></span> <span class='ocrx_word' id='word_1_244' title='bbox 1642 1944 1811 1998; x_wconf 88' lang='lat' dir='ltr'><strong>vitam</strong></span> <span class='ocrx_word' id='word_1_245' title='bbox 1854 1952 2071 1999; x_wconf 91' lang='lat' dir='ltr'><strong>susten-</strong></span> 
     </span>
    </p>
   </div>
   <div class='ocr_carea' id='block_1_38' title="bbox 480 2035 2059 2113">
    <p class='ocr_par' dir='ltr' id='par_1_38' title="bbox 480 2035 2059 2113">
     <span class='ocr_line' id='line_1_38' title="bbox 480 2035 2059 2113; baseline -0.001 -20"><span class='ocrx_word' id='word_1_246' title='bbox 480 2039 699 2093; x_wconf 86' lang='lat' dir='ltr'><strong>tandam</strong></span> <span class='ocrx_word' id='word_1_247' title='bbox 733 2039 959 2100; x_wconf 89' lang='lat' dir='ltr'><strong>utimur,</strong></span> <span class='ocrx_word' id='word_1_248' title='bbox 1012 2037 1160 2092; x_wconf 92' lang='lat' dir='ltr'><strong>illius</strong></span> <span class='ocrx_word' id='word_1_249' title='bbox 1208 2035 1404 2091; x_wconf 90' lang='lat' dir='ltr'><strong>deinde</strong></span> <span class='ocrx_word' id='word_1_250' title='bbox 1450 2049 1582 2113; x_wconf 75' lang='lat' dir='ltr'><strong>caro</strong></span> <span class='ocrx_word' id='word_1_251' title='bbox 1620 2035 1753 2091; x_wconf 84' lang='lat' dir='ltr'><strong>solis</strong></span> <span class='ocrx_word' id='word_1_252' title='bbox 1785 2036 1841 2090; x_wconf 91' lang='lat' dir='ltr'><strong>in</strong></span> <span class='ocrx_word' id='word_1_253' title='bbox 1877 2037 2059 2107; x_wconf 85' lang='lat' dir='ltr'><strong>splen-</strong></span> 
     </span>
    </p>
   </div>
   <div class='ocr_carea' id='block_1_39' title="bbox 484 2126 2074 2199">
    <p class='ocr_par' dir='ltr' id='par_1_39' title="bbox 484 2126 2074 2199">
     <span class='ocr_line' id='line_1_39' title="bbox 484 2126 2074 2199; baseline -0.003 -13"><span class='ocrx_word' id='word_1_254' title='bbox 484 2131 678 2186; x_wconf 84' lang='lat' dir='ltr'><strong>dorem</strong></span> <span class='ocrx_word' id='word_1_255' title='bbox 716 2146 781 2185; x_wconf 87' lang='lat' dir='ltr'><strong>ac</strong></span> <span class='ocrx_word' id='word_1_256' title='bbox 817 2130 1125 2185; x_wconf 89' lang='lat' dir='ltr'><strong>radiantem</strong></span> <span class='ocrx_word' id='word_1_257' title='bbox 1169 2126 1435 2197; x_wconf 84' lang='lat' dir='ltr'><strong>fulgorem</strong></span> <span class='ocrx_word' id='word_1_258' title='bbox 1487 2135 1817 2191; x_wconf 82' lang='lat' dir='ltr'><strong>verteretur,</strong></span> <span class='ocrx_word' id='word_1_259' title='bbox 1862 2129 1955 2199; x_wconf 91' lang='lat' dir='ltr'><strong>qui</strong></span> <span class='ocrx_word' id='word_1_260' title='bbox 1998 2128 2074 2182; x_wconf 89' lang='lat' dir='ltr'><strong>ita</strong></span> 
     </span>
    </p>
   </div>
   <div class='ocr_carea' id='block_1_40' title="bbox 481 2218 2072 2295">
    <p class='ocr_par' dir='ltr' id='par_1_40' title="bbox 481 2218 2072 2295">
     <span class='ocr_line' id='line_1_40' title="bbox 481 2218 2072 2295; baseline -0.002 -17"><span class='ocrx_word' id='word_1_261' title='bbox 481 2223 669 2295; x_wconf 86' lang='lat' dir='ltr'><strong>populi</strong></span> <span class='ocrx_word' id='word_1_262' title='bbox 730 2224 922 2277; x_wconf 88' lang='lat' dir='ltr'><strong>oculos</strong></span> <span class='ocrx_word' id='word_1_263' title='bbox 980 2220 1396 2291; x_wconf 84' lang='lat' dir='ltr'><strong>perstringeret,</strong></span> <span class='ocrx_word' id='word_1_264' title='bbox 1437 2229 1497 2273; x_wconf 91' lang='lat' dir='ltr'><strong>ut</strong></span> <span class='ocrx_word' id='word_1_265' title='bbox 1535 2218 1684 2274; x_wconf 91' lang='lat' dir='ltr'><strong>illius</strong></span> <span class='ocrx_word' id='word_1_266' title='bbox 1713 2218 1909 2275; x_wconf 82' lang='lat' dir='ltr'><strong>faciem</strong></span> <span class='ocrx_word' id='word_1_267' title='bbox 1950 2220 2072 2276; x_wconf 79' lang='lat' dir='ltr'><strong>fixis</strong></span> 
     </span>
    </p>
   </div>
   <div class='ocr_carea' id='block_1_41' title="bbox 481 2308 2075 2381">
    <p class='ocr_par' dir='ltr' id='par_1_41' title="bbox 481 2308 2075 2381">
     <span class='ocr_line' id='line_1_41' title="bbox 481 2308 2075 2381; baseline -0.005 -11"><span class='ocrx_word' id='word_1_268' title='bbox 481 2314 663 2370; x_wconf 76' lang='lat' dir='ltr'><strong>oculis</strong></span> <span class='ocrx_word' id='word_1_269' title='bbox 713 2310 1072 2381; x_wconf 88' lang='lat' dir='ltr'><strong>contemplari</strong></span> <span class='ocrx_word' id='word_1_270' title='bbox 1122 2308 1343 2365; x_wconf 84' lang='lat' dir='ltr'><strong>lsraelis</strong></span> <span class='ocrx_word' id='word_1_271' title='bbox 1382 2308 1588 2379; x_wconf 87' lang='lat' dir='ltr'><strong>posteri</strong></span> <span class='ocrx_word' id='word_1_272' title='bbox 1640 2308 1955 2379; x_wconf 81' lang='lat' dir='ltr'><strong>nequirent,</strong></span> <span class='ocrx_word' id='word_1_273' title='bbox 2014 2316 2075 2363; x_wconf 90' lang='lat' dir='ltr'><strong>ut</strong></span> 
     </span>
    </p>
   </div>
   <div class='ocr_carea' id='block_1_42' title="bbox 483 2401 2076 2464">
    <p class='ocr_par' dir='ltr' id='par_1_42' title="bbox 483 2401 2076 2464">
     <span class='ocr_line' id='line_1_42' title="bbox 483 2401 2076 2464; baseline -0.004 -3"><span class='ocrx_word' id='word_1_274' title='bbox 483 2408 631 2462; x_wconf 88' lang='lat' dir='ltr'><strong>illius</strong></span> <span class='ocrx_word' id='word_1_275' title='bbox 684 2421 880 2461; x_wconf 89' lang='lat' dir='ltr'><strong>manus</strong></span> <span class='ocrx_word' id='word_1_276' title='bbox 926 2404 983 2458; x_wconf 89' lang='lat' dir='ltr'><strong>in</strong></span> <span class='ocrx_word' id='word_1_277' title='bbox 1027 2404 1207 2458; x_wconf 88' lang='lat' dir='ltr'><strong>nivem</strong></span> <span class='ocrx_word' id='word_1_278' title='bbox 1246 2408 1554 2457; x_wconf 90' lang='lat' dir='ltr'><strong>mutaretur</strong></span> <span class='ocrx_word' id='word_1_279' title='bbox 1577 2417 1644 2456; x_wconf 80' lang='lat' dir='ltr'><strong>cx</strong></span> <span class='ocrx_word' id='word_1_280' title='bbox 1671 2416 1863 2464; x_wconf 89' lang='lat' dir='ltr'><strong>carne.</strong></span> <span class='ocrx_word' id='word_1_281' title='bbox 1906 2412 1968 2455; x_wconf 94' lang='lat' dir='ltr'><strong>ut</strong></span> <span class='ocrx_word' id='word_1_282' title='bbox 2008 2401 2076 2456; x_wconf 92' lang='lat' dir='ltr'><strong>ad</strong></span> 
     </span>
    </p>
   </div>
   <div class='ocr_carea' id='block_1_43' title="bbox 482 2492 2079 2562">
    <p class='ocr_par' dir='ltr' id='par_1_43' title="bbox 482 2492 2079 2562">
     <span class='ocr_line' id='line_1_43' title="bbox 482 2492 2079 2562; baseline -0.003 -10"><span class='ocrx_word' id='word_1_283' title='bbox 482 2499 664 2562; x_wconf 85' lang='lat' dir='ltr'><strong>Core,</strong></span> <span class='ocrx_word' id='word_1_284' title='bbox 723 2496 957 2562; x_wconf 89' lang='lat' dir='ltr'><strong>Dathan,</strong></span> <span class='ocrx_word' id='word_1_285' title='bbox 1009 2494 1214 2548; x_wconf 84' lang='lat' dir='ltr'><strong>Abiron</strong></span> <span class='ocrx_word' id='word_1_286' title='bbox 1264 2500 1319 2548; x_wconf 92' lang='lat' dir='ltr'><strong>et</strong></span> <span class='ocrx_word' id='word_1_287' title='bbox 1362 2493 1558 2546; x_wconf 84' lang='lat' dir='ltr'><strong>Annan</strong></span> <span class='ocrx_word' id='word_1_288' title='bbox 1607 2492 1941 2547; x_wconf 88' lang='lat' dir='ltr'><strong>hauriendos</strong></span> <span class='ocrx_word' id='word_1_289' title='bbox 1985 2493 2079 2549; x_wconf 86' lang='lat' dir='ltr'><strong>de-</strong></span> 
     </span>
    </p>
   </div>
   <div class='ocr_carea' id='block_1_44' title="bbox 484 2583 2071 2657">
    <p class='ocr_par' dir='ltr' id='par_1_44' title="bbox 484 2583 2071 2657">
     <span class='ocr_line' id='line_1_44' title="bbox 484 2583 2071 2657; baseline -0.001 -14"><span class='ocrx_word' id='word_1_290' title='bbox 484 2592 697 2645; x_wconf 89' lang='lat' dir='ltr'><strong>hiscere</strong></span> <span class='ocrx_word' id='word_1_291' title='bbox 720 2599 920 2643; x_wconf 87' lang='lat' dir='ltr'><strong>terram</strong></span> <span class='ocrx_word' id='word_1_292' title='bbox 961 2586 1201 2657; x_wconf 83' lang='lat' dir='ltr'><strong>juberet,</strong></span> <span class='ocrx_word' id='word_1_293' title='bbox 1236 2593 1295 2639; x_wconf 90' lang='lat' dir='ltr'><strong>ut</strong></span> <span class='ocrx_word' id='word_1_294' title='bbox 1330 2584 1463 2639; x_wconf 92' lang='lat' dir='ltr'><strong>illud</strong></span> <span class='ocrx_word' id='word_1_295' title='bbox 1516 2583 1739 2639; x_wconf 86' lang='lat' dir='ltr'><strong>audiret</strong></span> <span class='ocrx_word' id='word_1_296' title='bbox 1789 2583 2027 2655; x_wconf 88' lang='lat' dir='ltr'><strong>denique</strong></span> <span class='ocrx_word' id='word_1_297' title='bbox 2059 2607 2071 2641; x_wconf 91' lang='lat'><strong>:</strong></span> 
     </span>
    </p>
   </div>
   <div class='ocr_carea' id='block_1_45' title="bbox 485 2676 2070 2743">
    <p class='ocr_par' dir='ltr' id='par_1_45' title="bbox 485 2676 2070 2743">
     <span class='ocr_line' id='line_1_45' title="bbox 485 2676 2070 2743; baseline -0.003 -5"><span class='ocrx_word' id='word_1_298' title='bbox 485 2682 723 2738; x_wconf 81' lang='lat' dir='ltr'><strong>Ascende</strong></span> <span class='ocrx_word' id='word_1_299' title='bbox 753 2682 807 2735; x_wconf 83' lang='lat' dir='ltr'><strong>in</strong></span> <span class='ocrx_word' id='word_1_300' title='bbox 837 2690 1088 2743; x_wconf 81' lang='lat' dir='ltr'><strong>montem,</strong></span> <span class='ocrx_word' id='word_1_301' title='bbox 1130 2689 1179 2733; x_wconf 82' lang='lat' dir='ltr'><strong>et</strong></span> <span class='ocrx_word' id='word_1_302' title='bbox 1228 2679 1339 2732; x_wconf 88' lang='lat' dir='ltr'><strong>illic</strong></span> <span class='ocrx_word' id='word_1_303' title='bbox 1394 2693 1597 2731; x_wconf 85' lang='lat' dir='ltr'><strong>morere</strong></span> <span class='ocrx_word' id='word_1_304' title='bbox 1626 2676 1669 2740; x_wconf 75' lang='grc' dir='ltr'><strong>ί,</strong></span> <span class='ocrx_word' id='word_1_305' title='bbox 1712 2684 1773 2730; x_wconf 89' lang='lat' dir='ltr'><strong>ut</strong></span> <span class='ocrx_word' id='word_1_306' title='bbox 1802 2676 1949 2733; x_wconf 89' lang='lat' dir='ltr'><strong>illius</strong></span> <span class='ocrx_word' id='word_1_307' title='bbox 1980 2692 2070 2733; x_wconf 84' lang='lat' dir='ltr'><strong>se-</strong></span> 
     </span>
    </p>
   </div>
   <div class='ocr_carea' id='block_1_46' title="bbox 485 2770 2070 2849">
    <p class='ocr_par' dir='ltr' id='par_1_46' title="bbox 485 2770 2070 2849">
     <span class='ocr_line' id='line_1_46' title="bbox 485 2770 2070 2849; baseline -0.003 -18"><span class='ocrx_word' id='word_1_308' title='bbox 485 2779 761 2849; x_wconf 88' lang='lat' dir='ltr'><strong>pulturam</strong></span> <span class='ocrx_word' id='word_1_309' title='bbox 814 2772 1097 2828; x_wconf 89' lang='lat' dir='ltr'><strong>hominum</strong></span> <span class='ocrx_word' id='word_1_310' title='bbox 1156 2787 1317 2827; x_wconf 90' lang='lat' dir='ltr'><strong>nemo</strong></span> <span class='ocrx_word' id='word_1_311' title='bbox 1361 2770 1764 2841; x_wconf 80' lang='lat' dir='ltr'><strong>cognosceret?</strong></span> <span class='ocrx_word' id='word_1_312' title='bbox 1821 2770 2070 2840; x_wconf 86' lang='lat' dir='ltr'><strong>quando-</strong></span> 
     </span>
    </p>
   </div>
   <div class='ocr_carea' id='block_1_47' title="bbox 2168 1853 3775 1929">
    <p class='ocr_par' dir='ltr' id='par_1_47' title="bbox 2168 1853 3775 1929">
     <span class='ocr_line' id='line_1_47' title="bbox 2168 1853 3775 1929; baseline 0.002 -23"><span class='ocrx_word' id='word_1_313' title='bbox 2168 1855 2441 1917; x_wconf 82' lang='grc' dir='ltr'>πλάσεως,</span> <span class='ocrx_word' id='word_1_314' title='bbox 2480 1853 2540 1907; x_wconf 83' lang='grc' dir='ltr'><strong>τὸ</strong></span> <span class='ocrx_word' id='word_1_315' title='bbox 2569 1856 2974 1927; x_wconf 74' lang='grc' dir='ltr'>μεταϐληθῆναι</span> <span class='ocrx_word' id='word_1_316' title='bbox 2996 1856 3098 1927; x_wconf 83' lang='grc' dir='ltr'>τὴν</span> <span class='ocrx_word' id='word_1_317' title='bbox 3125 1856 3302 1927; x_wconf 81' lang='grc' dir='ltr'>σάρκα</span> <span class='ocrx_word' id='word_1_318' title='bbox 3328 1858 3407 1918; x_wconf 81' lang='grc' dir='ltr'><strong>είς</strong></span> <span class='ocrx_word' id='word_1_319' title='bbox 3432 1856 3775 1929; x_wconf 75' lang='grc' dir='ltr'>φαιδρότητα</span> 
     </span>
    </p>
   </div>
   <div class='ocr_carea' id='block_1_48' title="bbox 2167 1946 3775 2020">
    <p class='ocr_par' dir='ltr' id='par_1_48' title="bbox 2167 1946 3775 2020">
     <span class='ocr_line' id='line_1_48' title="bbox 2167 1946 3775 2020; baseline 0.002 -24"><span class='ocrx_word' id='word_1_320' title='bbox 2167 1946 2340 2015; x_wconf 82' lang='grc' dir='ltr'>ἡλίου,</span> <span class='ocrx_word' id='word_1_321' title='bbox 2361 1946 2456 1998; x_wconf 79' lang='grc' dir='ltr'><strong>καὶ</strong></span> <span class='ocrx_word' id='word_1_322' title='bbox 2480 1946 2674 1999; x_wconf 86' lang='grc' dir='ltr'>ἀκτῖνα</span> <span class='ocrx_word' id='word_1_323' title='bbox 2704 1946 2991 2017; x_wconf 80' lang='grc' dir='ltr'>φωτεινὴν,</span> <span class='ocrx_word' id='word_1_324' title='bbox 3013 1946 3348 2017; x_wconf 83' lang='grc' dir='ltr'>στροϐοῦσαν</span> <span class='ocrx_word' id='word_1_325' title='bbox 3379 1947 3505 2001; x_wconf 82' lang='grc' dir='ltr'>λαὸν</span> <span class='ocrx_word' id='word_1_326' title='bbox 3537 1948 3677 2020; x_wconf 74' lang='grc' dir='ltr'>πρὸς</span> <span class='ocrx_word' id='word_1_327' title='bbox 3707 1948 3775 2001; x_wconf 82' lang='grc' dir='ltr'>τὺ</span> 
     </span>
    </p>
   </div>
   <div class='ocr_carea' id='block_1_49' title="bbox 2172 2037 3774 2112">
    <p class='ocr_par' dir='ltr' id='par_1_49' title="bbox 2172 2037 3774 2112">
     <span class='ocr_line' id='line_1_49' title="bbox 2172 2037 3774 2112; baseline 0.002 -21"><span class='ocrx_word' id='word_1_328' title='bbox 2172 2039 2246 2110; x_wconf 86' lang='grc' dir='ltr'>μὴ</span> <span class='ocrx_word' id='word_1_329' title='bbox 2271 2037 2531 2092; x_wconf 89' lang='grc' dir='ltr'>δύνασθαι</span> <span class='ocrx_word' id='word_1_330' title='bbox 2561 2040 2806 2093; x_wconf 77' lang='grc' dir='ltr'>ἀτενίσαι</span> <span class='ocrx_word' id='word_1_331' title='bbox 2835 2042 2962 2102; x_wconf 74' lang='grc' dir='ltr'>τοὺς</span> <span class='ocrx_word' id='word_1_332' title='bbox 2980 2041 3129 2103; x_wconf 80' lang='grc' dir='ltr'>υἱοὺς</span> <span class='ocrx_word' id='word_1_333' title='bbox 3164 2040 3377 2112; x_wconf 78' lang='grc' dir='ltr'>Ἰσραὴλ</span> <span class='ocrx_word' id='word_1_334' title='bbox 3406 2042 3485 2104; x_wconf 88' lang='grc' dir='ltr'><strong>είς</strong></span> <span class='ocrx_word' id='word_1_335' title='bbox 3512 2042 3572 2094; x_wconf 97' lang='lat' dir='ltr'><strong>rb</strong></span> <span class='ocrx_word' id='word_1_336' title='bbox 3599 2042 3774 2112; x_wconf 65' lang='grc' dir='ltr'>πρόσ-</span> 
     </span>
    </p>
   </div>
   <div class='ocr_carea' id='block_1_50' title="bbox 2169 2128 3773 2203">
    <p class='ocr_par' dir='ltr' id='par_1_50' title="bbox 2169 2128 3773 2203">
     <span class='ocr_line' id='line_1_50' title="bbox 2169 2128 3773 2203; baseline 0.002 -21"><span class='ocrx_word' id='word_1_337' title='bbox 2169 2147 2319 2185; x_wconf 82' lang='grc' dir='ltr'>ωπον</span> <span class='ocrx_word' id='word_1_338' title='bbox 2339 2130 2526 2196; x_wconf 83' lang='grc' dir='ltr'>αὐτοῦ,</span> <span class='ocrx_word' id='word_1_339' title='bbox 2560 2130 2622 2183; x_wconf 86' lang='lat' dir='ltr'><strong>rb</strong></span> <span class='ocrx_word' id='word_1_340' title='bbox 2636 2131 2735 2203; x_wconf 79' lang='grc' dir='ltr'><strong>τὴν</strong></span> <span class='ocrx_word' id='word_1_341' title='bbox 2764 2134 2923 2203; x_wconf 84' lang='grc' dir='ltr'>χεῖρα</span> <span class='ocrx_word' id='word_1_342' title='bbox 2951 2132 3216 2203; x_wconf 87' lang='grc' dir='ltr'>σαρκίνην</span> <span class='ocrx_word' id='word_1_343' title='bbox 3235 2128 3401 2185; x_wconf 79' lang='grc' dir='ltr'>οὖσαν</span> <span class='ocrx_word' id='word_1_344' title='bbox 3425 2132 3773 2203; x_wconf 76' lang='grc' dir='ltr'>μεταϐληθῆ-</span> 
     </span>
    </p>
   </div>
   <div class='ocr_carea' id='block_1_51' title="bbox 2170 2223 3775 2296">
    <p class='ocr_par' dir='ltr' id='par_1_51' title="bbox 2170 2223 3775 2296">
     <span class='ocr_line' id='line_1_51' title="bbox 2170 2223 3775 2296; baseline 0.003 -22"><span class='ocrx_word' id='word_1_345' title='bbox 2170 2240 2257 2275; x_wconf 91' lang='grc' dir='ltr'><strong>ναι</strong></span> <span class='ocrx_word' id='word_1_346' title='bbox 2286 2224 2366 2286; x_wconf 87' lang='grc' dir='ltr'><strong>είς</strong></span> <span class='ocrx_word' id='word_1_347' title='bbox 2395 2223 2572 2293; x_wconf 83' lang='grc' dir='ltr'>χιόνα,</span> <span class='ocrx_word' id='word_1_348' title='bbox 2604 2223 2664 2276; x_wconf 88' lang='lat' dir='ltr'><strong>rb</strong></span> <span class='ocrx_word' id='word_1_349' title='bbox 2692 2224 2947 2278; x_wconf 85' lang='grc' dir='ltr'>κελεῦσαι</span> <span class='ocrx_word' id='word_1_350' title='bbox 2978 2228 3131 2296; x_wconf 82' lang='grc' dir='ltr'>τῇγῇ</span> <span class='ocrx_word' id='word_1_351' title='bbox 3162 2226 3320 2294; x_wconf 77' lang='grc' dir='ltr'>χᾶναι</span> <span class='ocrx_word' id='word_1_352' title='bbox 3349 2226 3410 2279; x_wconf 83' lang='lat' dir='ltr'><strong>rb</strong></span> <span class='ocrx_word' id='word_1_353' title='bbox 3437 2226 3611 2294; x_wconf 83' lang='grc' dir='ltr'>στόμα</span> <span class='ocrx_word' id='word_1_354' title='bbox 3630 2227 3775 2294; x_wconf 78' lang='grc' dir='ltr'>πρὸς</span> 
     </span>
    </p>
   </div>
   <div class='ocr_carea' id='block_1_52' title="bbox 2170 2313 3772 2387">
    <p class='ocr_par' dir='ltr' id='par_1_52' title="bbox 2170 2313 3772 2387">
     <span class='ocr_line' id='line_1_52' title="bbox 2170 2313 3772 2387; baseline 0.002 -21"><span class='ocrx_word' id='word_1_355' title='bbox 2170 2313 2439 2384; x_wconf 81' lang='grc' dir='ltr'>ύποδοχὴν</span> <span class='ocrx_word' id='word_1_356' title='bbox 2454 2315 2580 2379; x_wconf 77' lang='grc' dir='ltr'>τοὺς</span> <span class='ocrx_word' id='word_1_357' title='bbox 2602 2316 2732 2385; x_wconf 61' lang='grc' dir='ltr'><strong>περ)⁸</strong></span> <span class='ocrx_word' id='word_1_358' title='bbox 2764 2316 2786 2347; x_wconf 84' lang='grc'>⁸</span> <span class='ocrx_word' id='word_1_359' title='bbox 2815 2316 2979 2386; x_wconf 79' lang='grc' dir='ltr'>Κορὲ,</span> <span class='ocrx_word' id='word_1_360' title='bbox 3010 2317 3103 2371; x_wconf 75' lang='grc' dir='ltr'>καὶ</span> <span class='ocrx_word' id='word_1_361' title='bbox 3124 2316 3324 2379; x_wconf 85' lang='grc' dir='ltr'>Δαθᾶν,</span> <span class='ocrx_word' id='word_1_362' title='bbox 3350 2317 3445 2370; x_wconf 77' lang='grc' dir='ltr'><strong>καὶ</strong></span> <span class='ocrx_word' id='word_1_363' title='bbox 3481 2316 3772 2387; x_wconf 79' lang='grc' dir='ltr'>Ἀὁειρὼν,</span> 
     </span>
    </p>
   </div>
   <div class='ocr_carea' id='block_1_53' title="bbox 2173 2405 3771 2477">
    <p class='ocr_par' dir='ltr' id='par_1_53' title="bbox 2173 2405 3771 2477">
     <span class='ocr_line' id='line_1_53' title="bbox 2173 2405 3771 2477; baseline 0.002 -19"><span class='ocrx_word' id='word_1_364' title='bbox 2173 2406 2267 2459; x_wconf 81' lang='grc' dir='ltr'><strong>καὶ</strong></span> <span class='ocrx_word' id='word_1_365' title='bbox 2298 2406 2513 2471; x_wconf 76' lang='grc' dir='ltr'>Ἀννᾶν,</span> <span class='ocrx_word' id='word_1_366' title='bbox 2540 2405 2600 2460; x_wconf 87' lang='lat' dir='ltr'><strong>rb</strong></span> <span class='ocrx_word' id='word_1_367' title='bbox 2616 2408 2769 2471; x_wconf 86' lang='grc' dir='ltr'>τέλος</span> <span class='ocrx_word' id='word_1_368' title='bbox 2792 2409 3024 2462; x_wconf 83' lang='grc' dir='ltr'>ἀκοῦσαι</span> <span class='ocrx_word' id='word_1_369' title='bbox 3044 2425 3058 2440; x_wconf 89' lang='grc'><strong>·</strong></span> <span class='ocrx_word' id='word_1_370' title='bbox 3104 2409 3380 2475; x_wconf 81' lang='grc' dir='ltr'>Ἀνάϐηθι</span> <span class='ocrx_word' id='word_1_371' title='bbox 3399 2411 3485 2475; x_wconf 85' lang='grc' dir='ltr'><strong>είς</strong></span> <span class='ocrx_word' id='word_1_372' title='bbox 3506 2408 3571 2461; x_wconf 83' lang='grc' dir='ltr'>τὸ</span> <span class='ocrx_word' id='word_1_373' title='bbox 3606 2408 3771 2477; x_wconf 75' lang='grc' dir='ltr'>ἔρος,</span> 
     </span>
    </p>
   </div>
   <div class='ocr_carea' id='block_1_54' title="bbox 2175 2499 3774 2572">
    <p class='ocr_par' dir='ltr' id='par_1_54' title="bbox 2175 2499 3774 2572">
     <span class='ocr_line' id='line_1_54' title="bbox 2175 2499 3774 2572; baseline 0.001 -20"><span class='ocrx_word' id='word_1_374' title='bbox 2175 2500 2352 2557; x_wconf 70' lang='grc' dir='ltr'>κάκεῖ</span> <span class='ocrx_word' id='word_1_375' title='bbox 2370 2501 2642 2563; x_wconf 80' lang='grc' dir='ltr'>τελεύτα,</span> <span class='ocrx_word' id='word_1_376' title='bbox 2660 2500 2722 2553; x_wconf 83' lang='lat' dir='ltr'><strong>rb</strong></span> <span class='ocrx_word' id='word_1_377' title='bbox 2747 2502 2821 2571; x_wconf 84' lang='grc' dir='ltr'>μὴ</span> <span class='ocrx_word' id='word_1_378' title='bbox 2858 2499 3148 2572; x_wconf 86' lang='grc' dir='ltr'>γινώσκειν</span> <span class='ocrx_word' id='word_1_379' title='bbox 3170 2501 3456 2572; x_wconf 77' lang='grc' dir='ltr'>ἄνθρωπον</span> <span class='ocrx_word' id='word_1_380' title='bbox 3485 2500 3584 2571; x_wconf 78' lang='grc' dir='ltr'>τὴν</span> <span class='ocrx_word' id='word_1_381' title='bbox 3601 2500 3774 2554; x_wconf 77' lang='grc' dir='ltr'>αὑτοῦ</span> 
     </span>
    </p>
   </div>
   <div class='ocr_carea' id='block_1_55' title="bbox 2177 2591 3778 2665">
    <p class='ocr_par' dir='ltr' id='par_1_55' title="bbox 2177 2591 3778 2665">
     <span class='ocr_line' id='line_1_55' title="bbox 2177 2591 3778 2665; baseline 0.001 -22"><span class='ocrx_word' id='word_1_382' title='bbox 2177 2591 2391 2661; x_wconf 80' lang='grc' dir='ltr'>ταφήν;</span> <span class='ocrx_word' id='word_1_383' title='bbox 2443 2592 2803 2662; x_wconf 79' lang='grc' dir='ltr'>σημαίνοντος</span> <span class='ocrx_word' id='word_1_384' title='bbox 2834 2592 2928 2646; x_wconf 86' lang='grc' dir='ltr'><strong>τοῦ</strong></span> <span class='ocrx_word' id='word_1_385' title='bbox 2970 2592 3116 2646; x_wconf 87' lang='grc' dir='ltr'>θείου</span> <span class='ocrx_word' id='word_1_386' title='bbox 3146 2593 3498 2665; x_wconf 86' lang='grc' dir='ltr'>Γράμματος,</span> <span class='ocrx_word' id='word_1_387' title='bbox 3544 2593 3621 2655; x_wconf 85' lang='grc' dir='ltr'><strong>ὡς</strong></span> <span class='ocrx_word' id='word_1_388' title='bbox 3663 2592 3778 2646; x_wconf 77' lang='grc' dir='ltr'>ὑπὸ</span> 
     </span>
    </p>
   </div>
   <div class='ocr_carea' id='block_1_56' title="bbox 2178 2681 3780 2757">
    <p class='ocr_par' dir='ltr' id='par_1_56' title="bbox 2178 2681 3780 2757">
     <span class='ocr_line' id='line_1_56' title="bbox 2178 2681 3780 2757; baseline 0.001 -22"><span class='ocrx_word' id='word_1_389' title='bbox 2178 2681 2482 2756; x_wconf 82' lang='grc' dir='ltr'>ἀνθρώπων</span> <span class='ocrx_word' id='word_1_390' title='bbox 2507 2684 2571 2737; x_wconf 86' lang='lat' dir='ltr'><strong>rb</strong></span> <span class='ocrx_word' id='word_1_391' title='bbox 2601 2684 2761 2755; x_wconf 84' lang='grc' dir='ltr'>σῶμα</span> <span class='ocrx_word' id='word_1_392' title='bbox 2793 2685 3076 2750; x_wconf 84' lang='grc' dir='ltr'>Μωῦσέως</span> <span class='ocrx_word' id='word_1_393' title='bbox 3107 2685 3183 2757; x_wconf 79' lang='grc' dir='ltr'>μὴ</span> <span class='ocrx_word' id='word_1_394' title='bbox 3204 2686 3565 2757; x_wconf 83' lang='grc' dir='ltr'>κεκηδεῦσθαι</span> <span class='ocrx_word' id='word_1_395' title='bbox 3587 2726 3604 2749; x_wconf 89' lang='grc'><strong>,</strong></span> <span class='ocrx_word' id='word_1_396' title='bbox 3635 2684 3780 2738; x_wconf 76' lang='grc' dir='ltr'>ἀλλά</span> 
     </span>
    </p>
   </div>
   <div class='ocr_carea' id='block_1_57' title="bbox 2178 2772 3663 2847">
    <p class='ocr_par' dir='ltr' id='par_1_57' title="bbox 2178 2772 3663 2847">
     <span class='ocr_line' id='line_1_57' title="bbox 2178 2772 3663 2847; baseline 0.001 -21"><span class='ocrx_word' id='word_1_397' title='bbox 2178 2772 2361 2838; x_wconf 84' lang='grc' dir='ltr'>καθὼς</span> <span class='ocrx_word' id='word_1_398' title='bbox 2392 2774 2708 2829; x_wconf 84' lang='grc' dir='ltr'>ὑποτίθεται</span> <span class='ocrx_word' id='word_1_399' title='bbox 2736 2778 2770 2847; x_wconf 91' lang='grc' dir='ltr'><strong>ἡ</strong></span> <span class='ocrx_word' id='word_1_400' title='bbox 2800 2776 3030 2841; x_wconf 83' lang='grc' dir='ltr'>διάνοια,</span> <span class='ocrx_word' id='word_1_401' title='bbox 3068 2777 3174 2831; x_wconf 82' lang='grc' dir='ltr'><strong>ὑπὸ</strong></span> <span class='ocrx_word' id='word_1_402' title='bbox 3200 2778 3372 2845; x_wconf 85' lang='grc' dir='ltr'>ἁγίων</span> <span class='ocrx_word' id='word_1_403' title='bbox 3395 2777 3663 2846; x_wconf 82' lang='grc' dir='ltr'>ἀγγέλων.</span> 
     </span>
    </p>
   </div>
   <div class='ocr_carea' id='block_1_58' title="bbox 487 2866 3784 2961">
    <p class='ocr_par' dir='ltr' id='par_1_58' title="bbox 487 2866 3784 2961">
     <span class='ocr_line' id='line_1_58' title="bbox 487 2866 3784 2961; baseline -0.001 -33"><span class='ocrx_word' id='word_1_404' title='bbox 487 2874 707 2945; x_wconf 83' lang='lat' dir='ltr'><strong>quidem</strong></span> <span class='ocrx_word' id='word_1_405' title='bbox 758 2886 930 2957; x_wconf 58' lang='lat' dir='ltr'><strong>sacras</strong></span> <span class='ocrx_word' id='word_1_406' title='bbox 978 2868 1123 2925; x_wconf 92' lang='lat' dir='ltr'><strong>istud</strong></span> <span class='ocrx_word' id='word_1_407' title='bbox 1154 2867 1374 2961; x_wconf 53' lang='lat' dir='ltr'><strong>Littera:</strong></span> <span class='ocrx_word' id='word_1_408' title='bbox 1423 2866 1737 2938; x_wconf 72' lang='lat' dir='ltr'><strong>significant</strong></span> <span class='ocrx_word' id='word_1_409' title='bbox 1777 2884 1791 2919; x_wconf 91' lang='lat'><strong>:</strong></span> <span class='ocrx_word' id='word_1_410' title='bbox 1836 2881 1945 2921; x_wconf 91' lang='lat' dir='ltr'><strong>non</strong></span> <span class='ocrx_word' id='word_1_411' title='bbox 2001 2883 2125 2923; x_wconf 89' lang='lat' dir='ltr'><strong>esse</strong></span> <span class='ocrx_word' id='word_1_412' title='bbox 2183 2870 2253 2924; x_wconf 91' lang='lat' dir='ltr'><strong>ab</strong></span> <span class='ocrx_word' id='word_1_413' title='bbox 2301 2870 2618 2927; x_wconf 89' lang='lat' dir='ltr'><strong>hominibus</strong></span> <span class='ocrx_word' id='word_1_414' title='bbox 2673 2870 2879 2943; x_wconf 80' lang='lat' dir='ltr'><strong>Moysis</strong></span> <span class='ocrx_word' id='word_1_415' title='bbox 2937 2889 3141 2947; x_wconf 82' lang='lat' dir='ltr'><strong>corpus</strong></span> <span class='ocrx_word' id='word_1_416' title='bbox 3208 2875 3504 2944; x_wconf 81' lang='lat' dir='ltr'><strong>sepultum,</strong></span> <span class='ocrx_word' id='word_1_417' title='bbox 3561 2871 3660 2927; x_wconf 88' lang='lat' dir='ltr'><strong>sed</strong></span> <span class='ocrx_word' id='word_1_418' title='bbox 3706 2872 3784 2926; x_wconf 86' lang='lat' dir='ltr'><strong>ab</strong></span> 
     </span>
    </p>
   </div>
   <div class='ocr_carea' id='block_1_59' title="bbox 487 2962 3141 3042">
    <p class='ocr_par' dir='ltr' id='par_1_59' title="bbox 487 2962 3141 3042">
     <span class='ocr_line' id='line_1_59' title="bbox 487 2962 3141 3042; baseline 0 -18"><span class='ocrx_word' id='word_1_419' title='bbox 487 2970 694 3042; x_wconf 83' lang='lat' dir='ltr'><strong>angelis</strong></span> <span class='ocrx_word' id='word_1_420' title='bbox 748 2967 1038 3023; x_wconf 83' lang='lat' dir='ltr'><strong>videlicet:</strong></span> <span class='ocrx_word' id='word_1_421' title='bbox 1074 2965 1219 3037; x_wconf 92' lang='lat' dir='ltr'><strong>quod</strong></span> <span class='ocrx_word' id='word_1_422' title='bbox 1275 2964 1441 3018; x_wconf 88' lang='lat' dir='ltr'><strong>verba</strong></span> <span class='ocrx_word' id='word_1_423' title='bbox 1495 2964 1613 3034; x_wconf 88' lang='lat' dir='ltr'><strong>ipsa</strong></span> <span class='ocrx_word' id='word_1_424' title='bbox 1658 2962 1823 3017; x_wconf 89' lang='lat' dir='ltr'><strong>tacite</strong></span> <span class='ocrx_word' id='word_1_425' title='bbox 1864 2964 2235 3035; x_wconf 63' lang='lat' dir='ltr'><strong>intelligentiae</strong></span> <span class='ocrx_word' id='word_1_426' title='bbox 2269 2975 2475 3023; x_wconf 70' lang='lat' dir='ltr'><strong>nostra:</strong></span> <span class='ocrx_word' id='word_1_427' title='bbox 2505 2968 2833 3040; x_wconf 84' lang='lat' dir='ltr'><strong>subjiciunt.</strong></span> <span class='ocrx_word' id='word_1_428' title='bbox 3138 2974 3141 2977; x_wconf 85' lang='grc'><em>’</em></span> 
     </span>
    </p>
   </div>
   <div class='ocr_carea' id='block_1_60' title="bbox 560 3059 2076 3137">
    <p class='ocr_par' dir='ltr' id='par_1_60' title="bbox 560 3059 2066 3136">
     <span class='ocr_line' id='line_1_60' title="bbox 560 3059 2066 3136; baseline -0.003 -17"><span class='ocrx_word' id='word_1_429' title='bbox 560 3066 736 3136; x_wconf 79' lang='lat' dir='ltr'><strong>Atque</strong></span> <span class='ocrx_word' id='word_1_430' title='bbox 763 3064 875 3119; x_wconf 62' lang='lat' dir='ltr'><strong>hinc</strong></span> <span class='ocrx_word' id='word_1_431' title='bbox 914 3063 1101 3118; x_wconf 91' lang='lat' dir='ltr'><strong>omnia</strong></span> <span class='ocrx_word' id='word_1_432' title='bbox 1134 3073 1248 3115; x_wconf 91' lang='lat' dir='ltr'><strong>tum</strong></span> <span class='ocrx_word' id='word_1_433' title='bbox 1277 3068 1432 3130; x_wconf 82' lang='lat' dir='ltr'><strong>gesta</strong></span> <span class='ocrx_word' id='word_1_434' title='bbox 1458 3068 1609 3124; x_wconf 90' lang='lat' dir='ltr'><strong>sunt,</strong></span> <span class='ocrx_word' id='word_1_435' title='bbox 1638 3074 1764 3113; x_wconf 92' lang='lat' dir='ltr'><strong>cum</strong></span> <span class='ocrx_word' id='word_1_436' title='bbox 1797 3059 1977 3114; x_wconf 90' lang='lat' dir='ltr'><strong>adhuc</strong></span> <span class='ocrx_word' id='word_1_437' title='bbox 2011 3060 2066 3114; x_wconf 91' lang='lat' dir='ltr'><strong>in</strong></span> 
     </span>
    </p>
   </div>
   <div class='ocr_carea' id='block_1_61' title="bbox 2178 3059 3786 3137">
    <p class='ocr_par' dir='ltr' id='par_1_61' title="bbox 2244 3063 3786 3137">
     <span class='ocr_line' id='line_1_61' title="bbox 2244 3063 3786 3137; baseline 0.001 -21"><span class='ocrx_word' id='word_1_438' title='bbox 2244 3063 2357 3116; x_wconf 80' lang='lat' dir='ltr'><strong>Kal.</strong></span> <span class='ocrx_word' id='word_1_439' title='bbox 2406 3063 2583 3120; x_wconf 84' lang='grc' dir='ltr'>ταῦτα</span> <span class='ocrx_word' id='word_1_440' title='bbox 2628 3064 2807 3120; x_wconf 83' lang='grc' dir='ltr'>πάντα</span> <span class='ocrx_word' id='word_1_441' title='bbox 2860 3066 2942 3121; x_wconf 81' lang='grc' dir='ltr'>ἔτι</span> <span class='ocrx_word' id='word_1_442' title='bbox 2977 3067 3133 3132; x_wconf 76' lang='grc' dir='ltr'>ὄντος</span> <span class='ocrx_word' id='word_1_443' title='bbox 3160 3066 3328 3121; x_wconf 80' lang='grc' dir='ltr'>αὐτοῦ</span> <span class='ocrx_word' id='word_1_444' title='bbox 3359 3066 3419 3121; x_wconf 84' lang='grc' dir='ltr'>ὲν</span> <span class='ocrx_word' id='word_1_445' title='bbox 3462 3065 3542 3136; x_wconf 84' lang='grc' dir='ltr'>τῷ</span> <span class='ocrx_word' id='word_1_446' title='bbox 3582 3068 3786 3137; x_wconf 80' lang='grc' dir='ltr'>κόσμῳ</span> 
     </span>
    </p>
   </div>
   <div class='ocr_carea' id='block_1_62' title="bbox 488 3152 2081 3223">
    <p class='ocr_par' dir='ltr' id='par_1_62' title="bbox 488 3152 2081 3223">
     <span class='ocr_line' id='line_1_62' title="bbox 488 3152 2081 3223; baseline -0.004 -11"><span class='ocrx_word' id='word_1_447' title='bbox 488 3159 591 3212; x_wconf 86' lang='lat' dir='ltr'><strong>hoc</strong></span> <span class='ocrx_word' id='word_1_448' title='bbox 617 3157 820 3210; x_wconf 87' lang='lat' dir='ltr'><strong>mundo</strong></span> <span class='ocrx_word' id='word_1_449' title='bbox 854 3163 1208 3219; x_wconf 87' lang='lat' dir='ltr'><strong>versaretur;</strong></span> <span class='ocrx_word' id='word_1_450' title='bbox 1242 3161 1395 3223; x_wconf 85' lang='lat' dir='ltr'><strong>gesta</strong></span> <span class='ocrx_word' id='word_1_451' title='bbox 1443 3163 1623 3207; x_wconf 88' lang='lat' dir='ltr'><strong>autem</strong></span> <span class='ocrx_word' id='word_1_452' title='bbox 1678 3152 1732 3205; x_wconf 90' lang='lat' dir='ltr'><strong>in</strong></span> <span class='ocrx_word' id='word_1_453' title='bbox 1782 3166 1871 3213; x_wconf 90' lang='lat' dir='ltr'><strong>eo,</strong></span> <span class='ocrx_word' id='word_1_454' title='bbox 1933 3152 2081 3221; x_wconf 91' lang='lat' dir='ltr'><strong>quod</strong></span> 
     </span>
    </p>
   </div>
   <div class='ocr_carea' id='block_1_63' title="bbox 491 3243 2079 3317">
    <p class='ocr_par' dir='ltr' id='par_1_63' title="bbox 491 3243 2079 3317">
     <span class='ocr_line' id='line_1_63' title="bbox 491 3243 2079 3317; baseline -0.003 -15"><span class='ocrx_word' id='word_1_455' title='bbox 491 3249 726 3303; x_wconf 85' lang='lat' dir='ltr'><strong>animale</strong></span> <span class='ocrx_word' id='word_1_456' title='bbox 751 3257 869 3303; x_wconf 88' lang='lat' dir='ltr'><strong>crat</strong></span> <span class='ocrx_word' id='word_1_457' title='bbox 904 3263 967 3301; x_wconf 91' lang='lat' dir='ltr'><strong>ac</strong></span> <span class='ocrx_word' id='word_1_458' title='bbox 1000 3247 1247 3317; x_wconf 76' lang='lat' dir='ltr'><strong>Spiritale</strong></span> <span class='ocrx_word' id='word_1_459' title='bbox 1280 3245 1517 3315; x_wconf 78' lang='lat' dir='ltr'><strong>perfecte</strong></span> <span class='ocrx_word' id='word_1_460' title='bbox 1548 3244 1713 3300; x_wconf 89' lang='lat' dir='ltr'><strong>simul</strong></span> <span class='ocrx_word' id='word_1_461' title='bbox 1743 3255 1826 3299; x_wconf 88' lang='lat' dir='ltr'><strong>est</strong></span> <span class='ocrx_word' id='word_1_462' title='bbox 1854 3243 2079 3300; x_wconf 89' lang='lat' dir='ltr'><strong>factum.</strong></span> 
     </span>
    </p>
   </div>
   <div class='ocr_carea' id='block_1_64' title="bbox 493 3334 2079 3406">
    <p class='ocr_par' dir='ltr' id='par_1_64' title="bbox 493 3334 2079 3406">
     <span class='ocr_line' id='line_1_64' title="bbox 493 3334 2079 3406; baseline -0.003 -13"><span class='ocrx_word' id='word_1_463' title='bbox 493 3337 602 3393; x_wconf 80' lang='lat' dir='ltr'><strong>Sed</strong></span> <span class='ocrx_word' id='word_1_464' title='bbox 637 3352 738 3391; x_wconf 94' lang='lat' dir='ltr'><strong>nos</strong></span> <span class='ocrx_word' id='word_1_465' title='bbox 766 3337 914 3391; x_wconf 82' lang='lat' dir='ltr'><strong>velut</strong></span> <span class='ocrx_word' id='word_1_466' title='bbox 942 3335 1218 3406; x_wconf 89' lang='lat' dir='ltr'><strong>quoddam</strong></span> <span class='ocrx_word' id='word_1_467' title='bbox 1246 3336 1399 3388; x_wconf 89' lang='lat' dir='ltr'><strong>illinc</strong></span> <span class='ocrx_word' id='word_1_468' title='bbox 1424 3334 1623 3405; x_wconf 87' lang='lat' dir='ltr'><strong>pignus</strong></span> <span class='ocrx_word' id='word_1_469' title='bbox 1655 3335 1983 3405; x_wconf 89' lang='lat' dir='ltr'><strong>accipimus,</strong></span> <span class='ocrx_word' id='word_1_470' title='bbox 2011 3335 2079 3389; x_wconf 87' lang='lat' dir='ltr'><strong>ad</strong></span> 
     </span>
    </p>
   </div>
   <div class='ocr_carea' id='block_1_65' title="bbox 492 3426 2079 3499">
    <p class='ocr_par' dir='ltr' id='par_1_65' title="bbox 492 3426 2079 3499">
     <span class='ocr_line' id='line_1_65' title="bbox 492 3426 2079 3499; baseline -0.003 -14"><span class='ocrx_word' id='word_1_471' title='bbox 492 3429 640 3485; x_wconf 91' lang='lat' dir='ltr'><strong>illius</strong></span> <span class='ocrx_word' id='word_1_472' title='bbox 680 3428 937 3499; x_wconf 69' lang='lat' dir='ltr'><strong>perfectm</strong></span> <span class='ocrx_word' id='word_1_473' title='bbox 978 3427 1362 3498; x_wconf 89' lang='lat' dir='ltr'><strong>pullulationis</strong></span> <span class='ocrx_word' id='word_1_474' title='bbox 1406 3426 1747 3497; x_wconf 81' lang='lat' dir='ltr'><strong>exemplum,</strong></span> <span class='ocrx_word' id='word_1_475' title='bbox 1805 3441 1927 3496; x_wconf 72' lang='lat' dir='ltr'><strong>qua:</strong></span> <span class='ocrx_word' id='word_1_476' title='bbox 1966 3434 2079 3481; x_wconf 91' lang='lat' dir='ltr'><strong>tum</strong></span> 
     </span>
    </p>
   </div>
   <div class='ocr_carea' id='block_1_66' title="bbox 490 3515 2081 3586">
    <p class='ocr_par' dir='ltr' id='par_1_66' title="bbox 490 3515 2081 3586">
     <span class='ocr_line' id='line_1_66' title="bbox 490 3515 2081 3586; baseline -0.002 -13"><span class='ocrx_word' id='word_1_477' title='bbox 490 3518 730 3582; x_wconf 81' lang='lat' dir='ltr'><strong>accidet,</strong></span> <span class='ocrx_word' id='word_1_478' title='bbox 755 3533 880 3573; x_wconf 91' lang='lat' dir='ltr'><strong>cum</strong></span> <span class='ocrx_word' id='word_1_479' title='bbox 907 3518 1115 3572; x_wconf 87' lang='lat' dir='ltr'><strong>dictum</strong></span> <span class='ocrx_word' id='word_1_480' title='bbox 1148 3518 1281 3571; x_wconf 87' lang='lat' dir='ltr'><strong>illud</strong></span> <span class='ocrx_word' id='word_1_481' title='bbox 1311 3516 1628 3586; x_wconf 90' lang='lat' dir='ltr'><strong>implebitur</strong></span> <span class='ocrx_word' id='word_1_482' title='bbox 1653 3534 1666 3570; x_wconf 92' lang='lat'><strong>:</strong></span> <span class='ocrx_word' id='word_1_483' title='bbox 1697 3515 2004 3571; x_wconf 83' lang='lat' dir='ltr'><strong>Semiuatur</strong></span> <span class='ocrx_word' id='word_1_484' title='bbox 2026 3517 2081 3570; x_wconf 82' lang='lat' dir='ltr'><strong>in</strong></span> 
     </span>
    </p>
   </div>
   <div class='ocr_carea' id='block_1_67' title="bbox 501 3607 2084 3683">
    <p class='ocr_par' dir='ltr' id='par_1_67' title="bbox 501 3607 2084 3683">
     <span class='ocr_line' id='line_1_67' title="bbox 501 3607 2084 3683; baseline -0.002 -18"><span class='ocrx_word' id='word_1_485' title='bbox 501 3612 854 3683; x_wconf 79' lang='lat' dir='ltr'><strong>ignobilitate,</strong></span> <span class='ocrx_word' id='word_1_486' title='bbox 923 3619 1158 3680; x_wconf 85' lang='lat' dir='ltr'><strong>resurget</strong></span> <span class='ocrx_word' id='word_1_487' title='bbox 1186 3610 1240 3662; x_wconf 83' lang='lat' dir='ltr'><strong>in</strong></span> <span class='ocrx_word' id='word_1_488' title='bbox 1271 3609 1465 3679; x_wconf 80' lang='lat' dir='ltr'><strong>gloria.</strong></span> <span class='ocrx_word' id='word_1_489' title='bbox 1501 3607 1807 3663; x_wconf 83' lang='lat' dir='ltr'><strong>Seminatur</strong></span> <span class='ocrx_word' id='word_1_490' title='bbox 1839 3610 1893 3661; x_wconf 86' lang='lat' dir='ltr'><strong>in</strong></span> <span class='ocrx_word' id='word_1_491' title='bbox 1915 3609 2084 3678; x_wconf 82' lang='lat' dir='ltr'><strong>inﬁr-</strong></span> 
     </span>
    </p>
   </div>
   <div class='ocr_carea' id='block_1_68' title="bbox 494 3699 2084 3773">
    <p class='ocr_par' dir='ltr' id='par_1_68' title="bbox 494 3699 2084 3773">
     <span class='ocr_line' id='line_1_68' title="bbox 494 3699 2084 3773; baseline -0.002 -15"><span class='ocrx_word' id='word_1_492' title='bbox 494 3706 699 3769; x_wconf 81' lang='lat' dir='ltr'><strong>mitate,</strong></span> <span class='ocrx_word' id='word_1_493' title='bbox 753 3713 986 3773; x_wconf 82' lang='lat' dir='ltr'><strong>resurget</strong></span> <span class='ocrx_word' id='word_1_494' title='bbox 1022 3704 1076 3756; x_wconf 87' lang='lat' dir='ltr'><strong>in</strong></span> <span class='ocrx_word' id='word_1_495' title='bbox 1124 3704 1318 3756; x_wconf 84' lang='lat' dir='ltr'><strong>virtute</strong></span> <span class='ocrx_word' id='word_1_496' title='bbox 1364 3702 1407 3754; x_wconf 83' lang='grc'><strong>¹.</strong></span> <span class='ocrx_word' id='word_1_497' title='bbox 1470 3699 1683 3756; x_wconf 86' lang='lat' dir='ltr'><strong>Etenim</strong></span> <span class='ocrx_word' id='word_1_498' title='bbox 1717 3717 1899 3755; x_wconf 88' lang='lat' dir='ltr'><strong>nonne</strong></span> <span class='ocrx_word' id='word_1_499' title='bbox 1931 3700 2084 3755; x_wconf 82' lang='lat' dir='ltr'><strong>infir-</strong></span> 
     </span>
    </p>
   </div>
   <div class='ocr_carea' id='block_1_69' title="bbox 496 3792 2084 3865">
    <p class='ocr_par' dir='ltr' id='par_1_69' title="bbox 496 3792 2084 3865">
     <span class='ocr_line' id='line_1_69' title="bbox 496 3792 2084 3865; baseline -0.003 -15"><span class='ocrx_word' id='word_1_500' title='bbox 496 3811 644 3850; x_wconf 87' lang='lat' dir='ltr'><strong>mum</strong></span> <span class='ocrx_word' id='word_1_501' title='bbox 686 3803 792 3860; x_wconf 90' lang='lat' dir='ltr'><strong>est,</strong></span> <span class='ocrx_word' id='word_1_502' title='bbox 824 3794 973 3865; x_wconf 88' lang='lat' dir='ltr'><strong>quod</strong></span> <span class='ocrx_word' id='word_1_503' title='bbox 1028 3795 1099 3849; x_wconf 86' lang='lat' dir='ltr'><strong>ita</strong></span> <span class='ocrx_word' id='word_1_504' title='bbox 1148 3794 1477 3859; x_wconf 88' lang='lat' dir='ltr'><strong>seminatur,</strong></span> <span class='ocrx_word' id='word_1_505' title='bbox 1532 3800 1592 3846; x_wconf 91' lang='lat' dir='ltr'><strong>ut</strong></span> <span class='ocrx_word' id='word_1_506' title='bbox 1636 3792 1728 3847; x_wconf 87' lang='lat' dir='ltr'><strong>ubi</strong></span> <span class='ocrx_word' id='word_1_507' title='bbox 1781 3793 2084 3848; x_wconf 89' lang='lat' dir='ltr'><strong>scminetur</strong></span> 
     </span>
    </p>
   </div>
   <div class='ocr_carea' id='block_1_70' title="bbox 497 3884 2081 3958">
    <p class='ocr_par' dir='ltr' id='par_1_70' title="bbox 497 3884 2081 3958">
     <span class='ocr_line' id='line_1_70' title="bbox 497 3884 2081 3958; baseline -0.003 -17"><span class='ocrx_word' id='word_1_508' title='bbox 497 3888 751 3957; x_wconf 84' lang='lat' dir='ltr'><strong>ignoret?</strong></span> <span class='ocrx_word' id='word_1_509' title='bbox 786 3886 1131 3958; x_wconf 87' lang='lat' dir='ltr'><strong>lgnobilitate</strong></span> <span class='ocrx_word' id='word_1_510' title='bbox 1159 3900 1291 3939; x_wconf 91' lang='lat' dir='ltr'><strong>vero</strong></span> <span class='ocrx_word' id='word_1_511' title='bbox 1319 3900 1501 3939; x_wconf 89' lang='lat' dir='ltr'><strong>nonne</strong></span> <span class='ocrx_word' id='word_1_512' title='bbox 1535 3884 1760 3953; x_wconf 92' lang='lat' dir='ltr'><strong>plenum</strong></span> <span class='ocrx_word' id='word_1_513' title='bbox 1804 3884 1937 3938; x_wconf 92' lang='lat' dir='ltr'><strong>illud</strong></span> <span class='ocrx_word' id='word_1_514' title='bbox 1977 3892 2081 3949; x_wconf 90' lang='lat' dir='ltr'><strong>est,</strong></span> 
     </span>
    </p>
   </div>
   <div class='ocr_carea' id='block_1_71' title="bbox 498 3976 2084 4048">
    <p class='ocr_par' dir='ltr' id='par_1_71' title="bbox 498 3976 2084 4048">
     <span class='ocr_line' id='line_1_71' title="bbox 498 3976 2084 4048; baseline -0.002 -17"><span class='ocrx_word' id='word_1_515' title='bbox 498 3979 644 4047; x_wconf 65' lang='lat' dir='ltr'><strong>quod</strong></span> <span class='ocrx_word' id='word_1_516' title='bbox 700 3980 754 4033; x_wconf 91' lang='lat' dir='ltr'><strong>in</strong></span> <span class='ocrx_word' id='word_1_517' title='bbox 810 3979 1126 4048; x_wconf 89' lang='lat' dir='ltr'><strong>sepulcrum</strong></span> <span class='ocrx_word' id='word_1_518' title='bbox 1188 3977 1463 4047; x_wconf 87' lang='lat' dir='ltr'><strong>abjectum</strong></span> <span class='ocrx_word' id='word_1_519' title='bbox 1522 3976 1781 4033; x_wconf 88' lang='lat' dir='ltr'><strong>obruitur</strong></span> <span class='ocrx_word' id='word_1_520' title='bbox 1857 3983 2084 4045; x_wconf 80' lang='lat' dir='ltr'><strong>aggesta</strong></span> 
     </span>
    </p>
   </div>
   <div class='ocr_carea' id='block_1_72' title="bbox 499 4067 2084 4140">
    <p class='ocr_par' dir='ltr' id='par_1_72' title="bbox 499 4067 2084 4140">
     <span class='ocr_line' id='line_1_72' title="bbox 499 4067 2084 4140; baseline -0.001 -19"><span class='ocrx_word' id='word_1_521' title='bbox 499 4072 763 4140; x_wconf 88' lang='lat' dir='ltr'><strong>pulveris,</strong></span> <span class='ocrx_word' id='word_1_522' title='bbox 815 4084 881 4123; x_wconf 87' lang='lat' dir='ltr'><strong>ac</strong></span> <span class='ocrx_word' id='word_1_523' title='bbox 927 4069 1229 4132; x_wconf 90' lang='lat' dir='ltr'><strong>laceratur,</strong></span> <span class='ocrx_word' id='word_1_524' title='bbox 1288 4068 1598 4138; x_wconf 89' lang='lat' dir='ltr'><strong>projicitur,</strong></span> <span class='ocrx_word' id='word_1_525' title='bbox 1632 4067 1891 4137; x_wconf 89' lang='lat' dir='ltr'><strong>omnique</strong></span> <span class='ocrx_word' id='word_1_526' title='bbox 1920 4082 2084 4121; x_wconf 89' lang='lat' dir='ltr'><strong>sensu</strong></span> 
     </span>
    </p>
   </div>
   <div class='ocr_carea' id='block_1_73' title="bbox 498 4158 2085 4229">
    <p class='ocr_par' dir='ltr' id='par_1_73' title="bbox 498 4158 2085 4229">
     <span class='ocr_line' id='line_1_73' title="bbox 498 4158 2085 4229; baseline -0.001 -17"><span class='ocrx_word' id='word_1_527' title='bbox 498 4160 867 4215; x_wconf 82' lang='lat' dir='ltr'><strong>destituitur?</strong></span> <span class='ocrx_word' id='word_1_528' title='bbox 901 4158 1108 4214; x_wconf 88' lang='lat' dir='ltr'><strong>Contra</strong></span> <span class='ocrx_word' id='word_1_529' title='bbox 1151 4175 1280 4214; x_wconf 91' lang='lat' dir='ltr'><strong>vero</strong></span> <span class='ocrx_word' id='word_1_530' title='bbox 1315 4175 1498 4213; x_wconf 90' lang='lat' dir='ltr'><strong>nonne</strong></span> <span class='ocrx_word' id='word_1_531' title='bbox 1530 4159 1834 4229; x_wconf 89' lang='lat' dir='ltr'><strong>gloriosum</strong></span> <span class='ocrx_word' id='word_1_532' title='bbox 1883 4158 1936 4212; x_wconf 89' lang='lat' dir='ltr'><strong>id</strong></span> <span class='ocrx_word' id='word_1_533' title='bbox 1980 4167 2085 4219; x_wconf 86' lang='lat' dir='ltr'><strong>est.</strong></span> 
     </span>
    </p>
   </div>
   <div class='ocr_carea' id='block_1_74' title="bbox 500 4250 2090 4322">
    <p class='ocr_par' dir='ltr' id='par_1_74' title="bbox 500 4250 2090 4322">
     <span class='ocr_line' id='line_1_74' title="bbox 500 4250 2090 4322; baseline -0.004 -16"><span class='ocrx_word' id='word_1_534' title='bbox 500 4253 645 4322; x_wconf 89' lang='lat' dir='ltr'><strong>quod</strong></span> <span class='ocrx_word' id='word_1_535' title='bbox 690 4253 757 4306; x_wconf 91' lang='lat' dir='ltr'><strong>ad</strong></span> <span class='ocrx_word' id='word_1_536' title='bbox 797 4253 967 4306; x_wconf 90' lang='lat' dir='ltr'><strong>vitam</strong></span> <span class='ocrx_word' id='word_1_537' title='bbox 1020 4251 1319 4315; x_wconf 84' lang='lat' dir='ltr'><strong>excitatur,</strong></span> <span class='ocrx_word' id='word_1_538' title='bbox 1362 4259 1415 4304; x_wconf 91' lang='lat' dir='ltr'><strong>et</strong></span> <span class='ocrx_word' id='word_1_539' title='bbox 1452 4251 1506 4303; x_wconf 93' lang='lat' dir='ltr'><strong>in</strong></span> <span class='ocrx_word' id='word_1_540' title='bbox 1539 4250 1930 4320; x_wconf 88' lang='lat' dir='ltr'><strong>sempiternum</strong></span> <span class='ocrx_word' id='word_1_541' title='bbox 1966 4264 2090 4318; x_wconf 91' lang='lat' dir='ltr'><strong>per-</strong></span> 
     </span>
    </p>
   </div>
   <div class='ocr_carea' id='block_1_75' title="bbox 502 4338 2089 4410">
    <p class='ocr_par' dir='ltr' id='par_1_75' title="bbox 502 4338 2089 4410">
     <span class='ocr_line' id='line_1_75' title="bbox 502 4338 2089 4410; baseline -0.003 -13"><span class='ocrx_word' id='word_1_542' title='bbox 502 4351 706 4404; x_wconf 82' lang='lat' dir='ltr'><strong>manet,</strong></span> <span class='ocrx_word' id='word_1_543' title='bbox 753 4358 818 4395; x_wconf 90' lang='lat' dir='ltr'><strong>ac</strong></span> <span class='ocrx_word' id='word_1_544' title='bbox 856 4357 981 4395; x_wconf 91' lang='lat' dir='ltr'><strong>eum</strong></span> <span class='ocrx_word' id='word_1_545' title='bbox 1032 4342 1232 4395; x_wconf 84' lang='lat' dir='ltr'><strong>divinae</strong></span> <span class='ocrx_word' id='word_1_546' title='bbox 1287 4340 1643 4410; x_wconf 85' lang='lat' dir='ltr'><strong>benignitatis</strong></span> <span class='ocrx_word' id='word_1_547' title='bbox 1676 4354 1772 4409; x_wconf 90' lang='lat' dir='ltr'><strong>spe</strong></span> <span class='ocrx_word' id='word_1_548' title='bbox 1794 4354 1859 4393; x_wconf 87' lang='lat' dir='ltr'><strong>ac</strong></span> <span class='ocrx_word' id='word_1_549' title='bbox 1891 4338 2089 4393; x_wconf 88' lang='lat' dir='ltr'><strong>fiducia</strong></span> 
     </span>
    </p>
   </div>
   <div class='ocr_carea' id='block_1_76' title="bbox 2182 3154 3784 3231">
    <p class='ocr_par' dir='ltr' id='par_1_76' title="bbox 2182 3154 3784 3231">
     <span class='ocr_line' id='line_1_76' title="bbox 2182 3154 3784 3231; baseline 0.003 -24"><span class='ocrx_word' id='word_1_550' title='bbox 2182 3154 2377 3227; x_wconf 82' lang='grc' dir='ltr'>τούτῳ,</span> <span class='ocrx_word' id='word_1_551' title='bbox 2406 3157 2486 3211; x_wconf 82' lang='grc' dir='ltr'>ἔτι</span> <span class='ocrx_word' id='word_1_552' title='bbox 2512 3158 2570 3211; x_wconf 84' lang='grc' dir='ltr'>ὲν</span> <span class='ocrx_word' id='word_1_553' title='bbox 2600 3157 2680 3229; x_wconf 82' lang='grc' dir='ltr'>τῷ</span> <span class='ocrx_word' id='word_1_554' title='bbox 2710 3158 2926 3231; x_wconf 78' lang='grc' dir='ltr'>ψυχικῷ</span> <span class='ocrx_word' id='word_1_555' title='bbox 2946 3159 3122 3231; x_wconf 84' lang='grc' dir='ltr'>τούτῳ</span> <span class='ocrx_word' id='word_1_556' title='bbox 3145 3160 3243 3215; x_wconf 74' lang='grc' dir='ltr'><strong>καὶ</strong></span> <span class='ocrx_word' id='word_1_557' title='bbox 3274 3159 3632 3230; x_wconf 86' lang='grc' dir='ltr'>πνευματικῷ</span> <span class='ocrx_word' id='word_1_558' title='bbox 3660 3160 3784 3230; x_wconf 70' lang='grc' dir='ltr'><strong>ἅμα</strong></span> 
     </span>
    </p>
   </div>
   <div class='ocr_carea' id='block_1_77' title="bbox 2181 3248 3784 3323">
    <p class='ocr_par' dir='ltr' id='par_1_77' title="bbox 2181 3248 3784 3323">
     <span class='ocr_line' id='line_1_77' title="bbox 2181 3248 3784 3323; baseline 0.003 -23"><span class='ocrx_word' id='word_1_559' title='bbox 2181 3248 2402 3313; x_wconf 85' lang='grc' dir='ltr'>τελείως</span> <span class='ocrx_word' id='word_1_560' title='bbox 2423 3252 2721 3323; x_wconf 80' lang='grc' dir='ltr'>γενομένῳ.</span> <span class='ocrx_word' id='word_1_561' title='bbox 2756 3252 3028 3315; x_wconf 79' lang='grc' dir='ltr'>Λασόντες</span> <span class='ocrx_word' id='word_1_562' title='bbox 3053 3252 3109 3305; x_wconf 87' lang='grc' dir='ltr'>δὲ</span> <span class='ocrx_word' id='word_1_563' title='bbox 3134 3251 3466 3306; x_wconf 81' lang='grc' dir='ltr'>ἀπεντεῦθεν</span> <span class='ocrx_word' id='word_1_564' title='bbox 3496 3252 3587 3305; x_wconf 83' lang='grc' dir='ltr'><strong>τὸν</strong></span> <span class='ocrx_word' id='word_1_565' title='bbox 3610 3254 3784 3323; x_wconf 53' lang='lat' dir='ltr'><strong>appa-</strong></span> 
     </span>
    </p>
   </div>
   <div class='ocr_carea' id='block_1_78' title="bbox 2183 3340 3782 3416">
    <p class='ocr_par' dir='ltr' id='par_1_78' title="bbox 2183 3340 3782 3416">
     <span class='ocr_line' id='line_1_78' title="bbox 2183 3340 3782 3416; baseline 0.004 -23"><span class='ocrx_word' id='word_1_566' title='bbox 2183 3340 2332 3395; x_wconf 85' lang='grc' dir='ltr'>6ῶνα</span> <span class='ocrx_word' id='word_1_567' title='bbox 2368 3343 2448 3406; x_wconf 91' lang='grc' dir='ltr'><strong>είς</strong></span> <span class='ocrx_word' id='word_1_568' title='bbox 2496 3343 2805 3415; x_wconf 81' lang='grc' dir='ltr'>ὑπόδειγμα</span> <span class='ocrx_word' id='word_1_569' title='bbox 2836 3345 2935 3415; x_wconf 85' lang='grc' dir='ltr'>τῆς</span> <span class='ocrx_word' id='word_1_570' title='bbox 2982 3343 3197 3408; x_wconf 86' lang='grc' dir='ltr'>τελείας</span> <span class='ocrx_word' id='word_1_571' title='bbox 3233 3345 3357 3398; x_wconf 83' lang='grc' dir='ltr'>τότε</span> <span class='ocrx_word' id='word_1_572' title='bbox 3399 3345 3782 3416; x_wconf 79' lang='grc' dir='ltr'>βλαστήσεως,</span> 
     </span>
    </p>
   </div>
   <div class='ocr_carea' id='block_1_79' title="bbox 2182 3433 3785 3508">
    <p class='ocr_par' dir='ltr' id='par_1_79' title="bbox 2182 3433 3785 3508">
     <span class='ocr_line' id='line_1_79' title="bbox 2182 3433 3785 3508; baseline 0.004 -22"><span class='ocrx_word' id='word_1_573' title='bbox 2182 3434 2271 3487; x_wconf 85' lang='grc' dir='ltr'>ὅτε</span> <span class='ocrx_word' id='word_1_574' title='bbox 2312 3433 2613 3505; x_wconf 78' lang='grc' dir='ltr'>πληροῦται</span> <span class='ocrx_word' id='word_1_575' title='bbox 2641 3435 2703 3489; x_wconf 88' lang='lat' dir='ltr'><strong>rb</strong></span> <span class='ocrx_word' id='word_1_576' title='bbox 2730 3438 3022 3508; x_wconf 74' lang='grc' dir='ltr'>εἰρημένον</span> <span class='ocrx_word' id='word_1_577' title='bbox 3044 3452 3057 3466; x_wconf 91' lang='grc'><strong>·</strong></span> <span class='ocrx_word' id='word_1_578' title='bbox 3104 3437 3413 3505; x_wconf 81' lang='grc' dir='ltr'>Σπείρεται</span> <span class='ocrx_word' id='word_1_579' title='bbox 3448 3438 3520 3490; x_wconf 77' lang='grc' dir='ltr'>ἐν</span> <span class='ocrx_word' id='word_1_580' title='bbox 3550 3439 3785 3508; x_wconf 69' lang='grc' dir='ltr'>ἀτιμίᾳ,</span> 
     </span>
    </p>
   </div>
   <div class='ocr_carea' id='block_1_80' title="bbox 2182 3524 3786 3600">
    <p class='ocr_par' dir='ltr' id='par_1_80' title="bbox 2182 3524 3786 3600">
     <span class='ocr_line' id='line_1_80' title="bbox 2182 3524 3786 3600; baseline 0.003 -23"><span class='ocrx_word' id='word_1_581' title='bbox 2182 3524 2467 3592; x_wconf 78' lang='grc' dir='ltr'>ἐγείρεται</span> <span class='ocrx_word' id='word_1_582' title='bbox 2498 3526 2568 3580; x_wconf 85' lang='grc' dir='ltr'>ἐν</span> <span class='ocrx_word' id='word_1_583' title='bbox 2591 3526 2742 3597; x_wconf 79' lang='grc' dir='ltr'><strong>δόξῃ</strong></span> <span class='ocrx_word' id='word_1_584' title='bbox 2764 3546 2777 3558; x_wconf 93' lang='grc'><strong>·</strong></span> <span class='ocrx_word' id='word_1_585' title='bbox 2826 3529 3136 3596; x_wconf 84' lang='grc' dir='ltr'>σπείρεται</span> <span class='ocrx_word' id='word_1_586' title='bbox 3184 3529 3258 3582; x_wconf 82' lang='grc' dir='ltr'>ἐν</span> <span class='ocrx_word' id='word_1_587' title='bbox 3289 3528 3595 3595; x_wconf 72' lang='grc' dir='ltr'>ἀσθενείᾳ,</span> <span class='ocrx_word' id='word_1_588' title='bbox 3628 3530 3786 3600; x_wconf 57' lang='grc' dir='ltr'>ἐγεί-</span> 
     </span>
    </p>
   </div>
   <div class='ocr_carea' id='block_1_81' title="bbox 2176 3615 3788 3692">
    <p class='ocr_par' dir='ltr' id='par_1_81' title="bbox 2176 3615 3788 3692">
     <span class='ocr_line' id='line_1_81' title="bbox 2176 3615 3788 3692; baseline 0.005 -25"><span class='ocrx_word' id='word_1_589' title='bbox 2176 3632 2344 3683; x_wconf 81' lang='grc' dir='ltr'>ρεται</span> <span class='ocrx_word' id='word_1_590' title='bbox 2376 3616 2449 3669; x_wconf 81' lang='grc' dir='ltr'>ἐν</span> <span class='ocrx_word' id='word_1_591' title='bbox 2479 3615 2752 3688; x_wconf 83' lang='grc' dir='ltr'>δυνάμει.</span> <span class='ocrx_word' id='word_1_592' title='bbox 2785 3618 2912 3683; x_wconf 86' lang='grc' dir='ltr'><strong>Πῶς</strong></span> <span class='ocrx_word' id='word_1_593' title='bbox 2940 3620 3050 3691; x_wconf 83' lang='grc' dir='ltr'><strong>γάρ</strong></span> <span class='ocrx_word' id='word_1_594' title='bbox 3083 3620 3183 3673; x_wconf 79' lang='grc' dir='ltr'><strong>οὐκ</strong></span> <span class='ocrx_word' id='word_1_595' title='bbox 3213 3620 3439 3685; x_wconf 83' lang='grc' dir='ltr'>ἀσθενὲς</span> <span class='ocrx_word' id='word_1_596' title='bbox 3469 3621 3530 3675; x_wconf 86' lang='grc' dir='ltr'><strong>τὸ</strong></span> <span class='ocrx_word' id='word_1_597' title='bbox 3558 3623 3788 3692; x_wconf 51' lang='grc' dir='ltr'>στειρό-</span> 
     </span>
    </p>
   </div>
   <div class='ocr_carea' id='block_1_82' title="bbox 2188 3709 3791 3784">
    <p class='ocr_par' dir='ltr' id='par_1_82' title="bbox 2188 3709 3791 3784">
     <span class='ocr_line' id='line_1_82' title="bbox 2188 3709 3791 3784; baseline 0.006 -26"><span class='ocrx_word' id='word_1_598' title='bbox 2188 3723 2368 3775; x_wconf 88' lang='grc' dir='ltr'>μενον,</span> <span class='ocrx_word' id='word_1_599' title='bbox 2398 3709 2490 3761; x_wconf 71' lang='grc' dir='ltr'><strong>καὶ</strong></span> <span class='ocrx_word' id='word_1_600' title='bbox 2553 3711 2627 3780; x_wconf 85' lang='grc' dir='ltr'>μὴ</span> <span class='ocrx_word' id='word_1_601' title='bbox 2673 3710 2945 3779; x_wconf 85' lang='grc' dir='ltr'>γινῶσκον</span> <span class='ocrx_word' id='word_1_602' title='bbox 2980 3710 3085 3765; x_wconf 85' lang='grc' dir='ltr'><strong>ποῦ</strong></span> <span class='ocrx_word' id='word_1_603' title='bbox 3129 3713 3446 3784; x_wconf 88' lang='grc' dir='ltr'>σπείρεται;</span> <span class='ocrx_word' id='word_1_604' title='bbox 3497 3714 3626 3778; x_wconf 85' lang='grc' dir='ltr'>Πῶς</span> <span class='ocrx_word' id='word_1_605' title='bbox 3680 3716 3791 3768; x_wconf 74' lang='grc' dir='ltr'><strong>οὐκ</strong></span> 
     </span>
    </p>
   </div>
   <div class='ocr_carea' id='block_1_83' title="bbox 2186 3800 3792 3877">
    <p class='ocr_par' dir='ltr' id='par_1_83' title="bbox 2186 3800 3792 3877">
     <span class='ocr_line' id='line_1_83' title="bbox 2186 3800 3792 3877; baseline 0.006 -27"><span class='ocrx_word' id='word_1_606' title='bbox 2186 3800 2379 3869; x_wconf 78' lang='grc' dir='ltr'>ἄτιμον</span> <span class='ocrx_word' id='word_1_607' title='bbox 2407 3801 2466 3853; x_wconf 88' lang='lat' dir='ltr'><strong>rb</strong></span> <span class='ocrx_word' id='word_1_608' title='bbox 2500 3804 2557 3854; x_wconf 84' lang='grc' dir='ltr'>ὲν</span> <span class='ocrx_word' id='word_1_609' title='bbox 2579 3803 2825 3873; x_wconf 80' lang='grc' dir='ltr'>μνήματι</span> <span class='ocrx_word' id='word_1_610' title='bbox 2854 3802 3205 3873; x_wconf 78' lang='grc' dir='ltr'>βαλλόμενον,</span> <span class='ocrx_word' id='word_1_611' title='bbox 3239 3806 3334 3858; x_wconf 72' lang='grc' dir='ltr'>καὶ</span> <span class='ocrx_word' id='word_1_612' title='bbox 3367 3806 3516 3858; x_wconf 82' lang='grc' dir='ltr'>κόνιν</span> <span class='ocrx_word' id='word_1_613' title='bbox 3548 3808 3792 3877; x_wconf 70' lang='grc' dir='ltr'>ἐπαμῶ-</span> 
     </span>
    </p>
   </div>
   <div class='ocr_carea' id='block_1_84' title="bbox 2191 3891 3793 3969">
    <p class='ocr_par' dir='ltr' id='par_1_84' title="bbox 2191 3891 3793 3969">
     <span class='ocr_line' id='line_1_84' title="bbox 2191 3891 3793 3969; baseline 0.007 -27"><span class='ocrx_word' id='word_1_614' title='bbox 2191 3908 2372 3961; x_wconf 89' lang='grc' dir='ltr'>μενον,</span> <span class='ocrx_word' id='word_1_615' title='bbox 2418 3891 2781 3964; x_wconf 77' lang='grc' dir='ltr'>λακιζόμενόν</span> <span class='ocrx_word' id='word_1_616' title='bbox 2842 3912 2903 3948; x_wconf 89' lang='grc' dir='ltr'><strong>τε</strong></span> <span class='ocrx_word' id='word_1_617' title='bbox 2937 3895 3032 3948; x_wconf 78' lang='grc' dir='ltr'><strong>καὶ</strong></span> <span class='ocrx_word' id='word_1_618' title='bbox 3070 3897 3451 3969; x_wconf 77' lang='grc' dir='ltr'>ῥιπτούμενον,</span> <span class='ocrx_word' id='word_1_619' title='bbox 3495 3900 3590 3952; x_wconf 78' lang='grc' dir='ltr'>καὶ</span> <span class='ocrx_word' id='word_1_620' title='bbox 3622 3901 3793 3953; x_wconf 79' lang='grc' dir='ltr'>ἀναι-</span> 
     </span>
    </p>
   </div>
   <div class='ocr_carea' id='block_1_85' title="bbox 2191 3983 3794 4061">
    <p class='ocr_par' dir='ltr' id='par_1_85' title="bbox 2191 3983 3794 4061">
     <span class='ocr_line' id='line_1_85' title="bbox 2191 3983 3794 4061; baseline 0.006 -25"><span class='ocrx_word' id='word_1_621' title='bbox 2191 3983 2451 4055; x_wconf 86' lang='grc' dir='ltr'>σθητοῦν;</span> <span class='ocrx_word' id='word_1_622' title='bbox 2478 3986 2603 4050; x_wconf 89' lang='grc' dir='ltr'>Πῶς</span> <span class='ocrx_word' id='word_1_623' title='bbox 2638 3988 2739 4040; x_wconf 80' lang='grc' dir='ltr'><strong>οὐκ</strong></span> <span class='ocrx_word' id='word_1_624' title='bbox 2784 3988 3005 4060; x_wconf 78' lang='grc' dir='ltr'>ἔντιμον</span> <span class='ocrx_word' id='word_1_625' title='bbox 3055 3990 3115 4043; x_wconf 88' lang='lat' dir='ltr'><strong>rb</strong></span> <span class='ocrx_word' id='word_1_626' title='bbox 3156 3993 3525 4061; x_wconf 81' lang='grc' dir='ltr'>ἐγειρόμενον,</span> <span class='ocrx_word' id='word_1_627' title='bbox 3564 3994 3662 4045; x_wconf 72' lang='grc' dir='ltr'><strong>καὶ</strong></span> <span class='ocrx_word' id='word_1_628' title='bbox 3705 3997 3794 4057; x_wconf 79' lang='grc' dir='ltr'>εἰς</span> 
     </span>
    </p>
   </div>
   <div class='ocr_carea' id='block_1_86' title="bbox 2190 4077 3791 4157">
    <p class='ocr_par' dir='ltr' id='par_1_86' title="bbox 2190 4077 3791 4157">
     <span class='ocr_line' id='line_1_86' title="bbox 2190 4077 3791 4157; baseline 0.006 -27"><span class='ocrx_word' id='word_1_629' title='bbox 2190 4077 2359 4131; x_wconf 78' lang='grc' dir='ltr'>αἰῶνα</span> <span class='ocrx_word' id='word_1_630' title='bbox 2379 4079 2653 4150; x_wconf 82' lang='grc' dir='ltr'>διαμένον,</span> <span class='ocrx_word' id='word_1_631' title='bbox 2678 4082 2773 4134; x_wconf 71' lang='grc' dir='ltr'><strong>καὶ</strong></span> <span class='ocrx_word' id='word_1_632' title='bbox 2793 4082 2852 4134; x_wconf 83' lang='grc' dir='ltr'>ὲν</span> <span class='ocrx_word' id='word_1_633' title='bbox 2879 4082 3053 4136; x_wconf 80' lang='grc' dir='ltr'>ἐλπίδι</span> <span class='ocrx_word' id='word_1_634' title='bbox 3070 4085 3169 4154; x_wconf 85' lang='grc' dir='ltr'>τῆς</span> <span class='ocrx_word' id='word_1_635' title='bbox 3197 4084 3291 4137; x_wconf 89' lang='grc' dir='ltr'><strong>τοῦ</strong></span> <span class='ocrx_word' id='word_1_636' title='bbox 3305 4084 3441 4138; x_wconf 86' lang='grc' dir='ltr'>Θεοῦ</span> <span class='ocrx_word' id='word_1_637' title='bbox 3472 4085 3791 4157; x_wconf 75' lang='grc' dir='ltr'>φιλανθρω-</span> 
     </span>
    </p>
   </div>
   <div class='ocr_carea' id='block_1_87' title="bbox 2192 4170 3791 4246">
    <p class='ocr_par' dir='ltr' id='par_1_87' title="bbox 2192 4170 3791 4246">
     <span class='ocr_line' id='line_1_87' title="bbox 2192 4170 3791 4246; baseline 0.008 -26"><span class='ocrx_word' id='word_1_638' title='bbox 2192 4170 2322 4232; x_wconf 82' lang='grc' dir='ltr'>πίας</span> <span class='ocrx_word' id='word_1_639' title='bbox 2355 4170 2599 4240; x_wconf 79' lang='grc' dir='ltr'>οὐρανῶν</span> <span class='ocrx_word' id='word_1_640' title='bbox 2624 4172 2901 4241; x_wconf 86' lang='grc' dir='ltr'>βασιλείαν</span> <span class='ocrx_word' id='word_1_641' title='bbox 2931 4173 3211 4245; x_wconf 81' lang='grc' dir='ltr'>κτώμενον</span> <span class='ocrx_word' id='word_1_642' title='bbox 3232 4193 3246 4239; x_wconf 89' lang='lat'><strong>;</strong></span> <span class='ocrx_word' id='word_1_643' title='bbox 3268 4176 3444 4230; x_wconf 81' lang='grc' dir='ltr'>Ὅπου</span> <span class='ocrx_word' id='word_1_644' title='bbox 3464 4178 3791 4246; x_wconf 68' lang='grc' dir='ltr'>λάμψουσι</span> 
     </span>
    </p>
   </div>
   <div class='ocr_carea' id='block_1_88' title="bbox 2191 4258 3792 4341">
    <p class='ocr_par' dir='ltr' id='par_1_88' title="bbox 2191 4258 3792 4341">
     <span class='ocr_line' id='line_1_88' title="bbox 2191 4258 3792 4341; baseline 0.006 -31"><span class='ocrx_word' id='word_1_645' title='bbox 2191 4258 2407 4313; x_wconf 76' lang='grc' dir='ltr'>δίκαιοι</span> <span class='ocrx_word' id='word_1_646' title='bbox 2430 4261 2511 4326; x_wconf 86' lang='grc' dir='ltr'>ὡς</span> <span class='ocrx_word' id='word_1_647' title='bbox 2540 4264 2579 4341; x_wconf 8' lang='grc' dir='ltr'><strong>ὀὶ</strong></span> <span class='ocrx_word' id='word_1_648' title='bbox 2615 4262 2812 4329; x_wconf 56' lang='grc' dir='ltr'>ἣλιος</span> <span class='ocrx_word' id='word_1_649' title='bbox 2851 4264 2985 4316; x_wconf 82' lang='grc' dir='ltr'>ὅπου</span> <span class='ocrx_word' id='word_1_650' title='bbox 3008 4265 3253 4319; x_wconf 81' lang='grc' dir='ltr'>ἔσονται</span> <span class='ocrx_word' id='word_1_651' title='bbox 3288 4266 3616 4336; x_wconf 74' lang='grc' dir='ltr'>ίσάγτελοι,</span> <span class='ocrx_word' id='word_1_652' title='bbox 3647 4270 3792 4321; x_wconf 74' lang='grc' dir='ltr'>ὅπου</span> 
     </span>
    </p>
   </div>
   <div class='ocr_carea' id='block_1_89' title="bbox 2197 4350 3791 4430">
    <p class='ocr_par' dir='ltr' id='par_1_89' title="bbox 2197 4350 3791 4430">
     <span class='ocr_line' id='line_1_89' title="bbox 2197 4350 3791 4430; baseline 0.008 -29"><span class='ocrx_word' id='word_1_653' title='bbox 2197 4351 2335 4420; x_wconf 87' lang='grc' dir='ltr'><strong>μετὰ</strong></span> <span class='ocrx_word' id='word_1_654' title='bbox 2364 4350 2459 4403; x_wconf 85' lang='grc' dir='ltr'><strong>τοῦ</strong></span> <span class='ocrx_word' id='word_1_655' title='bbox 2484 4353 2721 4422; x_wconf 86' lang='grc' dir='ltr'>νυμφίου</span> <span class='ocrx_word' id='word_1_656' title='bbox 2745 4354 3117 4425; x_wconf 82' lang='grc' dir='ltr'>χορεύσουσιν,</span> <span class='ocrx_word' id='word_1_657' title='bbox 3156 4357 3290 4411; x_wconf 80' lang='grc' dir='ltr'>ὅπου</span> <span class='ocrx_word' id='word_1_658' title='bbox 3325 4358 3374 4410; x_wconf 88' lang='grc' dir='ltr'><strong>οί</strong></span> <span class='ocrx_word' id='word_1_659' title='bbox 3411 4359 3539 4429; x_wconf 82' lang='grc' dir='ltr'>περὶ</span> <span class='ocrx_word' id='word_1_660' title='bbox 3573 4359 3791 4430; x_wconf 79' lang='grc' dir='ltr'>Πέτρον</span> 
     </span>
    </p>
   </div>
   <div class='ocr_carea' id='block_1_90' title="bbox 502 4423 2076 4521">
    <p class='ocr_par' dir='ltr' id='par_1_90' title="bbox 502 4431 2076 4505">
     <span class='ocr_line' id='line_1_90' title="bbox 502 4431 2076 4505; baseline -0.004 -16"><span class='ocrx_word' id='word_1_661' title='bbox 502 4438 728 4489; x_wconf 71' lang='lat' dir='ltr'><strong>(-ieleste</strong></span> <span class='ocrx_word' id='word_1_662' title='bbox 765 4450 993 4505; x_wconf 85' lang='lat' dir='ltr'><strong>regnum</strong></span> <span class='ocrx_word' id='word_1_663' title='bbox 1036 4433 1326 4503; x_wconf 86' lang='lat' dir='ltr'><strong>possidet?</strong></span> <span class='ocrx_word' id='word_1_664' title='bbox 1374 4433 1464 4487; x_wconf 83' lang='lat' dir='ltr'><strong>tibi</strong></span> <span class='ocrx_word' id='word_1_665' title='bbox 1499 4431 1925 4501; x_wconf 79' lang='lat' dir='ltr'><strong>fulgebuntjusti</strong></span> <span class='ocrx_word' id='word_1_666' title='bbox 1951 4432 2076 4485; x_wconf 67' lang='lat' dir='ltr'><strong>sicui</strong></span> 
     </span>
    </p>
   </div>
   <div class='ocr_carea' id='block_1_91' title="bbox 2178 4423 3794 4521">
    <p class='ocr_par' dir='ltr' id='par_1_91' title="bbox 2196 4423 3794 4521">
     <span class='ocr_line' id='line_1_91' title="bbox 2196 4423 3794 4521; baseline 0.009 -28"><span class='ocrx_word' id='word_1_667' title='bbox 2196 4441 2517 4507; x_wconf 76' lang='grc' dir='ltr'>καθέζονται</span> <span class='ocrx_word' id='word_1_668' title='bbox 2570 4444 2663 4496; x_wconf 69' lang='grc' dir='ltr'>ἐπὶ</span> <span class='ocrx_word' id='word_1_669' title='bbox 2700 4423 2907 4499; x_wconf 66' lang='grc' dir='ltr'>δώδεκα</span> <span class='ocrx_word' id='word_1_670' title='bbox 2955 4447 3197 4519; x_wconf 83' lang='grc' dir='ltr'>θρόνους,</span> <span class='ocrx_word' id='word_1_671' title='bbox 3235 4449 3337 4514; x_wconf 74' lang='grc' dir='ltr'><strong>τὰς</strong></span> <span class='ocrx_word' id='word_1_672' title='bbox 3375 4423 3583 4505; x_wconf 78' lang='grc' dir='ltr'>δώδεκα</span> <span class='ocrx_word' id='word_1_673' title='bbox 3611 4423 3794 4521; x_wconf 77' lang='grc' dir='ltr'>φυλὰς</span> 
     </span>
    </p>
   </div>
   <div class='ocr_carea' id='block_1_92' title="bbox 500 4523 2087 4595">
    <p class='ocr_par' dir='ltr' id='par_1_92' title="bbox 500 4523 2087 4595">
     <span class='ocr_line' id='line_1_92' title="bbox 500 4523 2087 4595; baseline -0.004 -14"><span class='ocrx_word' id='word_1_674' title='bbox 500 4527 667 4581; x_wconf 56' lang='lat' dir='ltr'><strong>sol“?</strong></span> <span class='ocrx_word' id='word_1_675' title='bbox 726 4527 821 4581; x_wconf 83' lang='lat' dir='ltr'><strong>tibi</strong></span> <span class='ocrx_word' id='word_1_676' title='bbox 900 4526 1098 4595; x_wconf 80' lang='lat' dir='ltr'><strong>angelis</strong></span> <span class='ocrx_word' id='word_1_677' title='bbox 1170 4534 1324 4579; x_wconf 86' lang='lat' dir='ltr'><strong>erunt</strong></span> <span class='ocrx_word' id='word_1_678' title='bbox 1402 4524 1629 4595; x_wconf 75' lang='lat' dir='ltr'><strong>a’quales</strong></span> <span class='ocrx_word' id='word_1_679' title='bbox 1680 4524 1738 4593; x_wconf 52' lang='lat' dir='ltr'><strong>&#39;ﬁ?</strong></span> <span class='ocrx_word' id='word_1_680' title='bbox 1804 4523 1896 4577; x_wconf 89' lang='lat' dir='ltr'><strong>ubi</strong></span> <span class='ocrx_word' id='word_1_681' title='bbox 1962 4539 2087 4577; x_wconf 81' lang='lat' dir='ltr'><strong>cum</strong></span> 
     </span>
    </p>
   </div>
   <div class='ocr_carea' id='block_1_93' title="bbox 505 4614 2091 4688">
    <p class='ocr_par' dir='ltr' id='par_1_93' title="bbox 505 4614 2091 4688">
     <span class='ocr_line' id='line_1_93' title="bbox 505 4614 2091 4688; baseline -0.002 -17"><span class='ocrx_word' id='word_1_682' title='bbox 505 4634 709 4687; x_wconf 75' lang='lat' dir='ltr'><strong>sponso</strong></span> <span class='ocrx_word' id='word_1_683' title='bbox 759 4619 991 4672; x_wconf 87' lang='lat' dir='ltr'><strong>choreas</strong></span> <span class='ocrx_word' id='word_1_684' title='bbox 1044 4618 1251 4688; x_wconf 83' lang='lat' dir='ltr'><strong>agent?</strong></span> <span class='ocrx_word' id='word_1_685' title='bbox 1312 4618 1403 4671; x_wconf 87' lang='lat' dir='ltr'><strong>ubi</strong></span> <span class='ocrx_word' id='word_1_686' title='bbox 1454 4632 1578 4670; x_wconf 89' lang='lat' dir='ltr'><strong>eum</strong></span> <span class='ocrx_word' id='word_1_687' title='bbox 1637 4614 1797 4670; x_wconf 87' lang='lat' dir='ltr'><strong>Petro</strong></span> <span class='ocrx_word' id='word_1_688' title='bbox 1856 4616 2091 4685; x_wconf 84' lang='lat' dir='ltr'><strong>apostoli</strong></span> 
     </span>
    </p>
   </div>
   <div class='ocr_carea' id='block_1_94' title="bbox 505 4706 2095 4778">
    <p class='ocr_par' dir='ltr' id='par_1_94' title="bbox 505 4706 2095 4778">
     <span class='ocr_line' id='line_1_94' title="bbox 505 4706 2095 4778; baseline -0.001 -15"><span class='ocrx_word' id='word_1_689' title='bbox 505 4711 796 4763; x_wconf 86' lang='lat' dir='ltr'><strong>duodecim</strong></span> <span class='ocrx_word' id='word_1_690' title='bbox 814 4711 867 4764; x_wconf 92' lang='lat' dir='ltr'><strong>in</strong></span> <span class='ocrx_word' id='word_1_691' title='bbox 888 4709 1104 4763; x_wconf 89' lang='lat' dir='ltr'><strong>thronis</strong></span> <span class='ocrx_word' id='word_1_692' title='bbox 1118 4710 1429 4771; x_wconf 88' lang='lat' dir='ltr'><strong>consident,</strong></span> <span class='ocrx_word' id='word_1_693' title='bbox 1456 4708 1789 4778; x_wconf 88' lang='lat' dir='ltr'><strong>totidemque</strong></span> <span class='ocrx_word' id='word_1_694' title='bbox 1820 4706 2095 4762; x_wconf 87' lang='lat' dir='ltr'><strong>Israelita-</strong></span> 
     </span>
    </p>
   </div>
   <div class='ocr_carea' id='block_1_95' title="bbox 508 4799 2091 4871">
    <p class='ocr_par' dir='ltr' id='par_1_95' title="bbox 508 4799 2091 4871">
     <span class='ocr_line' id='line_1_95' title="bbox 508 4799 2091 4871; baseline -0.001 -15"><span class='ocrx_word' id='word_1_695' title='bbox 508 4819 628 4856; x_wconf 87' lang='lat' dir='ltr'><strong>l&#39;nln</strong></span> <span class='ocrx_word' id='word_1_696' title='bbox 662 4803 838 4855; x_wconf 89' lang='lat' dir='ltr'><strong>tribus</strong></span> <span class='ocrx_word' id='word_1_697' title='bbox 860 4801 1115 4871; x_wconf 88' lang='lat' dir='ltr'><strong>judicant</strong></span> <span class='ocrx_word' id='word_1_698' title='bbox 1138 4803 1202 4855; x_wconf 66' lang='lat'><strong>’1&#39;</strong></span> <span class='ocrx_word' id='word_1_699' title='bbox 1230 4800 1334 4854; x_wconf 91' lang='lat' dir='ltr'><strong>Ubi</strong></span> <span class='ocrx_word' id='word_1_700' title='bbox 1359 4816 1422 4855; x_wconf 90' lang='lat' dir='ltr'><strong>ea</strong></span> <span class='ocrx_word' id='word_1_701' title='bbox 1450 4799 1583 4869; x_wconf 92' lang='lat' dir='ltr'><strong>justi</strong></span> <span class='ocrx_word' id='word_1_702' title='bbox 1610 4800 1939 4870; x_wconf 86' lang='lat' dir='ltr'><strong>percipient,</strong></span> <span class='ocrx_word' id='word_1_703' title='bbox 1970 4817 2091 4870; x_wconf 76' lang='lat' dir='ltr'><strong>quze</strong></span> 
     </span>
    </p>
   </div>
   <div class='ocr_carea' id='block_1_96' title="bbox 508 4892 2094 4956">
    <p class='ocr_par' dir='ltr' id='par_1_96' title="bbox 508 4892 2094 4956">
     <span class='ocr_line' id='line_1_96' title="bbox 508 4892 2094 4956; baseline -0.001 -10"><span class='ocrx_word' id='word_1_704' title='bbox 508 4910 599 4947; x_wconf 83' lang='lat' dir='ltr'><strong>nec</strong></span> <span class='ocrx_word' id='word_1_705' title='bbox 646 4893 830 4946; x_wconf 83' lang='lat' dir='ltr'><strong>oculus</strong></span> <span class='ocrx_word' id='word_1_706' title='bbox 864 4892 1018 4956; x_wconf 82' lang='lat' dir='ltr'><strong>vidit,</strong></span> <span class='ocrx_word' id='word_1_707' title='bbox 1055 4908 1147 4946; x_wconf 82' lang='lat' dir='ltr'><strong>nec</strong></span> <span class='ocrx_word' id='word_1_708' title='bbox 1177 4893 1324 4945; x_wconf 84' lang='lat' dir='ltr'><strong>auris</strong></span> <span class='ocrx_word' id='word_1_709' title='bbox 1356 4892 1581 4954; x_wconf 84' lang='lat' dir='ltr'><strong>audivit,</strong></span> <span class='ocrx_word' id='word_1_710' title='bbox 1615 4908 1707 4945; x_wconf 85' lang='lat' dir='ltr'><strong>nec</strong></span> <span class='ocrx_word' id='word_1_711' title='bbox 1731 4893 1783 4944; x_wconf 85' lang='lat' dir='ltr'><strong>in</strong></span> <span class='ocrx_word' id='word_1_712' title='bbox 1806 4909 1899 4944; x_wconf 85' lang='lat' dir='ltr'><strong>cor</strong></span> <span class='ocrx_word' id='word_1_713' title='bbox 1925 4892 2094 4945; x_wconf 84' lang='lat' dir='ltr'><strong>homi-</strong></span> 
     </span>
    </p>
   </div>
   <div class='ocr_carea' id='block_1_97' title="bbox 510 4984 2092 5055">
    <p class='ocr_par' dir='ltr' id='par_1_97' title="bbox 510 4984 2092 5055">
     <span class='ocr_line' id='line_1_97' title="bbox 510 4984 2092 5055; baseline -0.001 -16"><span class='ocrx_word' id='word_1_714' title='bbox 510 4989 592 5040; x_wconf 84' lang='lat' dir='ltr'><strong>nis</strong></span> <span class='ocrx_word' id='word_1_715' title='bbox 645 4986 1015 5051; x_wconf 83' lang='lat' dir='ltr'><strong>ascenderunt,</strong></span> <span class='ocrx_word' id='word_1_716' title='bbox 1060 5002 1177 5055; x_wconf 77' lang='lat' dir='ltr'><strong>qua:</strong></span> <span class='ocrx_word' id='word_1_717' title='bbox 1227 4986 1545 5053; x_wconf 68' lang='lat' dir='ltr'><strong>prrrparavit</strong></span> <span class='ocrx_word' id='word_1_718' title='bbox 1582 4984 1719 5037; x_wconf 87' lang='lat' dir='ltr'><strong>Deus</strong></span> <span class='ocrx_word' id='word_1_719' title='bbox 1750 4984 2092 5053; x_wconf 74' lang='lat' dir='ltr'><strong>diligentibus</strong></span> 
     </span>
    </p>
   </div>
   <div class='ocr_carea' id='block_1_98' title="bbox 512 5076 2090 5149">
    <p class='ocr_par' dir='ltr' id='par_1_98' title="bbox 512 5076 2090 5149">
     <span class='ocr_line' id='line_1_98' title="bbox 512 5076 2090 5149; baseline -0.001 -18"><span class='ocrx_word' id='word_1_720' title='bbox 512 5094 566 5131; x_wconf 82' lang='lat' dir='ltr'><strong>se</strong></span> <span class='ocrx_word' id='word_1_721' title='bbox 590 5079 652 5130; x_wconf 73' lang='lat'><strong>‘?</strong></span> <span class='ocrx_word' id='word_1_722' title='bbox 699 5076 894 5132; x_wconf 87' lang='lat' dir='ltr'><strong>Nostra</strong></span> <span class='ocrx_word' id='word_1_723' title='bbox 935 5079 1106 5149; x_wconf 87' lang='lat' dir='ltr'><strong>igitur</strong></span> <span class='ocrx_word' id='word_1_724' title='bbox 1141 5078 1477 5132; x_wconf 90' lang='lat' dir='ltr'><strong>resurrectio</strong></span> <span class='ocrx_word' id='word_1_725' title='bbox 1511 5077 1602 5131; x_wconf 89' lang='lat' dir='ltr'><strong>Dei</strong></span> <span class='ocrx_word' id='word_1_726' title='bbox 1638 5084 1723 5131; x_wconf 89' lang='lat' dir='ltr'><strong>cst</strong></span> <span class='ocrx_word' id='word_1_727' title='bbox 1752 5092 1853 5145; x_wconf 90' lang='lat' dir='ltr'><strong>ope</strong></span> <span class='ocrx_word' id='word_1_728' title='bbox 1878 5091 1942 5129; x_wconf 88' lang='lat' dir='ltr'><strong>ac</strong></span> <span class='ocrx_word' id='word_1_729' title='bbox 1980 5078 2090 5130; x_wconf 80' lang='lat' dir='ltr'><strong>vir-</strong></span> 
     </span>
    </p>
   </div>
   <div class='ocr_carea' id='block_1_99' title="bbox 2197 4534 3795 4612">
    <p class='ocr_par' dir='ltr' id='par_1_99' title="bbox 2197 4534 3795 4612">
     <span class='ocr_line' id='line_1_99' title="bbox 2197 4534 3795 4612; baseline 0.009 -27"><span class='ocrx_word' id='word_1_730' title='bbox 2197 4534 2474 4604; x_wconf 87' lang='grc' dir='ltr'>κρίνοντες</span> <span class='ocrx_word' id='word_1_731' title='bbox 2520 4535 2615 4588; x_wconf 89' lang='grc' dir='ltr'><strong>τοῦ</strong></span> <span class='ocrx_word' id='word_1_732' title='bbox 2660 4538 2905 4610; x_wconf 85' lang='grc' dir='ltr'>Ἰσραὴλ,</span> <span class='ocrx_word' id='word_1_733' title='bbox 2940 4540 3074 4593; x_wconf 83' lang='grc' dir='ltr'>ὅπου</span> <span class='ocrx_word' id='word_1_734' title='bbox 3117 4541 3379 4612; x_wconf 72' lang='grc' dir='ltr'>λήψονται</span> <span class='ocrx_word' id='word_1_735' title='bbox 3420 4545 3469 4597; x_wconf 88' lang='lat' dir='ltr'><strong>oi.</strong></span> <span class='ocrx_word' id='word_1_736' title='bbox 3512 4544 3716 4597; x_wconf 88' lang='grc' dir='ltr'>δίκαιοι</span> <span class='ocrx_word' id='word_1_737' title='bbox 3752 4546 3795 4599; x_wconf 78' lang='grc' dir='ltr'><em>ἀ</em></span> 
     </span>
    </p>
   </div>
   <div class='ocr_carea' id='block_1_100' title="bbox 2199 4624 3796 4702">
    <p class='ocr_par' dir='ltr' id='par_1_100' title="bbox 2199 4624 3796 4702">
     <span class='ocr_line' id='line_1_100' title="bbox 2199 4624 3796 4702; baseline 0.008 -25"><span class='ocrx_word' id='word_1_738' title='bbox 2199 4625 2508 4694; x_wconf 61' lang='grc' dir='ltr'><strong>ὀφθαλμὸς</strong></span> <span class='ocrx_word' id='word_1_739' title='bbox 2532 4630 2641 4681; x_wconf 74' lang='grc' dir='ltr'>οὐκ</span> <span class='ocrx_word' id='word_1_740' title='bbox 2670 4624 2813 4693; x_wconf 83' lang='grc' dir='ltr'>εἶδε,</span> <span class='ocrx_word' id='word_1_741' title='bbox 2856 4631 2953 4683; x_wconf 79' lang='grc' dir='ltr'>καὶ</span> <span class='ocrx_word' id='word_1_742' title='bbox 2979 4626 3084 4697; x_wconf 82' lang='grc' dir='ltr'>οὖς</span> <span class='ocrx_word' id='word_1_743' title='bbox 3118 4635 3232 4686; x_wconf 80' lang='grc' dir='ltr'>οὐκ</span> <span class='ocrx_word' id='word_1_744' title='bbox 3264 4633 3519 4702; x_wconf 77' lang='grc' dir='ltr'>ἤκουσε,</span> <span class='ocrx_word' id='word_1_745' title='bbox 3557 4637 3659 4689; x_wconf 76' lang='grc' dir='ltr'>καὶ</span> <span class='ocrx_word' id='word_1_746' title='bbox 3692 4637 3796 4690; x_wconf 76' lang='grc' dir='ltr'><strong>ἐπὶ</strong></span> 
     </span>
    </p>
   </div>
   <div class='ocr_carea' id='block_1_101' title="bbox 2200 4713 3796 4795">
    <p class='ocr_par' dir='ltr' id='par_1_101' title="bbox 2200 4713 3796 4795">
     <span class='ocr_line' id='line_1_101' title="bbox 2200 4713 3796 4795; baseline 0.011 -31"><span class='ocrx_word' id='word_1_747' title='bbox 2200 4713 2452 4782; x_wconf 79' lang='grc' dir='ltr'>καρδίαν</span> <span class='ocrx_word' id='word_1_748' title='bbox 2471 4717 2786 4785; x_wconf 76' lang='grc' dir='ltr'>ἀνθρώπου</span> <span class='ocrx_word' id='word_1_749' title='bbox 2801 4722 2913 4773; x_wconf 77' lang='grc' dir='ltr'>οὐκ</span> <span class='ocrx_word' id='word_1_750' title='bbox 2930 4722 3138 4790; x_wconf 79' lang='grc' dir='ltr'>ἀνέϐη,</span> <span class='ocrx_word' id='word_1_751' title='bbox 3168 4724 3207 4778; x_wconf 75' lang='grc' dir='ltr'><strong><em>ἆ</em></strong></span> <span class='ocrx_word' id='word_1_752' title='bbox 3228 4724 3560 4794; x_wconf 81' lang='grc' dir='ltr'>ἡτοίμασεν</span> <span class='ocrx_word' id='word_1_753' title='bbox 3586 4730 3620 4780; x_wconf 87' lang='grc' dir='ltr'><strong><em>ό</em></strong></span> <span class='ocrx_word' id='word_1_754' title='bbox 3647 4728 3796 4795; x_wconf 69' lang='grc' dir='ltr'>Θεὸς</span> 
     </span>
    </p>
   </div>
   <div class='ocr_carea' id='block_1_102' title="bbox 2198 4806 3798 4888">
    <p class='ocr_par' dir='ltr' id='par_1_102' title="bbox 2198 4806 3798 4888">
     <span class='ocr_line' id='line_1_102' title="bbox 2198 4806 3798 4888; baseline 0.011 -31"><span class='ocrx_word' id='word_1_755' title='bbox 2198 4806 2325 4872; x_wconf 84' lang='grc' dir='ltr'>τοῖς</span> <span class='ocrx_word' id='word_1_756' title='bbox 2357 4807 2675 4877; x_wconf 75' lang='grc' dir='ltr'>ἀγαπῶσιν</span> <span class='ocrx_word' id='word_1_757' title='bbox 2718 4813 2943 4876; x_wconf 84' lang='grc' dir='ltr'>αὐτόν;</span> <span class='ocrx_word' id='word_1_758' title='bbox 2992 4813 3181 4884; x_wconf 85' lang='grc' dir='ltr'>Ἦμῶν</span> <span class='ocrx_word' id='word_1_759' title='bbox 3220 4816 3402 4869; x_wconf 87' lang='grc' dir='ltr'>τοίνυν</span> <span class='ocrx_word' id='word_1_760' title='bbox 3428 4818 3463 4888; x_wconf 81' lang='grc' dir='ltr'><strong>ή</strong></span> <span class='ocrx_word' id='word_1_761' title='bbox 3494 4819 3798 4884; x_wconf 78' lang='grc' dir='ltr'>ἀνάστασις</span> 
     </span>
    </p>
   </div>
   <div class='ocr_carea' id='block_1_103' title="bbox 2200 4896 3798 4976">
    <p class='ocr_par' dir='ltr' id='par_1_103' title="bbox 2200 4896 3798 4976">
     <span class='ocr_line' id='line_1_103' title="bbox 2200 4896 3798 4976; baseline 0.014 -28"><span class='ocrx_word' id='word_1_762' title='bbox 2200 4897 2258 4951; x_wconf 78' lang='grc' dir='ltr'>ἐν</span> <span class='ocrx_word' id='word_1_763' title='bbox 2288 4896 2427 4968; x_wconf 83' lang='grc' dir='ltr'>Θεῷ,</span> <span class='ocrx_word' id='word_1_764' title='bbox 2458 4901 2552 4952; x_wconf 72' lang='grc' dir='ltr'>καὶ</span> <span class='ocrx_word' id='word_1_765' title='bbox 2574 4901 2777 4966; x_wconf 86' lang='grc' dir='ltr'>παντὸς</span> <span class='ocrx_word' id='word_1_766' title='bbox 2806 4904 3095 4976; x_wconf 84' lang='grc' dir='ltr'>ἀνθρώπου</span> <span class='ocrx_word' id='word_1_767' title='bbox 3126 4907 3340 4962; x_wconf 88' lang='grc' dir='ltr'>δικαίου</span> <span class='ocrx_word' id='word_1_768' title='bbox 3370 4927 3430 4962; x_wconf 90' lang='grc' dir='ltr'><strong>τε</strong></span> <span class='ocrx_word' id='word_1_769' title='bbox 3464 4912 3559 4964; x_wconf 80' lang='grc' dir='ltr'><strong>καὶ</strong></span> <span class='ocrx_word' id='word_1_770' title='bbox 3580 4912 3798 4971; x_wconf 79' lang='grc' dir='ltr'>ἀδίκου.</span> 
     </span>
    </p>
   </div>
   <div class='ocr_carea' id='block_1_104' title="bbox 2200 4990 3799 5074">
    <p class='ocr_par' dir='ltr' id='par_1_104' title="bbox 2200 4990 3799 5074">
     <span class='ocr_line' id='line_1_104' title="bbox 2200 4990 3799 5074; baseline 0.01 -33"><span class='ocrx_word' id='word_1_771' title='bbox 2200 4990 2432 5044; x_wconf 85' lang='grc' dir='ltr'>ἀπίστου</span> <span class='ocrx_word' id='word_1_772' title='bbox 2501 5010 2561 5044; x_wconf 85' lang='grc' dir='ltr'><strong>τε</strong></span> <span class='ocrx_word' id='word_1_773' title='bbox 2616 4995 2711 5047; x_wconf 79' lang='grc' dir='ltr'><strong>καὶ</strong></span> <span class='ocrx_word' id='word_1_774' title='bbox 2772 4997 2990 5062; x_wconf 84' lang='grc' dir='ltr'>πιστοῦ,</span> <span class='ocrx_word' id='word_1_775' title='bbox 3036 4999 3146 5053; x_wconf 91' lang='grc' dir='ltr'><strong>τῶν</strong></span> <span class='ocrx_word' id='word_1_776' title='bbox 3178 5000 3277 5071; x_wconf 86' lang='grc' dir='ltr'><strong>μὲν</strong></span> <span class='ocrx_word' id='word_1_777' title='bbox 3310 5002 3677 5074; x_wconf 76' lang='grc' dir='ltr'>ἐγειρομένων</span> <span class='ocrx_word' id='word_1_778' title='bbox 3715 5004 3799 5067; x_wconf 77' lang='grc' dir='ltr'><strong>εἰς</strong></span> 
     </span>
    </p>
   </div>
   <div class='ocr_carea' id='block_1_105' title="bbox 2202 5080 3436 5162">
    <p class='ocr_par' dir='ltr' id='par_1_105' title="bbox 2202 5080 3436 5162">
     <span class='ocr_line' id='line_1_105' title="bbox 2202 5080 3436 5162; baseline 0.012 -30"><span class='ocrx_word' id='word_1_779' title='bbox 2202 5080 2347 5151; x_wconf 76' lang='grc' dir='ltr'>ζωὴν</span> <span class='ocrx_word' id='word_1_780' title='bbox 2381 5082 2619 5147; x_wconf 87' lang='grc' dir='ltr'>αἰώνιον,</span> <span class='ocrx_word' id='word_1_781' title='bbox 2660 5086 2769 5139; x_wconf 88' lang='grc' dir='ltr'><strong>τῶν</strong></span> <span class='ocrx_word' id='word_1_782' title='bbox 2802 5088 2861 5142; x_wconf 80' lang='grc' dir='ltr'><strong>δὲ</strong></span> <span class='ocrx_word' id='word_1_783' title='bbox 2886 5092 2965 5154; x_wconf 88' lang='grc' dir='ltr'>εἰς</span> <span class='ocrx_word' id='word_1_784' title='bbox 2988 5091 3169 5162; x_wconf 84' lang='grc' dir='ltr'>κρίσιν</span> <span class='ocrx_word' id='word_1_785' title='bbox 3200 5093 3436 5148; x_wconf 84' lang='grc' dir='ltr'>αίώνιον.</span> 
     </span>
    </p>
   </div>
   <div class='ocr_carea' id='block_1_106' title="bbox 514 5172 3799 5260">
    <p class='ocr_par' dir='ltr' id='par_1_106' title="bbox 514 5172 3799 5260">
     <span class='ocr_line' id='line_1_106' title="bbox 514 5172 3799 5260; baseline 0.005 -33"><span class='ocrx_word' id='word_1_786' title='bbox 514 5183 629 5228; x_wconf 84' lang='lat' dir='ltr'><strong>tute.</strong></span> <span class='ocrx_word' id='word_1_787' title='bbox 669 5173 869 5236; x_wconf 88' lang='lat' dir='ltr'><strong>futura,</strong></span> <span class='ocrx_word' id='word_1_788' title='bbox 906 5174 1233 5244; x_wconf 88' lang='lat' dir='ltr'><strong>generisque</strong></span> <span class='ocrx_word' id='word_1_789' title='bbox 1284 5172 1567 5226; x_wconf 90' lang='lat' dir='ltr'><strong>hominum</strong></span> <span class='ocrx_word' id='word_1_790' title='bbox 1628 5172 1831 5234; x_wconf 88' lang='lat' dir='ltr'><strong>omnis,</strong></span> <span class='ocrx_word' id='word_1_791' title='bbox 1871 5180 1981 5224; x_wconf 85' lang='lat' dir='ltr'><strong>tam</strong></span> <span class='ocrx_word' id='word_1_792' title='bbox 2028 5172 2306 5239; x_wconf 89' lang='lat' dir='ltr'><strong>justorum</strong></span> <span class='ocrx_word' id='word_1_793' title='bbox 2354 5177 2633 5243; x_wconf 89' lang='lat' dir='ltr'><strong>videlicet,</strong></span> <span class='ocrx_word' id='word_1_794' title='bbox 2671 5196 2838 5250; x_wconf 86' lang='lat' dir='ltr'><strong>quam</strong></span> <span class='ocrx_word' id='word_1_795' title='bbox 2887 5184 3256 5253; x_wconf 88' lang='lat' dir='ltr'><strong>injustorum,</strong></span> <span class='ocrx_word' id='word_1_796' title='bbox 3309 5188 3611 5244; x_wconf 83' lang='lat' dir='ltr'><strong>infidelium</strong></span> <span class='ocrx_word' id='word_1_797' title='bbox 3672 5205 3799 5260; x_wconf 70' lang='lat' dir='ltr'><strong>per.</strong></span> 
     </span>
    </p>
   </div>
   <div class='ocr_carea' id='block_1_107' title="bbox 515 5265 3008 5349">
    <p class='ocr_par' dir='ltr' id='par_1_107' title="bbox 515 5265 3008 5349">
     <span class='ocr_line' id='line_1_107' title="bbox 515 5265 3008 5349; baseline 0.006 -31"><span class='ocrx_word' id='word_1_798' title='bbox 515 5267 638 5321; x_wconf 85' lang='lat' dir='ltr'><strong>inde</strong></span> <span class='ocrx_word' id='word_1_799' title='bbox 668 5283 732 5322; x_wconf 84' lang='lat' dir='ltr'><strong>ac</strong></span> <span class='ocrx_word' id='word_1_800' title='bbox 761 5267 1024 5333; x_wconf 90' lang='lat' dir='ltr'><strong>fidelium,</strong></span> <span class='ocrx_word' id='word_1_801' title='bbox 1068 5281 1303 5338; x_wconf 88' lang='lat' dir='ltr'><strong>quorum</strong></span> <span class='ocrx_word' id='word_1_802' title='bbox 1370 5265 1437 5319; x_wconf 93' lang='lat' dir='ltr'><strong>ad</strong></span> <span class='ocrx_word' id='word_1_803' title='bbox 1481 5266 1644 5319; x_wconf 90' lang='lat' dir='ltr'><strong>vitam</strong></span> <span class='ocrx_word' id='word_1_804' title='bbox 1676 5265 1790 5332; x_wconf 89' lang='lat' dir='ltr'><strong>alii,</strong></span> <span class='ocrx_word' id='word_1_805' title='bbox 1821 5265 1889 5319; x_wconf 86' lang='lat' dir='ltr'><strong>ad</strong></span> <span class='ocrx_word' id='word_1_806' title='bbox 1919 5272 2183 5320; x_wconf 70' lang='lat' dir='ltr'><strong>aeternum</strong></span> <span class='ocrx_word' id='word_1_807' title='bbox 2217 5270 2306 5323; x_wconf 89' lang='lat' dir='ltr'><strong>alii</strong></span> <span class='ocrx_word' id='word_1_808' title='bbox 2328 5270 2600 5341; x_wconf 90' lang='lat' dir='ltr'><strong>judicium</strong></span> <span class='ocrx_word' id='word_1_809' title='bbox 2634 5288 2934 5349; x_wconf 89' lang='lat' dir='ltr'><strong>resurgunt</strong></span> <span class='ocrx_word' id='word_1_810' title='bbox 2962 5281 3008 5333; x_wconf 89' lang='grc'><strong>⁷.</strong></span> 
     </span>
    </p>
   </div>
   <div class='ocr_carea' id='block_1_108' title="bbox 589 5400 1653 5469">
    <p class='ocr_par' dir='ltr' id='par_1_108' title="bbox 589 5400 1653 5469">
     <span class='ocr_line' id='line_1_108' title="bbox 589 5400 1653 5469; baseline -0.004 -12"><span class='ocrx_word' id='word_1_811' title='bbox 589 5409 602 5437; x_wconf 74' lang='grc' dir='ltr'><strong>ί</strong></span> <span class='ocrx_word' id='word_1_812' title='bbox 643 5404 797 5461; x_wconf 89' lang='lat' dir='ltr'><strong>Deut.</strong></span> <span class='ocrx_word' id='word_1_813' title='bbox 832 5421 1001 5469; x_wconf 78' lang='lat' dir='ltr'><strong>xxxu,</strong></span> <span class='ocrx_word' id='word_1_814' title='bbox 1034 5404 1123 5459; x_wconf 73' lang='grc'><strong>49.</strong></span> <span class='ocrx_word' id='word_1_815' title='bbox 1202 5404 1221 5434; x_wconf 86' lang='grc'>²</span> <span class='ocrx_word' id='word_1_816' title='bbox 1250 5401 1413 5456; x_wconf 88' lang='lat' dir='ltr'><strong>ICor.</strong></span> <span class='ocrx_word' id='word_1_817' title='bbox 1452 5418 1539 5463; x_wconf 82' lang='lat' dir='ltr'><strong>xv,</strong></span> <span class='ocrx_word' id='word_1_818' title='bbox 1564 5400 1653 5454; x_wconf 70' lang='lat'><strong>45.</strong></span> 
     </span>
    </p>
   </div>
   <div class='ocr_carea' id='block_1_109' title="bbox 517 5471 1878 5549">
    <p class='ocr_par' dir='ltr' id='par_1_109' title="bbox 517 5471 1878 5549">
     <span class='ocr_line' id='line_1_109' title="bbox 517 5471 1878 5549; baseline -0.004 -19"><span class='ocrx_word' id='word_1_819' title='bbox 517 5493 579 5549; x_wconf 72' lang='grc' dir='ltr'><strong>ιι,</strong></span> <span class='ocrx_word' id='word_1_820' title='bbox 623 5478 675 5530; x_wconf 90' lang='lat'><strong>9.</strong></span> <span class='ocrx_word' id='word_1_821' title='bbox 755 5478 773 5507; x_wconf 87' lang='grc'>⁷</span> <span class='ocrx_word' id='word_1_822' title='bbox 811 5475 1004 5529; x_wconf 82' lang='lat' dir='ltr'><strong>Matth.</strong></span> <span class='ocrx_word' id='word_1_823' title='bbox 1040 5491 1167 5539; x_wconf 70' lang='lat' dir='ltr'><strong>xxv,</strong></span> <span class='ocrx_word' id='word_1_824' title='bbox 1197 5473 1288 5528; x_wconf 71' lang='grc'><strong>46.</strong></span> <span class='ocrx_word' id='word_1_825' title='bbox 1384 5471 1555 5526; x_wconf 64' lang='lat' dir='ltr'><strong>“Cor.</strong></span> <span class='ocrx_word' id='word_1_826' title='bbox 1592 5471 1698 5524; x_wconf 85' lang='grc' dir='ltr'><strong>τῶν</strong></span> <span class='ocrx_word' id='word_1_827' title='bbox 1729 5472 1878 5542; x_wconf 85' lang='grc' dir='ltr'>περί.</span> 
     </span>
    </p>
   </div>
   <div class='ocr_carea' id='block_1_110' title="bbox 588 5588 2093 5664">
    <p class='ocr_par' dir='ltr' id='par_1_110' title="bbox 588 5588 2093 5664">
     <span class='ocr_line' id='line_1_110' title="bbox 588 5588 2093 5664; baseline -0.003 -16"><span class='ocrx_word' id='word_1_828' title='bbox 588 5595 701 5664; x_wconf 37' lang='grc'>,49)</span> <span class='ocrx_word' id='word_1_829' title='bbox 717 5594 823 5647; x_wconf 81' lang='grc' dir='ltr'><strong>Καὶ</strong></span> <span class='ocrx_word' id='word_1_830' title='bbox 848 5593 1199 5664; x_wconf 56' lang='grc' dir='ltr'>διαιρεῖν-είς</span> <span class='ocrx_word' id='word_1_831' title='bbox 1218 5591 1444 5645; x_wconf 81' lang='grc' dir='ltr'>δώδεκα</span> <span class='ocrx_word' id='word_1_832' title='bbox 1462 5590 1664 5664; x_wconf 71' lang='grc' dir='ltr'>ὁδούς.</span> <span class='ocrx_word' id='word_1_833' title='bbox 1693 5590 1828 5644; x_wconf 88' lang='lat' dir='ltr'><strong>Cum</strong></span> <span class='ocrx_word' id='word_1_834' title='bbox 1851 5588 2093 5664; x_wconf 78' lang='lat' dir='ltr'><strong>Rubrum</strong></span> 
     </span>
    </p>
   </div>
   <div class='ocr_carea' id='block_1_111' title="bbox 521 5661 2095 5733">
    <p class='ocr_par' dir='ltr' id='par_1_111' title="bbox 521 5661 2095 5733">
     <span class='ocr_line' id='line_1_111' title="bbox 521 5661 2095 5733; baseline -0.003 -14"><span class='ocrx_word' id='word_1_835' title='bbox 521 5661 1043 5733; x_wconf 51' lang='lat' dir='ltr'><strong>mare&#39;trajecerunt</strong></span> <span class='ocrx_word' id='word_1_836' title='bbox 1086 5662 1278 5725; x_wconf 77' lang='lat' dir='ltr'><strong>Judaei,</strong></span> <span class='ocrx_word' id='word_1_837' title='bbox 1335 5663 1561 5717; x_wconf 88' lang='lat' dir='ltr'><strong>totidem</strong></span> <span class='ocrx_word' id='word_1_838' title='bbox 1612 5663 1911 5733; x_wconf 84' lang='lat' dir='ltr'><strong>impressas</strong></span> <span class='ocrx_word' id='word_1_839' title='bbox 1960 5661 2095 5719; x_wconf 87' lang='lat' dir='ltr'><strong>vias.</strong></span> 
     </span>
    </p>
   </div>
   <div class='ocr_carea' id='block_1_112' title="bbox 521 5732 2094 5806">
    <p class='ocr_par' dir='ltr' id='par_1_112' title="bbox 521 5732 2094 5806">
     <span class='ocr_line' id='line_1_112' title="bbox 521 5732 2094 5806; baseline -0.001 -19"><span class='ocrx_word' id='word_1_840' title='bbox 521 5744 652 5806; x_wconf 84' lang='lat' dir='ltr'><strong>quot</strong></span> <span class='ocrx_word' id='word_1_841' title='bbox 697 5742 851 5789; x_wconf 84' lang='lat' dir='ltr'><strong>erant</strong></span> <span class='ocrx_word' id='word_1_842' title='bbox 887 5737 1084 5800; x_wconf 88' lang='lat' dir='ltr'><strong>tribus,</strong></span> <span class='ocrx_word' id='word_1_843' title='bbox 1116 5734 1463 5791; x_wconf 66' lang='lat' dir='ltr'><strong>Hebraeorum</strong></span> <span class='ocrx_word' id='word_1_844' title='bbox 1516 5732 1738 5787; x_wconf 76' lang='lat' dir='ltr'><strong>traditio</strong></span> <span class='ocrx_word' id='word_1_845' title='bbox 1788 5739 1891 5799; x_wconf 85' lang='lat' dir='ltr'><strong>est,</strong></span> <span class='ocrx_word' id='word_1_846' title='bbox 1930 5746 2094 5803; x_wconf 85' lang='lat' dir='ltr'><strong>quam</strong></span> 
     </span>
    </p>
   </div>
   <div class='ocr_carea' id='block_1_113' title="bbox 1732 5399 3797 5476">
    <p class='ocr_par' dir='ltr' id='par_1_113' title="bbox 1732 5399 3797 5476">
     <span class='ocr_line' id='line_1_113' title="bbox 1732 5399 3797 5476; baseline 0.01 -25"><span class='ocrx_word' id='word_1_847' title='bbox 1732 5400 1751 5432; x_wconf 76' lang='grc'><strong>³</strong></span> <span class='ocrx_word' id='word_1_848' title='bbox 1787 5399 1979 5476; x_wconf 77' lang='lat' dir='ltr'><strong>Matth.</strong></span> <span class='ocrx_word' id='word_1_849' title='bbox 2014 5416 2135 5466; x_wconf 80' lang='lat' dir='ltr'><strong>xui,</strong></span> <span class='ocrx_word' id='word_1_850' title='bbox 2168 5403 2255 5459; x_wconf 76' lang='grc'><strong>45.</strong></span> <span class='ocrx_word' id='word_1_851' title='bbox 2334 5404 2357 5437; x_wconf 73' lang='grc'><strong>⁸</strong></span> <span class='ocrx_word' id='word_1_852' title='bbox 2397 5405 2592 5463; x_wconf 85' lang='lat' dir='ltr'><strong>Matth.</strong></span> <span class='ocrx_word' id='word_1_853' title='bbox 2633 5424 2771 5476; x_wconf 77' lang='lat' dir='ltr'><strong>xxn,</strong></span> <span class='ocrx_word' id='word_1_854' title='bbox 2803 5410 2891 5466; x_wconf 78' lang='lat'><strong>30.</strong></span> <span class='ocrx_word' id='word_1_855' title='bbox 2967 5414 2989 5445; x_wconf 85' lang='grc'>⁸</span> <span class='ocrx_word' id='word_1_856' title='bbox 3026 5412 3219 5469; x_wconf 83' lang='lat' dir='ltr'><strong>Matth.</strong></span> <span class='ocrx_word' id='word_1_857' title='bbox 3252 5431 3343 5469; x_wconf 74' lang='lat' dir='ltr'><strong>xix</strong></span> <span class='ocrx_word' id='word_1_858' title='bbox 3401 5416 3493 5469; x_wconf 73' lang='lat'><strong>28.</strong></span> <span class='ocrx_word' id='word_1_859' title='bbox 3572 5416 3593 5447; x_wconf 77' lang='grc'><strong>⁸</strong></span> <span class='ocrx_word' id='word_1_860' title='bbox 3620 5413 3639 5466; x_wconf 91' lang='grc' dir='ltr'><strong>Ι</strong></span> <span class='ocrx_word' id='word_1_861' title='bbox 3663 5414 3797 5471; x_wconf 87' lang='lat' dir='ltr'><strong>Cor.</strong></span> 
     </span>
    </p>
   </div>
   <div class='ocr_carea' id='block_1_114' title="bbox 2204 5591 3799 5720">
    <p class='ocr_par' dir='ltr' id='par_1_114' title="bbox 2204 5591 3799 5720">
     <span class='ocr_line' id='line_1_114' title="bbox 2204 5591 3799 5720; baseline 0.008 -74"><span class='ocrx_word' id='word_1_862' title='bbox 2204 5591 2458 5720; x_wconf 61' lang='lat' dir='ltr'><strong>Drigenlis</strong></span> <span class='ocrx_word' id='word_1_863' title='bbox 2488 5605 2777 5667; x_wconf 89' lang='lat' dir='ltr'><strong>memorat,</strong></span> <span class='ocrx_word' id='word_1_864' title='bbox 2804 5598 2992 5655; x_wconf 92' lang='lat' dir='ltr'><strong>homil.</strong></span> <span class='ocrx_word' id='word_1_865' title='bbox 3015 5599 3115 5655; x_wconf 67' lang='lat' dir='ltr'><strong>Sin</strong></span> <span class='ocrx_word' id='word_1_866' title='bbox 3141 5598 3412 5669; x_wconf 74' lang='lat' dir='ltr'><strong>Exodum,</strong></span> <span class='ocrx_word' id='word_1_867' title='bbox 3434 5609 3487 5658; x_wconf 77' lang='lat' dir='ltr'><strong>et</strong></span> <span class='ocrx_word' id='word_1_868' title='bbox 3508 5601 3799 5658; x_wconf 71' lang='lat' dir='ltr'><strong>Kimchius</strong></span> 
     </span>
     <span class='ocr_line' id='line_1_115' title="bbox 2206 5682 2676 5720; baseline 0 0"><span class='ocrx_word' id='word_1_869' title='bbox 2206 5682 2260 5720; x_wconf 83' lang='grc' dir='ltr'><strong>ιιι</strong></span> <span class='ocrx_word' id='word_1_870' title='bbox 2289 5683 2382 5720; x_wconf 77' lang='lat' dir='ltr'><strong>usu</strong></span> <span class='ocrx_word' id='word_1_871' title='bbox 2414 5707 2424 5720; x_wconf 93' lang='lat'><strong>.</strong></span> <span class='ocrx_word' id='word_1_872' title='bbox 2455 5682 2676 5720; x_wconf 76' lang='lat' dir='ltr'><strong>cxxxvr.</strong></span> 
     </span>
    </p>
   </div>
   <div class='ocr_carea' id='block_1_115' title="bbox 2206 5682 2676 5725">
    <p class='ocr_par' dir='ltr' id='par_1_115' title="bbox 2206 5682 2676 5725">
     <span class='ocr_line' id='line_1_116' title="bbox 2206 5682 2676 5725; baseline 0.006 -6"><span class='ocrx_word' id='word_1_873' title='bbox 2206 5682 2260 5720; x_wconf 79' lang='grc' dir='ltr'><strong>ιιι</strong></span> <span class='ocrx_word' id='word_1_874' title='bbox 2289 5682 2424 5725; x_wconf 79' lang='grc' dir='ltr'>υδαι.</span> <span class='ocrx_word' id='word_1_875' title='bbox 2455 5682 2676 5723; x_wconf 71' lang='lat' dir='ltr'><strong>CXXXVI.</strong></span> 
     </span>
    </p>
   </div>
  </div>
