4082 6394
526 384 675 439 Δ1193

1906 391 1963 444 S.
2012 390 2346 447 EPIPIIAMI

3655 392 3807 447 “'35

537 514 750 552 onmem
784 506 1023 554 nostram
1053 516 1385 572 przeparans,
1418 504 1559 559 hunc
1586 505 1641 558 in
1670 506 1887 560 modum
1918 506 2101 560 horta-

2219 510 2287 565 τὰ
2303 510 2442 579 ἔργα
2457 526 2570 564 σου
2593 529 2602 540 ·
2620 512 2795 575 ἔξοδον
2807 511 2976 579 λέγων
2987 510 3084 581 τὴν
3099 506 3424 561 ἁπεντεῦθεν
3444 505 3798 575 ἀπαλλαγήν

538 590 943 659 tur2Pm'para
988 594 1041 651 in
1094 596 1292 647 exitum
1330 612 1487 663 opera
1536 606 1626 650 tua
1660 599 1698 650 '.
1742 597 1877 651 Nam
1929 600 2109 653 exitus

540 684 759 737 nomine
800 684 1173 739 decessionem
1228 702 1293 740 ex
1331 687 1433 741 hac
1472 689 1580 743 vita
1625 691 1941 759 complexus
2003 700 2107 745 est.

542 772 625 835 Et,
662 772 917 842 Prwpara
940 784 1007 839 te,
1046 775 1239 845 inquit,
1274 777 1341 829 ad
1378 795 1564 847 agrum
1598 783 1639 835 ².
1664 781 1835 847 Quam
1870 797 2111 835 commn-

540 866 800 920 nitionem
845 869 1114 936 pertinere
1157 869 1223 922 ad
1261 884 1453 926 omnes
1496 874 1693 936 voluit,
1730 876 1821 946 qui
1853 876 1908 929 in
1944 890 2097 945 agro,

541 961 633 1006 aut
656 955 707 1007 in
736 955 867 1009 urbe
886 956 1161 1027 degerent,
1188 973 1251 1011 ac
1276 967 1382 1012 tam
1406 962 1654 1016 eruditos
1677 978 1839 1032 quam
1887 965 2109 1034 opiﬁces

541 1060 605 1098 ac
640 1047 987 1103 nteehanieos
1014 1088 1027 1111 ,
1079 1050 1172 1119 qui
1213 1052 1423 1107 nullum
1474 1054 1526 1106 in
1572 1069 1702 1123 agro
1734 1070 1873 1125 opus
1907 1056 2110 1111 habent

541 1136 685 1208 quod
710 1147 1016 1194 exerceant.
1043 1140 1184 1205 Quid
1201 1144 1344 1196 enim
1371 1144 1675 1201 linisicibus
1716 1153 1769 1199 et
1792 1146 2105 1209 aurifabris,

541 1238 634 1282 aut
660 1231 832 1297 poetis
858 1232 1175 1300 ueterisque
1203 1233 1565 1302 scriptoribus
1585 1242 1669 1289 est
1698 1250 1822 1288 eum
1854 1250 2106 1305 agrorum

540 1324 751 1376 cultura
785 1325 1102 1379 commune?
1131 1325 1310 1390 Quare
1339 1342 1440 1380 vox
1484 1327 1576 1380 illa
1605 1328 1725 1381 sine
1755 1328 1867 1381 ttllo
1899 1328 2105 1384 discri-

541 1414 685 1465 mine
744 1415 1031 1469 universos
1087 1416 1251 1469 simul
1304 1417 1586 1486 appellat:
1628 1418 1887 1487 Prwpara
1944 1429 1991 1473 te
2036 1419 2105 1473 ad

541 1518 767 1566 agn-um;
808 1511 968 1572 atque
1009 1504 1140 1558 illud
1181 1504 1452 1575 signiﬁcat
1485 1526 1496 1560 :
1549 1507 1790 1561 omnium
1825 1507 2107 1564 hominum

539 1588 743 1654 generi,
778 1595 884 1642 tam
915 1590 1153 1653 urbano,
1184 1606 1347 1660 quam
1380 1594 1591 1648 rustico
1612 1634 1629 1657 ,
1665 1596 1912 1666 corporis
1933 1596 2107 1667 depo-

541 1675 792 1729 sitionem
836 1680 949 1745 agri
986 1681 1158 1734 instar
1188 1697 1332 1742 esse,
1392 1691 1613 1754 propter
1650 1686 1985 1755 sepulturam
2035 1702 2100 1742 ac

540 1768 660 1822 vitae
692 1768 915 1823 exitum.
973 1770 1176 1827 Deinde
1212 1774 1456 1829 eamdem
1491 1791 1640 1846 spem
1678 1780 2105 1835 resurrectionis

2212 605 2341 666 Καὶ,
2359 602 2714 672 Ἐτοιμὰζου,
2732 604 3011 674 φησὶν,εἰς
3028 603 3135 654 τὸν
3164 602 3365 669 ἀγρόν·
3382 597 3514 667 ὁμοῦ
3534 598 3668 648 πᾶσι
3691 597 3799 663 τὴν

2211 694 2489 747 νουθεσίαν
2510 695 2948 763 ἐπεκτεινόμενος
2976 695 3085 755 τοῖς
3108 692 3247 744 κατὰ
3264 690 3428 760 ἀγρόν
3450 706 3508 740 τε
3532 689 3627 741 καὶ
3648 687 3793 739 κατ-5

2212 784 2368 845 ἄστυ,
2386 783 2589 850 λογίοις
2606 802 2660 836 τε
2688 784 2781 837 καὶ
2801 786 2913 845 τοῖς
2936 783 3033 845 τὰς
3052 780 3349 851 βαναύσους
3376 780 3561 848 τέχνας
3580 781 3767 845 ἐπιχει

2213 876 2418 945 ροῦσιν,
2435 872 2513 938 οἷς
2535 875 2768 945 οὐδεμία
2786 874 3013 946 ἐργασία
3027 872 3167 927 κατὰ
3184 872 3349 941 ἀγρὸν
3363 869 3616 939 ἐπιζητου
3626 868 3790 936 μέν-η.

2212 966 2379 1020 Πόθεν
2401 965 2508 1037 γάρ
2530 965 2828 1035 λινουργοῖς
2853 966 2944 1016 καὶ
2964 962 3337 1034 ἀργυροχόοις,
3362 961 3606 1029 ποιηταῖς
3618 975 3675 1009 τε
3690 958 3790 1007 καὶ

2210 1058 2567 1128 λογογράφοις
2613 1058 2645 1126 ή
2701 1057 2841 1109 κατά
2885 1056 2982 1125 τὴν
3025 1054 3264 1124 ἄρουραν
3304 1051 3623 1120 έτοιμασία;
3661 1049 3765 1101 συλ

2210 1147 2407 1217 λήῦδην
2450 1147 2558 1217 γὰρ
2589 1147 2723 1216 ὁμοῦ
2759 1149 2792 1216 ή
2826 1147 2976 1215 φωνὴ
3026 1143 3351 1208 ἀδιακρίτως
3403 1143 3528 1203 τοὺς
3576 1144 3790 1204 πάντας

2211 1238 2509 1291 ἐπειποῦσα
2542 1238 2837 1306 κέκληκεν·
2878 1234 3217 1304 Ἐτοιμάζου
3277 1236 3366 1297 εἰς
3414 1234 3517 1285 τὸν
3565 1232 3790 1299 ἀγρόνδ’

2209 1330 2324 1385 ἀλλ’
2350 1331 2382 1399 ἢ
2410 1331 2567 1383 τοῦτο
2612 1330 2924 1395 αἰνίττεται,
2962 1330 3046 1381 ὅτι
3080 1328 3242 1379 παντὶ
3287 1324 3555 1393 ἀνθρώπῳ

2208 1439 2269 1474 τε
2295 1424 2387 1475 καὶ
2414 1423 2653 1492 ἀγροίκῳ
2676 1419 2930 1481 ἀπόθεσις
2963 1417 3056 1471 τοῦ
3098 1416 3348 1487 σώματος
3374 1414 3539 1484 ἀγρὸς
3573 1413 3660 1465 διὰ
3682 1413 3794 1482 τὴν

2208 1512 2383 1583 ταφὴν
2419 1512 2512 1564 καὶ
2538 1510 2597 1563 τὸ
2625 1509 2797 1571 τέλος.
2852 1504 2983 1561 Εῒτα
3015 1507 3305 1577 μετέπειτα
3333 1505 3431 1574 τὴν
3464 1502 3632 1573 αὐτὴν
3673 1502 3784 1571 τῆς

2209 1604 2555 1665 ἀναστάσεως
2605 1602 2880 1671 σημαίνων
2912 1600 3119 1663 ἐλπίδα,
3175 1597 3411 1665 φάσκεν
3459 1595 3567 1649 Καὶ
3621 1594 3793 1646 ἀνοι-

2209 1694 2567 1763 κοδομήσας
2618 1692 2725 1744 τὸν
2777 1687 2945 1743 οἶκόν
2997 1705 3133 1743 σου.
3183 1687 3367 1750 Ἀπαξ
3425 1685 3531 1756 γάρ
3585 1684 3794 1754 ᾠκοδο-

2221 1786 2366 1857 μήθη
2395 1788 2451 1838 ὲν
2466 1787 2532 1854 τῇ
2566 1783 2759 1836 πλάσει
2787 1784 2851 1852 τῇ
2889 1782 3029 1835 κατὰ
3052 1780 3150 1851 τὴν
3182 1779 3446 1849 γαστέρα,
3472 1780 3561 1830 ὅτε
3595 1779 3651 1829 al
3679 1797 3795 1847 μη-

540 1867 819 1915 ostcntans
837 1861 984 1915 addit
1008 1879 1018 1913 :
1034 1860 1103 1915 Et
1120 1864 1440 1919 instaurabis
1453 1842 1664 1921 domum
1687 1879 1831 1923 tuam
1848 1870 1887 1924 ³.
1903 1870 2112 1941 Quippe

2219 1842 2372 1949 τέρες
2405 1842 2653 1929 ὲκύῖΙσκον
2686 1842 2913 1926 ἕκαστον
2946 1842 3270 1943 ήμῶνένῆὶ
3309 1842 3519 1923 πλάσει.
3562 1842 3692 1921 Ἀπδ

540 1965 723 2003 semen
750 1966 873 2005 cum
902 1954 955 2007 in
983 1965 1136 2009 utero
1161 1955 1509 2023 formaretttr,
1536 1968 1621 2016 est
1658 1974 1953 2029 exstructa,
1983 1980 2107 2019 cum

541 2040 746 2096 scilicet
806 2059 1245 2116 unumquemque
1300 2061 1550 2105 nostrum
1614 2062 1816 2109 matres
1869 2056 2105 2125 ﬁngendi

540 2144 704 2185 causa
746 2135 1098 2201 parturircnt.
1135 2136 1272 2192 Tum
1314 2156 1342 2194 a
1388 2149 1533 2195 terra
1586 2143 1645 2197 ﬁt
1689 2160 1885 2213 agrove
1927 2161 2112 2201 resuro

540 2224 743 2285 rectio,
787 2240 908 2277 cum
956 2242 1145 2282 eversa
1182 2238 1305 2299 post
1350 2232 1495 2285 illam
1526 2233 1578 2286 in
1616 2235 1926 2303 sepulcrum
1963 2235 2110 2303 deje-

539 2311 774 2366 ctionem
805 2314 998 2370 domus
1029 2319 1277 2389 erigitur.
1298 2321 1453 2387 Quod
1487 2332 1537 2377 et
1564 2322 1893 2394 Redemptor
1923 2333 2114 2380 noster

542 2403 622 2456 sic
658 2404 870 2461 locutus
899 2411 1108 2477 aperuit
1134 2430 1146 2465 :
1172 2411 1364 2467 Solvite
1383 2415 1629 2483 templum
1651 2417 1768 2481 hoc,
1791 2427 1840 2470 et
1863 2417 1916 2471 in
1942 2418 2110 2473 tribus

540 2493 722 2550 diebus
756 2500 1021 2554 suscitabo
1054 2502 1188 2555 illud
1210 2507 1253 2570 δ,
1283 2508 1396 2562 sive
1432 2506 1727 2578 wdiﬁcabo,
1761 2517 1947 2580 utpote
1984 2526 2109 2565 cum

544 2587 817 2656 Sapientia
847 2592 949 2657 sit;
979 2601 1032 2646 et
1060 2595 1278 2664 quidem
1309 2612 1405 2667 pro
1436 2614 1647 2653 summa
1673 2616 1771 2655 sua
1804 2602 2109 2672 prudentia,

541 2694 703 2747 quam
738 2682 885 2735 nulla
926 2683 1206 2740 hominum
1233 2687 1574 2759 investigatio
1600 2700 1777 2760 potest
1817 2695 2035 2762 assequi
2066 2695 2108 2747 ⁵.

541 2770 657 2834 Qua
692 2772 851 2827 etiam
884 2776 1161 2844 praeditus,
1194 2778 1525 2837 dillicillimis
1572 2800 1636 2837 ex
1680 2784 1838 2848 locis,
1875 2786 2114 2856 delapsis

2218 1969 2316 2038 τῆς
2340 1968 2441 2038 γῆς
2462 1969 2495 2036 ή
2522 1966 2834 2028 ἀνάστασις,
2859 1964 2890 2034 ἢ
2913 1964 3023 2017 ἀπὸ
3055 1964 3244 2035 ἀγροῦ,
3272 1962 3451 2015 οὐκέτι
3484 1960 3796 2028 οἰκοδομου-

2215 2059 2349 2129 μένη
2384 2058 2427 2119 ⁸,
2458 2055 2545 2109 διὰ.
2581 2055 2678 2127 τὴν
2700 2054 3078 2123 ἐπενεχθεῖσαν
3116 2053 3250 2122 αὐτῇ
3280 2050 3590 2120 καθαίρεσιν
3618 2050 3677 2099 ἐν
3706 2048 3797 2115 τῷ

2211 2151 2311 2220 τῆς
2347 2150 2522 2219 ταφῆς
2555 2148 2839 2218 πτώματι·
2875 2146 2948 2209 ὡς
2975 2148 3068 2201 κα)⁵
3100 2148 3128 2198 ὁ
3162 2145 3353 2214 Σωτὴρ
3379 2144 3515 2213 ἔφη·
3550 2142 3796 2195 Λύσατε

2214 2242 2320 2294 τὸν
2364 2241 2515 2294 ναὸν
2571 2240 2805 2303 τοῦτον,
2846 2239 2944 2292 καὶ
2990 2238 3059 2291 ἐν
3108 2235 3301 2304 τρισὶν
3337 2234 3582 2303 ἡμέραις
3605 2230 3793 2301 ἐγερῶ

2214 2332 2433 2394 αὐτὸν,
2498 2330 2531 2402 ἢ
2582 2328 2870 2398 οἰκοδομῶ
2921 2329 3138 2382 αὐτόν·
3169 2326 3337 2394 Σοφία
3375 2324 3472 2385 ὢν,
3499 2322 3590 2375 καὶ
3623 2324 3680 2373 ὲν
3713 2324 3788 2390 τῇ

2216 2424 2474 2494 φρονήσει
2504 2422 2692 2485 αὐτοῦ,
2791 2423 2891 2475 οὐκ
2933 2422 3078 2474 ἔστιν
3101 2418 3205 2473 ὐπὸ
3241 2416 3540 2488 ἀνθρώπων
3573 2414 3793 2483 ἐξεύρε-

2217 2531 2321 2577 σις.
2366 2514 2455 2567 Ἐν
2536 2513 2596 2577 ἐξ
2625 2514 2843 2582 ἀπόρων
2874 2512 3053 2565 τόπων
3100 2509 3456 2579 διαχυθέντων
3494 2506 3649 2576 ἡμῶν
3679 2504 3794 2556 τῶν

2218 2606 2504 2676 σωμάτων,
2540 2605 2646 2658 τῶν
2683 2605 2779 2675 μὲν
2826 2606 2905 2667 εἰς
2945 2604 3170 2673 τέφραν,
3202 2603 3309 2654 τῶν
3347 2600 3401 2653 δὲ
3433 2600 3487 2650 ἐν
3519 2595 3793 2666 θαλάσσῃ,

2214 2697 2313 2767 τῆς
2332 2698 2376 2728 ¹⁰
2407 2697 2462 2749 δὲ
2492 2696 2596 2749 ὐπὸ
2625 2696 2971 2766 σαρκοϐόρων
2993 2695 3219 2758 οἰωνῶν,
3246 2693 3353 2745 τῶν
3382 2693 3436 2745 δὲ
3454 2690 3559 2745 ὐπὸ
3580 2687 3792 2759 θηρῶν,

2214 2787 2323 2841 τῶν
2360 2787 2415 2840 δὲ
2440 2787 2544 2839 ὑπὸ
2574 2787 2868 2858 σκωλήκων
2895 2785 3209 2856 φθαρέντων
3236 2783 3411 2853 φέρει.

542 2863 930 2936 dissolutisque
985 2871 1308 2938 corporibus
1370 2875 1615 2940 nostris,
1668 2891 1730 2929 ac
1784 2878 1980 2946 partim
2027 2879 2080 2932 in
2115 2879 2330 2935 cineres
2358 2880 2663 2943 conversis,
2707 2879 2902 2950 partim
2938 2879 2993 2932 in
3044 2877 3216 2941 mari,
3266 2876 3463 2946 partim
3513 2888 3545 2926 a
3600 2872 3799 2925 carni-

544 2956 689 3009 voris
734 2960 959 3027 avibus,
1027 2964 1222 3032 partim
1289 2981 1319 3018 a
1365 2967 1576 3034 bestiis,
1605 2970 1803 3038 partim
1838 2986 1866 3023 a
1892 2973 2175 3027 vermibus
2208 2975 2571 3043 consumptis,
2604 2972 2792 3028 eadem
2825 2971 3181 3025 nihilominus
3209 2968 3468 3023 restituit.

614 3048 820 3105 LXXII.
856 3050 989 3106 Nam
1016 3055 1059 3108 si
1085 3071 1204 3125 qua:
1227 3057 1361 3112 nihil
1387 3070 1562 3124 erant,
1588 3062 1793 3132 aliquid
1824 3073 1881 3119 ut
1904 3076 2109 3128 essent,

2284 3070 2402 3122 OB'.
2432 3069 2495 3121 Εἰ
2524 3067 2633 3139 γὰρ
2663 3066 2730 3119 τὰ
2761 3065 2821 3130 ἐξ
2855 3066 2953 3118 οὐκ
2976 3066 3143 3118 ὄντων
3160 3062 3409 3131 ἐποίησεν
3432 3062 3509 3121 εἰς
3534 3057 3597 3111 τὸ
3628 3051 3796 3115 εἶναι,

544 3143 851 3211 perfecerit,
882 3155 1087 3215 quanto
1118 3148 1167 3203 id
1190 3150 1334 3219 quod
1366 3151 1471 3221 iam
1500 3154 1718 3210 exsistit
1749 3158 2022 3228 propriam
2060 3159 2114 3212 in

545 3244 797 3307 naturam
828 3238 1306 3311 conditionemque
1340 3241 1555 3299 facilius
1590 3246 1947 3312 instaurabit,
1978 3257 2037 3302 ιιι
2064 3259 2115 3303 et

546 3334 753 3381 rectum
804 3328 1069 3397 judicium
1120 3333 1388 3398 instituat,
1433 3347 1486 3391 et
1520 3339 1749 3393 alterunt
1801 3354 1899 3411 pro
1943 3340 2116 3395 altero

546 3434 654 3471 non
682 3421 1034 3485 condemnet,
1078 3427 1297 3494 etquod
1338 3429 1522 3483 labore
1562 3430 1847 3500 fatigatum
1892 3442 1977 3487 est
2015 3447 2114 3486 sua

548 3512 793 3566 mercede
831 3528 938 3566 non
978 3516 1186 3582 privet?
1214 3518 1423 3574 Etenim
1474 3521 1518 3575 si
1554 3523 1620 3577 ad
1653 3523 1825 3578 solam
1878 3526 2113 3579 animam

547 3600 778 3666 fructus,
815 3614 868 3655 et
909 3604 1149 3660 caelestis
1183 3611 1331 3679 regni
1378 3613 1654 3679 possessio
1697 3615 1952 3682 pertinet,
1983 3630 2115 3669 sane

545 3708 744 3761 corpus
768 3695 832 3748 iis
850 3698 1122 3759 omnibus,
1145 3717 1265 3769 qua:
1293 3704 1669 3773 concupiverit
1698 3704 1910 3760 fruatur
1934 3724 1947 3772 ;
1990 3723 2113 3761 vcr-

546 3794 697 3840 setur
742 3789 793 3840 in
838 3788 1045 3845 deliciis
1090 3792 1346 3861 Gedeon;
1403 3810 1579 3865 neque
1630 3794 1829 3851 frustra
1874 3797 2114 3853 Joannes

545 3878 729 3933 labore
747 3895 805 3933 sc
822 3883 1047 3946 cruciet,
1072 3892 1326 3939 contexto
1347 3902 1410 3940 ex
1433 3888 1763 3942 camelorum
1789 3890 1913 3961 pilis
1935 3890 2115 3944 cilicio

544 3974 774 4025 vestitus
798 3974 818 4002 ⁸
854 3989 865 4023 :
902 3991 1075 4044 neque
1115 3976 1168 4030 in
1217 3978 1537 4033 solitudines
1569 3980 1736 4033 abditi
1771 3996 1989 4035 carnem
2025 3997 2116 4035 no-

546 4071 714 4116 stram
753 4065 1105 4134 suggillemus
1127 4069 1146 4098 ⁷
1165 4108 1179 4133 ,
1215 4084 1388 4138 neque
1416 4084 1642 4140 corpora
1664 4071 1824 4142 603
1846 4073 2116 4128 castitatis

546 4157 933 4212 exercitatione
973 4159 1278 4215 domemus.
1319 4160 1413 4215 Sin
1463 4173 1644 4217 autem
1693 4166 1937 4217 omnium
1990 4156 2116 4220 vita:

546 4248 940 4315 institutorum,
970 4252 1014 4305 si
1035 4253 1389 4319 castimoniae,
1418 4254 1461 4308 si
1482 4254 1696 4323 jejunii,
1722 4256 1766 4310 si
1793 4266 2114 4311 creterarum

547 4340 808 4396 virtutum
827 4358 1025 4412 corpus
1042 4352 1123 4398 est
1143 4348 1431 4415 particeps,
1456 4364 1557 4399 non
1570 4347 1797 4411 iniustus
1810 4357 1887 4401 est
1912 4348 2051 4403 Deus
2071 4350 2113 4415 ',

2224 3161 2375 3231 πόσῳ
2408 3178 2470 3228 γε
2495 3159 2692 3230 μᾶλλον
2719 3159 2779 3211 τὸ
2806 3158 2866 3212 ὃν
2891 3160 2969 3221 είς
2998 3157 3098 3226 τὴν
3129 3156 3262 3208 ἰδίαν
3287 3153 3616 3207 κατάστασιν
3638 3150 3801 3217 εὐχαί-

2225 3253 2335 3323 ρῶς
2385 3252 2910 3321 ἁποκαταστήσειεν,
2973 3250 3060 3301 ἵνα
3112 3245 3323 3300 δικαίαν
3371 3244 3525 3316 ὁρίσῃ
3578 3242 3793 3310 κρίσιν·

2224 3345 2308 3397 ἵνα
2336 3344 2408 3415 μὴ
2447 3344 2630 3414 ἕτερον
2659 3340 2977 3413 ἀνθ’ὲτέρου
3010 3340 3168 3411 κρίνῃ
3189 3357 3201 3369 ·
3233 3338 3317 3397 ἵνα
3342 3336 3414 3406 μὴ
3445 3333 3799 3402 ἀποστερήσῃ

2221 3434 2283 3486 τὸ
2302 3434 2511 3503 καμόν;
2542 3434 2603 3486 Εἰ
2628 3433 2735 3504 γὰρ
2760 3432 2936 3501 ψυχῆς
2978 3431 3011 3500 ἡ
3057 3428 3373 3489 ἀπόλαυσις,
3401 3424 3495 3477 καὶ
3522 3420 3801 3492 βασιλείας

2221 3526 2467 3597 οὐρανῶν
2495 3526 2841 3595 κληρονομία,
2877 3520 3190 3594 μετασχέτω
3208 3519 3268 3571 τὸ
3289 3517 3444 3587 σῶμα
3464 3515 3491 3567 ὃ
3523 3513 3797 3583 βούλεται·

2222 3620 2579 3691 τρυφάτωσαν
2610 3618 2658 3671 οἱ
2697 3618 2825 3688 περὶ
2851 3617 2942 3668 τὸν
2959 3612 3162 3666 Γεδεών
3183 3629 3197 3643 ο
3229 3611 3302 3682 μὴ
3333 3610 3505 3679 μάτην
3542 3604 3804 3675 καμνὲτω

2235 3712 2485 3782 Ἰωάννης
2533 3711 2599 3763 ὲκ
2633 3709 2894 3780 καμήλων
2946 3707 3081 3776 ἔχων
3120 3704 3181 3755 τὸ
3222 3703 3453 3770 ἐνδυμαο
3483 3697 3556 3768 μὴ
3577 3698 3634 3747 ὲν
3669 3697 3805 3746 ἀνα-

2223 3805 2464 3876 χωρήσει
2497 3803 2597 3873 τήν
2652 3802 2829 3872 σάρκα
2876 3798 3315 3885 ὐπωπιάσωμεν·
3360 3793 3435 3861 μὴ
3462 3788 3530 3841 τὰ
3569 3786 3805 3885 cibit-ara.

2222 3894 2379 3964 ἡμῶν
2404 3892 2737 3961 δαμάσωμεν
2759 3894 2825 3959 τῇ
2848 3889 3059 3958 ἁγνείᾳ.
3089 3887 3151 3939 Εἰ
3176 3885 3219 3937 δ’
3250 3883 3357 3953 ἄρα
3377 3880 3621 3933 κοινωνεῖ
3639 3880 3803 3942 σῶμα

2223 3986 2281 4037 ὲν
2307 3982 2619 4046 πολιτείαις,
2657 3985 2713 4034 ὲν
2740 3981 2951 4050 ἁγνεία,
2982 3982 3037 4031 ὲν
3067 3976 3288 4047 νηστείᾳ
3337 3973 3430 4025 καὶ
3464 3974 3579 4031 ταῖς
3609 3968 3806 4028 ἄλλαις

2223 4078 2463 4147 ἀρεταῖς,
2490 4078 2601 4129 οὐκ
2622 4073 2827 4139 ἄδικος
2850 4074 2881 4125 ὁ
2914 4070 3057 4135 Θεὸς
3078 4069 3397 4138 ἀποστερεῖν
3431 4064 3519 4117 τὸν
3553 4062 3806 4129 κάματον

2222 4169 2315 4222 τοῦ
2340 4167 2699 4238 κεκμηκότος,
2733 4166 2825 4218 καὶ
2853 4164 2925 4234 μὴ
2951 4164 3205 4215 ἀποτῖσαι
3243 4160 3341 4229 τὴν
3377 4151 3807 4228 μισθαποδοσίαν

2223 4262 2301 4333 τῷ
2331 4261 2446 4333 ἅμα
2473 4262 2540 4330 τῇ
2580 4260 2724 4329 ψυχῇ
2760 4256 3063 4328 κεκμηκότι
3099 4253 3331 4323 σώματι.
3364 4248 3535 4309 Εὐθὺς
3564 4247 3677 4315 γὰρ
3718 4246 3805 4296 εῦ-

2228 4354 2517 4427 ρεθήσεται
2549 4352 2693 4422 ἀργὴ
2745 4354 2778 4421 ή
2826 4349 3030 4420 κρίσις’
3060 4347 3108 4399 εἰ
3140 4345 3298 4415 γάρὴ
3328 4342 3474 4411 ψυχὴ
3516 4341 3801 4409 μονωτάτη

553 4442 608 4485 ut
635 4434 705 4498 ei,
732 4435 823 4503 qui
856 4436 1199 4503 laboraverit,
1231 4438 1435 4491 laboris
1468 4441 1773 4493 mercedem
1804 4442 2111 4509 subtrahat,

2222 4448 2597 4518 εὑρεθήσεται,
2654 4442 2946 4507 ἁντιλέξειε
3017 4437 3331 4511 κρινομένη,
3393 4436 3476 4487 ὅτι
3534 4432 3648 4484 Οὐκ
3704 4431 3804 4518 ἀπ’

550 4525 894 4594 corporique,
918 4526 1061 4596 quod
1084 4544 1205 4582 cum
1226 4530 1403 4582 anima
1425 4531 1784 4584 communiter
1804 4532 1857 4587 in
1878 4532 2115 4586 laborem

562 4619 892 4683 incubuerit,
925 4622 1130 4675 nullum
1172 4622 1451 4690 prmmium
1487 4625 1781 4693 persolvat.
1817 4623 1929 4679 lloc
1973 4626 2116 4679 enim

554 4713 751 4782 posito,
787 4714 944 4767 inane
967 4730 1027 4767 ac
1044 4730 1505 4785 supervacaneum
1536 4716 1949 4785 eritjndicium.
1985 4715 2119 4770 Nam

556 4807 599 4857 si
626 4806 737 4858 sola
765 4805 1025 4858 duntaxat
1047 4808 1228 4860 anima
1249 4807 1561 4868 sisteretur.
1579 4808 1819 4875 objieere
1842 4808 1894 4860 in
1915 4808 2122 4877 judicio

556 4907 783 4965 posset:
818 4897 934 4952 Non
978 4915 1004 4951 a
1043 4915 1127 4953 tne
1180 4910 1462 4968 peccatum
1510 4910 1758 4955 exortum
1801 4909 1913 4965 est,
1957 4902 2050 4956 sed
2094 4915 2124 4953 a

556 4992 896 5061 corruptibili
934 4993 1024 5045 illo
1051 5003 1378 5064 terrenoque
1404 5010 1633 5066 corpore
1671 5004 1941 5065 stuprum,
1972 4995 2126 5049 adul-

556 5082 753 5135 terium
807 5098 869 5137 ac
929 5084 1182 5140 libidines
1237 5085 1493 5155 profectae
1538 5095 1685 5143 sunt.
1740 5086 1873 5141 Nam
1906 5102 1973 5141 ex
2015 5103 2125 5158 quo

557 5179 800 5241 tempore
825 5188 853 5225 a
886 5190 970 5229 me
1000 5175 1303 5244 sejunctum
1331 5186 1435 5239 est,
1471 5178 1607 5234 nihil
1639 5186 1722 5234 est
1753 5178 1947 5233 horum
1977 5196 2127 5235 com-

2224 4516 2355 4607 ἐμοῦ
2405 4516 2467 4588 τὸ
2512 4533 2682 4588 ait-0v
2712 4533 2811 4602 τῆς
2845 4529 3137 4602 ἁμαρτίας,
3173 4526 3306 4579 ἀλλὰ
3344 4525 3438 4577 ἀπ’
3475 4521 3683 4574 ἐκείνου
3706 4516 3801 4569 τοῦ

2228 4628 2491 4700 φθαρτοῦ,
2523 4627 2617 4680 καὶ
2646 4627 2830 4695 γηῖνου
2861 4622 3131 4693 σώματος,
3167 4619 3227 4671 τὸ
3252 4615 3553 4689 πορνεύειν,
3589 4611 3650 4663 τὸ
3685 4627 3802 4679 μοι-

2227 4721 2428 4792 χεύειν,
2462 4718 2522 4772 τὸ
2554 4717 2911 4785 ἀσελγαίνειν.
2945 4714 3121 4779 Ἐξότε
3137 4711 3245 4782 γὰρ
3269 4712 3363 4764 ἀπ’
3394 4705 3527 4777 ἐμοῦ
3564 4702 3800 4769 ἀπέστη,

2231 4814 2380 4867 οὐδέν
2441 4829 2531 4881 μοι
2587 4810 2791 4864 τούτων
2820 4807 3152 4879 πέπρακται.
3212 4803 3321 4855 Καὶ
3356 4799 3507 4852 ἔσται
3541 4793 3804 4897 coartati}:

2234 4920 2418 4972 γητος,
2450 4903 2543 4955 καὶ
2568 4900 2921 4969 παραλύουσα
2957 4898 3054 4965 τὴν
3090 4893 3182 4947 τοῦ
3230 4890 3364 4943 Θεοῦ
3399 4888 3602 4959 κρίσιν.
3640 4884 3704 4935 Εἰ
3746 4882 3803 4933 δὲ

2236 4998 2329 5051 καὶ
2352 4997 2412 5050 τὸ
2441 4996 2597 5066 σῶμα
2626 4994 2746 5048 καθ’
2774 4993 2934 5047 ἑαυτὸ
2960 4989 3157 5057 ἀγάγοι
3184 4990 3212 5040 ὁ
3240 4985 3401 5047 Θεὸς·
3427 4982 3648 5036 δύναται
3670 4976 3802 5045 γὰρ,

2231 5089 2307 5153 ὡς
2338 5089 2430 5141 καὶ
2457 5090 2568 5143 ἀνω
2602 5105 2692 5157 μοι
2726 5085 2813 5138 διὰ
2841 5084 2934 5137 τοῦ
2972 5081 3234 5151 Ἰεζεκιὴλ
3274 5077 3588 5147 δεδήλωται,
3623 5071 3670 5122 εἰ
3708 5068 3804 5121 καὶ

2231 5179 2318 5233 διὰ
2343 5179 2653 5251 παραϐολὴν
2677 5178 2737 5230 τὸ
2769 5178 2925 5248 ἔργον
2956 5174 3263 5243 γεγένηται.

560 5264 808 5319 missum.
846 5263 1083 5320 Honesta
1121 5283 1251 5323 sane
1285 5269 1582 5323 excusandi
1633 5270 1717 5326 sui
1754 5272 1894 5326 ratio
1917 5311 1931 5334 ,
1975 5280 2029 5326 et
2059 5270 2124 5324 ad
2158 5269 2531 5341 Deijudicium
2554 5269 2902 5327 evertcndum
2929 5267 3143 5320 idonea.
3169 5262 3303 5316 Atsi
3358 5272 3560 5327 corpus
3620 5262 3801 5323 ipsum

561 5370 774 5428 quoque
815 5356 955 5414 Deus
984 5358 1333 5429 produxerit,
1387 5360 1489 5414 hoc
1521 5362 1665 5416 enim
1729 5363 1907 5419 facere
1939 5372 2145 5432 potest,

2223 5374 2282 5417 ut
2326 5379 2394 5419 ex
2440 5363 2725 5419 Ezechiele
2775 5377 2938 5432 supra
2993 5356 3528 5415 demonstravimus,
3578 5349 3797 5403 tametsi

562 5456 729 5522 tigura
752 5453 982 5524 quadam
1008 5470 1070 5507 ac
1088 5455 1450 5510 similitudine
1471 5464 1583 5510 tum
1606 5458 1657 5512 id
1676 5472 1814 5528 opus
1839 5458 2137 5528 perfectum
2181 5457 2361 5513 fuerit.

637 5569 651 5599 ¹
688 5570 847 5622 Prov.
898 5587 1042 5634 xxw,
1071 5569 1159 5621 97.
1239 5572 1258 5601 ²
1292 5570 1423 5623 ibid.

564 5637 587 5668 ⁸
617 5636 776 5694 Hebr.
810 5656 882 5697 τι.
922 5641 1000 5693 10.
1075 5642 1095 5671 ⁰
1127 5641 1185 5694 l“.
1221 5641 1299 5693 ἔτι
1332 5640 1801 5711 οἰκοδομουμένου,
1832 5656 1884 5698 et
1908 5644 2073 5715 αὐτῷ.

566 5728 763 5779 tionem
801 5730 1238 5793 accommodata;
1262 5746 1382 5782 naut
1418 5729 1642 5784 lit-linea
1680 5734 1882 5786 nullam
1919 5744 2140 5788 senten-

565 5802 654 5851 tiae
702 5796 847 5852 illius
892 5802 1342 5861 signiﬁcationem
1385 5804 1697 5859 oz‘wferunt.
1767 5803 2024 5859 llortatur
2054 5824 2141 5862 sa-

1501 5571 1521 5601 ³
1554 5572 1682 5626 ibid.
1758 5572 1778 5603 ⁸
1804 5572 1962 5632 Joan.
2000 5591 2060 5636 tt,
2104 5576 2188 5629 l9.
2266 5576 2287 5606 ⁵
2320 5573 2421 5629 lsa.
2456 5590 2544 5638 XL,
2574 5574 2663 5628 28.

1501 5643 1801 5698 Ιμουμένου.
1832 5656 1884 5698 et
1908 5644 2073 5698 αὐτῶ.
2156 5646 2197 5677 ¹⁰
2224 5644 2283 5698 F.
2326 5646 2452 5698 τῶν.

2744 5573 2763 5603 ⁸
2794 5570 2981 5624 Matth.
3047 5584 3129 5631 III,
3158 5568 3211 5620 ὦ.
3286 5568 3305 5598 ⁷
3344 5564 3358 5616 l
3407 5563 3533 5617 Cor.
3575 5577 3649 5623 ix,
3710 5561 3799 5613 27.

2249 5737 2425 5803 pit‘ttS,
2446 5742 2503 5790 ut
2528 5733 2743 5789 rustica:
2765 5735 2840 5789 rei
2854 5744 2903 5789 et
2926 5732 3269 5804 agricultura:
3290 5726 3521 5796 diligens
3538 5722 3804 5777 habeatur

2250 5816 2407 5860 l'allO.
