4082 6394
275 401 402 453 H97

937 398 1307 456 ADVERSUS
1340 400 1682 457 HERESES
1714 402 1842 457 LIB.

1992 403 2157 459 TOM.
2198 403 2239 457 l.
2276 433 2340 443 —
2369 401 2640 460 ﬂAERES.
2666 401 2861 462 LXIV.

3390 399 3525 454 1193

356 519 514 574 Ἀλλά
542 519 603 572 τὸ
638 516 778 583 εἶδος
812 522 891 584 εἰς
922 521 1255 593 ἀλληγορίαν
1282 522 1381 591 τῆς
1417 522 1536 575 τότε
1568 523 1846 595 παραϐου-

2021 522 2224 578 Verum
2258 524 2324 577 ad
2363 526 2680 589 veritatem,
2709 539 2829 594 qua:
2871 529 3004 575 tunc
3052 520 3409 575 similitudine
3434 520 3525 573 illa

272 612 559 683 λευθείσης
587 614 600 643 ¹
628 612 887 682 ἀληθείας
922 614 1233 684 ἐτελειώθη,
1268 614 1345 677 ὡς
1384 614 1623 685 συνήχθη
1665 614 1851 668 ὀστέον

272 706 411 777 πρὸς
440 704 648 769 ὀστέον,
674 707 769 759 καὶ
798 707 1034 778 ἁρμονία
1066 706 1201 779 πρὸς
1225 708 1512 779 ἁρμονίαν,
1543 708 1640 762 καὶ
1670 707 1851 778 ξηρῶν

272 796 441 848 ὄντων
477 794 587 847 τῶν
630 794 854 861 ὀστέων,
905 795 998 848 καὶ
1047 795 1257 848 οὐδέπω
1284 796 1483 865 ψυχῆς,
1524 797 1645 849 οὐδὲ
1689 794 1853 848 πνεύ-

280 905 450 957 ματος
476 888 570 940 τοῦ
602 886 876 949 κινοῐντος
909 888 967 938 ὲν
1011 886 1194 949 αὐτοῖς
1223 886 1395 950 ὄντος.
1431 889 1542 940 Καὶ
1583 886 1745 950 εὐθὺς
1780 886 1854 940 τὰ

278 978 521 1047 σώματα
558 977 821 1048 συνήχθη,
854 978 948 1029 καὶ
972 977 1113 1030 κατά
1137 977 1229 1030 τὸν
1261 978 1355 1030 τοῦ
1382 980 1663 1050 προφήτου
1696 978 1854 1045 λόγον

277 1068 627 1136 ἑστερεώθη.
664 1068 773 1121 Καὶ
818 1069 866 1120 εί
911 1067 1053 1120 θέλει
1087 1068 1238 1131 Θεὸς,
1288 1069 1512 1131 δυνατός
1538 1071 1655 1122 ἐστι
1694 1067 1854 1120 τοῦτο

276 1161 497 1229 ποιῆσαι
523 1160 651 1212 ἄνευ
677 1157 876 1227 ψυχῆς,
894 1157 1149 1229 παρεῖναί
1170 1175 1229 1210 τε
1250 1158 1343 1211 καὶ
1362 1156 1647 1218 κινεῖσθαι,
1664 1156 1739 1218 ὡς
1757 1156 1853 1208 καὶ

275 1252 336 1303 τὸ
363 1251 459 1304 τοῦ
488 1250 649 1303 ’Ἅϐελ
676 1245 814 1321 αἷμα
840 1250 1000 1320 σῶμα
1022 1249 1081 1303 ὃν
1111 1250 1247 1320 μετά
1276 1250 1505 1303 θάνατον
1533 1249 1850 1317 ἐφθέγγετο,

278 1345 369 1395 καὶ
394 1344 455 1395 οὐ
486 1343 654 1413 ψυχή.
690 1342 764 1394 Οὐ
792 1341 900 1413 γὰρ
921 1340 1065 1411 ψυχή
1097 1341 1212 1394 ἐστι
1243 1342 1305 1393 τὸ
1333 1336 1491 1412 αἷμα,
1519 1339 1656 1393 ἀλλά
1695 1339 1854 1410 σῶμά

278 1434 394 1484 ἐστι
423 1433 484 1483 τὸ
524 1431 869 1501 φαινόμενον.
914 1430 1053 1482 Ἀλλ’
1088 1431 1150 1482 οὐ
1198 1431 1487 1501 δυνήσεται
1530 1430 1689 1501 σῶμα
1722 1430 1851 1483 ἄνευ

275 1521 451 1591 ψυχῆς
495 1520 771 1592 κριθῆναι.
821 1518 1141 1585 Ἀντιλέξειε
1184 1520 1294 1590 γὰρ
1337 1520 1430 1571 καὶ
1458 1519 1626 1582 αὐτὸ,
1672 1518 1850 1586 λέγον,

275 1610 357 1661 ὃτι
392 1610 504 1662 Οὐκ
556 1607 669 1677 ἐγὼ
726 1608 1007 1679 ἥμαρτον,
1061 1608 1200 1661 ἀλλὰ
1248 1611 1281 1681 ή
1332 1609 1498 1680 ψυχή.
1562 1609 1653 1680 Μὴ
1703 1608 1852 1675 ἐξότε

276 1700 579 1771 ἀπεκινήθη
624 1700 719 1753 ἀπ’
771 1698 939 1769 ἐμοῦ,
979 1701 1127 1772 (μὴ)
1174 1701 1496 1772 ὲμοίχευσα;
1560 1703 1636 1772 μὴ
1689 1702 1852 1773 ἐπόρ-

277 1807 476 1856 νευσα;
516 1790 591 1862 μὴ
626 1791 1097 1862 είδωλολόιτρησα;
1140 1794 1253 1846 Καὶ
1294 1793 1447 1847 ἔσται
1482 1792 1760 1861 ἀντιλέγον
1793 1792 1853 1846 τὸ

1954 614 2315 678 referebatur,
2365 615 2795 670 aduuibrandam
2844 612 3153 668 istiusmodi
3199 611 3407 681 species
3447 617 3532 664 est

1954 720 2236 774 expressa.
2266 706 2402 761 Cum
2430 707 2644 762 scilicet
2669 721 2730 761 os
2751 720 2915 759 unum
2943 704 3008 757 ad
3033 704 3283 765 alterum,
3306 710 3358 755 et
3382 716 3503 755 com

1952 812 2116 867 pages
2135 797 2200 851 ad
2219 812 2534 868 compagem
2554 796 2960 852 accommodata
2984 801 3067 849 est
3085 797 3126 847 '.
3148 795 3223 846 Ac
3242 808 3362 846 cum
3377 792 3532 845 arida

1954 898 2139 944 essent
2171 903 2334 951 ossa,
2383 904 2482 943 nec
2520 890 2631 942 ulla
2667 888 2844 941 adhuc
2891 887 3069 939 anima
3092 924 3105 946 ,
3142 886 3225 937 vel
3272 884 3531 952 spiritus,

1956 994 2065 1049 quo
2095 979 2467 1050 agitarentur,
2519 982 2571 1034 in
2606 981 2742 1049 ipsis
2778 980 3013 1040 inesset,
3064 977 3296 1031 subinde
3350 983 3534 1029 tamen

1956 1078 2333 1141 coagmentata
2374 1078 2540 1135 sunt,
2572 1078 2626 1124 et
2650 1110 2662 1134 ,
2702 1078 2759 1124 ut
2792 1070 3053 1139 propheta
3085 1068 3360 1136 loquitur,
3407 1063 3536 1118 soli-

1954 1160 2084 1213 data
2118 1176 2361 1227 corpora.
2398 1162 2474 1215 Ac
2506 1163 2552 1215 si
2588 1163 2659 1215 ita
2688 1161 2799 1215 Deo
2833 1160 3072 1220 libuerit.
3097 1157 3357 1228 perficere
3390 1155 3533 1210 istud

1956 1259 2156 1321 potest,
2190 1252 2341 1304 nullo
2372 1261 2431 1304 ut
2461 1253 2655 1307 animae
2682 1254 2989 1307 interventu
3016 1250 3301 1320 prodeant,
3327 1263 3389 1300 ac
3415 1261 3537 1301 sese

1956 1349 2365 1395 commoveant.
2409 1340 2527 1395 Non
2560 1356 2720 1397 secus
2752 1350 2914 1410 atque
2941 1340 3124 1393 Abelis
3155 1338 3379 1407 sanguis
3412 1342 3537 1406 post

1956 1430 2164 1485 obitum
2202 1430 2534 1500 loquebatur
2560 1429 2605 1497 ³,
2644 1446 2750 1484 non
2782 1430 2983 1483 anima.
3015 1428 3133 1482 Non
3176 1430 3318 1483 enim
3354 1426 3537 1480 anima

1956 1533 2040 1580 est
2076 1525 2325 1595 sanguis,
2362 1524 2458 1580 sed
2490 1538 2692 1594 corpus
2725 1522 2858 1577 illud
2890 1522 3037 1593 quod
3063 1531 3306 1593 apparet.
3333 1520 3536 1575 Verum

1957 1630 2157 1685 corpus
2203 1616 2322 1670 sine
2366 1615 2548 1669 anima
2594 1613 2829 1683 judicari
2886 1629 2996 1667 non
3043 1620 3244 1684 potest.
3300 1610 3435 1665 Nam
3484 1618 3539 1665 et

1958 1703 2135 1775 ipsum
2168 1706 2466 1769 resisteret,
2494 1712 2548 1760 et
2576 1705 2722 1759 hunc
2748 1705 2801 1758 in
2836 1705 3055 1758 modum
3086 1704 3361 1773 exciperet
3384 1719 3398 1758 :
3419 1700 3537 1754 Non

1959 1812 2061 1868 ego
2094 1797 2337 1867 peccavi,
2375 1796 2471 1853 sed
2517 1798 2718 1850 anima.
2775 1795 2851 1851 Ex
2900 1811 3010 1866 quo
3054 1795 3197 1850 enim
3233 1802 3478 1863 tempore
3507 1806 3539 1845 a

280 1882 437 1952 σῶμα
470 1885 534 1954 τῇ
562 1882 654 1935 τοῦ
694 1882 830 1936 Θεοῦ
871 1885 1261 1955 δικαιοκρισίᾳ,
1293 1884 1389 1938 καὶ¹
1431 1884 1669 1951 εὐλόγως
1706 1885 1856 1937 ἀντι-

1966 1905 2046 1946 me
2083 1890 2361 1950 discessit,
2388 1905 2517 1943 num
2547 1889 2900 1951 adulterium,
2928 1904 3058 1942 num
3086 1894 3337 1956 stuprum
3365 1884 3539 1938 ullum

278 1972 462 2041 λέγον.
498 1972 700 2026 Τούτου
733 1973 893 2027 ἕνεκα
918 1974 1119 2038 τοίνυν,
1152 1975 1248 2028 καὶ
1281 1973 1368 2028 διὰ
1397 1974 1569 2027 πολλὰ
1598 1974 1735 2029 ἄλλα
1762 1975 1857 2028 καὶ

278 2065 557 2131 ἀναγκαῖα
585 2065 613 2117 ό
656 2063 786 2127 Θεὸς
827 2066 884 2118 ὲν
927 2067 994 2136 τῇ
1043 2065 1212 2119 αὑτοῦ
1263 2066 1426 2136 σοφίᾳ
1471 2064 1543 2118 τὰ
1589 2065 1857 2118 τεθνεῶτα

278 2156 436 2226 ἡμῶν
470 2155 698 2225 σώματα
731 2156 825 2209 καὶ
853 2156 952 2220 τάς
982 2156 1160 2228 ψυχάς
1195 2158 1276 2219 εἰς
1303 2156 1724 2225 παλιγγενεσίαν
1756 2155 1856 2224 φέ-

282 2264 362 2317 ρει
393 2250 451 2300 ὲν
477 2249 543 2318 τῇ
573 2247 741 2300 αὑτοῦ
778 2248 1067 2318 ὑποσχέσει
1092 2249 1191 2319 τῆς
1226 2246 1656 2318 φιλανθρωπίας,
1690 2248 1769 2309 είς
1794 2246 1856 2300 τὸ

277 2339 369 2390 τὸν
422 2338 744 2409 κεκμηκότα
784 2341 841 2393 ὲν
896 2340 1135 2409 ὁσιότητι
1183 2339 1479 2393 ἀπολαϐεῖν
1531 2338 1631 2410 τὴν
1673 2340 1856 2392 πᾶσαν

279 2430 384 2483 ὑπὸ
412 2429 548 2483 Θεοῦ
595 2430 766 2502 καλὴν
810 2432 1167 2485 ἀνταπόδοσιν
1189 2470 1203 2494 ,
1236 2432 1330 2486 καὶ
1370 2432 1497 2495 τοὺς
1546 2431 1617 2484 τὰ
1650 2431 1858 2502 μάταια

278 2522 647 2592 πεποιηκότας
703 2521 965 2586 ὡσαύτως
1014 2522 1266 2596 κριθῆναι
1317 2524 1476 2594 σῶμα
1521 2524 1636 2593 ἅμα
1686 2524 1855 2595 ψυχῇ.

278 2616 374 2668 καὶ
411 2613 590 2685 ψυχὴν
621 2614 738 2684 ἅμα
772 2613 1008 2685 σώματι.

1955 1981 2193 2036 admisi?
2218 1997 2349 2035 num
2375 1981 2672 2036 simulacra
2696 1981 2880 2035 colui?
2904 1978 2983 2034 Ita
3004 1994 3204 2049 corpus
3230 1977 3540 2048 iustissimo

1954 2073 2050 2129 Dei
2075 2074 2310 2144 judicio,
2338 2082 2392 2129 et
2418 2074 2636 2145 quidem
2661 2074 2805 2145 jure,
2837 2072 3197 2129 contradicet.
3235 2071 3445 2137 Quibus
3473 2069 3540 2123 de

1955 2168 2160 2230 causis,
2207 2168 2442 2238 aliisque
2491 2168 2874 2238 compluribus
2918 2183 2981 2222 ac
3025 2165 3354 2222 necessariis
3384 2204 3398 2227 ,
3437 2177 3538 2233 pro

1953 2257 2167 2313 infinita
2192 2274 2289 2314 sua
2318 2261 2589 2330 sapientia
2615 2259 2761 2315 Deus
2796 2270 3043 2315 emortua
3067 2268 3256 2314 nostra
3283 2269 3537 2322 corpora,

1952 2360 2006 2405 et
2029 2351 2241 2406 animas
2261 2368 2453 2407 novam
2474 2353 2539 2407 ad
2558 2353 2965 2422 generationem
2987 2350 3260 2422 perducit,
3277 2346 3539 2419 quemad-

1954 2443 2174 2498 modum
2204 2460 2268 2499 εκ
2300 2446 2504 2516 ingenti
2536 2461 2635 2501 sua
2664 2446 3008 2500 humanitate
3042 2443 3314 2515 promisit.
3347 2439 3418 2495 Ut
3443 2440 3547 2510 qui

1954 2533 2010 2589 in
2044 2536 2362 2591 sanctitatis
2394 2536 2589 2592 oliiciis
2620 2537 3021 2602 elaboraverit,
3062 2536 3322 2591 eximium
3359 2549 3390 2588 a
3430 2532 3539 2587 Deo

1954 2627 2239 2696 praemium
2271 2643 2431 2683 omne
2454 2628 2752 2699 percipiat;
2783 2636 2837 2683 et
2861 2642 3094 2699 quorum
3124 2627 3308 2682 inania
3337 2624 3540 2680 fuerint

279 2720 466 2774 opera,
491 2704 719 2774 perinde
743 2704 1084 2774 judicentur.
1113 2705 1183 2761 Ut
1208 2714 1263 2762 et
1304 2721 1505 2778 corpus
1541 2723 1662 2761 cum
1702 2708 1906 2781 anima,
1940 2722 1997 2769 et
2040 2717 2223 2770 anima
2266 2733 2390 2773 cum
2425 2733 2653 2789 corpore
2684 2719 2734 2773 ei
2768 2733 2827 2773 se
2855 2717 3062 2787 judicio
3086 2717 3399 2788 subjiciam.

349 2800 469 2852 OI".
532 2800 690 2853 Ἀλλά
729 2802 956 2872 ἀρκέσει
1004 2817 1095 2871 μοι
1140 2800 1312 2854 ταῦτα
1358 2801 1495 2871 πρὸς
1535 2801 1626 2856 τὸν
1670 2801 1851 2856 ἐθελό-

283 2907 445 2959 σοφον
503 2891 824 2964 Ὠριγένην,
876 2893 965 2945 τὸν
992 2894 1256 2963 ’ματαίως
1302 2893 1480 2964 ἑαυτῷ
1535 2891 1855 2965 ἐπιθέμενον

281 2981 452 3052 ὄνομα
518 2983 907 3053 Ἀδαμόιντιον,
957 2985 1053 3039 καὶ
1085 2984 1220 3056 πρὸς
1258 2986 1357 3056 τὴν
1394 2984 1560 3039 αὐτοῦ
1605 2986 1859 3053 ἀτοπίαν,

2037 2809 2272 2866 LXXIII.
2315 2812 2493 2883 Atque
2539 2814 2654 2867 haec
2700 2812 2964 2867 adversus
3001 2818 3347 2880 arrogantem
3389 2808 3541 2863 illum

1966 2897 2253 2972 Origenem
2302 2901 2447 2956 dicta
2499 2901 2804 2965 sufficiant,
2858 2900 2951 2970 qui
3009 2900 3212 2955 frustra
3235 2897 3547 2953 Adamantii

1963 2993 2067 3048 sibi
2103 3008 2298 3049 nomen
2330 2995 2622 3064 imposuit;
2654 3001 2817 3064 atque
2843 2993 3107 3048 adversus
3132 2991 3280 3046 illius
3311 2988 3548 3045 absurda

283 3074 377 3125 καὶ
428 3073 568 3128 κατὰ
598 3076 695 3146 τῆς
726 3075 1005 3147 ἀληθείας,
1045 3078 1102 3131 ἐν
1145 3077 1359 3142 πολλοῖς
1393 3078 1586 3150 μέρεσι
1632 3080 1732 3149 τῆς
1768 3080 1861 3133 πί-

1966 3086 2217 3158 dogmata
2262 3087 2738 3157 perniciosamque
2780 3083 3118 3151 doctrinam,
3168 3081 3333 3155 604
3383 3097 3545 3152 quam

285 3183 455 3230 στεως
498 3168 684 3232 κακῶς
724 3169 1151 3240 ὲπινενοημένην
1193 3169 1436 3242 ὀλέθριον
1495 3171 1862 3227 διδασκαλίαν.

285 3258 578 3329 Παρελθὼν
612 3258 667 3312 δὲ
725 3260 820 3313 καὶ
856 3258 1046 3313 τούτου
1075 3260 1174 3331 τὴν
1214 3261 1457 3333 αἵρεσιν,
1505 3262 1740 3336 καθεξῆς
1770 3265 1869 3328 τάς

284 3350 470 3416 ἄλλας,
498 3352 846 3424 ἐπιπόθητοι,
885 3353 1273 3424 διασκέψομαι,
1303 3354 1436 3409 Θεὸν
1474 3356 1721 3427 συνήθως
1746 3359 1870 3410 ἐπι-

286 3443 620 3513 καλούμενος
667 3445 885 3515 ἀρωγὸν
928 3446 1029 3516 τῆς
1073 3446 1234 3516 ἡμῶν
1285 3447 1557 3511 ίδιωτίας,
1614 3449 1750 3519 πρὸς
1808 3450 1869 3502 τὸ

286 3534 579 3605 δυνηθῆναι
604 3536 876 3607 ἀντισχεῖν
909 3539 1047 3610 πρὸς
1084 3540 1265 3592 πᾶσαν
1296 3540 1439 3593 κατά
1478 3542 1577 3613 τῆς
1611 3543 1870 3615 ἀληθείας

288 3626 711 3699 ἐπεγειρομένην
734 3629 919 3697 φωνὴν
946 3630 1200 3700 ματαίαν,
1232 3632 1324 3685 καὶ
1345 3634 1599 3703 ήττῆσαι,
1636 3635 1778 3690 κατά
1804 3637 1872 3691 τὰ

289 3722 393 3776 ὑπὸ
427 3722 521 3775 τοῦ
555 3723 711 3791 ἁγίου
754 3725 974 3779 Ἡσαΐου
1005 3724 1271 3797 ῥηθέντα,
1305 3727 1389 3779 ὅτι
1422 3725 1599 3782 Πᾶσα
1630 3727 1798 3796 φωνὴ
1831 3726 1871 3795 ἢ

287 3816 774 3887 ἐπαναστήσεται
797 3820 895 3874 ἐπὶ
918 3822 1014 3887 σὲ,
1042 3821 1274 3887 πάντας
1300 3820 1525 3887 αὐτοὺς
1553 3820 1838 3889 ἡττήσεις
1856 3838 1869 3852 ο

292 3910 347 3959 οἱ
375 3908 443 3960 δὲ
476 3909 677 3977 ἔνοχοι
717 3912 962 3967 ἔσονται
1003 3914 1072 3967 ἐν
1103 3913 1260 3980 αὐτῇ
1286 3930 1299 3944 ·
1343 3914 1408 3967 ἵν’
1438 3913 1610 3975 οὕτως
1652 3917 1712 3965 ὲν
1756 3915 1875 3984 Θεῷ

294 3997 357 4049 τὸ
391 3997 714 4069 ἐπάγγελμα
753 4000 1195 4071 περαιωσάμενοι
1227 4002 1341 4064 τοῖς
1371 4000 1717 4072 βουλομένοις
1754 4018 1876 4055 νου-

294 4090 465 4160 νεχῶς
521 4091 903 4161 ἐντυγχάνειν,
958 4094 1039 4153 εἰς
1103 4093 1411 4163 γυμνασίαν
1463 4092 1724 4163 ἀληθείας
1782 4093 1876 4147 καὶ

296 4183 590 4255 φάρμακον
621 4183 845 4248 ἰάσεως,
888 4185 1017 4255 περὶ
1052 4184 1283 4237 ἑκάστου
1314 4185 1480 4256 θηρὸς
1528 4186 1624 4238 καὶ
1671 4184 1874 4239 ίοδόλου

295 4274 550 4347 ἑρπετοῦ,
580 4276 689 4330 τῶν
728 4275 1038 4349 προσώπων
1070 4276 1178 4329 τῶν
1204 4275 1487 4349 αἱρέσεων,
1522 4277 1685 4348 φημὶ,
1720 4277 1878 4350 δίκην

298 4368 594 4434 ἀντιδότου,
628 4368 721 4421 καὶ
755 4367 986 4436 ταυτησὶ
1019 4368 1118 4439 τῆς
1151 4367 1259 4421 τῶν
1301 4369 1716 4440 Ὠριγενιαστῶν
1741 4371 1878 4443 φρύ-

1968 3191 2157 3234 contra
2191 3181 2477 3235 veritatem
2522 3179 2710 3234 multis
2763 3179 2820 3233 in
2870 3177 2997 3233 ﬁdei
3049 3184 3251 3233 nostra:
3300 3175 3581 3245 partibus'

1969 3271 2317 3340 excogitavit.
2363 3267 2523 3323 Nunc
2563 3269 2712 3324 illius
2746 3268 2943 3323 haeresi
2974 3265 3366 3338 praetermissa,
3398 3262 3555 3318 dein-

1970 3375 2101 3430 ceps
2125 3376 2235 3425 me,
2268 3360 2605 3426 charissimi,
2638 3359 2706 3414 ad
2742 3360 2879 3416 alias
2909 3356 3338 3415 considerandas
3370 3363 3554 3411 trans-

1972 3448 2175 3519 feram;
2198 3466 2229 3505 a
2248 3450 2360 3507 Deo
2373 3467 2470 3523 pro
2485 3466 2637 3507 more
2659 3451 2964 3522 postulans,
2984 3448 3268 3505 tenuitatis
3288 3455 3345 3502 ut
3360 3459 3563 3503 nostra:

1973 3543 2193 3613 adjutor
2209 3558 2332 3600 esse
2346 3545 2496 3611 velit,
2520 3552 2578 3598 ut
2598 3544 2864 3599 adversus
2882 3542 3099 3597 inanem
3115 3555 3302 3596 vocem
3319 3554 3559 3605 omnem,

1973 3652 2095 3707 quae
2133 3644 2330 3691 contra
2359 3637 2642 3691 veritatem
2675 3634 2934 3705 insurgit,
2968 3632 3247 3697 resistere,
3292 3647 3357 3687 ac
3386 3632 3561 3687 victo-

1975 3728 2112 3782 riam
2158 3727 2409 3783 obtinere
2450 3726 2751 3797 possimus,
2789 3733 2849 3780 ut
2882 3725 3050 3781 Isaias
3078 3725 3345 3795 pmpheta
3377 3724 3509 3779 dicit
3544 3744 3559 3781 :

1979 3818 2165 3900 Οηιλιίδ
2196 3832 2316 3884 uox,
2344 3832 2460 3887 qua:
2490 3817 2727 3887 insurget
2757 3824 2945 3900 contra
2970 3823 3041 3877 te,
3068 3829 3243 3868 omnes
3269 3812 3390 3867 illos
3411 3829 3565 3882 supe-

1978 3893 2154 3975 rabis;
2178 3910 2230 3963 hi
2252 3918 2425 3963 autem
2445 3909 2521 3962 rei
2542 3917 2698 3961 erunt
2724 3908 2776 3961 in
2800 3907 2898 3961 illa
2921 3893 2961 3961 ⁵.
2994 3905 3065 3961 Ut
3093 3920 3216 3961 cum
3244 3904 3336 3959 Dei
3362 3906 3565 3959 auxilio

1978 4000 2122 4070 quod
2147 4001 2539 4070 proposuimus
2569 3998 2835 4062 exsecuti,
2873 3997 2926 4051 in
2961 4011 3150 4051 eorum
3186 3997 3438 4066 gratiam,
3469 3996 3566 4065 qui

1979 4093 2257 4163 sapienter
2287 4092 2404 4147 lucc
2437 4099 2629 4147 nostra
2672 4091 2854 4159 legere
2883 4088 3185 4150 voluerint,
3219 4087 3286 4142 ad
3326 4088 3569 4143 illustra—

1978 4186 2184 4239 tionem
2241 4182 2528 4245 veritatis,
2587 4190 2635 4237 el
2692 4181 2935 4235 salutare
2996 4178 3268 4250 quoddam
3327 4176 3569 4233 medica-

1981 4283 2252 4340 mentum,
2286 4272 2431 4344 quod
2462 4272 2687 4327 antidoti
2719 4272 2791 4329 sit
2824 4270 3030 4333 instar.
3070 4271 3335 4325 adversus
3372 4270 3567 4325 unius-

1982 4370 2251 4440 cujusque
2272 4367 2568 4439 serpentis,
2596 4381 2659 4421 ac
2679 4364 2933 4421 venenati
2958 4363 3169 4435 reptilis
3192 4363 3442 4428 insidias,
3465 4363 3569 4417 hoc

298 4479 389 4515 νου
415 4460 570 4531 δίκην
606 4459 1049 4532 μεμορφωμένης
1089 4461 1153 4512 ὲκ
1182 4460 1384 4524 νοτίδος
1427 4461 1630 4532 πολλῆς
1668 4464 1863 4518 κυκῶν·

1977 4470 2062 4517 est
2089 4461 2269 4516 varias
2304 4460 2580 4514 haereseon
2635 4457 2870 4521 formas,
2914 4464 2969 4511 et
3013 4455 3178 4525 hujus
3229 4454 3570 4527 Origcniana:

298 4568 410 4615 τος,
444 4551 540 4604 καὶ
576 4553 727 4621 φωνῇ
773 4547 982 4621 μείζονι
1030 4548 1562 4621 ὲπικραυγάζοντος,
1590 4552 1863 4625 λαϐόμενα

1978 4553 2347 4624 potissimum.
2391 4568 2514 4622 qum
2550 4552 2725 4606 instar
2769 4550 2974 4605 rubctze
3011 4551 3182 4605 multo
3226 4564 3295 4604 ex
3342 4550 3571 4604 humore

299 4641 398 4713 τὴν
446 4641 539 4695 τοῦ
586 4641 790 4712 Κυρίου
840 4640 1136 4696 ἀνάστασιν
1190 4643 1518 4712 προπότιον,
1564 4643 1640 4708 ὡς
1672 4646 1877 4709 εἰπεῖν,

299 4733 695 4804 ἀποὸλύσωμεν
742 4732 802 4786 τὸ
849 4731 1181 4804 γλισχρῶδες
1232 4733 1325 4786 τοῦ
1366 4734 1446 4787 ἰοῦ
1489 4734 1583 4788 τοῦ
1633 4736 1834 4809 φρύνου
1861 4777 1877 4803 ,

1980 4647 2224 4701 formatae
2278 4646 2471 4700 miscet
2526 4644 2731 4707 omnia,
2795 4657 2860 4698 ac
2893 4642 3087 4712 majori
3139 4642 3383 4697 clamore
3439 4656 3574 4696 con-

1980 4735 2176 4799 tendit,
2207 4735 2411 4790 Christi
2464 4733 2680 4790 Domini
2715 4734 3121 4789 resurrectione
3160 4740 3397 4804 sumpta,
3428 4733 3573 4787 velut

303 4825 399 4877 καὶ
442 4823 781 4895 ὲρπετώδους
827 4822 1100 4894 μοχθηροῦ
1140 4823 1238 4895 τὴν
1276 4825 1507 4880 ἀδικίαν.
1556 4828 1863 4899 Συμϐέϐηκι

1984 4826 2211 4899 potione
2247 4825 2483 4895 quadam
2530 4825 2596 4879 ad
2639 4824 3057 4895 praecavendum
3104 4829 3315 4892 parata,
3366 4822 3570 4877 lentum

305 4914 409 4985 γὰρ
440 4914 589 4985 αὑτῷ
623 4915 718 4968 καὶ
760 4914 919 4968 τοῦτο
958 4914 1096 4985 μετά
1135 4915 1353 4969 πάντων
1388 4917 1498 4971 τῶν
1536 4918 1744 4974 παθῶν.
1789 4922 1875 4985 Ὠς

304 5007 443 5077 ὑπὲρ
476 5007 639 5060 αὑτοῦ
697 5008 891 5079 πάσχω
932 5006 1026 5058 καὶ
1076 5006 1336 5071 στενάζω.
1384 5009 1506 5062 Ὅτι
1535 5009 1678 5081 οἴμοι
1712 5014 1724 5065 !
1762 5013 1883 5077 πῶς

302 5099 573 5169 ἐϐλάϐης;
611 5099 810 5163 πόσους
840 5116 901 5151 τε
944 5098 1133 5161 ἄλλους
1159 5098 1421 5169 ἔϐλαψας,
1453 5101 1529 5165 ὼς
1565 5102 1670 5156 ὑπὸ
1701 5104 1884 5176 δεινῆς

302 5190 513 5260 ἐχίδνης
533 5190 751 5261 δηχθεὶς
772 5191 880 5244 ἀπὸ
902 5190 1003 5259 τῆς
1024 5191 1293 5261 κοσμικῆς
1312 5193 1691 5263 προπαιδείας,
1716 5197 1880 5267 φημὶ,

303 5283 398 5335 καὶ
423 5282 602 5345 ἄλλοις
623 5282 947 5354 δηλητήριον
976 5283 1237 5351 γέγονας;

1996 4934 2062 4974 ac
2120 4917 2574 4973 viscosumvirus
2629 4931 2992 4987 exspuemus,
3052 4915 3312 4970 nimirum
3368 4915 3575 4969 rubetae

1994 5010 2142 5065 illius
2185 5024 2249 5063 ac
2282 5009 2552 5079 serpentis
2582 5007 2904 5078 nequissimi
2932 5006 3248 5077 perniciem.
3279 5004 3394 5060 Hoc
3427 5005 3575 5060 enim

1990 5101 2110 5172 ipse
2135 5101 2203 5155 ad
2233 5101 2368 5157 alias
2388 5102 2732 5155 calamitates
2758 5100 3013 5155 accessit.
3047 5097 3198 5153 Unde
3230 5099 3376 5153 illius
3406 5113 3573 5152 causa

1989 5196 2147 5252 doleo
2170 5210 2235 5250 ac
2256 5196 2607 5250 vehementer
2636 5194 2952 5266 iugemisco.
2981 5192 3075 5249 liei
3104 5193 3233 5246 mihi
3258 5194 3270 5245 ι
3295 5192 3570 5262 quomodo

1990 5289 2155 5345 laesus
2192 5289 2309 5359 ipse
2336 5289 2458 5343 illos
2487 5288 2780 5358 plerosque
2802 5286 3014 5351 ltesisti,
3044 5295 3205 5356 atque
3232 5285 3300 5339 ab
3325 5284 3569 5339 externis

306 5375 494 5430 mundi
523 5376 687 5444 hujus
715 5374 1043 5444 disciplinis,
1081 5376 1239 5445 quasi
1267 5377 1334 5430 ab
1362 5376 1610 5432 horribili
1647 5377 1881 5448 quadam
1918 5379 2106 5452 vipera
2172 5395 2412 5446 morsus,
2445 5379 2662 5435 caneris
2694 5377 2887 5434 veneni
2924 5379 3099 5434 instar
3152 5394 3211 5434 es
3244 5377 3460 5432 factus?

376 5468 512 5522 Φασὶ
542 5466 651 5538 γὰρ
681 5467 730 5520 οἱ
788 5468 1099 5536 φυσιολόγοι
1146 5469 1259 5538 (55)
1306 5468 1397 5522 τὸν
1449 5470 1660 5540 μυωξὸν
1695 5472 1886 5541 ἐμφω-

2082 5472 2351 5527 Caeterum
2387 5470 2721 5525 naturalium
2772 5485 2955 5526 rerum
3002 5470 3298 5541 scriptores
3320 5477 3575 5527 asserunt

307 5560 510 5624 λεύειν,
549 5562 646 5615 καὶ
678 5562 744 5614 τά
803 5562 1118 5632 γεννήματα
1164 5562 1331 5616 αὑτοῦ
1374 5565 1661 5617 ὲπιτοαυτὸ
1717 5565 1863 5619 πολλι

1993 5578 2249 5633 myoxum
2281 5564 2337 5617 in
2380 5561 2619 5618 latibulis
2650 5561 2767 5618 suis
2800 5562 2941 5618 fetus
2971 5561 3159 5616 eodem
3193 5569 3347 5632 partu
3387 5567 3573 5633 plures

307 5652 534 5714 τίκτειν,
559 5650 665 5713 ἕως
694 5649 856 5703 πέντε
886 5654 983 5704 καὶ
1012 5650 1117 5713 ἔτι,
1138 5651 1238 5715 τάς
1260 5651 1318 5705 δὲ
1343 5652 1554 5723 ἐχίδνας
1581 5653 1638 5707 δὲ
1664 5654 1863 5709 τούτου

1992 5653 2176 5720 edere,
2205 5651 2447 5723 quinque
2468 5650 2753 5718 videlicet,
2782 5660 2838 5709 et
2861 5668 2927 5709 eo
2952 5651 3207 5723 amplius,
3239 5653 3416 5725 iisque
3441 5655 3575 5713 insi-

377 5748 492 5820 (55)
532 5751 686 5804 Φασὶ
721 5753 832 5821 γὰρ
861 5759 914 5809 οἱ
942 5759 1317 5828 φυσιολόγοι.
1348 5761 1580 5826 Μυωξοῦ
1608 5764 1857 5819 meminit

1968 5764 2257 5818 Ancoruto.

381 5842 397 5874 ¹
423 5840 552 5898 Cor.
588 5845 957 5910 παραδολευθ.
1036 5851 1271 5912 'Ezech.
1307 5870 1515 5918 xxxv",
1554 5856 1605 5910 7.
1682 5856 1851 5913 'Gcn.

1992 5860 2078 5915 l0.
2160 5860 2181 5890 ⁸
2205 5857 2308 5914 lsa.
2340 5874 2453 5925 LIV,
2484 5856 2572 5911 Π.
