1934 3029
138 163 163 184 ιν
708 159 849 188 NOTITIA
869 160 903 188 ΙΝ
923 161 952 190 S.
970 160 1182 190 EPIPHANIUM

169 214 211 241 10.
234 213 408 250 Epiphanius,
423 216 567 250 episcopus
581 215 657 249 Afer,
671 216 703 244 de
716 225 771 252 quo
785 217 978 254 Martyrologia
995 218 1010 244 7
1025 219 1110 254 April.

167 261 210 287 11.
232 260 344 288 Flavius
365 261 467 289 Annius
487 262 637 289 Eucherius
658 262 833 297 Epiphanius,
852 264 903 291 sub
920 264 1042 291 llonorio
1056 270 1084 293 et
1100 265 1256 293 Tlieodosto
1282 265 1426 300 praefectus
1441 269 1529 304 urnis,
1553 271 1586 298 Δ.
1602 271 1633 300 C.
1648 262 1712 306 114,
1732 273 1765 302 de

133 316 186 345 quo
201 308 258 336 Jac.
277 309 461 338 Gothofredus
481 311 515 338 ad
536 310 602 338 Cod.
631 311 760 339 Theodos.
789 313 836 340 lib.
854 321 880 346 v,
900 313 937 340 De
952 314 1063 341 domest.
1078 319 1102 341 et
1117 319 1271 349 protector.,
1288 320 1314 342 et
1325 315 1434 344 Gruteri
1452 317 1589 354 lnscript.,
1603 328 1629 355 p.
1643 329 1724 354 cux,
1736 322 1754 349 5

167 355 210 382 12.
233 355 397 391 Epiphanius
421 358 581 389 monachus,
607 358 640 385 ad
656 366 736 393 quem
755 359 876 394 epistolae.
893 359 922 388 S.
952 359 1015 387 Nili.
1034 359 1245 395 Videndumque
1275 369 1308 389 an
1325 362 1451 391 diversus
1470 364 1505 392 ab
1522 364 1573 393 hoc
1595 365 1763 402 Epiphanius

132 402 225 437 lector,
245 404 278 431 ad
291 412 371 439 quem
390 405 460 432 idem
475 405 551 433 Nilus
563 407 668 434 scribit.

167 450 210 478 15.
232 451 262 478 S.
278 451 452 486 Epiphanius,
470 453 616 481 Ticinensis
634 455 691 482 sive
706 454 845 488 Papiensis
859 456 1006 490 episcopus,
1023 455 1069 490 qui
1085 463 1183 491 magna
1196 456 1267 491 apud
1287 456 1486 485 Theodoricum
1508 466 1598 495 regem
1613 461 1700 495 gratia
1714 469 1760 488 va-

136 496 220 531 lebat,
236 498 308 525 circa
324 499 356 525 A.
375 499 405 526 C.
422 500 483 532 190,
498 500 578 535 cujus
600 500 689 527 Vitam
704 501 813 536 scripsit
826 509 970 529 successor
983 501 1134 529 Ennodius.
1149 500 1215 528 Vide
1232 502 1342 529 Surium
1355 508 1382 530 et
1397 503 1558 532 Bollandum
1570 506 1604 533 ad
1618 507 1705 533 21-22
1719 506 1754 535 Ja~

130 551 210 616 nutlir.
230 549 257 572 et
278 544 418 574 Sirmondi
444 546 595 574 Ennodium
620 552 687 576 tom.
703 547 714 574 l
728 547 796 583 Opp.
815 549 972 583 Sirmondi,
987 557 1014 585 p.
1033 549 1100 577 1617
1117 558 1175 586 seq.
1200 549 1354 578 Tillemont.
1373 555 1438 579 tom.
1454 551 1517 579 XVI
1534 552 1646 582 Memor.
1667 555 1761 582 histor.

130 597 171 616 ecc
185 598 220 616 es.

129 597 220 616 ecctes.

166 635 209 663 14.
232 635 408 671 Epiphanius,
436 638 600 671 chartarius,
616 639 672 667 sive
687 639 872 667 chartularius
887 641 994 668 comitis
1006 641 1174 676 patrimonii,
1190 642 1270 677 cujus
1283 642 1408 670 meminit
1419 641 1560 673 Ennodius
1574 644 1620 672 Vll
1631 665 1638 679 ,
1660 646 1671 673 1
1687 650 1713 673 et
1730 646 1763 674 10

129 682 208 716 epist.

166 730 208 757 15.
231 730 395 765 Epiphanius
420 731 551 763 Peli-reus,
570 732 667 767 Syrus,
684 731 784 759 Juliani
808 737 835 760 ct
857 732 965 768 Ulpiani
979 755 986 766 ,
1001 734 1161 767 rhetorum,
1179 735 1340 771 discipulus,
1365 739 1412 777 qui
1435 743 1462 767 et
1485 740 1512 767 in
1538 741 1625 775 patria
1642 746 1669 769 et
1688 743 1759 777 apud

128 778 308 806 Athenienses
321 780 423 807 docuit.
440 779 477 807 De
503 781 548 808 illo
561 780 702 816 Eunapius
717 785 744 809 et
761 781 860 809 Suidas
876 783 891 817 (4

1003 783 1103 817 scripta
1117 783 1198 810 etiam
1222 789 1356 817 recenset,
1375 785 1444 819 Περὶ
1459 788 1616 820 κοινωνίας
1629 788 1678 814 καὶ
1695 788 1757 816 διει-

129 822 223 858 φορᾶς
238 823 296 851 τῶν
324 824 463 851 στάσεων
481 825 757 860 Ιιρογυμνάσματα,
774 826 925 860 Μελέτας,
941 828 1139 862 Δημαρχικὸν,
1154 830 1396 864 Πολεμαρχικὸν,
1410 832 1524 866 Λόγους
1542 832 1759 867 ἐπιδεικτικούς

129 874 156 896 et
171 870 324 905 σύμμικτα
338 872 519 905 θεωρηματα.
537 871 601 907 Ejus
621 872 738 907 hymnus
756 873 784 899 in
805 872 892 899 Bacch

994 881 1077 900 ποίη.
1097 881 1139 907 vi,
1160 874 1206 901 25.
1231 874 1271 902 Ad
1287 875 1360 903 hunc
1377 875 1557 913 Epiplianium
1575 879 1680 907 Libanii
1698 881 1757 916 epi-

129 917 214 945 stolas.

164 965 208 993 16.
231 964 407 1000 Epiphanius,
426 964 513 992 Mileti
526 966 673 1000 episcopus,
698 965 745 1000 qui
762 965 885 993 interfuit
901 966 1006 1001 synodo
1031 965 1162 1001 septimae,
1181 967 1237 994 sive
1250 965 1365 994 Nicaenm
1380 968 1514 1001 secundae,
1540 976 1593 997 una
1610 977 1671 997 cum
1692 970 1759 1005 Epi-

129 1013 241 1048 phanio,
265 1013 396 1049 episcopo
409 1013 580 1041 Eleuthernze
593 1018 619 1039 et
632 1013 718 1040 altero
733 1013 853 1048 Λάμπης
867 1013 925 1040 sive
941 1013 1060 1048 Lampus,
1073 1019 1100 1041 ct
1113 1013 1266 1048 Epiphanio
1281 1013 1451 1049 Hegumeno,
1467 1017 1525 1044 sive
1544 1018 1758 1046 archimandrita

129 1059 296 1092 Paranandi,
313 1063 341 1087 et
355 1059 507 1095 Epiphanio
526 1059 643 1086 diacorio
661 1058 818 1090 Catanensi,
830 1059 948 1093 episcopi
964 1058 1096 1086 Sardinia:
1109 1060 1222 1091 vicario,
1238 1061 1285 1096 qui
1301 1069 1456 1089 sermonem
1472 1064 1664 1098 panegyricum
1680 1064 1756 1092 tinita

129 1106 174 1133 illa
195 1106 303 1141 habuit,
319 1107 366 1142 qui
382 1106 478 1133 Latine
489 1108 578 1132 exstat
593 1108 659 1131 tom.
675 1103 708 1130 lll
722 1104 802 1136 Binii,
819 1112 880 1139 pag.
900 1104 963 1131 708.

164 1155 208 1182 17.
231 1154 413 1190 Epiphanius,
433 1153 558 1188 Selybria:
583 1153 609 1179 in
625 1151 740 1179 Thracia
764 1153 918 1186 episcopus,

993 1160 1024 1180 em
1041 1151 1140 1180 Suidas
1155 1157 1247 1180 narrat
1269 1153 1415 1188 scripsiSSe
1433 1155 1531 1190 Λόγον
1546 1156 1756 1191 ἀντιρρητικόν

130 1202 260 1230 adversus
278 1201 465 1234 Iconocautas,
482 1200 540 1228 sive
554 1207 602 1227 eos
615 1200 662 1234 qui
676 1199 809 1234 imagines
823 1200 990 1227 cremabant.

166 1248 209 1275 18.
232 1248 396 1283 Epiphanius
409 1246 573 1282 patriarcha,
599 1246 637 1273 De
650 1247 756 1281 origine
770 1247 875 1275 dissidii
892 1249 963 1275 inter
982 1247 1092 1276 Graecos
1107 1253 1135 1275 et
1159 1247 1280 1281 Latinos,
1306 1256 1340 1276 ex
1355 1255 1408 1284 quo
1424 1247 1527 1283 profert
1541 1250 1671 1277 nonnulla
1685 1251 1757 1278 Aila-

130 1296 193 1327 tius,
217 1295 316 1324 Contra
331 1295 544 1331 Creiygtltonum,
560 1302 622 1330 pag.
640 1295 704 1328 577,
721 1295 782 1322 571.

167 1346 209 1373 19.
232 1345 397 1380 Epiphanius
415 1338 622 1378 Alexandrinus,
640 1351 782 1372 sacrorum
798 1343 913 1372 Osiridis
924 1349 951 1372 et
965 1345 1009 1372 dei
1024 1345 1138 1378 Αῑῶνος,
1158 1345 1215 1373 sive
1229 1344 1302 1378 lEvi,
1320 1345 1461 1381 interpres,
1478 1346 1511 1374 de
1527 1354 1582 1382 quo
1596 1346 1756 1374 Damascius

130 1395 200 1430 apud
215 1394 337 1422 Suidam.
359 1394 440 1421 FABR.

165 1442 206 1469 Ab
222 1441 370 1476 Epiphanio
395 1444 487 1470 nescio
513 1451 577 1479 quo,
594 1451 646 1471 nec
668 1443 815 1471 Lambecio
834 1444 860 1470 in
876 1442 1023 1470 Comment.
1044 1443 1112 1470 Bibl.
1131 1442 1243 1474 Casam.
1267 1442 1312 1475 1V,
1330 1450 1391 1478 pag.
1407 1443 1470 1475 361,
1488 1443 1555 1470 satis
1581 1443 1706 1477 cognito,
1726 1443 1753 1469 in

130 1492 192 1519 cod.
210 1491 272 1523 164,
286 1499 313 1519 n.
329 1492 357 1525 «1,
372 1498 560 1528 proponuntur
577 1493 683 1520 cuidam
698 1491 727 1520 S.
744 1494 803 1519 viro
818 1491 981 1524 Quwstiones
996 1491 1078 1519 uaria:
1091 1499 1124 1517 ea:
1146 1490 1176 1518 S.
1201 1490 1230 1518 S.
1249 1495 1276 1518 et
1297 1491 1330 1518 ad
1353 1491 1415 1519 illas
1435 1491 1577 1518 memorati
1592 1492 1643 1518 viri
1667 1491 1753 1518 sancti

131 1539 320 1572 responsiones.
334 1537 389 1565 Inc.
409 1539 468 1566 sine
485 1539 538 1566 ulla
553 1539 739 1574 inscriptione,
761 1539 790 1565 '0
805 1538 833 1565 δὲ
853 1538 894 1564 ‘Er

988 1546 1010 1569 );
1027 1535 1192 1573 παραλαῦὼν
1206 1536 1251 1563 τὸν
1271 1535 1421 1572 μακάριον,
1439 1536 1549 1572 ἔρχεται
1563 1537 1604 1567 εἰς
1616 1536 1661 1562 τὸν
1676 1535 1751 1570 ἅγιον

136 1585 324 1621 Ἀ·ίαοονίκην.

165 1631 205 1658 Ad
220 1629 399 1665 Epiphaniam
426 1631 510 1658 filium
531 1629 639 1664 scripsit
660 1628 744 1662 Theo,
761 1628 978 1662 Alexandrinus,
996 1628 1195 1663 Expositionem
1215 1636 1237 1654 δ.
1261 1632 1401 1662 syntagma
1425 1626 1566 1653 secundum
1580 1626 1608 1652 in
1621 1625 1754 1660 expeditos

132 1676 268 1703 Ptolemaei
282 1683 404 1703 canones.
422 1675 454 1703 V.
471 1675 542 1704 infra
559 1675 613 1703 vol.
632 1673 689 1701 Vill
705 1679 757 1701 vel.
775 1674 831 1706 ed.,
846 1682 907 1708 pag.
923 1673 989 1706 212,
1015 1679 1042 1700 et
1058 1673 1173 1700 Bandini
1187 1672 1271 1699 lndic.
1289 1672 1321 1699 ad
1347 1671 1406 1699 Cat.
1426 1672 1502 1699 codd.
1519 1672 1565 1699 Gr.
1582 1672 1676 1704 Laur.,
1692 1678 1751 1698 voc.

133 1722 254 1750 Theonis.

167 1769 331 1805 Epiphanius
350 1773 394 1804 (an
408 1769 526 1797 Theonis
543 1769 649 1804 filius?)
664 1774 690 1796 et
705 1769 822 1795 Andreas
837 1768 930 1802 Περῌ

989 1766 1052 1793 -τῶν
1074 1767 1122 1793 καὶ
1138 1767 1309 1802 ἀστραπῶν,
1325 1767 1429 1799 Grazce,
1447 1767 1474 1794 in
1487 1768 1548 1794 cod.
1564 1766 1584 1794 Il
1601 1766 1648 1794 Ge.
1667 1765 1752 1792 Whe-

136 1817 185 1846 leri
203 1818 229 1845 in
244 1817 331 1844 Catal.
346 1817 423 1844 codd.
438 1817 550 1852 Anglia,
572 1822 636 1850 etc.,
651 1816 684 1851 ll,
701 1825 763 1852 pag.
779 1817 842 1848 557,
857 1825 884 1843 u.
902 1816 982 1844 9075.
1005 1815 1148 1850 Epiphanii
1161 1835 1169 1848 ,
1184 1815 1301 1842 Nemesii
1322 1817 1447 1851 episcopi,
1463 1815 1559 1851 fragm.
1576 1816 1607 1842 ὲκ
1622 1814 1668 1842 τοῦ
1680 1814 1750 1848 Περὶ

132 1865 353 1902 φιλανθρώπου,
370 1865 398 1892 ἰη
416 1864 575 1900 Florilegio,
591 1871 656 1898 etc.,
670 1865 771 1894 iucod.
786 1864 895 1892 Nauian‘

619 1874 656 1898 c.,
670 1865 771 1894 incod.
786 1864 910 1892 Nauiano
925 1865 986 1898 152,
1004 1872 1066 1899 pag.
1082 1864 1132 1891 507
1147 1863 1278 1899 Catalogi.
1299 1863 1382 1892 HARL.

735 1981 779 2010 lll.
799 1989 939 2009 EDITIONES
958 1989 980 2008 s.
1002 1989 1144 2009 EPll’l-IANII.

167 2086 259 2114 Graece
278 2085 396 2120 primum
411 2084 584 2116 Ancoratum,
613 2083 771 2117 Panarium,
797 2083 1029 2118 Anacephalwosin
1053 2088 1080 2110 et
1095 2084 1195 2111 librum
1220 2083 1258 2110 De
1282 2083 1411 2110 mensuris
1436 2091 1467 2109 ar
1486 2082 1644 2117 ponderibus
1668 2080 1754 2109 edidit

135 2131 160 2159 Ι.
178 2131 315 2167 Oporinus
339 2138 372 2158 ex
390 2130 481 2157 codice
495 2137 576 2164 quem
599 2129 788 2156 Melanchthon
813 2134 840 2156 et
865 2128 960 2156 Joach.
976 2128 1151 2155 Camerarius
1175 2135 1189 2154 a
1205 2126 1229 2154 ι.
1255 2127 1358 2162 Lango,
1381 2126 1561 2158 Erfurdiensi,
1580 2130 1750 2160 acceperant.

136 2182 248 2209 Basileze
275 2180 300 2208 J.
326 2179 452 2213 Hervagii
468 2185 576 2214 sumptu
595 2183 622 2206 et
640 2180 709 2214 typis
725 2187 750 2206 a.
769 2179 848 2210 15-11,
874 2179 920 2205 fol.
945 2178 1008 2205 llrec
1030 2178 1111 2205 editio
1134 2185 1215 2204 manu
1231 2175 1341 2211 Josephi
1359 2174 1487 2210 Scaligeri
1504 2179 1531 2201 et
1553 2174 1623 2201 Dan.
1649 2173 1752 2200 Heinsii

135 2229 237 2264 passim
251 2232 341 2255 notata
358 2227 408 2254 fuit
424 2227 450 2253 in
464 2225 529 2253 bibl.
548 2224 606 2252 Nic.
622 2225 736 2252 Hcinsii.
753 2224 920 2251 FABn.——Esl
937 2231 1045 2258 quoque
1061 2223 1177 2257 exelnpl.
1193 2223 1220 2248 in
1236 2222 1300 2249 bibl.
1314 2221 1391 2248 acad.
1409 2219 1588 2255 Erlang—8.
1609 2219 1752 2254 Epiphanii

136 2278 202 2312 Opp.
217 2286 277 2306 cum
291 2277 382 2304 oollat.
399 2275 478 2303 codd.
504 2280 530 2302 et
546 2275 617 2301 nolis
641 2281 708 2301 mss.
729 2278 836 2300 exstant
852 2273 878 2299 in
896 2272 961 2299 bibl.
985 2272 1035 2299 Ed.
1056 2270 1197 2302 Bernardi,
1214 2270 1362 2297 secundum
1380 2267 1441 2295 Cat.
1465 2266 1542 2293 codd.
1557 2266 1670 2312 Anglia,
1686 2269 1750 2312 etcz.

135 2308 243 2359 ιιξρειε.
264 2323 327 2353 227.
348 2330 375 2349 η.
394 2322 458 2349 uel
473 2330 480 2354 ;
496 2321 523 2348 in
541 2320 609 2347 Bibl.
628 2323 718 2347 autem
734 2318 875 2349 Leidensi,
895 2317 991 2352 Epiph.
1010 2316 1078 2351 Opp.
1101 2315 1186 2343 θυεερ.
1204 2314 1286 2341 Basil.
1304 2313 1402 2359 ists,
1415 2317 1442 2339 et
1468 2312 1561 2359 eadem
1580 2310 1643 2359 tat.
1661 2308 1751 2359 per-5.

134 2355 259 2401 cor-nar,
273 2369 309 2395 ib.
327 2367 405 2400 1578,
424 2367 483 2400 fol.,
502 2374 564 2395 cum
592 2364 684 2392 multis
699 2363 757 2392 Jos.
777 2363 906 2398 Scaligcri
928 2362 1009 2395 notis,
1039 2361 1155 2397 margini
1174 2360 1309 2395 ascriptis.
1331 2358 1364 2386 V.
1383 2357 1444 2385 Cat.
1463 2357 1525 2384 bibl.
1539 2357 1625 2390 μία..
1652 2363 1679 2390 p.
1707 2355 1752 2382 39.

135 2417 219 2444 Hinc.

169 2465 265 2493 Latine
279 2463 373 2491 eadem
399 2465 517 2497 quatuor
530 2457 672 2494 Epiphanii
689 2456 788 2491 scripta
801 2463 832 2482 ex
846 2454 906 2482 Jani
920 2453 1042 2482 Cornarii
1056 2454 1180 2481 versione
1194 2454 1353 2489 prodierunt
1363 2454 1481 2489 primum
1497 2452 1609 2479 Basilea1
1622 2451 1654 2477 A.
1673 2450 1753 2481 1515,

135 2514 194 2545 [οι.Ι
209 2513 307 2540 edente
320 2514 415 2538 eodem
430 2508 559 2544 Oporino.
575 2506 642 2534 Nam
664 2505 797 2533 editiones
815 2503 899 2531 Basil.
916 2503 981 2530 anni
1003 2502 1070 2530 1533
1088 2507 1114 2529 et
1128 2502 1196 2529 1540
1208 2523 1215 2534 ,
1233 2510 1302 2538 quas
1318 2502 1390 2530 Elias
1407 2502 1442 2529 du
1458 2501 1506 2528 Pin
1521 2505 1549 2528 et
1563 2499 1636 2527 Guil.
1650 2500 1754 2527 Caveus

135 2544 195 2594 post
211 2557 389 2585 Possevinum
408 2558 569 2585 memorant,
585 2559 717 2587 nusquam
735 2555 852 2583 exstant,
877 2555 907 2577 ut
930 2555 1001 2576 recte
1018 2550 1146 2577 observat
1164 2549 1244 2583 Casp.
1269 2548 1431 2584 Sagittarius
1451 2547 1478 2574 in
1499 2545 1699 2572 Introductione
1719 2544 1753 2570 ad

135 2592 199 2634 hist.
216 2605 318 2637 eccles.,
335 2612 360 2639 p.
379 2603 439 2630 791.
456 2601 488 2628 Ει
505 2601 574 2636 apud
589 2600 739 2627 Gesnerum
757 2598 827 2625 male
842 2605 898 2625 exet

989 2597 1069 2627 1555,
1085 2604 1133 2630 pro
1148 2596 1227 2623 1515.
1244 2595 1377 2623 Caeterum
1391 2596 1419 2622 in
1435 2595 1601 2622 editionibus
1615 2593 1696 2620 Basil.
1718 2592 1740 2618 Δ

136 2654 214 2688 1515,
231 2653 300 2682 1560
315 2646 461 2688 (ωῗ1578,
478 2649 536 2681 fol.,
553 2647 640 2676 Puris.
657 2647 736 2679 1564,
759 2647 798 2679 8°,
816 2646 888 2681 apud

991 2652 1063 2672 Enum
1086 2643 1215 2677 Parvum,
1241 2642 1357 2671 accessit
1373 2642 1480 2670 libellus
1494 2641 1532 2669 De
1548 2647 1601 2669 vita
1617 2639 1754 2676 propheta-

173 2799 210 2834 (a)
231 2797 263 2825 Et
276 2797 396 2834 Eudocia
410 2795 438 2822 in
455 2793 559 2828 Ὶωνιᾷ,
572 2799 599 2827 p.
619 2791 670 2818 165
680 2810 687 2823 ,
700 2789 745 2817 ubi
762 2788 860 2824 legitur
872 2789 916 2824 δη-

992 2787 1260 2828 ?piphapii—pontra
1283 2786 1416 2834 octogi'r’tta
1432 2785 1622 2834 horreas/{opus
1634 2800 1668 2834 Τ
1685 2782 1755 2834 Jar’ip

410 2818 438 2822 ﬂ-
464 2818 494 2820 HV
504 2818 507 2820 -
517 2818 521 2819 7
530 2818 537 2828 λ
553 2818 559 2825 Ι
573 2818 582 2827 Ι
681 2818 687 2823 1
788 2818 802 2824 ⁸
899 2818 904 2824 ’
971 2818 1099 2850 (ἐὸνὶιανὶο
1111 2838 1145 2843 -
1156 2822 1306 2855 interprete.
1315 2818 1352 2841 -ξ
1361 2820 1419 2848 Una
1432 2829 1492 2847 cum
1505 2818 1699 2853 uliisrejugdem
1719 2818 1755 2845 D_

188 2869 206 2872 -Α
233 2870 237 2872 -
301 2868 307 2872 -
387 2865 451 2872 mm.
486 2864 491 2870 -
535 2863 546 2872 ι-
565 2865 619 2872 ην..
642 2860 769 2872 ---ξ-...α
796 2864 834 2872 -...
854 2868 861 2872 .
884 2858 903 2872 ιι
974 2857 1112 2872 ιπηςηιηηεε
1126 2855 1244 2872 unum."
1272 2857 1368 2872 κυνί...
1390 2863 1458 2872 mn...
1471 2855 1572 2872 Annum.
1588 2854 1659 2872 "1.".
1681 2861 1754 2872 ..,,,,,

276 2854 469 2899 ρᾶῗὶῗιδδυ,
486 2864 512 2892 in
534 2863 623 2890 fronte
641 2860 771 2896 scriptum
794 2864 836 2887 est
854 2868 861 2886 :
880 2858 914 2885 υ.
971 2857 1112 2892 Epiphanii
1126 2855 1255 2891 operibus,
1270 2857 1369 2891 partim
1390 2863 1458 2883 nunc
1470 2855 1573 2882 demum
1588 2854 1660 2882 ultra
1679 2861 1754 2887 supe-
