1934 3029
755 115 897 148 ΝΟἸῚἸΊΑ
916 119 950 147 1N
972 119 1001 146 S.
1023 118 1246 147 EPIPHANIUM.

1048 118 1246 147 PIPHANIUM.
1794 120 1811 142 ν

183 189 244 208 rum
258 188 290 208 ex
304 181 428 208 versione
445 179 542 207 Albani
559 179 664 213 Torini,
676 185 703 208 et
717 181 838 216 Epistula
851 182 885 208 ad
900 181 1029 209 Joannem
1047 181 1317 216 Ilierosolymitanum
1331 180 1491 214 episcopum,
1503 176 1531 205 S.
1546 177 1709 212 Hieronymo
1725 176 1812 203 inter-

185 232 272 263 prete.
286 227 319 255 Et
336 228 363 254 in
377 227 444 256 edit.
457 227 546 254 Paris.
570 226 649 259 1566,
669 227 729 259 1⁵01..
747 227 936 256 Theodoretus
950 227 987 255 De
1003 228 1134 254 hwreticis
1152 227 1261 262 fabulis.
1279 225 1348 254 Hinc
1363 225 1426 253 Seb.
1452 224 1620 251 Cramoisius
1637 223 1665 249 in
1685 230 1733 250 sua
1752 222 1811 250 edi-

185 275 260 303 tione
274 274 361 302 Paris.
379 274 459 309 1612,
476 275 536 308 fol.,
550 283 603 303 non
620 276 701 303 modo
716 275 841 303 Cornarii
856 276 1007 303 versionem
1022 284 1053 303 ex
1070 275 1310 303 observationibus
1320 273 1378 302 Jac.
1390 273 1459 301 Billii
1474 274 1519 302 lib.
1536 282 1556 306 ι,
1574 281 1599 301 e.
1619 273 1662 306 18,
1677 277 1704 301 et
1718 273 1765 300 lib.
1779 281 1811 303 ιι,

184 330 211 349 e.
229 322 274 353 15,
289 322 373 349 variis
389 322 415 348 in
429 321 496 348 locis
513 321 652 348 emendari
668 321 782 352 curavit.
809 321 855 348 sed
871 321 952 348 etiam
971 321 1097 355 adjunxit
1109 321 1202 348 Graece
1216 324 1244 348 et
1257 319 1353 347 Latine
1369 319 1558 354 Physiologum
1569 324 1596 346 et
1614 326 1767 346 sermonem
1783 318 1811 344 in

185 368 282 403 festum
298 367 456 394 Palmarum
472 375 533 394 cum
545 367 671 394 versione
685 371 712 393 et
728 367 801 394 notis
812 366 842 393 D.
858 367 969 394 Consali
986 366 1076 394 Ponce
1084 366 1117 394 de
1132 365 1217 398 Léon,
1232 365 1412 401 Hispalensis,
1426 370 1452 393 et
1464 365 1609 393 Homiliam
1625 365 1664 393 De
1678 365 1813 401 sepultura

187 412 289 440 Christi
303 420 365 440 cum
381 412 508 440 versione
522 411 651 440 Stanislai
669 412 813 440 thnicii.

221 459 359 486 Editiones
371 459 585 487 Cnseo—Latinae
598 459 636 495 (a)
649 469 654 486 :
670 459 694 486 1.
705 459 877 491 Parisieusis,
893 460 1062 487 sectionibus
1073 459 1130 487 sive
1139 459 1273 494 capitibus
1288 459 1427 492 distincta,
1443 467 1505 486 cum
1522 458 1646 486 versione
1660 462 1687 486 et
1700 458 1814 485 eruditis

187 507 258 535 notis
273 507 393 542 Dionysii
414 507 534 539 Petavii,
555 507 585 534 S.
603 506 644 540 J.,
668 508 720 542 qui,
738 512 835 544 praeter
851 508 916 534 edit.
934 507 1117 535 Basileensem
1137 514 1203 535 usus
1219 511 1261 535 est
1286 508 1380 535 codice
1402 508 1474 542 regis
1497 507 1590 535 Gallire
1605 512 1632 534 et
1648 506 1730 534 variis
1750 506 1812 533 lect.

187 554 247 581 cod.
264 553 398 586 Vaticani,
423 563 491 590 quas
507 554 632 583 Andreas
654 555 782 583 Schottus
798 562 860 583 eum
886 556 931 583 illo
949 556 1215 586 communicaverat,
1232 555 1311 587 1622,
1337 554 1397 586 fol.,
1415 555 1522 582 duobus
1537 553 1732 585 voluminibus,
1753 561 1816 588 qua:

187 600 269 628 editio
282 609 297 628 a
314 600 424 628 Labbeo
435 606 603 630 reccnsctur.
620 602 698 635 Quod
712 610 793 637 porro
807 602 956 630 Salmasius
969 604 1017 635 ait,
1032 603 1133 630 nullam
1149 603 1274 638 paginam
1287 603 1412 630 vet'sionis
1434 601 1585 630 Petaviana:
1603 602 1749 636 insignibus
1765 601 1815 628 ali-

187 654 249 683 quot
267 650 363 676 erratis
379 658 483 683 vacare,
502 650 622 685 iniquius
637 652 739 679 dictant
753 652 838 679 videri
861 653 956 687 p05sit.
976 652 1027 680 nisi
1045 652 1149 687 majore
1164 653 1246 679 etiam
1266 652 1407 686 iniquitate
1420 651 1547 678 Petavius
1563 649 1689 676 Cornarii
1708 648 1809 676 versio-

187 703 250 723 neut
265 696 451 724 conculcasset
465 701 494 724 ut
511 697 654 723 barbaram
669 696 857 732 insulsamque,
885 705 939 732 quo
959 697 1011 724 nisi
1030 702 1177 732 praeeunte,
1191 697 1286 724 dubito
1313 705 1347 723 an
1365 703 1486 731 unquam
1502 693 1645 729 Epiphanii
1659 693 1813 721 versionem

188 750 272 770 ausus
288 742 383 771 fuisset
397 745 438 771 vel
455 735 627 771 absolvisset.
645 743 726 771 Plura
742 745 800 772 loca
813 766 820 778 ,
835 753 850 772 a
866 745 977 773 Petavio
1005 745 1095 773 minus
1110 750 1183 772 recte
1199 745 1344 778 intellecta,
1363 744 1501 772 illustrant
1518 742 1669 770 Salmasius
1685 741 1717 769 ad
1740 741 1814 768 Soli-

189 796 265 821 num,
280 789 326 823 qui
342 789 449 817 feneum
465 791 637 824 interpretem
652 796 679 823 p.
693 789 746 816 452
763 794 853 821 vocat,
871 796 897 817 et.
913 790 944 816 de
963 789 1270 817 transsubstantiatione
1285 796 1347 824 pag.
1363 789 1407 822 55,
1423 789 1486 819 51-0,
1505 793 1531 815 et
1549 788 1582 815 de
1594 794 1672 815 coma
1688 794 1749 821 pag.
1765 786 1812 818 92,

189 834 216 860 in
231 834 326 868 primis
349 835 400 861 sub
420 834 559 862 Francisci
576 833 673 861 Franci
691 834 802 861 nomine
817 839 911 861 contra
934 834 1105 862 Cercoetium
1127 835 1185 863 sive
1200 834 1350 867 Patavium,
1380 843 1441 870 pag.
1457 836 1490 863 ’15
1507 843 1577 870 seq.,
1593 839 1644 864 etc.
1662 833 1814 862 Gatakerus

189 883 246 906 toto
261 879 348 914 capite
365 879 410 912 56,
427 879 453 906 in
473 888 528 915 quo
541 882 623 908 etiam
640 883 774 917 permulta
792 882 937 918 Epiphanii
962 884 1021 911 loca
1036 884 1228 916 emendantur,
1245 884 1387 911 Adversar.
1403 886 1547 918 postlmm.,
1572 889 1599 911 et
1613 883 1647 910 ad
1671 882 1709 909 Μ.
1729 881 1814 908 Anto-

189 927 291 958 ninum,
307 934 367 961 pag.
388 926 432 959 18,
452 927 512 961 155,
531 928 592 961 155,
606 934 659 957 etc.
676 930 755 957 Riclt.
772 931 957 958 Montacutius
973 931 999 958 in
1013 931 1149 966 Apparatu
1165 931 1199 958 ad
1212 931 1326 966 origines
1343 931 1549 964 ecclesiasticas,
1565 938 1627 966 pag.
1644 929 1772 960 191-206,
1788 932 1815 954 et

190 973 217 999 in
237 972 399 1007 Originibus,
425 978 490 1002 tom.
513 974 550 1006 ll,
577 983 638 1011 pag.
659 976 688 1002 11
707 984 765 1011 seq.
785 975 809 1003 J.
828 975 927 1004 Croius
948 977 975 1004 in
997 976 1142 1012 Specimine
1165 977 1376 1012 conjectururum
1402 977 1436 1004 ad
1457 979 1576 1012 qutedam
1598 976 1657 1004 loca
1678 975 1811 1009 Origenis.

192 1021 361 1053 Tertulliani,
376 1023 471 1050 Irenwi
483 1027 507 1050 et
525 1023 670 1059 Epiphanii
681 1045 688 1058 ,
703 1024 793 1052 Paris.
809 1025 890 1056 1652,
906 1025 944 1058 8°,
962 1029 988 1052 et
1004 1025 1031 1052 in
1046 1024 1196 1053 Observatt.
1215 1025 1315 1057 sacris,
1331 1033 1393 1060 pag.
1414 1025 1475 1056 117,
1497 1023 1555 1054 156,
1571 1023 1633 1051 160.
1647 1021 1815 1050 Pcarsonius

189 1069 313 1097 Prtelect.
328 1070 363 1097 ad
380 1071 447 1099 Acta
465 1077 563 1107 apost.,
581 1081 608 1108 p.
626 1073 842 1107 51;Dodwcllus
859 1073 895 1100 De
913 1073 1075 1100 successione
1093 1073 1257 1108 pontiﬁcum,
1271 1081 1297 1108 p.
1314 1072 1366 1099 298
1382 1080 1458 1107 seq.;
1476 1071 1639 1102 Cotelerius,
1656 1078 1680 1105 p.
1699 1069 1764 1100 220,
1782 1068 1815 1095 ad

190 1115 329 1152 Cln'ysost.
346 1118 373 1144 in
388 1117 494 1146 Daniel.
509 1123 536 1146 et
555 1119 588 1146 ad
610 1119 770 1147 Damascenl
784 1119 914 1150 Hmreses.
931 1120 1052 1155 atquein
1068 1119 1128 1147 aliis
1142 1119 1267 1154 scriptis;
1282 1119 1349 1146 Acta
1365 1118 1488 1146 Saxctor.
1503 1118 1577 1146 Junii
1602 1123 1668 1144 tom.
1686 1115 1713 1147 1,
1728 1123 1755 1150 p.
1772 1115 1814 1142 l9.

191 1162 306 1197 Cangius
319 1164 345 1191 in
361 1165 540 1200 Συμῲέλλιον,
555 1169 606 1193 etc.
620 1164 723 1193 Omitto
738 1165 831 1193 Jacobi
849 1166 882 1193 de
897 1165 1035 1197 Ardenna,
1050 1165 1144 1193 decani
1156 1164 1330 1196 Cestriensis,
1345 1163 1536 1199 castigationes
1551 1164 1578 1190 in
1594 1162 1774 1198 Epiphaniam
1791 1166 1818 1188 et

190 1210 328 1239 Patavium
340 1213 374 1240 de'
383 1221 459 1241 sacra
472 1213 653 1245 Eucharistia,
665 1214 699 1242 de
711 1214 834 1242 caelibatu
850 1215 1022 1242 sacerdotum
1036 1218 1062 1242 et
1074 1214 1107 1242 de
1122 1213 1292 1241 orationibus
1305 1221 1354 1248 pro
1368 1213 1514 1243 defunctis.
1528 1212 1613 1239 Lond.
1625 1212 1705 1243 1685.
1714 1211 1752 1238 1ο.
1767 1209 1815 1235 Al-

193 1259 358 1294 baspimeum
374 1265 467 1288 narrat
484 1261 563 1289 Rich.
580 1261 685 1294 Simon,
705 1270 771 1290 tom.
787 1262 797 1289 1
813 1261 898 1297 Epist.
916 1262 1021 1294 sclect.,
1039 1270 1101 1297 pag.
1117 1261 1159 1295 12,
1177 1262 1309 1288 minatum
1328 1260 1423 1292 fuisse,
1441 1268 1470 1288 se
1486 1260 1643 1288 cll'ecturum
1655 1280 1662 1292 ,
1694 1263 1724 1286 ut
1741 1267 1816 1294 quie-

191 1308 253 1336 dam
270 1308 296 1335 in
312 1309 383 1336 notis
397 1309 499 1338 Petavii
513 1310 619 1346 publica
637 1319 753 1339 censura
768 1311 1015 1338 condemnarentur
1029 1321 1035 1337 :
1054 1311 1128 1345 quod
1146 1315 1237 1338 tamen
1258 1318 1311 1338 non
1329 1310 1428 1337 eliecit.

226 1356 253 1383 ‘2.
274 1356 423 1392 Lipsiensis
440 1358 473 1385 Α.
488 1358 557 1385 1682
582 1358 631 1393 (b),
649 1358 708 1391 τοι,
728 1366 793 1393 quae.
802 1358 922 1386 Colonia:
936 1366 1034 1385 nomen
1050 1358 1191 1393 praeﬁxum
1208 1358 1295 1392 gerit,
1311 1361 1338 1384 et
1352 1357 1386 1384 ad
1400 1356 1514 1384 verbum
1530 1354 1711 1382 Parisiensem
1728 1352 1820 1387 expri-

193 1405 250 1432 nut,
269 1401 377 1435 additis,
394 1410 455 1437 quae
483 1402 510 1430 in
534 1403 579 1430 illa
595 1403 796 1435 desiderantur,
820 1401 928 1429 Henrici
946 1402 1046 1430 Valesii
1069 1403 1194 1429 oratione
1211 1403 1237 1429 in
1267 1402 1370 1429 obitum
1388 1401 1490 1429 Petavii
1514 1406 1539 1428 et
1562 1401 1655 1436 elogio»
1664 1400 1724 1435 ejus
1738 1404 1820 1434 atque

193 1448 356 1483 scriptorum
371 1450 484 1478 elcnclto
498 1459 530 1477 ex
550 1450 724 1478 Nathanaelis
739 1451 853 1478 Sotuelli
868 1450 940 1478 Bibl.
955 1450 1098 1484 Jesuitica,
1122 1455 1149 1478 et
1163 1451 1265 1478 Petavii
1278 1451 1392 1478 elencho
1406 1449 1714 1485 dispunctiuncularum
1731 1447 1821 1474 Matu-

193 1494 245 1520 rini
264 1495 377 1522 Simonii
395 1496 432 1523 De
447 1497 605 1530 poenitentia:
616 1499 669 1524 ritu
685 1499 763 1526 ceteri
777 1499 804 1525 in
822 1498 951 1531 Ecclesia,
969 1499 1026 1526 sive
1042 1499 1190 1534 Appendice
1201 1498 1235 1525 ad
1254 1497 1455 1532 Epipltanianas
1472 1497 1726 1528 animadversiones,
1745 1495 1820 1523 edita

195 1542 311 1576 primum
334 1543 421 1571 Paris.
441 1544 520 1577 1624,
536 1545 574 1578 8°,
588 1550 616 1573 ct
627 1545 711 1574 Gabr.
727 1547 901 1582 Albaspinmo
917 1548 1056 1582 inscripta,
1072 1552 1153 1582 atque
1169 1547 1304 1582 capitibus
1323 1547 1561 1574 miscellanearum
1580 1545 1819 1577 exercitationum,

196 1590 329 1618 Salmasio
340 1593 485 1627 oppositis,
503 1598 530 1621 et
542 1594 576 1621 ad
591 1595 692 1622 calcem
706 1604 818 1631 operum
833 1595 944 1627 Juliani,
955 1595 1040 1623 Paris.
1060 1596 1138 1628 11141,
1156 1596 1196 1628 4ο,
1211 1596 1316 1631 pridem
1330 1595 1458 1630 vulgatis.
1476 1593 1598 1625 Memini,
1615 1599 1658 1619 me
1674 1598 1707 1619 ex
1718 1590 1749 1617 B.
1767 1590 1822 1618 ltti-

195 1636 240 1670 gio
256 1637 357 1669 audire,
383 1638 514 1666 Jacobum
538 1640 731 1672 Thomasium,
750 1641 939 1676 prolegomena
960 1649 1029 1669 nova
1053 1642 1115 1669 huic
1131 1641 1274 1677 Epiphanii
1292 1641 1406 1669 editioni
1423 1639 1642 1676 prtemissurum,
1666 1638 1764 1671 multa,
1785 1637 1820 1664 ad

196 1683 270 1710 illum
297 1684 434 1716 facientia.
453 1687 605 1723 collegisse.
621 1689 668 1715 Sed
686 1689 731 1716 illa
746 1689 861 1720 deinde,
878 1689 971 1716 nescio
992 1698 1074 1724 quam
1092 1690 1127 1717 ob
1144 1698 1267 1722 causam,
1291 1689 1485 1725 praetermissa.
1502 1687 1591 1714 Etiam
1606 1686 1634 1713 in
1652 1685 1726 1713 Actis
1745 1684 1820 1712 erud.

196 1729 276 1760 1682.
293 1738 355 1766 pag.
370 1732 415 1762 9-1.
432 1733 516 1767 legas,
531 1733 664 1760 editorem
686 1733 785 1760 addere
799 1734 931 1767 voluisse,
956 1742 1016 1769 qua:
1042 1734 1177 1762 Salmasio
1203 1735 1254 1762 sub
1269 1734 1380 1763 Antonii
1402 1733 1540 1761 Kerkoetii
1567 1732 1678 1760 nomine
1692 1730 1823 1758 Petavius

197 1777 345 1810 respondit,
363 1779 409 1804 sed
427 1778 453 1805 id
469 1778 557 1806 facere
574 1779 701 1812 veritum,
723 1779 796 1814 quod
820 1779 946 1807 Petavius
962 1780 1019 1814 ipse
1034 1788 1134 1807 nomen
1155 1788 1235 1808 suum
1261 1780 1314 1807 illis
1329 1780 1505 1814 przescribere
1521 1780 1664 1807 noluisset.
1687 1779 1770 1806 Fies.
1788 1792 1823 1797 —

197 1821 341 1857 llamberg.
360 1823 377 1850 l.
397 1831 421 1850 c.
440 1832 501 1858 pag.
526 1824 541 1850 7
557 1823 686 1856 adnotat,
701 1832 779 1859 quze,
802 1824 859 1852 Jac.
884 1825 1013 1853 Thomas.
1036 1826 1065 1852 in
1089 1825 1211 1860 Prolegg.
1238 1825 1444 1861 prtemittendis,
1463 1833 1478 1853 a
1494 1825 1574 1853 Fabr.
1593 1824 1761 1855 memoratis,
1783 1823 1817 1850 de

199 1870 340 1904 Epiphanii
354 1872 428 1898 editt.
444 1872 636 1907 nonnullisque
651 1873 711 1907 ejus
729 1874 838 1909 scriptis
856 1874 1017 1909 collegisset.
1040 1882 1071 1901 ea
1097 1882 1111 1901 a
1127 1874 1151 1902 J.
1179 1874 1261 1902 Gottl.
1285 1873 1390 1902 Krause
1418 1874 1444 1901 in
1478 1873 1676 1901 Umsta'nalliche
1705 1872 1820 1899 Bttcher--

198 1917 305 1943 Itistorie
322 1924 347 1951 p.
363 1917 416 1944 26').
435 1925 493 1945 esse
509 1918 653 1952 publicata.
678 1918 747 1945 Aald.
762 1918 786 1945 J.
804 1918 884 1945 Fabr.
901 1919 928 1946 in
947 1918 1050 1946 llistor.
1063 1919 1127 1946 bibl.
1146 1919 1243 1951 Fabr.,
1262 1919 1284 1951 1,
1299 1928 1324 1954 p.
1342 1919 1392 1946 116
1408 1927 1481 1955 sqq.,
1496 1919 1540 1946 ubi
1558 1919 1659 1946 mullus
1677 1923 1718 1946 est
1732 1918 1764 1944 dc
1778 1917 1822 1944 ed.

198 1962 306 1995 Colon.,
325 1963 358 1990 de
372 1962 532 1998 Epiphanio,
550 1963 613 1999 ejus
629 1964 748 1998 scriptis,
763 1965 904 1991 erroribus
918 1971 943 1992 et
958 1965 1026 1992 alios
1039 1965 1142 1993 laudat.
1156 1965 1212 1991 νγ.
1228 1964 1282 1992 DD.
1298 1965 1383 1992 “ARL.

736 2012 872 2040 Editiones
890 2014 1026 2047 promisste
1040 2018 1065 2041 et
1080 2014 1180 2041 codices
1201 2021 1263 2041 mss.

236 2055 352 2084 Pransos
369 2062 478 2092 paratos
492 2058 519 2086 in
534 2058 715 2095 Epiphanium
729 2061 938 2088 commentarios
950 2061 1050 2089 habere
1062 2069 1091 2089 se
1106 2065 1132 2088 et
1146 2068 1242 2088 novam
1257 2061 1329 2088 illius
1345 2061 1490 2096 scriptoris
1501 2059 1648 2088 editionem
1664 2062 1823 2086 curaturum

203 2101 342 2136 professus
355 2107 396 2130 est
408 2102 504 2131 Petrus
517 2103 676 2132 Lansselius
689 2104 716 2132 in
731 2104 835 2140 praefat.
850 2105 1051 2141 Dispunctionis
1068 2105 1275 2138 calumniarum,
1298 2114 1367 2142 quas
1383 2110 1472 2139 vocat,
1490 2106 1640 2134 Casaubom'
1653 2105 1688 2131 ad
1702 2104 1824 2140 quwdam

203 2148 232 2175 S.
247 2148 347 2176 Justini
360 2151 485 2186 martyris
501 2151 571 2178 loca.

237 2195 327 2223 Multis
342 2196 409 2223 locis
426 2197 589 2224 emaculavit
605 2195 786 2232 Epiphanium
810 2187 1059 2232 JoannesoCroius,
1076 2199 1162 2226 multa
1186 2198 1306 2226 correxit
1329 2197 1447 2226 Joannes
1463 2197 1637 2230 Pearsonius,
1660 2197 1824 2225 Cestriensis

203 2244 357 2279 episcopus,
374 2249 439 2272 teste
466 2244 566 2276 Caveo.
583 2253 643 2280 quas
659 2245 729 2272 forte
745 2246 893 2280 aliquando
909 2246 935 2273 in
950 2247 1038 2274 lucem
1054 2246 1238 2282 proferentur.
1273 2245 1506 2273 Commentarium
1529 2253 1607 2274 suum
1630 2246 1657 2273 in
1681 2245 1825 2281 Epiphanii

204 2289 349 2316 Panarium
367 2295 499 2316 memorat
517 2290 660 2317 Eduardus
673 2290 844 2319 Bernhardus
859 2290 935 2318 Notis
951 2291 984 2318 ad
998 2291 1158 2326 Josephum,
1172 2299 1233 2327 pag.
1247 2290 1309 2318 339.5.
1382 2319 1385 2322 _
1534 2292 1537 2294 ’

238 2335 380 2370 Epiphanii
395 2336 540 2362 Panarium
553 2336 763 2371 elegantissimis
776 2337 982 2365 characteribus
1000 2345 1052 2365 ms.
1069 2345 1098 2365 se
1111 2345 1172 2365 esse
1193 2342 1303 2364 nactum
1319 2336 1414 2364 scribit
1435 2336 1547 2371 Caspar.
1564 2337 1692 2366 Barthius
1704 2338 1778 2366 notis
1792 2337 1824 2364 ad

205 2380 382 2414 Claudianum
400 2385 518 2416 poetam,
531 2389 593 2416 pag.
610 2381 663 2408 243
677 2382 805 2410 editionis
821 2382 924 2408 Hanov.
942 2381 1023 2413 1612,
1039 2381 1077 2414 8",
1093 2389 1175 2415 quam
1186 2380 1295 2415 juvenis
1308 2380 1455 2407 admodum
1473 2381 1567 2408 edidit.
1584 2382 1710 2409 Codicem
1727 2389 1780 2409 ms.
1799 2382 1825 2408 in

206 2427 271 2454 bibl.
298 2427 403 2461 publica
424 2427 527 2455 lenensi
552 2428 643 2456 laudat
666 2429 710 2456 W.
729 2429 859 2457 Ernestus
875 2429 1030 2456 Tcntzelius
1051 2429 1078 2456 in
1100 2428 1221 2463 Dialogis
1237 2428 1388 2460 menstruis,
1411 2427 1570 2455 Germanice
1595 2428 1675 2455 editis
1697 2427 1826 2458 K1692.

207 2480 268 2507 pag.
285 2472 346 2500 885.
363 2473 483 2500 ann.—
497 2473 555 2501 Jac.
568 2474 701 2501 Colletum
718 2474 807 2501 moliri
817 2481 919 2500 novam
936 2473 1080 2508 Epiphanii
1097 2473 1175 2506 edit.,
1192 2473 1218 2499 in
1237 2480 1290 2507 qua
1305 2472 1440 2507 praecipue
1456 2473 1574 2500 Panaria
1590 2480 1623 2500 ex
1640 2473 1702 2500 cod.
1722 2472 1825 2499 Veneto

208 2520 292 2549 Marc.
308 2521 360 2548 1‘25
377 2522 488 2550 intinitis
504 2523 573 2550 locis
586 2523 774 2555 emendentur,
800 2523 890 2558 prodit
907 2522 1037 2550 Villoison
1055 2521 1195 2549 in-Anccd.
1212 2520 1259 2548 Gr.
1270 2541 1278 2554 ,
1301 2520 1340 2554 11,
1358 2529 1385 2556 p.
1401 2521 1464 2548 2-15.
1490 2520 1542 2548 Pcr
1561 2520 1632 2548 hanc
1655 2520 1827 2548 occasiouem

208 2640 305 2666 riorem
317 2639 458 2677 (ditionem
473 2641 593 2677 adjectis,
610 2643 709 2677 partim
721 2643 801 2669 etiam
816 2645 899 2668 multo
914 2650 993 2676 quam
1046 2647 1177 2677 excustttn
1192 2638 1289 2677 legitur
1300 2647 1361 2677 pag.
1376 2639 1427 2677 585
1440 2638 1604 2677 editaHAlul;

210 2680 286 2701 antea
303 2672 524 2711 emendatiaribas
535 2697 542 2708 .
555 2672 665 2711 quorum
680 2677 829 2710 catalogum
852 2672 928 2704 versa
943 2684 992 2709 pa-
1048 2709 1058 2711 _
1083 2676 1121 2709 (a)
1135 2672 1310 2711 Plura'ctiani
1325 2672 1386 2711 loca
1400 2675 1568 2711 inversione
1579 2672 1704 2711 CornAarii
1717 2673 1827 2711 castigat

210 2711 270 2747 gina
286 2711 412 2747 ostendet.
428 2707 748 2746 —Basil.'perJounnem
758 2707 867 2747 Oporin.
881 2718 905 2739 et
924 2707 993 2738 ller-
1047 2707 1161 2747 Latinus
1177 2709 1311 2747 Latinius,
1324 2710 1489 2747 Bibliotheca
1503 2707 1820 2747 sacroiprofajtaapail‘i

211 2743 335 2782 ἱιηςιίιιηι,ἒ
351 2747 383 2782 A_t.
403 2745 429 2772 itt
453 2754 520 2782 pag:
536 2743 611 2774 versa
627 2755 755 2775 excustttn
773 2743 834 2774 est:
851 2747 995 2782 Epiphanii
1050 2781 1059 2782 ί
1085 2745 1122 2782 (lt)
1142 2744 1171 2771 In
1188 2746 1248 2773 Cat.
1261 2745 1380 2777 Askew.,
1401 2753 1426 2780 p.
1442 2744 1531 2782 57,‘n.
1554 2744 1630 2782 1581,
1642 2743 1706 2771 edit.
1721 2743 1828 2782 CQI91_I:,

211 2780 286 2814 epist.
301 2778 820 2817 adJoannemConstantinopolitanum
833 2778 931 2817 epi‘scl;
947 2782 993 2809 sed
1046 2778 1191 2817 Lini-san
1214 2788 1262 2817 per
1280 2778 1562 2817 erroremtypotltette
1583 2779 1682 2817 citatttr
1702 2778 1829 2817 a._1‘i§_:’:,

213 2811 230 2851 μ’
242 2823 322 2842 manu
336 2816 421 2845 docta.
433 2816 460 2843 in
475 2817 598 2851 exemplo
616 2811 688 2851 quod
709 2822 798 2845 exstat
815 2811 927 2845 in'bibl:
945 2817 994 2844 Er-
1047 2815 1116 2843 Add.
1133 2823 1192 2850 quae
1208 2811 1305 2851 scripsi
1321 2815 1349 2842 in
1365 2811 1469 2842 Introd.
1485 2814 1512 2840 in
1528 2814 1621 2841 histor.
1643 2812 1780 2848 [ιαμϐι.
1796 2811 1829 2844 ll.

213 2850 284 2885 lana.
303 2856 454 2891 correctum
468 2857 508 2879 est
521 2849 789 2888 [Iterosolymitanum
801 2873 808 2887 ,
825 2858 851 2881 et
869 2853 905 2881 ita
923 2857 994 2881 recte
1046 2858 1074 2886 p.
1091 2849 1148 2879 257⁷
1157 2859 1199 2886 sq.
1215 2849 1253 2877 In.
