1934 3029
91 98 117 118 Vl
666 89 805 119 NOTlTIA
823 89 858 117 IN
874 90 902 117 S.
923 85 1144 116 EPlPllAMUM.

93 148 243 177 nominabo
253 149 370 185 primum
383 150 463 179 codd.
480 151 637 184 nonnullos,
652 151 679 178 in
695 152 795 186 quibus
809 150 887 186 plura
901 149 1045 185 Epiphanii
1060 149 1160 183 scripta
1180 151 1245 175 sunt
1259 147 1414 182 conjuncta,
1427 147 1468 174 vel
1485 147 1573 174 obiter
1586 147 1716 174 citantur.

92 194 167 223 Alios
183 195 356 232 singulorum
370 197 533 232 scriptorum
550 197 629 224 codd.
642 197 771 233 deinceps
787 197 885 233 partim
905 197 1063 230 singulatim
1079 194 1386 230 memorabo,—partim
1399 195 1430 222 ad
1451 203 1478 221 n.
1499 193 1716 221 1.—Secundum

90 241 275 271 Montfaucon.
295 243 366 271 Bibl.
382 244 529 271 bibliothec.
543 253 618 276 mss.,
638 244 658 278 l,
673 253 699 280 p.
714 245 770 278 125
784 245 816 277 A,
833 245 859 272 in
874 244 904 271 Β.
922 244 1051 272 Vaticana
1068 243 1164 278 Epiph.
1181 243 1213 270 de
1226 243 1351 277 religione
1368 241 1531 272 Christiana,
1544 240 1581 267 id.
1598 239 1631 266 In
1644 238 1717 266 Can-

90 290 203 318 tia—In
218 291 283 319 bibl.
302 292 410 321 Mediol.
427 292 565 325 Ambros.,
584 293 727 328 Epiphanii
741 301 767 328 p.
784 293 848 325 515,
864 292 959 327 Epiph.
976 292 1008 319 de
1023 292 1159 327 paradiso,
1175 296 1203 319 et
1216 291 1280 323 alia,
1298 291 1328 317 it.
1344 290 1412 317 Vitta
1424 289 1493 325 frag.
1505 304 1538 309 -
1552 288 1583 316 P.
1595 282 1663 320 "96,
1683 287 1718 315 In

89 337 239 371 sepulcrum
256 337 374 371 Christi;
396 338 434 365 De
454 339 582 366 mensuris
604 344 628 365 et
644 339 822 374 ponderibus;
842 339 875 365 In
892 339 935 366 die
950 338 1106 365 Palmarum
1123 345 1228 369 sermo;
1245 337 1407 372 opusculum
1430 336 1467 362 De
1490 335 1607 369 azymis;
1626 333 1656 360 In
1675 333 1718 360 die

91 380 233 409 Paschalis
246 391 347 415 sermo;
360 387 486 418 excerpta
502 391 534 410 ex
547 384 642 410 eodem
657 385 694 411 De
710 383 862 411 Griecorum
877 382 1152 418 di/fcrentiis.—Pag.
1170 383 1221 410 619
1236 383 1266 415 E,
1280 383 1306 409 in
1324 382 1389 409 bibl.
1405 381 1520 409 Scorial.
1539 382 1610 415 regis
1629 380 1719 414 llisp.,

92 425 235 462 Epiphanii
250 437 381 456 sermones
396 430 471 462 varii,
490 429 528 456 De
545 429 605 457 XII
624 431 758 464 lapidibus
776 431 810 457 ad
824 430 937 458 Diodor.
953 431 1081 466 Tyrium;
1099 430 1135 456 De
1151 430 1289 464 sepultura
1302 429 1403 456 Christi
1421 428 1495 464 (add.
1513 427 1604 455 Plueri
1621 427 1717 455 Itiner.

91 481 136 508 per
148 473 237 508 Hisp.,
252 483 278 509 p.
293 474 403 509 167).—
420 474 448 503 P.
464 474 515 502 697
532 475 563 508 Ι),
583 476 614 508 Ε,
631 477 673 503 bis
687 477 714 503 in
731 477 798 503 bibl.
818 476 968 509 Sfortiana,
985 476 1129 511 Epiphanii
1144 485 1230 503 sermo
1246 477 1274 502 in
1291 476 1456 510 sepulturam
1469 475 1576 502 Domini
1589 480 1613 502 et
1626 477 1652 502 in
1671 475 1720 503 Jo-

90 520 152 553 seph
168 523 200 545 ab
217 520 379 552 Arimathia,
395 526 418 547 et
433 522 461 549 in
478 523 630 550 descensum
648 524 682 550 ad
697 524 805 558 inferos.
818 540 854 545 -—
865 524 897 552 P.
916 525 968 551 702
981 525 1011 557 C,
1028 525 1058 557 E,
1076 525 1101 552 in
1118 525 1212 552 eadem
1234 525 1312 556 bibl.,
1328 524 1460 559 Epiphan.
1489 524 1521 552 de
1544 525 1616 560 signa
1631 525 1719 552 crucis

91 575 150 602 qua:
168 569 290 602 apparuit
308 569 480 597 Constantino
499 570 536 598 Μ.
551 576 577 598 et
593 579 675 599 scrm.
692 571 727 600 .In
744 573 907 607 sepulturam
924 573 1032 600 Domini
1048 573 1155 606 (rursus
1171 581 1197 608 ρ.
1213 573 1265 600 701
1278 573 1308 608 C)
1326 580 1350 601 et
1366 574 1519 601 descensum
1534 574 1590 608 eius
1607 575 1640 601 ad
1656 575 1720 608 infe-

92 620 155 643 ros;
170 619 196 640 et
212 620 237 647 p.
257 613 306 640 707
323 615 355 647 A,
370 616 396 642 in
409 617 503 645 eadem
520 619 600 652 bibl.,
620 619 716 654 Epiph.
732 619 772 647 De
798 620 910 647 adventu
927 621 1037 652 Christi,
1051 626 1075 648 et
1089 621 1120 647 de
1133 622 1255 655 passione
1272 622 1329 656 ejus
1344 625 1517 649 auctoritates
1534 621 1564 649 S.
1579 621 1719 649 S.—Mos~

92 666 153 693 qua:
170 666 234 686 num
253 659 302 695 (uti
319 661 417 688 alicubi
432 662 520 698 legere
536 672 580 691 me
597 665 721 700 memini)
734 665 762 692 in
783 665 852 692 bibl.
866 665 966 700 synod.
982 667 1083 700 scripta
1103 665 1199 700 Epiph.
1215 666 1304 692 adhuc
1323 666 1423 694 inedita
1438 666 1547 698 lateant,
1566 667 1611 693 alii
1628 667 1720 701 inqui-

92 709 164 731 rant.
181 705 209 732 ln
223 705 346 734 Scbiadae
361 707 471 742 quidem
488 708 576 736 Catal.
596 710 674 737 codd.
689 709 735 737 Gr.
764 711 791 738 in
814 711 880 738 bibl.
897 711 1035 746 synodali,
1058 719 1119 746 pag.
1139 711 1184 742 58,
1208 711 1356 745 generatim
1373 716 1560 739 memorantur
1576 711 1722 746 Epiphanii

93 751 182 786 Cypri,
193 753 332 782 Anastasii
344 754 455 783 Sinailte
470 761 493 783 el
511 757 627 784 aliorum
639 759 713 786 varia
727 759 950 794 theologiam—in
969 759 1004 786 cl.
1017 758 1135 786 Matthaei
1156 759 1259 785 Notitia
1273 759 1350 785 codd.
1367 757 1413 785 Gr.
1429 757 1526 793 Mosq.,
1546 764 1643 793 praeter
1657 767 1721 786 ora—

93 798 180 826 tiones
199 801 331 834 quasdam
345 807 371 829 et
387 801 539 838 fragmenta
555 804 582 831 in
596 805 712 838 catenis,
725 805 827 833 nullius
853 805 948 840 scripti
969 805 1063 832 inediti
1082 804 1180 840 Epipb.
1192 805 1360 832 mentionem
1374 804 1473 839 reperi.
1494 803 1600 832 Forsan
1615 804 1656 831 vir
1675 804 1720 831 ille

97 846 194 874 doctus
211 848 237 875 in
252 849 373 884 pleniore
393 852 516 887 catalogo
530 853 653 888 quaedam
669 854 696 881 in
711 854 799 881 lucem
816 854 959 889 producet.
975 854 1061 882 "an.

637 968 681 998 IV.
702 977 812 997 εειιιρτΑ
832 977 945 997 canum
966 977 1024 1001 qua:
1045 977 1175 996 ιςιιετιιΝ-ιπΔ

133 1056 159 1083 1.
179 1057 340 1091 Ancoratus,
358 1064 424 1087 tom.
438 1059 470 1092 ll,
491 1068 518 1095 p.
535 1061 560 1088 1.
577 1060 758 1097 Ἀγκυρωτός,
776 1061 858 1089 veluti
879 1069 894 1089 a

959 1069 978 1088 ’τι
993 1061 1116 1096 quadam
1132 1060 1205 1094 fidei,
1219 1059 1344 1095 ἀγκύρας
1358 1059 1436 1094 δίκην
1447 1057 1493 1085 τὸν
1510 1057 1574 1094 περὶ
1589 1056 1638 1093 τῆς
1649 1056 1722 1092 ζωῆς

91 1101 139 1128 καὶ
155 1103 294 1138 σωτηρίας
308 1103 461 1138 ἐρευνῶντα
474 1105 536 1132 νοῦν
554 1107 669 1141 ἄγουσα.
683 1106 822 1141 Expositio
838 1108 854 1142 ﬁ

956 1107 1055 1134 Iholicte
1070 1107 1195 1134 adversus
1209 1106 1342 1141 octoginta
1356 1105 1467 1132 hereses
1483 1104 1594 1131 breviter
1607 1109 1719 1135 asserta,

91 1147 248 1183 scriptaque
262 1148 296 1176 ad
311 1147 466 1184 Tarsinum,
495 1151 646 1184 Matidium,
672 1152 832 1181 Numerium
857 1153 980 1188 aliosque
1005 1153 1179 1188 presbyteros
1196 1156 1222 1178 ct
1238 1151 1398 1182 monachos,
1420 1149 1532 1177 Suedris
1555 1149 1722 1184 Pamphylia:

91 1192 231 1228 degentes,
246 1198 274 1221 et
285 1194 318 1221 ad
334 1192 485 1224 Palladium
511 1205 544 1225 ac
565 1197 739 1232 Severinum,
755 1199 951 1234 magistratus,
968 1207 1041 1226 anno
1059 1198 1219 1225 Diocletiani
1242 1205 1286 1227 xc,
1302 1197 1423 1224 Valentis
1447 1204 1474 1228 x,
1495 1196 1616 1223 Gratiani
1634 1203 1672 1228 γι,
1691 1199 1723 1222 ιη

91 1238 193 1266 diserte
209 1239 325 1267 traditur
339 1245 404 1268 tom.
421 1241 454 1275 ll,
469 1249 531 1277 pag.
552 1242 564 1269 1
577 1247 604 1271 et
619 1243 681 1276 125,
698 1244 751 1271 hoc
768 1248 810 1271 est
823 1243 853 1270 Α.
867 1243 899 1271 C.
919 1244 972 1271 575
985 1243 1033 1278 (a).
1051 1242 1100 1269 Hic
1117 1242 1186 1269 liber
1201 1241 1235 1269 ab
1254 1240 1407 1276 Epiphanio
1421 1240 1540 1267 dictatus
1553 1243 1580 1266 et
1595 1239 1628 1266 ab
1642 1239 1714 1265 Ana-

91 1283 159 1310 tolio
171 1285 301 1319 quodam.
313 1286 359 1320 qui
376 1294 436 1322 pag.
455 1287 507 1315 125
520 1296 619 1316 nomen
638 1296 718 1317 suum
735 1297 789 1316 non
804 1289 970 1322 dissimulat,
980 1289 1087 1316 calamo
1098 1292 1238 1323 exceptus,
1252 1291 1477 1322 memoratusque
1495 1286 1648 1314 Sommeno
1660 1293 1723 1319 rm,

92 1328 138 1361 15,
156 1328 249 1357 Graece
262 1334 290 1357 et
304 1329 399 1358 Latine
413 1340 475 1359 cum
491 1333 614 1360 versione
637 1339 664 1361 et
685 1334 758 1362 notis
772 1333 828 1361 Viti
846 1334 1032 1366 Amerbacbii,
1056 1338 1082 1361 et
1098 1333 1261 1368 quibusdam
1289 1332 1370 1360 Joan.
1386 1332 1576 1368 Clrrysostomi
1599 1331 1720 1358 homiliis

91 1376 195 1410 prodiit
209 1377 339 1413 Augusta:
359 1378 464 1408 Vindel.
481 1380 561 1413 1518,
573 1381 612 1408 8°.
632 1380 745 1409 Photius
762 1382 890 1409 Ancorati
908 1381 1050 1411 meminit,
1066 1385 1201 1416 vocatque
1230 1389 1364 1408 summam
1395 1380 1550 1415 Παναρίων,
1568 1380 1630 1406 cod.
1648 1379 1717 1411 123;

91 1431 152 1459 qua:
168 1425 313 1460 descriptio
327 1427 428 1454 rectius
446 1429 573 1456 convenit
591 1429 868 1465 Ἄνακεφαλαιώσει,
885 1430 918 1458 de
934 1437 987 1465 qua
1010 1430 1124 1457 inferius
1139 1437 1215 1457 num.
1230 1430 1256 1456 '5.
1274 1429 1312 1456 Ex
1329 1429 1419 1464 capite
1439 1429 1471 1455 12
1487 1433 1514 1455 et
1536 1428 1569 1455 16
1594 1428 1721 1455 Ancorati

91 1475 216 1506 excerpta
233 1476 297 1499 sunt
310 1480 370 1507 qua!
385 1478 454 1501 msta
467 1480 600 1503 memorat
615 1474 787 1508 Lambecius,
802 1475 845 1508 lll,
862 1484 888 1511 p.
905 1476 968 1509 163,
984 1476 1046 1503 161.
1058 1475 1140 1504 Faue.
1154 1475 1225 1502 —-ln
1243 1476 1306 1503 edit.
1322 1474 1423 1502 Kollar.
1443 1483 1468 1507 ιι.
1481 1474 1532 1501 486
1552 1482 1593 1509 sq.
1610 1474 1643 1501 de
1660 1475 1724 1501 cod.

91 1518 161 1546 Caes.
173 1519 216 1551 89,
231 1527 259 1546 n.
275 1520 324 1554 25,
347 1525 388 1548 est
400 1521 497 1557 fragm.
516 1531 549 1550 ex
562 1523 689 1557 Panario,
702 1529 729 1552 et
742 1525 850 1560 quidem
867 1532 899 1552 ex
917 1524 1081 1552 refutatione
1095 1524 1230 1551 haeresros
1245 1531 1360 1555 Lxxvtu,
1378 1521 1715 1549 Antidicomarianitarum

92 1564 242 1599 appellatae,
257 1565 291 1592 de
306 1565 435 1600 Josepho,
450 1576 552 1602 sponso
567 1568 659 1596 Mariae
681 1574 707 1596 et
724 1570 757 1596 de
769 1569 891 1605 ejusdem
907 1569 999 1597 liberis
1014 1578 1048 1596 ex
1064 1569 1150 1604 prima
1165 1576 1259 1601 uxore,
1277 1568 1396 1595 Salome.
1417 1567 1445 1594 ld
1462 1568 1644 1602 fragmentum
1667 1575 1718 1593 ms.

92 1612 220 1639 observat
236 1612 408 1646 Lambecius,
425 1623 478 1642 non
493 1615 666 1643 mediocriter
682 1616 790 1643 diﬂ'erre
802 1617 836 1644 ab
853 1617 918 1644 edit.
935 1616 1090 1652 Epiphanii,
1108 1616 1194 1643 Paris.
1219 1615 1298 1648 1622,
1315 1623 1340 1650 p.
1359 1615 1438 1642 1059.
1455 1630 1490 1635 —-
1503 1614 1530 1641 In
1552 1616 1612 1642 cod.
1631 1615 1721 1641 Cassa-

91 1667 139 1687 reo
150 1660 195 1692 77,
211 1668 238 1688 n.
253 1660 287 1688 68
301 1669 327 1689 et
342 1662 384 1695 69,
400 1668 463 1690 sunt
476 1670 508 1690 ex
522 1665 652 1690 Ancorato
667 1672 692 1690 c.
708 1665 777 1691 12ct
794 1664 835 1696 16,
849 1670 985 1699 excerpta,
998 1673 1022 1692 s.
1032 1665 1226 1698 explicationes
1235 1663 1283 1698 Ep.
1297 1662 1373 1689 Pauli
1388 1662 1422 1689 ad
1434 1662 1497 1689 Cor.
1508 1663 1528 1693 1,
1547 1669 1576 1691 ιι,
1591 1669 1662 1687 vers.
1677 1660 1720 1694 10,

92 1711 119 1734 et
132 1706 226 1734 Matth.
242 1715 316 1740 xxiv,
332 1708 375 1741 56,
389 1716 421 1736 ac
434 1708 514 1736 Marci
529 1717 588 1743 xui,
601 1710 646 1736 52.
658 1710 797 1742 Lambec.,
815 1709 858 1742 111,
873 1719 898 1745 p.
916 1710 977 1742 465,
997 1715 1024 1737 et
1036 1709 1137 1737 Kollar.
1155 1714 1211 1736 not.
1231 1709 1260 1736 In
1271 1709 1331 1736 cod.
1350 1708 1411 1739 127,
1427 1716 1453 1734 ιι.
1467 1708 1494 1737 4,
1509 1712 1551 1734 est
1562 1707 1630 1734 liber
1648 1715 1654 1733 ι
1669 1706 1723 1732 Pa-

93 1753 242 1786 nariorum,
264 1753 300 1781 ita
322 1759 351 1782 ut
365 1755 493 1783 librarius
511 1756 538 1783 in
555 1756 628 1784 aliud
645 1764 714 1790 opus
728 1756 885 1791 Epiphanii,
905 1756 1193 1790 Ἀνακεφαυιαιωσιν,
1210 1754 1377 1785 transiliret,
1396 1754 1523 1781 delibutis
1537 1762 1570 1781 ex
1587 1761 1620 1781 eo
1637 1753 1720 1780 Mele-

91 1800 186 1834 tianis,
200 1804 266 1835 etc.,
287 1803 360 1836 quod
376 1802 484 1830 uberius
506 1803 625 1837 ostendit
640 1802 742 1830 Kollar.
768 1803 795 1830 in
811 1801 944 1837 Supplem.
975 1802 1009 1828 ad
1030 1801 1166 1834 Lambec.,
1183 1809 1208 1835 p.
1226 1801 1277 1828 738
1296 1809 1337 1835 sq.
1350 1809 1356 1832 ;
1371 1805 1441 1831 tum.
1459 1801 1554 1827 eodem
1573 1800 1724 1827 ailnotante

93 1845 230 1880 sequitur,
248 1854 276 1874 ιι.
293 1846 320 1880 6,
337 1847 447 1875 haeresis
460 1846 603 1882 Epiphanii
622 1855 698 1880 Lvm,
720 1855 743 1875 s.
759 1855 871 1880 Lxxvm,
889 1855 970 1882 quam
987 1847 1325 1874 Antidicomarianitarum
1339 1846 1376 1881 (b)
1394 1851 1493 1880 vocat,
1510 1852 1536 1873 et
1549 1855 1576 1873 n.
1592 1846 1620 1878 7,
1637 1847 1723 1873 barre-

94 1890 132 1917 sis
143 1898 238 1923 vanl,
254 1892 310 1919 sive
333 1901 415 1925 Lxxx,
429 1899 524 1922 contra
541 1895 718 1923 Mass'alianos
734 1896 782 1931 (c),
799 1896 901 1931 quibus
916 1896 1120 1931 conjunguntur
1135 1895 1307 1930 Martyriani,
1321 1895 1368 1929 qui
1387 1903 1402 1922 e
1416 1895 1518 1922 Graecis
1533 1899 1604 1926 sunt,
1621 1899 1648 1922 et
1666 1894 1722 1921 Eu-

93 1936 220 1970 phemitaa
233 1945 265 1973 ac
279 1936 430 1965 Sataniani.
453 1939 486 1967 Ν.
500 1940 537 1967 15
549 1949 581 1968 ac
596 1941 629 1968 15
644 1946 685 1969 est
701 1942 803 1977 sylloge
823 1949 960 1968 variorum
985 1942 1161 1976 quaesitorum
1172 1962 1180 1973 ,
1200 1942 1225 1968 in
1240 1949 1334 1969 sacras
1347 1941 1519 1976 potissimum
1541 1940 1668 1973 Litteras,
1689 1948 1723 1967 ex

93 1983 256 2019 Epiphanio,
274 1987 429 2022 Anastasio,
446 1987 615 2016 Theodorcto
630 1989 777 2024 multisque
792 1989 852 2016 aliis
865 1993 1068 2023 excerptorum.
1087 2005 1123 2010 —
1134 1990 1172 2016 Ex
1187 1989 1330 2024 Epiphanii
1351 1989 1471 2016 Panario
1486 1995 1568 2024 atque
1582 1989 1719 2015 Ancorato

94 2037 122 2060 et
138 2032 176 2060 De
188 2033 248 2061 XII
263 2034 397 2069 lapidibus
411 2035 532 2071 ejusdem
555 2042 620 2064 sunt
638 2036 695 2063 loca
718 2037 745 2063 in
769 2036 906 2064 Anastasii
927 2036 1124 2068 Quaestionibus
1140 2045 1172 2063 ac
1188 2038 1416 2071 responsionibus,
1430 2040 1484 2062 ctc.
1495 2056 1502 2068 ,
1520 2035 1546 2062 in
1563 2035 1623 2062 cod.
1644 2035 1722 2061 Cois-

95 2077 144 2106 lin.
166 2080 226 2112 115,
241 2085 269 2108 et
294 2080 371 2109 locus
382 2089 397 2109 e
409 2081 541 2113 Panario,
559 2080 586 2106 in
603 2080 663 2107 cod.
681 2080 743 2112 1:20,
763 2085 831 2107 teste
844 2080 992 2108 Montlauc.
1006 2082 1032 2108 in
1046 2081 1117 2108 Bibl.
1135 2081 1260 2115 Coislin.,
1271 2090 1298 2117 p.
1312 2081 1362 2109 188
1379 2086 1406 2108 et
1422 2080 1483 2108 193.
1499 2080 1597 2107 Eodem
1611 2084 1723 2107 auctore

94 2124 122 2152 in
143 2125 237 2154 Diario
250 2126 326 2160 Ital.,
340 2135 366 2162 p.
384 2127 447 2160 565,
470 2126 598 2161 Epiphan.
613 2126 644 2152 de
657 2125 814 2157 Itccresibus,
832 2125 953 2154 Florent.
968 2127 995 2154 in
1010 2127 1071 2154 cod.
1086 2127 1152 2154 bibl.
1170 2128 1238 2155 eccl.
1256 2127 1417 2154 Annuntiat.
1430 2142 1465 2147 —
1477 2126 1594 2154 Florent.
1612 2127 1639 2153 in
1657 2126 1722 2154 bibl.

95 2171 225 2201 Laurent.
242 2174 269 2200 in
285 2174 346 2202 cod.
366 2174 393 2206 ι,
406 2174 474 2209 plut.
492 2173 519 2205 6,
535 2172 581 2208 qui
597 2172 718 2199 continet
742 2172 926 2207 expositiones
951 2181 1093 2200 sacrorum
1112 2178 1321 2208 praceptorum,
1336 2174 1480 2209 Epiphanii
1497 2179 1646 2202 occurrunt
1663 2175 1723 2201 loca

94 2220 173 2254 plura
187 2220 218 2246 ὲκ
229 2220 284 2248 τῶν
307 2220 387 2248 Κατὰ
411 2220 551 2255 αἱρέσεως
575 2218 636 2246 τῶν
651 2219 822 2254 λεγομένων
841 2219 857 2246 'A

960 2219 1068 2252 ›.1ικῶν,
1088 2224 1152 2252 elc.,
1176 2224 1235 2247 tum
1257 2220 1289 2247 ἐκ
1305 2220 1359 2247 τῶν
1370 2221 1528 2256 Παναρίων
1543 2225 1570 2248 et
1592 2229 1624 2248 ex
1654 2221 1723 2249 l'bro

95 2265 166 2300 Περὶ
185 2266 313 2299 πίστεως
321 2267 414 2301 λόγου
432 2266 556 2302 (Bandin.
571 2265 630 2293 Cat.
641 2265 719 2293 codd.
735 2264 781 2293 Gr.
803 2265 858 2292 Lau

960 2273 1015 2301 pag.
1032 2266 1067 2293 98
1083 2266 1213 2301 sq.)—ln
1226 2267 1286 2294 cod.
1305 2267 1349 2301 12,
1367 2268 1434 2303 plut.
1450 2268 1477 2299 6,
1503 2267 1675 2302 reperiuntur
1696 2268 1723 2303 1,

96 2311 224 2346 Synopsis
238 2312 379 2345 Ancorati,‘
392 2313 410 2340 2
422 2318 449 2340 et
464 2313 492 2346 5,
509 2307 638 2346 Epistolw
651 2311 686 2338 ad
703 2310 901 2348 Epiphanium,’
916 2313 943 2344 4,
965 2312 1044 2347 hujus
1059 2320 1223 2346 responsum,
1239 2314 1308 2348 quod
1320 2315 1468 2341 universam
1487 2314 1549 2349 ﬁdei
1564 2314 1723 2347 doctrinam,

100 2371 124 2391 ε.
141 2371 278 2394 ancoram,
292 2366 355 2395 etc.,
375 2361 566 2396 complectitur.
594 2360 623 2388 In
639 2360 691 2388 hoc
705 2360 766 2388 cod.
784 2360 890 2388 Ancora
911 2364 1019 2388 constat
1034 2360 1085 2387 118
1102 2367 1193 2395 capp.,
1209 2361 1309 2396 quibus
1328 2361 1440 2390 Panarii
1465 2372 1540 2398 pars,
1559 2368 1614 2391 tum
1635 2368 1726 2397 partes

97 2402 145 2437 |ib.
160 2409 197 2436 De
207 2409 336 2436 mensuris
349 2416 380 2434 ac
392 2407 560 2442 ponderibus,
574 2412 600 2435 et
617 2406 806 2442 Interpretatio
821 2406 955 2433 nominum
970 2406 1162 2434 Hebraicorum
1173 2407 1366 2440 adnectantur,
1378 2416 1440 2436 cum
1455 2409 1600 2436 uberrimis
1614 2409 1726 2436 scholiis

97 2456 225 2492 margin.,
246 2455 382 2491 principue
406 2454 433 2482 in
449 2453 645 2489 Expositionem
661 2455 740 2490 ﬁdei,
757 2462 873 2489 quorum
894 2462 978 2481 unum
995 2454 1115 2490 reposuit
1133 2454 1248 2482 Bandin.
1274 2455 1335 2483 libr.
1352 2455 1479 2489 memon,
1499 2456 1521 2488 1,
1537 2463 1598 2491 pag.
1617 2456 1677 2482 118.
1691 2470 1727 2476 —

97 2503 125 2530 In
136 2503 198 2531 cod.
211 2502 254 2535 16,
266 2502 334 2538 plut.
348 2501 375 2535 9,
386 2501 433 2537 qui
449 2500 508 2528 Nili
521 2502 642 2528 monachi
656 2502 730 2528 uaria
745 2501 875 2532 continet,
884 2505 948 2528 sunt
961 2501 1040 2535 plura
1053 2509 1086 2528 ex
1097 2501 1231 2528 Ancorato
1243 2506 1380 2536 excerpta.
1410 2502 1549 2538 (Bandin.,
1565 2502 1586 2534 1,
1610 2509 1637 2537 p.
1649 2494 1725 2530 415.)

97 2550 166 2578 -Ει
176 2550 204 2578 in
219 2550 281 2579 cod.
297 2550 310 2577 1
320 2569 329 2583 ,
342 2559 373 2578 ιι.
384 2550 429 2584 24,
445 2550 569 2586 quaedam
582 2559 614 2578 ex
630 2551 700 2579 libro
714 2562 724 2579 ι
738 2551 775 2579 De
786 2551 928 2580 haresibus
939 2551 1048 2586 (Band.,
1063 2552 1084 2585 l,
1099 2559 1126 2586 p.
1144 2550 1286 2586 169).—ln
1299 2551 1418 2585 cod.2|,
1434 2551 1502 2587 plut.
1518 2551 1564 2584 59,
1578 2551 1723 2586 fragment.

132 2655 170 2690 (a)
189 2654 345 2684 Tillemont.
362 2655 381 2683 1.
397 2662 434 2691 c.,
450 2654 514 2683 Not.
528 2656 556 2688 3,
573 2655 664 2691 docet,
679 2655 810 2691 scriptum
823 2663 885 2684 esse
939 2663 966 2691 p.
977 2654 1030 2682 297
1045 2663 1106 2691 sqq.

97 2687 336 2727 suumiussum
351 2691 387 2727 2§
401 2687 480 2718 Febr.
496 2699 520 2718 a.
535 2691 598 2719 571.
613 2687 700 2727 ﬂeat.
734 2687 743 2691 ’
780 2726 783 2727 ν
836 2726 855 2727 η
939 2687 1010 2727 ite)
1021 2687 1110 2727 βοὴι.
1123 2690 1154 2718 C.
1170 2691 1208 2727 G.
1219 2691 1250 2719 F.
1267 2690 1362 2727 Walcb
1377 2690 1396 2717 l.
1409 2689 1503 2727 cui"
1515 2710 1522 2722 ,
1538 2697 1564 2723 p.
1580 2687 1723 2727 1813mm

133 2726 171 2761 (b)
191 2726 223 2753 V.
244 2725 448 2762 Walch,Entio.
464 2726 536 2753 einer
550 2726 638 2754 vollst.
657 2726 750 2762 (ξηρὴ.
767 2726 885 2762 derﬂKe-
938 2722 1063 2762 £86,191
1078 2734 1152 2762 sqq.,
1168 2726 1237 2754 infra
1253 2727 1308 2754 vol.
1325 2725 1370 2759 1X,
1386 2734 1413 2762 ιι.
1428 2725 1492 2759 592,
1516 2722 1574 2754 un.
1586 2723 1620 2751 de
1633 2722 1727 2751 Phot‘i

99 2762 222 2796 tsmien,
233 2766 299 2796 etc.,
315 2761 439 2795 ωσι-111,
453 2769 479 2795 p.
493 2761 543 2789 577
561 2769 615 2796 sq.,
631 2766 656 2790 et
669 2760 862 2796 Lambcc.,Vll

315 2761 439 2795 ωσι-111,
453 2769 479 2795 p.
493 2761 543 2789 577
561 2769 615 2796 sq.,
631 2766 656 2790 et
669 2760 886 2796 Lambcc.,Vlll,
940 2762 1001 2789 cod.
1018 2761 1062 2790 52.
