1934 3029
743 148 883 177 ΝΟΤΙΤΙΛ
903 151 936 178 ΙΝ
956 151 965 177 Ξ

1017 151 1223 181 ΣΡΙΡΗΑΝΠΙΜ.
1752 162 1793 184 Vitr

168 203 258 238 operis
274 205 391 236 Ancora,
418 212 441 232 s.
456 205 600 240 expositio.
615 210 679 238 elc.,
692 207 837 243 inscripti;
851 210 999 244 praemissis
1019 210 1080 238 Vita
1095 212 1238 247 Epiphanii
1258 218 1285 241 et
1298 214 1423 249 Epistolis
1438 215 1560 249 Matidii,
1574 221 1638 248 clm,
1651 225 1682 243 ac
1696 216 1791 243 Palla-

167 251 208 278 dii
223 249 260 279 ad
272 253 348 279 illum
362 253 470 287 (Band.,
489 254 521 286 ll,
535 262 561 289 p.
576 255 649 290 558).
667 255 787 291 Denique
807 259 833 285 in
857 259 917 286 cod.
931 259 957 289 8.
973 268 999 287 ιι.
1018 260 1063 292 20,
1082 261 1126 288 ubi
1142 267 1267 297 excerpta
1282 263 1432 299 theologica
1447 265 1479 292 de
1493 265 1592 300 Spiritu
1613 270 1708 292 sancto
1728 269 1791 292 sunt

169 301 292 333 collecta,
306 301 454 329 laudantur
466 310 575 338 quoque
587 303 644 330 loca
662 311 693 330 ex
712 303 855 340 Epiphanii
878 307 1010 333 Aucorato
1026 307 1124 342 (Band.
1142 308 1187 342 lll,
1200 317 1226 344 p.
1242 309 1316 343 524).
1330 310 1463 338 —-Oxon.
1481 312 1507 339 in
1521 311 1582 339 cod.
1601 311 1710 339 Barocc.
1727 310 1791 342 206,

170 357 192 376 δ.
212 349 347 377 Anastasii
366 349 512 382 Question.
529 355 553 377 et
568 359 697 384 respons.,
711 357 775 380 sunt
787 353 847 380 loca
862 361 895 381 ex
911 353 1054 389 Epiphanii
1069 356 1202 383 Ancorato
1213 376 1220 387 ,
1233 365 1265 384 ex
1283 357 1353 385 libro
1369 357 1405 385 De
1422 358 1552 392 lapidibus
1566 357 1593 384 in
1605 357 1732 391 pectorali
1748 365 1793 383 sa-

170 397 293 428 cerdotis,
309 402 336 424 et
352 398 378 425 in
393 398 453 426 aliis
466 399 498 425 de
514 398 625 426 CXXII
641 400 776 435 prophetis
793 407 817 428 et
832 403 1013 437 prophetissis,
1030 408 1054 430 et
1069 404 1101 430 de
1116 403 1185 431 XVI
1203 406 1334 440 prophetis
1347 414 1378 432 ac
1390 410 1472 432 morte
1485 406 1651 439 ipsorum.—
1664 403 1750 431 Paris.
1766 404 1793 430 in

171 440 238 468 bibl.
250 441 324 476 publ.
342 442 402 469 cod.
419 442 480 475 855,
498 442 658 478 Epipbauii:
676 446 699 477 1,
712 445 823 474 Panarii
839 447 907 475 liber
925 449 1038 482 tertius;
1055 450 1082 481 2,
1095 451 1299 484 Aucoratus,‘5,
1313 450 1423 478 Panarii
1438 451 1605 486 epitome;4.
1621 451 1667 477 lib.
1683 449 1719 476 De
1730 458 1793 484 pou-

170 486 275 514 deribus
287 492 311 514 ct
328 489 534 516 mensuris.—ln
549 490 676 518 Thomasi
689 490 799 528 Josephi
811 493 901 521 Mariae
912 494 1080 522 Institution.
1094 496 1245 532 tlteologicis
1256 497 1421 533 antiquorum
1438 497 1551 523 Patrum
1567 495 1611 531 (Ill
1626 495 1688 522 voll.
1701 495 1794 522 Roma

171 541 203 560 ex
216 536 374 570 typograpb.
389 542 544 571 congregat.
557 537 592 565 De
606 540 778 574 propaganda
796 541 857 573 ﬁde,
874 541 952 573 1700,
970 542 1048 574 1710,
1067 543 1143 574 lilii...
1160 544 1198 575 8°,
1208 549 1236 571 et.
1249 543 1326 576 1769.
1336 545 1376 578 1ο)
1387 548 1429 571 est
1443 544 1468 570 iu
1486 544 1539 570 vol.
1556 543 1637 570 tertio
1647 542 1793 577 Epiphanii

172 580 331 612 Ancoratus,
342 581 424 608 brevis
431 584 559 616 expositio
569 585 632 618 ﬁdei
642 587 789 621 catholicae,
802 593 882 624 atque
891 589 1130 624 Anacephalwosis.
1142 591 1188 618 Gr.
1196 599 1227 619 ac
1235 591 1294 618 Lat.
1309 599 1369 619 cum
1384 591 1465 618 variis
1477 590 1729 625 emcndatt.quibus
1744 589 1794 616 Pe-

171 625 329 672 taviireditio
342 627 445 654 erudite
457 629 616 664 castigatur.
626 630 659 658 V.
671 632 743 667 Lips.
763 634 822 661 Act.
843 635 918 662 erud.
936 636 968 662 Α.
986 636 1066 668 1716,
1078 644 1114 663 ιιι.
1127 636 1217 669 Mart..
1232 637 1380 672 p.1255q..
1395 642 1421 664 et
1435 636 1526 669 Fabr..
1541 636 1609 662 infra
1619 637 1645 663 in
1654 635 1706 662 vol.
1723 634 1792 665 Xlll.

171 678 198 705 ι).
216 671 266 699 749
283 680 343 708 sqq.
354 673 494 702 Summam
510 676 648 708 Ancorati.
666 677 778 706 l’anarii
796 683 878 714 atque
892 680 1024 716 Anaceph.
1040 680 1101 709 fecit
1118 682 1266 710 Schrteckh
1281 683 1299 710 l.
1313 690 1349 715 c..
1362 689 1423 717 pag.
1438 681 1530 715 M-96,
1542 687 1569 709 et
1582 685 1709 716 excerpta
1721 681 1795 708 dedit

172 718 284 747 Roesler
299 721 326 747 in
346 721 416 748 Bibl.
429 723 476 748 der
490 722 691 756 Kircltenvt'iter.
709 731 775 754 tom.
794 727 825 754 Vl
837 747 844 760 .
861 736 887 763 p.
900 728 917 754 4
929 737 990 764 sqq.
1012 729 1096 758 ΙΙΑιιι..

206 775 234 803 2.
251 776 404 811 Πανάριον,
417 777 528 810 arcula,
549 778 605 806 sive
626 781 788 815 canistrum,
805 782 914 816 plenum
932 792 965 810 rei

1017 784 1059 812 liis
1079 785 1209 812 adversus
1230 792 1335 812 venena
1358 782 1502 812 haeresium
1521 789 1604 808 Lxxx.
1629 781 1700 809 Αὐτὸ
1717 781 1796 807 τοῦτο

172 825 307 860 Πινάριον
323 824 371 851 εἴτ’
385 823 430 852 οὖν
445 825 571 854 κιϐώτιον
587 829 715 864 ἰατρικὸν,
735 831 782 856 καὶ
799 831 1016 866 θηριοδηκτικδν,
1035 832 1103 868 ὅπερ
1116 832 1174 859 ἐστὶ
1189 832 1232 859 διὰ
1254 832 1362 868 βιϐλίων
1379 831 1464 868 τριῶν
1476 832 1595 866 αἱρέσεις
1613 830 1793 864 ὀγδοήκοντα,

173 872 272 904 αἵτινές
286 873 338 898 εἱσι
354 872 455 908 θηρίων
469 873 519 899 εἶτ’
533 871 578 900 οὖν
593 874 715 909 ἑρπετῶν
730 875 878 910 αἰνίγματα
893 876 928 910 (s.
943 876 965 902 δι

1017 878 1091 911 am).
1109 876 1154 905 Sic
1169 877 1337 913 Epiphanius
1360 878 1432 913 ipse,
1448 877 1556 903 titulum
1574 876 1663 911 operis
1684 875 1726 902 sui
1746 882 1796 901 ex-

173 917 277 952 plicans
292 918 319 945 in
335 918 549 953 Anacepltaltzosi
562 924 589 946 et
604 920 630 946 in
647 919 765 954 Epistula
780 919 813 946 ad
830 920 955 946 Acacium
975 927 999 948 et
1018 921 1152 952 Paulum.
1167 923 1339 958 presbyteros
1355 927 1380 949 et
1397 921 1626 950 archimandritas
1642 921 1668 947 iu
1686 920 1797 955 regione

172 965 410 995 Carchedouensis
423 972 450 994 et
462 967 570 994 Beroeze
583 967 672 994 C(elcs
687 967 783 1002 Syrize,
800 975 815 994 a
832 967 931 1002 quibus
943 968 977 994 ad
995 967 1178 995 confutandos
1192 968 1332 996 haereticos
1347 968 1480 995 invitatus
1492 971 1533 994 est
1547 975 1618 994 anno
1633 965 1796 997 Diocletiani

172 1022 236 1047 xctt,
254 1014 437 1042 Valentiniani
453 1020 478 1043 et
496 1015 616 1044 Valentis
629 1015 802 1047 duodecimo,
819 1016 941 1043 Gratiani
957 1022 1053 1043 octavo
1080 1016 1129 1051 (α),
1148 1017 1201 1044 hoc
1223 1022 1265 1044 est
1279 1017 1311 1044 Α.
1327 1016 1357 1044 C.
1383 1017 1446 1047 3'13,
1474 1024 1521 1049 per
1538 1015 1693 1049 epistolam,
1713 1022 1796 1048 quam

172 1062 283 1097 pertulit
302 1061 445 1090 Marcellus
460 1063 570 1098 quidam
582 1082 588 1093 ,
608 1066 635 1089 et
650 1069 710 1096 qua:
734 1069 796 1088 cum
820 1060 964 1096 Epiphauii
987 1063 1164 1096 responsione
1182 1061 1312 1094 Panario.
1339 1067 1425 1089 totum
1444 1062 1520 1096 prius
1537 1061 1666 1088 volumen
1687 1061 1713 1087 iu
1729 1060 1795 1087 edit.

172 1107 264 1136 Petav.
289 1109 426 1144 implettti.
441 1108 623 1144 prtemittitur.
637 1106 770 1140 Πανάρια
785 1112 884 1134 vocant
905 1107 1065 1134 Anastasius
1093 1107 1209 1137 Sinaita.
1236 1106 1349 1134 Photius
1372 1107 1433 1134 cod.
1466 1106 1527 1137 121,
1545 1105 1643 1131 Suitlas
1660 1114 1666 1132 :
1683 1104 1798 1132 Aretbas

172 1155 198 1182 iu
214 1154 371 1189 Apocalyps.
389 1162 418 1180 ιιι
432 1158 458 1181 et
472 1162 509 1186 VI,
527 1153 670 1188 Παναρίων
688 1152 799 1188 βιὸλίον.
814 1152 894 1180 Mich.
910 1152 965 1188 Glyt

1024 1151 1110 1185 Epist.
1124 1153 1158 1178 ad
1182 1152 1274 1178 Nilum
1294 1153 1461 1183 monachum.
1488 1153 1558 1188 apttd
1576 1152 1657 1179 Allat.
1672 1160 1732 1187 pag.
1752 1153 1797 1183 ‘29.

175 1199 212 1227 De
226 1200 390 1235 purgatorio.
409 1199 545 1234 Πανάριον
562 1199 706 1234 Epipltanii
726 1199 835 1226 codices
849 1203 876 1225 et
892 1197 1076 1226 OEcumenius
1105 1199 1132 1225 in
1155 1198 1243 1233 Epist.
1261 1199 1350 1229 ludat.
1366 1207 1426 1234 pug.
1448 1199 1511 1227 516.
1531 1199 1655 1226 Laudant.
1670 1204 1798 1234 prmterea

173 1246 225 1274 hoc
237 1246 367 1273 adversus
385 1245 503 1272 haereses
515 1253 582 1278 opus
598 1245 722 1280 plerique
735 1249 853 1277 veteres,
872 1249 901 1271 ut
917 1243 1099 1280 Hieronymus
1115 1248 1142 1271 et
1158 1244 1203 1279 qui
1218 1244 1293 1280 ἱερὰν
1309 1244 1399 1279 βίϐλον
1416 1249 1495 1272 vocat
1507 1243 1666 1272 Theodorus
1680 1244 1798 1275 Stutlita,

173 1291 219 1319 lib.
235 1299 255 1324 ι,
272 1291 351 1326 epist.
366 1290 410 1318 40.
426 1290 464 1317 Ex
480 1289 627 1325 Epiphanio
644 1289 743 1316 librum
766 1297 845 1316 suum
863 1289 899 1316 De
917 1289 1059 1316 haeresibus
1080 1289 1218 1324 excerpsit
1241 1289 1266 1316 J.
1286 1289 1482 1317 Damascenus.
1500 1289 1584 1325 Igitur
1607 1294 1634 1316 et
1657 1289 1683 1316 in
1705 1290 1799 1317 codice

173 1345 225 1364 ms.
235 1336 450 1369 Vindobonensi,
462 1338 532 1371 apud
545 1336 732 1367 Lambecium,
743 1336 811 1368 Vlll.
823 1344 849 1371 p.
861 1336 965 1372 426((2),

1020 1337 1211 1364 masccniliber
1222 1337 1383 1364 inscribitur
1400 1337 1453 1364 Τοῦ
1463 1337 1611 1371 μακαρίου
1627 1338 1800 1371 Ἑπιφανίου

172 1382 341 1410 ἐπισκόπου
362 1383 482 1417 Κύπρου
504 1382 644 1417 διήγησις
659 1384 809 1418 σύντομος
827 1383 888 1410 τῶν
909 1373 1088 1411 ἐκτὲθεισῶν
1099 1383 1243 1418 αΙρέσεων
1258 1384 1365 1411 πασῶν
1377 1384 1441 1418 ἤτοι
1457 1383 1620 1419 δογμάτων.
1640 1385 1755 1411 Secutus
1774 1389 1800 1412 et

174 1429 356 1464 Epiphanium
370 1428 533 1455 Philastrius
547 1433 598 1460 est.
617 1429 679 1456 licet
706 1437 760 1456 non
776 1429 869 1456 laudet
894 1429 928 1456 de
946 1431 1064 1461 nomine.
1077 1429 1115 1456 uti
1132 1437 1182 1456 nec
1197 1429 1394 1461 Theodoretus,
1421 1431 1454 1458 de
1478 1440 1532 1466 quo
1557 1432 1627 1463 vide.
1651 1432 1672 1458 si
1702 1432 1798 1466 placet.

173 1474 336 1502 Carm-rium
353 1475 380 1502 in
397 1474 526 1502 Auctario
540 1472 658 1508 Operum
676 1473 838 1500 Theodoreti
852 1495 859 1506 .
876 1482 937 1509 pag.
956 1473 1020 1504 245.
1036 1473 1098 1505 5.89,
1115 1474 1177 1501 491.
1192 1473 1360 1508 Augustinus
1377 1483 1441 1503 vero
1457 1484 1509 1503 non
1528 1477 1632 1504 videtur
1652 1477 1800 1504 Pauarium

174 1521 317 1557 Epiphanii
331 1522 439 1557 legisse,
457 1529 545 1556 neque
568 1521 850 1554 Ἀνακεραλαίωσιν,
868 1529 948 1555 quam
981 1521 1124 1552 habemus.
1138 1521 1184 1549 sed
1202 1522 1311 1549 tertium
1330 1522 1440 1557 aliquod
1455 1523 1488 1550 de
1501 1523 1650 1551 hmresibus
1672 1532 1751 1558 opus.
1773 1524 1800 1550 in

175 1576 223 1596 sex
235 1568 331 1596 breves
344 1570 474 1596 tributum
493 1569 608 1601 libellos.
630 1573 661 1596 ut
683 1575 779 1597 narrat
805 1570 831 1597 in
847 1569 926 1597 Pra-l‘.
943 1575 969 1596 et
992 1570 1086 1596 lueresi
1108 1577 1177 1603 LVII,
1193 1574 1224 1597 ut
1243 1570 1310 1597 adeo
1326 1570 1359 1597 de
1376 1571 1527 1598 haeresibus
1543 1571 1596 1599 illis
1614 1572 1751 1606 octoginta
1772 1572 1799 1598 in

176 1614 300 1649 pluribus
315 1614 424 1649 scriptis
445 1615 502 1642 suis
518 1613 688 1648 disseruerit,
716 1616 770 1643 nisi
790 1615 1063 1649 ’Araueymlalwmr
1080 1615 1107 1641 in
1126 1622 1172 1642 sex
1188 1615 1294 1642 libellos
1310 1614 1375 1642 olim
1398 1616 1528 1644 tributam
1554 1616 1638 1644 fuisse
1664 1617 1799 1647 dicamus.

176 1662 214 1689 uti
230 1661 378 1688 Panarium
393 1662 481 1697 ipsum
497 1661 627 1689 dividitur
643 1661 670 1688 in
687 1661 772 1689 libros
787 1667 854 1693 tres.
869 1666 896 1688 et
911 1661 973 1688 libri
999 1661 1098 1696 singuli
1117 1661 1216 1688 iterum
1230 1661 1259 1688 in
1274 1665 1373 1692 tomos.
1389 1663 1494 1696 primus
1511 1664 1536 1690 iu
1554 1666 1620 1694 tres.
1641 1663 1732 1690 czeteri
1745 1662 1801 1689 duo

175 1708 202 1736 in
218 1709 308 1742 binos.
323 1713 354 1737 ut
367 1714 468 1745 septem
483 1709 546 1736 libri
570 1708 713 1744 prodeant.
729 1709 886 1736 Auditorem
908 1709 1054 1744 alloquitur
1081 1708 1249 1744 Epiphanius
1276 1710 1372 1737 bmresi
1390 1718 1468 1742 LXIV,
1486 1709 1503 1736 5
1520 1718 1526 1735 :
1542 1709 1635 1741 Ὅπως
1651 1708 1757 1744 γνῴης,
1778 1705 1801 1734 ὦ

175 1755 302 1790 φιλόκαλε
316 1755 449 1790 ἀκροατά,
464 1757 576 1790 perinde
591 1761 622 1784 ut
641 1757 667 1783 in
686 1756 756 1784 libro
771 1757 809 1784 De
832 1757 962 1784 mensuris

1021 1756 1189 1791 ponderibus.
1205 1763 1230 1784 c.
1251 1756 1278 1788 Ξ,
1299 1757 1445 1783 ἐπίστασαι
1461 1754 1550 1787 fabro.
1564 1754 1586 1782 ὢ
1603 1756 1734 1792 ἀκροατά.
1756 1755 1801 1783 Sic

176 1807 271 1830 auctor
295 1802 498 1838 redargutionis
519 1804 677 1832 schismatis
699 1804 861 1838 Anglicani,
887 1805 921 1832 ab
939 1803 965 1830 11η

1017 1811 1026 1832 )
1049 1804 1141 1832 editus
1160 1811 1221 1840 pag.
1246 1804 1291 1838 '50,
1313 1804 1470 1840 Παρατήρει
1494 1803 1522 1830 δὲ
1546 1804 1592 1830 καὶ
1618 1804 1650 1830 σὺ
1678 1803 1771 1835 πάλιν,
1788 1805 1802 1830 ὁ

175 1956 252 1993 fta)
271 1956 351 1993 Anno
363 1959 484 1987 ιιι-ειῑίθηὶ
509 1965 599 1989 ηοιιο,
616 1957 738 1986 Valentis
758 1958 864 1985 decimo
878 1959 965 1990 tertio,
983 1958 1005 1985 D
1020 1958 1185 1986 mentionem
1203 1959 1235 1986 ad
1251 1967 1277 1986 n.
1298 1959 1309 1986 1
1325 1958 1381 1992 jam
1404 1957 1499 1993 injeci,
1519 1958 1612 1992 paucis
1633 1966 1801 1985 commemo-

177 1991 360 2029 Valeutijtiani
382 1994 503 2029 iunioris
524 1994 748 2029 printgsrribere
764 2002 793 2021 se
810 1995 848 2020 ait
871 1995 966 2020 haeres.
1019 1994 1094 2029 rabo.
1105 2009 1139 2014 —
1153 1994 1271 2021 Venetiis
1287 1995 1313 2020 iu
1326 1991 1392 2029 bibl.
1453 1991 1618 2029 Marcirtcod:
1637 1993 1688 2020 125
1704 1995 1801 2028 Epiplt.

176 2035 256 2064 uri.
277 2026 314 2054 20
325 2047 336 2064 .7
348 2026 414 2056 tom.
434 2030 462 2063 l,
477 2038 503 2064 p.
521 2026 585 2056 658.
602 2028 822 2063 ΡΑιιιι.-Ριιε1ιιε
833 2030 859 2056 in
873 2029 965 2064 Qritic.

1020 2028 1148 2055 Penuria.
1165 2028 1237 2060 (Cat.
1253 2031 1328 2055 codd.
1342 2028 1388 2056 Gr.
1406 2027 1484 2058 γαπ..
1497 2036 1523 2062 p.
1534 2028 1589 2061 71.)
1601 2027 1666 2064 Sed.
1680 2026 1802 2056 animad-

177 2063 291 2094 Baron..
306 2063 349 2089 ad.
372 2064 404 2092 A.
421 2065 451 2092 C.
469 2065 531 2095 575.
560 2072 588 2090 ιι.
603 2063 646 2095 10,
670 2072 696 2097 p.
712 2064 775 2093 4‘27.
794 2069 859 2091 tom.
876 2063 906 2096 ν,
919 2064 965 2091 de-

1018 2069 1139 2091 verteute
1155 2064 1189 2091 cl.
1208 2064 1348 2091 Villoison.
1376 2064 1402 2090 in
1424 2063 1549 2090 Anecdot.
1570 2063 1628 2096 (in,
1646 2063 1686 2094 ll.
1709 2072 1735 2097 p.
1749 2065 1801 2092 2M

179 2099 358 2134 monstravit.
376 2099 520 2126 Pannrium
541 2099 574 2134 A.
593 2098 624 2125 C.
639 2099 692 2126 574
706 2100 836 2133 scriptum
852 2107 913 2126 esse
927 2099 967 2125 vi-
1018 2107 1071 2133 sq.,
1089 2099 1133 2126 ille
1148 2100 1208 2126 cod.
1220 2119 1227 2132 ,
1248 2107 1280 2126 ex
1297 2107 1351 2134 quo
1367 2098 1478 2126 infinitae
1499 2106 1591 2133 eaeque
1613 2099 1724 2125 maximi
1743 2107 1803 2126 mo-

180 2131 317 2160 deri.Vide
332 2132 406 2161 Salii
424 2135 531 2165 Onom.,
543 2133 600 2168 l.p.
616 2131 798 2161 dii—Coiﬁ.
812 2134 966 2161 Schroeckh

180 2167 327 2204 loro_attte
354 2169 474 2201 laudato.
502 2167 581 2204 Bayl.
609 2169 740 2201 Diction.,
766 2178 791 2196 ν.
819 2169 964 2204 Epipltane.

180 2211 208 2238 p.
225 2202 260 2229 43
273 2209 397 2240 εφειιιιι.
415 2205 444 2237 li,
465 2210 492 2232 ct
504 2202 616 2240 Sgulteti
630 2204 742 2240 Μςᾴιιιι.
761 2202 896 2240 theologia:
913 2203 966 2231 Pa-

182 2244 262 2274 trum,
276 2244 303 2274 ρ.
318 2238 369 2266 549
383 2248 431 2274 sqq
457 2241 500 2267 ed.
518 2239 645 2267 Francol.
663 2239 747 2266 "ARL.

216 2245 262 2269 tm,
318 2244 369 2266 5w
383 2248 431 2274 sqq
457 2244 500 2267 ed.
518 2244 645 2267 r'rancol.
663 2244 747 2266 IIARL.

216 2272 261 2310 ibi
301 2281 343 2310 ag.
360 2274 569 2310 898’sqq.rcum
589 2279 645 2301 uol.
658 2274 791 2310 rKollarii.’
804 2289 838 2310 ἡ
857 2273 886 2300 1η
903 2275 964 2301 cod.

180 2308 292 2335 Coislin.
306 2309 340 2335 34
353 2316 394 2336 est
413 2308 460 2337 fol.
471 2308 477 2310 ⁷
488 2309 538 2337 100
554 2317 633 2337 verso
651 2309 792 2344 Epipltanii
811 2309 847 2336 De
859 2310 967 2336 Interest“-

181 2347 240 2379 ous.
266 2343 285 2370 i.
304 2351 329 2371 ε.
350 2352 413 2378 pars
429 2345 515 2379 ipsius
531 2345 649 2379 epistola
661 2345 695 2371 ad
709 2344 834 2370 Acacium
849 2350 873 2371 et
892 2344 965 2371 Pau-

181 2378 236 2405 lum
248 2386 259 2402 .·
271 2385 421 2413 sequuntur
435 2378 584 2406 summaria
601 2380 679 2406 initio
697 2384 832 2406 tomorutu
854 2379 966 2406 Panarii

181 2413 410 2449 praeﬁxa,rusque
425 2415 459 2442 ad
485 2415 597 2441 Ita-resin
620 2413 885 2446 Tlteodotiauorutu,
906 2422 967 2448 qtue

182 2452 223 2475 est
244 2456 290 2475 VIII
308 2448 410 2480 lihriu.
432 2455 498 2476 torn.
522 2450 542 2482 Ι,
566 2449 613 2477 lol.
630 2454 719 2476 autent
739 2449 800 2481 195,
818 2450 915 2483 Epipb.
933 2450 966 2476 tle

182 2483 279 2510 hatresi
304 2483 526 2511 Massaliauorum
549 2485 607 2511 sine
632 2485 720 2515 initio.
738 2489 765 2511 et
788 2484 882 2511 eodem
904 2485 967 2511 t'olio

181 2526 262 2545 verso
285 2518 381 2545 iterum
405 2520 438 2546 de
459 2519 630 2546 Massaliauis
660 2527 692 2546 ex
709 2518 872 2546 Theodoreti
893 2519 965 2546 Hist.

181 2553 286 2583 (colem.
303 2553 320 2580 I.
340 2561 376 2581 IV.
390 2562 414 2581 c.
432 2555 474 2581 10.
491 2554 538 2582 Est
551 2560 641 2581 autem
659 2555 707 2587 (uti
722 2555 832 2580 adnotat
846 2560 872 2580 et
890 2556 966 2588 plura

182 2588 214 2623 tle
229 2594 391 2623 argumento
413 2590 473 2616 cod.
489 2589 609 2623 disputat
629 2589 777 2616 Moutlauc.
796 2589 821 2616 in
837 2589 964 2616 Bibliutlt.

182 2622 308 2656 conm...
323 2631 349 2657 p.
369 2623 414 2656 88)
430 2625 496 2651 liber
510 2622 545 2651 De
561 2625 704 2651 haeresibus
717 2632 731 2651 a
746 2623 827 2651 Micb.
847 2623 966 2658 Lequieu

183 2663 305 2694 essemus
334 2658 358 2685 Ι.
378 2658 559 2694 ῡέιιιιςιδθειιο,
577 2659 725 2694 particulas
752 2664 916 2686 memoratas
935 2667 967 2685 ex

184 2691 336 2728 Epiphanio
347 2699 375 2720 et
388 2693 557 2722 Theodoreto
569 2691 595 2722 iit
608 2703 688 2722 suum
703 2695 798 2721 librum
811 2695 844 2721 ad
856 2695 966 2721 verbum

184 2728 372 2764 transferente.
394 2744 428 2748 —
448 2728 551 2756 Pariter
580 2729 693 2756 Huetius
720 2729 966 2764 Philosopltumena,

184 2770 245 2799 quae
259 2764 310 2790 sub
325 2763 452 2799 Origenis
469 2765 577 2791 nomine
591 2764 834 2792 circumferuntur.
849 2764 966 2798 Epipha—

185 2797 231 2825 nio
242 2804 335 2826 ttostro
350 2797 454 2826 tribuit.
474 2799 525 2826 Per
541 2801 609 2826 hanc
626 2800 797 2827 occasionem
809 2797 878 2826 alios
887 2797 966 2826 codd.

185 2831 213 2860 in
237 2834 336 2868 quibus
357 2834 509 2869 Πανάριον
529 2839 637 2868 exstat.
664 2835 776 2863 omissis
798 2835 832 2862 iis
851 2841 968 2869 quorqu

1017 2134 1119 2166 menti,
1134 2133 1278 2161 lectionum
1298 2133 1512 2169 varietate-serui
1527 2134 1650 2169 possint.
1671 2142 1724 2161 non
1739 2143 1797 2169 pro-

1017 2170 1099 2199 cedit.
1117 2169 1168 2196 nisi
1186 2169 1219 2196 atl
1235 2169 1283 2196 lib.
1300 2177 1329 2198 tl.
1349 2176 1374 2196 c.
1386 2169 1412 2198 ‘2.
1434 2168 1545 2199 Panar..
1561 2176 1586 2202 p.
1603 2168 1665 2200 605,
1684 2169 1725 2196 ed.
1740 2168 1803 2196 Ῥο-

1018 2209 1086 2234 tav..
1101 2205 1213 2238 proinde
1225 2204 1324 2231 desunt
1341 2204 1367 2230 iu
1384 2204 1429 2230 illo
1451 2209 1505 2230 tres
1529 2204 1704 2230 Panariorum
1725 2209 1801 2232 tomt.

1017 2239 1078 2266 —ln
1097 2240 1161 2266 bibl.
1176 2239 1288 2267 Coislin.
1305 2239 1364 2266 cod.
1382 2239 1444 2269 563.
1464 2239 1509 2265 fol.
1526 2240 1570 2265 Ml
1585 2259 1592 2271 ,
1619 2248 1651 2266 ex
1666 2239 1802 2273 l’auariis,

1015 2274 1048 2311 ὲκ
1063 2274 1108 2311 τοῦ
1126 2275 1190 2310 περὶ
1201 2274 1423 2311 πίστεως-ᾉόγιιυ.
1433 2274 1498 2311 Ibid.
1515 2274 1590 2301 locus
1602 2274 1633 2300 ὲκ
1647 2275 1694 2301 τοῦ
1713 2276 1802 2311 Ἀρίου

1015 2309 1147 2344 αἱρέσεως
1163 2308 1302 2336 ἰνίιιιιίιιιιο
1325 2308 1495 2344 Epiphanio;
1513 2315 1610 2344 contra
1629 2310 1654 2336 in
1673 2311 1731 2337 cod.
1744 2308 1802 2341 ⁷57,

1016 2343 1176 2380 Athanasio.
1193 2343 1224 2370 V.
1241 2344 1400 2380 Liciniane”
1415 2343 1486 2380 Bibl.
1500 2343 1624 2376 Coisliu..
1645 2345 1742 2380 p.562
1758 2354 1802 2380 sq.

1016 2394 1051 2399 —
1062 2379 1088 2406 In
1107 2380 1170 2406 bibl.
1186 2379 1255 2406 Caes.
1274 2378 1397 2408 Viudob..
1409 2379 1470 2405 cod.
1485 2387 1573 2411 CLXVI,
1589 2388 1615 2406 ιι.
1635 2378 1659 2412 1⁷,
1678 2378 1803 2408 Theodo-

1016 2415 1067 2441 reti
1085 2413 1245 2449 Interrogat.
1263 2419 1286 2440 et
1305 2414 1514 2449 respousionibus
1527 2435 1533 2445 .
1550 2421 1614 2447 etc..
1641 2416 1804 2443 intermixta:

1016 2454 1043 2476 et
1058 2448 1209 2483 subjunctie
1220 2454 1286 2484 sunt
1295 2449 1479 2483 expositiones
1489 2448 1629 2484 Epiphnnii
1642 2458 1673 2476 cx
1685 2449 1803 2477 Panario

1016 2489 1043 2511 et
1057 2485 1219 2520 aliurum.—
1230 2483 1414 2520 Infauariot
1426 2489 1491 2510 tom.
1510 2483 1573 2518 l,'p.
1586 2485 1621 2511 94
1633 2487 1674 2512 ed.
1690 2485 1802 2520 Peluv.)

1017 2520 1106 2554 agitur
1121 2520 1154 2546 de
1175 2518 1278 2546 haeresi
1297 2518 1495 2545 Sautaritarutn
1506 2540 1514 2550 ,
1530 2525 1565 2551 et,
1591 2525 1620 2546 ut
1637 2522 1662 2547 in
1681 2521 1741 2547 cod.
1757 2518 1802 2554 40,

1018 2562 1045 2580 ιι.
1070 2554 1114 2585 16,
1137 2557 1179 2580 est
1196 2554 1323 2585 attouymi
1349 2554 1470 2580 adnotat.
1494 2555 1622 2582 historica
1642 2556 1675 2582 de
1699 2556 1804 2585 origine

1018 2576 1402 2624 ξίὸηξίῖἶιέἑξιᾤ’τὶῐίὶὲὶῖίιίιιῖ’ἦ
1407 2576 1573 2624 ἷίῖέιίιιιὶέἑῖ
1582 2576 1690 2624 illiti}.
1700 2576 1804 2617 ἓξὲξέἷ

1018 2623 1045 2650 Ιιι
1063 2623 1124 2650 Cat.
1137 2622 1213 2649 codd.
1228 2623 1340 2658 Angliw,
1355 2628 1419 2654 etc..
1432 2623 1468 2654 11.
1485 2624 1600 2652 Leu-lini
1613 2627 1639 2651 in
1657 2622 1721 2652 bibl.
1741 2625 1804 2653 Sio-

1018 2659 1095 2686 uensi
1118 2658 1178 2685 cod.
1197 2658 1223 2690 4,
1243 2667 1266 2685 s.
1291 2667 1318 2686 ιι.
1346 2659 1434 2689 4068,
1456 2660 1578 2694 catalogo
1602 2661 1802 2690 haereticorum.

1018 2694 1186 2728 excerptisve
1200 2701 1215 2719 c
1233 2694 1326 2721 multis
1337 2694 1494 2721 auctoribus
1506 2695 1643 2728 praunissa
1663 2700 1726 2722 sunt
1739 2695 1803 2728 Epi-

1019 2729 1108 2763 pltauii
1120 2729 1268 2755 summaria
1281 2734 1307 2756 et
1322 2730 1347 2755 in
1362 2729 1420 2756 cod.
1431 2730 1443 2755 1
1455 2728 1551 2756 Thom.
1561 2729 1637 2763 Gale,
1646 2738 1668 2757 s.
1683 2738 1709 2756 ιι.
1721 2730 1802 2761 5855,

1019 2769 1060 2790 est
1077 2763 1177 2797 Epiplt.
1194 2764 1378 2798 compendium
1401 2764 1436 2791 De
1459 2764 1609 2791 ltwresibus.
1624 2779 1660 2785 —-
1675 2764 1762 2792 Paris.
1777 2766 1803 2791 in

1020 2798 1086 2826 bibl.
1098 2798 1172 2832 publ.
1187 2799 1248 2825 cod.
1259 2799 1322 2830 833,
1336 2799 1514 2825 Panariorum
1528 2799 1589 2825 libri
1606 2804 1688 2827 tt—tet
1703 2800 1730 2827 itt
1741 2799 1803 2827 cod.

1019 2833 1082 2866 855,
1099 2841 1128 2859 ιι.
1146 2833 1190 2865 17,
1207 2839 1332 2869 excerpta
1348 2842 1379 2861 ex
1396 2834 1522 2861 Panario.
1545 2833 1581 2860 lo.
