1934 3029
104 121 151 141 VIII
668 113 810 141 NOTlTlA
828 112 863 141 IN
884 113 913 141 S.
932 112 1156 142 EPlPllA‘NlUM.

103 181 252 218 ἀκροατής.
267 181 430 217 Quanquam
457 188 523 208 vero
537 180 707 216 Epiphanius
723 189 812 216 neque
830 182 857 209 in
873 182 1059 210 describendis
1077 180 1228 208 haeresibus
1249 179 1287 213 (a)
1306 187 1414 214 semper
1429 179 1497 207 satis
1519 182 1665 207 accuratus
1685 183 1728 207 est

104 231 134 253 ut
147 227 194 261 qui
207 227 313 255 levibus
325 227 522 255 auditiunculis
535 227 700 262 quandoque
714 227 794 255 fidem
811 228 849 263 (ὁ)
869 229 972 261 habuit,
992 233 1073 263 atque
1090 227 1262 254 adversarios
1277 231 1372 260 gravat
1386 233 1439 252 non
1455 233 1517 252 raro
1534 226 1678 253 sententiis
1691 225 1736 251 ve-l

105 275 358 308 enttsecutionibus,
373 275 407 303 de
420 275 521 310 quibus
539 275 663 303 fortassis
680 285 820 312 nunquam
838 278 1001 313 cogitaram,
1018 285 1107 312 neque
1125 277 1151 303 in
1183 276 1358 303 conlutandis
1380 275 1521 302 erroribus
1534 281 1642 309 semper
1660 281 1739 306 aeque

105 323 167 350 l‘elix
184 327 236 354 est,
254 331 303 351 nec
325 322 420 351 solidis
434 323 534 358 ubique
548 324 717 358 argumentis
733 325 832 352 militat
843 324 878 360 (ε)
895 333 902 351 :
923 331 1012 352 tamen
1031 328 1141 359 propter
1156 323 1359 358 quamplurima
1376 327 1467 350 notata
1482 323 1599 357 egregie,
1612 327 1639 350 et
1652 323 1739 349 multa

103 377 135 397 ex
153 370 204 397 lide
219 369 309 405 dignis
326 370 423 397 hausta
438 371 624 398 monumentis
638 376 665 398 et
676 372 877 407 antiquioribus
888 372 1069 406 scriptoribus
1092 370 1248 397 testimonia
1263 374 1344 404 atque
1359 369 1577 401 observationes,
1600 369 1699 396 merito
1720 377 1735 395 a

103 416 170 443 viris
183 416 350 444 doctissimis
365 418 406 452 (rt)
419 417 527 444 habitus
538 421 580 444 est
592 417 704 452 quidam
721 417 893 453 antiquitatis
916 417 1110 445 ecclesiastica:
1125 417 1285 447 thesaurus.
1300 415 1399 451 dignus
1413 417 1517 451 utique,
1530 417 1556 444 in
1571 425 1626 453 quo
1641 425 1729 452 etpo-

103 461 194 488 nendo
208 462 332 489 erudittts
346 463 445 497 aliquis
462 469 488 492 et
500 465 604 500 judicio
621 466 725 501 pollens
737 467 779 493 vir
791 467 872 493 etiam
886 471 947 501 post
962 466 1100 493 Petavium
1115 464 1271 499 diligentem
1285 471 1397 499 operam
1412 465 1589 499 studiumque
1603 465 1731 492 collocet.

105 506 143 533 De
158 507 297 541 incompta
313 512 340 535 et
355 509 493 537 salebrosa
506 513 630 539 oratione
646 512 762 539 multum
777 511 907 539 Petavius
920 517 948 539 ct
970 511 1087 538 Dallaeus
1101 511 1136 546 (e)
1151 514 1370 545 eonqueruntur,
1385 515 1411 537 et
1425 510 1482 545 jam
1501 510 1618 538 Photius
1631 510 1738 538 notavit

102 553 158 580 τῶν
171 554 303 590 ῥημάτων
318 556 428 592 καὶτῆς
443 557 596 590 συντάξεως
610 559 641 585 τὸ
659 559 758 594 ἰδίωμα
780 559 808 586 in
826 559 871 586 illo
885 567 903 586 II

994 558 1114 594 probari.
1133 557 1166 585 Et
1192 563 1282 585 tamen
1299 557 1482 594 Hieronymus
1499 566 1524 586 c.
1540 559 1591 586 114
1614 558 1737 593 Catatogi

104 607 131 630 et
143 611 176 630 ex
191 611 224 630 eo
240 603 341 632 Suidas
362 605 543 641 scripserunt,
566 607 710 642 Epiphanii
725 608 864 636 volumina
888 609 920 635 ab
934 608 1046 635 eruditis
1072 612 1181 643 propter
1197 616 1249 640 res,
1271 616 1287 634 a
1309 606 1515 642 simplicioribus
1530 611 1635 641 propter
1661 605 1739 633 verba

103 646 229 676 lectitari.
244 648 271 676 In
285 649 462 686 chronologia
477 653 534 680 fere
548 661 657 689 semper
672 655 800 682 insistere
815 662 877 682 eum
891 655 1016 690 vestigiis
1032 654 1144 682 Eusebii
1167 659 1260 682 monet
1276 653 1403 681 Petavius
1427 654 1453 680 in
1477 653 1559 685 notis,
1578 660 1605 687 p.
1624 651 1667 683 l6,
1684 658 1738 678 non

102 703 167 724 raro
179 701 270 725 tamen
285 699 397 727 turbare
416 705 445 728 et
463 701 640 734 hallucinari,
653 703 725 730 idem
741 711 795 730 non
810 711 865 730 uno
883 703 910 730 in
923 703 984 730 loco
998 703 1136 730 observat.
1149 702 1189 730 Ad
1206 703 1323 730 haeresin
1340 710 1366 729 Ll
1382 700 1547 729 conferenda
1564 699 1664 734 Egidii
1685 697 1740 724 Bu-

103 743 189 770 cherii
201 743 268 771 diss.
283 744 322 771 De
337 746 459 779 paschali
474 746 631 774 Judazorum
646 748 728 782 tynlo.
749 747 851 775 Locum
868 747 964 775 haeres.
983 755 1097 780 unm,
1111 755 1139 782 p.
1152 747 1233 781 1050,
1247 747 1327 774 aliter
1343 745 1396 781 legi
1412 745 1439 772 in
1452 753 1504 772 ms.
1522 743 1738 774 Vindobonensi,

103 791 210 818 notavit
227 791 403 825 Lambecius,
417 793 461 827 lll,
478 802 505 829 p.
524 795 576 822 196
596 795 633 831 [p.
648 795 701 822 486
718 803 760 830 sq.
777 795 822 823 ed.
840 795 957 830 Kollar].

138 848 166 874 5.
190 848 447 882 Ἀνακεφαλαίωσις,
464 849 576 876 Ριηιιτίὶ
597 850 719 885 Epitomc
741 851 774 878 ad
801 851 903 878 eosden

976 850 1114 886 :sbyteros,
1129 850 1258 878 Acacium
1278 855 1306 877 et
1321 849 1446 882 Paulum,
1463 855 1528 877 tam.
1546 848 1579 880 ll,
1597 856 1659 884 pag.
1676 847 1738 886 136.

103 892 254 921 Videndum
273 895 433 922 diversusue
449 896 484 922 sit
498 896 576 930 λόγος
595 884 725 932 σῦντομος
739 897 793 923 τῶν
809 897 902 932 αἰρέσε

976 884 1022 931 11ιί-
1042 904 1094 924 ms.
1117 895 1168 923 fuit
1188 897 1258 931 apud
1277 896 1382 924 clariss.
1405 897 1529 926 Galeam.
1547 900 1614 923 teste
1638 884 1738 923 Cavea.

102 939 186 967 Fauu.
202 956 238 960 —
250 941 379 976 Augustae
391 941 497 968 Vindcl.
518 941 544 967 in
559 941 619 967 eod.
634 941 698 967 bibl.
717 941 791 975 pubi.
810 941 852 968 bis
867 945 956 968 exstat
973 941 1115 975 Epiphanii
1135 942 1256 976 synopsis
1278 941 1427 974 Itwresemr,
1450 949 1565 976 quarum
1590 945 1690 978 matres
1714 945 1740 966 et

101 989 237 1024 prototypi
255 993 373 1024 quatuor
387 994 475 1020 erant,
493 998 519 1016 ιι.
538 988 739 1025 Βαρϐαρισμὺς,
755 988 903 1024 Σκυθισμὸε

976 989 1124 1024 omnem,
1139 989 1313 1025 Ίουδαῖσμός.
1324 990 1356 1017 ν.
1373 988 1476 1016 lleiscr.
1491 989 1562 1021 ϐαίη
1575 997 1601 1024 p.
1612 989 1646 1015 15
1655 992 1682 1015 et
1693 988 1739 1019 25,

103 1035 130 1061 9.
145 1050 180 1055 —
195 1035 302 1062 Dublini
318 1036 344 1063 in
360 1035 390 1063 B.
408 1036 502 1071 colleg.
519 1036 548 1063 S.
568 1036 679 1069 Trinit.,
694 1037 754 1064 cod.
774 1037 835 1069 157,
848 1045 871 1064 s.
888 1037 916 1063 in
933 1036 1022 1064 Catal.
1038 1037 1095 1064 cod.
1113 1038 1225 1073 Anglice,
1243 1043 1308 1065 tom.
1324 1037 1364 1071 11,
1378 1046 1404 1073 p.
1422 1038 1467 1069 91,
1485 1047 1512 1065 n.
1530 1038 1593 1070 278,
1607 1038 1652 1070 56,
1667 1039 1740 1064 Ana-

103 1081 282 1116 cephalwoat's.
296 1082 371 1109 Alios
384 1082 441 1117 jam
459 1082 492 1109 ad
509 1091 536 1109 II.
552 1083 563 1109 1
581 1087 608 1110 et
619 1082 636 1109 2
650 1088 731 1118 atque
746 1082 892 1110 editionem
906 1082 963 1110 Jos.
979 1082 1046 1110 Mar.
1063 1083 1202 1111 Thomasii
1217 1084 1250 1111 ad
1264 1092 1291 1110 n.
1310 1084 1322 1110 1
1340 1084 1499 1111 memoravi.
1515 1083 1601 1111 “me.

139 1140 165 1166 4.
185 1141 253 1176 Περὶ
269 1141 375 1178 μέτρων
393 1142 440 1168 καὶ
454 1141 591 1177 σταθμῶν,
609 1141 687 1170 Liber
702 1141 902 1177 deponderibus

976 1143 1098 1175 tensuris,
1117 1146 1184 1170 tom.
1201 1142 1233 1175 ll,
1258 1150 1319 1178 pag.
1336 1142 1398 1175 158,
1413 1151 1493 1178 quem
1515 1141 1658 1177 Epiphanii
1679 1148 1742 1168 esse

102 1189 250 1224 genuinum
269 1189 352 1217 fetum
368 1190 441 1217 haud
451 1190 554 1224 dubito,
571 1191 634 1219 licet
649 1191 718 1219 levia
732 1196 759 1219 et
772 1192 863 1226 inepta
879 1192 963 1219 multa
978 1193 1005 1219 in
1020 1199 1053 1219 eo
1063 1191 1264 1226 deprehendere
1278 1191 1329 1218 sibi
1344 1192 1418 1219 visus
1430 1192 1465 1219 sit
1479 1191 1592 1218 Latinus
1606 1190 1741 1223 Latinius,

104 1243 170 1265 tum.
186 1238 209 1267 ll
224 1237 321 1274 Epist.,
341 1246 401 1273 pag.
418 1239 480 1266 144.
495 1238 601 1266 Partem
616 1240 793 1275 posteriorem
810 1247 826 1267 a
841 1248 900 1275 cap.
920 1240 952 1267 ⁵21
976 1239 1069 1267 Grzece
1083 1244 1110 1266 el.
1124 1239 1220 1268 Latine
1238 1239 1358 1274 vulgavit
1381 1239 1535 1274 Stephanus
1557 1239 1581 1266 le
1602 1238 1699 1274 Moyne
1714 1239 1742 1265 in

109 1282 197 1311 Variis
213 1284 308 1315 sacris,
325 1288 390 1310 tom.
406 1283 426 1317 l,
442 1292 468 1318 p.
485 1283 547 1317 470,
563 1284 720 1319 subiuncta,
736 1293 763 1319 p.
781 1284 844 1318 490,
861 1285 973 1319 antiqua
988 1285 1113 1312 versione
1131 1285 1239 1316 Latina,
1253 1290 1316 1312 ante
1340 1285 1452 1313 inedita.
1469 1285 1509 1313 Ad
1530 1286 1619 1312 locum
1647 1293 1706 1320 cap.
1727 1285 1739 1312 l

104 1329 187 1365 hujus
204 1330 277 1363 lihri,
291 1338 346 1365 quo
362 1335 441 1358 notas
458 1331 575 1359 Biblicas
593 1331 705 1366 exponit
718 1330 898 1366 Epiphanius,
911 1331 1084 1365 conjecturas
1105 1339 1179 1358 meas
1196 1331 1344 1365 aliquando
1360 1332 1490 1366 proposui
1507 1331 1538 1357 D.
1557 1330 1675 1366 Mayero.
1694 1331 1740 1365 qui

105 1385 149 1405 eas
158 1378 267 1414 probari
279 1378 331 1405 sibi
342 1383 456 1406 testatus
467 1384 508 1406 est
522 1379 548 1406 in
558 1379 681 1406 Historia
692 1380 818 1406 versionis
826 1377 1144 1406 Get‘manichibtiorum
1154 1378 1187 1404 D.
1197 1378 1316 1410 Lat/teri,
1330 1379 1427 1414 p.2l0.
1439 1378 1527 1406 Locus
1534 1386 1558 1405 c.
1568 1378 1596 1410 4,
1610 1378 1655 1405 ubi
1668 1376 1743 1413 ἀρών

104 1425 249 1460 exponitur
258 1427 274 1461 ἡ
284 1425 333 1461 τῆς
341 1425 473 1461 διαθήκης
489 1425 613 1456 κιϐωτός,
624 1419 742 1452 illustrat
754 1424 837 1451 verba
851 1423 903 1451 An:

981 1424 987 1450 i
1004 1423 1115 1450 Sinaitae
1131 1423 1178 1450 lib.
1189 1423 1701 1459 xttAnagogicarumcontemplationum
1714 1423 1743 1449 in

105 1473 295 1504 Hexaemeron,
312 1480 372 1507 pag.
385 1471 430 1504 ‘26,
447 1478 528 1506 quem
546 1471 696 1506 intelligere
709 1478 738 1498 se
753 1475 832 1505 negat
844 1470 969 1497 eruditus
984 1470 1128 1504 interpres.
1148 1469 1186 1496 De
1207 1470 1336 1505 operibus
1355 1470 1407 1497 illis
1429 1469 1524 1503 viginti
1549 1469 1666 1499 duobus,
1682 1475 1743 1503 qure

104 1526 163 1552 cap.
181 1518 212 1544 2l
229 1525 287 1553 seq.
299 1526 314 1545 a
334 1518 389 1545 Deo
403 1518 513 1545 condita
527 1518 622 1546 set-ibit
638 1517 817 1552 Epiphanius,
833 1525 949 1552 quicque
968 1517 1133 1552 respondere
1149 1517 1207 1543 vult
1224 1517 1335 1543 totidem
1355 1516 1432 1543 libris
1449 1514 1554 1542 Veteris
1573 1514 1742 1542 Testumenti

106 1565 256 1599 litterisque
277 1564 426 1599 alphabeti,
440 1564 536 1592 confer
559 1564 736 1593 Lambecium
751 1565 799 1592 lib.
814 1573 856 1596 III,
878 1573 938 1600 pag.
958 1565 1003 1597 40,
1022 1566 1070 1592 101
1089 1571 1115 1592 et
1134 1564 1293 1598 196ιἘΑιιιι.
1307 1580 1343 1584 —
1356 1564 1384 1591 III
1401 1564 1463 1593 cod.
1478 1562 1595 1590 Vindob.
1611 1564 1680 1590 (hes.
1697 1563 1742 1593 89,

105 1619 132 1638 n.
150 1610 200 1642 l9;
217 1610 312 1638 Lamb.
331 1616 396 1638 tom.
410 1610 454 1642 Ill,
467 1618 528 1646 pag.
547 1610 610 1642 485,
629 1618 656 1638 n.
673 1611 718 1641 19.
735 1619 797 1639 cum
816 1617 879 1638 nota
897 1612 1057 1639 Kollarii.—
1072 1611 1265 1646 Fragmentum
1283 1611 1309 1637 in
1327 1610 1423 1637 Lamb.
1441 1610 1600 1642 Comment.,
1616 1615 1680 1636 tom.
1699 1608 1742 1641 lll,

105 1665 131 1691 p.
145 1657 199 1683 47?.
210 1662 238 1684 et
250 1656 314 1688 477,
332 1661 389 1684 tum
404 1657 430 1683 in
445 1656 505 1684 cod.
521 1656 585 1688 282,
601 1664 628 1683 ιι.
643 1656 675 1688 5;
689 1656 751 1689 285,
768 1665 796 1684 ιι.
813 1657 858 1689 10,
873 1662 899 1684 et

980 1657 1037 1687 Vll.
1055 1666 1081 1692 p.
1096 1657 1158 1686 555,
1176 1657 1203 1684 in
1218 1657 1279 1684 cod.
1300 1657 1360 1689 155,
1376 1666 1404 1683 ιι.
1418 1657 1464 1690 2%,
1480 1657 1526 1684 sed
1541 1657 1575 1684 ab
1590 1657 1633 1684 ed.
1648 1656 1741 1683 Petav.

105 1709 172 1731 tom.
189 1703 221 1736 ll,
235 1711 261 1738 p.
278 1703 339 1735 l58,
355 1703 424 1730 mire
445 1703 581 1738 dissentit,
595 1704 743 1732 adnotante
766 1705 867 1732 Kollar.
886 1714 901 1732 a

985 1713 1011 1738 p.
1028 1705 1076 1732 471
1096 1705 1125 1738 Β,
1143 1710 1170 1732 (ιι
1186 1706 1219 1732 ad
1236 1704 1291 1737 VII,
1306 1713 1333 1740 p.
1351 1705 1404 1732 555
1419 1706 1451 1732 Α.
1477 1705 1506 1733 in
1528 1706 1589 1733 cod.
1606 1705 1667 1738 127,
1685 1714 1712 1732 n.
1728 1705 1745 1732 5

105 1756 132 1778 et
148 1750 175 1784 8,
189 1757 268 1785 opus,
284 1755 312 1777 at
328 1750 464 1784 mutilum,
479 1751 589 1787 legitur,
604 1756 672 1780 teste
683 1752 803 1780 Kollario
826 1754 852 1780 in
879 1753 1011 1788 Supplem.
1032 1754 1066 1780 art
1083 1753 1174 1780 Lamb.
1193 1753 1351 1786 Comment.,
1367 1762 1393 1789 p.
1411 1754 1463 1781 759
1480 1762 1537 1789 seq.
1555 1769 1590 1775 —
1607 1753 1743 1781 Montl'au~

105 1799 200 1827 con.in
215 1798 343 1833 Pattzogr.
364 1798 422 1831 Gn,
436 1807 463 1833 p.
480 1798 532 1826 565
549 1807 638 1835 seqq.,
654 1801 765 1835 copiose
781 1801 837 1835 agit
850 1801 883 1828 de
904 1801 974 1828 notis
991 1809 1180 1828 mensurarum
1197 1809 1229 1828 ac
1243 1800 1407 1835 ponderum,
1425 1806 1452 1828 et
1464 1801 1498 1828 de
1515 1801 1589 1828 notis
1605 1800 1743 1835 margina-

105 1847 178 1874 lihus
192 1847 342 1880 librorum;
359 1854 420 1882 pag.
437 1847 490 1874 570
503 1855 579 1883 seqq.
594 1856 626 1875 ex
641 1848 792 1884 Epiphanio
807 1850 899 1884 posuit
912 1854 993 1884 atque
1004 1850 1133 1884 explicuit
1145 1849 1263 1876 tabulam
1280 1855 1405 1877 notarum
1419 1857 1469 1884 pro
1484 1848 1620 1875 mensuris
1634 1853 1660 1875 et
1674 1855 1743 1882 pon—

106 1893 228 1921 deribtts.
246 1909 281 1913 —
297 1893 377 1920 Brere
391 1900 540 1928 excerptum
561 1895 593 1922 de
615 1896 756 1927 mensuris.
770 1902 834 1927 etc,
853 1896 879 1922 in
897 1895 957 1923 cod.
972 1895 1101 1923 Laurent.
1116 1895 1161 1927 58,
1179 1904 1254 1922 Itum.
1270 1894 1297 1927 8,
1312 1896 1379 1930 plut.
1396 1895 1442 1928 59,
1459 1900 1526 1922 teste
1549 1894 1664 1922 Bandin.
1681 1894 1742 1922 Cat.

106 1938 184 1966 codd.
204 1937 262 1970 Gr.,
279 1944 345 1966 tom.
362 1938 393 1970 ll,
413 1947 474 1974 pag.
490 1940 552 1973 570,
576 1940 663 1969 Paris.
679 1942 708 1969 ιιι
724 1941 755 1968 Β.
771 1942 844 1976 publ.
859 1949 979 1976 qutnque
993 1941 1072 1968 codd.
1090 1946 1132 1968 est
1145 1940 1241 1975 Epiph.
1256 1941 1304 1968 lib.
1320 1940 1358 1967 De
1375 1941 1496 1975 ponder.,
1513 1944 1565 1967 etc.
1585 1938 1617 1966 ιτ.
1636 1939 1691 1966 ind.
1709 1938 1743 1965 ad

105 1985 160 2013 vol.
180 1985 202 2012 ll
230 1985 286 2014 Cat.
301 1986 390 2019 ccdd.,
407 1994 433 2013 ν.
449 1986 580 2021 Epipltan.
597 1987 626 2014 ln
640 1987 701 2014 cod.
722 1987 772 2014 Mli
789 1988 941 2014 Inemhran.
956 1991 998 2014 est
1012 1992 1107 2014 catena
1123 1986 1150 2013 in
1167 1986 1288 2014 Psalmos
1304 1994 1336 2012 ex
1352 1986 1503 2020 Epiphanio
1517 1985 1633 2020 aliisque
1651 1984 1743 2011 multis

108 2032 288 2067 scriptoribus
303 2032 496 2060 ecclesiasticis
510 2037 646 2060 contexta.
663 2033 866 2061 Prmmittunlur
889 2034 976 2061 instar
991 2033 1145 2068 Prolegom.
1164 2033 1173 2059 l
1187 2054 1194 2065 ,
1218 2032 1350 2066 Excerpta
1362 2040 1394 2059 ex
1409 2031 1548 2067 Epiplt.{de
1562 2030 1637 2058 LXX
1654 2030 1743 2057 Inter-

107 2076 234 2111 pretibus,
247 2078 358 2113 aliisque
372 2078 663 2105 variarumversionum
676 2078 839 2110 auctoribus,
858 2083 896 2111 et,
910 2079 928 2105 2
941 2086 1024 2106 anon.
1038 2079 1071 2106 de
1085 2079 1178 2106 eodem
1194 2083 1354 2113 argumento
1366 2084 1502 2112 excerpta.
1518 2077 1622 2106 Pariter
1640 2077 1666 2104 in
1680 2076 1741 2104 cod.

106 2122 206 2150 Medic.
224 2121 251 2155 5,
274 2123 341 2158 plut.
366 2122 393 2154 6,
408 2123 455 2158 qui
471 2123 592 2150 continet
607 2122 702 2151 Calen.
718 2123 830 2152 Patrtnn
857 2124 884 2150 in
908 2123 1043 2155 Psalmos,
1065 2123 1239 2158 praemittitur
1257 2122 1353 2158 Epiph.
1366 2122 1398 2149 de
1417 2122 1491 2150 LXX
1508 2121 1663 2156 Interpret.,
1678 2126 1742 2154 elc.,

108 2170 166 2198 sive
179 2171 268 2205 potius
291 2171 409 2206 epitome
423 2177 518 2198 eorunt
534 2178 593 2205 quae
608 2170 705 2206 Epiph.
722 2171 749 2198 in
773 2171 843 2199 libro
859 2171 898 2198 De
911 2171 1081 2206 ponderibus,
1099 2175 1163 2204 ete.,
1178 2170 1317 2197 memoriae
1333 2169 1464 2204 prodidit,
1480 2169 1568 2196 indice
1584 2168 1698 2195 Bandin.
1716 2168 1743 2194 in

108 2216 170 2246 Cat.
182 2217 259 2245 codd.
272 2216 319 2244 Cr.
332 2217 427 2249 Laur.,
441 2216 461 2249 1,
476 2225 502 2252 p.
517 2217 562 2244 87.
575 2217 656 2252 Atqui
670 2216 842 2244 Montl‘aucon
857 2222 876 2244 t.
891 2217 902 2245 Ι
920 2218 1032 2252 ΗεπαρΙ.
1051 2216 1172 2252 Origenis
1187 2215 1294 2252 (Paris.
1304 2215 1382 2248 1715,
1396 2215 1467 2250 l'ol.),
1481 2223 1507 2250 p.
1520 2215 1554 2242 8t}
1565 2222 1640 2249 seqq.
1654 2213 1744 2248 prole-

108 2271 214 2298 gomen.
230 2263 274 2296 (in
292 2263 413 2292 Bahrdtii
430 2263 473 2291 ed.
489 2268 507 2291 t.
526 2263 546 2294 1,
563 2271 624 2298 pag.
642 2263 783 2298 l'l'l-lS‘l),
801 2271 835 2290 ex
851 2263 913 2291 cod.
931 2271 987 2298 reg.
1001 2263 1087 2290 Paris.
1104 2262 1166 2293 116,
1181 2270 1213 2289 ac
1226 2261 1356 2289 Vaticano
1367 2261 1461 2293 edidit,
1474 2260 1503 2288 S.
1516 2259 1658 2295 Epipltanii
1673 2260 1744 2293 Περὶ

107 2308 167 2334 τῶν
180 2311 207 2335 O’
225 2308 430 2343 Ἐρμηνευτῶν
442 2309 491 2336 καὶ
507 2308 565 2335 τῶν
574 2308 894 2343 παρερμηνευσάντων,

976 2308 1045 2335 LXX
1062 2307 1249 2342 lnterpretibus
1267 2314 1289 2334 et
1305 2307 1336 2334 de
1348 2307 1409 2334 aliis
1420 2307 1465 2342 qui
1485 2315 1558 2333 secus
1575 2307 1744 2340 interpretati

108 2359 179 2386 sunt,
193 2354 331 2390 epitonten
348 2363 455 2387 eorum,
469 2355 516 2383 sed
533 2354 702 2382 dilicrentem
718 2354 745 2381 in
762 2355 937 2390 quibusdam,
955 2362 1016 2389 quae
1032 2355 1058 2381 in
1073 2353 1218 2389 Epiphanii
1232 2353 1300 2381 libro
1318 2353 1354 2379 De
1369 2352 1527 2388 ponderibus
1549 2359 1579 2378 ac
1602 2351 1743 2384 mensuris,

108 2401 141 2428 de
158 2403 252 2430 eodem
267 2407 429 2437 argumento
447 2403 584 2437 leguntur.
600 2400 638 2428 De
658 2401 770 2437 Syriaca
783 2401 899 2436 epitome
917 2400 1083 2428 narrationis
1099 2399 1234 2434 Epiphan.
1252 2407 1278 2429 ν.
1296 2398 1382 2426 Bruns
1402 2399 1427 2425 in
1443 2398 1601 2425 Eichhornii
1616 2397 1743 2431 Reperto-

108 2447 148 2481 νὲο
162 2447 206 2481 [iir
221 2446 283 2474 bibl.
303 2455 329 2475 ιι.
344 2446 588 2482 morgenlaudisclte
604 2445 762 2479 Litteratur,
778 2449 848 2481 part.
865 2454 920 2478 xtv,
935 2454 962 2481 p.
977 2445 1030 2473 591·
1045 2453 1121 2481 seqq.
1140 2444 1219 2473 Conf.
1235 2453 1329 2480 supra,
1345 2445 1397 2472 vol.
1413 2443 1458 2475 ΙΙΙ,
1472 2452 1532 2479 pag.
1547 2443 1599 2471 690
1614 2451 1690 2478 seqq.
1709 2457 1745 2463 ——

145 2581 184 2615 (a)
205 2579 414 2616 Mclanchthon,
433 2589 471 2613 Iv,
496 2581 575 2616 epist.
593 2581 638 2614 89,
658 2582 691 2610 ad
707 2582 859 2612 Catncrar.,
876 2589 907 2615 a._

111 2617 180 2643 1520
195 2626 201 2642 :
226 2616 312 2643 Attuli
326 2625 342 2642 α
359 2615 449 2650 Longo
465 2617 515 2643 (tuo
536 2616 680 2652 Epiphanii
699 2617 804 2645 Gm'cos
822 2617 904 2643 libros

112 2653 178 2687 Περὶ
192 2652 336 2686 αἱρέσεων,
351 2652 479 2687 quiimiln'
494 2651 568 2679 valde
582 2654 696 2686 placent.
713 2652 907 2686 Propemodum.

111 2686 252 2714 historiam
276 2688 369 2714 veteris
388 2686 515 2714 Ecclesiw
528 2688 671 2714 continent.
692 2687 732 2714 Ea;
748 2688 788 2714 his
803 2687 906 2714 decrevi

110 2731 246 2763 arrerpcre
269 2723 413 2763 ὲπιῖομήν.
427 2722 566 2763 Ἐ1ρρῑει.
584 2723 618 2750 90
633 2733 639 2750 :
659 2722 796 2763 ςιστορικά
812 2723 839 2749 in
859 2723 905 2749 illo

110 2758 179 2784 libro
196 2764 256 2785 sunt
275 2759 369 2789 multa,
384 2763 408 2784 et
424 2758 579 2785 indicuntur
595 2760 677 2793 magis
690 2758 806 2792 quidem,
822 2766 902 2792 quam

110 2798 278 2828 “ponuntur,
291 2802 327 2821 ere
343 2801 394 2826 res,
408 2802 465 2827 quia
483 2793 547 2820 alibi
572 2802 622 2820 non
636 2799 752 2821 exstant.
773 2793 902 2827 Disputau

113 2828 150 2855 tio
167 2833 255 2855 autent
277 2829 354 2863 hujus
379 2828 495 2855 auctoris
513 2829 577 2864 περὶ
597 2829 740 2864 δογμάτων
755 2834 779 2855 et
796 2828 900 2863 langui—

112 2864 173 2893 dior
187 2869 244 2897 est,
259 2870 284 2892 et
306 2865 360 2893 t'llw
380 2865 460 2892 ctiam
481 2865 646 2893 narrationes
672 2873 722 2892 non
747 2864 840 2900 ubique
861 2864 902 2890 (11-

954 2585 1033 2611 serta:
1046 2585 1119 2612 sunt,
1131 2585 1156 2607 et
1169 2579 1268 2606 alicubi
1283 2578 1442 2614 negligenter
1457 2579 1620 2614 perscripta.

991 2617 1029 2648 (ὑ)
1049 2615 1080 2642 Ι).
1099 2616 1273 2643 Christianus
1289 2613 1446 2641 Kortholtus
1458 2613 1534 2641 notis
1553 2613 1585 2641 ad
1605 2613 1744 2640 Justinum

954 2655 1118 2687 martyrem;
1138 2659 1165 2685 p.
1179 2651 1228 2683 All;
1245 2650 1361 2687 Ωιιιιῳιις
1377 2649 1415 2687 De
1430 2658 1479 2687 usu
1490 2648 1622 2687 Patrum,
1638 2657 1672 2687 p._
1680 2648 1743 2687 272,

991 2683 1035 2721 (ε)’
1049 2683 1180 2716 Photius,
1204 2686 1278 2721 eod,
1298 2684 1378 2721 1112,
1389 2685 1520 2721 Ἀσθεγὴς
1535 2684 1563 2710 δὲ
1580 2685 1611 2721 ἐκ
1629 2683 1675 2710 τοῦ
1699 2684 1746 2710 ἐπὶ

955 2719 1081 2748 πλεῖάτον
1096 2723 1124 2748 ὲν
1137 2722 1197 2753 ταῖς
1215 2720 1287 2748 κατὰ
1300 2719 1354 2746 τῶν
1369 2719 1507 2747 δυσσεόῶὺ
1525 2720 1657 2755 αἱρέσεων
1675 2727 1746 2754 συμ-

955 2759 1079 2788 πλοκαῖς.

991 2793 1029 2828 (τι)
1051 2792 1181 2826 Scaliger.
1205 2792 1238 2819 ad
1261 2791 1362 2828 Euseb:
1384 2794 1419 2828 et_
1439 2790 1466 2817 in
1491 2789 1704 2828 _Scatigerionis,
1718 2793 1746 2817 ct

959 2825 1066 2854 Ειςιίιίι.
1083 2825 1225 2861 Μηίων-εδ..
1241 2835 1265 2854 e.
1281 2827 1314 2853 15
1328 2835 1334 2858 ;
1351 2825 1384 2853 Is.
1401 2825 1590 2861 Casaubogtus,
1603 2831 1656 2853 etc.

991 2865 1025 2899 (e)
1047 2863 1162 2892 Dallteus
1178 2864 1216 2891 De
1230 2871 1279 2891 usu
1295 2861 1418 2895 Patrum,
1435 2869 1462 2895 p.
1486 2860 1547 2888 158.
