1934 3029
742 119 883 149 NOTlTlA
901 120 938 149 IN
953 121 982 150 S.
1002 118 1226 152 EPIPHANIUM.’
1775 131 1804 154 Ιι

179 174 217 203 De
233 175 376 212 Epiphanii
399 178 555 206 narratione
570 186 630 214 cap.
645 179 672 211 3,
688 179 716 212 6,
732 180 759 213 9,
774 181 807 208 10
818 186 845 209 et
860 181 904 214 ll,
919 181 953 210 de
967 182 1093 211 versione
1116 182 1188 210 LXX
1203 183 1250 211 Gr.
1263 182 1442 220 epistolisque
1464 183 1537 219 regis
1550 182 1619 211 Ptol.
1633 183 1804 218 ad'Judseos,

177 228 205 250 et
220 223 253 250 de
269 230 426 259 comparata
437 225 551 254 Aristeas
567 227 724 254 narratione
739 227 792 255 late
803 227 915 256 disserit
930 229 964 256 cl.
982 229 1047 257 Ern.
1062 229 1136 257 Frid.
1152 230 1216 257 Car.
1231 229 1422 258 ltosenmitller
1437 231 1464 258 in
1481 241 1488 259 :
1502 231 1649 259 Handbuch
1664 231 1708 267 fi‘tr
1721 231 1807 260 Litte-

178 274 254 296 ratur
266 270 313 297 der
327 270 388 298 bibl.
408 271 495 299 Kritik
511 275 565 301 und
579 274 704 310 Exegese,
721 281 788 304 tom.
801 275 834 310 ll,
851 284 878 312 p.
894 276 947 304 570
961 285 1050 313 seqq.,
1064 277 1186 313 Gotting.
1201 277 1282 311 1798,
1295 277 1334 310 8°,
1355 281 1383 306 et
1406 286 1433 314 p.
1451 278 1505 306 412
1516 286 1574 314 seq.
1590 294 1624 299 —
1637 280 1706 308 Add.
1724 279 1807 315 Bayle

178 316 231 344 loc.
243 318 289 346 cit.
307 318 394 347 Hann.

213 366 239 393 5.
263 366 410 400 Epistolam
424 369 459 395 ad
471 369 601 397 Joannem
611 370 880 407 Hierosolymitanum
903 371 914 407 (
925 372 995 400 male
1009 371 1333 406 Constantinopolitanum
1352 373 1434 400 habet
1449 372 1590 402 Possevin.
1603 374 1613 411 )
1636 375 1805 410 episcopum,

178 413 220 440 cui
237 417 417 450 arrogantiam
433 421 460 444 et
475 418 598 452 Origenis
618 418 802 447 defensionem
826 420 983 455 exprobrat,
1002 419 1096 447 Latine
1118 425 1223 448 tantum
1244 428 1278 448 ex
1300 421 1426 448 versione
1447 421 1614 457 Hieronymi.
1628 422 1674 457 qui
1690 422 1762 450 illius
1779 423 1807 451 in

176 461 255 495 epist.
273 463 377 496 l0l,ad
397 464 568 498 Pammach.,
582 468 715 500 meminit,
731 472 798 496 tom.
814 468 836 495 ll
850 468 998 503 Epiphan.,
1014 477 1041 504 p.
1056 469 1117 496 512.
1134 469 1187 496 Pro
1203 474 1323 497 extrema
1337 474 1414 505 parte
1429 471 1511 506 hujus
1523 471 1644 506 epistolas
1659 471 1766 498 laudata
1780 473 1806 499 in

176 508 264 537 Libris
279 511 422 546 Caroliuis,
440 523 476 548 Iv,
494 515 539 547 25,
556 520 583 543 et
602 517 706 552 synodo
722 517 821 549 Paris.,
839 525 866 553 p.
880 517 942 550 555,
961 517 998 544 De
1013 518 1184 553 imaginibus,
1202 525 1263 553 cap.
1280 518 1306 551 7,
1327 524 1354 546 et
1377 526 1392 546 a
1408 518 1629 554 Tubingensibus
1643 519 1676 546 ad
1693 519 1808 554 patriar-

175 558 255 586 cham
271 559 425 594 Jeremiam,
440 571 492 597 qua
507 571 574 591 usus
594 565 742 600 imaginum
764 567 791 594 in
810 566 928 594 Ecclesia
947 566 1127 601 improbatur,
1142 566 1237 594 confer
1248 575 1310 602 quae
1324 566 1463 595 disserunt
1475 567 1580 595 Natalis
1593 567 1670 594 Alex.
1688 575 1751 596 saec.
1771 575 1808 601 tv,

176 612 235 678 ﬁt).
253 607 279 638 li,
294 611 345 634 art.
364 608 416 639 28;
435 608 507 637 Elias
523 611 558 637 du
574 609 624 637 Pin
642 616 708 638 tom.
724 611 747 638 ll
767 611 896 639 Biblioth.
909 611 1014 644 eccles.,
1029 619 1091 647 pag.
1111 612 1174 645 297,
1192 620 1225 640 ac
1239 613 1376 648 praecipue
1392 612 1417 640 Ι.
1435 612 1552 641 Dallatus
1572 612 1612 639 De
1635 613 1808 648 imaginibus,

188 659 223 678 ι).
241 660 270 678 ll.
285 661 344 678 can.
358 655 383 678 ι.

188 651 223 678 ib.
241 660 270 685 ll,
285 661 344 688 cap.
358 655 383 682 4.

211 700 237 727 3.
260 701 381 736 Epistola
396 703 485 733 brevis
501 706 536 733 ad
552 707 754 742 Hieronymum,
769 715 823 743 qua
847 707 905 742 ejus
919 712 945 736 et
959 707 1103 743 Theophili
1121 708 1198 736 Alex.
1217 709 1305 736 zelum
1321 707 1453 735 adversus
1465 705 1609 743 Origenem
1623 707 1731 742 probat.
1745 706 1809 735 Haec

175 747 270 776 Latine
285 749 382 784 Irgitur
395 752 466 779 inter
480 754 609 787 epistolas
627 755 783 791 Hieronymi
801 757 845 788 75,
857 763 883 784 et
896 756 1038 791 Theophili
1053 757 1130 785 libris
1143 760 1151 789 (
1165 757 1221 785 sive
1233 756 1356 792 epistolis
1373 755 1486 791 potius)
1501 755 1677 790 paschalibus
1691 755 1809 790 praeﬁgi-

175 796 221 818 tur
239 792 266 819 in
288 795 478 831 eresialogia
495 797 614 831 lleroldi,
635 808 696 835 pag.
713 800 774 831 615,
787 804 815 827 et
834 801 860 827 in
876 800 1048 827 Bibliotltecis
1067 801 1194 833 Patrum;
1210 805 1237 828 at
1253 809 1267 828 a
1283 801 1393 828 Petavio
1407 802 1507 828 omissa
1520 805 1571 828 est.
1588 801 1666 836 Apud
1681 801 1808 828 eumdem

176 840 368 878 Hieronymum
384 850 473 872 exstat
487 851 512 873 et
528 847 642 882 cpistola
658 847 715 883 [66]
729 847 869 883 Theophili
882 849 959 876 Alex.
974 849 1007 876 ad
1019 848 1211 883 Epiphanium.
1226 848 1348 876 Ftsn.—
1359 849 1396 876 De
1407 853 1522 884 utraque
1535 849 1649 883 epistola
1663 857 1690 879 v.
1705 854 1763 876 not.
1775 848 1808 881 Β,

175 887 203 914 in
220 888 301 924 Bayle
317 889 400 921 Dict.,
417 896 445 917 v°
458 890 568 927 Epipli.,
583 902 610 928 p.
624 894 669 922 44.
691 909 726 915 —-
752 895 894 930 Epipltanii
908 897 985 930 epist.
1004 896 1038 922 ad
1053 897 1207 930 Ilieronym.
1224 902 1265 923 est
1276 896 1365 924 Oxon.
1381 897 1407 923 in
1423 896 1484 923 cod.
1501 895 1536 922 20
1553 896 1618 923 hihl.
1632 896 1738 929 collegii
1755 896 1807 924 Ba-

175 935 282 982 liolens.
301 945 323 964 s.
340 946 366 965 η.
384 938 436 966 4‘26
451 939 511 967 Cat.
527 941 604 968 codd.
627 942 718 978 Angl..
737 947 802 971 tom.
818 943 837 976 1,
854 948 924 978 part.
943 952 971 975 ιι,
987 951 1013 978 p.
1032 943 1074 976 l0,
1090 948 1118 971 et
1132 943 1240 971 Duhlini
1255 944 1281 971 in
1300 944 1361 971 cod.
1387 944 1460 976 7,12
1484 946 1527 980 (s.
1543 945 1636 974 n.147
1657 945 1718 973 Cat.
1736 946 1809 982 cil.),

173 981 237 1009 coll.
256 981 284 1009 S.
298 982 449 1018 Trinitatis,
468 985 555 1013 Paris.
570 987 596 1013 ill
612 986 641 1014 B.
660 988 732 1022 publ.
751 988 821 1015 inter
843 989 922 1015 codd.
939 988 1029 1016 Latin.
1044 989 1071 1016 in
1094 990 1156 1015 cod.
1171 989 1251 1020 1890,
1267 997 1292 1016 η.
1309 989 1320 1015 1
1334 998 1341 1018 2
1359 988 1455 1023 Epipli.
1471 990 1550 1024 epist.
1565 990 1597 1016 ad
1613 989 1692 1018 .loan.
1712 990 1809 1018 Hiero-

175 1027 367 1062 solymitanum
384 1034 412 1055 et
423 1031 449 1056 in
462 1031 540 1058 codd.
554 1031 626 1058 217:).
640 1037 666 1059 et
680 1040 737 1067 seq.
752 1041 794 1068 ep.
804 1035 837 1061 ad
857 1034 1222 1070 Hieronymum—Venetus
1233 1035 1260 1061 in
1277 1034 1306 1061 Β.
1316 1034 1439 1062 Michael.
1454 1040 1521 1062 teste
1536 1035 1690 1062 Miltarellio
1704 1036 1730 1062 in
1747 1035 1808 1064 Cat.

174 1075 264 1109 codd.,
279 1083 306 1110 p.
320 1077 382 1109 551,
398 1082 425 1105 et
442 1078 469 1105 in
484 1078 546 1106 aliis
562 1080 739 1114 epistolarum
759 1081 869 1109 Hieron.
882 1083 960 1110 codd.
977 1088 1059 1117 atque
1075 1082 1107 1109 ed
1120 1083 1137 1110 l.
1152 1097 1188 1103 --
1204 1081 1231 1109 ln
1248 1082 1309 1110 cod.
1325 1082 1438 1110 Coislin.
1456 1082 1518 1114 505,
1546 1082 1593 1109 l'ol.
1608 1082 1670 1115 207,
1695 1087 1759 1110 sunt
1781 1083 1808 1110 in

174 1131 228 1196 Eua
243 1129 270 1151 et
285 1125 407 1161 dimidia,
420 1126 518 1161 pagina
539 1128 662 1162 quaedam
678 1136 710 1156 ea:
726 1128 868 1164 Epipltauii
883 1129 915 1157 de
931 1129 1051 1165 Origene,
1066 1134 1135 1158 teste
1147 1129 1331 1157 Montiaucon.
1341 1129 1368 1157 in
1382 1129 1510 1156 Bibliotll.
1529 1127 1653 1160 Coislin.,
1667 1136 1728 1164 pag.
1746 1128 1808 1156 421.

200 1178 251 1196 .uu.

200 1178 251 1197 ARL

210 1218 237 1246 7.
257 1219 324 1255 Περὶ
338 1219 392 1248 τῶν
404 1220 507 1247 δώδεκα
522 1220 614 1252 λίθων.
632 1221 669 1248 De
682 1223 790 1257 gemmis
806 1223 833 1249 in
847 1227 922 1250 veste
936 1223 972 1250 Aa

1047 1233 1063 1252 ἰ.
1080 1223 1182 1251 Praeter
1198 1231 1253 1251 rem
1275 1225 1394 1259 optimus
1408 1221 1514 1250 Caveus
1537 1223 1637 1250 librum
1662 1222 1701 1249 De
1715 1222 1810 1256 lapidi-

175 1268 223 1294 bus
239 1267 309 1296 inter
325 1269 425 1296 inedita
442 1269 585 1304 Epiphanii
601 1269 694 1296 refert.
712 1268 767 1297 Nec
784 1271 876 1298 minus
891 1270 1033 1305 falluntur,
1056 1273 1101 1305 qui
1121 1272 1219 1299 librum
1246 1272 1318 1299 hunc
1340 1271 1492 1307 Epiphanio
1517 1270 1685 1305 ahjudicant.
1707 1270 1812 1298 Prodiit

175 1324 237 1343 cum
254 1317 379 1344 versione
398 1317 461 1345 Iolae
475 1317 612 1348 Hieronis,
629 1316 782 1349 Tarentini,
796 1317 890 1352 Tiguri
911 1318 987 1350 1582,
1003 1323 1084 1354 atque
1103 1319 1129 1346 in
1146 1318 1247 1346 Petavii
1263 1319 1340 1350 edit.,
1357 1324 1422 1346 tom.
1438 1318 1470 1351 ll,
1492 1327 1519 1354 p.
1533 1319 1596 1351 225,
1622 1324 1679 1346 tum
1698 1319 1725 1346 in
1743 1318 1812 1346 Mat-

173 1362 238 1390 thiae
253 1361 345 1390 Hilleri
362 1354 485 1390 librollc
500 1363 637 1390 duodecim
650 1364 766 1398 'gemmis
782 1364 808 1390 in
823 1365 950 1398 pectorali
971 1366 1067 1392 summi
1079 1365 1222 1400 pontiﬁcis,
1240 1365 1356 1400 Tuliing.
1376 1365 1453 1397 l698,
1474 1364 1513 1395 4⁸³,
1526 1369 1553 1391 et
1578 1365 1605 1391 in
1629 1364 1812 1400 Syntagmatis

173 1409 232 1444 ejus
244 1409 453 1440 hermeneuticis,
467 1409 546 1441 1711,
560 1408 597 1437 4ο.
614 1411 660 1443 qui
675 1409 880 1436 observationes
895 1417 959 1437 suas
974 1415 1001 1437 et
1016 1410 1145 1438 Salmasii
1161 1411 1208 1446 (ex
1225 1409 1359 1437 Pliniams
1375 1409 1436 1444 ejus
1454 1410 1611 1437 Exercitatt.
1626 1411 1661 1437 ad
1677 1410 1811 1444 Solinum)

174 1455 285 1482 addidit.
297 1454 368 1482 Idem
385 1463 413 1490 p.
430 1455 481 1482 110
497 1460 582 1488 notat,
599 1456 631 1484 de
647 1457 761 1491 gemmis
779 1461 842 1484 ante
858 1457 1040 1492 Epiphaninm
1063 1456 1207 1491 scripsisse
1221 1455 1442 1490 Theophrastum
1460 1454 1595 1488 Eresium,
1614 1455 1746 1486 Dioclem,
1761 1454 1812 1481 Ju-

174 1503 248 1534 bam,
267 1502 435 1529 Mauritaniae
448 1510 550 1537 regem,
566 1503 747 1531 Xenocratem
761 1503 922 1538 Ephesium,
945 1503 1087 1532 Sudinem.
1106 1501 1289 1529 Metrodorum
1305 1500 1459 1535 Scepsium,
1479 1500 1617 1536 Satyrum,
1632 1501 1742 1535 Ajacem
1759 1500 1814 1526 Pli-

175 1549 319 1580 stonicem,
342 1547 555 1580 Demostratum,
578 1548 767 1579 Zenothemin,
792 1548 1141 1580 Sotacum,(‘.allislratum,
1157 1546 1302 1574 Ismeniam
1325 1545 1508 1582 Olympicum.
1527 1546 1703 1577 Archelaum,
1721 1545 1813 1581 quiin

173 1592 345 1628 Cappadocia
369 1593 502 1626 regnarit,
522 1591 636 1625 Horum,
654 1593 846 1626 Democritum,
866 1592 1050 1625 Zoroastrem,
1066 1592 1225 1620 Zachariam
1242 1591 1418 1627 Babylonium
1442 1596 1469 1619 et
1487 1592 1602 1619 alterum
1619 1591 1812 1619 Xenocratem.

174 1638 362 1666 Conlerendns
381 1639 462 1666 etiam
489 1638 539 1666 Ed.
555 1638 729 1665 Bernhardus
750 1639 824 1665 notis
848 1638 881 1665 ad
906 1637 1066 1672 Josephnm,
1084 1645 1144 1672 pag.
1163 1636 1215 1664 180
1229 1644 1300 1672 seq.,
1316 1643 1344 1663 et
1367 1635 1392 1664 .l.
1408 1636 1545 1664 Brannius
1562 1636 1609 1663 lib.
1626 1644 1646 1663 ιι
1669 1635 1707 1663 De
1720 1634 1814 1663 uestitu

174 1686 342 1714 sacerdotum
358 1685 450 1715 llebr..
468 1693 529 1720 cap.
541 1683 557 1711 8
573 1692 631 1720 seq.
652 1683 679 1711 In
694 1684 823 1711 omnibus
841 1683 884 1711 his
898 1683 1064 1711 editionibus
1079 1683 1179 1710 omissa
1195 1687 1238 1710 est
1250 1682 1394 1717 Epiphanii
1407 1684 1519 1718 epistola
1532 1685 1567 1711 ad
1582 1684 1729 1711 Diodorum
1744 1682 1814 1711 Tar-

175 1742 286 1765 sensem,
302 1733 346 1760 cui
360 1733 460 1760 librum
480 1733 662 1766 consecravit,
676 1741 735 1767 qua:
750 1731 846 1759 Latine
859 1737 948 1759 exstat
964 1733 1034 1768 apud
1052 1731 1222 1764 Facundum,
1240 1731 1285 1758 lib.
1302 1739 1338 1764 IV,
1362 1739 1386 1760 c.
1404 1732 1432 1765 5,
1449 1737 1514 1760 ιοπι.
1531 1732 1553 1760 ll
1570 1732 1639 1769 Opp.
1662 1732 1813 1765 Sirmondi,

175 1786 202 1813 p.
223 1777 285 1805 517.
309 1777 489 1814 Hieronymus
503 1779 584 1811 epist.
601 1776 652 1804 128
667 1776 704 1803 De
714 1777 805 1803 uestitu
819 1777 996 1810 sacerdotum,
1010 1777 1044 1803 ad
1059 1776 1217 1804 Fabiolam:
1232 1775 1361 1813 Su/ficiat,
1373 1778 1442 1812 quod
1455 1783 1478 1805 et
1490 1784 1598 1806 sanctus
1612 1787 1681 1814 papa
1697 1779 1814 1813 Epipha-

177 1826 237 1852 nius
255 1825 388 1860 egregium
405 1832 484 1859 super
501 1824 549 1851 hoc
563 1823 614 1858 (de
629 1823 744 1859 gemmis
759 1823 915 1856 duodecim,
931 1823 997 1857 quid
1016 1829 1188 1857 unaquaeque
1200 1822 1298 1854 valeat,
1315 1825 1342 1849 et
1368 1823 1504 1857 quomodo
1527 1823 1675 1850 virtutibus
1699 1822 1815 1858 singulas

175 1869 387 1904 comparentur)
406 1869 526 1895 uolumen
543 1868 646 1900 edidit;
660 1868 730 1904 quod
748 1869 771 1895 si
788 1868 870 1903 legere
884 1868 1008 1900 volueris,
1025 1868 1207 1902 plenissimam
1224 1868 1363 1894 scientiam
1375 1869 1553 1904 consequeris.
1568 1869 1683 1896 Arethas
1694 1868 1727 1895 ad
1745 1869 1816 1903 Apo-

176 1915 273 1949 ralyps.
291 1923 327 1948 ιν,
340 1915 368 1946 5,
382 1915 415 1942 de
429 1914 519 1948 lapide
539 1914 630 1942 sardio
644 1923 651 1941 :
666 1913 748 1948 Λέγει
765 1914 819 1949 γὰρ
834 1914 848 1940 ὁ
862 1913 939 1948 μέγα.

1052 1913 1121 1942 imo;
1139 1913 1275 1949 ἰατρεύειν
1294 1912 1438 1949 οἰδήματα,
1455 1918 1509 1941 etc.
1534 1913 1677 1948 Epitomen
1692 1913 1815 1940 ediderat

175 1963 317 1991 Conradus
329 1963 466 1990 Gesnerus
481 1969 544 1989 cum
559 1961 715 1994 corollario,
730 1961 758 1988 in
777 1960 938 1988 collectione
956 1960 1121 1996 scriptorum
1136 1960 1183 1995 qui
1198 1960 1231 1987 de
1244 1960 1325 1987 rebus
1342 1959 1484 1987 fossilihus
1498 1963 1622 1995 egerunt,
1639 1958 1732 1993 Tiguri
1745 1958 1816 1985 1566

177 2009 280 2048 [l565],
293 2010 332 2042 8",
346 2013 428 2043 atque
441 2016 473 2036 ex
488 2008 542 2035 alio
555 2008 649 2036 codice
664 2016 715 2035 ms.
730 2015 792 2034 cum
811 2007 949 2034 Francisci
967 2007 1095 2034 Turriani
1111 2007 1238 2034 versione
1252 2006 1381 2034 Petavius
1394 2011 1459 2033 tom.
1476 2005 1509 2037 ll,
1534 2013 1595 2041 pag.
1610 2005 1673 2032 235.
1693 2004 1739 2031 llla
1756 2004 1815 2039 ipsa

177 2057 301 2093 Epitome
317 2057 369 2085 sub
384 2056 528 2092 Epiphanii
543 2056 655 2083 nomine
672 2060 728 2083 tota
743 2056 841 2091 legitur
856 2056 883 2083 in
899 2055 1038 2083 Anastasii
1063 2055 1176 2082 Sinaita:
1199 2055 1408 2090 quaestionibus,
1424 2054 1577 2090 quwstione
1592 2060 1636 2080 xL.
1653 2052 1763 2080 FABRIC.
1780 2067 1816 2073 —

177 2103 331 2134 Genuinum
345 2107 371 2130 et
385 2104 519 2138 integrum
535 2102 681 2138 Epiphanii
698 2111 759 2131 esse
772 2103 872 2132 dicitur
888 2104 1050 2138 opusculum
1070 2103 1155 2138 quod,
1178 2103 1206 2130 in
1232 2104 1346 2138 antiqua
1366 2102 1463 2130 Latina
1479 2102 1605 2129 versione
1617 2106 1766 2136 repertum,
1781 2108 1814 2128 ex

177 2148 238 2175 cod.
257 2147 396 2181 Vaticano,
414 2147 441 2174 in
454 2147 530 2174 calce
541 2152 630 2176 tamen
644 2149 715 2176 haud
733 2149 850 2184 integro,
866 2148 969 2184 prodiit
987 2149 1068 2183 hujus
1082 2149 1244 2176 sententiae:
1261 2148 1394 2183 Epiplmn.
1406 2149 1439 2175 de
1453 2147 1593 2174 duodecim
1607 2147 1717 2182 gemmis
1729 2147 1816 2174 ratio-

178 2195 246 2224 nalis
267 2196 362 2222 summi
382 2194 525 2222 sacerdotis
540 2193 712 2221 Hebraeorum
732 2193 797 2220 liber
819 2193 853 2220 ad
875 2193 1031 2220 Diodorum.
1049 2193 1145 2220 Prodit
1162 2201 1230 2220 nunc
1248 2194 1365 2228 primum
1386 2202 1420 2220 ea:
1445 2194 1553 2228 antiqua
1574 2192 1691 2219 versione
1705 2191 1814 2221 Latina.

179 2241 266 2277 Opera
279 2246 302 2268 et
318 2241 406 2269 studio
419 2240 452 2267 P.
470 2239 610 2267 Fraticisci
634 2239 767 2274 Fogginii,
785 2240 831 2275 qui
844 2243 869 2266 et
886 2243 962 2266 notas
977 2239 1084 2274 adjecit,
1102 2238 1204 2271 Romae,
1223 2247 1267 2274 ap.
1286 2238 1406 2274 Zempel.
1423 2239 1502 2271 1745,
1518 2239 1556 2266 ιυ.
1572 2238 1600 2266 In
1613 2238 1719 2274 praefat.
1735 2246 1816 2265 enar-

178 2296 254 2318 ratur
268 2290 382 2317 historia
395 2289 477 2324 hujus
493 2288 618 2323 opusculi
634 2293 660 2315 et
676 2293 830 2320 auctorum,
842 2288 890 2323 qui
907 2295 1029 2323 gemmas
1044 2287 1104 2315 illas
1121 2287 1334 2322 descripserunt.
1351 2286 1424 2315 ldem
1440 2292 1535 2315 contra
1551 2287 1709 2315 Fabriciqu
1723 2291 1816 2322 negat,

177 2338 324 2375 epitomen,
340 2337 375 2364 ah
389 2335 535 2363 Anastasio
551 2334 655 2361 Sinaita
668 2334 779 2366 editam,
794 2338 821 2361 et
835 2334 922 2369 ipsius
935 2333 1078 2369 Epiphanii
1096 2339 1285 2366 commentat.,
1304 2341 1386 2362 unam
1411 2341 1473 2361 esse
1486 2334 1676 2368 eamdemque,
1694 2333 1816 2360 libellum

177 2389 242 2409 vero
264 2390 278 2409 a
293 2382 414 2409 Gesnero
437 2381 540 2408 editum
556 2380 644 2415 ipsum
663 2388 772 2415 quoque
790 2388 844 2407 non
860 2380 913 2407 nisi
933 2380 1109 2414 prolixiorem
1125 2380 1261 2415 epitomen
1285 2380 1376 2415 operis
1391 2387 1453 2408 esse
1471 2385 1564 2407 censet
1580 2387 1605 2414 p.
1622 2387 1667 2407 xvr
1688 2387 1712 2408 ε.
1731 2379 1814 2407 Conl.

178 2431 289 2466 lipliem.
306 2430 359 2459 litt.
376 2430 446 2464 Lips.
460 2431 492 2459 Α,
509 2429 590 2462 1745,
607 2437 633 2464 p.
649 2429 712 2462 547,
727 2433 754 2456 et
767 2428 884 2464 Gotting.
900 2428 1009 2463 Ephem.
1027 2428 1081 2455 litt.
1096 2427 1128 2455 A.
1147 2427 1228 2461 1745,
1243 2437 1268 2463 p.
1282 2427 1335 2455 409
1350 2435 1406 2461 seq.
1422 2428 1450 2455 ln
1465 2427 1592 2455 manibus
1611 2427 1697 2455 habeo
1717 2428 1817 2455 editio-

178 2484 239 2506 nem
256 2477 314 2502 sive
329 2475 513 2504 collectionem
526 2475 599 2503 illam
615 2475 733 2511 plurium
754 2475 930 2510 scriptorum,
947 2475 1108 2509 inscriptam
1126 2485 1132 2502 ;
1150 2474 1187 2501 De
1209 2474 1281 2501 omni
1309 2481 1398 2500 rerum
1423 2473 1557 2509 fossilium
1578 2482 1680 2509 genere,
1695 2475 1817 2509 gemmis,

178 2520 326 2556 lapidibusA
338 2520 450 2554 metallis
469 2525 494 2548 et
510 2520 663 2558 hujusmodi
676 2521 737 2548 libri
753 2520 865 2555 aliquot,
879 2521 995 2557 plerique
1011 2529 1080 2548 nunc
1094 2520 1211 2555 primum
1226 2520 1300 2547 editi.
1324 2519 1410 2554 Opera
1427 2520 1543 2547 Conradi
1562 2519 1681 2548 Gesneri.
1697 2520 1818 2553 Quorum

179 2569 330 2605 catalogum
347 2577 454 2605 sequens
475 2569 569 2604 folium
592 2569 716 2597 continet.
730 2568 833 2603 Tiguri.
848 2568 993 2596 excutiebat
1007 2568 1068 2596 Jac.
1082 2568 1210 2596 Gesnerus
1222 2577 1292 2596 anno
1306 2568 1411 2596 MDLX
1419 2568 1449 2601 V,
1466 2569 1503 2596 8'.
1519 2569 1614 2598 lnsunt
1639 2574 1730 2597 autem
1749 2577 1820 2604 opn-

180 2615 254 2641 scula
270 2614 422 2648 sequentia,
438 2621 554 2648 quorum
571 2613 711 2649 quodlibet
726 2614 889 2649 peculiarem
907 2614 988 2641 habet
1000 2614 1204 2649 inscriptionem
1221 2624 1228 2642 :
1244 2616 1269 2642 l°
1285 2614 1313 2642 I.
1330 2614 1504 2648 Kentmanni,
1533 2615 1688 2642 Dresdensis
1711 2615 1817 2645 medici,

180 2663 385 2690 nomenclaturaz
402 2671 490 2690 rerum
504 2663 645 2698 (assiliunt,
661 2671 720 2698 qua:
735 2663 763 2690 in
780 2662 880 2690 Histria
894 2663 1024 2697 praecipue
1038 2678 1074 2683 —
1085 2663 1269 2696 inveniuntur;
1280 2663 1308 2690 2°
1323 2663 1449 2698 Ejusdem
1470 2662 1643 2695 calculorum,
1657 2663 1703 2697 qui
1717 2662 1745 2688 in
1760 2664 1820 2689 cor-

179 2715 240 2741 pore
260 2716 292 2734 ac
313 2707 435 2734 membris
451 2707 586 2734 hominum
599 2708 783 2740 innascuntur,
797 2715 889 2742 genera
909 2707 1059 2740 duodecim,
1074 2713 1127 2736 etc.
1141 2717 1148 2742 ;
1165 2708 1193 2736 3°
1210 2708 1250 2736 De
1267 2709 1409 2736 metallicis
1424 2708 1500 2736 rebus
1518 2717 1550 2735 ac
1572 2709 1731 2741 nominibus,
1747 2708 1818 2735 obss.

181 2755 261 2790 uaria:
276 2763 308 2782 ea:
323 2755 423 2782 schedis
436 2753 468 2782 G.
484 2753 621 2786 Fabricii;
637 2754 664 2781 4⁸
679 2753 795 2781 Severini
812 2752 930 2785 Gtrbelii,
947 2753 1052 2787 medici,
1067 2754 1099 2781 de
1115 2755 1222 2782 succina
1237 2756 1299 2783 libri
1312 2763 1329 2783 ll
1351 2770 1386 2775 —
1397 2763 1456 2782 cum
1468 2755 1611 2781 corollario
1625 2754 1706 2782 Conr.
1723 2752 1819 2781 Gesne-

182 2802 223 2834 ri;
237 2801 264 2828 5⁸ι
284 2802 382 2830 Valerii
394 2802 475 2830 Cordi
489 2802 522 2829 de
532 2801 700 2834 halosantho,
716 2810 762 2830 seu
771 2808 903 2837 spei-mute
913 2803 975 2835 ceti,
989 2811 1048 2829 cum
1064 2803 1208 2831 corollario
1219 2803 1300 2831 Conr.
1314 2803 1438 2836 Gesneri;
1451 2804 1478 2831 6°
1488 2804 1519 2832 S.
1535 2803 1689 2839 Epiphanii.
1704 2804 1820 2839 episcopi

181 2845 273 2884 Cypri,
288 2847 320 2875 de
331 2847 470 2876 duodecim
484 2847 604 2884 gemmis,
625 2855 681 2882 aute
690 2852 765 2876 erant
782 2848 807 2875 in
823 2852 889 2875 ueste
904 2848 1028 2882 Aarouis,
1040 2848 1107 2876 liber
1120 2849 1230 2878 Gnaeus
1246 2853 1270 2876 et
1282 2848 1407 2882 Latinus,
1420 2847 1481 2876 lola
1496 2849 1717 2877 Hierotarantino
1734 2850 1820 2879 inte”.
