1934 3029
130 109 150 132 x
697 103 838 135 ΝΟΤΙΤΙΑ
858 106 893 135 IN

697 103 838 135 ΝΟΤΙΤΙΑ
858 106 893 135 IN
914 107 944 136 S.
967 108 1187 139 EPIPHANIUM.

127 175 210 206 prelo,
222 179 283 198 cum
298 171 443 200 ‘rorollario
467 172 499 201 C.
515 171 623 201 Caneri
631 182 641 207 ;
657 175 685 202 7°
702 175 750 205 Fr.
767 176 844 209 Ruei,
870 179 964 206 medici
978 178 1115 213 Insulani,
1129 180 1161 207 de
1176 180 1284 215 gemmis
1299 180 1412 216 aliquot,
1428 180 1461 208 iis
1478 181 1637 216 praesertim,
1651 189 1767 217 quorum

128 219 163 247 ο.
178 217 330 246 Joanncsin
343 219 502 256 Apocalypsi
514 223 631 250 meminit
644 228 668 251 et
681 224 744 252 aliis
756 239 791 247 -ι-
806 225 868 253 libri
883 235 916 260 II;
938 227 966 254 8°
978 227 1009 255 ϐ.
1020 227 1127 255 Gesneri
1142 228 1174 255 de
1186 237 1272 255 rerum
1283 228 1425 263 fossilium,
1435 228 1554 263 lapidum
1568 233 1592 255 et
1604 237 1767 264 gemmarum

127 265 330 310 maximeiﬁgg.
347 270 372 292 et
384 266 615 302 similitudinibus,
635 270 700 297 liber
715 279 774 298 cum
789 271 908 300 iconibus
925 273 1103 308 plurimis.—
1118 273 1261 310 Epiphanii
1282 275 1352 302 liber
1367 274 1394 302 in
1408 274 1487 301 titulo
1502 274 1632 309 peculiari
1648 281 1767 301 excusas

131 309 233 337 dicitur
247 309 340 346 Tiguri
355 310 499 340 MDLXVI.
516 311 543 340 In
555 314 670 348 epistola
687 317 885 352 nunc-potoria
903 319 1015 353 scripsit
1032 319 1145 352 Gesner,
1163 309 1193 348 se
1207 319 1346 353 exemplar
1366 326 1418 346 ms.
1433 318 1569 352 accepisse
1582 325 1597 344 a
1612 317 1733 352 Gaspare
1749 326 1766 344 a

130 354 287 392 Nydbruclt.
305 357 469 387 Ferdinandi
484 360 670 389 Romanorum
692 368 719 390 et
735 363 911 393 Maximiliani
936 364 1072 394 Boliemim
1092 374 1186 400 regum
1203 374 1219 394 a
1233 366 1365 398 consiliis,
1380 369 1407 392 ιιι
1429 364 1597 399 marginibus
1618 371 1692 396 suas,
1704 371 1767 398 qua:

127 402 285 439 frequentes
302 409 376 438 sunt,
395 406 528 441 adiecisse
541 409 754 443 emendationes,
771 419 802 439 ex
819 412 978 446 conjectura
993 418 1100 441 enalas.
1118 413 1205 442 Codd.
1222 414 1347 441 notitiam
1368 413 1466 440 addere
1478 411 1564 444 juvat.
1582 410 1639 438 Duo
1654 410 1766 438 Vatica-

128 458 179 493 no:
196 451 297 478 indicat
313 451 461 481 Moutfauc.
480 453 507 480 in
524 453 556 482 Β.
575 454 693 482 biblioth.
709 465 785 488 mss.,
800 461 866 485 tom.
883 457 903 491 l,
918 466 979 494 pag.
999 459 1030 485 15
1046 459 1077 490 ι),
1092 464 1118 486 et
1134 467 1196 494 pag.
1210 459 1244 487 55
1258 459 1288 491 D,
1302 467 1328 486 ιι.
1344 458 1406 490 921,
1423 462 1450 485 et
1463 457 1489 484 in
1505 457 1588 483 alium
1600 455 1723 483 Vatican.
1738 457 1766 484 in

128 496 194 523 bibl.
211 497 310 532 regina:
322 497 478 531 Christinaz,
497 507 523 534 p.
537 500 571 528 61
587 501 618 533 Ι),
634 506 662 529 et
684 510 710 535 p.
726 503 763 530 88
777 503 807 531 C.
821 519 856 524 -—-
867 503 936 532 Tum
952 514 978 540 p.
997 506 1047 533 169
1066 506 1089 532 A
1105 505 1221 534 Roman.
1237 507 1263 534 in
1286 506 1320 534 Β.
1335 506 1446 533 Patrum
1461 505 1491 533 ει
1508 506 1606 536 Basil.,
1623 504 1771 539 Epiphanii

127 548 169 575 ep.
183 542 218 568 ad
233 541 389 587 Diodorum,
402 544 450 572 Gr.
468 545 562 581 (conf.
579 555 688 583 quoque
699 548 848 577 Montfauc.
863 551 889 577 in
904 551 995 578 Diario
1008 550 1086 584 ltal.,
1101 560 1128 587 p.
1144 551 1196 579 215
1210 554 1228 585 ).
1246 567 1280 572 -
1293 552 1366 579 Idem
1382 557 1448 578 tom.
1462 549 1496 583 Il,
1512 559 1539 585 p.
1557 549 1623 577 1199
1639 549 1669 582 Β,
1685 549 1765 576 codi-

126 594 187 614 cem
206 587 232 614 in
248 586 391 621 Pelliserii,
411 589 438 617 in
462 591 527 619 bibl.
549 592 662 620 abbatiaa
676 593 704 621 S.
721 593 792 621 Petri
811 596 845 623 de
863 595 1015 623 Sclincurte
1029 586 1110 624 diwc.
1134 596 1327 624 Ambianensis
1349 596 1479 624 nominat.
1498 612 1532 618 —
1551 595 1670 623 Venetiis
1694 595 1765 622 inter

129 634 208 662 codd.
222 633 361 663 Nanianos
375 637 401 664 in
417 637 477 664 cod.
497 636 558 670 152,
575 637 601 664 in
616 636 724 665 Collect.
740 641 930 667 sententiarum
941 649 955 667 e
967 640 1018 668 SS.
1033 645 1058 668 et
1075 640 1208 674 Patribus,
1222 649 1284 676 pag.
1299 641 1343 674 77,
1357 640 1469 668 affertur
1480 640 1623 675 explicatio
1637 647 1761 666 omnium

127 687 167 707 xu
183 679 335 715 lapillorum
350 690 383 710 ex
398 682 456 717 ipso
469 682 620 719 Epiphanio
635 691 641 709 :
655 697 689 702 —
704 683 731 710 in
746 684 805 711 cod.
822 684 885 717 297,
899 693 926 712 ιι.
942 685 970 716 5,
988 693 1014 720 p.
1031 685 1075 716 75,
1095 685 1190 720 Epiph.
1204 684 1237 712 de
1256 692 1294 712 xu
1310 684 1420 719 lapillis.
1439 683 1470 711 V.
1489 683 1578 711 Calai.
1594 683 1672 710 codd.
1689 682 1762 710 Nan.

127 725 189 757 σι’..
203 734 266 762 pag.
284 727 335 755 507
348 732 375 755 et
387 727 449 756 499.
462 743 497 749 -
510 729 578 756 ibid.
594 729 621 756 in
635 729 701 757 bibl.
718 730 749 758 1).
766 730 860 764 Marci,
880 740 890 759 ε

997 732 1020 765 3,
1043 732 1082 759 De
1098 733 1236 759 duodecim
1251 732 1382 767 lapidibus
1399 736 1424 758 et
1439 731 1531 767 signis,
1557 731 1584 759 in
1607 730 1666 758 Cat.
1684 731 1760 757 codd.

127 769 174 798 Gr.
191 771 289 805 Mam,
304 781 366 808 pag.
381 773 444 806 261,
460 774 596 802 indicatur
611 783 618 808 ;
644 776 690 803 sed
708 776 743 803 cl.
762 775 899 804 Villoison.
909 777 936 804 in
950 778 1077 805 Anecdot.
1095 777 1153 810 Gr.,
1171 782 1237 805 tom.
1254 777 1287 809 ll.
1305 785 1367 812 pag.
1382 777 1446 810 246,
1462 776 1661 807 animadvertit.
1675 776 1702 802 in
1717 776 1762 803 illo

126 819 189 847 cod.
206 820 272 847 nihil
288 821 361 848 aliud
377 822 501 857 reperiri,
515 823 567 850 nisi
580 824 705 858 quadam
719 830 846 860 excerpta
862 834 895 853 ex
913 825 960 853 illo
973 826 1053 854 libro.
1071 841 1105 846 —
1119 825 1208 853 Oxon.
1225 826 1251 852 in
1265 825 1296 852 Β.
1312 824 1404 852 Bodlei
1431 831 1486 852 sec.
1502 822 1592 851 Catal.
1614 823 1692 849 codd.
1707 823 1762 850 An-

127 866 198 900 glia,
212 872 277 901 etc.,
294 866 314 900 l,
331 869 358 895 in
375 869 454 897 codd.
471 869 585 898 Barocc.
601 870 665 904 129,
680 872 741 905 151,
757 873 803 900 sed
827 874 890 900 muti

1011 878 1055 901 est
1069 874 1148 906 liber,
1162 873 1225 905 206,
1238 879 1265 899 et
1279 873 1349 900 inter
1361 873 1438 899 cadd.
1456 871 1507 899 Th.
1522 871 1589 903 Roe,
1606 879 1633 897 ιε.
1648 870 1710 896 265.
1726 883 1761 889 ——

127 909 295 940 Vindobome
309 913 335 940 in
352 914 416 941 bibl.
435 914 537 945 Casar.
551 917 632 945 codd.
645 917 707 950 215,
724 927 751 945 ιι.
768 919 850 948 15.—-
865 918 893 946 ιιι
909 919 971 947 cod.
986 919 1032 952 25,
1046 927 1073 947 n.
1090 919 1117 953 8,
1134 923 1201 947 teste
1215 918 1342 946 Lambec.
1358 917 1517 948 Comment..
1534 922 1599 943 tom.
1620 914 1663 947 iV,
1678 923 1703 948 p.
1715 913 1766 947 89,

126 961 154 987 et
170 961 237 985 Ioni.
249 958 282 991 ν,
298 967 323 994 p.
336 959 389 987 269
405 968 462 995 seq.
481 978 514 982 —
528 962 615 991 Paris.
629 963 655 991 in
674 965 739 991 bibl.
758 965 834 999 pubi.
851 969 961 993 exstant
976 965 1003 992 in
1021 970 1083 992 octo
1096 965 1174 992 codd.
1191 964 1222 991 V.
1241 965 1297 991 ind.
1309 963 1370 991 Cat.
1390 963 1469 995 Pan,
1485 962 1517 993 ll.
1538 970 1563 989 ν.
1582 961 1712 996 Epiplian.
1726 974 1768 982 —

127 1004 251 1039 Epitome
266 1006 292 1034 in
307 1008 368 1035 cod.
385 1010 460 1044 regio
475 1009 576 1038 Malrit.
597 1011 657 1045 110,
675 1013 761 1040 indice
784 1013 880 1040 lriarto
895 1013 923 1040 in
944 1012 1004 1040 Cat.
1022 1013 1099 1040 codd.
1115 1012 1173 1044 Gr.,
1191 1020 1218 1047 p.
1235 1011 1297 1039 456.
1314 1026 1347 1034 -—
1363 1011 1433 1038 Inter
1449 1010 1528 1038 codd.
1545 1009 1671 1044 Eparchi.
1688 1017 1716 1035 ιι.
1731 1007 1758 1036 7.

127 1052 262 1088 ΕρὶρΙιαιι.
279 1055 314 1082 ad
331 1055 485 1090 Diodorum,
503 1058 566 1094 Tyri
583 1060 742 1095 episcopum,
760 1060 792 1087 dc
802 1069 840 1088 xu
855 1061 1005 1095 lapidibus;
1018 1061 1051 1088 de
1066 1061 1162 1088 iisdem
1174 1058 1393 1094 compendiosior
1409 1057 1534 1085 tractatio
1546 1066 1553 1090 ;
1564 1057 1685 1092 ejusdem
1698 1054 1762 1091 Epi—

127 1099 220 1135 phanii
233 1100 293 1129 alia:
310 1102 481 1137 quaestiones.
496 1102 530 1131 ν.
547 1102 628 1132 Fabr.
651 1103 684 1131 Β.
701 1103 760 1139 Gr.,
777 1109 844 1133 tom.
858 1104 890 1138 Χ,

478 1124 481 1130 .
496 1102 530 1131 ν.
547 1102 628 1132 Fabr.
651 1103 684 1131 Β.
701 1103 760 1139 Gr.,
777 1109 844 1133 tom.
858 1104 893 1138 Χ,
907 1113 935 1141 p.
951 1105 1015 1140 479,
1027 1110 1083 1133 vet.
1097 1105 1140 1133 ed.
1155 1103 1241 1132 ﬂant.

796 1185 830 1212 V.
850 1193 961 1213 SCRIP‘I'A
976 1193 1102 1214 renutu.

161 1259 189 1287 8.
209 1259 338 1296 Epistolis
351 1261 389 1297 (al
404 1263 625 1298 quamplurimm,
642 1269 672 1292 ut
685 1272 755 1300 quas
767 1263 952 1300 Hieronymus
965 1264 1075 1299 Apolag.
1092 1272 1111 1291 ιι
1129 1263 1156 1291 ia
1172 1263 1311 1295 Rufinum,
1325 1270 1352 1296 p.
1371 1260 1434 1292 165,
1450 1260 1500 1292 ait.
1514 1267 1543 1287 se
1555 1257 1706 1293 Epiphanio
1724 1257 1758 1284 ad

126 1305 345 1341 suggillatiouem
363 1306 454 1335 Ruﬁni
469 1307 595 1340 dictasse,
612 1314 639 1336 et
655 1317 709 1336 una
723 1310 814 1337 brevis
829 1310 855 1337 in
872 1310 980 1336 laudem
998 1309 1026 1336 S.
1046 1308 1194 1336 Hilarionis
1205 1307 1337 1338 eremitz.
1354 1306 1385 1334 A.
1399 1306 1429 1334 ϐ.
1444 1305 1493 1333 571
1515 1303 1648 1335 defuncti,
1662 1303 1696 1330 de
1707 1310 1761 1338 qua

126 1353 197 1382 idem
215 1353 372 1391 Hieronym.
389 1356 418 1384 in
432 1356 548 1393 Prologo
562 1358 624 1385 vita:
635 1357 802 1385 Hilarionis:
816 1358 976 1393 Quanquam
991 1357 1021 1386 8.
1038 1358 1212 1393 Epiphanius,
1229 1355 1375 1383 Salamina
1388 1354 1470 1390 Cypri
1485 1354 1631 1389 episcopus.
1645 1352 1691 1387 qui
1704 1360 1763 1378 cum

125 1404 265 1432 Hilarion:
278 1405 427 1440 plurimum
442 1411 560 1434 versatus
571 1412 620 1440 est,
636 1407 742 1434 laudem
756 1408 812 1443 ejus
827 1407 896 1434 brevi
906 1408 1018 1442 epistola
1031 1407 1176 1442 scripserit.
1190 1413 1251 1442 qua?
1266 1405 1341 1440 vulgo
1355 1403 1462 1438 legitur,
1479 1406 1566 1428 tamen
1582 1400 1656 1427 aliud
1669 1405 1707 1426 est
1723 1399 1765 1426 lo-

125 1452 163 1478 tis
177 1453 358 1480 communibus
369 1453 481 1481 laudare
492 1455 657 1490 defunctum,
669 1456 745 1483 aliud
756 1456 874 1491 defuncti
890 1457 1010 1491 proprias
1023 1463 1134 1483 narrare
1143 1451 1427 1489 uirtutes.{FAnn.—-Ex
1438 1450 1552 1484 epismla
1567 1449 1600 1476 ad
1616 1448 1767 1475 InOIIIIChOS

126 1499 177 1535 (Ds
192 1501 351 1529 abstinentia
363 1511 381 1528 ιι
393 1502 461 1538 cibo)
475 1502 628 1535 Florentia},
644 1504 671 1531 in
688 1503 750 1532 cod.
769 1504 851 1531 Laur.
870 1503 966 1532 Medic.
984 1504 1012 1535 6,
1036 1512 1063 1530 ιι.
1080 1503 1108 1535 7,
1124 1503 1192 1537 plut.
1208 1501 1252 1533 86,
1267 1508 1328 1529 cum
1347 1498 1515 1526 Damasceno
1529 1497 1561 1523 de
1573 1496 1667 1523 eodem
1684 1502 1766 1529 argu-

126 1553 230 1576 mento.
246 1549 376 1583 (Bandin.
392 1549 453 1578 Cat.
468 1550 544 1577 codd.
560 1550 608 1579 Gr.
627 1551 711 1584 Μαίη
732 1551 777 1585 Ill,
793 1560 821 1587 p.
836 1552 911 1580 295.l
924 1551 953 1579 in
969 1551 1032 1580 cod.
1051 1551 1139 1578 Paris.
1156 1549 1220 1578 bibl.
1237 1549 1311 1584 pubi.
1327 1545 1410 1579 2751,
1427 1554 1455 1573 n.
1468 1545 1495 1578 6,
1509 1543 1641 1580 Epiphan.
1656 1542 1767 1578 (nescio

125 1597 202 1634 quis)
220 1597 257 1624 De
272 1598 412 1633 epistolico
428 1600 592 1628 charactere.
608 1599 697 1628 HABL.

160 1653 188 1682 9.
210 1652 244 1681 in
261 1656 454 1684 Hexaemeron.
470 1657 635 1685 Anastasius
650 1656 754 1684 Sinaita
764 1657 812 1685 lib.
827 1665 865 1684 vn
883 1657 910 1684 in
923 1659 1105 1684 Hexaemeron
1118 1655 1190 1683 inter
1215 1662 1262 1682 eos
1282 1653 1330 1689 qui
1342 1652 1485 1680 historiam
1498 1649 1646 1678 creationis
1665 1647 1767 1675 Mosai-

125 1708 185 1729 cam
197 1703 367 1737 expositione
379 1703 488 1730 litterali
504 1703 672 1739 interpretati
686 1710 760 1737 sunt,
775 1704 868 1733 laudat
880 1714 888 1731 ι

1003 1714 1026 1737 ις
1041 1705 1088 1731 καὶ
1103 1704 1192 1740 ἔργοις
1205 1702 1440 1739 τρισμακάριστον
1457 1697 1628 1732 Ἐπιφάνιον.
1643 1695 1766 1723 Fusa.—

128 1747 198 1776 Vide
212 1749 347 1784 supra,,‘ad
362 1757 390 1778 n.
403 1750 422 1777 2
436 1750 469 1778 de
481 1750 542 1779 aliis
559 1751 728 1786 Epiphaniis.
743 1752 798 1779 Aut
808 1758 884 1780 estne
895 1760 958 1787 pars
973 1753 1056 1780 libelli
1072 1751 1215 1787 Epiphanii
1234 1752 1375 1779 Constant.
1393 1748 1432 1775 De
1455 1745 1585 1774 mensuris
1601 1750 1626 1772 et
1649 1744 1681 1772 de
1701 1752 1767 1780 pou-

125 1796 231 1824 deribus
249 1797 334 1832 (part.
352 1806 381 1831 ιι,
396 1807 457 1834 pag.
472 1799 523 1826 178
540 1800 583 1828 ed.
602 1799 690 1828 Paris.
707 1800 829 1829 Petav.l?
843 1801 932 1835 Atque
945 1802 1090 1835 separatim
1104 1801 1205 1835 scripta
1219 1802 1309 1828 exstat
1323 1799 1350 1825 in
1366 1797 1427 1825 cod.
1439 1794 1595 1822 Vindobon.
1612 1793 1656 1825 89,
1674 1801 1701 1820 η.
1715 1792 1761 1823 19.

125 1840 271 1877 Epiphanii
294 1842 375 1878 Cypri
403 1846 528 1873 recensio
547 1846 641 1881 viginti
659 1847 776 1874 duorum
803 1854 917 1882 operum
944 1846 1103 1874 Hexaemeri
1130 1845 1277 1874 creationis
1304 1841 1410 1870 mundi.
1424 1840 1456 1868 V.
1474 1839 1601 1867 Lambec.
1618 1837 1764 1865 Commem-

126 1892 193 1914 tom.
210 1885 254 1919 Ill,
272 1895 298 1922 p.
312 1887 374 1917 485,
391 1884 610 1923 ἱὴὶίιυεᾟοηιιιῆἰ
625 1896 716 1918 notam
733 1891 766 1918 A.
779 1907 814 1912 —
828 1890 889 1919 item

1005 1912 1011 1918 .
1028 1891 1089 1924 185,
1104 1891 1216 1918 Barocc.
1233 1889 1298 1918 bibl.
1311 1888 1388 1916 Bodl.
1403 1892 1430 1915 et
1441 1885 1608 1922 Epiphanius
1629 1884 1663 1911 in'
1675 1883 1765 1910 Πεπα-

125 1941 240 1966 smeron,
258 1933 383 1965 Arabice,
399 1934 509 1968 ibidem,
525 1944 552 1962 n.
569 1935 649 1968 8511,
667 1936 738 1964 inter
749 1937 829 1964 codd.
844 1935 913 1964 Rob.
929 1935 1109 1971 Huntington.
1128 1935 1215 1962 HARL.

161 1979 206 2008 10.
227 1979 314 2014 Λόγος
326 1980 366 2012 εις
381 1980 412 2007 τὸ
425 1981 538 2017 Πνεῦμα.
548 1982 579 2009 τὸ
596 1983 684 2016 ἅγιον.
702 1983 824 2011 Andreas
838 1983 924 2010 Caesar

1001 1982 1158 2017 Apocalyps.
1176 1989 1195 2014 ι,
1211 1988 1240 2016 p.
1253 1980 1280 2007 7.
1302 1979 1413 2007 Videtur
1424 1977 1498 2005 enim
1518 1976 1655 2004 diversum
1670 1973 1763 2008 utique

126 2029 222 2053 notare
239 2033 393 2055 sermonem
411 2029 491 2057 abiis
504 2038 568 2064 qua:
582 2038 614 2057 ex
631 2030 765 2057 Ancorato
778 2030 923 2065 Epiphanii
945 2030 1041 2058 imresi
1064 2037 1144 2056 1.xer
1167 2033 1262 2056 contra
1287 2025 1553 2054 Pneumatomachos
1582 2023 1762 2052 disseruntur,

128 2070 269 2105 quoniam,
284 2079 346 2106 quae
361 2072 483 2101 Andreas
497 2081 530 2101 ex
544 2074 591 2101 Illo
604 2074 675 2110 λόγῳ
690 2075 723 2102 de
736 2076 837 2111 hymno
850 2074 1000 2110 Seraphico
1015 2075 1103 2106 affert,
1120 2074 1155 2102 ibi
1171 2082 1225 2101 non
1241 2073 1360 2100 invenio.

165 2117 209 2144 H.
231 2118 311 2145 Κατὰ
323 2118 378 2146 τῶν
391 2119 502 2146 εἰκόνων
518 2120 699 2156 σύγγραμμα,
712 2120 845 2156 Scriptum
857 2121 928 2148 advel

998 2122 1133 2155 imagines,
1149 2120 1220 2155 quod
1236 2122 1379 2150 memorat,
1398 2117 1444 2144 scd
1461 2120 1590 2150 tanquam
1607 2112 1761 2148 Epiphanio

126 2165 298 2200 suppositum
320 2166 407 2201 rejicit
420 2165 582 2195 Theodorus
604 2167 725 2195 Studites
743 2168 770 2194 in
786 2167 966 2194 Antirrhetico
982 2167 1112 2199 secundo,
1133 2172 1198 2193 tom.
1213 2165 1235 2193 ν
1250 2164 1319 2201 Opp.
1336 2162 1486 2194 Sirmondi,
1503 2170 1529 2196 p.
1547 2161 1615 2192 150;
1634 2160 1696 2187 licet
1710 2159 1763 2186 du-

127 2208 218 2237 bitare
231 2211 318 2245 possis
336 2220 400 2239 num
425 2211 563 2246 singulare
576 2211 708 2246 scriptum
722 2210 867 2246 Epiphanii
892 2211 929 2238 ibi
952 2210 1230 2251 ipnuatTheodorus,
1245 2214 1272 2238 et
1295 2217 1348 2236 non
1372 2209 1473 2240 locum,
1486 2214 1541 2241 quo
1565 2205 1696 2239 imagines
1709 2204 1763 2251 im-

126 2257 226 2293 probat
238 2257 265 2284 in
280 2255 409 2291 Panario,
426 2257 522 2285 haeresi
541 2265 624 2285 Lxxlx
642 2257 786 2292 disputans
801 2257 932 2284 adversus
946 2250 1153 2292 Collyridianos,
1171 2263 1252 2291 quem
1274 2254 1427 2290 Epiphanio
1448 2254 1578 2280 insertum
1594 2256 1620 2279 et
1632 2250 1761 2278 adulteri-

126 2312 192 2332 num
212 2311 274 2332 esse
287 2305 426 2333 contendit
434 2304 460 2333 J.
479 2305 665 2334 Damascenus
680 2310 750 2333 orat.
766 2305 784 2332 2
798 2306 829 2332 de
853 2305 1023 2340 imaginibus.
1041 2310 1069 2332 et
1083 2305 1216 2332 Ieremias
1231 2304 1384 2339 patriarcha
1397 2302 1430 2329 ad
1446 2301 1645 2336 Tubingenses.
1656 2307 1683 2334 p.
1693 2298 1759 2332 216,

127 2349 286 2381 confutatus
300 2358 316 2377 a
331 2350 561 2386 Tubingensibus,
575 2359 603 2387 p.
617 2351 681 2383 535,
694 2351 735 2379 vel
748 2351 838 2378 locum
853 2351 979 2382 alterum.
996 2359 1011 2378 a
1025 2351 1151 2378 Patrihus
1165 2350 1254 2385 quarti
1267 2348 1374 2377 concilii
1388 2346 1681 2382 Constantinopolitaui
1694 2345 1762 2372 alla-

129 2398 185 2425 lum
197 2405 229 2425 ex
243 2398 354 2432 epistola
369 2399 404 2425 ud
419 2398 593 2426 Theodosium
606 2400 682 2434 imp..
696 2399 743 2434 qui
758 2399 881 2427 exstatin
895 2400 1009 2434 septima
1028 2399 1133 2435 synodo
1150 2400 1207 2427 sive
1222 2398 1329 2426 Nicaana
1346 2398 1476 2428 secunda.
1491 2401 1545 2424 act.
1563 2395 1590 2426 6.
1607 2395 1729 2422 sectione

127 2447 155 2470 et
168 2451 249 2478 quem
269 2443 361 2470 itidem
380 2443 550 2478 suppositum
563 2452 623 2471 esse
637 2444 792 2471 clamarunt
806 2443 908 2471 Niczeni
925 2448 991 2471 tom.
1009 2443 1042 2470 lll
1056 2443 1137 2475 Binii,
1155 2451 1217 2479 pag.
1232 2443 1295 2477 655,
1313 2443 1375 2474 651.,
1394 2451 1463 2479 quos
1484 2442 1582 2470 refellit
1594 2441 1710 2468 Dallaeus
1726 2441 1763 2468 De

126 2488 298 2523 imaginibus,
319 2496 378 2523 pag.
391 2487 445 2514 212
460 2496 534 2523 seqq.
550 2487 651 2516 Eodem
669 2489 765 2524 synodi
785 2489 889 2523 septim:

1010 2489 1083 2523 λόγοι
1107 2489 1132 2515 oi
1149 2489 1219 2515 κατὰ
1237 2489 1291 2515 τῶν
1314 2489 1424 2516 εἰκόνων
1451 2492 1479 2515 et
1500 2487 1586 2522 βίϐλοι
1608 2486 1760 2522 Epiphanio

129 2535 277 2570 suppositae
297 2538 495 2566 memorantur,
515 2542 575 2569 quas
595 2542 656 2562 mox
676 2534 779 2569 λογίδια
799 2539 826 2562 et
844 2534 892 2569 ψευ

997 2543 1001 2560 '.
1020 2535 1090 2561 κατὰ
1108 2534 1162 2561 τῶν
1182 2534 1287 2560 σεπτῶν
1307 2534 1417 2561 εἰκόνων
1437 2533 1641 2569 συγγράμματα
1669 2532 1760 2567 appel-

132 2580 202 2614 lant,
215 2586 242 2609 et
260 2580 426 2616 paucissima
445 2587 541 2607 eorum
563 2579 728 2614 exemplaria
742 2585 851 2607 exstare
875 2583 1019 2613 testantur,
1036 2587 1099 2607 cum
1121 2584 1216 2607 cmtera
1233 2578 1387 2614 [Epiphanii
1412 2581 1513 2615 scripta
1537 2587 1585 2614 per
1602 2579 1761 2606 universum

166 2669 205 2704 (α)
224 2668 326 2697 Frater
354 2668 496 2703 epistolam
529 2667 666 2704 Panario_
675 2667 855 2704 pnemissam.
883 2668 918 2695 ad
971 2669 1100 2704 Apostolo
1116 2669 1282 2704 oppositum,
1296 2676 1377 2704 quem
1400 2668 1494 2698 Sixtus
1520 2669 1649 2697 Senensis
1671 2677 1764 2704 perpe-

130 2702 247 2732 Paulum
259 2709 284 2732 st
294 2704 432 2736 Acacium,
443 2707 535 2740 exstat
547 2703 629 2730 etiam
643 2702 784 2740 Epiphanii
792 2704 918 2740 cpistola,
971 2702 1030 2731 iam
1045 2702 1214 2740 existimavit
1225 2704 1259 2731 ab
1274 2702 1387 2740 auctore
1401 2705 1561 2740 inscriptum
1577 2702 1764 2740 luisse'Paui-

130 2748 212 2774 quam
227 2740 254 2767 in
268 2739 395 2767 Arabiam
414 2739 488 2775 misit
504 2738 635 2775 adversus
649 2738 919 2775 Antidico—Mariani-
971 2745 1097 2775 mentum,
1115 2748 1176 2768 cum
1194 2739 1363 2774 Epiphanius
1375 2743 1442 2766 tom.
1455 2738 1639 2775 1,:pag.7310.
1653 2743 1759 2775 tantum

131 2773 184 2807 tas,
202 2775 298 2802 harresi
322 2781 435 2810 txxun,
449 2774 468 2800 2
483 2781 553 2810 ξος..
569 2773 665 2810 ethac
679 2778 720 2800 est
734 2781 816 2810 quam
831 2774 919 2810 respi-
972 2774 1044 2802 dicat
1068 2783 1100 2802 ex
1124 2773 1253 2810 pluribus
1262 2774 1319 2802 suis
1335 2775 1468 2810 adversus
1484 2773 1651 2810 Marcionem
1668 2774 1763 2803 obser-

131 2810 169 2837 ι-ἰι
183 2817 276 2842 LIIII,
290 2811 317 2838 1.
342 2809 389 2837 Sic
403 2809 499 2837 haeresi
513 2807 625 2845 mnu
650 2807 894 2845 seqq.,:ins_eruit'l

909 2823 919 2828 -
973 2807 1250 2845 vationibus‘éﬁa’totdv
1268 2818 1295 2837 τι
1311 2809 1463 2843 συντάξεως
1480 2817 1512 2838 se
1521 2808 1672 2844 collegisse.

131 2845 211 2873 lmum
233 2853 326 2880 suum,
339 2845 562 2879 corruptionibus
579 2843 726 2872 Marcionis
746 2843 774 2872 in
799 2843 873 2872 Luca
892 2847 919 2871 et
