1934 3029
745 115 887 144 ΝΟΤΙΤΙΔ
906 115 941 143 IN
960 116 989 143 S.
1010 116 1232 144 I‘JPIPIIANIUM.

1047 116 1232 144 'IPIIANIUM.
1759 129 1810 155 xm

170 190 207 198 —-
218 174 252 203 ν.
262 175 344 204 etiam
360 175 394 204 ad
404 179 478 204 orat.
496 174 520 210 β’
534 174 679 203 indicatam
693 175 806 210 scripta.
823 175 925 203 Praeter
936 183 968 203 ea
982 179 1048 203 sunt
1061 176 1088 203 in
1104 175 1164 203 cod.
1178 175 1267 203 Paris.
1286 175 1338 203 810
1356 175 1452 211 Epiph.
1471 176 1589 204 Itomilire
1605 177 1637 204 de
1655 177 1762 210 animo;
1778 179 1810 206 de

169 223 288 250 vanitate
309 222 392 254 vim;
416 223 444 248 in
460 222 512 256 ﬁne
526 222 635 253 sweuli;
661 222 687 248 iu
708 230 798 248 omnes
827 227 976 257 martyres;
995 223 1024 249 in
1046 223 1164 250 natalem
1181 222 1361 249 Prwcursoris
1376 227 1401 250 et
1417 224 1444 250 in
1462 223 1592 251 Joannem
1607 225 1806 260 evangelistam.

172 267 258 295 llanL.
276 266 372 295 Latine
387 267 487 302 legitur
503 267 530 294 in
562 267 734 294 Bibliothecis
759 267 873 294 Patrum
893 267 984 295 Paris.
1009 268 1094 301 1575,
1112 268 1198 301 1589,
1225 275 1259 296 ex
1276 268 1389 305 interpr.
1412 268 1437 296 J.
1455 268 1512 298 Pic‘i
1525 290 1533 304 ,
1548 276 1575 297 ct
1599 270 1670 306 apud
1695 269 1807 298 Suriuni

172 315 188 341 8
201 314 264 342 Dec.
281 314 379 349 Incipit
393 325 399 342 :
415 315 471 347 Τὰς
484 315 678 351 ὲκλαμπούσας
695 316 891 352 μαρμαρυγάς.

208 364 245 393 ς’.
268 362 336 396 Περὶ
354 360 437 396 βαῖων
450 381 458 394 ,
478 360 516 398 De
537 361 603 396 [esto
621 361 779 389 Palmarum
791 383 798 396 ,
810 362 971 398 fragmenta:

1043 361 1141 397 tcipit:
1163 363 1193 390 '0
1215 362 1261 389 ὑπ’
1284 362 1408 397 ἀγγέλων
1431 362 1570 399 ἀσιγήτως
1593 363 1806 400 ἀνυμνούμενος.

172 406 251 434 Tom.
267 407 299 440 Il,
317 415 343 442 p.
362 407 425 435 501.

207 455 240 488 ζ’.
262 457 329 492 Περὶ
346 457 475 489 πίστεως,
491 457 539 483 καὶ
561 456 611 492 τῆς
627 456 707 490 ἁγίας
721 456 847 492 Τριάδος,
868 456 907 484 De
924 457 970 491 ﬁdi

1061 456 1202 490 Trinitate,
1226 462 1251 484 et
1271 458 1402 492 mysteriis
1424 465 1603 490 numerorum,
1620 457 1748 490 ternarii,
1770 466 1808 485 se-

173 502 243 529 narii
255 507 280 529 et
290 503 446 537 septenarii.
462 502 541 530 Tom.
557 502 590 534 II,
610 511 636 538 p.
653 503 715 531 504.
731 502 827 538 Incipit
841 512 847 529 :
862 504 936 530 Πίστι

924 513 958 536 τις
973 503 1041 535 ἐστι,
1054 504 1133 536 τάσις
1145 503 1174 530 δὲ
1188 505 1204 539 ὴ
1220 505 1259 536 εἰς
1271 503 1349 536 Θεὸν,
1367 505 1485 540 πρᾶγμα
1499 504 1687 540 ἀψηλάφητον.

205 555 243 587 η’.
267 551 300 578 1η
312 556 433 578 sanctam
460 551 562 578 Christi
579 552 809 579 resurrectionem.
833 551 911 579 Tom.
928 551 970 584 11,
996 560 1023 586 p.
1040 551 1102 579 510.
1122 551 1217 579 Latine
1235 555 1358 584 tantum,
1383 559 1416 579 ex
1442 553 1568 580 versione
1585 550 1698 578 Gcrardi
1716 549 1807 578 Vossii

172 597 353 633 Tungrensis,
372 597 418 632 qui
437 596 522 624 edidit
541 597 622 624 Rom.
641 598 721 629 1585.
739 598 782 626 12.
799 597 896 632 Incipit
915 606 922 624 :
941 597 1111 624 Morinorum
1126 597 1213 624 luctus
1229 598 1373 625 exsulavit.

207 645 262 674 Has
284 646 412 674 homilias
432 646 480 673 viri
496 646 569 673 docti
590 646 623 674 ad
637 647 776 681 juniorem
793 647 938 682 quemdam
954 646 1137 681 Epiphanium
1153 646 1284 682 Cyprium
1302 646 1459 674 referendas
1475 652 1536 672 esse
1551 644 1724 676 existimant,
1746 643 1809 670 licet.

172 693 352 722 Combelisius
365 694 392 721 in
409 693 574 722 Bibliotheca
590 695 789 722 concionatoria
815 695 972 728 contendat,
991 695 1124 730 quasdam
1143 695 1263 729 illarum,
1281 699 1310 723 ut
1324 695 1431 722 tertiam
1448 694 1476 720 in
1491 698 1610 720 sanciunt
1634 692 1808 719 resurrectio-

173 751 240 776 nem,
261 743 367 779 antiqui
385 743 461 772 illius
477 744 698 772 Constanticnsis
713 745 787 772 aetati
804 752 857 772 non
875 744 946 771 male
960 752 1119 779 congruere.

702 835 737 863 In
757 835 861 864 Petavii
880 836 995 863 editione
1014 835 1200 863 desiderantur
1219 843 1229 862 ξ
1269 827 1275 830 5

210 894 253 921 15.
275 893 469 929 Fragmentum
495 895 578 923 breve
591 895 737 930 Epiphanii
756 896 801 928 εις
816 895 850 923 τὸ
867 896 944 923 κατὰ
964 896 973 923 ἲ

1042 904 1099 923 ’νου
1111 916 1118 928 ,
1134 903 1167 923 ex
1181 895 1283 924 Catena
1305 894 1491 922 Mazariniana
1518 894 1551 922 ad
1574 894 1660 922 Exod.
1678 902 1722 922 xvi
1736 915 1744 927 ,
1760 895 1805 925 20.

172 939 264 968 Gut-ace
277 940 397 975 vulgavit
411 941 481 968 idem
496 940 678 968 Combelisius
694 940 807 967 Auctor.
824 940 920 968 nooiss.
933 945 1000 968 tom.
1018 940 1051 973 II,
1067 949 1094 975 p.
1108 941 1169 969 500.

207 985 251 1013 16.
273 986 499 1022 Apophthrgmata
524 985 716 1022 septemdecim
742 985 835 1013 Graece
859 990 887 1013 et
916 985 1012 1013 Latine
1031 986 1104 1014 edita
1126 994 1140 1014 a
1163 986 1299 1014 Cotelerio
1324 986 1395 1013 inter
1420 985 1653 1021 Apaphthegmata
1681 985 1806 1020 Patrum,

172 1040 199 1068 p.
217 1031 339 1059 426-450
357 1037 423 1059 tom.
440 1031 450 1058 I
470 1031 592 1059 Monum.

208 1081 251 1108 17.
274 1081 435 1108 Miraculum
449 1067 548 1108 sancta;
562 1081 740 1109 Eucharistiaa
753 1089 768 1108 e
787 1081 881 1109 codice
896 1081 963 1108 bibl.
984 1080 1124 1112 Palatinae.
1142 1088 1250 1108 versum
1280 1088 1294 1107 a
1316 1079 1397 1107 Petro
1414 1079 1447 1106 de
1460 1078 1561 1109 Monte.
1579 1079 1708 1114 episcopo
1723 1078 1806 1107 Bres-

172 1127 246 1154 sensi
260 1127 317 1155 sive
330 1127 475 1160 Brixicnsi,
491 1132 518 1156 et
529 1129 580 1156 sub
595 1129 740 1164 Epiphanii
754 1129 841 1156 nostri
866 1129 977 1156 nomine
989 1128 1085 1156 Latine
1097 1129 1198 1156 editum
1215 1129 1296 1155 Rom.
1309 1128 1388 1156 1525.
1404 1127 1539 1155 Caeterum
1553 1126 1721 1162 Theophilus
1734 1127 1806 1163 Bay-

173 1173 291 1206 naudus,
311 1173 339 1200 S.
360 1172 397 1206 J.,
415 1174 462 1208 qui
479 1174 571 1201 recudi
587 1175 693 1201 curavit
705 1182 730 1201 a.
749 1174 830 1205 1040,
845 1182 907 1200 cum
921 1173 1040 1208 copiosis
1063 1173 1121 1201 suis
1136 1172 1420 1200 animadversionibus
1435 1175 1463 1202 in
1485 1174 1552 1201 diss.
1571 1174 1608 1201 De
1622 1175 1800 1209 apparitioni-

171 1219 219 1246 bus
233 1219 260 1245 in
279 1218 456 1246 Eucharistiw
471 1224 649 1252 sacramento,
669 1227 766 1248 recusa
783 1228 809 1246 a.
824 1219 905 1251 1665,
923 1224 989 1246 ιοηι.
1010 1218 1042 1246 VI
1065 1218 1144 1255 0pp.,
1165 1227 1192 1254 p.
1210 1219 1273 1251 582,
1296 1225 1323 1247 ct
1344 1219 1424 1254 longe
1444 1219 1562 1254 junioris
1579 1227 1641 1247 csse
1661 1219 1806 1254 Epiphanii

171 1264 289 1292 ostendit
305 1273 331 1299 p.
346 1264 399 1292 589
411 1272 482 1300 seq.,
506 1265 577 1292 inter
597 1265 650 1292 alia
674 1265 755 1292 etiam
771 1273 803 1292 ex
821 1273 852 1292 eo
865 1285 873 1298 ,
891 1265 963 1300 quod
979 1264 1081 1292 Paulus
1095 1264 1233 1293 secundus
1249 1264 1364 1292 refertur
1378 1264 1527 1293 mulctasse
1542 1273 1641 1300 corpus
1659 1273 1738 1292 suum
1759 1264 1808 1292 ﬂa-

172 1311 249 1346 gellis
266 1321 271 1338 :
289 1312 356 1343 Quae
376 1311 530 1346 imbunitas,
552 1313 652 1348 inquit,
677 1319 737 1341 ante
758 1322 841 1341 (eoum
863 1314 937 1341 Petri
954 1313 1088 1347 Damiaui,
1103 1314 1148 1349 qui
1163 1314 1260 1341 sazculo
1277 1314 1417 1340 undecimo
1431 1313 1539 1342 claruit.
1552 1314 1579 1340 in
1593 1313 1675 1341 nullis
1690 1313 1807 1340 anacho-

171 1363 289 1385 retarum
302 1359 341 1386 vel
354 1360 543 1387 monachorum
561 1362 708 1396 asperrima
721 1369 830 1397 qumque
842 1362 1050 1388 consectantium
1062 1362 1140 1397 gestis
1156 1366 1249 1388 notata
1264 1369 1280 1387 a
1295 1369 1336 1387 me
1350 1365 1398 1388 est.

208 1405 253 1433 18.
266 1406 300 1433 In
316 1406 456 1433 Canticum
473 1407 648 1435 canticorum.
676 1407 860 1435 Cassiodorus
875 1408 921 1435 lib.
943 1416 952 1434 1
970 1407 1090 1435 Divinar.
1108 1408 1183 1439 inst,
1196 1415 1255 1442 cap.
1275 1406 1292 1433 5
1306 1416 1312 1434 :
1332 1406 1396 1433 Post
1411 1414 1476 1440 quos
1492 1405 1657 1441 (Origencm,
1674 1405 1808 1441 Hierony-

171 1462 259 1487 mum,
274 1454 415 1490 Ruﬁnum)
434 1454 613 1490 Epiphanius,
628 1457 739 1483 antistes
755 1457 878 1491 Cyprius,
896 1461 980 1482 totum
994 1455 1091 1482 librum
1108 1455 1231 1489 (Cantici
1248 1454 1434 1488 canticorum)
1455 1452 1546 1480 Crwco
1561 1460 1680 1478 sermone
1696 1460 1748 1478 uno
1763 1460 1807 1478 eo-

171 1500 271 1529 lumine
285 1501 331 1529 sub
347 1502 474 1528 brevitate
485 1502 637 1537 complexus
655 1507 704 1530 est.
719 1503 795 1530 Hunc
810 1511 867 1534 nos,
880 1507 909 1529 ut
920 1502 1001 1534 alios,
1016 1503 1043 1529 in
1056 1501 1179 1528 Latinam
1193 1501 1312 1536 linguam
1324 1508 1370 1535 per
1385 1500 1500 1526 amicum
1514 1504 1644 1531 nostrum,
1664 1497 1748 1524 virum
1762 1497 1807 1523 di-

172 1550 358 1582 sertissimum,
385 1550 566 1585 Epiphanium
581 1571 589 1583 ,
608 1551 740 1586 fecimus,
764 1551 879 1579 Domino
899 1551 1030 1586 juvante,
1057 1550 1207 1585 transferri.
1231 1550 1350 1576 Adnotat
1370 1547 1396 1576 εἰ.
1418 1547 1555 1578 Care-tius,
1580 1545 1806 1573 commentarium

172 1594 249 1623 illum
261 1604 322 1624 esse
339 1604 394 1623 non
408 1596 566 1631 Epiphanii,
586 1597 633 1624 sed
656 1596 790 1629 Philonis,
808 1605 888 1632 quem
915 1596 1027 1631 Carpasi
1041 1597 1068 1623 in
1085 1596 1174 1632 Cypro
1189 1596 1277 1623 insula
1294 1594 1462 1630 Epiphanius
1480 1593 1637 1628 episcopum
1657 1592 1806 1623 ordinavit,

172 1649 199 1672 et
209 1643 303 1671 Graece
319 1652 382 1671 cum
398 1645 534 1677 versione,
553 1653 568 1672 a
588 1645 755 1673 Cassiodoro
770 1650 932 1678 memorata,
952 1645 1090 1672 exstitisse
1103 1646 1175 1680 apud
1190 1644 1345 1672 Emericum
1359 1644 1507 1680 Bigotium.
1521 1643 1605 1670 FABR.
1619 1659 1655 1663 ——
1666 1642 1721 1677 Ego
1741 1649 1807 1669 vero

172 1690 236 1717 nolo
249 1696 384 1726 repetere,
400 1699 462 1726 qua;
475 1692 531 1726 jam
551 1698 633 1725 supra
647 1690 675 1717 in
692 1690 746 1717 vol.
764 1689 810 1722 lV,
826 1690 874 1717 751
891 1697 964 1725 sqq.,
984 1689 1010 1716 in
1035 1690 1106 1717 hanc
1121 1697 1179 1716 rem
1195 1689 1330 1724 disputata
1350 1693 1414 1716 sunt
1438 1687 1475 1724 (α)
1495 1696 1501 1714 :
1517 1687 1590 1714 etde
1604 1687 1724 1714 editione
1743 1685 1807 1714 Gia-

171 1736 290 1768 comelli,
306 1737 353 1772 qui
371 1738 422 1765 sub
439 1737 563 1765 Philonis
578 1738 700 1770 nomine,
716 1737 764 1765 Gr.
787 1745 820 1764 ac
839 1736 899 1765 Lat.
927 1738 1003 1764 illum
1027 1741 1206 1764 commentar.
1222 1745 1237 1765 e
1253 1737 1329 1771 prelo
1348 1736 1423 1764 exire
1446 1735 1531 1770 jussit
1549 1734 1642 1761 Romae
1665 1733 1745 1764 1772,
1766 1733 1805 1766 4ο,

172 1782 242 1809 scitu
259 1783 415 1811 necessaria
433 1783 534 1811 adlata.
551 1783 620 1812 Add.
635 1783 750 1811 Krohnii
766 1783 838 1815 Cat.,
854 1791 881 1818 p.
894 1783 939 1816 91,
952 1791 980 1810 n.
997 1782 1032 1810 55
1046 1787 1073 1810 et
1089 1783 1133 1810 56.
1146 1782 1247 1810 Contra
1258 1783 1309 1810 sub
1323 1783 1433 1810 nomine
1446 1782 1589 1817 Epiphanii
1600 1782 1805 1808 commentarius

170 1827 199 1854 in
215 1827 355 1855 Canticum
370 1830 535 1856 canticorum
550 1827 639 1863 prodit
657 1836 725 1855 nunc
736 1829 853 1864 primum
872 1836 904 1854 ex
919 1829 1030 1863 antiqua
1047 1828 1163 1854 versione
1178 1827 1275 1854 Latina
1290 1836 1369 1862 opera
1380 1833 1404 1855 et
1417 1829 1506 1855 studio
1524 1828 1598 1855 Petri
1615 1827 1715 1854 Franc.
1733 1826 1806 1862 Fog-

171 1873 247 1909 ginii.
267 1873 360 1901 Romae
377 1879 434 1910 typ.
451 1873 586 1901 Palearini
609 1873 688 1906 1750,
706 1874 744 1902 4ο.
761 1873 788 1901 ln
806 1873 882 1909 praei.
900 1874 1014 1901 historia
1032 1874 1093 1901 libri
1109 1879 1266 1909 exponitur.
1277 1874 1410 1902 —Antea
1427 1875 1478 1903 sub
1492 1874 1614 1902 Philonis
1627 1881 1737 1910 quoque
1755 1880 1805 1900 n0-

171 1920 245 1947 mine
258 1921 358 1955 prodiit
369 1919 558 1956 Interpretatio
571 1920 598 1946 in
612 1919 752 1947 Canticum
766 1920 930 1946 canticorum
943 1918 1003 1946 Lat.
1023 1927 1057 1946 ex
1080 1919 1305 1954 interpretatione
1321 1919 1415 1954 Steph.
1439 1918 1563 1947 Salutati.
1578 1919 1678 1952 Paris.,
1700 1919 1803 1947 Christ.

171 1965 293 1994 Weehel.
312 1967 392 1998 1557,
409 1965 575 1994 8'.~—Paris.
592 1966 618 1993 in
639 1966 705 1993 bibl.
725 1966 799 2000 publ.
816 1966 878 1992 cod.
890 1965 972 1997 5092,
985 1973 1012 1992 n.
1029 1964 1057 1998 2,
1072 1964 1217 2000 Epiphanii
1235 1964 1375 1999 Expositio
1390 1966 1418 1992 in
1432 1965 1573 1993 Canticum
1588 1966 1755 1993 canticorum
1769 1973 1804 1992 ex

171 2012 232 2040 cod.
249 2012 340 2048 aliquo
356 2013 491 2047 descripta
510 2013 537 2039 in
558 2011 618 2039 cod.
634 2011 719 2039 Vatic.
745 2010 779 2038 V.
796 2018 889 2044 supra,
912 2010 945 2037 ad
963 2009 1009 2042 IV,
1031 2018 1058 2038 n.
1085 2012 1107 2038 1.
1129 2011 1278 2039 Anthimus
1293 2011 1369 2043 Gazi,
1394 2012 1609 2039 archimandrita
1629 2018 1655 2039 et
1670 2011 1804 2040 sacerdos

170 2058 338 2093 Graecorum,
354 2064 421 2091 etc.,
438 2058 548 2086 Viennae
562 2058 668 2091 Austr.,
683 2057 751 2084 vidit
767 2056 837 2084 1796
851 2057 1089 2091 Constantinopoli
1105 2064 1149 2092 ap.
1165 2056 1295 2092 Joasaph.
1314 2057 1568 2091 hieromonachurn,
1582 2064 1676 2094 postea
1696 2063 1801 2085 metro-

170 2107 283 2142 politam
301 2108 436 2138 Anchiali.
452 2106 578 2135 Graecum
595 2106 656 2134 cod.
674 2109 737 2133 mst.
755 2104 899 2141 Epiphanii
919 2113 932 2131 ε

1036 2105 1116 2140 ᾼσμα
1137 2105 1193 2132 τῶν
1215 2105 1344 2140 ᾀσμάτων
1366 2105 1448 2133 ἰη-ιίυ.
1470 2106 1498 2133 In
1515 2105 1617 2134 Catena
1642 2105 1799 2140 Nieephori,

171 2163 199 2190 p.
211 2156 254 2188 15,
267 2160 427 2184 numeratur
442 2156 512 2184 inter
529 2156 564 2183 τὰ
579 2155 765 2188 ἐκλελοιπότα,
782 2159 850 2182 teste
863 2154 934 2182 Alter

1012 2155 1086 2190 Lips.
1102 2156 1136 2182 Α.
1147 2154 1179 2182 L.
1193 2157 1273 2188 Anz...
1283 2156 1316 2182 A.
1331 2154 1410 2188 1800,
1426 2163 1454 2182 n.
1473 2154 1533 2188 165,
1544 2163 1571 2190 p.
1588 2154 1667 2183 1624.
1680 2154 1764 2182 11Αιιι..

889 2248 946 2278 VII.
967 2257 1086 2277 INEDITA.

207 2306 249 2334 19.
272 2306 409 2341 Expositio
428 2307 457 2333 in
475 2306 583 2333 Nahum
605 2307 758 2342 prophetam
781 2307 874 2336 Grece
892 2316 943 2336 ms.
961 2308 988 2335 in
1003 2309 1069 2336 bibl.
1087 2309 1160 2343 regis
1179 2309 1382 2341 Christianiss.,
1404 2312 1472 2336 teste
1495 2306 1615 2340 Labbeo,
1631 2314 1660 2342 p.
1676 2305 1710 2334 79
1726 2305 1797 2333 Bibl.

169 2360 241 2379 nocte
253 2361 316 2379 mss.
333 2352 368 2388 [δ.
384 2353 446 2379 cod.
464 2352 533 2379 1458
545 2353 604 2380 init.
622 2352 649 2379 in
665 2353 727 2380 Cat.
743 2353 820 2381 codd.
838 2352 941 2387 Paris.,
955 2353 987 2387 II,
1000 2362 1026 2389 p.
1042 2354 1119 2391 325].

203 2397 247 2424 90.
270 2397 303 2424 In
323 2397 445 2425 Psalmos
469 2398 592 2431 quadam
605 2417 612 2429 ,
628 2402 656 2425 et
668 2398 738 2433 Περὶ
756 2397 929 2432 διαιρέσεως
951 2402 966 2434 ν

1033 2398 1082 2426 ιὼν
1104 2407 1156 2427 ms.
1176 2399 1271 2427 habuit
1293 2398 1460 2433 Theophilus
1478 2398 1588 2431 Galeas,
1607 2403 1675 2426 teste
1697 2397 1796 2425 Cavea.

168 2442 364 2471 Fam—Adde
377 2443 458 2476 infra,
472 2444 519 2471 lib.
533 2452 561 2477 γ,
575 2451 600 2471 c.
616 2445 660 2476 17,
675 2444 710 2472 de
720 2445 829 2472 Catenis
845 2444 968 2479 Patrum,
982 2446 1037 2474 vol.
1055 2445 1112 2479 VII,
1132 2454 1159 2481 p.
1177 2446 1239 2478 749,
1255 2451 1282 2474 et
1302 2446 1330 2472 in
1353 2445 1421 2473 alios
1442 2445 1527 2474 libros
1541 2452 1635 2473 sacros
1658 2452 1720 2480 pag.
1733 2443 1795 2477 756,

167 2487 229 2521 775,
243 2487 305 2519 781,
325 2488 386 2520 788,
401 2489 463 2522 790,
478 2490 521 2516 ed.
536 2496 590 2517 vet.
607 2488 762 2518 Universim
783 2490 810 2517 in
827 2489 941 2518 Patrum
957 2490 1066 2519 Catenis
1079 2493 1107 2519 in
1121 2492 1214 2519 varios
1232 2491 1262 2518 V.
1279 2499 1312 2520 ac
1327 2491 1359 2517 Ν.
1379 2490 1412 2519 Τ.
1427 2491 1513 2518 libros
1528 2491 1644 2526 aliisque
1658 2490 1799 2518 collectio-

167 2537 248 2564 nibus
264 2536 407 2572 Epiphanii
423 2537 482 2565 loca
503 2545 574 2573 saepe
588 2538 719 2566 citantur.
736 2537 782 2565 Vel
795 2546 829 2566 ex
844 2538 997 2567 Montfauc.
1023 2539 1152 2567 Biblioth;
1169 2539 1281 2568 Coislin.
1300 2540 1385 2567 multa
1401 2543 1519 2575 possunt
1535 2539 1633 2575 εοιιὶεἰ.
1651 2538 1748 2566 Venet.
1768 2539 1796 2565 in

166 2583 231 2611 bibl.
244 2583 369 2611 Michael.
387 2580 484 2618 Epiph.
502 2589 625 2618 excerpta
644 2592 671 2610 ιη
687 2583 789 2619 Evang.
807 2584 836 2612 S.
862 2584 995 2618 Matt/uri,
1019 2586 1047 2613 in
1070 2586 1132 2614 cod.
1151 2587 1214 2619 120,
1230 2587 1276 2622 qui
1289 2587 1420 2614 Catenam
1439 2588 1563 2616 Graecam
1576 2587 1707 2621 continet,
1728 2592 1796 2616 teste

165 2630 319 2658 Mitlarellio
336 2631 362 2658 in
378 2629 449 2657 Bibl.
463 2631 538 2657 codd.
555 2631 584 2659 S.
603 2630 753 2664 Michaelis,
770 2624 802 2667 p'.’
815 2632 953 2660 551.-Ει
966 2633 1008 2660 sic
1026 2633 1054 2660 in
1067 2633 1128 2661 aliis
1142 2634 1282 2661 variarum
1298 2634 1457 2662 bibliothec.
1473 2634 1552 2662 codd.
1567 2633 1681 2661 —Add.
1695 2633 1721 2660 .I.
1741 2633 1796 2661 Fa-

165 2678 233 2706 bric.
254 2678 280 2705 in
295 2677 418 2705 Historia
431 2677 494 2704 bibl.
511 2686 582 2710 sua,
599 2684 664 2706 tom.
679 2678 724 2710 Vl.
750 2687 776 2715 p.
802 2680 853 2707 150
875 2688 982 2716 sqq.--
995 2680 1047 2708 Sed
1065 2682 1196 2716 temporis
1221 2683 1292 2710 ratio
1307 2686 1334 2709 et
1349 2682 1493 2710 brevitatis
1504 2680 1624 2708 studium
1640 2679 1794 2707 uberiorem

166 2733 219 2751 non
234 2725 365 2760 permittit
377 2724 585 2760 expositionem.
603 2726 665 2756 Vid.
679 2736 790 2763 quoque
803 2728 921 2756 Matthxi
936 2728 1026 2757 Notit.
1044 2730 1121 2757 codd.
1139 2729 1304 2765 Mosquens.,
1319 2738 1347 2765 p.
1364 2730 1409 2758 29.
1419 2745 1455 2750 —
1466 2728 1495 2757 In
1510 2729 1570 2757 cod.
1588 2727 1700 2764 Syriaco
1712 2727 1729 2753 5
1740 2725 1796 2759 Ριιτ

166 2773 214 2800 ris.
227 2774 315 2802 inesse
331 2775 461 2802 dicuntur
474 2775 611 2803 nonnullae
631 2776 658 2803 in
675 2777 795 2804 version.
813 2777 907 2805 libror.
924 2777 958 2805 IV
971 2777 1075 2814 Regum
1106 2787 1138 2806 ac
1153 2779 1247 2806 Daniel
1274 2779 1415 2815 Syriacam
1441 2777 1659 2808 observationes,
1676 2781 1794 2809 quarum

164 2824 289 2848 auctores
301 2828 362 2849 esse
376 2820 500 2850 feruntur
515 2822 649 2851 Eusebius
665 2822 798 2859 Pamphili
814 2828 841 2852 et
855 2823 1034 2859 Epiphanius.
1054 2825 1084 2853 V.
1101 2824 1188 2852 Catal.
1219 2825 1296 2853 codd.
1314 2825 1417 2859 Parim,
1435 2827 1503 2852 tom.
1519 2822 1541 2855 l,
1558 2829 1583 2857 p.
1606 2821 1649 2850 51.
1667 2821 1754 2848 Hau.
