1934 3029
491 298 841 357 EPISTOLA
893 302 1082 359 NUNC
1095 302 1474 362 UPATORIA.

173 210 1798 235 '—_———__E———————a___
296 210 1056 234 M’
785 210 857 212 ’i
866 210 905 211 ί
1057 210 1488 235 Ϊ-”“ῇ’--ὲ’
1619 215 1733 220 ψ’
1745 216 1769 219 “

694 588 926 611 Ιιιυδτιιιεδωο
946 589 984 611 AC
1005 589 1276 613 REVERENDXSSIMO

459 708 499 740 D.
519 707 745 740 FRANCISCO
766 709 797 740 S.
819 709 858 739 Β.
887 710 922 740 Ε.
955 708 1175 740 CARDINALI
1197 708 1514 746 RUPIFUCALDIO,

813 846 926 865 EPIBCOPO
945 845 1124 866 ειιυιιιςπεπει
1134 857 1141 870 ,

412 967 501 988 1(ΔῦΝο
515 949 635 987 rem”;
652 967 882 993 ELEEIOSYNARIO,
898 967 929 987 AC
945 967 1054 988 SANC'I‘E
1069 967 1172 988 GENOVE

794 967 882 993 MARIO,
898 967 929 987 AC
945 967 1054 988 εικετε
1069 967 1214 988 ςεΝονεΜε
1232 967 1299 987 APUD
1319 967 1438 989 PABISIOS
1450 967 1557 989 ABBA'I'I.

208 1095 362 1127 Meliusne
388 1095 441 1131 sit,
469 1100 498 1125 et
514 1095 702 1132 consultius,
729 1096 902 1127 cardinalis
918 1095 1145 1133 illustrissime,
1162 1097 1389 1137 pestiferarum
1402 1097 1560 1128 haereseon
1581 1097 1707 1138 nefaria
1732 1096 1790 1128 do-

152 1151 271 1185 ‘gmata
287 1145 473 1185 consignare
491 1145 618 1181 litteris,
636 1155 678 1175 an
693 1155 727 1175 ea
748 1150 851 1176 tacere
863 1145 1006 1185 penitus,
1016 1145 1091 1184 jure
1108 1145 1193 1176 inter
1207 1147 1365 1186 sapientes
1379 1147 1544 1186 quaeritur.
1560 1145 1605 1176 Ac
1619 1144 1790 1176 nonnullos

167 1196 271 1226 minus
286 1199 441 1225 sectarum
460 1195 531 1234 ipsa
554 1194 739 1235 descriptio,
770 1195 906 1234 diligens
925 1195 1105 1234 praesertim
1129 1199 1158 1226 et
1183 1197 1357 1234 enucleata,
1384 1196 1528 1227 delectat.
1555 1195 1622 1228 Alii
1645 1197 1790 1228 cautione

165 1246 300 1287 quadam
316 1256 352 1276 ac
368 1246 489 1276 delectu
508 1255 587 1286 opus
606 1256 670 1276 esse
682 1245 844 1286 judicant,
869 1249 906 1276 ut
924 1256 965 1276 eae
979 1245 1080 1275 solum
1091 1246 1391 1284 pra-terminantur,
1408 1256 1475 1287 qua!
1488 1251 1544 1278 aut
1559 1251 1713 1277 vetustate
1721 1248 1791 1288 jam

166 1297 388 1334 obsoleverint,
403 1301 458 1327 aut
471 1297 591 1336 insigni
604 1296 742 1336 fxditate
756 1305 792 1326 ac
807 1296 971 1335 spurcitia
985 1297 1203 1328 contaminata:
1213 1298 1346 1338 fuerint.
1365 1298 1517 1337 Utrosque
1532 1302 1633 1328 movet
1647 1308 1790 1334 eacausa

165 1348 365 1386 potissimum
380 1357 390 1376 :
406 1346 489 1386 quod
503 1356 573 1377 cum
587 1347 732 1377 universe
749 1345 946 1377 decretorum
962 1345 1115 1386 ejusmodi
1128 1346 1307 1378 recordatio
1325 1348 1509 1386 perniciosa
1522 1348 1575 1384 sit,
1595 1352 1659 1378 tum
1683 1358 1791 1380 eorum

167 1398 510 1438 mortifera~.contagio,
537 1407 601 1437 qule
621 1401 760 1428 obscena
782 1397 958 1437 voluptatis
985 1389 1150 1429 lenociniis
1174 1400 1294 1438 partim
1318 1399 1463 1429 incautos
1487 1398 1646 1435 alliciunt,
1669 1401 1791 1439 partim

166 1448 284 1478 invitos
296 1457 331 1477 ac
348 1451 559 1486 repugnantes
574 1447 688 1487 afflatu
701 1446 908 1477 nihilominus
923 1447 1056 1486 quodam
1071 1446 1284 1486 turpitudinis
1300 1451 1329 1477 et
1345 1446 1439 1477 odore
1453 1448 1662 1488 perfundunt.
1676 1450 1790 1487 Quam-

168 1499 273 1529 obrem
291 1497 375 1537 quod
391 1498 593 1537 Epiphanius
613 1497 848 1534 Gnosticorum,
873 1498 1152 1535 Basilidianorum,
1171 1498 1507 1538 Carpocratianorum,
1524 1497 1790 1538 Origenianorum

166 1558 300 1579 arcanas
322 1559 358 1580 ac
374 1548 572 1579 detestandas
588 1548 734 1579 libidines
753 1554 816 1578 tam
830 1548 999 1589 diligenter
1023 1550 1227 1589 expresserit,
1250 1558 1314 1579 non
1331 1547 1414 1579 illud
1429 1548 1552 1587 quidem
1566 1549 1631 1580 viri
1651 1550 1789 1580 sanctis-

165 1600 239 1630 simi
262 1601 381 1640 factum
399 1598 624 1638 consiliumque
649 1597 896 1638 reprehendunt,
923 1599 977 1630 sed
1001 1609 1108 1630 eorum
1134 1599 1272 1630 omnium
1294 1599 1476 1628 memoriam
1499 1598 1654 1629 oblivione
1669 1600 1791 1630 conteri

165 1651 264 1691 fuisse
276 1650 377 1680 satius
389 1652 522 1689 putant;
539 1653 566 1678 et
575 1648 693 1685 erce,
707 1649 757 1679 uti
766 1649 888 1688 scripta
898 1654 985 1686 sunt,
1002 1649 1143 1690 relinqui
1153 1648 1256 1685 modo,
1272 1652 1363 1688 atque
1376 1657 1395 1677 a
1409 1647 1617 1687 peritioribus
1633 1648 1791 1680 duntaxat

165 1701 227 1740 legi
253 1707 399 1741 oportere
422 1703 579 1731 statuunt.
604 1700 713 1739 Itaque
735 1700 847 1731 Latine
862 1705 897 1731 ut
915 1710 950 1731 ea
966 1710 1023 1731 nos
1040 1702 1297 1740 interpretemur,
1317 1709 1353 1730 ac
1363 1700 1578 1739 promiscuam
1592 1700 1790 1740 ﬂagitiorum

166 1752 401 1788 conscientiam,
420 1759 667 1790 communemque
682 1752 835 1791 faciamus
850 1752 1003 1789 omnibus,
1022 1751 1222 1792 probandum
1237 1751 1363 1781 minime
1378 1760 1441 1781 esse
1457 1750 1660 1782 contendunt.

206 1804 325 1835 Contra
342 1813 419 1843 quos
438 1806 540 1833 omnes
559 1807 621 1833 tam
633 1803 810 1843 Epiphanii
827 1805 931 1836 nostri
945 1813 1037 1844 quam
1051 1808 1163 1834 nostra
1181 1804 1274 1834 etiam
1293 1811 1389 1833 causa
1405 1802 1632 1841 disputandum
1653 1802 1790 1834 breviter

167 1855 325 1885 existimo.
345 1854 390 1884 Ac
404 1855 528 1894 priores
543 1853 668 1893 quidem
684 1854 746 1892 illi,
763 1855 876 1894 quibus
895 1860 995 1886 totum
1006 1854 1094 1886 istud
1111 1855 1272 1894 negotium
1287 1853 1446 1893 displicet,
1469 1853 1627 1883 haereseon
1641 1853 1790 1884 abstrusa

165 1915 202 1936 ac
219 1905 382 1936 recondita
401 1905 551 1944 mysteria
566 1903 714 1934 mandare
730 1905 872 1945 scriptis,
895 1915 1048 1936 summum
1067 1914 1104 1935 ac
1119 1904 1281 1944 singulare
1296 1903 1426 1935 veritati
1440 1902 1625 1942 praesidium
1640 1904 1789 1943 opinione

166 1965 222 1985 sua
247 1954 427 1985 detrahunt.
455 1954 524 1984 Hoc
545 1954 628 1985 enim
651 1958 859 1994 extorquent;
878 1963 938 1994 quo
954 1959 1118 1985 nascentes
1132 1954 1303 1985 identidem
1318 1963 1354 1984 ac
1378 1953 1527 1984 rediviva:
1552 1953 1789 1984 mendaciorum

165 2010 255 2035 secta:
269 2004 460 2036 validissime
476 2004 666 2043 propulsari
684 2014 704 2034 a
729 2004 820 2035 nobis
837 2005 992 2044 evertique
1001 2005 1141 2045 possint.
1165 2005 1225 2035 Est
1240 2004 1364 2044 quidem
1379 2005 1457 2045 ejus,
1473 2004 1529 2043 qui
1544 2004 1578 2034 in
1592 2004 1726 2034 hxresin
1739 2005 1790 2035 vel

166 2055 352 2086 moliendum
368 2054 416 2085 vel
435 2053 580 2085 tuendam
595 2055 784 2090 incubuerit,
800 2056 924 2086 animus
939 2056 974 2086 in
993 2065 1111 2086 omnem
1126 2056 1291 2087 audaciam
1307 2057 1374 2087 sine
1389 2055 1455 2086 ullo
1473 2054 1596 2095 pudore
1606 2056 1786 2095 'projectus.

164 2105 226 2137 Sed
240 2115 327 2137 nemo
348 2111 394 2137 est
414 2111 515 2136 tamen
530 2115 570 2136 ex
586 2105 652 2136 illis
677 2105 887 2137 absurdarum
908 2107 1092 2147 opinionum
1108 2108 1269 2147 patronis,
1286 2115 1376 2146 quem
1389 2115 1454 2136 non
1469 2110 1627 2146 utcunque
1651 2107 1788 2138 convicti

167 2157 241 2188 olim
257 2159 376 2189 erroris
391 2168 427 2188 ac
442 2157 582 2188 damnati
588 2157 721 2197 pudeat.
737 2158 808 2189 Sint
823 2167 908 2196 sane,
925 2160 975 2190 uti
988 2163 1073 2195 sunt,
1086 2159 1186 2198 ferrei
1201 2167 1306 2188 omnes
1321 2157 1463 2189 haeretici
1479 2167 1489 2187 :
1505 2157 1571 2188 sint
1580 2157 1762 2197 pervicaces
1775 2170 1787 2190 .-

167 2205 261 2237 iidem
279 2214 311 2236 se
333 2207 367 2237 in
388 2208 458 2246 ipso
482 2205 597 2237 ardore
614 2207 845 2247 agitationeque
870 2207 1058 2246 disputandi
1083 2207 1124 2237 ad
1141 2206 1352 2238 resistendum
1376 2207 1483 2238 acrius
1505 2207 1626 2247 ﬁngant
1650 2218 1660 2237 :
1684 2211 1789 2237 tamen

167 2258 222 2296 qui
238 2257 271 2288 id
287 2257 448 2294 didicerit,
468 2258 582 2297 quique
599 2259 694 2288 certis
711 2261 850 2287 veterum
866 2257 1054 2288 testimoniis
1070 2257 1271 2297 compererit,
1297 2260 1369 2286 ante
1384 2255 1422 2286 ab
1438 2256 1577 2295 antiquis
1593 2256 1744 2288 Patribus
1757 2261 1787 2287 et

167 2309 311 2339 conciliis
330 2308 519 2348 publicoque
539 2308 794 2338 Christianorum
817 2315 970 2337 consensu
993 2307 1102 2346 agnita
1124 2316 1160 2337 ac
1182 2306 1352 2346 repudiata
1375 2305 1519 2345 dogmata
1545 2305 1612 2342 illa,
1629 2315 1721 2346 quam
1735 2308 1787 2339 illi

168 2358 242 2397 ipsi.
259 2361 334 2397 quo‘s
346 2358 500 2397 sequitur,
517 2365 624 2386 eorum
639 2356 884 2396 interpolatores
896 2356 1095 2393 exsisterent,
1109 2357 1165 2387 vix
1180 2357 1250 2392 erit,
1267 2357 1393 2395 opinor,
1406 2355 1502 2392 ullus,
1516 2357 1607 2396 cujus
1617 2357 1682 2388 nisi
1696 2359 1786 2397 fran-

167 2409 200 2447 gi
225 2408 423 2447 edomarique
444 2408 641 2437 contumacia
653 2408 808 2447 potuerit,
826 2417 892 2438 non
909 2408 1124 2448 languidiores
1139 2408 1249 2438 saltem
1263 2407 1375 2439 habeat
1389 2407 1572 2448 eruptiones
1594 2413 1622 2439 et
1637 2410 1784 2449 impetus,

167 2468 203 2488 ac
223 2458 377 2497 paulatim
392 2467 453 2497 per
477 2459 612 2497 seipsam
632 2458 824 2498 refrigerata
846 2462 937 2498 atque
953 2463 1099 2488 enervata
1114 2458 1269 2489 concidat.
1296 2458 1420 2488 Habent
1435 2459 1536 2497 igitur
1549 2459 1631 2490 hunc
1646 2460 1787 2499 fructum

168 2508 383 2540 commentarii
396 2507 446 2538 illi
459 2507 513 2546 qui
531 2507 568 2537 de
584 2507 755 2539 hxresibus
778 2508 974 2544 scribuntur,
998 2512 1034 2538 ut
1057 2508 1091 2538 in
1108 2517 1293 2548 unaquaque
1315 2511 1403 2538 aetate
1426 2508 1569 2547 fautores
1592 2508 1735 2548 perfidia:
1747 2519 1785 2540 ac

168 2559 319 2589 satellites
334 2567 407 2588 suos
422 2559 456 2588 in
470 2557 548 2594 illis,
564 2568 639 2598 quos
655 2558 779 2598 quidem
794 2559 990 2596 erubescant,
1007 2558 1171 2598 principes
1188 2562 1393 2597 auctoresque
1412 2564 1648 2598 recognoscant.

207 2612 279 2641 Jam
301 2610 356 2649 qui
380 2614 481 2640 certas
503 2619 543 2640 ex
559 2610 740 2646 haeresibus,
767 2610 944 2649 easdemque
966 2609 1014 2639 vel
1030 2609 1238 2646 oblitteratas,
1256 2609 1305 2640 vel
1319 2608 1518 2649 turpitudine
1536 2609 1665 2648 infames
1682 2610 1784 2640 omitti

166 2661 287 2702 iubent,
312 2661 473 2702 difﬁcilem
485 2660 646 2700 quamdam
660 2661 904 2692 moderationem
916 2660 1082 2701 postulant
1097 2671 1107 2691 :
1124 2660 1214 2701 cujus
1232 2669 1270 2691 ne
1284 2661 1349 2699 ipsi
1369 2659 1492 2700 quidem
1515 2668 1618 2697 usum,
1643 2661 1747 2698 rogati
1763 2669 1784 2690 ιι

169 2712 270 2749 nobis,
289 2711 470 2752 expediant.
485 2711 610 2742 Etenim
624 2712 652 2743 si
667 2712 724 2743 hoc
741 2716 826 2742 certo
842 2711 992 2751 polliceri
1003 2715 1145 2751 possent,
1165 2711 1348 2751 opinionum
1364 2710 1420 2740 illa
1433 2714 1594 2750 portenta,
1617 2715 1784 2750 postquam

170 2772 321 2803 oppressa
334 2773 369 2793 ac
385 2764 508 2803 sepulta
522 2763 615 2793 semel
628 2767 740 2800 essent,
755 2771 925 2803 nunquam,
944 2763 1008 2794 nisi
1023 2763 1057 2794 in
1075 2762 1166 2794 libris
1187 2766 1358 2799 exstarent,
1380 2770 1541 2792 emersura
1554 2761 1667 2797 denuo,
1683 2770 1782 2801 neque

169 2815 236 2845 suis
252 2823 291 2845 ex
306 2814 370 2845 illis
386 2814 486 2851 bustis
497 2824 533 2846 ac
549 2814 707 2846 cineribus
722 2815 907 2850 excitanda;
924 2815 1006 2846 nihil
1028 2815 1161 2847 consilio
1175 2816 1248 2846 huic
1268 2815 1401 2846 istorum
1420 2812 1670 2853 prxvertendmn
1680 2817 1779 2853 puta-

331 2864 467 2898 PATROL.
484 2865 541 2897 Gn.
559 2865 641 2897 XLI.
1280 2891 1288 2907 ,
1597 2865 1609 2895 I
