1934 3029
142 108 171 135 Η
791 108 937 137 DIONYSII
958 108 1095 136 PETAVII
1718 111 1752 137 12

141 175 216 197 rem.
232 166 292 197 Sed
306 175 374 197 cum
388 168 591 199 nihilominus
616 170 706 199 statis
732 173 905 207 temporum
925 167 1102 199 intervallis
1119 166 1222 198 eadem
1238 168 1296 198 illa
1310 172 1464 204 monstra,
1479 171 1642 207 amputata
1658 169 1751 199 toties

142 228 177 249 ac
186 218 344 258 jugulata,
361 219 549 250 reviviscunt
565 231 575 250 :
591 229 659 250 cum
675 220 754 250 idem
768 220 917 250 haeresum
932 220 1060 250 illarum
1071 220 1260 250 architectus
1275 221 1478 258 inventorque
1491 219 1646 255 diabolus,
1662 221 1754 250 etiam

142 270 226 299 omni
251 269 404 299 librorum
420 270 577 300 exstincta
598 270 757 306 memoria,
778 273 957 309 perseveret
973 279 982 298 :
1000 278 1069 299 cum
1092 267 1203 299 iisdem
1225 269 1348 299 artibus
1365 273 1393 298 et
1408 269 1572 304 machinis,
1590 269 1753 310 eademque

141 319 182 349 ad
204 320 276 350 illas
294 320 519 350 instaurandas
540 320 714 350 calliditate
730 329 766 350 ac
790 321 931 359 nequitia
954 321 998 351 sit
1019 319 1172 359 praelitas
1190 330 1200 350 :
1215 329 1311 360 neque
1324 329 1381 350 nos
1396 321 1530 350 istorum
1545 320 1598 351 ille
1614 320 1752 351 delectus

142 369 288 410 adjuvat;
304 374 333 400 et
346 370 495 400 adversus
510 370 719 409 redintegrati
735 370 836 401 morbi
848 371 1028 410 periculum
1042 371 1182 410 pristina
1195 370 1252 400 illa
1263 370 1497 409 certissimaque
1512 369 1656 400 subsidia
1673 380 1754 400 com—

140 422 284 461 paranda
304 426 386 453 sunt.
407 422 553 453 Potuerit
571 432 645 453 sane
669 427 740 453 ante
765 432 862 453 annos
881 423 1011 461 aliquot,
1030 423 1091 453 imo
1107 423 1231 458 saecula,
1256 421 1433 461 designatio
1447 423 1503 453 illa
1518 427 1674 453 certarum
1689 424 1750 453 lue-

142 480 251 500 reseon
264 471 304 501 ad
317 471 513 502 scribendum
527 477 555 502 et
569 472 791 511 opportunitas
799 473 921 512 jactari
930 482 940 505 ;
958 481 1026 501 cum
1034 473 1201 511 pauciores
1216 471 1316 502 adhuc
1339 476 1451 508 essent,
1466 481 1522 502 nec
1539 477 1601 502 tam
1617 472 1753 503 diversis

142 531 177 551 ac
196 520 399 552 dissimilibus
415 531 454 551 ea:
470 522 580 561 formis
594 521 809 561 prodigiisque
824 522 975 562 con/latae.
992 521 1059 552 Hoc
1080 521 1203 561 quidem
1219 526 1366 560 tempore,
1383 530 1442 560 quo
1459 526 1615 552 emortuus
1630 522 1753 561 pridem

143 574 342 611 superiorum
361 577 484 602 aetatum
499 573 626 603 haereses
642 577 802 602 revocatas
817 573 852 602 in
871 573 970 602 lucem
982 581 1018 601 ac
1033 577 1198 602 renovatas
1218 572 1385 609 cernimus,
1409 581 1447 602 ne
1466 571 1657 603 dubitationi
1680 573 1752 612 qui-

143 621 209 651 dem
224 621 286 657 illi,
303 630 340 652 ac
351 622 515 661 quastioni
531 623 617 652 locus
632 622 767 662 amplius
783 627 827 653 est
849 622 989 652 relictus.
1013 621 1104 659 Quod
1129 623 1208 652 enim
1222 623 1285 662 fuit
1305 623 1337 652 in
1356 624 1440 653 omni
1453 623 1641 661 antiquitate
1656 631 1753 662 genus

143 671 302 709 opinionis
317 681 353 701 ac
367 676 456 701 sectw
471 676 532 702 tam
546 671 747 708 horrendum,
765 676 828 701 tam
839 672 1027 702 inusitatum
1043 676 1071 701 et
1087 671 1281 701 obsoletum?
1299 671 1377 708 Quis
1393 676 1455 702 tam
1472 671 1619 702 obscenus
1639 677 1667 702 et
1683 672 1756 702 abo-

142 720 307 750 minandus
322 722 432 752 error?
448 721 538 758 Quod
547 721 688 760 perﬁdia
700 730 797 760 genus
810 725 871 750 tam
883 721 988 761 palam
1003 721 1139 751 omnium
1156 730 1228 751 voce
1245 721 1492 758 condemnatum,
1513 721 1595 760 quod
1615 730 1679 751 non
1693 729 1752 760 pa-

142 774 266 800 rentum
279 775 461 801 nostrorum
475 772 621 801 memoria
642 771 783 811 fautores
805 770 925 810 aliquos
949 780 984 800 ae
1009 775 1177 800 sectatores
1193 770 1360 801 habuerit?
1376 771 1492 801 Parum
1509 775 1553 801 est
1569 770 1606 801 de
1624 771 1754 802 Arianis

142 821 209 851 illis
231 822 402 862 conqueri,
415 826 471 852 aut
487 820 734 857 Macedonianis,
753 821 974 858 Eunomianis,
997 821 1207 859 Nestorianis,
1225 827 1254 852 et
1267 823 1308 853 iis
1323 821 1416 852 etiam
1431 821 1664 860 antiquioribus
1680 822 1751 852 Ma-

143 872 280 908 nichwis,
296 871 495 908 Sabellianis,
512 872 720 902 Samosatenis
735 882 745 901 :
761 875 946 910 ceterasque
971 871 1084 901 veteris
1109 871 1259 902 Ecclesiae
1281 873 1364 911 faces
1380 880 1416 901 ac
1433 875 1630 910 tempestates
1641 880 1752 910 perse-

143 923 198 962 qui
213 933 223 952 :
238 923 274 952 in
286 922 398 962 quibus
408 927 527 961 prater
541 921 692 961 dogmatis
707 921 876 961 falsitatem
890 921 980 951 nulla
993 925 1048 951 aut
1072 921 1205 951 obscura
1220 921 1372 962 faditatis
1389 920 1560 960 disciplina
1573 921 1636 960 fuit
1656 931 1666 950 :
1684 929 1755 960 qua:

144 981 247 1003 omnes
259 973 297 1004 in
311 972 489 1009 Germania,
504 971 649 1007 Polonia,
662 971 839 1005 Pannonia,
854 971 980 1008 Russia,
1000 971 1078 1002 alibi
1091 970 1222 1010 denique
1236 977 1353 1002 renata:
1366 970 1409 1001 ad
1421 972 1500 1001 hanc
1515 971 1596 1001 diem
1610 970 1755 1010 grassari

145 1028 173 1053 et
189 1023 416 1054 increbrescere
430 1023 592 1053 dicuntur.
609 1021 676 1052 [lite
685 1022 761 1060 ipsae
771 1020 1060 1052 sordidissimarum
1071 1020 1237 1052 libidinum
1250 1021 1438 1051 inventrices
1457 1022 1585 1052 hareses
1606 1030 1641 1050 ac
1653 1020 1752 1059 magi-

144 1079 227 1110 strce,
244 1083 311 1114 qute
323 1075 520 1113 promiscuos
536 1073 731 1108 concubitus,
748 1081 784 1102 ac
802 1073 955 1111 reliquam
974 1074 1120 1111 corporis
1144 1071 1374 1110 turpitudinem
1396 1070 1609 1107 ostentabant,
1628 1079 1754 1110 quisque

143 1133 205 1154 uno
229 1123 452 1154 Gnosticorum
470 1122 620 1153 vocabulo
644 1122 800 1153 contineri
819 1130 1040 1160 nonnunquam
1065 1122 1177 1158 solent,
1195 1120 1305 1152 iisdem
1325 1122 1360 1152 in
1384 1121 1461 1151 locis
1486 1121 1520 1151 in
1543 1120 1754 1158 Adamianos,

144 1173 309 1210 Pikardos,
329 1173 501 1210 Valdenses,
522 1171 744 1211 Lugdunenses
764 1173 935 1212 Pauperes,
956 1177 1126 1212 ceteraque
1148 1175 1295 1211 portenta
1325 1172 1430 1201 verius
1456 1180 1546 1210 quam
1561 1171 1688 1200 nomina
1703 1180 1754 1201 η-

145 1223 339 1254 dundarunt.
353 1223 476 1254 Veniam
489 1221 530 1252 ad
544 1221 677 1253 Galliam
688 1226 839 1258 nostram,
856 1230 891 1251 ac
905 1221 1105 1251 novissimam
1121 1220 1299 1251 Calviniani
1311 1220 1407 1251 labem
1418 1219 1581 1260 dogmatis,
1597 1225 1688 1260 atque
1698 1231 1755 1260 pe-

145 1279 233 1310 stem,
249 1283 316 1314 qua:
330 1275 365 1305 in
379 1274 466 1305 illius
481 1273 597 1312 gremio
613 1272 764 1303 consedit.
780 1272 825 1301 De
847 1280 908 1311 qua
920 1271 1080 1302 verissime
1101 1272 1158 1302 hoc
1173 1271 1249 1302 mihi
1269 1270 1378 1301 videor
1400 1280 1464 1301 esse
1483 1271 1628 1302 dicturus
1644 1282 1654 1302 :
1670 1272 1755 1302 velut

145 1325 298 1355 sentinam
314 1324 402 1355 illam
424 1322 508 1353 orbis
531 1332 594 1352 esse
619 1326 787 1357 terrarum,
814 1322 849 1352 in
872 1330 961 1360 quam
975 1326 1113 1351 veterum
1129 1326 1159 1352 et
1182 1322 1353 1352 recentium
1370 1327 1535 1358 sectarum,
1554 1330 1758 1361 errorumque

145 1374 294 1405 colluvies
310 1373 465 1413 con/luxit
479 1383 489 1402 :
504 1381 540 1402 ac
552 1371 703 1412 quidquid
717 1372 874 1402 hwreseon
889 1373 1037 1402 hactenus
1054 1372 1190 1408 exstitit,
1207 1372 1244 1401 de
1254 1381 1313 1411 quo
1329 1372 1428 1410 legere
1445 1372 1566 1411 aliquid
1578 1373 1626 1403 vel
1640 1372 1754 1404 audire

142 1424 317 1464 potuimus,
331 1432 370 1453 ea:
385 1431 419 1452 eo
438 1422 567 1453 libatum
581 1431 644 1452 esse
659 1431 695 1452 ac
711 1421 886 1452 derivatum
900 1421 1037 1460 aliquid;
1052 1427 1141 1460 atque
1158 1431 1197 1452 ex
1210 1422 1450 1453 abhorrentibus
1467 1427 1678 1453 monstrorum
1693 1433 1757 1454 om-

145 1476 234 1505 nium
248 1474 396 1514 partibus
412 1484 447 1504 ac
463 1474 586 1513 ﬁguris,
602 1473 747 1504 ultimum
761 1471 854 1509 illud,
870 1481 906 1502 ac
925 1472 1056 1511 reliquis
1067 1472 1255 1503 horribilius
1271 1482 1334 1502 esse
1345 1477 1535 1504 concretum.

186 1524 391 1562 Quamobrem
399 1532 468 1554 cum
484 1529 513 1553 et
525 1523 638 1562 ubique
655 1528 822 1559 terrarum,
835 1525 864 1552 et
879 1523 929 1553 hic
945 1521 1031 1561 apud
1042 1531 1098 1552 nos
1111 1523 1291 1561 priscarum
1305 1532 1368 1552 sese
1383 1523 1539 1553 hiereseon
1551 1533 1586 1554 ac
1601 1528 1756 1554 sectarum

145 1583 263 1606 venena
280 1573 474 1613 diffundant,
489 1572 530 1602 ad
549 1573 618 1608 illa,
641 1581 707 1611 qua:
727 1581 826 1612 supra
841 1571 923 1607 dixi,
940 1571 1089 1610 praesidia
1102 1573 1329 1611 confugiamus,
1348 1577 1376 1602 et
1393 1573 1583 1604 medicorum
1598 1574 1756 1605 imitemur

145 1624 346 1655 industriam.
359 1623 500 1661 Quorum
513 1622 646 1662 majores
659 1631 728 1652 cum
738 1621 856 1651 eosdem
879 1622 1023 1652 humanis
1038 1623 1186 1660 ingruere
1202 1613 1387 1659 corporibus
1401 1632 1436 1652 ac
1452 1631 1616 1653 recurrere
1632 1624 1756 1654 morbos

144 1675 367 1713 intelligerent,
385 1682 492 1703 eorum
513 1674 661 1712 origines,
680 1673 930 1712 progressiones,
946 1673 1174 1712 proprietates,
1191 1682 1317 1703 casuum
1345 1678 1435 1713 atque
1459 1679 1635 1705 eventorum
1651 1685 1754 1705 exem-

144 1726 212 1765 pla,
231 1730 295 1755 tum
315 1724 451 1755 remedia
471 1723 639 1763 diligenter
655 1724 689 1754 in
705 1723 795 1754 libris
817 1729 970 1754 notarunt
985 1735 995 1754 :
1011 1733 1076 1763 qute
1097 1723 1170 1753 dum
1183 1724 1305 1762 posteri
1321 1724 1438 1763 legunt,
1455 1730 1566 1755 contra
1582 1726 1652 1756 illos
1668 1727 1754 1765 ipsos

142 1775 248 1806 alieno
266 1784 297 1804 se
312 1784 372 1805 usu
388 1774 642 1814 experientiaque
663 1773 858 1813 conﬁrmant.
885 1774 936 1804 Ita
955 1774 1056 1810 nobis,
1074 1773 1185 1813 quibus
1201 1773 1362 1803 assiduum
1374 1779 1419 1804 est
1434 1775 1541 1805 iisdem
1553 1785 1622 1805 cum
1637 1777 1756 1806 errori-

143 1825 215 1861 bus,
232 1824 315 1854 velut
329 1824 445 1854 morbis
460 1833 499 1854 ea:
517 1823 684 1853 intervallo
704 1822 1008 1863 recrudescentibus,
1025 1832 1061 1853 ac
1069 1824 1138 1863 jam
1148 1827 1220 1852 ante
1235 1824 1382 1861 cognitis,
1403 1828 1558 1854 certamen
1572 1824 1754 1861 ineundum,

100 1900 103 1901 ,
146 1874 239 1904 utiles
251 1876 325 1902 sunt
343 1872 556 1902 commentarii
572 1873 771 1911 antiquarum
786 1873 936 1903 haresum
951 1883 960 1901 :
993 1881 1033 1903 ex
1048 1872 1159 1912 quibus
1183 1881 1246 1902 non
1261 1882 1366 1903 earum
1380 1874 1470 1904 modo
1485 1876 1631 1906 notitiam
1646 1875 1753 1915 adipi-

146 1923 281 1956 scimur;
300 1921 354 1951 sed
381 1921 422 1952 ad
447 1921 516 1952 illas
548 1921 650 1958 etiam,
668 1921 723 1952 ubi
737 1926 854 1952 renata:
867 1922 997 1961 fuerint,
1009 1921 1240 1962 pro/ligandas,
1255 1922 1357 1953 eadem
1371 1932 1519 1962 paramus
1534 1925 1669 1962 auxilia,
1685 1926 1756 1965 qui-

146 1974 215 2011 bus,
230 1982 298 2004 cum
311 1973 448 2012 primum
464 1975 681 2008 nascerentur,
702 1972 865 2002 exstincta
880 1977 965 2002 sunt.

187 2023 254 2060 Quo
270 2022 304 2053 in
324 2030 433 2061 genere
448 2030 517 2051 cum
534 2021 705 2051 multorum
729 2021 861 2052 Patrum
877 2023 996 2061 egregie
1014 2023 1057 2053 sit
1071 2023 1171 2059 labor,
1195 2032 1231 2052 ac
1247 2032 1315 2053 cum
1328 2032 1418 2053 .auae
1434 2030 1577 2056 versatus
1584 2037 1594 2060 ;
1614 2035 1703 2066 quem
1719 2033 1754 2058 tu

148 2079 259 2109 tamen,
281 2074 345 2104 sive
359 2072 535 2111 diligentia,
552 2074 615 2104 sive
629 2073 770 2103 ubertate
786 2072 974 2103 eruditionis
999 2083 1034 2104 ac
1050 2074 1152 2112 copia,
1169 2083 1239 2104 cum
1249 2074 1429 2114 Epiphanio
1445 2077 1600 2116 conferas,
1616 2080 1754 2118 reperieg

149 2133 188 2153 ex
202 2123 286 2153 omni
306 2122 492 2161 antiquitate
512 2122 673 2152 neminem.
689 2121 761 2153 Non
775 2122 855 2152 enim
869 2123 922 2153 ille
941 2123 1060 2153 brevem
1073 2122 1230 2153 duntaxat
1243 2124 1399 2154 htereseon
1425 2125 1557 2156 indicem
1573 2132 1755 2158 caterorum

148 2184 231 2205 more
245 2173 434 2212 conscripsit
450 2183 459 2205 :
472 2172 724 2213 quemadmodum
739 2173 946 2212 Augustinus,
959 2175 1162 2211 Philastrius,
1176 2175 1397 2214 Hieronymus,
1413 2176 1631 2214 Damascenus,
1649 2179 1754 2218 copio-

149 2226 215 2256 sius
230 2226 321 2255 etiam
337 2223 558 2258 Theodoretus,
574 2228 665 2262 atque
681 2222 739 2253 alii
754 2223 928 2262 complures
945 2224 1152 2255 instituerunt
1169 2235 1179 2254 :
1194 2234 1249 2255 nec
1265 2225 1390 2255 illorum
1405 2227 1614 2258 tantummodo
1631 2229 1754 2268 opinio-

148 2284 203 2306 nes
223 2284 259 2305 ac
272 2273 426 2313 dogmata,
441 2282 492 2303 res
505 2273 595 2303 etiam
609 2272 646 2303 ab
662 2282 767 2303 earum
782 2273 964 2304 auctoribus
979 2284 1015 2304 ac
1035 2273 1239 2314 principibus
1261 2279 1363 2314 gestas
1386 2278 1619 2308 accuratissime
1630 2287 1752 2318 propo-

149 2327 224 2356 suit.
244 2324 305 2355 Sed
326 2325 438 2364 quibus
461 2324 557 2354 armis
572 2325 703 2362 insuper
716 2328 771 2354 aut
786 2324 913 2355 illarum
925 2326 1094 2364 petitiones
1109 2325 1234 2364 depelli,
1252 2329 1307 2355 aut
1328 2326 1468 2356 vicissim
1486 2327 1548 2357 illa:
1561 2328 1638 2367 peti,
1656 2338 1755 2368 expu-

149 2376 299 2416 gnarique
310 2379 447 2414 possent,
463 2374 618 2405 uberrime
643 2374 880 2415 doctissimeque
894 2377 1091 2406 monstravit.
1107 2376 1227 2413 Quibus
1245 2377 1337 2407 etiam
1352 2377 1387 2407 de
1403 2378 1506 2408 causis
1522 2382 1658 2419 Πανάριον,
1677 2380 1753 2419 sive,

149 2429 186 2454 ut
200 2424 383 2454 Anastasius
402 2423 525 2454 Sinaita
539 2424 573 2453 in
593 2424 847 2461 Quaestionibus,
870 2434 906 2455 ac
922 2424 1054 2456 Photius
1071 2434 1139 2455 cum
1157 2425 1274 2456 Grtecis
1290 2426 1362 2457 aliis
1376 2426 1477 2464 habet,
1500 2431 1627 2468 Πανάρια,
1648 2428 1681 2459 id
1696 2435 1753 2465 est,

150 2473 304 2504 medicam
319 2481 431 2510 arcam,
448 2474 511 2503 sive
531 2473 706 2512 capsulam,
720 2483 755 2503 ac
771 2473 905 2512 thecam,
922 2482 1009 2514 ;opus
1027 2474 1107 2505 illud
1122 2475 1286 2515 inscripsit
1302 2487 1311 2506 :
1326 2481 1362 2506 ut
1378 2477 1410 2506 in
1427 2486 1460 2506 eo
1478 2478 1628 2508 sciremus
1644 2484 1754 2508 contra

151 2523 329 2562 morti/eros
351 2531 387 2552 ac
408 2525 573 2552 venenatos
588 2523 778 2562 serpentium
806 2532 938 2560 morsus,
954 2523 1089 2564 adeoque
1103 2524 1227 2555 morbos
1247 2534 1349 2555 omnes
1364 2526 1524 2563 hteresum,
1547 2527 1753 2559 saluberrima

149 2572 285 2603 remedia
299 2572 465 2603 contineri.

188 2635 342 2672 Quocirca
354 2642 490 2673 persaepe
504 2642 571 2663 sum
587 2633 723 2672 equidem
737 2634 947 2673 Augustinum
961 2637 1210 2675 vehementerque
1224 2637 1357 2668 miratus
1374 2649 1384 2668 :
1399 2640 1455 2678 qui
1470 2641 1505 2670 in
1525 2641 1604 2671 libro
1620 2642 1665 2672 De
1686 2641 1752 2672 hae-

150 2685 275 2716 resibus
305 2684 343 2715 ad
360 2683 632 2721 Quodvultdeum,
657 2693 726 2714 cum
750 2685 926 2724 Epiphanii
952 2687 1103 2723 meminit,
1120 2687 1182 2717 haec
1208 2686 1244 2716 de
1265 2687 1320 2717 illo
1342 2688 1376 2718 in
1401 2690 1590 2730 Prwfatione
1610 2692 1719 2730 posuit
1743 2702 1754 2723 :

149 2737 262 2767 Noster
279 2743 353 2767 vero
370 2734 723 2774 Epiphanius,Cyprius
738 2736 1044 2775 episcopus,abhinc
1059 2746 1122 2768 non
1140 2739 1232 2778 longe
1247 2738 1394 2770 humanis
1410 2741 1507 2773 rebus
1523 2748 1701 2783 exemptus.
1714 2744 1753 2775 de

150 2786 307 2824 octoginta
321 2785 497 2817 hsaresibus
513 2783 659 2824 loquens,
677 2793 732 2816 sex
750 2785 845 2818 libros
864 2786 959 2818 etiam
975 2787 1174 2825 conscripsit,
1200 2787 1349 2820 historica
1366 2791 1546 2823 narratione
1561 2800 1755 2824 commemo-
