1934 3029
184 95 219 123 is
766 95 936 124 EPISTOLA
956 95 1238 124 NUNCUPATORIA.
1775 100 1808 127 14

184 164 258 186 rans
270 155 387 192 omnia.
405 155 492 186 nulla
507 155 725 194 disputatione
740 155 894 186 adversus
909 155 1078 186 falsitatem
1095 164 1150 194 pro
1167 156 1299 187 veritate
1316 158 1494 188 decertans.
1512 157 1630 188 Breves
1645 165 1721 188 sane
1730 162 1807 188 sunt

184 205 216 235 hi
234 206 355 236 libelli:
372 209 403 236 et
416 205 443 236 si
459 205 492 236 in
511 214 611 236 unum
625 205 770 236 libellum
786 206 985 245 redigantur,
1004 214 1062 236 nec.
1077 206 1146 245 ipse
1163 206 1223 236 erit
1239 208 1371 244 nostris,
1392 207 1439 238 vel
1458 207 1596 238 aliorum
1611 207 1807 246 quibusdam

184 255 274 286 libris
291 256 489 296 longitudine
504 252 747 296 comparandus.
767 257 869 296 Hujus
891 257 1080 288 brevitatem
1102 256 1130 287 si
1151 255 1243 288 fuero
1259 256 1294 288 in
1316 257 1604 288 commemorandis
1627 257 1806 288 haeresibus

182 306 339 343 imitatus,
364 307 444 346 quid
463 315 480 338 θ
506 316 555 338 me
583 307 713 338 brevius
743 307 917 347 postulare,
945 307 994 339 vel
1015 312 1199 347 exspectare
1223 308 1352 345 debeas,
1381 317 1445 339 non
1469 307 1615 338 habebis.
1644 309 1804 344 Haecine,

180 365 297 396 quwso.
313 355 349 386 de
364 357 540 397 Epiphanii
555 358 687 388 Panario
702 357 914 398 Augustinum
928 358 1090 388 scribere?
1106 359 1274 398 Afﬁrmare
1291 368 1370 398 opus
1391 368 1455 389 esse
1473 358 1640 398 perbreve;
1669 364 1709 394 et,
1726 360 1755 390 si
1772 360 1806 389 in

183 414 280 436 unum
299 405 438 437 libellum
450 406 626 446 redigatur,
643 413 706 438 tam
721 407 872 453 mediocri
886 409 964 438 mole
979 413 1006 438 et
1021 408 1230 448 amplitudine
1243 410 1412 449 futurum?
1429 409 1550 448 Negare
1570 409 1700 448 denique
1716 408 1806 439 aliud

182 456 225 487 iis
240 457 275 487 in
289 457 392 495 libris,
406 463 522 498 prater
536 459 708 498 simplicem
723 460 881 490 haereseon
897 460 1073 496 historiam,
1099 460 1166 490 sine
1182 460 1249 490 ulla
1261 460 1415 491 mendacii
1431 461 1668 500 oppugnatione
1685 464 1805 490 tracta-

181 507 236 538 ri?
252 508 348 548 Atqui
362 513 391 538 et
405 509 557 540 uberrimi
570 515 645 540 sunt
659 509 696 540 de
711 510 879 541 hwresibus
896 511 1073 550 Epiphanii
1091 511 1167 542 libri
1186 522 1196 541 :
1213 517 1241 541 et
1256 511 1408 542 adversus
1424 511 1567 550 singulas
1585 512 1655 550 fuse
1670 519 1802 540 accura-

183 563 271 597 teque
291 558 434 599 disputat
448 571 458 590 :
474 569 529 590 nec
546 560 627 590 illud
642 561 745 600 ipsum
756 565 928 601 postremo,
944 561 1027 601 quod
1042 561 1191 592 omissum
1203 561 1240 592 ab
1252 562 1448 601 Epiphanio,
1460 570 1518 591 ase
1534 570 1607 591 vero
1625 562 1743 600 factum
1761 561 1805 590 iri

182 607 328 642 dixerat,
345 613 380 639 ut
392 608 541 639 adversus
556 609 699 648 singulas
713 610 844 641 haereses
860 609 1039 647 dissereret,
1053 615 1108 641 aut
1123 612 1158 642 in
1170 612 1226 642 illo
1243 612 1288 642 De
1303 611 1480 642 haeresibus
1497 611 1612 646 libello,
1629 615 1685 641 aut
1699 611 1803 641 inalio

181 659 378 698 Augustinus
393 660 460 699 ipse
478 660 642 698 proastitit.
658 660 747 691 Nihil
763 662 843 692 enim
857 666 974 700 prater
989 666 1145 692 sectarum
1159 662 1297 693 omnium
1308 671 1458 692 summam
1476 670 1679 702 errorumque
1698 662 1805 702 capita

181 709 364 750 complexus
381 716 437 741 est.
454 711 546 748 Quod
555 717 750 755 postremum
763 717 801 742 ut
815 712 1054 756 admirationem
1065 717 1170 752 auget,
1191 713 1236 743 ita
1252 713 1346 752 prius
1362 712 1444 744 illud
1463 722 1527 742 non
1543 712 1637 743 levem
1650 713 1804 751 suspicio-

180 768 251 790 nem
272 761 362 800 facit,
385 760 561 800 Epiphanii
582 761 750 791 Panarium
775 762 890 801 ipsum,
918 770 1056 801 opusque
1072 763 1237 793 Adversus
1261 762 1398 793 haereses
1418 763 1576 801 integrum
1592 762 1805 800 Augustinum

180 809 329 845 nondum,
351 809 409 840 illa
424 819 494 840 cum
516 810 646 849 scriptis
663 809 826 850 proderet,
844 810 960 841 vidisse
977 822 986 842 :
1002 811 1057 842 sed
1078 811 1167 842 illius
1189 811 1345 841 duntaxat
1369 811 1535 850 epitomen,
1554 814 1645 850 atque
1668 811 1804 851 ejusdem

178 861 328 900 fortassis
342 860 630 900 Anacephalwosin,
645 861 709 891 sive
725 861 926 892 Breviarium
951 871 991 892 ea:
1005 861 1203 901 singulorum
1220 867 1373 891 tomorum
1392 866 1421 891 et
1435 862 1591 893 hwreseon
1609 863 1803 899 argumentis

180 916 213 941 et
230 912 387 951 capitibus
405 913 580 943 collectum.
603 912 786 951 Quanquam
807 912 889 942 illud
911 912 1003 943 etiam
1023 917 1134 949 macet,
1156 912 1240 952 quod
1261 913 1296 943 in
1311 922 1367 943 sex
1384 913 1482 943 libros
1499 912 1613 942 asserit
1627 912 1803 951 Epiphanii

182 970 261 1000 opus
276 970 340 991 esse
351 962 519 1001 partitum.
536 961 575 992 At
591 961 625 992 id
634 971 722 992 secus
738 971 770 992 se
784 961 885 993 habet.
900 962 979 993 Nam
996 962 1031 992 in
1045 966 1109 992 tres
1124 961 1281 993 duntaxat
1297 962 1394 993 libros
1409 962 1576 992 tribuitur.
1593 961 1682 992 Libri
1698 970 1801 991 omnes

180 1012 216 1041 in
243 1016 339 1041 tomos
354 1016 481 1051 septem.
497 1012 603 1049 Quare
623 1011 705 1042 illud
723 1011 895 1051 Augustini
915 1011 1075 1051 singulare
1096 1017 1153 1049 est,
1175 1012 1257 1052 quod
1286 1022 1350 1043 Lvu
1366 1013 1488 1049 ha'resi,
1515 1021 1607 1051 quam
1622 1011 1801 1042 Psalliano-

179 1069 251 1091 rum
264 1066 364 1098 vocat,
391 1062 656 1093 Massalianorum
679 1063 892 1103 Epiphanius,
917 1062 1082 1094 subtexuit
1104 1074 1114 1093 :
1138 1063 1278 1094 Proinde
1301 1063 1357 1094 ille
1378 1063 1418 1094 de
1444 1063 1603 1102 octoginta
1625 1062 1803 1093 haeresibus

181 1112 339 1150 separatis
356 1111 483 1151 viginti,
499 1120 578 1152 quas
594 1117 666 1144 ante
684 1113 813 1144 Domini
827 1113 999 1143 adventum
1022 1113 1197 1150 exstitisse,
1214 1113 1297 1144 sicut
1321 1114 1350 1144 ei
1377 1114 1482 1144 visum
1507 1118 1566 1150 est,
1591 1112 1800 1152 computavit,

181 1162 324 1201 reliquus
339 1167 412 1202 post
427 1162 555 1194 Domini
572 1171 742 1194 ascensum
758 1167 845 1194 natas
861 1163 1037 1203 sexaginta,
1055 1163 1256 1195 brevissimis
1273 1164 1365 1195 libris
1380 1163 1526 1203 quinque
1545 1162 1799 1201 comprehendit,

180 1214 276 1250 atque
290 1220 402 1242 omnes
419 1212 452 1242 in
469 1220 526 1242 sex
541 1211 640 1243 libros
655 1212 755 1243 totius
767 1212 911 1252 ejusdem
924 1212 976 1243 sui
991 1213 1097 1251 operis
1114 1212 1188 1244 fecit
1203 1213 1364 1245 concludi.
1383 1215 1461 1244 Tres
1472 1214 1507 1244 in
1522 1212 1620 1244 libros
1633 1213 1801 1243 Panarium

178 1271 268 1292 omne
287 1261 453 1292 dividitur.
474 1262 601 1293 Primus
619 1268 717 1293 tomos
740 1263 880 1293 continet
902 1267 965 1292 tres
983 1284 991 1298 ,
1020 1272 1153 1302 quorum
1176 1263 1211 1293 in
1226 1264 1338 1302 priore
1359 1262 1477 1302 viginti
1497 1263 1561 1293 ίιιω
1582 1267 1657 1293 sunt
1674 1262 1801 1293 Christo

179 1313 374 1352 antiquiores
388 1313 529 1344 hwreses.
546 1312 637 1343 Alter
657 1322 773 1348 earum,
798 1322 866 1352 qua:
879 1317 953 1352 post
970 1313 1131 1344 Christum
1152 1318 1271 1343 exorta:
1286 1318 1373 1350 sunt,
1394 1312 1542 1343 tredecim
1558 1312 1690 1352 colligit.
1710 1313 1800 1343 Toti-

180 1364 248 1394 dem
263 1369 450 1403 postremus.
467 1365 511 1395 Ac
530 1365 558 1396 si
573 1365 726 1396 librorum
741 1366 865 1396 nomine
890 1370 988 1396 tomos
1005 1366 1202 1405 Augustinus
1223 1366 1386 1405 intelligit,
1409 1364 1533 1404 dempto
1549 1365 1714 1404 superiore
1731 1365 1800 1402 illo,

180 1415 234 1454 qui
252 1415 367 1454 viginti
382 1424 421 1445 ea:
436 1415 604 1446 haresibus
620 1421 755 1452 constat,
771 1417 888 1456 reliqui
902 1426 959 1447 sea:
982 1421 1085 1453 erunt,
1104 1425 1168 1446 non
1182 1420 1309 1456 septem.
1331 1415 1435 1453 Quare
1449 1415 1549 1454 fuerit
1571 1415 1661 1445 illius
1683 1416 1799 1453 operis,

178 1465 245 1495 sive
261 1465 407 1504 epitomes
423 1465 488 1495 alia
505 1466 588 1496 ratio
604 1467 800 1505 partitioque
815 1474 937 1495 necesse
956 1469 1013 1501 est,
1032 1465 1115 1505 quod
1141 1474 1172 1494 se
1189 1464 1386 1504 Augustinus
1406 1464 1526 1502 legisse,
1550 1467 1578 1492 et
1599 1463 1720 1493 imitari
1744 1473 1801 1492 vo-

179 1515 275 1546 l'uisse
293 1514 497 1545 demonstrat.

219 1569 280 1600 Sed
294 1579 313 1599 a
326 1570 448 1600 minuta
461 1569 519 1600 illa
535 1573 563 1598 et
577 1571 711 1607 angusta
725 1566 946 1606 disquisitione
962 1565 1003 1595 ad
1022 1565 1055 1596 id
1076 1565 1181 1600 redeo,
1198 1564 1280 1604 quod
1295 1563 1331 1594 de
1351 1563 1471 1594 Panarii
1489 1562 1752 1593 commendatione
1765 1573 1800 1593 ac

178 1623 289 1662 fructu
301 1620 466 1661 disputare
482 1629 644 1660 coeperam.
660 1619 740 1650 Nam
753 1618 794 1648 ad
807 1618 898 1653 illud,
917 1618 953 1647 de
968 1625 1026 1657 quo
1038 1617 1201 1657 agebatur,
1218 1616 1379 1647 catholicis
1394 1616 1558 1655 religionis
1573 1616 1799 1655 patrocinium,

144 1692 150 1699 .
178 1675 211 1702 et
231 1671 454 1703 hodiernarum
477 1671 666 1701 eversionem
686 1671 836 1700 haeresum
857 1667 1114 1708 opportunitates
1136 1668 1330 1703 innumeras,
1357 1671 1386 1696 et
1410 1665 1590 1706 adjumenta
1604 1665 1798 1705 suppeditat.

182 1723 320 1753 Primum
336 1721 417 1762 quod
431 1721 467 1751 de
485 1721 551 1761 ejus
566 1720 766 1756 auctoritate,
778 1724 914 1759 propter
928 1723 957 1749 et
972 1718 1140 1757 scriptoris
1156 1721 1350 1753 vetustatem,
1368 1721 1397 1747 et
1415 1716 1570 1746 illustrem
1587 1715 1671 1746 inter
1686 1716 1799 1746 Patres

180 1773 348 1812 dignitatis
372 1773 483 1808 locum,
502 1780 540 1801 ne
561 1771 625 1810 ipsi
647 1769 769 1809 quidem
784 1770 1007 1800 obtrectatores
1021 1768 1234 1807 antiquitatis,
1250 1777 1286 1797 ac
1304 1767 1457 1797 bonorum
1474 1766 1577 1796 hostes
1592 1766 1728 1796 omnium
1741 1766 1800 1796 du-

181 1824 293 1854 bitant.
311 1823 428 1853 Deinde
442 1821 525 1862 quod
540 1821 705 1860 praecipua
719 1829 843 1859 quisque
863 1820 988 1850 decreta
1002 1819 1085 1858 ﬁdei,
1102 1827 1168 1858 quis
1191 1816 1406 1857 opinosissimi
1423 1817 1561 1847 homines
1581 1816 1629 1846 his
1651 1819 1800 1856 tempori-

181 1877 238 1906 bus
259 1876 398 1915 inﬁciari
414 1874 541 1910 audent,
560 1878 622 1903 tam
643 1872 804 1912 expressis
825 1872 862 1902 ab
878 1872 933 1903 illo
954 1870 1141 1901 testimoniis
1155 1869 1392 1909 approbantur;
1407 1876 1473 1907 qua:
1486 1871 1589 1897 autem
1603 1867 1644 1898 iis
1659 1867 1709 1898 illi
1723 1878 1798 1899 con-

183 1927 285 1957 traria
298 1924 479 1965 defendunt,
495 1933 568 1954 suos
584 1922 624 1953 ad
644 1927 800 1957 auctores,
817 1922 873 1952 hoc
892 1925 937 1951 est
952 1920 1115 1951 hwreticos
1129 1922 1275 1948 revocata
1288 1920 1418 1953 veteres,
1437 1920 1500 1946 tam
1519 1916 1660 1954 graviter
1673 1926 1709 1946 ac
1728 1926 1798 1946 cre-

181 1975 237 2005 bro
258 1975 459 2014 refutantur;
482 1977 519 2002 ut
539 1981 627 2011 quem
652 1971 753 2002 adhuc
769 1971 921 2011 falsitatis
942 1970 1034 2001 istius
1053 1977 1118 1998 non
1135 1967 1263 2007 pudeat,
1281 1976 1470 1997 communem
1486 1971 1558 1997 ante
1571 1975 1694 1996 sensum
1708 1975 1800 2005 quam

181 2025 361 2056 modestiam
375 2021 651 2061 verecundiamque
662 2021 854 2061 perdiderit.

221 2088 294 2118 Haec
311 2087 346 2118 de
361 2079 668 2126 Epiphanio‘nostro
684 2083 759 2113 adeo
775 2082 936 2122 magnifice
956 2080 1178 2121 splendideque
1189 2081 1312 2120 jactata
1326 2088 1416 2118 quam
1433 2088 1508 2109 vera
1522 2078 1598 2114 sint,
1613 2078 1746 2117 planum
1765 2079 1799 2109 in

182 2137 316 2176 singulis
332 2136 583 2166 Lutheranorum
598 2137 627 2162 et
645 2132 889 2163 Calvinistarum
905 2129 1066 2160 erroribus
1080 2131 1225 2168 facerem,
1246 2129 1274 2158 si
1292 2127 1325 2158 id
1339 2131 1395 2157 aut
1411 2127 1551 2166 epistola:
1565 2127 1701 2158 brevitas
1714 2129 1800 2158 sine-

181 2193 241 2224 ret,
255 2192 310 2217 aut
326 2186 435 2220 alium,
455 2193 546 2224 quam
566 2189 606 2221 te,
630 2182 802 2214 cardinalis
823 2182 956 2217 illustr.,
977 2182 1079 2212 oratio
1095 2180 1158 2210 ha'c
1179 2188 1198 2208 a
1220 2178 1309 2208 nobis
1326 2178 1475 2208 instituta
1489 2178 1670 2216 respiceret.
1689 2177 1750 2208 Sed
1766 2178 1800 2209 id

182 2243 235 2269 aut
247 2238 310 2268 alio
321 2238 455 2278 fortasse
471 2235 538 2265 loco
550 2234 788 2275 prwstabimus,
806 2237 862 2263 aut
874 2233 915 2263 ad
930 2237 1030 2263 certos
1047 2231 1208 2263 hodiernis
1221 2240 1234 2259 e
1250 2227 1461 2268 scriptoribus
1471 2227 1679 2278 remittemus,
1695 2229 1749 2267 qui
1764 2230 1799 2260 in

183 2301 247 2321 eam
258 2277 381 2329 partem
396 2287 536 2318 studiose
549 2296 585 2317 ac
601 2296 674 2316 sane
682 2286 807 2316 utiliter
824 2284 1044 2315 incubuerunt.
1064 2283 1134 2313 Tibi
1150 2290 1223 2312 vero
1238 2285 1313 2311 nota
1326 2279 1424 2318 magis
1439 2277 1497 2308 illa
1515 2287 1605 2329 quam
1619 2278 1696 2309 mihi
1709 2284 1796 2315 sunt,

182 2340 235 2380 qui
258 2328 394 2378 quantus
415 2337 467 2367 vir
486 2335 689 2375 Epiphanius
709 2334 820 2374 fuerit,
843 2336 1051 2371 quantumque
1074 2329 1196 2361 Panarii
1220 2329 1313 2380 istius
1336 2331 1522 2380 momentum
1544 2328 1597 2364 sit,
1616 2337 1681 2358 non
1695 2329 1799 2359 aliena

183 2374 455 2422 iammendatione,
473 2383 527 2415 sed
544 2374 649 2414 studio
668 2383 735 2422 ipse
759 2386 813 2412 tuo
832 2380 1089 2420 experientiaque
1113 2377 1265 2409 didicisti.
1291 2375 1335 2406 Ac
1357 2374 1511 2415 quidquid
1533 2377 1681 2407 hactenus
1696 2378 1744 2407 vel
1760 2377 1797 2407 de

181 2442 322 2473 auctoris
337 2441 431 2480 hujus
449 2438 646 2479 prwstantia,
663 2435 710 2466 vel
731 2435 767 2465 de
787 2436 944 2466 hmreseon
959 2429 1247 2480 labefactandarum
1267 2428 1391 2480 ratione
1405 2426 1502 2480 paulo
1518 2426 1679 2458 verbosius
1700 2429 1799 2467 expli-

181 2493 260 2528 cavi,
277 2500 341 2521 non
354 2477 388 2521 id
401 2477 459 2520 ιιιᾶ
469 2497 574 2524 causa,
591 2494 687 2525 neque
704 2489 741 2514 ut
758 2483 841 2524 quod
861 2482 916 2513 abs
930 2487 959 2512 te
973 2481 1092 2512 discere
1107 2479 1213 2516 debeo,
1227 2479 1284 2518 hoc
1301 2482 1328 2508 te
1344 2478 1410 2517 ipse
1429 2477 1581 2513 docerem,
1599 2481 1796 2516 pertractare

180 2526 267 2575 volui
282 2554 293 2574 :
314 2542 369 2572 sed
390 2546 426 2572 ut
451 2540 619 2571 consilium
640 2537 676 2568 de
698 2537 755 2567 hac
772 2535 909 2566 editione
922 2542 1022 2564 meum
1037 2532 1216 2571 expositum
1232 2530 1301 2566 tibi,
1319 2539 1338 2559 a
1354 2534 1441 2568 teque
1454 2526 1797 2575 probatum,qmanaret

181 2573 381 2628 steteras,
402 2596 513 2630 tuoque
533 2600 564 2620 se
576 2587 700 2630 judicio
717 2592 746 2617 et
761 2586 950 2617 auctoritate
966 2582 1156 2624 defenderet.
1173 2581 1273 2618 Quam
1293 2588 1346 2620 ego
1364 2578 1608 2633 prarogativam
1624 2573 1796 2633 vbluntatis

182 2643 445 2682 humanitatisque
461 2629 519 2671 tuas
534 2629 687 2679 dignitate
701 2638 773 2677 ipsa
789 2636 928 2666 muneris
952 2644 988 2664 ac
1010 2633 1298 2683 pretio‘impetrare
1322 2629 1431 2665 malui,
1456 2637 1557 2667 quam,
1584 2635 1650 2666 qua:
1670 2629 1798 2683 .trita'et

180 2698 354 2734 pervagata
364 2677 591 2731 Prwfationum
601 2698 686 2729 seges
702 2691 758 2722 est.
772 2685 924 2716 ornandis
939 2685 1002 2715 tuis
1022 2681 1168 2713 laudibus
1182 2690 1218 2711 ac
1234 2681 1389 2711 virtutum
1400 2683 1525 2734 tuarum
1534 2677 1700 2734 praconiol
1711 2677 1799 2707 colli-

182 2726 263 2783 gere.
279 2726 359 2775 .JIVam
376 2726 462 2781 apud
474 2745 502 2770 te
520 2740 556 2770 de
572 2743 599 2770 te
613 2726 647 2769 ut
663 2737 757 2768 verba
769 2736 895 2776 faciam,
913 2733 1097 2773 singularis,
1112 2741 1180 2772 qua:
1190 2732 1234 2783 fin
1249 2735 1277 2783 te
1292 2735 1347 2767 est,
1365 2731 1505 2783 gravitas
1520 2738 1556 2759 ac
1571 2726 1798 2783 modestia‘nan

182 2777 317 2832 patitur.
339 2777 442 2832 Neque
460 2795 489 2822 te
507 2788 733 2821 ambitiuncula
753 2787 826 2824 ista,
844 2790 884 2824 et,
907 2784 989 2825 quod
1004 2793 1067 2815 esse
1073 2782 1342 2824 jucundissimum
1359 2781 1494 2811 omnium
1506 2788 1652 2810 acroama
1666 2777 1795 2810 dicitur.
