1934 3029
124 106 157 133 ίῦ
773 102 887 130 υιοΝΥε

985 102 1078 131 TAVII
1334 105 1339 110 ”
1713 107 1745 135 ιθ

125 168 377 195 ornamentorum
396 167 524 192 tuorum
557 167 647 202 atque
669 163 842 202 insignium
859 163 1046 203 praedicatio
1076 163 1219 194 delectat.
1242 164 1351 203 Itaque
1373 175 1436 195 non
1455 167 1518 198 alio
1538 171 1695 207 sequestre
1711 176 1749 197 ac

125 214 328 245 conciliatore
342 212 454 251 gratire
468 217 527 242 tute
544 222 632 247 usus,
649 221 739 252 quam
756 213 939 252 Epiphanio
955 214 1035 252 ipso,
1057 212 1098 242 ad
1112 213 1240 244 tutelam
1256 214 1391 244 nominis
1408 215 1457 246 tui
1470 217 1746 255 patrociniumque

126 263 265 304 confugi.
283 261 373 300 Quod
387 266 423 292 ut
442 262 517 292 mihi
532 262 714 302 defuturum
726 272 789 293 non
802 272 864 293 esse
882 262 1053 302 con/idum;
1067 263 1144 302 facit
1160 271 1248 293 amor
1261 263 1421 303 inprimis
1437 273 1512 304 erga
1526 265 1649 296 litteras
1661 270 1747 301 tuus,

127 323 191 347 tum
205 318 335 357 pietatis
348 316 574 355 religionisque
590 314 734 354 cognitus
750 313 893 343 omnibus
908 322 944 342 ac
954 317 1142 352 perspectus
1156 312 1270 347 ardor,
1287 313 1400 353 quibus
1413 323 1452 344 ea;
1466 314 1613 345 ambobus
1628 315 1743 346 studiis

126 372 242 398 nostris
256 367 318 398 illte
332 367 366 397 in
379 366 594 405 Epiphaniam
607 364 728 394 collatae
744 371 846 402 opera:
860 361 1036 402 vigiliasque
1049 362 1310 402 proficiscuntur.
1332 363 1468 394 Faciunt
1492 363 1678 395 excellentes
1702 366 1749 395 in.

127 418 211 456 genii
226 421 308 447 artes
324 417 515 455 virtutesque
533 419 650 445 cwtertc
668 424 677 443 :
701 413 814 452 quibus
833 413 982 443 Ecclesia:
1002 412 1220 453 principatum
1239 412 1427 453 jamdudum
1447 414 1580 453 publica
1613 417 1749 446 omnium

128 473 199 498 vota
213 477 248 497 ac
263 467 418 507 suffragia
432 465 634 505 despondent.
651 464 743 495 Facit
754 468 915 503 postremo
930 463 1082 502 prolixus
1106 467 1178 492 tuus
1194 463 1228 493 in
1241 463 1427 494 Societatcm
1441 469 1594 502 nostram,
1611 475 1647 495 ac
1663 466 1748 496 mul-

129 518 168 548 tis
184 516 312 548 indiciis
325 521 509 556 perspectus
523 520 614 554 atque
630 514 816 553 exploratus
833 514 974 547 animus;
992 517 1058 543 tum
1071 513 1243 543 nonnullus
1257 522 1378 553 quoque
1394 515 1543 546 tenuitati
1556 520 1674 546 nostra
1685 525 1748 556 pa-

129 572 262 611 tefactus
273 569 398 610 jamdiu
412 569 453 600 ad
467 570 689 609 benignitatem
706 572 791 598 tuam
806 567 912 598 aditus
940 576 976 597 ac
991 571 1148 607 receptus.
1165 567 1306 604 Quorum
1321 567 1458 597 omnium
1472 576 1620 597 summam
1635 567 1751 598 brevis-

129 622 206 651 sima
220 621 277 651 hac
292 620 522 659 certissimaque
537 627 609 649 voce
625 617 815 657 complectar
834 627 844 646 :
863 616 967 656 Neque
988 620 1015 646 te
1035 616 1162 656 dignius
1181 625 1273 656 quam
1297 616 1380 656 quod
1394 626 1414 646 a
1428 626 1474 647 me
1489 617 1578 647 modo
1594 616 1748 656 defertur,

128 669 238 709 offerri
264 669 321 700 tibi
342 678 453 699 munus
474 677 576 708 posse,
600 676 696 706 neque
721 665 908 705 digniorem,
937 666 990 696 cui
1011 665 1092 696 illud
1113 666 1269 706 offerrem,
1293 671 1323 696 te
1344 675 1408 696 uno
1432 667 1572 706 reperiri
1594 667 1749 706 potuisse.

132 721 213 752 Vale.

167 774 298 806 Lutetia:
312 774 519 810 Parisiorum,
537 782 618 803 anno
634 774 759 804 ineunte
772 771 967 808 MDCXXII,
986 779 1066 803 xvm
1086 769 1160 801 Kal.
1176 770 1270 801 Febr.

564 922 604 950 ill.
618 922 649 950 A.
667 921 698 950 Τ.
715 921 902 950 deditissimus

1108 956 1255 992 Dionysius
1267 955 1404 984 PETAVIUS

1075 991 1220 1020 Societa’tis
1235 991 1299 1019 Jesu
1312 993 1465 1028 presbyter.

142 1103 1736 1116 ————————_—_—_—__—_

475 1192 527 1222 AD
550 1191 814 1223 CATHOLICUM
847 1191 898 1221 ET
924 1191 1137 1222 CANDIDUM
1167 1191 1399 1223 LECTOREM.

161 1361 231 1389 Cum
242 1362 360 1390 assiduis
374 1360 543 1389 eruditorum
564 1368 596 1388 ac
608 1360 715 1395 piorum
737 1361 877 1388 hominum
893 1360 1012 1395 querelis
1025 1360 1142 1395 ﬂagitari
1153 1360 1316 1395 jamdudum
1338 1361 1518 1397 Epiplianium
1535 1368 1659 1391 nostrum
1679 1364 1746 1392 inte!

127 1410 227 1445 ligam;
246 1417 262 1437 a
277 1408 441 1444 quibusdam
463 1408 546 1436 etiam
562 1408 717 1436 tarditatem
732 1408 855 1436 accusari
874 1415 962 1435 meam
973 1428 980 1441 ,
996 1408 1068 1443 quod
1085 1407 1164 1442 cujus
1185 1408 1312 1436 editionis
1327 1417 1402 1443 spem
1419 1413 1483 1437 ante
1500 1410 1655 1445 complures
1669 1419 1753 1440 annos

127 1455 304 1489 ostenderim,
321 1462 353 1482 ea
369 1454 490 1481 nondum
505 1454 533 1481 in
548 1454 636 1481 lucem
655 1458 709 1481 tam
724 1454 805 1488 longo
820 1454 964 1481 intervallo
978 1453 1126 1488 prodierit,
1146 1453 1277 1480 nonnulla
1296 1459 1390 1481 nostra
1407 1456 1585 1484 excusatione
1593 1457 1752 1485 muniendus

129 1505 162 1532 ad
179 1503 333 1538 aequitatem
352 1506 426 1529 tuam
446 1502 536 1530 aditus
556 1501 673 1529 videtur.
692 1502 750 1529 Erit
767 1502 812 1528 illa
832 1509 895 1528 vero
915 1501 1070 1536 perfacilis,
1093 1501 1116 1528 si
1133 1500 1185 1528 hoc
1201 1509 1263 1528 cum
1286 1501 1377 1528 animo
1397 1507 1442 1529 tuo
1464 1503 1599 1530 aestimare
1617 1504 1754 1538 volueris,

128 1554 260 1585 quantum
275 1549 308 1577 ad
320 1549 358 1581 id,
375 1549 448 1584 quod
467 1549 544 1576 initio
562 1549 750 1584 praevideram,
766 1553 793 1576 et
809 1549 843 1576 ad
865 1549 938 1584 quod
960 1553 1074 1584 paratus
1089 1555 1237 1580 veneram,
1253 1549 1332 1583 pensi
1348 1556 1381 1576 ac
1393 1550 1496 1578 laboris
1512 1551 1669 1578 accesserit.
1688 1550 1753 1578 Nam

127 1606 190 1627 cum
207 1598 324 1633 primum
338 1589 419 1625 —illud
442 1605 511 1632 opus
532 1598 684 1624 amicorum
705 1602 813 1632 rogatu,
833 1601 860 1624 ct
882 1605 976 1624 eorum
991 1597 1036 1631 qui
1055 1596 1217 1623 auctoritate
1233 1601 1358 1631 poterant
1372 1597 1443 1632 apud
1456 1605 1500 1625 me
1516 1598 1674 1632 plurimum.
1690 1598 1753 1625 lior-

128 1651 185 1674 tatu
201 1645 305 1680 recepi;
323 1653 408 1672 unum
424 1644 490 1672 illud
509 1644 684 1679 designabam
696 1645 798 1676 animo,
811 1648 842 1671 ut
857 1648 884 1672 et
896 1644 998 1671 Graecis
1006 1644 1151 1678 diligenter
1164 1645 1326 1676 emendatis,
1339 1649 1366 1672 et
1375 1645 1470 1673 Latina
1485 1645 1610 1673 Cornarii
1622 1646 1752 1681 interpre-

129 1691 230 1724 latione
245 1690 386 1725 castigata,
400 1690 556 1717 adnotarcm
572 1697 603 1716 ea
618 1689 746 1722 breviter,
762 1689 862 1724 quibus
880 1689 914 1716 ad
931 1690 1052 1716 auctoris
1065 1693 1184 1716 mentem
1207 1690 1408 1724 assequendam
1430 1691 1551 1725 adjuvari
1571 1699 1625 1718 non
1639 1691 1753 1726 imperiti
1791 1695 1794 1698 ί

128 1735 248 1764 hominis
262 1735 395 1762 industria
407 1739 509 1770 posset.
526 1733 562 1761 Ut
584 1739 674 1761 autem
691 1733 786 1761 Latine
802 1734 996 1768 interpretarer
1012 1733 1087 1769 ipse,
1104 1741 1192 1768 neque
1212 1734 1408 1762 constitueram
1431 1735 1556 1770 equidem
1567 1756 1574 1767 ,
1593 1743 1680 1770 neque
1698 1735 1754 1763 fore

129 1781 314 1809 necessarium
326 1781 489 1808 arbitrabar.
506 1781 564 1807 Hac
580 1787 630 1815 ego
648 1787 695 1815 spe
707 1801 715 1813 ,
731 1779 944 1815 conditioneque
963 1787 1026 1807 cum
1042 1780 1113 1806 ultro
1131 1779 1206 1807 oneri
1222 1779 1261 1806 illi
1278 1782 1472 1809 successissem
1485 1802 1493 1814 ,
1508 1789 1625 1816 cumque
1642 1781 1714 1809 istud
1730 1787 1754 1809 et

129 1829 280 1857 amicorum
294 1829 485 1864 praedicatione
496 1849 503 1862 ,
521 1833 548 1856 et
566 1836 625 1856 mea
641 1835 750 1864 quoque
769 1828 977 1856 denuntiatione
999 1832 1139 1856 manasset
1163 1828 1283 1864 longius,
1299 1837 1380 1864 quam
1397 1836 1428 1857 ut
1444 1830 1628 1858 vadimonium
1645 1830 1754 1858 honeste

130 1881 237 1910 possem
255 1874 391 1906 deserere,
417 1882 480 1901 mox
499 1873 546 1901 ubi
573 1874 683 1901 tractari
703 1879 791 1909 coepta
808 1881 852 1901 res
876 1879 933 1906 est,
953 1873 1014 1909 plus
1028 1874 1055 1901 in
1073 1882 1105 1901 ea
1121 1874 1224 1909 negotii
1238 1883 1319 1910 quam
1335 1876 1401 1902 mihi
1416 1876 1576 1910 pollicebar.
1597 1883 1658 1903 esse
1673 1877 1754 1907 situm

130 1921 319 1948 animadverti.
333 1920 479 1955 Postquam
493 1920 565 1947 enim
580 1919 706 1947 Cornarii
722 1919 820 1946 Latina
833 1919 979 1946 emendare
991 1927 1051 1947 sum
1065 1920 1222 1954 ingressus;
1237 1920 1444 1955 periculumque
1461 1921 1636 1949 recensendis
1651 1921 1754 1956 aliquot

129 1967 235 2002 paginis
253 1967 315 2000 ieci,
335 1967 434 2002 ecquid
456 1966 587 1994 mediocri
618 1966 709 2002 aliqua
726 1966 888 1993 tractatione
907 1966 1041 1993 nitescere
1064 1973 1096 1993 ac
1115 1966 1244 2001 perpoliri
1259 1971 1368 2001 posset,
1381 1967 1461 2001 plena
1476 1975 1529 1994 non
1550 1968 1640 1995 solum
1654 1968 1755 1995 fastidii

129 2015 187 2042 visa
205 2023 250 2042 res
265 2019 316 2047 est,
332 2014 378 2042 sed
394 2014 476 2042 etiam
489 2013 630 2047 molestiae,
643 2019 670 2041 et
690 2014 830 2041 illiberalis
844 2013 988 2048 cujusdam
1001 2021 1089 2048 operte
1105 2021 1137 2041 ac
1152 2013 1265 2041 laboris.
1283 2013 1321 2042 ita
1341 2015 1425 2042 multa
1447 2015 1668 2049 tnm~demenda,
1680 2023 1754 2043 com-

130 2061 270 2094 mutanda,
287 2061 475 2096 interpolanda
489 2061 614 2094 fuerunt;
633 2065 661 2088 ut
677 2068 727 2095 ego
743 2060 913 2088 tolerabilius
930 2068 991 2088 esse
1007 2064 1166 2092 statuerem,
1182 2060 1263 2087 aliam
1280 2060 1314 2088 de
1329 2061 1444 2096 integro,
1469 2069 1502 2088 ac
1522 2068 1619 2091 novam
1639 2065 1755 2093 struere,

129 2118 211 2144 quam
228 2111 332 2143 alienat,
350 2109 500 2145 prasertim
521 2108 654 2140 barbarie,
675 2108 840 2143 insulsazque
862 2109 1006 2136 tectorium
1033 2108 1174 2136 inducere.
1195 2108 1273 2136 Cessi
1292 2109 1375 2144 igitur
1400 2109 1518 2142 imitus,
1531 2113 1614 2144 atque
1628 2109 1755 2138 haesitans

129 2158 202 2191 licet,
216 2164 243 2186 et
258 2159 285 2186 in
300 2159 352 2186 hoc
368 2166 411 2186 me
426 2157 571 2193 pistrinum
588 2156 706 2188 detrudi,
722 2156 914 2192 compingique
927 2164 987 2183 sum
1002 2164 1118 2191 passus:
1134 2160 1166 2183 ut
1185 2164 1246 2184 eum
1267 2157 1428 2192 scriptorem
1439 2178 1446 2190 ,
1461 2165 1542 2192 quem
1555 2156 1755 2192 castigandum,

130 2209 159 2232 ut
174 2205 240 2237 dixi,
258 2210 339 2240 atque
354 2204 507 2232 ornandum
523 2203 713 2231 tantummodo
727 2210 912 2237 susceperam,
927 2201 1024 2229 Latino
1042 2202 1154 2237 insuper
1171 2210 1298 2230 sermone
1314 2208 1512 2230 converterem.

170 2251 218 2279 Est
236 2251 301 2278 illud
316 2250 438 2286 profecto
453 2257 538 2285 genus
551 2248 816 2283 interpretandorum
831 2247 963 2275 librorum
979 2248 1044 2275 utile
1063 2248 1142 2276 bonis
1155 2248 1278 2282 artibus;
1290 2253 1316 2276 et
1331 2249 1402 2284 quod
1420 2249 1507 2284 major
1520 2257 1584 2284 pars
1601 2249 1693 2277 Graece
1708 2253 1755 2276 aut

128 2300 241 2327 omnino
258 2300 355 2332 nescit,
367 2305 415 2326 aut
428 2306 482 2325 non
499 2298 536 2324 ita
554 2296 617 2329 scit,
632 2300 662 2323 ut
675 2296 708 2324 iis
729 2295 894 2330 adjumentis
906 2303 999 2323 carere
1013 2297 1108 2331 possit,
1126 2296 1176 2324 hac
1199 2300 1278 2324 aetate
1301 2297 1495 2324 necessarium.
1514 2297 1566 2324 Sed
1582 2297 1652 2324 idem
1664 2301 1755 2324 tamen

129 2355 183 2374 non
202 2346 289 2373 solum
310 2346 425 2373 insuave
440 2353 487 2380 per
507 2352 585 2376 sese;
599 2351 692 2370 verum
707 2343 801 2375 etiam,
818 2347 929 2377 propter
941 2350 1075 2370 summam
1091 2343 1145 2371 hoc
1161 2348 1285 2378 tempore
1310 2344 1479 2371 obtrectandi
1499 2344 1699 2378 impunitatem.
1721 2351 1754 2371 ac

129 2394 275 2424 licentiam,
290 2392 438 2420 sollicitum
454 2399 485 2419 ac
502 2391 649 2418 lubricum.
670 2389 806 2422 Quoniam
822 2389 932 2424 quidem
950 2393 1022 2416 recte
1037 2389 1109 2416 facto
1119 2409 1127 2421 ,
1148 2389 1295 2417 mediocris
1316 2389 1494 2424 approbatio;
1509 2394 1611 2422 errato,
1624 2390 1685 2418 sine
1697 2389 1753 2417 ulla

129 2439 215 2472 venia,
232 2440 389 2470 vehemens,
407 2442 434 2465 ct
449 2442 529 2464 atrox
541 2436 719 2471 reprehensio
734 2435 905 2470 proponitur.
924 2435 952 2462 id
965 2435 1035 2463 adeo
1050 2440 1188 2464 certorum
1208 2436 1350 2463 hominum
1365 2436 1571 2471 importunitate
1581 2441 1608 2464 et
1624 2437 1752 2464 inhuma-

128 2486 212 2512 nitate
225 2485 254 2513 lit
269 2493 275 2511 :
289 2483 333 2519 qui
347 2491 409 2511 cum
423 2484 475 2518 ipsi
491 2483 551 2510 sine
566 2490 660 2510 errore
675 2482 744 2510 nihil
759 2482 898 2515 scribant,
920 2490 1008 2518 neque
1027 2490 1056 2510 se
1067 2489 1082 2510 τι
1095 2490 1234 2517 quoquam
1250 2483 1374 2518 redargui
1393 2483 1543 2518 patiuntur,
1556 2487 1584 2511 et
1601 2484 1652 2512 hoc
1667 2484 1754 2519 ipsum

128 2535 218 2557 tamen
237 2528 378 2564 tyrannico
399 2527 451 2555 sibi
467 2527 530 2562 jure
554 2528 582 2555 in
607 2531 720 2555 caeteros
740 2531 884 2562 usurpant.
902 2527 949 2554 Est
964 2531 1054 2554 autem
1075 2527 1103 2554 in
1119 2526 1221 2555 Graecis
1233 2526 1359 2555 Latinam
1377 2528 1405 2555 in
1422 2528 1543 2563 linguam
1560 2528 1754 2557 transferendis

128 2576 234 2610 lapsum
255 2571 533 2608 :w’reprehensionem
549 2573 652 2601 evitare
665 2573 785 2605 diliicile,
801 2577 945 2608 propterea
966 2572 1039 2607 quod
1056 2580 1136 2600 nemo
1149 2578 1191 2601 est
1205 2574 1242 2601 ita
1263 2574 1426 2601 necessariis
1450 2574 1483 2600 ad
1499 2573 1525 2600 id
1541 2582 1641 2601 munus
1656 2574 1752 2608 praesi-

128 2621 180 2647 diis
198 2621 366 2650 instructus;
382 2618 429 2653 qui
455 2623 503 2645 aut
528 2617 638 2645 Graecos
660 2626 756 2646 omnes
772 2621 899 2645 auctores
917 2617 1023 2651 legerit.
1039 2622 1086 2644 aut
1105 2617 1268 2645 immensam
1283 2618 1336 2645 vim
1353 2619 1454 2646 artium
1472 2620 1594 2647 omnium
1605 2639 1612 2651 .
1625 2624 1651 2647 et
1666 2626 1753 2646 mate-

130 2667 213 2698 riam;
228 2671 344 2700 quarum
360 2671 393 2691 cx
408 2663 521 2691 scientia
536 2663 715 2694 ciiioreseere,
730 2671 763 2690 ac
777 2658 930 2691 redundare
944 2662 1023 2690 debet
1037 2663 1240 2698 interpretatio,
1262 2671 1313 2691 usu
1336 2667 1364 2691 et
1381 2665 1512 2692 memoria
1529 2664 1752 2700 comprehendat.

127 2711 194 2744 Quis
205 2714 245 2738 est
260 2710 333 2738 enim
347 2709 395 2745 qui
416 2709 521 2737 divinas
539 2710 728 2743 humanasque
748 2709 924 2744 disciplinas,
945 2709 992 2744 qui
1015 2709 1156 2744 theologia
1168 2729 1175 2742 ,
1192 2710 1374 2745 philosophiae
1393 2719 1426 2738 ac
1444 2711 1642 2739 mathematum
1663 2715 1754 2746 partes

127 2764 239 2790 omnes;
257 2757 304 2792 qui
316 2756 385 2791 juris
399 2764 430 2784 ac
448 2755 600 2789 medicinae,
616 2757 662 2791 qui
675 2756 797 2784 minutas
811 2756 929 2792 denique
940 2761 1013 2784 artes
1024 2757 1064 2784 vel
1081 2765 1152 2785 unus
1167 2758 1312 2785 exhaurire
1322 2759 1450 2793 potuerit,
1468 2759 1511 2786 vel
1526 2758 1660 2786 inﬁnitam
1673 2766 1753 2786 voca-

127 2801 264 2835 bulorum,
278 2809 339 2837 quae
348 2802 447 2838 cuique
460 2803 568 2838 propria
583 2807 664 2837 sunt,
678 2803 773 2830 silvam
789 2803 1006 2839 varietatemque
1022 2803 1159 2833 scrutari?
1174 2803 1255 2839 Atqui
1267 2811 1329 2831 cum
1346 2804 1390 2832 illa
1406 2804 1506 2840 passim
1519 2803 1677 2832 Graecorum
1691 2812 1753 2833 mo-
