1934 3029
189 134 222 160 n
905 136 1100 165 ramulo.
1727 128 1731 134 ‘
1781 133 1814 163 ts

189 194 320 223 nimentis
337 202 446 230 aspersa
467 199 550 223 sunt:
569 200 625 223 tum
637 197 795 224 eorumdem
810 197 917 224 inscitia
935 205 1131 233 nonnunquam
1149 197 1312 224 hallucinari
1326 196 1502 232 interpretem
1521 204 1570 232 par
1590 200 1645 229 est,
1660 200 1686 223 et
1699 196 1732 223 ab
1743 195 1816 223 illius

188 250 203 268 a
221 243 255 269 tis
268 243 372 277 peritis,
390 247 484 270 contra
497 252 580 278 quam
593 245 772 273 commissum
796 245 897 280 aliquid
912 245 1006 277 fuerit,
1022 245 1088 273 vitia
1104 245 1163 280 ipsa
1182 243 1358 279 deprehendi.
1373 243 1426 271 Sed
1445 247 1538 270 mutua
1555 243 1606 270 ista
1620 241 1762 276 castigatio
1773 249 1816 268 er—

186 288 268 321 roris,
279 294 306 315 et
319 289 521 317 animadversio
536 291 684 318 maximam
700 291 776 319 aﬂ‘ert
795 292 986 319 communibus
1002 292 1099 319 litteris
1112 291 1256 318 utilitatem
1271 300 1277 316 :
1294 297 1326 317 ac
1341 297 1374 316 ne
1386 289 1410 316 ei
1426 288 1536 323 quidem
1548 307 1556 319 ,
1571 287 1618 322 qui
1632 286 1772 316 erraverit,
1792 283 1816 312 si

186 342 216 363 se
234 335 371 362 hominem
395 342 489 363 natum
509 344 570 365 esse
585 338 754 372 recordetur,
772 339 867 366 odiosa
883 339 970 366 videri
984 339 1025 366 vel
1040 339 1133 373 iniqua
1145 337 1234 365 debet.
1255 336 1344 363 Movet
1359 342 1424 362 vero
1438 335 1598 369 plerosque,
1615 337 1696 367 atque
1713 331 1748 358 ab
1765 331 1815 357 hac

185 381 292 415 publice
304 382 495 409 commodandi
508 383 613 411 ratione
637 384 767 416 deterret,
792 391 848 412 non
862 385 1038 419 reprehensio
1054 383 1159 411 erroris
1173 383 1232 417 ipsa
1243 402 1250 415 ,
1266 382 1312 410 sed
1327 380 1477 409 insultandi
1495 379 1522 406 in
1538 378 1624 406 aliena
1638 378 1717 412 culpa
1731 377 1815 404 libido

185 427 307 462 quaedam
324 428 451 462 petulans
468 436 500 456 ac
512 437 624 463 procax,
640 437 700 465 quae
713 434 852 465 utcunque
867 431 909 458 vel
922 430 1061 458 levissima
1086 430 1113 456 in
1127 437 1158 457 re
1171 429 1318 456 titubatum
1336 426 1405 459 erit;
1421 428 1444 454 si
1457 426 1538 453 unius
1552 423 1655 451 voculae
1669 423 1710 450 vis
1724 429 1755 449 ac
1767 429 1815 456 po-

186 479 269 502 testas
285 476 458 511 interpretem
477 476 587 512 fugerit,
603 478 643 506 sic
666 478 745 513 quasi
761 478 828 513 reip.
845 479 919 506 salus
937 483 1044 514 agatur,
1063 486 1121 505 rem
1155 477 1190 505 ab
1204 477 1320 504 honesta
1342 474 1514 503 contentione
1528 473 1563 501 ad
1579 471 1724 500 illiberalcs
1741 470 1814 497 rixas

185 526 211 548 et
229 521 366 553 sordidas,
382 522 415 549 ad
441 521 606 551 foedissimas
634 524 798 557 simultates,
813 528 895 559 atque
919 524 953 551 ad
975 531 1155 558 personarum
1174 522 1291 557 injurias
1310 520 1544 554 contumeliasque
1558 517 1735 545 transferunt.
1752 514 1814 542 Haec

184 567 266 601 igitur
283 567 342 601 ipsa
370 568 450 595 famae
475 568 642 604 honorisque
657 571 797 605 praposita
813 571 955 598 dimicatio
975 571 1081 605 quietos
1100 574 1127 598 et
1149 569 1305 597 moderatos
1322 568 1464 599 homines,
1482 566 1529 601 qui
1548 563 1708 592 nonnullum
1722 567 1812 589 tamen

185 614 211 641 in
239 614 348 649 publica
371 615 422 643 sibi
440 617 676 656 commendatione
698 618 823 645 laborum
842 617 960 646 fructum
976 618 1166 649 constituunt,
1189 616 1318 651 defugere
1335 621 1445 650 operam
1467 613 1541 640 illam
1563 611 1690 639 admonet
1706 608 1811 656 potius,

184 667 266 693 quam
281 668 343 688 cum
360 662 475 694 facribus
498 669 525 691 et
539 654 711 699 pugnacibus
726 665 908 697 adversariis,
924 669 951 692 et
966 665 1000 692 ad
1016 664 1119 700 quaevis
1134 663 1248 691 dicenda
1265 662 1454 696 audiendaque
1470 657 1652 695 paratissimis
1668 656 1696 683 in
1710 654 1814 690 puerile

184 711 321 734 certamen
338 708 513 738 descendere.
527 710 592 738 Mihi
607 719 681 744 vero,
696 720 778 747 quem
803 713 836 739 ad
852 713 999 740 sublimius
1013 712 1142 748 quiddam
1158 716 1186 738 et
1204 710 1324 738 divinius
1340 709 1456 744 cogitata
1474 707 1565 735 omnia
1588 704 1753 738 consiliaque
1770 709 1813 729 re-

185 750 264 785 ferre,
293 760 424 790 susceptae
448 758 509 784 vitae
523 758 644 786 rationes
660 759 816 791 hortantur,
841 765 923 795 atque
944 760 1002 788 haec
1018 760 1231 787 vanissimorum
1251 763 1278 786 et
1298 757 1531 794 ineptissimorum
1548 753 1689 781 hominum
1711 750 1813 786 judicia

184 802 368 833 contemnere,
386 808 436 828 cur
447 801 593 837 Epiphanii
611 804 859 839 interpretationem
876 813 986 833 vererer
1003 806 1155 840 attingere,
1174 812 1258 832 causa
1278 804 1305 830 in
1316 802 1413 839 primis
1435 802 1486 829 ista
1501 800 1571 828 fuit:
1584 798 1657 834 quod
1673 805 1735 825 cum
1753 796 1812 840 len:

184 847 241 869 tum
255 851 287 871 ac
300 844 459 874 diuturnum
480 847 538 875 fore
551 850 688 884 negotium
704 850 770 877 illud
785 851 1030 878 animadverterem
1041 871 1047 881 ,
1067 839 1235 878 tantumdem
1253 848 1489 885 praestantioribus
1504 846 1603 874 studiis
1615 845 1765 872 detractum
1780 839 1812 868 irl

185 889 313 922 temporis
328 898 479 925 cernerent,
494 899 626 929 quantum
644 896 672 923 in
687 904 747 923 eam
764 897 971 931 occupationem
983 902 1055 925 esset
1076 898 1255 932 insumptum.
1272 895 1425 924 Accedebat
1439 894 1473 921 ad
1489 900 1662 922 communem
1681 891 1813 924 interpre-

184 935 258 961 tandi
275 937 427 965 molestiam
443 941 579 975 pracipua
593 942 716 977 quaedam
732 944 759 970 in
770 943 816 970 illo
831 944 963 979 scriptore
976 944 1118 971 diﬂicultas
1132 953 1138 971 :
1151 943 1224 978 quod
1237 943 1374 977 incompta
1387 946 1414 969 et
1426 941 1563 969 salebrosa
1578 945 1619 967 est
1628 938 1702 965 illius
1713 937 1810 967 oratio,

183 986 210 1008 et
232 982 258 1009 in
285 992 339 1018 qua
365 985 586 1023 frequentissime
614 995 761 1018 occurrunt
776 992 840 1024 illa,
857 999 917 1026 quae
933 991 946 1019 (

1049 991 1206 1023 ιναπόδοτα,
1229 995 1255 1018 et
1278 989 1445 1017 ἀνακόλουθα
1460 987 1603 1016 nominant
1621 995 1627 1013 :
1644 985 1768 1021 pedestre
1780 991 1812 1010 ac

183 1029 313 1062 Populare
339 1031 447 1060 dicendi
468 1041 563 1068 genus.
594 1035 671 1068 Quod
688 1037 744 1064 sive
768 1038 828 1073 pari
850 1039 985 1066 sermonis
1008 1038 1182 1073 simplicitate
1204 1037 1336 1071 consequi
1359 1034 1492 1067 volueris,
1509 1033 1669 1068 subagreste
1680 1030 1810 1066 quiddam

183 1075 296 1102 exsistet
312 1083 344 1104 ae
360 1078 482 1112 putidum
499 1089 505 1106 :
522 1081 676 1115 cujusmodi
691 1087 755 1109 sunt
766 1082 861 1110 Latina
876 1082 931 1110 fere
943 1084 1067 1111 Cornarii
1078 1104 1086 1116 ,
1100 1082 1179 1118 cujus
1194 1090 1244 1110 nos
1257 1082 1352 1116 utique
1363 1080 1468 1109 similes
1482 1086 1544 1107 esse
1558 1078 1688 1105 nolimus.
1705 1076 1752 1103 Sin
1764 1083 1810 1101 or-

184 1126 276 1149 natum
300 1128 382 1158 atque
406 1126 510 1153 cultum
537 1128 678 1161 adhibeas,
697 1130 724 1156 id
747 1131 807 1158 sine
824 1139 921 1165 magna
943 1132 1142 1159 sententiarum
1160 1131 1374 1158 commutatione
1395 1129 1520 1156 obtinere
1540 1127 1584 1155 vix
1606 1127 1706 1161 possis.
1720 1125 1810 1152 Altera

185 1173 267 1193 causa
283 1172 325 1195 est
343 1170 414 1204 quod
429 1170 511 1198 iidem
527 1172 564 1199 illi
580 1172 723 1208 Epiplianii
738 1175 800 1202 libri
813 1176 919 1204 mendis
933 1184 966 1204 ac
981 1177 1097 1204 maculis
1113 1181 1218 1203 scatent
1232 1175 1382 1203 innumeris
1399 1184 1405 1202 :
1418 1182 1479 1210 quae
1493 1182 1547 1201 non
1566 1173 1646 1201 modo
1661 1172 1811 1207 infringunt

184 1211 339 1246 interpretis
356 1219 495 1249 conatum,
514 1217 561 1244 sed
575 1219 608 1245 ad
629 1219 811 1248 divinationes
827 1229 859 1249 ac
875 1222 1035 1249 temerarias
1057 1221 1194 1248 interdum
1208 1221 1382 1256 conjecturas
1398 1221 1512 1255 adigunt
1527 1220 1610 1246 :dum
1627 1226 1662 1245 ne
1677 1225 1810 1252 suspensa

183 1264 215 1283 ac
233 1258 327 1285 mutila
344 1262 477 1289 sententia
493 1263 673 1298 relinquatur,
704 1267 830 1301 supplere
846 1267 930 1294 multa
946 1267 980 1295 de
993 1275 1053 1300 suo,
1072 1272 1119 1295 aut
1131 1267 1209 1295 aliter
1228 1272 1310 1302 atque
1328 1267 1399 1294 edita
1413 1270 1493 1299 sunt,
1508 1265 1681 1293 conformare
1691 1264 1808 1299 cogitur.

183 1303 211 1329 ln
229 1311 283 1338 quo
298 1309 326 1332 ut
341 1311 490 1338 acute,non
503 1316 589 1344 pauca
604 1315 631 1338 et
646 1311 760 1339 solerter
771 1311 901 1344 inveniat,
921 1312 1028 1340 aberret
1044 1317 1134 1339 tamen
1150 1313 1300 1345 interdum,
1313 1319 1397 1346 seque
1414 1310 1652 1339 criminationibus
1670 1310 1785 1337 istorum
1798 1329 1806 1340 ,

182 1356 251 1383 quos
267 1350 340 1384 dixi,
358 1357 385 1379 et
400 1353 546 1382 calumniis
570 1357 691 1391 objiciat.
708 1357 777 1385 Vicit
789 1358 968 1386 nihilominus
982 1359 1102 1393 privatas
1118 1360 1237 1386 rationes
1248 1359 1318 1386 bene
1331 1358 1364 1385 de
1379 1362 1406 1385 te
1418 1378 1425 1390 ,
1441 1357 1575 1385 catholice
1595 1355 1708 1388 Lector,
1724 1355 1810 1389 deque

182 1395 308 1425 Ecclesia:
326 1405 412 1426 causa
438 1403 560 1430 merendi
576 1404 707 1431 studium.
736 1404 902 1438 Vicitnovaa,
917 1405 1080 1441 jampridem
1095 1414 1110 1433 a
1128 1414 1172 1434 me
1189 1406 1253 1434 data
1273 1405 1340 1433 fides
1357 1405 1497 1438 editionis,
1514 1411 1546 1431 ac
1558 1403 1688 1439 promissi
1703 1402 1808 1438 religio.

182 1443 249 1471 Nam
266 1449 293 1472 et
309 1451 354 1473 tua
369 1451 450 1482 atque
465 1448 591 1477 Ecclesiae
613 1451 767 1478 communis
787 1451 935 1483 intererat,
959 1459 1028 1486 opus
1050 1452 1115 1479 illud
1125 1472 1132 1485 ,
1146 1452 1218 1487 quod
1233 1451 1267 1479 ad
1283 1451 1426 1479 diluendas
1440 1450 1557 1477 htereses
1578 1457 1593 1476 a
1608 1448 1768 1484 gravissimo
1783 1453 1809 1475 et

183 1491 355 1518 sanctissimo
371 1492 451 1521 Patre
461 1493 562 1523 Graecis
586 1500 628 1523 est
640 1497 743 1523 editum
755 1516 762 1528 ,
781 1497 932 1531 quemlibet
947 1499 1038 1533 potius
1055 1498 1233 1533 interpretem
1247 1498 1348 1525 habere
1369 1504 1452 1532 quam
1469 1495 1626 1523 haereticum
1644 1503 1650 1521 :
1667 1499 1691 1521 ct
1711 1495 1744 1521 ad
1761 1503 1803 1521 re-

182 1536 267 1564 centis
282 1537 409 1565 editionis
424 1539 599 1573 splendorem
618 1541 759 1573 attinebat,
775 1543 946 1570 commodius
959 1542 1099 1577 aliquanto
1111 1561 1119 1574 ,
1140 1542 1232 1569 minus
1246 1546 1319 1569 certe
1328 1541 1445 1568 barbare
1459 1544 1486 1568 et
1497 1539 1641 1574 iniquitate
1653 1538 1808 1574 loquentem

182 1581 374 1618 Epiphaniam,
393 1584 499 1614 Latinis
513 1587 626 1615 auribus
640 1596 694 1615 non
710 1593 838 1623 suspecto
852 1589 886 1616 ab
906 1594 1018 1617 auctore
1030 1589 1175 1617 committi.

218 1629 306 1658 Habes
317 1639 377 1666 qua:
392 1632 459 1659 mihi
479 1640 569 1661 causa;
582 1633 719 1661 tarditatis
734 1633 836 1660 fuerint
851 1642 857 1660 :
876 1641 1013 1668 cognosce
1030 1641 1103 1661 nunc
1119 1639 1227 1661 caetera.
1245 1632 1428 1668 Epiphanium
1444 1633 1492 1660 tibi
1514 1632 1613 1659 damus
1634 1631 1739 1666 integra
1754 1638 1806 1665 pr--

182 1683 256 1702 mum
269 1676 321 1704 [ide
333 1684 365 1704 ex
380 1678 494 1705 vetustis
509 1678 659 1711 codicibus,
680 1679 769 1714 quoad
783 1679 870 1711 licuit,
884 1680 1045 1714 castigatum
1064 1687 1096 1707 ac
1110 1679 1287 1707 recensitum.
1300 1678 1405 1706 Horum
1425 1679 1552 1713 princeps
1572 1676 1720 1704 Vaticanus
1735 1676 1787 1704 fuit
1800 1686 1805 1703 :

182 1722 260 1757 cujus
284 1722 406 1751 diversas
424 1724 556 1753 lectiones
572 1725 667 1753 Romae
682 1726 747 1753 olim
768 1734 784 1753 a
807 1734 835 1753 se
850 1726 979 1754 collectas
996 1726 1030 1755 R.
1049 1725 1081 1753 P.
1099 1726 1223 1754 Andreas
1238 1726 1385 1758 Schottus,
1404 1725 1462 1761 pari
1480 1725 1522 1752 vir
1538 1724 1708 1751 humanitate
1726 1727 1807 1757 atquc

181 1769 334 1797 eruditione
351 1770 478 1804 praeditus
504 1771 537 1798 ad
562 1779 606 1798 me
624 1777 720 1806 sponte
734 1773 819 1800 misit.
842 1773 880 1800 Ex
893 1780 948 1807 quo
967 1773 1102 1808 permulta
1117 1778 1182 1800 sunt
1199 1780 1215 1800 a
1228 1773 1308 1800 nobis
1319 1777 1471 1808 opportune
1483 1771 1618 1799 restituta.
1639 1770 1762 1798 Accessit
1775 1778 1806 1797 ex

183 1814 345 1842 bibliotheca
359 1816 432 1850 regis
451 1815 681 1845 Christianissimi
696 1818 875 1853 depromptus
896 1819 965 1846 alter
976 1838 983 1851 ,
998 1826 1054 1853 quo
1070 1826 1132 1845 cum
1150 1818 1335 1846 Basileensem
1351 1818 1402 1852 ipsi
1414 1817 1592 1845 contulimus.
1608 1815 1646 1842 Ex
1665 1816 1806 1842 amborum

183 1860 350 1894 auctoritate,
373 1862 397 1889 si
425 1862 490 1897 quid
508 1863 535 1890 in
565 1868 694 1890 contextu
716 1864 775 1898 ipso
790 1869 924 1892 mutatum
947 1865 1077 1900 reperies,
1090 1865 1160 1892 scito
1174 1872 1235 1892 esse
1247 1864 1409 1900 profectum.
1427 1862 1561 1898 Reliqua,
1576 1870 1636 1897 quae
1655 1870 1688 1889 ex
1704 1861 1806 1896 judicio

181 1907 326 1934 emendare
348 1906 426 1935 facile
438 1908 586 1942 potuimus,
601 1913 661 1937 utut
674 1915 751 1937 erant
765 1910 791 1937 in
807 1910 965 1942 Basileensi,
982 1911 1144 1946 reliquimus
1159 1920 1165 1938 :
1183 1916 1265 1945 atque
1284 1911 1317 1938 ad
1330 1918 1407 1937 oram
1422 1910 1478 1938 fere
1492 1909 1651 1944 paginarum
1669 1907 1804 1942 conjectu-

182 1959 239 1978 ram
259 1957 378 1980 nostram
395 1952 583 1988 ascripsimus,
602 1955 727 1990 quaedam
743 1955 770 1983 in
793 1956 1045 1984 animadversiones
1067 1957 1244 1991 conjecimus.
1264 1956 1329 1983 Nam
1343 1961 1370 1983 et
1388 1955 1671 1983 animadversionibus
1682 1953 1783 1981 nostris
1795 1974 1803 1985 ,

184 1998 235 2025 hoc
253 2003 294 2026 est
307 1999 476 2034 plenioribus
504 2001 578 2028 notis
595 2009 626 2028 ac
642 2009 726 2036 prope
740 2003 957 2035 commentariis,
975 2002 1158 2038 Epiphanium
1174 2003 1349 2030 illustriorem
1366 2002 1545 2029 reddidimus.
1564 2000 1593 2028 ln
1604 2000 1705 2035 quibus
1717 2007 1805 2034 quan-

183 2051 240 2072 tum
260 2054 275 2072 a
289 2054 331 2074 me
350 2047 385 2074 sit
400 2047 580 2080 elaboratum,
601 2054 733 2083 quantum
747 2057 780 2076 ex
801 2049 960 2078 melioribus
976 2050 1128 2078 derivatum
1141 2049 1251 2082 studiis,
1270 2057 1304 2076 ex
1322 2057 1350 2076 re
1364 2048 1423 2083 ipsa
1441 2047 1549 2075 facilius
1563 2054 1646 2082 quam
1665 2053 1724 2073 mea
1742 2053 1805 2072 ora-

182 2092 256 2118 tione
280 2093 439 2127 perspicies.
464 2093 532 2121 lllud
554 2094 664 2128 quidem
691 2095 887 2129 providendum
902 2096 1041 2129 duximus,
1065 2102 1095 2123 ut
1117 2104 1150 2123 ne
1164 2096 1247 2123 aridae
1259 2103 1291 2123 ac
1305 2095 1407 2130 jejuna
1416 2095 1499 2122 nimis
1511 2099 1614 2124 essent,
1629 2096 1656 2119 et
1667 2091 1805 2118 variarunt

182 2135 327 2164 lectionum
343 2139 427 2166 exiles
440 2140 564 2174 quaedam
579 2144 668 2166 none:
684 2140 730 2167 scd
749 2140 853 2175 siquod
874 2141 986 2168 uberius
1000 2141 1071 2176 apud
1084 2140 1265 2175 Epiphaniuiu
1277 2144 1350 2168 esset
1369 2143 1580 2175 argumentum;
1593 2137 1617 2164 si
1634 2144 1688 2171 qua
1705 2135 1804 2171 paulu-

183 2181 238 2219 lum
254 2182 369 2217 insignis
383 2185 511 2218 quatstio,
529 2184 608 2219 cujus
622 2185 767 2212 difﬁcultas
781 2193 844 2213 cum
861 2185 977 2213 utilitate
991 2189 1122 2218 certaret,
1141 2193 1173 2212 ea
1191 2193 1242 2212 nos
1263 2192 1311 2219 pro
1327 2187 1377 2211 usu
1393 2187 1527 2218 captuquc
1539 2187 1632 2208 nostro
1646 2181 1758 2208 liberius
1772 2188 1803 2207 ac

182 2229 307 2258 diﬂ‘usius
323 2232 508 2259 tractavimus.
519 2231 579 2265 Quo
596 2233 622 2258 in
638 2239 736 2267 genere
753 2234 839 2260 multa
852 2232 907 2260 illic
919 2234 1002 2261 habes
1017 2233 1050 2261 de
1060 2232 1164 2260 Natalis
1176 2233 1278 2261 Christi
1293 2237 1320 2260 et
1339 2231 1476 2259 Passionis
1492 2238 1564 2257 anno
1578 2237 1610 2256 ac
1627 2229 1670 2256 die
1686 2237 1693 2254 :
1706 2229 1737 2255 de
1751 2227 1804 2254 Pa-

183 2276 267 2304 schali
280 2285 383 2309 mense,
396 2278 429 2305 de
438 2277 593 2305 Judaeorum
605 2278 692 2313 cyclo,
710 2279 742 2306 de
755 2279 867 2314 antiquo
882 2280 1047 2314 pceuitentim
1068 2279 1132 2313 ritu,
1144 2279 1177 2306 de
1189 2278 1332 2306 Sirmiensi
1343 2282 1371 2304 et
1383 2277 1529 2311 Ancyrano
1543 2274 1678 2306 conciliis,
1690 2274 1723 2301 dc
1735 2282 1802 2301 non—

183 2323 264 2351 nullis
284 2324 382 2351 veteris
400 2324 527 2351 Ecclesize
542 2325 673 2357 moribus,
689 2324 723 2352 de
742 2324 926 2353 Romanorum
940 2326 1063 2360 imperat.
1075 2325 1252 2360 chronologia
1262 2345 1268 2357 ,
1282 2324 1309 2351 c't
1324 2324 1349 2350 id
1365 2331 1449 2357 genus
1462 2321 1522 2348 aliis
1536 2320 1678 2356 explicata.
1693 2320 1759 2354 Quae
1779 2324 1802 2350 9i

183 2369 305 2403 longiora
321 2369 493 2402 videbuntur,
516 2370 578 2397 licet
592 2370 821 2404 disputationibus
831 2372 896 2399 iisce
912 2372 1064 2406 praeteritis,
1079 2379 1195 2406 quarum
1210 2371 1312 2397 idcirco
1327 2370 1433 2397 titulum
1447 2368 1606 2403 paginarum
1621 2368 1705 2395 initiis
1717 2369 1801 2395 ascri-

183 2416 297 2448 psimus,
321 2424 353 2443 ea
374 2417 500 2452 deligere,
518 2424 579 2452 qua:
608 2417 641 2445 ad
668 2417 849 2452 Epiphanium
878 2418 938 2446 sine
961 2417 1110 2446 offensione
1131 2417 1342 2453 percurrendum
1360 2416 1515 2443 necessario
1531 2415 1711 2450 pmcipienda
1727 2421 1800 2446 sunt.

182 2462 342 2497 Quanquam
357 2464 490 2498 ejusmodi
504 2464 561 2492 fere
573 2462 618 2491 illa
636 2472 697 2492 esse
712 2472 870 2500 cognosces,
888 2470 918 2492 ut
931 2473 1128 2500 supervacanea
1142 2470 1190 2492 aut
1208 2464 1297 2491 alieno
1314 2463 1402 2498 posita
1420 2463 1480 2489 loco
1499 2461 1585 2489 videri
1603 2466 1747 2496 nequeant.
1763 2461 1800 2489 Ita

183 2509 344 2544 plerumque
355 2504 511 2544 perplexum
525 2515 608 2545 atque
621 2518 721 2545 anceps
731 2516 782 2543 est,
796 2511 868 2546 quod
879 2511 913 2538 ab
937 2511 1088 2546 Epiphanio
1103 2511 1272 2546 proponitur,
1288 2513 1489 2545 argumentum,
1507 2512 1536 2534 ut
1550 2507 1583 2534 ad
1597 2507 1799 2543 intelligentiam

184 2555 224 2582 sui
240 2555 380 2590 aliquanto
395 2557 476 2584 etiam
494 2557 570 2591 plura
587 2565 670 2592 quam
685 2565 699 2584 a
718 2557 796 2585 nobis
807 2561 872 2585 sunt
885 2559 965 2586 allata
984 2559 1129 2586 desideret.

219 2601 286 2628 lllud
301 2608 365 2629 vero
379 2606 517 2636 postremo
533 2605 566 2630 ad
579 2601 720 2637 Epiphanii
736 2603 923 2631 tractationem
938 2604 1112 2631 commodum
1129 2601 1260 2633 accessit.
1273 2605 1314 2633 ut,
1329 2601 1458 2636 quoniam
1481 2600 1617 2635 longiores
1631 2599 1798 2634 singularum

185 2648 317 2674 luerosum
334 2647 532 2682 disputationes
546 2654 619 2681 sunt,
629 2657 661 2676 ac
677 2654 805 2684 perpetuo
822 2656 903 2676 cursu
922 2649 1064 2680 orationis,
1095 2649 1154 2676 sine
1179 2648 1233 2674 ulla
1258 2647 1476 2681 interspiratione
1490 2654 1522 2673 ac
1543 2645 1717 2674 distinctione
1734 2652 1798 2671 con—

185 2698 275 2726 texta,
288 2699 376 2721 certas
393 2693 420 2720 in
431 2698 532 2728 partes,
545 2703 576 2722 ac
588 2695 669 2722 veluti
687 2695 774 2729 capita
792 2695 916 2721 haeresim
930 2702 1151 2730 unamquamque
1166 2694 1345 2720 tribueremus
1361 2702 1368 2720 :
1384 2694 1483 2728 quibus
1499 2693 1651 2720 numerales
1671 2692 1704 2719 ad
1721 2699 1797 2718 oram

185 2744 264 2767 notas
288 2739 473 2774 apposuimus.
500 2740 565 2774 Quae
585 2749 628 2768 res
645 2748 698 2768 non
722 2741 867 2775 legentium
882 2741 969 2768 solum
987 2741 1124 2769 fastidium
1140 2740 1300 2773 sublevabit,
1315 2739 1362 2767 sed
1377 2740 1411 2766 ad
1426 2740 1534 2766 citanda
1547 2739 1701 2767 testimonia
1717 2745 1795 2765 cum-

186 2785 281 2819 primis
296 2786 347 2812 erit
370 2785 504 2819 expedita.
522 2784 590 2812 Nam
607 2786 712 2820 quoties
725 2793 758 2813 ex
778 2785 869 2820 aliqua
883 2785 1025 2821 Epiphanii
1039 2785 1142 2813 litercsi
1159 2787 1307 2813 auctoritas
1317 2785 1493 2820 producitur,
1507 2785 1529 2812 si
1548 2785 1619 2811 illam
1629 2805 1635 2817 ,
1651 2785 1689 2810 uti
1701 2783 1740 2816 lit,
1752 2791 1796 2809 re-

187 2839 352 2863 cognoscere
363 2833 494 2865 volucris,
509 2837 565 2862 tota
581 2832 639 2865 tibi,
655 2841 715 2868 qua:
728 2840 923 2867 nonnunquam
939 2838 981 2861 cst
997 2834 1139 2865 immensa,
1156 2832 1334 2868 pervolvcnda
1352 2831 1500 2866 disputatio
1516 2836 1566 2858 est.
1582 2830 1659 2858 Nunc
1672 2835 1796 2858 notarum
