1934 3029
185 114 218 142 21
798 113 1013 142 ΤΕΞΤΙΜῦΝΙΔ
1029 111 1206 140 VETERUM.
1768 110 1805 137 ‘22

735 168 777 196 Ea:
794 169 961 197 Bibliotheca
974 168 1074 200 Photii,
1091 168 1151 195 cod.
1174 175 1264 194 cxxrv.

224 223 393 260 Ἀνεγνώσθη
405 224 566 259 Ἐπιφανῐου
580 224 628 251 τοῦ
652 225 802 258 ἁγιωτάτου
823 225 973 252 ἐπισκόπου

1060 223 1141 251 Lecta
1156 227 1220 250 sunt
1235 221 1399 250 sanctissimi
1414 221 1555 256 Epiphanii
1583 220 1702 249 Panan’a
1717 222 1807 249 tribus

186 269 223 295 τὰ
243 268 375 302 Πανάρια
389 269 417 295 έν
433 268 539 303 τεύχεσι
554 269 603 304 μὲν
625 269 708 304 τρισὶ,
732 269 825 304 τόμοις
848 270 876 296 δὲ
893 270 972 301 ἑπτὰ,

189 313 260 340 κατὰ
272 314 406 349 αἱρέσεων
420 314 448 340 δὲ
461 315 633 350 ὀγδοήκοντα.
651 316 781 350 Ἀρχεται
795 315 843 350 μὲν
858 316 910 342 ἀπὸ
926 315 972 342 τοῦ

190 359 397 395 Βαρσαρισμοῢ,
418 360 522 387 κάτεισι
538 360 566 387 δὲ
592 360 670 396 μέχρι
692 360 746 387 τῶν
768 361 972 388 Μεσσαλιανῶν.

190 404 301 430 Πάντων
315 403 342 430 δὲ
355 404 410 430 τῶν
420 404 473 440 πρὸ
486 405 567 432 αὑτοῦ
580 405 651 432 κατὰ
663 405 793 441 αἱρέσεων
808 405 975 441 καταϐεϐλη-

191 450 277 481 κότων
293 450 391 482 πόνους
407 450 574 486 πλατύτερός
589 459 619 477 τε
635 451 682 478 καὶ
692 451 912 487 χρησιμώτερος’
933 452 974 478 ὅτι

192 495 263 531 ἆπερ
276 504 306 521 τε
320 495 434 527 ἐκείνοις
448 495 551 532 ὲῤῥήθη
575 496 605 522 τὸ
618 497 751 532 χρήσιμον
766 496 871 531 ἔχοντα,
898 494 974 528 οὗτος

191 540 222 566 οὺ
248 540 440 575 παραλέλοιπε,
462 541 509 567 καὶ
526 541 553 567 εἴ
579 550 606 567 τι
635 541 826 577 προσεξευρεῖν
843 541 973 577 ἠδυνήθη,

191 585 353 620 προσέθηκε.
367 585 421 621 Τὴν
433 585 461 612 δὲ
476 586 575 622 φράσιν
589 586 717 617 ταπεινός
731 595 760 612 τε
784 587 830 613 καὶ
848 584 891 613 οἷα
902 586 974 618 είκὺς

193 630 316 665 Ἀττικῆς
329 630 453 662 παιδείας
467 631 641 667 ἀμελέτητος.
668 632 796 666 Ἀσθενὴς
818 632 846 658 δὲ
872 632 904 658 ὲκ
926 635 973 658 τοῦ

191 676 238 702 ἐπὶ
255 675 378 703 πλεῖστον
390 676 418 703 ἐν
434 678 494 708 ταῖς
510 677 580 704 κατὰ
608 678 662 705 τῶν
683 677 818 704 δυσσεὸῶν
844 678 974 712 αἱρέσεως

191 721 370 756 συμπλοκαῖς.
385 722 511 758 Ἐνιαχοῦ
526 723 617 758 μέντοι
632 723 770 758 ἀριστεύει
797 724 857 754 ταῖς
883 722 975 748 ἐπιϐο-

193 766 261 799 λαῖς,
278 768 302 794 ει
317 768 364 794 καὶ
376 768 430 795 τῶν
446 769 576 804 ῥημάτων
596 768 680 805 αὐτῷ,
695 769 742 796 καὶ
753 767 802 803 τῆς
824 767 975 801 συντάξεως

191 811 267 839 οῦδὲν
283 813 312 839 τὸ
326 814 422 849 ἰδίωμα
433 814 651 849 συμὸελτιοῦται.

1026 268 1222 303 comprehensa
1240 266 1433 299 voluminibus,
1449 267 1531 294 tomis
1548 272 1660 301 septem,
1676 267 1806 294 adversus

1025 314 1143 341 haereses
1153 321 1235 340 Lux.
1251 312 1360 339 initium
1381 311 1459 339 diuit
1481 319 1497 338 a
1511 311 1695 345 Barbarismo,
1716 317 1743 339 et
1773 313 1806 339 ad

1026 359 1204 387 Messalianos
1218 365 1304 393 usque
1317 357 1451 392 pervenit.
1464 357 1513 385 Hic
1527 357 1666 389 omnibus,
1683 357 1728 392 qui
1745 362 1808 384 ante

1027 405 1115 440 ipsum
1142 404 1271 432 adversus
1291 404 1409 431 haereses
1424 403 1626 430 lucubrationes
1654 403 1806 434 ediderunt.

1027 450 1136 478 uberior
1152 455 1233 485 atque
1253 449 1346 477 utilior
1363 454 1413 477 est.
1429 449 1497 476 Nam
1516 457 1567 477 nec
1582 457 1613 476 ea
1624 450 1806 484 pretermisit,

1027 502 1195 529 quaecunque
1209 495 1243 522 ab
1257 494 1318 522 aliis
1330 494 1438 529 prodita
1452 494 1579 521 utilitatis
1604 494 1706 529 aliquid
1722 495 1808 521 conti-

1027 544 1093 567 nent
1112 549 1119 567 :
1137 543 1164 567 et
1178 540 1235 575 ipse
1250 548 1311 575 qua:
1324 540 1412 575 potuit
1433 547 1448 567 a
1463 547 1493 567 se
1506 539 1658 575 excogitata
1671 539 1724 567 illis
1734 540 1809 567 addi-

1027 584 1075 611 dit.
1090 584 1181 612 Genus
1196 585 1302 612 dicendi
1318 584 1432 616 humile,
1449 589 1477 612 et
1496 584 1649 619 cujusmodi
1669 584 1729 618 ejus
1748 591 1812 612 esse

1027 634 1125 664 potest,
1139 629 1186 664 qui
1201 630 1296 657 Attica
1310 629 1441 657 doctrina:
1455 630 1531 657 rudis
1543 630 1686 657 exstiterit.
1704 629 1757 657 Sed
1782 635 1808 657 et

1028 675 1055 701 in
1070 674 1243 703 confutandis
1273 675 1422 703 haeresihus
1449 676 1609 711 plerumque
1632 684 1730 703 nervos
1754 683 1810 703 non

1028 718 1119 746 habet.
1135 718 1297 754 Quanquam
1324 719 1460 747 interdum
1489 721 1720 755 prastantissimis
1749 721 1808 748 illas

1028 765 1178 793 rationibus
1203 772 1236 792 ac
1250 765 1391 793 sententiis
1404 765 1557 800 aggreditur
1572 773 1579 791 :
1599 765 1650 793 etsi
1665 765 1748 792 nihilo
1767 765 1808 792 di-

1028 811 1082 837 ctio
1096 810 1132 838 sit
1150 815 1231 846 atque
1243 811 1375 839 orationis
1392 816 1540 844 structura,
1570 816 1618 839 aut
1640 813 1726 847 stylus
1751 813 1808 847 ipse

1028 856 1205 883 commodior.

227 901 396 938 Ἀνεγνὼσθη
406 902 453 930 τοῦ
467 903 548 930 αὐτοῦ
562 905 575 930 ὁ
594 903 779 939 Ἀγκυρωτὸς,
795 903 904 938 σύνοψις
917 903 971 930 ὥσ-

1059 900 1186 936 Legimus
1201 905 1228 928 et
1242 901 1363 936 ejusdem
1380 902 1554 936 Ancoratum,
1574 910 1635 937 quae
1648 907 1690 930 est
1702 910 1807 930 summa

193 956 246 983 περ
258 948 311 975 τῶν
324 949 479 983 Παναρίων
493 949 661 985 ὑπάρχουσα.

199 1070 247 1095 Ἐκ
259 1068 312 1096 τοῦ
327 1070 532 1104 Μηνολοτίου,
545 1070 642 1104 μηνὸς
662 1070 768 1097 Μαΐου.
784 1085 819 1090 —-
840 1069 882 1101 Τῷ
897 1067 977 1100 αὐτῷ

227 1105 276 1136 ιβ’.
295 1103 350 1130 Τοῦ
373 1105 408 1130 ἐν
434 1103 528 1138 ἁγίοις
546 1103 664 1138 Πατρός
694 1104 777 1138 ἡμῶν
804 1103 976 1138 Ἑπιφανίου

227 1139 463 1173 ἀρχιεπισκόπου
479 1140 687 1172 Κωνσταντίας
703 1140 834 1173 Κύπρου.

526 1186 644 1220 Στίχος.

262 1228 370 1264 Φακεὶς
388 1228 559 1264 Ἐπιφάνιος
568 1230 603 1256 ἐν
618 1230 725 1263 Κύπρῳ
735 1229 839 1264 μέγας,

263 1263 356 1299 meo;
369 1264 436 1299 παρῘ
451 1263 527 1298 αὺτῇ
542 1264 590 1290 καί
605 1263 704 1292 θανὼν
718 1263 782 1298 ἔχει
792 1264 879 1299 μέγα.

266 1298 305 1332 Τῇ
316 1297 529 1332 δυοκαίδεκάτῃ
547 1298 723 1333 Ἐπιφάνιον
735 1297 934 1333 μόρὸςεῖλεν.

229 1340 313 1375 Οὗτος
332 1343 443 1378 ὁ-μέγας
465 1344 512 1370 καὶ
538 1343 693 1380 θαυμαστὸς
709 1344 866 1378 Ἐπιφάνιος
884 1344 976 1380 χώρας

193 1389 288 1424 γέγονε
312 1390 448 1425 Φοινίκης,
480 1390 513 1416 ἐκ
529 1390 693 1426 περιοικίδος
717 1391 974 1426 Ἐλευθεροπύλεως,

194 1435 294 1468 γονέων
307 1435 476 1471 αὐτουργῶν.
495 1436 615 1470 Τραφεὶς
631 1435 660 1462 δὲ
674 1437 702 1462 ὲν
725 1436 798 1472 οἰκίᾳ
815 1437 908 1472 μικρᾷ,
929 1437 976 1463 καὶ⁵

192 1480 252 1509 οἷαν
271 1481 356 1516 ἔχοιεν
373 1481 486 1516 πένητες
514 1481 668 1516 ἄνθρωποι,
688 1482 734 1508 καὶ
749 1482 871 1517 γηπόνοι,
896 1481 976 1513 αὐτὸς

192 1528 226 1561 τῇ
244 1527 314 1554 κατὰ
330 1527 396 1553 Θεὸν
417 1527 565 1562 διέλαμψεν
587 1527 682 1562 ἀρετῇ,
698 1527 744 1563 καὶ
759 1528 799 1558 εἰς
815 1527 844 1554 τὺ
860 1527 976 1563 ἀκρότα-

192 1581 238 1599 τον
254 1572 320 1607 ὕψος
331 1573 381 1606 τῆς
390 1573 450 1599 κατ’
465 1572 603 1599 εὐσέϐειαν
618 1573 742 1608 προήχθη
755 1573 899 1605 πολιτείας.
916 1573 975 1600 Τῶν

193 1619 247 1654 γὰρ
267 1619 368 1652 γονέων
383 1618 465 1645 αὐτοῦ
478 1620 510 1654 τῇ
525 1618 571 1645 τοῦ
587 1618 669 1654 νόμου
684 1619 916 1654 ὲναπομεινάντων
929 1619 977 1645 λα-

192 1664 271 1699 τρεία
283 1664 331 1691 καὶ
345 1664 418 1699 σκιᾷ,
433 1664 480 1690 καὶ
497 1663 532 1699 μὴ
543 1663 710 1699 δυνηθέντων
732 1664 794 1690 ἰδεῖν
815 1664 846 1690 τὺ
857 1664 915 1698 φῶς
927 1663 976 1699 τῆς

194 1710 312 1745 χάριτος,
326 1709 405 1741 αὐτὸς
416 1709 483 1745 πρὸς
493 1709 541 1745 τὴν
555 1711 583 1736 ὲν
591 1708 700 1745 Χριστῷ
710 1709 835 1745 ἀλήθειαν
848 1709 974 1745 ἔδραμεν,

194 1754 295 1789 μικρᾶς
318 1752 484 1789 δραξάμενος
507 1753 643 1789 ἀφορμῆς.
671 1754 800 1780 Κλεοδίου
826 1755 880 1789 γάρ
905 1762 975 1786 τινος

192 1799 340 1834 ιασαμένου
366 1799 448 1825 αὑτοῦ
463 1799 511 1835 τὴν
524 1799 640 1835 πληγὴν,
658 1799 691 1835 ἢν
714 1799 818 1835 ὑπέστη
834 1799 904 1826 κατὰ
927 1799 974 1827 τοῦ

193 1844 293 1880 μηροῦ,
311 1844 435 1876 ἀτάκτως
466 1845 594 1876 πεσόντος
619 1845 673 1871 ἀπὸ
697 1844 854 1878 ὑποζυγίου,
882 1843 912 1872 οὗ
925 1846 974 1872 ὲπ-

190 1891 298 1925 ωχεῖτο,
310 1891 587 1926 κατασκιρτήσαντος,
607 1891 654 1916 καὶ
667 1890 747 1917 αὑτοῦ
762 1891 794 1926 δὴ
806 1891 852 1917 τοῦ
873 1890 974 1923 ὑποζυ-

192 1936 253 1970 γίου
270 1936 479 1968 θανατωθέντος,
499 1937 559 1962 τότε
575 1937 625 1972 μὲν
639 1937 784 1971 ἀμφίδοξον
807 1938 835 1964 ὲν
857 1937 974 1972 διαλογι-

194 1983 271 2016 σμοῖς
283 1982 345 2017 ἔσχε
359 1983 409 2017 τὴν
420 1982 542 2018 γνώμην,
557 1982 602 2009 καὶ
611 1982 642 2009 τὸ
653 1982 744 2009 λοιπὸν
754 1983 785 2009 οὐ
799 1982 870 2009 πάνυ
883 1984 915 2018 τῇ
927 1982 974 2009 τοῦ

192 2027 275 2062 νόμου
290 2028 417 2063 προσεῖχε
430 2027 546 2062 δουλείᾳ,
565 2028 695 2063 Ὕστερον
717 2027 745 2053 δὲ
767 2027 906 2063 Λουκιανῷ
922 2036 976 2054 τινι

195 2071 336 2107 μονάζοντι
351 2072 478 2107 ἐντυχὼν,
487 2070 556 2099 οἶδεν
567 2072 647 2099 αὑτὸν
660 2072 756 2108 πένητι
769 2073 974 2108 ἐντυγχάνοντα,

192 2117 317 2152 ζητοῦντι
333 2117 407 2153 αὐτῷ
424 2118 525 2153 βρῶσιν
552 2119 648 2152 φαγεῖν
661 2126 667 2132 ·
689 2118 704 2144 ὁ
718 2117 746 2144 δὲ
768 2118 814 2144 καὶ
833 2117 975 2152 τριὸώνιον

192 2163 326 2195 ἀπέδωκε,
337 2164 384 2190 καὶ
400 2163 499 2190 αὐτίκα
517 2163 619 2190 ἄνωθεν
639 2163 733 2198 ἐκείνῳ
755 2163 834 2199 στολὴ
855 2163 895 2199 τῷ
908 2163 975 2189 Λου-

192 2208 276 2243 κιανῷ
287 2209 416 2236 ἐνεδύετο.
427 2209 481 2235 Καὶ
487 2208 572 2235 ταῦτα
587 2209 750 2244 θεασάμενος
760 2209 926 2243 Ἐπιφάνιος,
941 2210 974 2244 τῇ

192 2253 246 2281 τῶν
274 2255 441 2290 Χριστιανῶν
465 2255 554 2281 πίστει
580 2254 769 2290 προσέρχεται,
795 2255 842 2282 καὶ
855 2255 886 2281 τὺ
899 2254 975 2289 ἆγιον

193 2300 331 2336 βάπτισμα
353 2302 428 2337 παρὰ
444 2301 491 2327 τοῦ
516 2301 664 2328 ἐπισκόπου
673 2301 788 2336 δέχεται.
798 2301 838 2328 Τὰ
850 2301 878 2327 δὲ
889 2300 974 2327 ὲντεῦ-

192 2346 238 2373 θεν
251 2347 409 2381 δυσέφικτον
426 2348 454 2373 έν
469 2347 594 2382 ἐπιτόμῳ
607 2348 695 2374 πάντα
706 2347 871 2383 περιλαϐεῖν,
888 2347 906 2374 ἃ
920 2349 975 2383 είρ-

191 2393 303 2427 γάσατο.
322 2393 453 2419 Τοσοῦτον
469 2393 497 2419 δὲ
511 2393 597 2420 εἰπεῖν
617 2393 696 2428 μόνον
723 2394 798 2419 ἐστὶν
815 2394 971 2428 ἀναγκαῖον,

191 2439 231 2465 ὃτι
246 2438 342 2474 κομιδῆ
359 2438 419 2469 νέος
435 2438 472 2464 ὢν
486 2439 519 2474 τῇ
532 2438 635 2473 ἡλικίᾳ,
651 2439 700 2474 τὴν
716 2439 785 2466 κατὰ
799 2438 914 2474 Χριστὸν
927 2439 972 2465 πί-

192 2492 250 2510 στιν
266 2483 473 2518 ὑποδεξάμενος,
499 2483 577 2515 εὐθὺς
607 2484 726 2519 μονάσας
754 2484 844 2516 ὁσίως,
872 2484 973 2515 πάντας

191 2530 254 2562 τοὺς
266 2530 326 2556 κατ’
346 2529 425 2556 αὑτὸν
441 2530 611 2566 ὑπερήλασεν
635 2530 793 2565 ἐγκρατείᾳ,
820 2530 867 2556 κα)⁸
882 2530 973 2562 πόνοις

191 2576 359 2611 ἀσκητικοῑς·
375 2576 421 2602 καὶ
433 2577 472 2608 εἰς
484 2576 513 2602 τὺ
529 2576 629 2602 τέλειον
646 2576 696 2610 τῆς
710 2575 913 2612 ἀρχιερωσύνης
925 2584 972 2609 γε-

193 2622 314 2656 νόμενος,
325 2621 488 2657 κατάλληλον
495 2622 571 2657 ἔσχεν
583 2621 632 2657 τὴν
646 2621 744 2657 πρᾶξιν
756 2623 811 2653 τοῖς
825 2621 975 2657 προϐεϐιω-

194 2665 293 2701 μένοις.
316 2666 360 2693 Ἐν
377 2667 425 2701 μὲν
437 2666 491 2702 γὰρ
504 2669 559 2698 τοῖς
573 2667 749 2703 παρελθοῦσιν
757 2668 907 2703 ἀσκητικὴν
917 2667 975 2694 δια-

193 2711 295 2746 γωγὴν,
325 2711 413 2747 πλήθη
435 2712 591 2747 θαυμάτων,
617 2715 663 2740 καὶ
691 2714 837 2749 θεραπείαν
869 2713 974 2743 πολλῶν

194 2755 374 2784 ἀσθενούντων
388 2758 544 2793 εἰργάσατο.
572 2759 614 2785 Ἐν
628 2759 656 2786 ’δὲ
668 2761 722 2791 ἰοἷς
736 2759 804 2794 μετὰ
822 2760 871 2795 τὴν
895 2760 974 2795 ἱερω-

195 2797 287 2833 σύνην,
304 2800 372 2827 αὐτά
384 2809 412 2827 τε
428 2801 524 2833 ταῦτα,
543 2802 589 2831 καὶ
612 2803 784 2831 διδασκαλίαν
812 2803 910 2839 ὀρθὴν,
928 2805 975 2831 καὶ

1029 947 1151 981 quaedam
1165 947 1354 975 Panoriorum.

1027 1066 1070 1093 E1:
1085 1066 1234 1101 Menologr'o
1243 1065 1405 1094 Graecorum.
1416 1081 1450 1086 —
1459 1066 1559 1094 Eodem
1570 1076 1657 1095 mense
1671 1068 1754 1101 Maio,
1767 1069 1809 1096 die

1061 1109 1109 1139 x_u,
1124 1102 1211 1139 sancti
1230 1101 1321 1139 Βαιζὶδ
1336 1102 1420 1128 ηοειή
1451 1101 1595 1137 Epiphanii
1621 1104 1810 1139 archiepiscopi

1061 1135 1223 1164 Constantiw
1239 1137 1266 1163 in
1278 1136 1374 1172 Cypro.

1364 1181 1470 1209 Versus.

1061 1227 1224 1263 Epiphanius
1236 1228 1264 1254 in
1277 1227 1362 1262 Cypro
1376 1228 1464 1263 magni
1477 1229 1589 1256 nominis
1598 1229 1661 1256 dum
1670 1230 1774 1263 viveret,

1060 1262 1151 1290 Etiam
1166 1263 1229 1297 fatis
1247 1264 1351 1298 functus
1366 1262 1436 1298 apud
1457 1264 1540 1297 ipsum
1563 1272 1673 1296 magnus
1690 1262 1808 1293 habetur.

1060 1298 1111 1324 Die
1125 1297 1280 1324 duodecima
1292 1306 1361 1324 mors
1381 1297 1559 1333 Epiphanium
1578 1299 1649 1326 tulit.

1060 1343 1173 1378 Magnus
1183 1343 1234 1370 iste
1258 1347 1340 1378 atque
1349 1343 1517 1372 admirabilis
1528 1344 1695 1380 Epiphanius
1706 1354 1721 1374 e
1734 1346 1809 1374 Phin-

1024 1388 1096 1415 nicia
1113 1388 1257 1420 oriundus,
1271 1388 1297 1415 in
1312 1396 1378 1423 agro
1395 1388 1674 1424 Eleutheropolitano,
1691 1395 1809 1426 parenti-

1024 1434 1075 1462 bus
1095 1434 1270 1470 pauperibus,
1286 1440 1313 1461 et
1327 1435 1454 1462 manibus
1466 1435 1567 1462 victum
1593 1436 1645 1463 sibi
1663 1438 1809 1471 quaerenti-

1024 1480 1087 1512 bus,
1103 1480 1199 1507 humili
1212 1480 1238 1506 in
1255 1480 1346 1513 domo,
1360 1484 1388 1507 et
1396 1480 1550 1515 eujusmodi
1567 1489 1715 1515 pauperum
1729 1489 1810 1518 atque

1024 1525 1206 1561 agricolarum
1221 1533 1281 1554 esse
1298 1529 1397 1560 potest,
1413 1527 1562 1559 educatus;
1588 1527 1732 1562 splendore
1753 1530 1809 1564 ipse

1024 1571 1133 1599 virtutis
1144 1571 1252 1604 claruit,
1267 1576 1294 1598 ct
1310 1571 1342 1599 ad
1360 1579 1498 1599 summum
1524 1573 1575 1607 pia‘:
1602 1573 1736 1608 religiosa;
1748 1576 1809 1603 vita:

1025 1617 1163 1652 fastigium
1182 1621 1327 1653 provectus
1348 1622 1400 1645 est.
1429 1617 1497 1645 Nam
1517 1626 1578 1646 cum
1606 1619 1665 1653 ejus
1683 1626 1809 1655 parentes

1026 1663 1054 1690 in
1079 1662 1198 1691 Iudaica:
1213 1663 1288 1691 cnllu
1321 1663 1389 1699 legis
1415 1669 1497 1698 atque
1522 1665 1618 1692 umbra
1637 1673 1808 1700 perseveras-

988 1703 1009 1731 (ἶ
1025 1713 1095 1741 sent,
1107 1717 1195 1744 neque
1212 1709 1305 1744 gratia:
1315 1709 1402 1735 lucem
1417 1708 1539 1744 aspicere
1552 1711 1718 1744 potuissent,
1741 1711 1809 1746 ipse,

1025 1754 1190 1781 levissimam
1205 1754 1377 1781 occasionem
1394 1759 1503 1786 nactus,
1522 1754 1706 1783 Christianam
1720 1757 1752 1783 ad
1762 1765 1808 1783 ve-

1024 1799 1130 1826 ritatem
1144 1798 1274 1833 confugit.
1292 1798 1438 1834 Postquam
1452 1800 1525 1826 enim
1553 1800 1682 1828 Clcohius
1699 1802 1808 1836 quidam

1025 1843 1100 1870 illum
1115 1844 1176 1878 equi
1188 1844 1323 1875 indomiti,
1336 1852 1369 1871 ac
1384 1846 1554 1872 contumacis
1569 1846 1672 1874 insultu
1687 1853 1807 1882 prostra-

1024 1894 1093 1920 tum,
1113 1893 1139 1916 et
1151 1890 1177 1916 in
1191 1888 1293 1916 femore
1307 1889 1459 1917 sauciatum
1474 1891 1590 1922 curavit.
1616 1896 1698 1926 atque
1721 1901 1808 1927 equus

1024 1936 1082 1970 ipse
1101 1935 1258 1962 interfectus
1273 1940 1314 1962 est
1327 1945 1334 1962 :
1348 1935 1439 1962 statim
1458 1936 1567 1971 quidem
1580 1937 1655 1964 vario
1667 1938 1807 1973 cogitatio-

1025 1989 1090 2009 num
1100 1986 1166 2008 arstu
1182 1989 1259 2008 mens
1272 1980 1345 2009 illius
1361 1982 1457 2016 agitari
1473 1983 1556 2017 coepit
1567 1990 1574 2008 :
1587 1983 1624 2010 ita
1637 1987 1667 2010 ut
1681 1984 1808 2019 deinceps

1024 2035 1087 2063 erga
1098 2027 1164 2062 legis
1180 2027 1337 2055 servitutem
1347 2035 1402 2055 non
1414 2027 1481 2054 adeo
1491 2029 1696 2056 essetedoctus.
1711 2029 1807 2057 Postea

1024 2080 1089 2101 vero
1108 2073 1135 2100 in
1148 2072 1298 2100 Lucianum
1323 2074 1467 2108 quemdam
1482 2074 1646 2101 monachum
1674 2075 1807 2108 incidens,

1024 2126 1087 2146 cum
1113 2126 1175 2146 eum
1189 2119 1302 2146 vidisset
1316 2127 1332 2146 a
1355 2120 1479 2147 mendico
1491 2120 1587 2154 stipem
1611 2125 1743 2155 rogatum,
1761 2122 1807 2148 ubi

1024 2164 1135 2200 pallium
1149 2172 1228 2192 suum
1245 2164 1359 2199 largitus
1386 2170 1468 2197 esset,
1485 2169 1558 2193 veste
1583 2165 1616 2192 de
1641 2166 1711 2193 cmlo
1724 2167 1807 2195 missa

1024 2211 1149 2244 protinus
1164 2210 1300 2243 indutum,
1321 2210 1485 2238 Christiana:
1498 2211 1622 2245 religioni
1643 2219 1741 2239 nomen
1760 2213 1807 2240 de-

1025 2255 1075 2288 dit,
1102 2260 1183 2290 atque
1207 2255 1241 2282 ab
1265 2256 1392 2290 episcopo
1412 2255 1566 2290 baptizatus
1587 2261 1638 2283 est.
1664 2256 1730 2289 Quae
1744 2266 1807 2285 vero

1024 2305 1117 2335 postea
1131 2301 1255 2335 gesserit,
1270 2301 1364 2335 paucis
1378 2300 1519 2336 complecti
1531 2302 1622 2328 omnia
1636 2302 1743 2330 ditlicile
1755 2308 1806 2330 est.

1026 2346 1115 2374 Unum
1128 2347 1204 2378 illud,
1220 2351 1247 2374 et
1259 2346 1368 2382 quidem
1381 2347 1577 2379 necessarium,
1592 2347 1726 2378 afﬁrmare
1741 2357 1806 2384 pos-

1026 2401 1121 2420 sumus
1141 2403 1147 2420 :
1164 2401 1225 2420 cum
1244 2393 1269 2422 is
1281 2397 1360 2420 aetate
1376 2393 1522 2420 admodum
1540 2398 1612 2421 esset
1636 2394 1805 2428 adolescens,

1026 2439 1190 2474 simulatque
1203 2438 1304 2466 Christi
1318 2439 1397 2466 fidem
1417 2439 1557 2473 amplexus
1574 2444 1634 2472 est,
1650 2440 1806 2471 monasticae

1026 2484 1204 2519 professionis
1221 2484 1346 2511 instituto
1359 2489 1496 2519 suscepto,
1511 2485 1628 2519 aequales
1642 2485 1718 2512 illum
1740 2493 1806 2513 suos

1026 2537 1124 2557 omnes
1133 2530 1299 2557 continentia
1312 2550 1320 2563 ,
1339 2534 1367 2557 et
1385 2531 1509 2558 asceticae
1522 2531 1583 2557 vitae
1599 2531 1738 2561 laboribus
1754 2539 1804 2558 an-

1026 2575 1178 2607 teoe3sisse.
1193 2575 1372 2610 Posteaquam
1387 2581 1478 2604 autem
1503 2584 1641 2604 summum
1661 2577 1695 2604 ad
1711 2584 1805 2604 sacer-

1023 2621 1125 2649 dotium
1142 2621 1271 2655 pervenit.
1288 2627 1470 2650 consentanea
1488 2623 1548 2650 vitae
1574 2627 1705 2652 anteacta:
1716 2623 1804 2651 virtu-

1024 2671 1081 2699 tum
1095 2666 1190 2694 ofﬁciis
1206 2675 1261 2702 pra
1278 2675 1307 2695 se
1321 2668 1395 2696 tulit.
1415 2668 1520 2696 Etenim
1542 2677 1604 2696 cum
1618 2673 1696 2695 antea
1710 2676 1805 2696 mona—

1025 2713 1119 2741 sticam
1135 2712 1241 2740 vivendi
1271 2714 1407 2746 rationem
1420 2714 1524 2742 crebris
1548 2713 1699 2745 miraculis,
1724 2717 1805 2748 atque

1024 2763 1185 2794 mgrotorum
1201 2759 1380 2793 plurimorum
1411 2760 1597 2787 curationibus
1624 2764 1803 2792 exornasset;

1025 2810 1151 2841 suscepto
1165 2805 1334 2840 pontificatu,
1353 2810 1448 2840 praeter
1466 2806 1521 2833 inec
1540 2806 1642 2838 omnia,
1668 2813 1804 2833 sanatum:
