1934 3029
117 101 153 128 93
755 100 785 128 S.
804 100 909 128 EPIPH,

962 101 978 128 ll
997 101 1089 129 VITA.
1703 105 1738 133 25

117 159 251 186 sinceram
280 158 432 187 doctrinam
459 158 621 194 adiungens,
636 159 718 187 etiam
739 161 903 195 scriptorum

962 160 1180 196 ςυγγραμμάτων
1193 159 1289 195 πλήθει
1304 160 1407 192 πάντας
1420 161 1588 188 ἐπαίδευσεν.
1611 162 1698 198 ’Υπὲρ
1712 161 1743 191 οὗ

116 212 230 232 suorum
245 204 323 239 copia
335 204 477 232 universos
493 205 602 232 erudiit.
617 204 723 238 Quibus
735 205 799 232 dum
814 206 903 234 inten~

118 255 162 277 tus
181 254 232 283 est,
250 250 349 276 multos
365 250 400 276 ab
417 249 571 277 inﬁdelibus
590 253 618 277 et
638 250 773 278 haereticis
797 251 905 278 labores

118 295 238 330 pertulit.
255 294 397 322 Postremo
417 302 480 321 cum
497 299 608 321 centum
625 295 746 330 quinque
761 303 858 327 annos,
872 303 904 323 ac

117 348 225 368 menses
250 345 378 375 praeterea
410 345 466 368 tres
490 340 646 375 explesset,
675 340 904 375 quemadmodum

118 386 234 414 Arcadio
250 386 405 421 imperatori
420 386 599 421 interroganti
618 387 808 421 responderat,
824 386 905 421 spiri-

119 437 177 459 tum
207 432 324 460 Domino
353 432 491 466 reddidit,
509 439 634 467 peregre,
661 437 689 460 et
716 437 793 460 extra
812 432 904 460 sedem

118 485 196 506 suam
213 487 220 505 :
241 486 290 513 pro
304 485 338 506 eo
349 486 381 505 ac
397 477 610 513 Chrysostomus
622 478 756 513 petierat;
773 478 904 513 quoniam

119 526 274 561 relegationi
289 526 370 561 hujus
381 526 549 561 Epiphanius
558 526 768 562 subscripserat.
779 525 904 558 Vicissim

118 576 208 599 autem
223 571 403 607 Epiphanium
418 572 592 607 rescripsisse
619 577 789 606 memorant;
817 580 906 608 neque

119 618 196 644 illum
215 618 305 646 locum
321 625 395 651 eum,
407 618 436 645 in
454 626 535 653 quem
553 618 690 652 deportari
713 619 812 654 jussus
834 622 903 652 erat,

118 671 179 692 esse
191 665 326 692 visurum.
350 664 410 692 Jam
422 665 543 700 synaxis,
559 673 620 701 quae.
642 666 669 693 in
685 665 757 694 illius
771 665 902 693 honorem

958 206 1071 238 πολλοὺς
1082 206 1175 242 ἐξεῦρε
1195 207 1257 238 τοὺς
1271 208 1442 242 πειρασμοὺς
1461 208 1536 244 παρὰ
1560 208 1612 236 τῶν
1632 210 1743 236 κακοδό-

957 252 1020 286 ξων,
1034 253 1123 289 Ζήσας
1138 253 1165 279 δὲ
1180 253 1227 288 ἐτη
1241 253 1321 280 πέντε
1339 253 1407 288 πρὸς
1416 255 1481 292 Ιτοῖς
1494 255 1600 286 ἑκατὸν,
1616 256 1662 282 ἐπὶ
1677 256 1744 291 μησὶ

957 299 1055 335 τρισὶν,
1085 299 1122 331 ὡς
1136 299 1216 331 αὐτὸς
1247 300 1381 335 ’Δρκαδίῳ
1394 300 1433 335 τῷ
1449 300 1553 335 βασιλεῖ
1577 302 1743 337 ὲρωτήσαντι

957 345 1132 381 ἀπεκρίνατο,
1149 344 1187 380 τῷ
1205 345 1300 381 Κυρίῳ
1312 346 1343 372 τὸ
1357 345 1467 381 πνεῦμα
1479 347 1612 382 παρέθετο
1622 356 1628 362 ”
1642 348 1692 374 οὐκ
1714 349 1743 374 ὲν

957 390 997 425 τῷ
1013 390 1105 426 οἰκείῳ
1123 389 1225 426 θρόνῳ,
1244 390 1315 417 κατὰ
1330 391 1379 426 τὴν
1394 391 1440 418 τοῦ
1459 393 1651 428 Χρυσοστόμου
1666 394 1744 427 αττη-

958 442 1010 467 σιν,
1028 434 1089 461 ἐπεὶ
1104 436 1136 470 τῇ
1153 435 1201 462 καὶ
1225 435 1329 462 ἐκείνου
1349 435 1442 471 ὲξορίᾳ
1465 436 1619 472 συνῄνεσεν.
1642 438 1693 464 Τὸν
1714 438 1744 465 δέ

958 488 1039 514 φασιν
1056 479 1230 515 ἀντιγράψαι,
1261 480 1328 516 μηδὲ
1349 481 1428 507 αὐτὸν
1443 481 1488 508 τὸν
1500 482 1593 514 τόπον,
1620 483 1688 518 πρὸς
1713 483 1744 510 ὃν

956 525 1109 552 ἀπέσταλτο
1123 525 1276 561 ὑπερόριος,
1295 526 1396 560 φθᾱσαι
1422 527 1548 554 κατιδεῖν.
1578 527 1698 554 Τελεῖται
1713 528 1743 555 δὲ

955 571 972 605 ή
990 571 1071 598 αὐτοῦ
1084 571 1191 604 σύναξις
1205 573 1235 599 ὲν
1245 572 1284 608 τῷ
1297 573 1441 609 ἁγιωτάτῳ
1451 574 1534 601 αὑτοῦ
1555 574 1622 610 οἴκῳ
1636 574 1674 610 τῷ
1686 574 1744 602 ὄντα

956 617 1032 649 ἐντὸς
1048 616 1095 644 τοῦ
1109 618 1188 652 ἁγίου
1201 618 1360 654 Φιλήμονος.
1375 619 1441 651 Ταῖς
1466 620 1548 647 αὑτοῦ
1573 619 1742 655 πρεσϐείαις,

955 665 971 691 ὁ
984 663 1060 696 Θεὸς,
1078 663 1187 699 ἐλέησον
1204 665 1288 700 ἡμᾶς.

119 712 158 744 tit,
189 712 217 739 in
236 712 410 741 sanctissima
426 713 499 740 illius
515 713 575 740 aede
585 713 747 746 celebratur,
776 721 837 749 qua:
851 712 937 741 estad
955 711 1043 740 sancti
1062 710 1240 739 Philemonis.
1258 710 1310 739 Per
1327 711 1410 747 hujus
1431 719 1538 747 preces,
1558 711 1640 746 Dens,
1660 713 1744 741 mise-

119 766 177 786 rere
192 759 281 787 nobis.

879 839 982 859 SIJIDAS.

161 876 320 910 Ἐπιφάνιος
336 877 543 909 Κωνπαντείας
558 877 607 912 τῆς
620 877 734 913 Κύπρου
761 878 922 910 ἐπίσκοπος,
935 877 986 912 τῆς
1001 875 1134 912 πρότερον
1148 873 1299 910 Σαλαμῖνος
1310 892 1319 905 ,
1344 873 1448 908 ἔγραψε
1474 873 1545 900 κατὰ
1569 873 1665 901 πασῶν
1687 874 1744 901 τῶν

120 922 252 958 αἱρέσεων
279 923 382 957 λόγους,
404 923 422 950 ἃ
450 923 582 958 Πανὰρια
609 924 744 958 λέγονται,
770 925 817 951 καὶ
839 925 920 960 ἕτερα
941 924 1044 951 πολλά-
1065 923 1146 950 ἆτινα
1158 921 1235 957 παρὰ
1263 921 1314 956 μὲν
1343 919 1398 947 τῶν
1414 921 1638 958 πεπαιδευμένων
1654 921 1697 949 διὰ
1708 922 1744 949 τὰ

119 969 279 1004 πράγματα,
295 970 371 1006 παρὰ
384 971 412 997 δὲ
424 971 478 997 τῶν
499 971 612 997 ἰδιωτῶν
628 971 672 997 διὰ
684 971 718 998 τὰ
739 972 849 1007 ῥήματα
867 970 1096 1005 ἀναγινώσκεται.
1111 969 1231 1004 Τελευτᾷ
1249 968 1452 1004 ἐσχατόγηρως.

155 1016 222 1049 Quae
234 1016 341 1044 totidem
353 1017 407 1051 fere
420 1017 504 1044 verbis
515 1025 547 1044 ex
561 1016 722 1052 Hieronymo
739 1016 902 1052 Sophronias
917 1017 1056 1052 expressit.

776 1197 1088 1244 MONITUM.

159 1384 290 1422 subjecta
312 1383 458 1420 Epiphanii
477 1385 537 1413 Vita
548 1405 556 1417 ,
571 1385 667 1414 Latine
688 1386 754 1422 olim
769 1386 888 1422 aVSurio
908 1385 991 1419 edita,
1015 1386 1108 1414 Graece
1130 1395 1204 1415 nunc
1219 1387 1336 1422 primum
1353 1386 1452 1422 prodit,
1468 1385 1562 1414 multis
1575 1385 1602 1412 in
1619 1384 1685 1422 locis
1702 1391 1746 1411 το-

122 1420 242 1459 cognita.
256 1419 323 1459 Quae
336 1419 492 1459 quanquam
515 1422 542 1459 i_n
569 1421 706 1459 plerisque
721 1421 826 1459 _l'abt_tlae
840 1426 986 1459 estquam
1008 1422 1131 1459 historia;
1156 1419 1276 1457 propior,
1299 1425 1329 1459 ut
1345 1419 1506 1459 jamdudum
1531 1420 1640 1459 monitu
1660 1419 1743 1459 garo:

123 1456 188 1495 nius
214 1456 240 1482 in
256 1456 402 1495 Annalibus
420 1455 476 1491 (α),
489 1457 541 1484 erit
563 1455 701 1484 tamenin
721 1457 854 1495 lutulenta
870 1455 1236 1495 illalnarrationefortasse
1251 1457 1324 1492 quod
1347 1455 1442 1484 tollere
1463 1456 1565 1495 possis:
1589 1455 1620 1482 Et
1643 1455 1744 1495 alioqui

123 1491 211 1528 multa
228 1492 348 1528 continet
363 1498 425 1528 quae
445 1499 508 1519 cum
535 1499 599 1528 vera
616 1497 780 1528 receptaque
801 1492 836 1519 ab
862 1491 991 1528 omnibus
1014 1492 1128 1520 historia
1150 1491 1430 1528 eonsent’anearsurnt.
1455 1492 1502 1519 sed
1518 1491 1611 1519 eadem
1630 1491 1746 1528 admista

123 1524 214 1563 falsis:
231 1525 272 1563 ln_
283 1524 383 1563 quibus
397 1526 634 1563 discernendisrsi
653 1524 834 1559 nihll‘aliud,
863 1531 952 1560 tuum,
974 1526 1073 1555 Lector
1099 1528 1316 1561 humanissime,
1336 1527 1482 1563 judicium,
1513 1534 1545 1554 ac
1569 1525 1682 1561 κριτικὴ
1696 1524 1748 1558 τῆς

126 1560 247 1597 lci-rapiat;
262 1561 376 1597 δύναμις
394 1562 515 1590 exerceri
528 1562 627 1596 possit.

321 1699 514 1767 ΒΙΟΣ
563 1700 738 1768 ΤΟΥ
785 1699 1046 1768 ΑΓΙΟΥ
1086 1698 1552 1767 ΕΠΙΦΑΝΙΟΥ

495 1817 696 1845 ΕΠΙΣΚΟΠΟΥ
709 1817 844 1844 ΠΟΛΕΩΣ
862 1817 1106 1844 ΚΩΝΣΤΑΝΤΙΔΣ
1124 1816 1194 1843 ΤΗΣ
1211 1816 1366 1844 ΚΥΠΡΟΥ.

364 1985 596 2064 VITA
645 1985 985 2064 SANGTI
1031 1982 1522 2062 EPIPHANII

589 2120 857 2152 CONSTANTL/E
881 2122 922 2153 ΙΝ
943 2121 1076 2153 CYPRO
1104 2119 1283 2151 EPISCOPI

482 2206 636 2245 Excerpta
657 2213 696 2236 ex
720 2213 798 2236 voce
812 2204 942 2236 Joannis
960 2204 1055 2235 unius
1069 2212 1108 2234 ex
1128 2202 1195 2243 ejus
1223 2201 1399 2242 discipulis.

166 2368 186 2395 1.
196 2366 365 2402 Epiphanius
381 2369 440 2394 erat
450 2365 563 2400 quidem
576 2373 674 2402 genere
690 2365 819 2399 Phcenix,
834 2374 867 2394 ex
882 2373 909 2393 ea

1005 2364 1045 2391 A'.
1071 2364 1227 2399 Ἐπιφάνιος
1246 2363 1324 2398 γένος
1347 2361 1396 2398 μὲν
1412 2358 1447 2396 ἦν
1468 2359 1599 2387 Φοινίκων
1614 2358 1664 2393 τῆς
1679 2366 1752 2393 περι-

127 2414 249 2451 regione,
263 2419 325 2448 qua!
339 2415 380 2439 est
396 2411 470 2439 circa
488 2410 738 2447 Eleutheropolim;
753 2412 837 2439 distat
850 2419 915 2440 vero

127 2469 144 2489 a
156 2460 266 2488 civitate
286 2458 320 2486 ad
336 2457 388 2485 tria
411 2457 550 2484 milliaria.
576 2457 639 2485 Fuit
653 2462 745 2485 autem
761 2463 838 2493 pater
855 2458 916 2493 ejus

128 2505 265 2541 agricola;
281 2503 378 2531 matris
392 2511 457 2530 vero
471 2503 532 2538 eius
554 2504 675 2531 studium
695 2508 755 2531 erat
770 2512 800 2532 se
813 2504 841 2531 in
858 2504 916 2531 lino

128 2556 266 2578 exercere.
287 2549 322 2576 lis
337 2552 428 2575 autem
449 2547 527 2575 fuere
541 2548 596 2575 duo
618 2549 678 2582 ﬁlii,
694 2549 872 2585 Epiphanius,
888 2553 916 2577 et

130 2602 184 2623 una
199 2594 253 2622 lilia
267 2593 442 2628 Callitropos.
459 2593 565 2620 Accidit
578 2598 667 2621 autem
684 2599 714 2622 ut
728 2602 822 2622 eorum
839 2600 916 2630 pater

129 2649 146 2669 e
163 2640 219 2668 vita
232 2639 389 2672 excederet;
415 2638 518 2666 mansit
541 2646 605 2666 vero
630 2639 795 2674 Epiphanius
820 2640 916 2668 decem

129 2695 218 2715 annos
238 2692 319 2715 natus
336 2686 418 2714 matri
433 2694 499 2720 suae,
519 2686 629 2722 quando
646 2693 771 2715 mortuus
786 2693 828 2716 est
842 2693 916 2724 pater

129 2734 200 2769 ejus.
215 2734 395 2762 Cruciabatur
418 2737 508 2761 autem
536 2733 628 2761 animo
647 2733 707 2769 ejus
730 2738 827 2769 mater,
851 2735 917 2763 dum

168 2813 209 2849 (α)
229 2814 267 2842 Μ
284 2822 330 2842 an.
347 2814 410 2843 572.

968 2411 1066 2443 οικίδος
1091 2409 1357 2446 Ἐλευθεροπόλεως,
1382 2407 1436 2435 ἀπὸ
1461 2406 1582 2443 σημείων
1604 2403 1687 2440 τριῶν
1708 2404 1752 2439 τῆς

968 2458 1052 2493 αὐτῆς
1075 2456 1204 2492 ὑπάρχων
1223 2455 1425 2490 ἀποστήματος.
1451 2453 1481 2479 Ὁ
1501 2452 1530 2479 δὲ
1550 2451 1646 2478 τούτου
1667 2449 1751 2485 πατὴρ

968 2503 1114 2538 γαιηπόνος
1129 2502 1269 2537 ὑπῆρχεν·
1293 2500 1324 2527 τὸ
1346 2500 1373 2526 δὲ
1395 2497 1563 2534 ἐπιτήδευμα
1583 2497 1632 2532 τῆς
1655 2495 1752 2531 μητρὸέ

969 2548 1062 2581 αὐτοῦ,
1079 2547 1225 2582 λινυφαρία
1237 2546 1369 2581 ὑπῆρχεν.
1384 2543 1438 2571 Ἦν
1454 2542 1500 2571 οὖν
1516 2543 1621 2574 τούτοις
1633 2541 1679 2569 δύο
1693 2548 1750 2566 παι-

969 2593 1026 2626 δία,
1040 2593 1054 2620 ὃ
1069 2601 1099 2620 τε
1117 2592 1272 2626 Ἐπιφάνιος
1286 2591 1332 2618 καὶ
1352 2590 1476 2625 Θυγάτηρ
1494 2589 1543 2624 μία
1561 2586 1753 2630 Καλλίτροττοςτ

973 2640 1087 2674 Ἔτυχεν
1103 2636 1150 2665 οὖν
1162 2639 1207 2665 τὸν
1224 2638 1319 2665 τούτου
1341 2637 1447 2672 πατέρα
1459 2635 1618 2670 τελευτῆσαι
1630 2641 1636 2649 ·
1650 2632 1754 2667 ἔμεινεν

970 2687 999 2714 δὲ
1017 2687 1174 2721 Ἑπιφάνιος
1190 2685 1256 2712 δέκα
1272 2685 1340 2712 ἐτῶν
1354 2686 1388 2720 τῇ
1411 2683 1493 2720 μητρὶ
1516 2680 1615 2712 αὑτοῦ,
1639 2677 1707 2714 μετὰ
1726 2676 1755 2703 τὸ

969 2733 1127 2769 τελευτῆσαι
1147 2732 1192 2759 τὸν
1209 2731 1314 2767 πατέρα
1327 2730 1419 2758 αὑτοῦ.
1436 2729 1576 2764 Συνείχετο
1587 2725 1616 2753 δὲ
1631 2725 1650 2760 ἡ
1665 2724 1757 2760 μήτηρ
