1934 3029
160 124 195 152 25
793 122 822 150 5.
846 120 1017 149 EPIPHANII
1037 120 1126 149 "TA.
1750 120 1789 150 16

162 183 244 212 αὑτοῦ
263 183 294 210 τὸ
313 182 371 214 πῶς
385 181 527 218 διαθρέψαι
544 182 712 216 Ἐπιφάνιον,
730 182 777 209 καὶ
790 181 838 216 τὴν
853 181 947 208 τούτου

1000 180 1115 208 sollicita
1132 184 1214 213 esset,
1226 180 1364 215 quomodo
1379 178 1562 215 Epiphaniam
1577 179 1672 212 aleret,
1690 182 1717 206 et
1731 180 1789 215 ejus

162 233 294 268 ἀδελφὴν,
317 231 408 266 ἐπειδὴ
432 231 597 267 συμμέτρως
619 230 711 266 διῆγον
736 230 771 256 τὰ
795 229 947 264 σωματικά.

162 279 222 305 Τῶν
233 279 262 305 δὲ
273 278 388 313 ἐχόντων
402 276 547 310 ὑποζύγιον
562 278 679 304 ἄτακτον
701 276 769 311 πρὸς
786 275 949 311 ὑπηρεσίαν,

160 321 237 349 εἶπεν
263 323 280 357 ἡ
308 322 399 356 μήτηρ
422 320 504 348 αὑτοῦ
540 321 608 356 πρὸς
634 320 806 354 Ἐπιφάνιον·
831 319 948 350 Τέκνον,

160 367 252 402 ἐπειδὴ
273 367 402 394 στένωσιν
418 367 483 401 ἡμῖν
497 366 611 401 παρέχει
633 367 647 392 ὁ
666 363 739 397 οἶκος
753 365 817 400 περὶ
831 365 880 396 τὰς
896 373 949 392 σω-

161 413 279 449 ματικὰς
302 414 413 449 χρείας,
432 413 478 439 καὶ
503 412 640 448 χρῄζομεν
663 412 811 447 ἐδωδίμων,
833 411 899 437 λάϐε
919 411 950 438 τὸ

160 459 307 493 ὑποζύγιον
320 458 351 485 τὸ
363 458 393 484 ὃν
406 459 435 485 ὲν
452 458 492 493 τῷ
504 458 571 493 οἴκῳ
582 457 661 493 ἡμῶν
671 466 678 473 ”
700 458 747 483 καὶ
758 456 859 483 ἄπελθε
871 457 901 483 ὲν
914 457 948 492 τῇ

159 505 332 541 πανηγύρει,
349 505 395 531 καὶ
416 504 541 539 πώλησον
558 503 637 531 αὑτό·
653 503 700 530 καὶ¹
721 503 879 538 ποιήσωμεν
899 503 949 538 τὴν

160 551 238 587 ἡμῶν
253 551 321 586 πρὸς
334 549 481 585 διατροφὴν
494 549 596 585 χρείαν.
611 549 641 575 '0
652 549 681 575 δὲ
701 548 857 583 Ἐπιφὰνιος
872 546 948 574 εἶπεν

159 596 229 631 πρὸς
244 596 293 632 τὴν
311 595 408 622 ἑαυτοῦ
426 595 547 630 μητέρα·
562 595 676 630 Μῆτερ,
694 595 726 621 σὺ
736 593 889 628 γινώσκεις,
907 593 948 620 ὅτι

159 641 277 669 ἄτακτόν
296 642 368 668 ἐστιν
385 641 416 667 τὸ
439 640 586 676 ὑποζύγιον
599 640 695 676 ἡμῶν·
715 641 762 666 καὶ
784 640 875 670 ἔσται.
899 639 948 666 ἐὰν

159 687 268 715 ἀπέλθω
278 688 325 714 ἐπὶ
339 687 370 714 τὺ
382 687 553 722 διαπωλῆσαι
567 687 644 721 αὑτὸ,
655 686 755 717 εἰδότες
766 686 791 712 οἰ
803 685 949 720 συναχθέν-

157 743 203 766 τες
217 733 312 768 ἄνδρες
331 734 360 759 ὲν
376 732 415 768 τῷ
434 733 510 768 τόπῳ
528 733 624 768 ἐκείνῳ
647 732 696 768 τὴν
719 732 832 765 ἀταξίαν
853 731 946 763 αὑτοῦ,

157 778 361 814 τιμωρήσονται
386 787 418 814 με
431 778 567 812 λέγοντες,
591 778 631 805 ὅτι
647 778 739 805 Κακὸν
753 777 833 813 ἔχων,
855 776 947 808 κακῶς

159 824 297 860 ὑπομένῃς
312 823 382 851 κατὰ
397 823 443 850 τὸν
457 823 551 859 νόμον.
569 821 653 851 Εἶπεν
667 823 721 858 δὲὴ
736 823 828 858 μήτηρ
844 821 945 849 αὑτοῦ·

159 870 296 903 Ἀπελθε,
318 870 431 897 τέκνον·
454 870 502 896 καὶ
523 871 537 896 ὸ
556 869 623 902 Θεὸς
642 869 697 897 τῶν
720 869 847 904 πατέρων
867 868 946 904 ἡμῶν

163 915 290 951 Ἀϐραάμ
312 915 359 942 καὶ
386 914 479 942 Ἰσαὰκ
501 915 548 941 καὶ
574 914 670 941 Ἰακὼϐ
685 914 766 941 δώσει
785 913 891 940 σύνεσιν
909 913 947 948 τῷ

157 957 314 996 ὑποζυγίῳ,
337 961 413 992 ὅπως
436 959 480 987 διὰ
502 959 550 987 τοῦ
576 961 732 996 τιμήματος
758 959 840 986 αὑτοῦ
866 960 947 994 ἡμεῖς

157 1006 371 1043 διακονηθῶμεν.
388 1007 418 1033 '0
432 1006 461 1036 δὲ
480 1006 637 1041 Ἑπιφάνιος
655 1005 888 1041 ἐπικαλεσάμενος
901 1005 946 1031 τὸν

156 1052 232 1085 Θεὸν,
255 1052 302 1079 τὸν
327 1052 408 1079 δόντα
423 1052 503 1088 χάριν
527 1051 567 1087 τῷ
588 1052 702 1079 Μωῦσεῖ
721 1051 855 1078 ἐπιτελεῖν
877 1051 947 1077 κατὰ

158 1098 305 1133 πρόσωπον
318 1098 419 1134 Φαραὼ
434 1097 469 1124 τὰ
487 1099 589 1133 σημεῖα
603 1098 637 1124 τὰ
653 1097 778 1133 μέγιστα,
800 1096 946 1133 ἐπορεύθη,

157 1142 318 1178 βουλόμενος
333 1141 381 1178 τὴν
396 1142 519 1176 ὑπακοὴν
530 1141 581 1176 τῆς
592 1141 660 1173 ιδίας
674 1141 777 1177 μητρὸς
791 1140 844 1176 πλη
849 1141 946 1176 ρῶσαι.

191 1188 228 1215 B'.
241 1188 296 1215 Καὶ
308 1188 341 1224 δὴ
358 1187 486 1220 εἰσελθὼν
500 1189 540 1220 είς
552 1187 602 1223 τὴν
618 1189 782 1223 πανήγυριν,
796 1188 904 1221 ἐγένετο
917 1188 947 1214 τὸ

157 1232 303 1267 ὑποζύγιον
322 1233 352 1260 τὸ
366 1233 499 1265 ἄτακτον,
516 1232 662 1264 εὔτακτον,
688 1233 734 1259 καὶ
750 1233 833 1268 πολλῇ
859 1233 948 1268 πραΰ-

156 1287 218 1314 τητι.
233 1279 449 1315 κεκοσμημένον.
466 1277 636 1314 Παρεγένετο
647 1278 677 1304 δέ
690 1287 732 1310 τις
740 1278 866 1310 Ἰουδαῖος
878 1279 947 1314 ἀνὴρ

157 1324 392 1360 πραγματευτὴς,
415 1323 525 1359 ὀνόματι
554 1322 668 1350 Ἰακώϐ·
701 1323 749 1350 καὶ
774 1321 851 1350 εἶπεν
879 1324 948 1359 πρὸς

163 1369 329 1403 Ἐπιφάνιον-
345 1369 450 1401 Βούλει,
462 1369 579 1400 παιδίον,
596 1369 626 1395 τὸ
639 1368 785 1403 ὑποζύγιον
796 1369 875 1396 τοῦτο
889 1379 947 1396 πω-

157 1414 255 1449 λῆσαι;
276 1414 305 1440 '0
325 1414 353 1441 δὲ
375 1414 531 1449 Ἐπιφάνιος
554 1413 649 1440 εἶπεν·
676 1415 750 1446 Ναὶ,
772 1414 877 1450 πάτερ·
903 1413 947 1441 διὰ

157 1460 236 1487 τοῦτο
261 1461 377 1496 ἐνήνοχα
397 1460 463 1487 αὐτὸ
485 1460 611 1488 ἐνταῦθα.
640 1460 670 1487 '0
692 1460 722 1487 δὲ
751 1459 847 1487 Ἰακὼϐ
870 1458 947 1486 εἶπεν

157 1507 225 1542 πρὸς
242 1507 416 1542 Ἐπιφάνιον·
430 1507 513 1538 Ποίας
527 1507 676 1543 θρησκείας
700 1507 851 1543 ὑπάρχεις;
876 1507 904 1533 Ὀ
918 1507 946 1533 δὲ
959 1523 981 1552 C

163 1553 321 1588 Ἐπιφάνιος
341 1552 432 1580 εἶπεν
453 1553 590 1585 Ἰουδαῖος.
607 1551 692 1580 Εἶπεν
705 1553 734 1580 δὲ
752 1553 864 1580 Ἰακώϐ·
879 1553 945 1579 Σύν-

157 1598 229 1626 εθνοι
253 1598 344 1631 ὄντες,
371 1599 408 1634 μὴ
431 1599 568 1635 ἁμαρτίαν
593 1599 706 1635 μεσίτην
731 1598 857 1634 λάϐωμεν
884 1598 945 1626 καθ’

157 1644 272 1677 ἑαυτῶν,
288 1645 399 1672 τέκνον
413 1645 481 1672 ἀλλὰ
496 1644 600 1672 δικαίου
616 1645 683 1672 Θεοῦ
702 1645 779 1677 ὅντες
796 1645 947 1672 δικαιώσω-

159 1699 209 1726 μεν
223 1691 274 1726 τὴν
287 1690 335 1717 τοῦ
346 1689 496 1725 ὑποζυγίου
507 1691 600 1727 τιμήν.
618 1690 663 1723 Ὠς
677 1691 745 1726 μήτε
761 1691 794 1717 σὺ
804 1689 944 1726 άδικηθῇς.

158 1737 228 1771 μήτε
246 1736 303 1771 ἐγὼ
324 1736 473 1772 ζημιωθῶ·
497 1736 534 1772 μὴ
557 1736 606 1763 καὶ
625 1737 748 1772 κατάρας
765 1736 878 1767 -ὲαυτοϊς
898 1736 948 1762 ὲπ-

157 1783 315 1819 ενέγκωμεν
339 1783 408 1820 μετὰ
429 1783 514 1811 ταῦτα
527 1803 534 1815 ,
564 1782 612 1810 καὶ
636 1783 820 1819 ἀγανακτήσει
843 1783 857 1809 ὁ
880 1782 948 1814 Θεὸς

157 1829 218 1856 καθ’
234 1829 328 1865 ἡμῶν⁸
355 1829 424 1856 ἀλλὰ
449 1829 549 1865 μᾶλλον
575 1829 720 1863 εὐλογίας·
745 1830 786 1856 ὅτι
813 1827 947 1858 εἷπεν-’0

158 1871 292 1910 εὐλογῶν
304 1875 471 1915 εῷλοτεῖται
485 1896 494 1908 ,
510 1875 561 1902 καὶ
576 1877 592 1902 ό
604 1875 810 1910 καταρώμενος
821 1874 947 1910 καταρᾶ-

158 1930 214 1948 ται.
242 1921 373 1953 Ἀκούσας
393 1921 422 1948 δὲ
443 1920 553 1948 ταῦταὸ
576 1921 742 1956 Ἐπιφάνιος,
761 1922 864 1957 σφῷρα
884 1922 947 1956 ὲφο-

158 1968 227 2003 δήθη
242 1968 291 2004 τὴν
312 1967 475 2003 κατάκρισιν
498 1966 546 1994 τού
576 1964 684 2000 Ἰακὼϐ,
711 1967 758 1994 καὶ
778 1965 854 1994 εἶπεν
879 1968 947 2002 πρὸς

158 2014 255 2041 αὑτόν·
281 2014 379 2042 Οὐκέτι
396 2013 525 2049 βούλομαί
547 2022 588 2040 σοι
612 2014 779 2050 πιπράσκειν
800 2014 831 2040 τὸ
847 2014 948 2047 ὑποζύ-

159 2068 217 2094 γιον
238 2060 327 2088 τοῦτο.
356 2060 386 2086 '0
405 2059 433 2086 δὲ
458 2059 555 2086 Ἰακὼϐ
578 2057 655 2087 εἷπεν
681 2059 748 2095 πρὸς
771 2060 945 2095 Ἐπιφάνιον’

159 2106 209 2133 Διὰ
231 2105 310 2133 ποίαν
332 2105 432 2137 αἰτίαν,
453 2101 476 2132 ὦ
500 2105 613 2138 τέκνον;
643 2105 673 2131 Ὀ
704 2105 862 2139 Ἑπιφάνιος
886 2104 946 2132 εἷπε

160 2151 228 2186 πρὸς
247 2150 344 2177 αὐτόν’
362 2150 400 2177 Τὸ
419 2149 566 2185 ὑποζύγιον
585 2150 682 2182 τοῦτο,
703 2151 809 2187 πάτερ,
830 2151 947 2178 άτακτόν

1002 235 1136 260 sororem,
1159 227 1382 262 quandoquidem
1397 231 1477 255 erant
1501 227 1616 254 modicae
1632 234 1728 254 eorum
1748 227 1789 255 l‘a~

1001 274 1126 301 cultates.
1142 272 1210 300 Cum
1221 281 1306 300 unum
1319 280 1384 300 vero
1395 273 1552 308 jumentum
1567 273 1698 300 haberent
1711 275 1789 300 indo-

1000 319 1108 352 mitum,
1134 319 1203 346 dixit
1233 325 1321 346 mater
1349 319 1523 354 Epiphanio:
1552 319 1603 346 Fili
1620 340 1628 352 ,
1660 320 1789 354 quoniam

1000 364 1103 392 familia
1126 369 1229 397 nostra,
1248 365 1275 392 in
1291 365 1324 392 iis
1342 372 1404 400 quae
1419 365 1453 392 ad
1462 365 1585 400 corporis
1604 373 1685 392 usum
1713 366 1780 400 perti

1000 415 1076 444 neut,
1100 410 1177 438 nobis
1199 411 1300 446 praebet
1320 411 1471 445 angustias,
1489 415 1517 438 et
1530 411 1593 438 cibo
1616 411 1769 446 indigemus
1782 433 1790 443 .

1000 457 1092 491 accipe
1105 457 1269 492 jumentum,
1286 456 1361 491 quod
1381 461 1423 485 est
1443 457 1513 484 intra
1528 455 1638 484 domum
1656 462 1789 488 nostram,

999 507 1026 530 et
1041 502 1108 530 vade
1131 503 1164 530 ad
1178 503 1326 536 nundinas,
1342 509 1368 530 et
1382 503 1487 531 vende:
1511 507 1538 530 et
1555 504 1591 530 ita
1607 503 1632 530 id
1648 503 1721 538 quod
1737 504 1790 531 erit

999 549 1033 576 ad
1049 556 1099 576 nos
1121 548 1231 576 alendos
1251 549 1323 581 usui,
1347 549 1593 583 suppeditabimus.
1620 548 1789 584 Epiphanius

998 598 1088 621 autent
1107 594 1176 621 dixit
1194 595 1273 622 matri
1294 602 1374 622 suae:
1402 594 1464 622 Scis
1487 595 1641 630 jumentum
1665 601 1789 623 nostrum

998 639 1088 666 adhuc
1110 646 1172 666 esse
1197 639 1371 672 indomitum,
1402 639 1503 674 lietque
1529 645 1558 667 ut
1575 641 1598 667 si
1624 648 1683 668 eam
1706 641 1738 667 ad
1762 641 1790 668 id

997 685 1180 717 vendendum,
1205 686 1251 721 qui
1269 686 1296 712 in
1319 686 1365 713 illo
1381 686 1443 712 loco
1459 686 1617 722 congregati
1640 691 1732 718 erunt,
1750 688 1790 714 vi-

998 732 1092 760 dentes
1106 732 1167 767 ejus
1184 732 1368 764 insolentiam,
1392 741 1435 761 me
1450 741 1531 768 ptena
1551 733 1680 766 adiciant,
1698 734 1790 761 dicen-

998 783 1061 806 tes:
1077 778 1145 806 Cum
1168 779 1269 806 malum
1298 779 1409 812 habeas,
1435 779 1505 806 male
1531 779 1644 814 patieris
1666 786 1700 806 ex
1721 780 1788 814 lege.

998 824 1071 852 Dixit
1082 826 1107 852 ei
1123 830 1228 852 mater:
1249 824 1316 856 Abi,
1338 824 1393 856 tili;
1415 824 1486 852 Deus
1502 829 1612 859 patrum
1631 829 1790 852 nostrarum

998 870 1124 902 Abrahae,
1147 870 1225 897 Isaac
1239 874 1266 896 et
1284 869 1379 902 Jacob,
1403 869 1528 905 jumento
1544 870 1620 898 dabit
1635 871 1791 906 intelligen-

999 917 1062 943 tiam
1074 936 1081 948 ,
1100 920 1131 943 ut
1144 923 1191 949 per
1204 916 1264 950 ejus
1280 916 1397 950 pretium
1421 923 1471 943 nos
1487 920 1584 943 nostro
1601 916 1663 943 usui
1684 917 1791 944 servia-

997 969 1070 989 mus.
1096 961 1267 996 Epiphanius
1284 965 1388 994 autem,
1416 960 1473 988 Deo
1489 962 1627 994 invocato,
1652 963 1698 997 qui
1716 962 1791 989 dedit

997 1006 1066 1035 Mosi
1098 1007 1226 1042 gratiam,
1255 1011 1286 1034 ut
1316 1007 1436 1034 maxima
1462 1007 1541 1042 signa
1569 1007 1672 1035 iaceret
1695 1016 1790 1036 coram

997 1052 1150 1085 Pharaone,
1168 1051 1306 1088 profectus
1320 1056 1372 1086 cst,
1386 1052 1480 1080 volens
1494 1052 1605 1080 obedire
1622 1053 1702 1080 matri
1719 1061 1788 1081 suze.

1038 1185 1072 1213 ll.
1092 1186 1161 1213 Cum
1174 1185 1209 1213 ad
1222 1186 1362 1213 nundinas
1385 1190 1476 1214 autem
1489 1191 1561 1213 esset
1581 1186 1731 1221 ingressus,
1745 1193 1791 1214 ac-

997 1233 1063 1260 cidit
1083 1236 1112 1259 ut
1129 1233 1284 1267 jumentum
1307 1232 1470 1260 indomitum
1495 1233 1572 1260 ﬁeret
1591 1232 1742 1267 placidum,
1764 1238 1791 1259 et

997 1278 1076 1305 valde
1100 1282 1284 1304 mansuetum.
1309 1276 1404 1304 Adfuit
1428 1281 1518 1305 autem
1546 1277 1657 1312 quidam
1680 1276 1791 1304 Juda=us

997 1324 1161 1360 negotiator,
1184 1323 1296 1350 nomine
1315 1322 1412 1356 Iacob,
1441 1323 1489 1359 qui
1515 1323 1585 1350 dixit
1612 1323 1790 1358 Epiphanio:

1001 1370 1057 1402 Vis,
1072 1378 1089 1397 ο
1103 1370 1160 1402 ﬁli,
1177 1369 1295 1397 vendere
1311 1370 1364 1397 hoc
1383 1369 1558 1405 iumentum?
1578 1369 1653 1397 Dixit
1672 1370 1791 1404 Epipha.

998 1416 1060 1444 nius
1077 1424 1083 1442 :
1100 1415 1226 1447 Maxime,
1244 1419 1333 1450 pater,
1348 1423 1381 1443 ea
1396 1416 1469 1443 enim
1485 1416 1518 1443 de
1532 1423 1616 1443 causa
1630 1415 1656 1442 id
1677 1415 1789 1442 adduxi.

997 1461 1177 1496 Respondens
1194 1465 1296 1493 autem.
1313 1461 1382 1488 dixit
1400 1461 1572 1496 Epiphanio:
1594 1461 1743 1496 Cujusnam
1760 1469 1790 1489 es

998 1499 1159 1541 religionis?
1178 1506 1251 1534 Dixit
1274 1506 1446 1541 Epiphanius
1469 1515 1476 1534 :
1510 1500 1631 1535 Iudaeus.
1661 1507 1735 1534 Dixit
1765 1508 1790 1534 ei

998 1553 1083 1580 Jacob
1098 1561 1106 1580 :
1120 1552 1189 1580 Cum
1203 1553 1291 1580 simus
1309 1553 1431 1588 ejusdem
1449 1553 1549 1588 gentis,
1569 1561 1624 1580 non
1645 1553 1725 1581 debet
1747 1554 1790 1580 in-

999 1604 1040 1626 ter
1054 1607 1104 1627 nos
1122 1603 1264 1634 peccatum
1285 1599 1476 1627 intercedere:
1503 1600 1550 1627 sed
1572 1608 1635 1627 cum
1660 1600 1696 1627 sit
1719 1599 1790 1627 Deus

1000 1650 1099 1673 noster
1114 1645 1217 1680 justus,
1244 1645 1448 1672 constituamus
1465 1645 1570 1681 justum
1589 1645 1707 1681 jumenti
1727 1653 1790 1680 pre-

999 1693 1078 1725 tium,
1093 1697 1123 1720 ut
1140 1699 1228 1726 neque
1249 1695 1278 1718 tu
1295 1691 1396 1726 injuria
1414 1690 1552 1723 alﬁciaris,
1574 1699 1625 1718 nec
1646 1699 1695 1726 ego
1717 1691 1792 1719 dam-

998 1745 1063 1765 num
1079 1737 1169 1773 patiar
1185 1743 1240 1765 :ne
1256 1737 1404 1764 maledicta
1419 1740 1514 1772 postea
1532 1736 1612 1764 nobis
1629 1735 1789 1766 inferamus.

999 1790 1026 1812 et
1038 1785 1110 1812 Deus
1126 1785 1206 1812 nobis
1231 1785 1385 1817 irascatur;
1400 1784 1447 1812 sed
1465 1783 1557 1819 potius
1575 1783 1790 1815 benedictiones,

999 1832 1130 1868 quoniam
1140 1831 1209 1859 dixit
1222 1831 1230 1847 ⁸
1246 1840 1253 1858 :
1270 1831 1323 1864 Qui
1338 1831 1477 1863 benedicit,
1499 1830 1684 1860 benedicetur;
1701 1834 1725 1856 et
1745 1830 1790 1864 qui

999 1879 1148 1910 maledicit,
1163 1882 1203 1906 est
1226 1877 1395 1905 maledicti“.
1416 1875 1464 1904 His
1483 1880 1576 1904 autem
1599 1875 1710 1907 auditis,
1728 1874 1788 1910 Epi-

999 1926 1119 1961 phanius
1136 1924 1215 1951 valde
1240 1923 1332 1951 timuit
1356 1922 1612 1951 condemnationem
1634 1921 1730 1953 Iacob,
1765 1925 1791 1948 et

999 1971 1068 1998 dixit
1082 1970 1107 1997 ei
1123 1979 1129 1997 :
1151 1969 1219 1997 Nolo
1235 1969 1283 1996 tibi
1300 1969 1418 2004 amplius
1428 1967 1547 1996 vendere
1561 1968 1613 1995 hoc
1624 1967 1789 2002 jumentum.

999 2016 1085 2044 Jacob
1102 2023 1165 2043 vero
1187 2015 1256 2043 dixit
1271 2015 1444 2050 Epiphanio:
1471 2014 1596 2047 Quanam
1614 2014 1648 2041 de
1661 2020 1755 2043 causa,
1774 2021 1791 2039 ο

1000 2062 1038 2089 ﬁli
1050 2062 1062 2089 ?
1074 2061 1246 2097 Epiphanius
1265 2061 1336 2088 dixit
1352 2061 1376 2088 ei
1390 2070 1397 2088 :
1417 2059 1474 2088 Hoc
1488 2060 1656 2095 iumentum,
1672 2066 1688 2086 o
1701 2063 1788 2093 pater,

1000 2112 1040 2136 est
1056 2107 1177 2135 insolens
1192 2111 1220 2134 et
1232 2106 1395 2133 indomitum
1407 2114 1414 2140 ;
1428 2105 1614 2133 acerbissimae
1632 2112 1696 2132 vero
1709 2103 1790 2131 faunis

1001 2153 1133 2188 angustiae
1146 2152 1256 2180 subiere
1265 2152 1378 2180 domum
1393 2159 1493 2179 meam.
1505 2152 1648 2178 Estautem
1658 2150 1725 2177 mihi
1736 2157 1791 2176 ma-

159 2198 243 2228 ὲστιν,
257 2196 305 2223 καὶ
322 2197 451 2228 στένωσις
467 2196 633 2232 πικροτάτου
647 2195 728 2232 λιμοῦ
743 2196 903 2232 ἐπεισῆλθεν
920 2197 947 2223 ὲν

1002 2204 1042 2227 ter
1052 2204 1078 2227 et
1091 2206 1188 2232 soror;
1204 2203 1282 2233 pater
1305 2198 1377 2225 enim
1401 2204 1479 2224 meus
1502 2197 1620 2224 excessit
1635 2204 1651 2224 e
1668 2196 1722 2223 vita
1738 2197 1790 2223 hu-

160 2242 199 2279 τῷ
213 2243 279 2278 οἴκῳ
295 2250 364 2278 μου’
381 2241 498 2278 ὑπάρχει
514 2242 569 2278 γάρ
585 2251 630 2278 μοι
647 2243 754 2278 μήτηρ.
772 2242 818 2269 καὶ
834 2243 946 2278 ἀδελφή.

165 2289 194 2315 ’0
209 2289 261 2324 γὰρ
276 2289 368 2324 πατήρ
384 2297 433 2324 μου
450 2288 562 2323 ἐξῆλθεν
575 2288 621 2315 τὸν
637 2287 693 2323 βίον
704 2287 750 2314 τὸν
767 2288 945 2324 ἀνθρώπινον.

159 2336 214 2372 Τῆς
235 2333 282 2363 οὖν
306 2335 409 2371 μητρός
434 2343 485 2371 μου
499 2334 607 2370 ἐγένετο
621 2334 745 2366 κέλευσις
758 2335 805 2361 τοῦ
823 2335 947 2370 πωλῆσαι

159 2383 188 2409 τὸ
206 2381 352 2417 ὑποζύγιον
367 2382 411 2409 διὰ
428 2382 479 2417 τὴν
495 2381 590 2416 χρείαν
614 2381 668 2408 τῶν
685 2380 831 2416 ἐδωδίμων.
849 2380 905 2407 Νῦν
918 2380 947 2407 δὲ

159 2430 263 2465 ἥκουσα
286 2428 364 2464 παρᾶ
388 2427 447 2460 σοῦ,
472 2428 571 2464 πάτερ,
595 2427 635 2454 ὄτι
652 2427 736 2454 κακὸν
755 2427 785 2453 τὸ
810 2426 947 2453 καταϐλά-

159 2484 246 2507 πτειν,
259 2475 307 2502 καὶ
322 2474 459 2510 ἐφοὸήθην
471 2473 517 2500 τὸν
532 2473 608 2505 Θεὸν,
624 2474 729 2509 μήποτε
740 2473 883 2509 καταράσῃ
901 2481 945 2508 με,

1002 2252 1092 2272 mana.
1103 2244 1187 2272 Mater
1193 2252 1255 2271 mea
1267 2243 1361 2279 jussit,
1371 2243 1552 2270 utvenderem
1562 2242 1614 2270 hoc
1623 2242 1788 2278 jumentum,

1001 2285 1146 2326 propterea
1175 2290 1249 2326 quod
1278 2289 1341 2317 cibo
1366 2289 1565 2324 indigeremus.
1593 2287 1670 2316 blunc
1697 2293 1789 2315 autem

1001 2337 1092 2364 audivi
1107 2344 1138 2364 ex
1154 2341 1190 2368 te,
1207 2340 1294 2371 pater,
1309 2335 1383 2370 quod
1405 2335 1508 2362 malum
1533 2334 1570 2361 sit
1593 2335 1724 2362 damnum
1750 2334 1791 2361 af-

1001 2382 1093 2415 ferre;
1109 2388 1135 2410 et
1149 2382 1235 2410 Deum
1253 2381 1343 2414 timui,
1363 2389 1397 2408 ne
1409 2380 1481 2407 forte
1495 2385 1525 2407 tu
1546 2379 1614 2408 mihi
1630 2379 1789 2413 maledicas,

1001 2431 1026 2454 et
1044 2424 1146 2454 ille'me
1165 2427 1262 2462 puniat
1277 2430 1387 2461 propter
1411 2430 1486 2452 tuam
1509 2425 1537 2452 in
1555 2433 1599 2453 me
1620 2415 1790 2453 maledictio-

1001 2481 1075 2501 nem.

159 2523 205 2549 καὶ
230 2521 418 2557 τιμωρήσεταί
441 2530 474 2556 με
499 2522 513 2548 ὁ
532 2520 598 2553 Θεὸς
619 2520 665 2547 διὰ
683 2521 734 2556 τῆς
757 2521 879 2556 κατάρας
900 2521 949 2557 τῆς
967 2521 1116 2557 γενομένης
1129 2521 1169 2552 εἰς
1183 2520 1243 2556 ἐμέ.

195 2568 231 2595 Γ.
254 2568 386 2599 Ἀκούσας
409 2568 437 2595 δὲ
456 2568 543 2595 ταῦτα
565 2568 579 2594 ὑ
598 2567 711 2600 Ἰακὼ6,
733 2567 886 2603 ἐθαύμασεν
901 2569 947 2595 ἐπὶ

161 2615 192 2649 τῇ
208 2613 356 2649 ἀποκρίσει
370 2613 418 2639 τοῦ
433 2613 526 2645 παιδός
536 2613 596 2640 ’καὶ
605 2612 694 2639 λαόὼν
705 2613 769 2649 τρία
781 2613 947 2649 νομίσματα,

163 2659 260 2686 ἔδωκεν
279 2659 430 2694 Ἐπιφανίῳ
443 2679 450 2691 ,
468 2659 527 2694 ἅμα
550 2658 598 2685 καὶ
614 2658 745 2691 τοιούτοις
765 2658 855 2693 λόγοις
876 2659 947 2685 διδά-

164 2711 233 2730 σκων
255 2703 336 2731 αὐτόν
347 2711 354 2718 '
370 2703 481 2735 Τέκνον,
494 2703 560 2730 λάϐε
574 2702 674 2739 ταύτην
686 2703 736 2739 τὴν
752 2703 887 2738 εὐλογίαν,
901 2704 947 2730 καὶ

166 2748 276 2785 πορεύου
292 2749 361 2785 πρὸς
376 2749 426 2786 τὴν
443 2748 492 2785 σὴν
505 2748 626 2785 μητέρα·
645 2751 691 2777 καὶ
714 2749 840 2782 εἰσοίσεις
862 2750 891 2777 ἐν
909 2749 948 2785 τῷ

201 2825 212 2842 ι
221 2823 289 2854 Gen.
305 2833 391 2860 xxvu,
403 2825 448 2854 29.

1036 2568 1079 2595 ιιι.
1099 2568 1167 2596 Cum
1182 2568 1241 2595 haec
1258 2573 1350 2596 autem
1366 2568 1500 2596 audiisset
1513 2567 1607 2601 Jacob,
1620 2568 1736 2596 miratus
1749 2573 1791 2596 est

1000 2622 1163 2649 responsum
1186 2614 1281 2649 pueri;
1311 2614 1471 2649 accepitque
1516 2619 1572 2642 tres
1598 2622 1737 2647 nummos,
1765 2619 1791 2642 et

1001 2660 1076 2687 dedit
1091 2659 1255 2695 Epiphanio,
1274 2660 1358 2687 simul
1378 2659 1460 2687 etiam
1489 2667 1550 2687 eum
1576 2659 1677 2686 docens
1698 2659 1790 2686 verbis

1002 2706 1161 2741 hujusmodi
1177 2715 1184 2734 :
1203 2705 1266 2739 Fili,
1301 2705 1372 2734 hanc
1394 2706 1486 2741 accipe
1512 2705 1740 2737 benedictionem,
1764 2708 1791 2731 et

1004 2753 1076 2781 vade
1088 2753 1122 2781 ad
1135 2756 1251 2781 matrem
1270 2756 1357 2786 tuam,
1375 2756 1402 2780 et
1417 2752 1518 2780 inl'cres
1533 2759 1620 2788 partes
1632 2751 1659 2779 in
1678 2751 1790 2779 domum
