1934 3029
141 104 180 131 ἳτ

773 103 802 130 S.
825 100 996 130 ΕΡΙΡΙΙΔΝΙΙ
1015 101 1091 130 \‘lTA
1098 122 1106 130 .

1716 113 1753 138 28

144 164 230 186 tuam.
244 159 344 187 Tecum
365 168 474 195 quoque
490 162 581 196 accipe
595 161 647 189 hoc
659 161 812 196 jumentum
827 169 834 193 ;
860 165 887 187 et
901 161 924 187 si

977 159 1043 194 οἴκῳ
1057 168 1106 186 σου
1125 159 1233 194 ἄρτους.
1249 160 1322 187 Λάϐε
1347 160 1375 186 δὲ
1398 161 1444 187 καὶ
1466 160 1496 187 τὸ
1519 159 1664 195 ὑποζύγιον
1687 161 1762 190 τοῦτο

144 213 224 232 suum
240 206 348 240 quidem
366 211 451 234 mutet
462 207 569 239 vitium,
582 213 609 234 et
624 215 716 234 mores
732 207 880 236 insolentes
893 214 926 234 ac

144 255 295 285 protervos,
307 257 415 279 maneat
429 252 500 279 domi
513 257 583 286 tuae;
597 253 639 280 sin
652 257 742 279 autem
757 253 783 280 in
795 253 847 280 hac
864 260 926 287 per-

145 302 251 324 severet
274 298 428 330 insolentia,
444 298 513 332 ejice
528 307 544 326 e
568 299 622 326 tuis
645 298 759 330 aedibus,
785 307 819 326 ne
843 299 925 325 alicui

145 350 177 369 ex
191 343 246 370 tuis
262 348 376 370 m0rtem
392 343 495 372 aﬂ'erat.
508 344 577 371 Cum
591 345 647 372 [nec
659 345 790 372 audiisset
805 345 925 379 Epipha—

145 387 220 419 nius,
233 391 261 414 et
277 395 292 414 a
313 387 414 415 Jacobo
432 393 485 416 tres
500 397 628 417 nummos
641 389 800 424 accepisset,
814 394 925 424 accepto

141 433 276 467 jumento,
295 433 431 468 profectus
446 440 487 462 est
501 435 527 461 in
551 435 642 462 vicum
657 435 691 462 ad
704 440 817 463 matrem
835 443 923 463 suam.

144 478 306 513 Priusquam
322 484 412 507 autem
429 480 486 515 ipse
508 481 694 516 ingrederetur
710 481 736 508 in
754 482 854 514 vicum,
873 482 927 509 cir-

144 524 213 551 citer
233 524 308 551 mille
326 532 432 559 passus,
453 526 574 552 occurrit
588 526 612 553 ei
624 526 716 556 :homo
733 526 905 554 Christianus
917 548 924 560 ,

144 569 254 596 nomine
269 569 409 600 Cleobius.
422 569 468 604 qui
485 570 509 597 ei
523 570 612 597 dixit:
628 569 674 597 Vis
690 571 806 597 vendere
819 570 927 606 jumen-

144 622 213 648 tum,
227 617 314 644 oﬁli?
336 616 514 652 Respondens
536 617 605 644 dixit
631 617 819 652 Epiphanius:
846 617 925 651 Nolo,

145 668 231 698 pater.
255 663 328 690 Dixit
341 668 432 691 autem
456 663 604 690 Cleobius:
621 663 650 690 Si
665 664 706 691 vis
719 671 781 690 eum
797 663 924 696 vendere,

143 717 210 744 cape
226 709 286 744 ejus
299 709 426 744 pretium,
453 714 480 736 et
502 710 591 744 ipsum
615 709 682 736 mihi
708 710 840 744 relinque.
856 710 925 737 Cum

144 756 202 782 haec
217 759 307 782 autem
326 755 477 790 Epiphanio
493 756 594 783 diceret
611 755 750 788 Cleobins,
768 755 869 782 animal
883 756 925 782 in-

143 800 261 827 solenter
278 801 386 828 irruens
417 804 444 827 ct
465 801 593 835 impetum
611 800 723 834 faciens,
743 801 923 836 Epiphanium

980 205 1049 240 μετά
1063 204 1176 231 σεαυτοῦ
1187 213 1194 220 ο
1210 205 1257 231 καὶ
1278 206 1303 231 εἰ
1324 206 1372 241 μὲν
1387 205 1533 242 διαλλάσσῃ
1549 207 1599 242 τὴν
1613 207 1700 242 κακὴν
1716 208 1762 233 αὺ-

977 249 1023 276 τοῦ
1047 249 1093 275 καὶ
1103 249 1218 276 ἄτακτον
1229 249 1400 285 προαίρεσιν,
1415 250 1520 284 μενέτω
1534 251 1562 276 ὲν
1575 250 1613 285 τῷ
1631 250 1669 286 σῷ
1680 250 1747 286 οἴκῳ
1756 260 1763 266 ·

977 295 1001 320 εἰ
1018 294 1046 321 δὲ
1061 294 1184 329 ἐπιμένοι
1200 296 1232 330 τῇ
1249 294 1364 330 ἀταξίᾳ,
1380 295 1478 322 ἔκϐαλε
1493 295 1558 322 αὐτὸ
1575 296 1607 323 ἐκ
1626 296 1673 323 τοῦ
1688 297 1763 323 οἴκου

978 349 1023 366 σου
1036 360 1043 372 ,
1061 341 1166 375 μήποτε
1182 340 1229 367 καὶ
1248 340 1391 376 θανατώσῃ
1406 341 1467 368 τινὰ
1481 341 1536 367 τῶν
1549 341 1612 369 σῶν.
1632 341 1763 373 Ἀκούσας

977 386 1006 413 δὲ
1018 386 1103 413 ταῦτα
1122 387 1294 421 Ἐπιφάνιος,
1310 387 1358 413 καὶ
1373 387 1464 414 λαϐὼν
1480 388 1515 414 τά
1529 387 1594 423 τρία
1608 388 1764 423 νομίσματα

977 432 1052 468 παρά
1066 432 1113 458 τοῦ
1133 432 1229 458 Ἰακὼϐ
1242 452 1250 465 ,
1266 432 1355 459 λαϐὼν
1368 433 1397 459 τὸ
1413 432 1558 467 ὑποζύγιον
1572 433 1705 469 ἐπορεύθη
1721 434 1764 466 είς

976 477 1024 512 τὴν
1037 477 1118 504 αὑτοῦ
1135 477 1240 514 κώμην.
1265 478 1310 510 Ὠς
1326 478 1379 505 ἀπὸ
1392 479 1504 514 σημείου
1520 479 1595 511 ἑνὸς,
1610 480 1764 515 ἀπήντησεν

976 523 1050 558 αὐτῷ
1067 523 1208 559 ἄνθρωπος
1224 524 1400 559 Χριστιανὸς,
1426 524 1537 560 ὀνόματι
1553 524 1680 557 Κλεόϐιος
1690 544 1698 555 .
1715 525 1764 552 καὶ

975 567 1052 596 εἶπεν
1075 570 1143 605 πρὸς
1175 570 1273 596 αὐτόν·
1299 570 1470 605 Πιπράσκεις
1500 571 1531 597 τὺ
1554 570 1715 604 ὑποζύγιον.
1740 569 1764 598 ὦ

975 614 1086 647 τέκνον;
1107 615 1136 641 Ὁ
1156 615 1185 641 δὲ
1206 615 1363 650 Ἐπιφάνιος
1384 616 1544 651 ἀποκριθεὶς
1574 615 1667 642 εἶπεν·
1684 616 1762 651 Οὐχὶ,

975 660 1071 696 πάτερ.
1093 660 1122 686 Ὁ
1132 661 1160 687 δὲ
1177 661 1305 693 Κλεόϐιος
1318 669 1325 676 '
1346 661 1408 688 Ἐὰν
1424 661 1592 696 πιπράσκεις
1606 661 1683 694 αὐτὸ,
1696 661 1765 689 λάϐε

974 706 1005 732 τὸ
1022 706 1130 742 τίμημα
1142 706 1236 739 αὐτοῦ,
1257 707 1304 733 καὶ
1327 706 1405 733 ἔασόν
1424 715 1469 742 μοι
1481 707 1556 734 αὑτό,
1576 707 1619 739 Ὡς
1630 707 1659 733 δὲ
1677 706 1767 733 ταῦτα

975 752 1063 779 ἐλάλει
1074 754 1088 779 ὁ
1098 752 1227 784 Κλεόϐιος
1241 753 1309 788 προς
1325 751 1494 787 Ἐπιφάνιον,
1509 753 1539 779 τὸ
1553 751 1621 785 ζῶον
1638 752 1762 784 ἀτάκτως

976 797 1093 833 ἐνεχθὲν,
1109 798 1157 824 καὶ
1168 798 1298 824 ὲπιπεσὸν
1315 794 1466 833 Ἐπιφανίῳ
1482 797 1662 833 διεσπάραξεν
1679 797 1761 824 αὑτὸν

143 845 273 877 excussit,
298 845 427 880 humique
447 845 539 878 allisit,
557 850 585 873 et
599 846 666 873 abiit
688 852 765 874 extra
789 847 924 875 semitam.

977 844 1022 870 ἐπὶ
1035 844 1085 880 τῆς
1099 844 1164 879 γῆς·
1181 844 1228 871 καὶ
1244 844 1310 871 αὐτὸ
1337 842 1449 879 ἐξῆλθεν
1472 843 1524 876 ἕξω
1546 843 1595 878 τῆς
1611 843 1713 880 τρίϐου.
1734 843 1765 870 '0

144 890 311 925 Epiphanius
331 896 420 918 autem
442 899 475 918 ex
499 892 616 926 jumenti
643 893 788 920 insolentia
814 901 924 928 gravem

143 936 247 971 accepit
258 937 388 968 dolorem,
409 936 676 972 humiqueljacebat,
691 937 757 965 ﬂens
785 946 879 966 amare
900 943 927 966 et

144 989 198 1008 non
226 981 319 1009 valens
345 989 466 1016 surgere.
495 981 622 1009 Cleobius
645 990 710 1009 vero
732 982 864 1010 accedens
892 983 926 1010 ad

144 1025 325 1060 Epiphanium
349 1031 376 1053 et
393 1026 480 1053 femur
504 1026 565 1061 ejus
584 1031 678 1054 tenens
700 1027 728 1054 in
752 1035 785 1054 eo
809 1027 879 1060 loco,
898 1027 926 1055 in

143 1079 198 1106 quo
218 1071 328 1099 all'ectus
352 1071 439 1099 fuerat
454 1072 488 1099 ab
513 1072 640 1100 insolenti
661 1073 758 1105 bestia,
784 1081 846 1101 cum
861 1081 924 1101 eum

144 1121 185 1143 ter
202 1117 346 1151 signasset,
362 1117 454 1144 statim
469 1118 556 1144 erexit
569 1111 636 1144 nihil
651 1118 714 1145 mali
734 1119 761 1145 in
779 1127 809 1147 se
823 1111 926 1147 haben-

143 1168 208 1190 tem.
226 1162 354 1190 Cleobius
380 1168 470 1190 autem
493 1162 561 1190 dixit
586 1163 710 1197 jumento
742 1164 822 1199 pleno
850 1165 925 1192 omni

143 1208 287 1235 insolentia
318 1217 325 1235 :
351 1207 411 1235 Tibi
436 1209 508 1241 dico,
548 1209 676 1243 quoniam
710 1209 822 1237 voluisti
847 1215 924 1238 tuum

142 1253 283 1281 dominum
310 1254 444 1286 occidere,
469 1254 496 1281 in
520 1255 629 1282 nomine
651 1254 715 1282 Jesu
737 1255 839 1284 Christi
864 1264 926 1284 cru-

143 1298 225 1330 citixi,
258 1305 311 1325 non
338 1299 455 1334 amplius
483 1299 599 1327 excedas
626 1306 660 1327 ex
687 1300 738 1328 hoc
759 1301 829 1328 loco.
847 1301 924 1334 Quod

144 1349 286 1379 postquam
317 1344 430 1372 dixisset
460 1344 606 1380 Cleobius,
642 1345 795 1381 jumentum
833 1348 925 1375 statim

144 1389 241 1416 cecidit
274 1389 300 1416 in
333 1394 431 1416 terram
469 1394 618 1418 mortuum.
652 1390 792 1418 Cleobium
834 1397 924 1420 autem

145 1434 320 1469 interrogavit
341 1434 521 1470 Epiphanius,
541 1436 634 1463 dicens
656 1445 663 1464 :
683 1436 750 1470 Quis
771 1442 823 1470 est,
841 1445 858 1465 ο
879 1446 925 1473 pa-

144 1485 196 1512 ter,
208 1480 287 1508 Jesus
303 1482 459 1513 cruciﬁxus.
480 1481 554 1516 quod
574 1482 637 1509 talia
653 1482 722 1510 [iunt
736 1491 784 1518 per
797 1484 857 1518 ejus
873 1492 924 1512 no-

144 1526 226 1553 men?
246 1525 396 1561 Respondit
406 1527 543 1559 Cleobius,
561 1532 588 1555 et
603 1527 672 1555 dixit
688 1527 855 1564 Epiphanio:
878 1528 927 1557 Hic

143 1571 224 1599 Jesus
244 1576 287 1599 est
308 1572 393 1599 Filius
410 1572 476 1605 Dei,
497 1581 578 1608 quem
609 1574 801 1602 cruciﬁxerunt
827 1574 925 1602 .ludtei.

145 1615 312 1651 Epiphanius
334 1625 397 1645 vero
418 1618 508 1645 timuit
524 1619 680 1654 signiﬁcare
695 1619 807 1647 Cleobio
820 1627 850 1647 se
865 1628 927 1648 esse

144 1662 280 1690 Judaeum.
307 1663 433 1691 Cleobius
459 1669 550 1691 autem
576 1665 695 1699 perrexit
712 1672 792 1692 suum
809 1665 861 1693 iter
884 1666 927 1693 in-

145 1708 232 1743 gredi,
246 1713 273 1736 et
289 1708 457 1744 Epiphanius
483 1709 511 1736 in
542 1710 633 1738 vicum
660 1710 736 1738 venit
759 1712 793 1739 ad
810 1715 926 1740 matrem

144 1762 235 1782 suam.
251 1754 335 1788 Quem
349 1755 443 1783 videns
462 1761 559 1789 mater,
573 1756 679 1791 excepit
700 1765 762 1784 eum
778 1765 841 1785 cum
859 1766 927 1793 gau-

145 1801 202 1829 dio.
222 1801 301 1828 Matri
317 1809 380 1828 vero
404 1809 460 1829 suie
482 1803 608 1837 exposuit
629 1802 797 1838 Epiphanius
823 1805 926 1837 omnia,

145 1854 207 1880 qua:
229 1847 279 1874 sibi
296 1852 442 1874 evenerant
468 1852 578 1883 propter
604 1848 765 1876 insolentem
789 1853 816 1876 et
841 1850 927 1884 pessi-

145 1900 218 1919 mam
235 1893 357 1920 bestiam.
369 1893 515 1927 Aliquanto
528 1898 618 1921 autem
635 1899 698 1929 post
721 1899 842 1930 tempore
859 1896 928 1924 dixit

146 1943 233 1966 mater
248 1938 397 1974 Epiphanio
426 1949 432 1966 :
457 1939 535 1973 Ecce,
561 1940 614 1973 ﬁli,
644 1944 716 1968 terra
741 1941 841 1969 inculta
860 1942 928 1970 nihil

146 1985 282 2019 producit,
307 1993 394 2019 neque
411 1986 489 2013 nobis
514 1993 547 2013 ex
571 1993 603 2013 ea
630 1991 672 2014 est
697 1986 798 2022 aliquid
825 1988 926 2015 solatii.

148 2030 213 2058 Erat
232 2037 321 2058 autem
340 2031 381 2059 eis
403 2031 540 2066 quoddam
565 2033 734 2067 praediolum,
759 2033 831 2068 quod
852 2038 928 2068 pater

147 2077 208 2111 ejus
222 2077 364 2112 diligenter
381 2078 483 2110 colens,
506 2086 538 2106 ex
554 2085 587 2105 eo
602 2079 720 2106 habebat
734 2079 836 2114 aliquid
856 2080 928 2107 sola-

148 2123 188 2150 lii.
216 2122 289 2150 Dixit
318 2131 383 2158 ergo
398 2124 423 2150 ei
449 2129 556 2152 mater:
586 2123 742 2152 Vendamus
768 2125 925 2159 prmdiolum
952 2119 956 2121 ’

939 1508 961 1538 C

147 2173 273 2195 nostrum
288 2168 392 2196 homini
412 2170 537 2204 agricolae
553 2179 561 2197 :
577 2175 604 2198 et
618 2175 644 2197 tu
668 2170 735 2197 vade
754 2170 787 2197 ad
807 2170 924 2206 aliquem
941 2176 965 2205 ι)

149 2213 285 2240 hominem
312 2213 396 2242 Deum
418 2215 570 2246 timentem,
595 2220 622 2242 et
648 2215 722 2242 disce
750 2219 848 2247 artem,
873 2223 926 2250 qua

148 2260 236 2293 possis
253 2265 278 2287 te
291 2261 373 2294 alere,
386 2261 507 2296 mihique
526 2266 554 2289 et
569 2266 622 2289 tuze
642 2261 730 2289 sorori
744 2269 841 2296 panem
862 2269 928 2297 snp-

148 2305 236 2338 pedita
240 2313 274 2333 re.

183 2395 227 2423 IV.
256 2395 323 2423 Erat
340 2401 431 2423 autem
454 2395 564 2430 quidam
586 2395 696 2424 Judaeus
714 2395 886 2431 legisperitus
900 2396 928 2423 in

147 2441 256 2468 civitate
271 2440 482 2475 Eleutheropoli,
499 2441 540 2468 vir
555 2441 732 2469 admirandus
743 2446 770 2468 et
783 2441 931 2476 religiosus

147 2488 329 2519 congruenter
344 2484 395 2519 legi
409 2483 518 2520 Moysis.
545 2485 569 2512 Is
593 2485 709 2513 habebat
725 2485 928 2520 possessionem

148 2532 175 2557 in
189 2531 260 2562 vico,
274 2530 301 2557 in
316 2537 370 2564 quo
383 2535 464 2558 natus
479 2535 538 2558 erat
553 2530 730 2566 Epiphanius.
747 2531 794 2565 qui
809 2532 865 2566 jam
883 2539 929 2559 co-

147 2576 294 2611 gnoscebat
305 2576 364 2611 ejus
384 2580 487 2610 patrem
501 2581 527 2602 et
548 2581 672 2609 matrem,
690 2577 814 2604 similiter
837 2582 927 2604 autem

148 2621 328 2657 Epiphanium
356 2626 383 2649 et
398 2622 458 2656 ejus
479 2629 612 2649 sororem.
626 2621 652 2649 Is
675 2630 737 2649 cum
753 2623 873 2650 venisset
894 2622 927 2650 ad

149 2667 271 2694 visendas
297 2674 361 2694 suas
389 2667 591 2701 posseSsiones,
613 2666 681 2693 dixit
709 2667 788 2694 matri
809 2666 929 2702 Epipha-

149 2711 206 2738 nii:
230 2710 335 2742 Mulier,
352 2710 394 2737 vis
413 2711 477 2737 dare
499 2710 563 2736 mihi
581 2710 665 2737 lilium
681 2715 757 2738 tuum
774 2711 802 2738 in
818 2712 904 2739 ﬁlium
917 2711 930 2738 ?

149 2759 232 2789 tuque
255 2760 281 2783 et
308 2760 354 2783 tua
377 2755 431 2782 tilia
447 2755 579 2789 parabitis
600 2763 616 2783 e
639 2756 721 2783 domo
736 2761 842 2788 nostra,
864 2765 926 2792 qua!

148 2805 228 2828 erunt
243 2801 319 2829 vobis
331 2801 403 2829 usui.
415 2800 499 2829 Mater
513 2806 602 2829 autem
621 2801 774 2837 Epiphanii,
791 2810 852 2830 cum
869 2803 926 2831 haec

976 888 1023 917 οὗν
1042 890 1196 925 Ἐπιφάνιος
1217 890 1270 917 ἀπὸ
1285 891 1333 926 τῆς
1351 890 1411 925 βίας
1426 891 1477 925 τῆς
1499 891 1612 923 ἀταξίας
1631 891 1678 918 τοῦ
1695 891 1763 917 ὑποὲ

976 935 1069 969 ζυγίου
1085 935 1185 962 ἔπαθεν
1201 936 1246 962 τὸν
1263 936 1360 963 ἑαυτοῦ
1379 936 1476 972 μηρὸν,
1493 936 1540 963 καὶ
1555 936 1643 963 ἔκειτο
1654 936 1700 963 ὲπὶ
1712 936 1768 971 τῆς·

976 981 1045 1015 γῆς,
1074 980 1173 1008 κλαίων
1195 981 1242 1008 καὶ
1260 981 1296 1016 μὴ
1313 981 1463 1017 δυνάμενος
1477 981 1638 1016 ἀναστῆναι.
1661 982 1691 1009 '0
1716 980 1763 1008 οὖν

976 1026 1104 1058 Κλεόϐιος
1120 1026 1275 1062 προσελθὼν
1292 1027 1453 1062 Ἑπιφανίῳ,
1468 1028 1609 1062 κρατήσας
1621 1027 1705 1054 αὐτοῦ
1717 1026 1763 1053 τὸν

978 1071 1063 1106 μηρὸν
1085 1072 1114 1098 ὲν
1135 1071 1174 1107 τῷ
1191 1072 1284 1108 τόπῳ,
1307 1069 1329 1106 ᾧ
1352 1072 1483 1100 πέπονθεν
1507 1073 1559 1099 ὑπὸ
1578 1073 1624 1100 τοῦ
1645 1073 1762 1100 ἀτάκτου

976 1115 1062 1149 ζῶον,
1077 1117 1124 1143 καὶ
1139 1118 1292 1152 σφραγίσας
1306 1118 1388 1145 αὑτὸν
1404 1118 1495 1153 τριτον
1507 1137 1514 1150 ,
1530 1117 1630 1150 εὐθέως
1642 1118 1743 1153 ἀνέστη
1754 1138 1762 1149 ,

978 1162 1059 1197 μηδὲν
1073 1162 1158 1189 κακὸν
1173 1162 1242 1197 έχων
1265 1164 1294 1189 ὲν
1315 1162 1415 1198 ἑαυτῷ.
1439 1163 1468 1190 Ὁ
1488 1164 1517 1191 δὲ
1538 1163 1667 1196 Κλεόϐιος
1688 1161 1764 1190 εἶπεν

976 1208 1046 1243 πρὸς
1065 1208 1096 1235 τὸ
1119 1208 1267 1243 ὑποζύγιον
1284 1209 1373 1244 πάσης
1393 1209 1505 1243 ἀταξίας
1531 1209 1743 1246 πεπληρωμένον
1755 1218 1762 1225 ·

982 1253 1090 1289 Ἐπειδὴ
1107 1253 1259 1290 ἠϐουλήθης
1270 1254 1424 1282 θανατῶσαι
1437 1255 1483 1282 τὸν
1499 1255 1564 1281 ῐδιον
1577 1255 1721 1290 δεσπότην,
1734 1255 1765 1281 ἐν
1800 1258 1806 1263 '

975 1297 1014 1332 τῷ
1029 1298 1140 1334 ὀνόματι
1155 1299 1242 1334 Ἰησοῦ
1260 1298 1376 1334 Χριστοῦ
1384 1300 1430 1326 τοῦ
1446 1301 1652 1336 ἐσταυρωμένον
1663 1320 1670 1332 ,
1690 1309 1767 1336 μηκ-

976 1343 1017 1369 έτι
1046 1343 1177 1380 μετέλθῃς
1190 1345 1223 1371 ὲκ
1237 1344 1285 1371 τοῦ
1297 1345 1380 1371 τόπου
1392 1346 1497 1372 τούτου.
1510 1346 1565 1372 Καὶ
1581 1346 1627 1372 ἐπὶ
1639 1345 1679 1381 τῷ
1689 1345 1763 1380 λόγῳ

976 1389 1106 1416 Κλεοϐίου
1119 1391 1220 1422 εὐθέως
1235 1390 1331 1417 ἔπεσεν
1348 1391 1379 1418 τὸ
1393 1391 1540 1426 ὑποζύγιον
1566 1393 1612 1419 ἐπὶ
1633 1393 1681 1428 τὴν
1699 1393 1765 1427 γῆν,

975 1435 1022 1462 καὶ
1035 1435 1179 1462 ἀπέθανεν.
1197 1437 1253 1462 Καὶ
1268 1436 1436 1472 ἐπεζήτησεν
1448 1438 1607 1471 Ἐπιφάνιος
1617 1438 1662 1464 τὸν
1677 1438 1763 1464 Κλεό-

976 1480 1045 1513 ϐιον,
1059 1481 1161 1515 λέγων’
1177 1481 1226 1513 Τίς
1241 1483 1325 1514 ἐστιν,
1338 1482 1436 1518 πάτερ,
1443 1482 1547 1518 Ἰησοῦς
1559 1484 1573 1509 ὁ
1589 1484 1764 1519 ἐσταυρωμέ-

975 1535 1030 1558 νος,
1042 1527 1083 1553 ὅτι
1093 1522 1205 1553 τοιαῦτα
1217 1528 1319 1562 σημεῖα
1329 1527 1433 1562 γίνεται
1446 1528 1479 1555 δι’
1498 1528 1597 1562 αὐτοῦς
1612 1529 1763 1564 ’Δπεκρίθη

976 1572 1114 1604 Κλεόϐιος.
1127 1573 1174 1599 καὶ
1184 1570 1260 1599 εἶπεν
1271 1573 1339 1608 πρὸς
1350 1573 1509 1608 Ἐπιφάνιον
1521 1581 1527 1588 ·
1543 1571 1627 1606 Οὗτος
1639 1576 1653 1601 ὁ
1661 1574 1771 1610 Ἰησοῦς

976 1617 1049 1644 ἐστιν
1063 1618 1077 1644 ὁ
1097 1617 1159 1649 Tib;
1173 1617 1220 1644 τοῦ
1238 1618 1306 1645 Θεοῦ
1322 1637 1330 1650 ,
1353 1618 1383 1644 ὃν
1397 1618 1574 1654 ἐσταύρωσαν
1592 1621 1616 1646 οἱ
1634 1619 1762 1646 Ἰουδαῖοι.

981 1662 1011 1689 ὐ
1033 1663 1062 1689 δὲ
1084 1663 1242 1697 Ἐπιφάνιος
1264 1664 1383 1700 ἐφοϐήθη
1405 1664 1563 1699 ἀναγγεῖλαι
1579 1665 1619 1700 τῷ
1632 1665 1770 1700 Κλεοϐιῳ,,

976 1708 1017 1735 ὅτι
1038 1708 1163 1741 Ἰουδαῖός
1183 1710 1266 1736 ἐστιν.
1289 1710 1318 1736 ὐ
1340 1708 1387 1736 οὗν
1407 1710 1535 1743 Κλεόϐιος
1559 1710 1695 1747 ἐπορεύθη
1715 1710 1770 1746 τὴν.

977 1754 1074 1780 ἑαυτοῦ
1087 1753 1156 1787 ὁδὸν,
1173 1755 1219 1781 καὶ
1237 1754 1392 1789 Ἐπιφάνιος
1406 1755 1530 1790 εἰσῆλθεν
1547 1757 1588 1787 εἰς
1603 1756 1652 1791 τὴν
1666 1755 1764 1783 ἑαυτοῦ

977 1799 1074 1836 κώμην
1089 1800 1156 1835 πρὸς
1170 1800 1220 1836 τὴν
1235 1801 1331 1828 ἑαυτοῦ
1347 1802 1462 1837 μητέρα.
1490 1802 1593 1829 ’ἰδοῦσα
1606 1803 1635 1829 δὲ
1651 1803 1732 1830 αὑτὸν
1746 1805 1763 1838 ή

979 1847 1069 1882 μήτηρ
1086 1846 1180 1879 αὐτοῦ,
1196 1846 1345 1879 ἀπεδέξατο
1358 1847 1438 1874 αὐτὸν
1455 1847 1524 1882 μετά
1538 1849 1637 1883 χαρᾶς,
1660 1849 1708 1875 καὶ
1722 1849 1765 1880 ἐξ-

977 1892 1099 1926 ηγήσατο
1123 1892 1172 1918 ὅσα
1196 1892 1295 1927 συνέϐη
1311 1892 1385 1927 αὐτῷ
1408 1892 1451 1919 διὰ
1472 1892 1520 1919 τοῦ
1545 1893 1662 1920 ἀτάκτου
1683 1893 1764 1926 ζώου.

977 1937 1080 1972 Χρόνου
1096 1937 1124 1963 δὲ
1138 1937 1318 1974 παρελθόντος
1346 1935 1422 1964 εἴπεν
1445 1938 1460 1972 ἡ
1488 1939 1579 1974 μήτηρ
1607 1939 1764 1973 Ἐπιφανίου

978 1983 1046 2019 πρὸς
1070 1983 1167 2010 αὐτόν’
1186 1984 1251 2010 Ἰδοὺ
1266 1985 1316 2020 δὴ,
1331 1984 1437 2016 τέκνον,
1454 1985 1470 2020 ἡ
1488 1985 1523 2019 γῆ
1541 1985 1682 2020 ἀμελεῖται
1693 2005 1700 2018 ,
1717 1986 1766 2014 καὶ

978 2028 1149 2064 παραμύθιον
1170 2030 1235 2064 ἡμῖν
1248 2029 1324 2056 οὐδέν
1340 2030 1414 2056 ἐστιν
1429 2028 1458 2061 ἐξ
1471 2029 1566 2065 αὐτῆς.
1578 2028 1632 2056 Ἦν
1644 2030 1699 2066 γὰρ
1715 2031 1749 2057 αὐ
1758 2045 1765 2051 -

979 2075 1033 2105 τοῖς
1054 2074 1090 2109 γῆ
1111 2074 1163 2101 ἰδία
1187 2075 1273 2110 μικρά
1285 2083 1291 2089 ·
1308 2075 1340 2110 ἢν
1358 2075 1405 2102 καὶ
1424 2076 1438 2101 ὁ
1463 2075 1554 2111 πατὴρ
1581 2076 1663 2102 αὑτοῦ
1678 2077 1769 2111 ἐμπόη

977 2128 1031 2151 νως
1046 2120 1147 2155 ταύτην
1163 2121 1303 2156 γεωργῶν,
1317 2119 1389 2156 εἶχέν
1403 2130 1464 2148 τινα
1481 2121 1655 2157 παραμυθίαν
1675 2123 1766 2155 ἐξαύ-

977 2165 1037 2200 τῆς.
1065 2163 1148 2192 Εἶπεν
1175 2164 1222 2193 οὖν
1250 2167 1266 2201 ὴ
1291 2165 1376 2193 αὑτοῦ
1402 2167 1508 2203 μήτηρ·
1539 2167 1713 2203 Ἀποδώμεθα
1735 2168 1766 2194 τὺ

978 2211 1080 2246 γηίδιον
1090 2211 1169 2247 ἡμῶν
1182 2212 1317 2248 ἀνθρώπῳ
1328 2212 1444 2248 γεωργῷ
1454 2221 1460 2228 ’
1475 2212 1523 2240 καὶ
1535 2214 1566 2240 σὺ
1579 2212 1684 2240 εἴσελθε
1697 2213 1766 2249 πρὸς

979 2258 1106 2292 θεόφοϐον
1125 2258 1275 2294 ἄνθρωπον,
1307 2259 1354 2286 καὶ
1377 2259 1423 2285 ἔσο
1443 2259 1634 2294 διδασκόμενος
1658 2259 1765 2294 τέχνην,

978 2303 1011 2329 δι’
1027 2300 1061 2339 ἦς
1075 2303 1187 2330 δύνασαι
1208 2303 1254 2331 καὶ
1271 2304 1366 2331 ἑαυτὸν
1379 2304 1509 2340 τρέφειν,
1523 2305 1570 2331 καὶ
1585 2305 1718 2340 ἐμοὶικαὶ
1733 2306 1765 2340 τῇ

977 2348 1078 2384 ἀδελφῇ
1095 2357 1142 2375 σου
1155 2349 1235 2385 ἄρτον
1250 2351 1385 2385 χορηγεῖν.

1014 2395 1050 2420 Δ’.
1071 2392 1126 2420 *Ην
1141 2394 1169 2421 δέ
1180 2403 1222 2426 τις
1241 2395 1368 2426 Ἰουδαῖος
1384 2396 1608 2430 νομοδιδάσκαλος
1624 2397 1653 2424 ἐν
1675 2397 1766 2424 Ἐλευ-

980 2439 1130 2476 θεροπόλει,
1147 2441 1218 2476 ἀνὴρ
1232 2441 1388 2476 θαυμαστὸς
1403 2442 1450 2468 καὶ
1473 2441 1615 2477 θεοσεϐὴς,
1635 2442 1706 2471 κατὰ
1721 2443 1774 2469 τὸν

979 2484 1060 2520 νόμον
1076 2485 1226 2517 Μωῡσέως.
1247 2483 1331 2518 Οὗτος
1352 2485 1426 2522 εἶχεν
1444 2488 1556 2522 κτήσεις
1576 2489 1605 2515 ὲν
1625 2490 1658 2523 τῇ
1675 2487 1772 2522 κώμῃ,,

979 2531 1008 2557 ὲν
1058 2530 1187 2567 ἐγεννήθη
1213 2532 1388 2567 Ἐπιφάνιος·
1411 2532 1440 2564 ὃς
1463 2534 1510 2560 καὶ
1530 2534 1577 2561 τὸν
1596 2534 1700 2569 πατέρα
1715 2533 1763 2560 αὐ-

979 2575 1025 2601 τοῦ
1044 2575 1122 2611 ᾔδει,
1147 2576 1195 2603 καὶ
1214 2577 1264 2612 τὴν
1289 2577 1399 2612 μητέρα
1419 2577 1577 2611 ἐγίνωσκεν,
1599 2578 1697 2612 ὁμοίως
1719 2578 1763 2604 καὶ

986 2620 1144 2655 Ἐπιφᾶ-νιον
1159 2621 1206 2647 καὶ
1217 2621 1266 2656 τὴν
1279 2622 1361 2649 αὑτοῦ
1379 2622 1507 2658 ἀδελφήν.
1532 2620 1616 2654 Οὗτος
1638 2622 1772 2649 εἰσελθὼν.

979 2667 1020 2698 εἰς
1037 2667 1179 2701 ἐπίσκεψιν
1191 2667 1245 2694 τῶν
1259 2667 1357 2694 ἑαυτοῦ
1372 2669 1534 2704 κτημάτων,
1549 2667 1622 2694 εἶπεν
1636 2668 1703 2703 πρὸς
1715 2669 1764 2703 τὴν

981 2712 1085 2748 μητέρα
1113 2713 1290 2748 Ἐπιφανίου·
1313 2714 1406 2745 Γύναι,
1431 2714 1511 2750 βούλῃ
1536 2723 1581 2749 μοι
1606 2714 1697 2742 δοῦναι
1720 2715 1770 2743 τὸν

979 2757 1036 2784 υῑόν
1050 2766 1097 2784 σου
1109 2758 1148 2790 εἰς
1164 2758 1220 2785 υἱόν
1233 2767 1240 2791 ;
1253 2760 1299 2786 καὶ
1315 2759 1364 2796 ἔσῃ
1376 2760 1423 2786 καὶ
1439 2760 1472 2786 σὺ
1490 2760 1536 2786 καὶ
1550 2761 1567 2795 ἡ
1580 2759 1703 2796 θυγάτηρ
1719 2769 1763 2787 σου

979 2802 1028 2835 τὰς
1040 2803 1134 2839 χρείας
1148 2804 1224 2839 ὑμῶν
1240 2804 1416 2841 ποριζόμεναι
1432 2806 1464 2832 ὲκ
1474 2804 1664 2841 τοῦήμετέρου
1677 2806 1764 2835 οἴκου.
