1934 3029
186 119 221 146 29

836 119 865 146 S.
883 117 1053 145 EPIPHANII
1073 118 1162 146 VlTA.

1774 116 1809 143 ὅθ

192 167 225 193 Ἦ
237 165 265 193 δὲ
281 167 371 202 μήτηρ
390 165 548 200 Ἐπιφανίου
562 165 703 192 ἀκούσασα
715 165 791 202 παρά
801 166 847 193 τοῦ
860 166 971 202 νομικοῦ

1029 166 1161 194 audiisset
1185 173 1200 193 a
1216 166 1383 201 legisperito,
1396 165 1476 192 va.de
1504 165 1591 192 laetata
1620 168 1662 192 est
1681 173 1690 190 :
1707 167 1734 191 et
1745 171 1808 191 cum

187 212 287 244 ταῦτα,
310 212 395 246 ἐχάρη
417 211 500 242 πολὺ,
517 211 563 237 καὶ
580 211 699 238 λαϐοῦσα
719 212 887 246 Ἐπιφάνιον,
903 221 973 247 παρ-

187 255 286 282 έδωκεν
301 256 383 282 αὑτὸν
398 255 571 291 παραχρῆμα
586 257 627 287 είς
642 257 709 282 υἱόν.
731 256 768 282 Τὸ
784 257 813 283 δὲ.
827 257 911 291 ὄνομα
926 257 972 283 τοῦ

186 300 297 335 νομικοῦ
311 301 434 327 ἐκαλεῖτο
449 301 576 336 Τρύφων.
592 299 677 333 Οὗτος
692 299 763 337 εἶχεν
777 301 912 337 θυγατέρα
927 311 974 337 μο-

186 346 281 382 νογενῆ
291 354 298 361 ν
313 346 439 373 ἐϐούλετο
453 347 482 373 δὲ
497 347 598 382 ταύτην
616 347 744 380 συζεῦξαι
765 348 925 384 Ἐπιφανίῳ.

221 392 262 419 E'.
287 391 317 418 Ὀ
338 391 384 419 οὖν
402 392 519 428 Τρύφων
544 392 635 420 λαϐὼν
662 394 819 429 Ἐπιφάνιον
841 395 881 426 είς
906 394 972 426 υἱὸν,

186 437 343 464 ἐπαίδευσεν
370 438 451 465 αὐτὸν
476 439 601 474 ὲμπόνως
621 439 655 466 τὰ
680 439 728 465 τοῦ
753 439 853 475 νόμου,
873 440 920 466 καί⁵
940 440 973 466 τὰ

188 486 306 519 στοιχεῖα
324 484 358 511 τὰ
381 484 513 520 Ἑϐραϊκὰ
528 485 596 520 μετὰ
612 485 764 520 ἀκριϐείας.
784 485 973 521 Ἐτελεύτησεν

185 532 214 558 δὲ
227 533 244 567 ή
258 532 380 567 θυγάτηρ
400 532 446 559 τοῦ
462 531 626 568 Τρύφωνος,
646 533 694 559 καὶ
719 532 799 568 μόνος
818 533 974 567 Ἐπιφάνιος

183 576 218 614 ἢν
229 579 258 604 ἐν
270 578 308 614 τῷ
322 578 389 614 οἴκῳ
399 578 481 605 αὑτοῦ
497 579 658 614 προκόπτων
667 579 715 606 καὶ
724 580 758 615 τῇ
768 579 871 615 ἡλικίᾳ,
882 580 928 606 καὶ
939 581 973 615 τῇ

185 624 267 660 σοφίᾳ
280 625 312 660 τῇ
333 623 474 660 Ἐϐραῐκῇ.
491 624 593 660 Συνέϐη
610 624 639 651 δὲ
658 624 760 652 καὶτὸν
780 624 915 660 Τρύφωνα
931 633 975 651 τε·

184 671 326 706 λευτῆσαι·
346 672 393 698 καὶ
410 673 499 698 πᾶσαν
512 671 562 707 τὴν
573 671 708 707 ὑπόληψιν
720 671 802 698 αὐτοῦ
817 671 974 706 κατέλειψεν

191 717 352 753 Ἐπιφανίῳ.
371 717 562 753 Ἐτελεύτησεν
582 717 611 744 δὲ
633 718 680 745 καὶ
701 719 718 754 ἠ
742 719 832 755 μήτηρ
860 719 975 753 Ἐπιφα-

184 763 253 790 νίου.
276 763 390 789 Ἔλαϐεν
413 762 441 789 δὲ
460 763 619 797 Ἐπιφάνιος
634 762 683 798 τὴν
698 763 796 789 ἑαυτοῦ
813 763 929 799 ἀδελφὴν
945 765 974 790 ὲν

183 807 224 843 τῷ
237 808 304 843 οτκῳ
317 807 355 843 τῷ
370 808 422 834 ὑπὸ
437 807 485 834 τοῦ
500 807 647 844 Τρύφωνος
662 808 868 843 καταλειφθέντι
885 809 972 845 αὐτῷ·

184 854 232 880 καὶ
244 851 315 889 ἦσαν
327 854 352 880 οἱ
365 850 481 889 δύοᾶμα
494 853 523 881 ἐν
532 853 572 889 τῷ
586 854 654 890 οἴκῳ
668 855 698 881 ὲν
713 854 796 890 πολλῇ
809 856 974 882 καταστάσει

185 898 245 934 βίου
268 899 339 926 κατὰ
366 899 415 936 τὴν
452 899 563 936 διδαχὴν
595 900 753 936 Τρύφωνος.
782 899 914 932 Ἐξελθὼν
945 901 974 927 δὲ

191 944 348 978 Ἐπιφάνιος
369 945 398 971 ἐν
413 945 447 980 τῇ
467 943 547 980 κώμῃ
560 964 567 977 ,
594 945 623 971 ἐν
679 944 810 980 ἐγεννήθη
824 964 832 976 ,
852 945 881 972 ἐν
897 942 914 982 ᾗ
928 946 974 972 καὶ

183 989 233 1025 τὴν
249 990 343 1025 κτῆσιν
354 988 427 1025 εἷχεν
441 990 489 1026 τὴν
504 990 733 1025 καταλειφθεῖσαν
748 990 823 1026 αὐτῷ
838 991 891 1018 ὑπδ
907 991 975 1026 Τρύ-

185 1042 284 1069 φωνος,
294 1035 450 1070 ὑπήντησεν
468 1034 543 1070 αὐτῷ
553 1036 624 1070 ἁνήρ
637 1044 679 1067 τις
692 1036 853 1071 Χριστιανὸς
862 1037 974 1071 ὀνόματι

183 1079 350 1111 Λουκιανὸς,
365 1079 518 1115 θαυμαστὸς
539 1080 586 1107 καὶ
605 1080 694 1115 λόγιος
705 1101 712 1114 ,
735 1082 780 1108 τὸν
799 1082 903 1117 μονήρη
918 1081 974 1117 βίον

182 1124 366 1159 διερχόμενος,
380 1125 479 1160 τέχνην
492 1125 561 1161 ἔχων
575 1125 624 1161 τὴν
640 1126 688 1153 τοῦ
702 1127 898 1162 καλλιγράφου,
909 1127 976 1154 ταὺ-

183 1178 218 1207 τῃ
235 1179 264 1196 τε
280 1171 504 1206 προσκαρτερῶν,
519 1171 548 1206 ἐξ
563 1172 649 1208 αὐτῆς
661 1172 707 1199 τὸν
719 1172 800 1208 ἄρτον
822 1173 972 1209 ἐπορίζετο,

183 1216 232 1243 καὶ
253 1216 284 1243 τὸ
307 1216 469 1251 περισσεῦον
489 1217 611 1245 ἐπεδίδου
631 1220 690 1251 τοῖς
711 1219 857 1255 δεομένοις.
878 1220 907 1246 '0
927 1218 973 1246 οὖν

190 1262 348 1296 Ἐπιφάνιος
357 1260 391 1298 ἦν
406 1262 579 1298 ἐπιϐεϐηκὼς
593 1264 639 1291 ἐπὶ
656 1265 812 1300 ὑποζύγιον.
833 1266 862 1292 '0
876 1265 904 1292 δὲ
922 1275 974 1302 μα-

183 1307 299 1343 καρίτης
319 1307 465 1339 Λουκιανὸς
490 1306 524 1343 ἦν
545 1310 705 1345 περιπατῶν
730 1311 760 1337 ὲν
782 1312 815 1346 τῇ
838 1310 901 1346 ὁδῷ,
926 1312 973 1338 καὶ

184 1355 353 1388 συνήντησαν
366 1354 517 1390 ἀμφότεροι
531 1354 666 1391 ἀλλήλοις.
688 1356 790 1392 Συνέϐη
807 1357 851 1389 δὲ.
870 1358 973 1393 πένητά

182 1407 244 1425 τινα
265 1399 440 1426 ἐπιλαϐέσθαι
461 1400 516 1426 τῶν
544 1401 634 1428 ποδῶν
656 1402 824 1429 Λουκιανοῦ·
837 1403 885 1430 καὶ
900 1402 972 1438 λέγει

183 1444 252 1480 πρὸς
265 1445 362 1471 αὐτόν’
379 1445 523 1481 ’Ἄνθρωπε
545 1445 593 1472 τοῦ
616 1445 682 1473 Θεοῦ
694 1467 702 1480 ,
717 1447 830 1482 ἐλέησόν
856 1456 907 1483 με,
932 1449 972 1474 ὅτι

991 841 1010 868 Β

181 1491 257 1525 τρεῖς
271 1490 377 1527 ἡμέρας
390 1490 444 1525 ἔχω
457 1491 550 1523 ἄσιτος
563 1491 704 1525 διατελῶν,
724 1493 761 1528 μὴ
779 1493 848 1528 ἔχων
859 1494 971 1529 ἐμαυτῷ
985 1512 1007 1542 c
1024 1501 1079 1523 [res
1095 1495 1154 1521 dies
1173 1499 1321 1529 permaneo
1336 1492 1457 1527 jejunus,
1476 1495 1507 1518 ut
1528 1491 1575 1525 qui
1593 1490 1661 1517 nihil
1685 1490 1698 1517 Ι]

183 1536 276 1568 μηδέν-
297 1537 326 1563 ὐ
345 1537 373 1563 δὲ
389 1537 524 1568 μακάριος
537 1538 704 1568 Λουκιανὸς.
729 1538 766 1568 μὴ
780 1538 849 1568 ἐγων
863 1540 889 1566 τί
904 1540 973 1566 ἀπο·
1001 1547 1004 1550 ί
1024 1540 1121 1568 Beatus
1149 1544 1239 1567 autem
1267 1538 1415 1568 Lucianus.
1441 1545 1504 1565 cum
1528 1537 1598 1564 nihil
1625 1536 1698 1563 aliud

1001 1541 1121 1568 ‘Beatus
1149 1544 1239 1567 aulem
1267 1541 1415 1571 Lucianus,
1441 1545 1504 1565 cum
1528 1541 1598 1564 nihil
1625 1541 1698 1563 aliud
1722 1541 1812 1571 posset

183 1536 276 1572 μηδέν.
297 1537 326 1563 'U
345 1537 373 1563 δὲ
389 1537 524 1573 μακάριος
537 1538 704 1570 Λουκιανὸς,
729 1538 767 1574 μὴ
780 1538 849 1574 ἔχων
863 1540 889 1566 τί
904 1540 973 1566 ἀπο-

182 1582 273 1609 δοῦναι
288 1582 327 1617 τῷ
346 1582 453 1618 πένητι,
474 1582 505 1609 τὸ
529 1583 702 1618 περιϐόλαιον
717 1580 800 1610 αὑτοῦ
817 1585 974 1612 ἁποσκεπά-

183 1637 233 1661 σας
250 1629 370 1656 ἐπεδίδου
381 1650 388 1663 ,
414 1625 501 1663 λέγων
512 1638 519 1645 ·
534 1629 646 1657 Εῐσελθε
662 1632 691 1657 ἐν
706 1631 739 1666 τῇ
754 1630 850 1663 πόλει,
866 1632 912 1658 καὶ
927 1631 972 1658 πί-

182 1683 286 1710 πρασον
301 1675 390 1707 τοῦτο,
406 1675 451 1702 καὶ
463 1674 567 1710 ὤνησαι
582 1675 691 1711 ἄρτους.

218 1720 263 1753 ς’.
283 1719 311 1745 '0
327 1719 356 1746 δὲ
377 1719 537 1754 Ἐπιφάνιος
552 1720 717 1756 προσέσχεν,
733 1721 775 1747 δτι
791 1720 829 1752 ὡς
854 1721 972 1747 ἀπεσκέ-

181 1773 267 1792 πασεν
283 1765 378 1792 ἑαυτὸν
390 1766 549 1798 Λουκιανὸς.
565 1766 612 1793 καὶ
624 1766 724 1793 ἔδωκεν
735 1766 774 1802 τῷ
789 1766 895 1802 πένητι,
911 1766 974 1793 θεω-

183 1812 228 1847 ρεῖ
241 1810 339 1847 λευκὴν
353 1811 449 1847 στολὴν
462 1811 510 1838 ἀπ’
526 1812 641 1847 οὐρανοῦ
655 1812 838 1839 κατελθοῦσαν
851 1813 898 1839 κει)⁸
911 1821 973 1840 σκε-

181 1853 306 1885 πᾶσασαν
320 1857 411 1884 αὐτόν.
430 1857 486 1884 Kal.
507 1857 629 1893 ἐφοϐήθη
651 1858 809 1893 Ἐπιφάνιος
829 1858 911 1893 φόϐον
927 1858 974 1894 μέ-

180 1911 249 1938 γαν·
272 1903 319 1929 καὶ
336 1902 427 1929 πεσὼν
451 1903 497 1930 ἐπὶ
519 1903 675 1939 πρόσωπον,
698 1904 780 1939 ῥίψας
801 1904 896 1931 ἑαυτὸν
919 1905 974 1931 ἀπὸ

182 1947 341 1983 ὑποζυγίου,
353 1946 431 1975 εἶπεν
452 1948 520 1983 πρὸς
535 1949 700 1976 Λουκιανόν·
725 1950 825 1984 Δέομαί
847 1958 904 1982 σου,
927 1950 973 1977 ἄν·

183 1995 288 2031 θρωπε,
308 1995 384 2022 εἰπόν
401 2003 460 2031 μοι·
475 1995 517 2027 τίς
529 1993 572 2027 εῐ;
591 1995 620 2021 '0
636 1996 663 2022 δὲ
677 1997 812 2031 μακάριος
826 1997 973 2028 Λουκιανὸς

184 2041 259 2069 εἶπεν
278 2042 347 2078 πρὸς
365 2041 540 2076 Ἐπιφάνιον·
565 2041 649 2068 Εἰπόν
677 2050 723 2077 μοι
747 2042 790 2075 σὺ,
809 2042 889 2074 ποίας
908 2042 973 2078 θρη-

184 2088 277 2120 σκείας
292 2088 434 2124 ὑπάρχεις,
446 2087 532 2123 ,κάγὼ
547 2088 690 2122 ἀναγγελῶ
715 2096 757 2114 σοι
774 2089 808 2115 τὰ
829 2089 888 2115 κατ’
910 2089 971 2124 ἐμέ.

189 2133 334 2168 Ἀπεκρίθη
361 2133 536 2168 Ἐπιφάνιος,
563 2132 610 2159 καὶ
635 2131 728 2159 εἶπεν·
749 2133 874 2164 Ἰουδαῖός
901 2133 969 2168 εἰμι.

1027 213 1174 248 accepisset
1191 212 1383 247 Epiplianium,
1397 219 1459 249 eum
1478 210 1632 245 legisperito
1652 210 1742 237 statim
1759 210 1808 236 de-

1024 259 1066 286 dit
1084 259 1112 285 in
1130 257 1226 285 ﬁlium.
1250 256 1316 284 Erat
1331 256 1488 291 legisperito
1500 256 1538 283 illi
1553 263 1652 283 nomen
1669 254 1808 290 Tryphon,

1025 304 1073 339 qui
1087 304 1183 331 habuit
1200 302 1283 329 ﬁliam
1304 301 1484 337 unigenitam.
1498 301 1660 335 volebatque
1671 308 1731 327 eain
1743 300 1810 335 jun-

1024 358 1086 386 gere
1103 349 1263 385 Epiphanio.

1063 395 1095 423 ν.
1115 396 1185 423 Cum
1200 395 1292 430 itaque
1303 393 1432 430 Tryphon
1454 393 1636 428 Epiphanium
1659 392 1810 426 accepisset

1025 442 1052 469 in
1072 442 1169 475 ﬁlium,
1195 447 1365 476 quatcunqne
1394 445 1459 467 sunt
1481 439 1547 474 legis
1578 447 1640 466 eum
1666 439 1810 473 diligenter

1024 488 1131 520 docuit,
1145 493 1172 514 et
1186 487 1321 514 elementa
1338 485 1471 514 Hebraica
1487 489 1624 512 accurale.
1645 484 1749 512 Mortua
1769 489 1811 511 est

1026 539 1116 561 autem
1132 533 1185 560 ﬁlia
1207 532 1371 568 Tryphonis,
1386 531 1516 566 solusque
1530 531 1699 566 Epiphanius
1711 536 1769 558 erat
1783 531 1811 558 in

1024 578 1108 607 domo
1125 578 1197 613 ejus,
1211 577 1356 612 proﬁciens
1371 581 1451 604 aetate
1463 580 1490 604 et
1509 576 1644 611 sapientia
1666 574 1809 603 Hebraica.

1024 625 1130 653 Accidit
1147 632 1223 657 vero,
1239 627 1271 650 ut
1289 622 1418 658 Tryphon
1441 629 1550 657 quoque
1566 620 1727 648 decederet:
1751 627 1812 646 om-

1025 678 1128 707 nesque
1148 670 1291 698 facultates
1308 676 1372 697 suas
1387 667 1499 702 reliquit
1511 666 1684 702 {Epiphania
1705 665 1811 693 Mortua

1024 721 1067 745 est
1087 721 1178 744 autem
1204 721 1292 743 mater
1319 722 1430 749 quoque
1457 713 1612 748 Epiphanii.
1635 711 1688 744 Qui
1709 711 1812 746 accepit

1025 771 1146 792 sororem
1161 770 1239 790 suam
1258 762 1286 789 in
1299 761 1391 793 domo,
1406 767 1466 796 quae
1483 767 1498 787 a
1516 759 1662 794 Tryphonc
1682 757 1734 785 sibi
1750 757 1812 784 reli-

1025 815 1067 837 ota
1092 809 1190 836 fuerat.
1220 807 1358 842 Erantque
1380 806 1462 833 ambo
1487 805 1561 833 domi
1582 805 1610 830 in
1634 811 1732 838 magna
1752 802 1812 829 vita:

1026 852 1230 888 tranquillitate,
1249 851 1445 879 convenienter
1461 849 1602 882 doctrinae,
1632 855 1714 883 quam
1734 855 1812 875 acce—

1026 903 1149 934 peranta
1170 898 1327 933 Tryphone.
1345 897 1464 932 Egresso
1488 899 1579 923 autem
1606 893 1758 929 Epiphanio
1784 893 1812 919 in

1025 946 1116 973 vicum
1130 945 1157 972 in
1173 952 1228 979 quo
1243 948 1325 971 natus
1351 944 1452 973 fuerat,
1476 942 1504 969 in
1526 948 1583 976 quo
1597 941 1680 967 etiam
1695 939 1812 966 habebat

1024 989 1214 1025 possessiones
1241 988 1350 1015 relictas
1370 995 1384 1014 a
1408 986 1563 1022 Tryphone,
1588 985 1711 1012 occurrit
1730 984 1755 1011 ei
1770 983 1812 1010 vir

1024 1035 1137 1071 quidam
1151 1034 1334 1067 Christianus,
1347 1034 1457 1060 nomine
1471 1033 1618 1064 Lucianus,
1637 1031 1813 1059 admirandus

1023 1086 1051 1110 et
1072 1081 1206 1113 eruditus,
1229 1081 1277 1115 qni
1295 1081 1380 1108 vitam
1406 1079 1551 1107 exercebat
1573 1077 1765 1108 monasticam,
1785 1080 1812 1104 el

1024 1129 1157 1165 elegantis
1179 1127 1284 1155 librarii
1313 1131 1397 1154 artem
1427 1125 1550 1160 apprime
1581 1123 1708 1157 tenebat,
1732 1123 1812 1157 eique

1024 1180 1134 1203 strenue
1156 1180 1261 1201 navans
1287 1179 1409 1208 operam,
1437 1178 1470 1198 ex
1490 1177 1522 1198 ea
1550 1177 1648 1205 panem
1674 1169 1812 1204 quaerebat

1024 1220 1213 1255 quotidianum
1237 1227 1244 1252 ;
1280 1222 1308 1246 et
1335 1217 1409 1252 quod
1439 1220 1580 1251 supererat
1596 1236 1604 1248 ,
1641 1214 1812 1249 impertiebat

1023 1266 1174 1302 egentibus.
1207 1265 1296 1300 Atque
1328 1263 1497 1298 Epiphanius
1523 1261 1632 1298 quidem
1658 1261 1812 1294 jumentum

1023 1313 1240 1341 conscenderat:
1264 1311 1360 1338 beatus
1379 1311 1470 1337 auteln
1486 1308 1626 1336 Lucianus
1646 1307 1673 1333 in
1689 1307 1732 1333 via
1749 1314 1811 1333 ain-

1023 1358 1143 1390 bnlabat,
1158 1361 1185 1385 et
1199 1357 1280 1385 ambo
1292 1356 1345 1384 sibi
1365 1356 1481 1383 invicem
1499 1355 1690 1382 occurrerunt.
1709 1351 1811 1381 Accidit

1024 1411 1098 1437 vero,
1111 1408 1139 1430 ul
1154 1410 1257 1438 pauper
1271 1402 1382 1437 quidam
1399 1401 1483 1436 pedes
1494 1399 1608 1427 Luciani
1622 1401 1812 1435 prehenderet,

1023 1453 1050 1476 et
1068 1449 1093 1476 ei
1109 1448 1212 1475 diceret
1229 1456 1236 1474 :
1253 1446 1340 1478 Homo
1362 1445 1419 1479 Dei,
1437 1445 1568 1472 miserere
1584 1445 1654 1477 mei;
1666 1445 1722 1478 jam
1739 1443 1812 1470 enim

1024 1501 1079 1523 tres
1095 1495 1154 1521 dies
1173 1499 1321 1529 permaneo
1336 1492 1457 1527 jejunus,
1476 1495 1507 1518 ut
1528 1491 1575 1525 qui
1593 1490 1661 1517 nihil
1685 1490 1812 1518 habeam.

1023 1587 1088 1614 dare
1101 1586 1224 1621 pauperi,
1240 1592 1270 1613 se
1285 1585 1386 1612 amictu
1400 1591 1512 1617 exuens,
1527 1591 1590 1610 eum
1610 1583 1648 1609 illi
1664 1583 1758 1614 donat,
1770 1581 1812 1609 di-

1023 1640 1111 1660 cens:
1137 1630 1282 1667 Ingredere
1307 1630 1460 1663 civitatem,
1476 1633 1503 1656 et
1518 1629 1615 1661 vende,
1639 1633 1667 1656 et
1683 1636 1742 1655 eme
1764 1628 1812 1655 tibi

1023 1686 1118 1713 panes.

1059 1723 1103 1751 Vl.
1121 1722 1244 1751 Advertit
1267 1726 1358 1750 autem
1382 1720 1562 1756 Epiphanius,
1588 1720 1662 1756 quod
1688 1728 1750 1748 cum
1783 1727 1812 1747 sc

1022 1769 1144 1798 exuisset
1164 1768 1313 1800 Lucianus,
1330 1772 1357 1794 et
1370 1767 1489 1795 dedisset
1508 1767 1632 1802 pauperi,
1647 1766 1731 1794 vestis
1744 1774 1810 1793 can-

1021 1815 1085 1844 dida
1101 1815 1135 1843 de
1157 1815 1226 1843 caelo
1241 1813 1407 1842 descendens
1423 1820 1487 1840 eum
1508 1817 1622 1840 texerat.
1644 1812 1742 1847 Magno
1759 1812 1811 1839 ita-

1022 1870 1077 1897 que
1096 1862 1193 1895 timore
1212 1860 1263 1888 fuit
1280 1859 1394 1886 allectus
1411 1858 1593 1894 Epiphanius,
1609 1865 1768 1894 pronusque
1782 1859 1810 1885 in

1022 1907 1118 1935 faciem
1132 1906 1232 1934 cadens
1251 1913 1266 1932 e
1280 1905 1415 1939 jumento,
1436 1904 1506 1932 dixit
1523 1903 1663 1932 Luciano:
1679 1903 1755 1938 “ego
1773 1908 1809 1936 te,

1022 1963 1039 1982 ο
1056 1955 1146 1987 homo,
1164 1953 1208 1980 dic
1227 1952 1293 1979 mihi
1310 1961 1318 1979 ι
1335 1952 1462 1987 quisnam
1476 1951 1525 1978 es?
1539 1950 1639 1978 Beatus
1653 1955 1743 1977 autem
1759 1949 1810 1976 Lu-

1022 2003 1118 2028 cianus
1133 2000 1201 2027 dixit
1217 1999 1370 2034 Epiphanio
1386 2007 1393 2025 :
1412 1997 1460 2025 Dic
1474 1988 1541 2024 mihi
1558 2002 1597 2030 tu,
1612 1996 1756 2031 cujusnam
1772 1996 1810 2023 sis

1022 2045 1171 2081 religionis,
1196 2049 1222 2072 et
1246 2051 1297 2079 ego
1322 2050 1412 2070 meam
1439 2041 1489 2070 tibi
1507 2041 1635 2068 referam.
1661 2040 1810 2074 Respondit

1022 2089 1200 2125 Epiphanius,
1227 2093 1254 2116 et
1268 2088 1337 2115 dixit
1355 2096 1362 2114 :
1383 2086 1449 2113 Sum
1476 2085 1596 2113 Iudaeus.
1620 2084 1699 2111 Novit
1717 2085 1810 2117 itaque

1021 2135 1159 2164 Lucianus
1176 2134 1291 2170 gratiam
1306 2133 1354 2160 Dei
1369 2133 1500 2161 cecidisse
1515 2138 1596 2165 super
1610 2129 1807 2165 Epiphanium.

181 2179 274 2213 Ἔγνω
288 2177 334 2205 οὖν
342 2179 499 2210 Λουκιανὸς,
517 2179 558 2205 ὅτι
577 2178 657 2214 χάρις
670 2178 738 2205 Θεοῦ
753 2178 887 2205 ἐπέπεσεν
903 2179 971 2215 πρὸς

1024 2181 1089 2209 Nam
1108 2180 1308 2216 praescientiam
1326 2185 1435 2214 quoque
1450 2178 1567 2205 habebat
1587 2176 1735 2204 Lucianus.
1759 2175 1809 2203 Re-

185 2225 344 2260 Ἐπιφάνιον
354 2233 362 2240 ³
375 2223 409 2260 ἦν
423 2225 477 2260 γὰρ
492 2225 539 2251 καὶ
559 2225 713 2260 πρόγνωσιν
727 2225 796 2261 ἒχων
812 2226 969 2257 Λουκιανός.

187 2271 333 2307 Ἀπεκρίθη
357 2271 507 2303 Λουκιανὸς
531 2271 601 2307 πρὸς
632 2271 807 2307 Ἐπιφάνιον’
838 2272 900 2303 Πῶς
927 2272 969 2305 σὺ,

187 2317 312 2349 Ἰουδαῖος
323 2316 372 2351 ὢν,
391 2318 533 2353 ὲπερωτᾷς
548 2318 710 2354 Χριστιανὸν
728 2317 824 2353 μαθεῖν
838 2318 879 2349 τίς
894 2318 969 2353 εἱμι;

181 2363 221 2389 ὅτι
248 2363 384 2399 βδέλυγμα
400 2364 426 2390 oi
447 2364 568 2390 Ἰουδαῖοι
594 2364 650 2395 τοῖς
674 2364 846 2398 Χριστιανοῖς
858 2384 865 2396 ,
883 2363 930 2390 καὶ
945 2364 971 2389 οἱ

181 2406 339 2442 Χριστιανοὶ
352 2409 410 2440 τοῖς
426 2407 572 2440 Ἰουδαίοις.
587 2408 651 2435 Ἰδοὺ
664 2407 696 2443 δὴ
705 2407 835 2443 ἦκουσας,
850 2409 891 2435 ὅτι
904 2409 972 2444 Χρι-

180 2453 287 2485 στιανός
310 2454 383 2488 εἰμι·
399 2453 449 2480 οὐκ
467 2453 571 2487 ἔξεστίν
592 2463 633 2481 σοι
646 2453 709 2482 ἄλλο
729 2463 755 2480 τι
772 2454 887 2481 ἀκοῦσαι
904 2457 970 2490 παρ’

180 2497 258 2533 ἐμοῦ.
275 2499 305 2524 Ὃ
319 2497 348 2524 δὲ
371 2499 529 2534 Ἐπιεράνιος
549 2497 626 2526 εἶπεν
642 2492 710 2535 πρὸς
732 2500 880 2527 Λουκιανόν
891 2509 897 2515 ·
915 2500 971 2527 Καὶ

180 2543 207 2569 τί
219 2543 318 2570 κωλύει
331 2543 379 2570 τοῦ
391 2545 437 2570 καὶ
448 2545 498 2579 ἐμὲ
510 2541 637 2579 γενέσθαι
650 2546 812 2582 Χριστιανὸν
822 2555 830 2578 ;
841 2546 971 2582 Ἀπεκρί-

181 2589 213 2625 θη
237 2590 385 2620 Λουκιανὸς
412 2591 459 2617 καὶ
480 2589 574 2618 εἶπεν·
603 2592 639 2618 Τὸ
677 2591 714 2627 μὴ
737 2591 823 2618 θέλειν
853 2591 969 2619 κωλύει·

181 2634 210 2661 τδ
239 2634 296 2671 γὰρ
326 2635 413 2662 θέλειν
455 2638 492 2671 (ιι)
523 2638 664 2672 πάρεστιν.
692 2637 913 2672 Κατανυχθέντος
942 2637 971 2664 δὲ

187 2678 346 2715 Ἐπιφανίου
373 2681 420 2708 ἐπὶ
455 2683 511 2714 τοῖς
547 2682 636 2717 λόγοις
667 2683 838 2716 Λουκιανοῦ,
878 2683 969 2710 οὐκέτι

183 2724 315 2760 ἐπορεύθη
327 2726 396 2762 πρὸς
409 2727 554 2762 ἐπίσκεψιν
565 2728 615 2764 τῆς
632 2729 728 2756 ἑαυτοῦ
745 2731 868 2766 κτήσεως
878 2737 884 2745 ·
901 2729 969 2757 ἀλλὰ

184 2770 271 2796 λαϐὼν
286 2772 444 2806 Λουκιανὺν,
460 2774 618 2809 εἰσήνεγκεν
631 2776 710 2803 αὐτὸν
726 2777 764 2808 εἰς
774 2777 820 2803 τὸν
834 2774 906 2804 οἶκον
920 2777 969 2803 αὺ-

221 2828 257 2861 (a)
269 2828 396 2860 Fortasse
408 2831 550 2861 δύνασθαι.

1022 2226 1131 2263 spondit
1156 2233 1221 2261 ergo
1257 2224 1407 2256 Lucianus,
1434 2228 1462 2251 et
1485 2223 1554 2251 dixit
1576 2221 1750 2258 Epiphanio:
1775 2221 1810 2249 Et

1021 2272 1159 2307 quomodo
1181 2276 1208 2298 tu
1225 2278 1288 2297 cum
1313 2270 1351 2298 sis
1368 2269 1489 2301 Judleus,
1512 2275 1593 2303 rogas
1609 2267 1807 2300 Christianum,

1020 2319 1148 2353 quisnam
1175 2317 1230 2344 sit?
1248 2317 1403 2344 Abhorrent
1425 2315 1497 2343 enim
1521 2315 1670 2342 Christiani
1685 2313 1807 2346 Iudaeos,

1020 2369 1046 2392 et
1059 2363 1144 2392 Judaei
1157 2363 1341 2390 Christianos.
1357 2362 1427 2390 Ecce
1444 2361 1571 2388 audivisti
1594 2369 1638 2388 me
1652 2368 1714 2388 esse
1728 2361 1808 2388 Chri—

1020 2411 1139 2438 stianum
1154 2419 1161 2436 :
1179 2417 1234 2436 non
1249 2409 1312 2435 licet
1326 2408 1374 2436 tibi
1391 2408 1486 2435 audire
1499 2415 1533 2435 ex
1544 2415 1587 2435 me
1603 2407 1708 2442 aliquid
1720 2408 1806 2435 aliud.

1020 2455 1190 2491 Epiphanius
1208 2459 1300 2481 autem
1315 2453 1385 2481 dixit
1408 2453 1530 2481 Luciano
1545 2462 1553 2480 :
1569 2453 1602 2481 Et
1625 2454 1690 2488 quid
1705 2454 1805 2487 obstat,

1020 2510 1074 2537 quo
1090 2502 1180 2530 minus
1195 2507 1245 2536 ego
1259 2507 1368 2535 quoque
1381 2499 1432 2526 sim
1449 2499 1639 2527 Christianus?
1660 2499 1807 2535 Respondit

1020 2548 1168 2579 Lucianus,
1186 2551 1214 2574 et
1230 2547 1298 2574 dixit
1315 2556 1321 2573 :
1340 2545 1369 2573 ld
1386 2553 1471 2573 unum
1496 2546 1596 2578 obstat,
1612 2546 1683 2580 quod
1711 2546 1781 2573 nolis
1797 2553 1805 2572 :

1020 2594 1082 2622 licet
1096 2593 1179 2625 enini,
1195 2594 1218 2620 si
1235 2593 1314 2620 velis.
1333 2591 1448 2619 Luciani
1462 2596 1551 2619 autem
1564 2592 1655 2619 verbis
1671 2599 1807 2626 compun—

1019 2645 1080 2667 ctus
1099 2638 1279 2673 Epiphanius,
1297 2645 1351 2665 non
1380 2637 1498 2672 perrexit
1519 2637 1636 2672 amplius
1662 2637 1694 2664 ad
1709 2637 1806 2664 viden-

1019 2686 1080 2714 dam
1099 2693 1176 2713 suain
1200 2685 1399 2720 possessionem
1418 2694 1424 2711 :
1451 2684 1498 2711 sed
1514 2684 1617 2718 accepit
1639 2681 1804 2715 Lucianum,

1018 2737 1045 2760 et
1057 2731 1208 2759 introduxit
1229 2731 1256 2758 in
1270 2731 1382 2758 domum
1400 2738 1489 2763 suam,
1505 2737 1565 2765 qua:
1585 2730 1610 2757 ei
1631 2729 1725 2757 relicta
1750 2729 1806 2756 fue-

1021 2783 1072 2811 rat,
1091 2783 1118 2806 et
1133 2777 1252 2806 ostendit
1267 2777 1292 2805 ei
1305 2776 1408 2811 omnia,
1424 2784 1484 2812 quae
1495 2776 1569 2805 domi
1585 2779 1674 2810 erant,
1688 2775 1782 2803 dicens
1796 2784 1804 2802 :
