1934 3029
124 106 156 134 3i
768 107 797 134 S.
821 105 914 133 EPIP!‘

971 106 990 133 ll
1014 107 1092 134 VITA
1709 107 1746 135 52

124 163 171 191 ll.e
183 168 247 191 sunt
265 171 330 192 mete
347 163 500 196 facultates,
518 172 534 190 ο
557 169 642 199 pater.
658 164 724 191 Volo
746 169 836 191 autem
853 164 909 190 ﬁeri

967 164 1008 190 τοῦ
1034 166 1078 191 τὸν
1106 165 1317 200 καταλειφθέντα
1344 164 1437 200 αὐτῷ,
1468 173 1514 190 και
1541 163 1640 195 ἔδειξεν
1670 162 1745 198 αὒτῷ

123 209 306 241 Christianus.
338 214 365 237 et
387 210 469 236 vitam
502 210 610 244 exigere
640 210 829 237 monasticam.
862 209 910 236 Est

124 261 187 279 vero
202 254 267 280 mihi
282 262 392 289 quoque
409 255 465 281 hmc
482 261 560 282 soror
575 264 582 281 :
605 253 675 287 Quid
693 254 726 281 de
747 254 789 281 his
807 253 910 288 iubes?

124 301 222 327 Beatus
236 305 324 327 antem
342 300 479 327 Lucianus
495 300 563 327 dixit
583 299 734 334 Epiphanio
749 309 755 326 :
779 299 837 326 Non
854 307 909 334 po—

124 352 176 378 tes,
199 354 215 373 ο
231 346 267 372 lili
280 366 287 377 .
313 346 336 373 si
355 346 404 373 has
425 346 526 373 habeas
544 351 666 373 terrenas
689 346 808 377 divitias,
823 346 907 372 vitam

123 394 232 427 exigere
256 391 434 419 monasticam
452 401 459 418 :
485 392 532 419 sed
551 392 627 426 prius
649 399 771 419 sororem
799 391 908 426 quidem

124 445 199 466 tuam
214 438 248 465 da
267 442 392 472 nuptum,
414 442 441 464 et
463 438 497 464 da
527 438 551 464 ei
576 445 636 472 quae
655 441 720 464 sunt
742 437 907 464 necessaria.

125 485 227 513 Deinde
251 484 291 511 sic
309 484 422 518 pulchre
441 484 542 518 poteris
562 491 623 511 esse
650 483 813 511 monachus.
837 482 909 510 Dixit

125 531 294 566 Epiphanius
322 530 468 557 Luciano:
495 529 637 560 Primum,
669 535 765 564 pater,
795 528 839 555 fac
865 535 909 555 me

124 576 307 604 Christianum
323 584 330 601 :
344 575 441 602 deinde
459 575 498 602 sic
516 574 626 605 faciam,
640 582 808 608 quaecunque
820 579 849 600 tu
866 581 910 601 me

124 621 247 656 iusseris.
270 620 344 647 Dixit
358 625 449 647 autem
464 621 488 647 ei
505 620 640 647 Lueianus
659 629 665 647 :
682 619 740 647 Non
758 620 820 646 licet
842 620 909 646 mihi

126 667 229 701 absque
243 666 372 700 episcopo
388 665 478 692 facere
500 671 526 693 te
547 665 733 693 Christianum
748 674 755 692 :
778 665 835 701 [sed
850 671 909 692 esto

126 713 153 739 in
178 713 223 745 iis,
241 719 301 747 quae
320 711 353 739 ad
371 711 456 739 Deum
476 712 623 746 pertinent,
637 716 665 738 et
678 719 728 746 ego
741 712 910 740 annuntiabo

125 757 264 792 episcopo,
285 757 332 792 qui
348 762 374 784 te
395 757 475 784 faciet
489 757 699 793 Christianum]

962 210 1051 237 πάντα
1066 211 1099 237 τὰ
1117 212 1145 238 ἐν
1162 211 1200 247 τῷ
1216 211 1282 245 οἴκῳ
1298 210 1390 241 αὑτοῦ,
1405 211 1490 244 λέγων
1503 219 1509 225 ³
1524 209 1616 236 Ταῦτὰ
1634 218 1678 245 μοι
1695 210 1747 236 ὑπ-

963 255 1041 290 άρχει
1051 275 1059 287 ,
1075 256 1161 292 πάτερ
1172 264 1178 271 ·
1195 256 1264 282 θέλω
1276 256 1303 282 δὲ
1315 256 1476 290 Χριστιανὸς
1490 255 1626 289 γενέσθαι,
1642 255 1688 281 καὶ
1699 254 1744 281 τοι.

964 302 1070 337 μονήρη
1088 302 1144 336 βίον
1157 302 1303 337 μετελθεῖν.
1314 303 1406 329 Ἔστιν
1418 302 1446 328 δέ
1461 311 1505 337 μοι
1522 301 1590 336 αὕτη
1602 301 1618 336 ὴ
1632 300 1741 335 ἀδελφή,

963 349 996 375 Τί
1008 347 1131 378 κελεύειᾳ
1146 349 1209 382 περὶ
1223 348 1341 380 toﬁ-tow;
1364 347 1393 374 Ὁ
1408 347 1436 373 δὲ
1451 347 1583 382 μακάριος
1599 346 1742 378 Λουκιανὲς

962 391 1039 419 εἶπεν
1063 392 1131 427 πρὸς
1158 392 1333 426 Ἐπιφάνιονο
1358 392 1396 418 Οὐ
1421 392 1546 423 δύνασαι,
1571 390 1674 421 τέκνον,
1695 390 1744 425 τὴν

963 437 1028 472 ὕλην
1041 438 1130 464 πᾶσαν
1143 436 1245 472 ταύτην
1259 437 1338 472 ἔχων,
1347 437 1392 464 τὸν
1407 441 1508 472 μονήρη
1521 436 1577 471 βίον
1591 435 1742 470 μετελθεῖνε

963 483 1021 509 ἀλλ’
1039 482 1115 514 ἐκδος
1140 483 1188 518 μέν
1201 483 1250 518 τὴν
1269 482 1385 518 ἀδελφήν
1398 491 1445 509 σου
1460 482 1546 517 ἀνδρὶ,
1562 482 1609 509 καὶ
1622 481 1666 512 δὸς
1676 481 1744 515 αὐτῇ

961 529 997 556 τὰ
1015 528 1083 564 πρὸς
1097 527 1146 563 τὴν
1162 528 1256 563 χρείαν
1267 535 1274 543 ”
1296 528 1342 554 καὶ
1365 528 1399 554 τὰ
1419 526 1500 553 λοιπὰ
1515 526 1558 557 δὺς
1572 526 1627 555 τοῖς
1652 525 1746 560 χρείαν

962 575 1068 610 ἔχουσιν
1080 581 1087 588 ·
1105 571 1155 599 εἶθ’
1178 572 1263 605 οὕτως
1279 573 1387 608 δυνήσει
1411 572 1524 607 μονάσαι
1546 570 1645 601 καλῶς.
1662 568 1748 597 Εἶπεν

962 620 990 645 δὲ
1018 618 1179 653 Ἐπιφάνιος
1203 618 1272 652 πρὸς
1302 617 1466 645 Λουκιανόνο
1490 615 1621 652 Πρῶτον,
1647 616 1745 650 πάτερ,

962 664 1074 699 ποίησόν
1090 672 1123 698 με
1136 662 1315 698 Χριστιανόν·
1331 659 1380 688 εἷθ’
1396 661 1482 693 οὓτως
1495 661 1600 696 ποιήσω
1615 659 1747 686 πάντατὰ

964 708 1167 744 προσταχθέντα
1192 715 1238 742 μοι
1259 707 1311 734 ὑπὸ
1332 707 1390 733 σοῦ.
1408 707 1438 733 '0
1457 707 1485 733 δὲ
1507 705 1654 736 Λουκιανὸς
1671 702 1749 730 εἶπεν

963 755 1032 791 πρὸς
1057 754 1230 788 Ἐπιφάνιον·
1258 753 1314 779 Οὐκ
1340 751 1443 784 ἔξεστίν
1461 760 1516 787 μοι,
1541 751 1676 786 παρεκτὸς
1699 749 1747 776 τοῦ

964 800 1124 832 ἐπισκόπου,
1142 799 1255 834 ποιῆσαί
1270 807 1299 825 σε
1312 798 1484 834 Χριστιανὸν.

165 843 218 870 Vll.
238 842 361 878 Cumque
374 843 432 870 haec
444 842 558 870 dixisset
571 842 717 875 Lucianus.
731 851 857 878 egressus
868 851 910 872 est

996 847 1033 873 Z’.
1055 846 1108 873 Καὶ
1130 845 1208 871 τοῦτο
1227 844 1311 872 εἰπὼν
1328 844 1486 876 Λουκιανὸς,
1504 843 1615 878 ἐξῆλθεν
1641 842 1674 868 ἐκ
1699 841 1747 868 τοῦ

126 894 143 914 e
156 887 237 914 domo
251 886 404 921 Epiphanii.
417 892 445 914 et
456 887 505 914 ivit
515 889 548 915 ad
562 888 730 923 episcopum.
740 888 910 924 Epiphanius

128 937 218 960 autem
234 940 288 959 non
305 936 459 965 cunctatus,
476 933 566 960 statim
582 933 651 960 dixit
665 941 721 961 sua:
734 934 842 961 sorori:
858 933 911 961 Vo-

127 980 154 1006 lo
179 979 236 1006 ﬁeri
259 979 441 1010 Christianus,
457 983 484 1005 et
504 979 587 1006 vitam
611 986 692 1014 agere
719 979 909 1007 monasticam.

126 1025 177 1052 Cui
192 1025 261 1052 dixit
275 1032 353 1052 somr
368 1024 429 1060 ejus
445 1035 451 1052 :
471 1024 539 1052 Volo
557 1026 630 1059 quod
646 1030 676 1052 tu
690 1027 742 1057 vis,
771 1029 798 1053 et
815 1025 911 1054 faciam

128 1076 158 1098 ut
172 1076 200 1098 tu
213 1071 291 1098 facis.
306 1070 444 1098 Lucianus
459 1075 550 1098 autem
563 1071 727 1098 renuntiavit
740 1071 868 1107 episcopo
878 1071 912 1100 de

127 1116 290 1151 Epiphanio.
304 1116 454 1151 Episcopus
468 1124 533 1144 vero
549 1116 618 1144 dixit
632 1116 752 1144 Lueiano
767 1127 773 1144 :
786 1116 869 1150 Vade,
886 1122 913 1145 et

127 1169 190 1188 eum
206 1161 342 1188 catechiza
357 1160 422 1197 [hoc
433 1166 485 1194 est,
502 1162 637 1198 institue].
653 1162 777 1197 Cumque
797 1170 848 1190 nos
871 1163 914 1190 in-

127 1207 283 1242 grediemur
304 1208 332 1234 in
346 1207 501 1240 ecclesiam,
517 1207 560 1235 fac
575 1211 605 1234 ut
629 1207 687 1242 ipse
700 1207 822 1242 procidat
837 1208 913 1235 beni-

129 1260 182 1287 gno
203 1258 230 1280 et
251 1253 418 1281 misericordi
442 1252 508 1281 Deo.
525 1253 575 1289 lvit
591 1252 727 1280 Lucianus
754 1253 780 1279 in
802 1253 912 1280 domum

130 1298 281 1333 Epiphanii.
297 1298 365 1325 Eum
382 1303 473 1326 autem
485 1299 607 1326 videntes
622 1298 791 1333 Epiphanius
810 1303 837 1326 et
853 1299 912 1334 ejus

130 1351 218 1375 soror,
233 1343 389 1371 ceciderunt
405 1344 483 1378 proni
500 1344 528 1371 in
541 1343 648 1376 faciem,
661 1349 687 1371 et
701 1343 814 1371 Luciani
833 1344 914 1378 pedes

129 1390 340 1424 prehenderunt,
356 1391 507 1417 clamantes
517 1393 544 1416 et
556 1389 679 1417 dicentes
695 1398 703 1416 :
723 1389 861 1425 Rogamus
877 1395 913 1422 te,

129 1441 217 1470 pater,
231 1436 274 1463 fac
297 1444 347 1464 nos
363 1436 421 1463 ﬁeri
438 1435 621 1464 Christianos.
637 1435 741 1464 Divinis
756 1441 847 1463 autem
867 1445 914 1464 ae-

130 1482 216 1516 ceptis
242 1482 401 1517 Scripturis,
419 1482 556 1510 Lucianus
579 1490 627 1511 eos
650 1483 717 1511 satis
739 1484 865 1511 instituit.
880 1483 913 1511 Et

130 1529 182 1563 ipsi
198 1529 344 1560 instabant,
360 1535 486 1564 rogantes
502 1534 529 1555 et
542 1529 663 1556 dicentes
677 1539 683 1556 :
700 1529 755 1557 Fac
770 1537 819 1557 nos
837 1530 916 1557 Chri-

129 1575 246 1603 stianos.
263 1575 329 1602 Cum
354 1580 445 1602 autem
471 1574 609 1602 Lucianus
626 1575 720 1602 ambos
745 1575 827 1603 simul
841 1583 917 1603 acce-

136 1620 231 1654 pisset,
247 1620 296 1647 ivit
311 1627 365 1647 una
385 1628 446 1648 cum
462 1621 528 1655 ipsis
542 1621 569 1647 in
585 1621 737 1648 ecelesiam.
752 1621 784 1648 Et
798 1630 859 1649 cum
875 1623 917 1649 in-

130 1665 287 1700 grederetur
297 1666 450 1700 episcopus,
465 1666 621 1694 ceciderunt
637 1667 715 1701 proni
729 1667 756 1693 in
776 1667 872 1695 faciem
891 1673 918 1695 et

131 1718 298 1745 rogaverunt
310 1712 488 1744 conﬁdenter,
500 1716 529 1739 ut
542 1711 593 1746 ipsi
611 1712 842 1739 illuminarentur.
853 1712 917 1748 [Qui

128 1756 212 1791 jussit
234 1756 309 1790 ipsos
332 1756 466 1792 surgere]
482 1755 654 1792 lngrediente
668 1764 732 1784 vero
747 1758 875 1792 episcopo
890 1758 917 1784 in

132 1803 288 1836 ecclesiam,
303 1804 480 1831 ambulabant
491 1803 543 1838 ipsi
558 1811 668 1839 quoque
682 1810 742 1838 post
754 1803 915 1838 Lucianum,

135 1853 165 1874 ut
179 1848 307 1875 audirent
317 1848 424 1875 divinas
438 1847 605 1882 Scripturas.

170 1977 237 2006 Vlll.
257 1978 326 2006 Cum
358 1983 448 2006 autem
481 1980 725 2016 appropinquasset
750 1981 917 2016 Epiphanius

133 2024 230 2058 portis,
243 2032 304 2059 quae
318 2029 381 2052 sunt
395 2029 471 2052 extra
484 2026 639 2058 ecclesiam,
657 2026 701 2053 ubi
718 2027 784 2054 tedis
798 2027 915 2062 primum

133 2071 246 2106 gradum
262 2071 397 2103 ascendit,
413 2071 511 2098 cecidit
536 2071 560 2097 ei
584 2072 692 2099 calceus
708 2072 812 2100 sinistri
829 2074 915 2108 pedis.

132 2115 186 2148 Qui
209 2123 270 2142 cum
297 2115 408 2142 sinistro
432 2115 587 2148 institisset,
604 2119 634 2142 ut
654 2116 748 2152 ﬁgeret
763 2117 915 2151 dexterum,

132 2161 230 2188 cecidit
243 2168 353 2196 quoque
367 2161 461 2188 dexter
475 2160 598 2200 calceus;
617 2165 645 2188 et
665 2162 766 2189 inventi
782 2168 846 2190 sunt
857 2171 916 2190 am—

133 2206 168 2234 bo
191 2211 266 2234 extra
289 2206 389 2241 gradus
412 2207 550 2239 ecclesiae;
567 2211 594 2234 et
610 2214 642 2235 ea
656 2208 688 2235 de
702 2215 784 2236 causa
801 2209 916 2237 miratus

132 2256 175 2279 est
195 2252 342 2280 Lucianus.
357 2251 417 2279 Non
441 2253 556 2287 amplius
579 2253 672 2288 itaque
695 2255 835 2289 proposuit
851 2255 917 2290 Epi-

133 2298 250 2332 phanius
263 2299 463 2333 apprehendere
477 2299 594 2332 calceos,
615 2300 662 2335 qui
674 2300 699 2327 ei
713 2308 729 2328 e
743 2301 857 2335 pedibus
872 2309 917 2329 ce-

133 2344 264 2376 ciderant,
279 2345 326 2372 sed
341 2352 429 2379 neque
445 2345 515 2373 ullos
528 2345 597 2373 alios
611 2346 717 2374 calceOs
735 2347 867 2374 sustinuit
877 2347 918 2375 in-

129 2390 216 2426 duere
240 2389 298 2417 suis
322 2390 435 2424 pedibus
460 2395 516 2418 toto
539 2391 601 2418 vitae
624 2395 756 2426 tempore.
770 2391 838 2419 Cum
855 2400 919 2427 ergo

133 2438 247 2467 starent,
274 2439 302 2462 et
329 2435 434 2463 divinas
459 2437 584 2464 audirent
610 2437 775 2472 Scripturas.
802 2439 920 2466 advertit

133 2481 286 2516 cpiscopus,
300 2481 337 2508 ita
362 2487 391 2509 ut
417 2482 445 2508 in
471 2483 569 2510 throno
597 2484 717 2518 sedebat,
735 2485 920 2520 glorificatum

133 2535 195 2555 esse
215 2527 319 2554 vultum
344 2526 499 2562 Epiphanii,
515 2532 542 2556 et.
559 2537 688 2558 coronam
706 2538 767 2558 esse
790 2531 850 2565 ejus
874 2539 920 2559 ca-

134 2573 184 2608 piti
202 2573 368 2608 impositam.
381 2573 447 2601 Post
461 2575 616 2603 absolutum
634 2576 725 2611 itaque
734 2577 919 2612 Evangelium,

133 2619 274 2655 ingressus
297 2624 340 2647 est
361 2620 507 2655 episcopus
529 2621 555 2648 in
581 2621 783 2656 baptisterium,
797 2628 824 2650 et
837 2623 920 2658 jussit

135 2665 315 2700 Epiphanium
331 2665 446 2700 ingredi,
471 2670 498 2693 et
510 2666 571 2700 ejus
583 2674 719 2700 sororem,
734 2672 761 2695 et
774 2676 837 2695 cum
854 2669 920 2704 ipsis

134 2711 285 2739 Lucianum
309 2721 315 2739 :
334 2712 382 2747 qui
406 2712 488 2740 etiam
513 2712 565 2740 fuit
591 2717 670 2747 pater
692 2714 753 2748 ejus
780 2715 805 2741 in
827 2720 922 2742 sancto

139 2759 311 2793 baptismate.
324 2758 473 2794 Episcopus
489 2764 579 2786 autem
606 2767 668 2786 cum
695 2767 742 2787 eos
767 2764 850 2787 totam
873 2760 923 2787 do-

142 2805 243 2832 cuisset
257 2805 489 2840 consequentiam,
505 2805 660 2841 baptizavit.
677 2805 744 2833 Cum
767 2806 784 2834 ii
800 2813 863 2834 vero
879 2815 923 2836 es-

961 892 1035 918 οἴκου
1054 891 1222 924 Ἐπιφανίου,
1239 891 1285 917 καὶ
1299 889 1435 925 ἐπορεύθη
1451 890 1518 925 πρὸς
1530 889 1574 915 τὸν
1589 888 1746 915 ἐπίσκοπον.

968 937 996 964 Ὁ
1011 937 1039 963 δὲ
1056 936 1213 970 Ἐπιφάνιος
1239 935 1320 971 μηδὲν
1336 935 1479 970 μελλήσας,
1503 934 1572 969 πρὸς
1584 934 1634 968 τὴν
1650 932 1747 959 ἑαυτοῦ

961 982 1078 1018 ἀδελφὴν
1100 982 1168 1018 ἔφη*
1197 982 1331 1017 Βούλομαι
1354 980 1515 1016 Χριστιανὸς
1543 979 1678 1014 γενέσθαι,
1701 978 1748 1005 καὶ

961 1028 1007 1055 τὸν
1023 1029 1126 1064 μονήρη
1140 1027 1196 1063 βίον
1213 1027 1358 1063 μετελθεῖν.
1379 1024 1463 1053 Εἶπεν
1478 1026 1506 1052 δὲ
1523 1027 1540 1061 ἡ
1554 1024 1653 1060 ἀδελφὴ
1666 1024 1747 1051 αὑτοῦ

963 1075 1031 1110 πρὸς
1047 1073 1128 1101 αὐτόν
1138 1082 1144 1089 ·
1165 1073 1208 1105 Ὦς
1223 1073 1310 1104 θέλεις
1323 1071 1437 1108 θελήσω,
1448 1072 1486 1103 ὡς
1499 1072 1585 1103 ποιεῖς
1597 1072 1711 1106 ποιήσω.
1719 1070 1748 1096 Ὁ

962 1120 991 1147 δὲ
1007 1119 1154 1151 Λουκιανὸς
1169 1118 1335 1154 ἀπήγγειλεν
1348 1118 1387 1153 τῷ
1401 1117 1543 1152 ὲπισκόπῳ
1551 1116 1586 1143 τὰ
1596 1116 1661 1151 περὶ
1674 1116 1748 1142 Ἐπι-

963 1165 1108 1201 φανίου.ὐ
1119 1165 1148 1191 δὲ
1170 1165 1318 1196 ἐπίσκοπος
1335 1162 1412 1190 εἶπεν
1430 1163 1498 1199 πρὸς
1517 1162 1679 1190 Λουκιανόν·
1698 1162 1748 1188 Πο-

966 1211 1075 1248 ρεύθητι
1095 1211 1141 1238 καὶ
1164 1211 1319 1245 κατήχησον
1343 1210 1441 1236 αὐτόν’
1465 1210 1512 1236 καὶ
1533 1209 1562 1236 ἐν
1577 1208 1617 1244 τῷ
1638 1207 1748 1234 εἰσιέναι

964 1259 1037 1292 ἡμᾶς
1051 1258 1080 1283 ὲν
1102 1258 1135 1292 τῇ
1146 1256 1289 1292 ἐκκλησίᾳ,
1306 1256 1418 1291 ποίησον
1432 1256 1513 1282 αὑτὸν
1529 1255 1696 1291 προσπεσεῖν
1710 1253 1749 1288 τῷ

965 1301 1146 1338 φιλανθρώπῳ
1154 1301 1223 1336 Θεῷ.
1233 1301 1384 1337 Ἐπορεύθη
1395 1301 1423 1328 δὲ
1434 1301 1583 1332 Λουκιανὸς
1595 1299 1672 1335 ἐντῷ
1684 1299 1749 1334 οἴκῳ

971 1347 1137 1382 Ἐπιφανίου.
1155 1346 1262 1377 Εἱδότες
1277 1346 1306 1373 δὲ
1323 1347 1414 1377 αὑτὸν,
1428 1346 1442 1373 ὃ
1454 1355 1484 1372 τε
1503 1346 1658 1380 Ἑπιφάνιος
1673 1345 1719 1370 καὶ

965 1393 1045 1420 αὑτοῦ
1060 1392 1171 1428 ἀδελφὴ,
1186 1392 1286 1418 ἔπεσαν
1300 1392 1346 1419 ἐπὶ
1359 1392 1514 1427 πρόσωπον,
1527 1392 1575 1419 καὶ
1588 1390 1750 1417 ἐπελάϐοντο

965 1439 1018 1466 τῶν
1047 1439 1134 1466 ποδῶν
1173 1438 1321 1466 Λουκιανοῦ
1334 1457 1342 1470 ,
1366 1438 1503 1470 κλαίοντες
1536 1437 1582 1464 καὶ
1609 1436 1748 1470 λέγοντες·

974 1485 1113 1520 ’Δξιοῦμέν
1131 1493 1171 1518 σε,
1188 1485 1286 1520 πάτερ,
1299 1484 1411 1519 ποίησον
1424 1484 1497 1518 ἡμᾶς
1512 1482 1691 1518 Χριστιανοὺς
1706 1489 1750 1516 γετ

967 1531 1070 1558 νέσθαι..
1096 1531 1252 1565 Λαὸόμενος
1277 1527 1323 1556 οὖν
1346 1529 1493 1560 Λουκιανὸς
1519 1528 1573 1555 ἀπὸ
1594 1528 1649 1554 τῶν
1672 1527 1750 1554 θείων

967 1575 1093 1612 Γραφῶν,
1116 1576 1270 1610 κατήχησεν
1290 1574 1389 1606 αὐτοὺς
1406 1573 1586 1605 ἱκανῶς.·Καὶ
1614 1573 1690 1599 αὐτοὶ
1701 1573 1749 1598 ἐπ-

973 1622 1068 1657 έμενον
1080 1622 1112 1656 τῇ
1123 1620 1306 1656 παρακλήσει,
1316 1620 1438 1654 λέγοντες
1449 1628 1457 1635 ο
1466 1619 1581 1654 Ποίησον
1595 1619 1668 1654 ἡμᾶς
1685 1619 1749 1653 Χρι-

968 1667 1092 1699 στιανοϋς
1117 1665 1253 1700 γενέσθαι.
1269 1664 1440 1701 Παραλαϐὼν
1454 1663 1501 1692 οὖν
1521 1664 1668 1696 Λουκιανὸς
1689 1664 1749 1695 τοὺς

967 1713 1014 1739 δύο
1031 1713 1099 1748 ἅμα,
1114 1712 1160 1739 ἐπὶ
1172 1712 1203 1738 τὸ
1218 1711 1283 1739 αὐτὸ
1296 1711 1431 1747 ἐπορεύθη
1448 1712 1476 1737 ἐν
1490 1713 1524 1747 τῇ
1539 1711 1681 1746 ἐκκλησίᾳ.
1696 1711 1749 1737 Καὶ

972 1760 1000 1786 ἐν
1016 1758 1055 1794 τῷ
1063 1757 1231 1785 είσιέναιτὺν
1245 1757 1404 1790 ἐπίσκοπον,
1420 1757 1521 1784 ἔπεσαν
1534 1757 1581 1783 ἐπὶ
1595 1756 1750 1792 πρόσωπον.

967 1805 1014 1831 καὶ
1031 1804 1212 1840 παρεκάλουν,
1227 1803 1297 1830 ὥστε
1310 1804 1425 1839 φωτίσαι
1439 1803 1548 1835 αὐτούς.
1564 1802 1617 1829 Τοῦ
1629 1800 1675 1829 οὖν
1692 1803 1749 1829 ἐπι-

969 1849 1068 1876 σκόπου
1082 1849 1272 1884 εἰσερχομένου
1288 1849 1317 1876 ὲν
1329 1850 1363 1884 τῇ
1375 1848 1519 1884 ἐκκλησίᾳ,
1535 1848 1694 1883 ἐπορεύοντο
1705 1847 1750 1874 καὶ

967 1895 1044 1920 αὐτοὶ
1068 1894 1179 1921 ὄπισθεν
1205 1895 1274 1930 μετὰ
1296 1894 1443 1922 Λουκιανοῦ
1459 1894 1573 1921 ἀκοῦσαι
1595 1894 1649 1920 τῶν
1673 1893 1751 1920 θείων

967 1939 1092 1974 Γραφῶν.

1003 1986 1044 2012 H’.
1071 1985 1100 2012 '0
1121 1983 1167 2012 οὖν
1186 1985 1343 2020 Ἐπιφάνιος
1369 1985 1406 2017 ὡς
1429 1986 1540 2020 ἧγγισεν
1560 1985 1606 2011 ἐπὶ
1626 1985 1680 2011 τῶν
1701 1983 1753 2016 ἔξω

968 2029 1057 2065 θυρῶν
1079 2029 1129 2064 τῆς
1152 2030 1310 2065 ἐκκλησίας,
1330 2030 1367 2061 ὡς
1395 2030 1479 2066 ἐπέϐη
1501 2030 1548 2057 ἐπὶ
1571 2029 1617 2056 τοῦ
1645 2028 1752 2064 πρώτου

969 2075 1073 2111 βαθμοῦ
1088 2076 1134 2103 τοῦ
1150 2076 1237 2108 οἴκου,
1251 2076 1382 2109 ἐξέπεσεν
1393 2076 1439 2102 τοῦ
1453 2075 1597 2112 ἀριστεροῦ
1615 2075 1694 2106 ποδὸς
1705 2076 1754 2102 αὺ-

966 2121 1013 2148 τοῦ
1029 2122 1072 2148 ἐπ’
1086 2121 1168 2148 αὐτοῦ
1181 2122 1211 2148 τὺ
1223 2122 1358 2158 ὑπόδημα.
1371 2122 1424 2149 Τοῦ
1440 2122 1468 2148 δὲ
1485 2122 1628 2153 ἐπιὸὰντος
1639 2121 1679 2156 τῷ
1693 2121 1753 2155 ἀρι-

969 2168 1067 2204 στερῷ,
1080 2169 1154 2200 ὅπως
1171 2168 1299 2204 ἐπιπήξει
1313 2169 1361 2195 καὶ
1377 2168 1422 2194 τὸν
1431 2168 1515 2200 δεξιον
1532 2167 1610 2198 πόδα,
1626 2167 1754 2199 ἐξέπεσεν

968 2215 1015 2242 καὶ
1029 2215 1059 2241 τὸ
1074 2214 1120 2241 τοῦ
1135 2214 1221 2247 δεξιοῦ
1231 2223 1237 2228 ·
1255 2215 1302 2242 καὶ
1322 2214 1477 2250 ηὑρέθησαν
1490 2213 1526 2241 τὰ
1540 2213 1680 2249 ἀμφότερα
1702 2213 1754 2245 ἔξω

967 2260 1014 2287 τοῦ
1026 2260 1184 2296 ἀναϐαθμοῦ
1198 2260 1247 2296 τῆς
1262 2260 1422 2296 ἐκκλησίας·
1438 2260 1486 2287 καὶ
1499 2259 1652 2294 ἐθαύμασεν
1662 2259 1677 2284 ὁ
1688 2260 1754 2285 Λου-

969 2306 1060 2338 κιανδς
1077 2307 1123 2333 ἐπὶ
1146 2305 1274 2333 τοῦτο.”Ο
1296 2303 1342 2333 οὖν
1361 2305 1518 2340 Ἐπιφὰνιος
1539 2305 1631 2331 οὐκέτι
1656 2304 1753 2339 προθέ-

970 2362 1038 2385 σεως
1054 2352 1132 2388 ἔσχεν
1146 2352 1322 2379 ἐπιλαϐέσθαι
1337 2352 1391 2378 τῶν
1402 2351 1581 2386 ὑποδημάτων
1600 2350 1694 2383 αὑτοῦ,
1712 2351 1755 2377 ἐκ·

970 2398 1105 2425 πεσόντων
1121 2398 1175 2425 ἀπὸ
1187 2398 1241 2425 τῶν
1258 2398 1345 2425 ποδῶν
1357 2397 1440 2424 αὐτοῦ
1450 2405 1457 2412 ·
1472 2397 1528 2423 ἀλλ’
1543 2396 1606 2423 οὔτε
1616 2396 1684 2423 ἄλλα
1695 2397 1755 2422 ὐπο-

969 2444 1076 2479 δήματα
1090 2444 1219 2478 ἠνέσχετο
1235 2443 1393 2477 ἐπενεγκεῖν
1417 2443 1463 2469 ἐπὶ
1488 2443 1550 2474 τοὺς
1563 2442 1646 2473 πόδας
1662 2442 1752 2473 αὐτοῦ,

969 2489 1016 2516 τὸν
1039 2489 1144 2516 ἅπαντα
1159 2489 1253 2524 χρόνον
1277 2489 1325 2523 τῆς
1336 2487 1407 2524 ζωῆς
1423 2488 1569 2519 αὐτοῦ-Ὠς
1585 2488 1613 2514 δὲ
1636 2488 1752 2516 ἵσταντο,

971 2536 1017 2562 καὶ
1031 2536 1129 2571 ἤκουον
1145 2535 1200 2562 τῶν
1214 2535 1294 2562 ὁσίων
1317 2534 1445 2570 Γραφῶν,
1462 2535 1476 2560 ὃ
1489 2543 1520 2560 τε
1538 2533 1693 2567 Ἐπιφάνιος
1709 2532 1753 2558 καὶ

971 2584 987 2617 ἡ
1001 2581 1082 2608 αὑτοῦ
1096 2581 1207 2616 ἀδελφὴ,
1226 2582 1369 2616 προσεῖχεν
1386 2582 1400 2607 ὁ
1418 2581 1576 2611 ἐπίσκοπος,
1590 2579 1628 2610 ὡς
1639 2577 1672 2613 ἦν
1687 2578 1753 2604 καθ-

971 2627 1098 2662 εζόμενος
1121 2627 1168 2653 ἐπὶ
1181 2625 1229 2653 τοῦ
1252 2626 1358 2661 θρόνου,
1372 2627 1413 2653 ὃτι
1425 2624 1459 2660 ἦν
1472 2625 1502 2652 τὸ
1517 2626 1659 2660 πρόσωπον
1679 2623 1753 2650 Ἐπι-

973 2673 1066 2708 φανιου
1081 2672 1285 2707 δεδοξασμένον,
1301 2672 1347 2698 καὶ
1364 2672 1495 2706 στέφανος
1512 2671 1557 2698 ἐπὶ
1573 2671 1622 2705 τῆς
1635 2669 1756 2704 κεφαλῆς

973 2718 1063 2746 αὑτοῦ·
1082 2717 1290 2752 ἐπιτεθειμένος.
1318 2718 1395 2744 Μετὰ
1414 2715 1461 2743 οὖν
1484 2716 1533 2752 τὴν
1556 2715 1687 2743 ἀπόλυσιν
1708 2715 1755 2742 τοῦ

973 2764 1139 2798 Εὖαγγελίου
1153 2762 1276 2798 εἰσῆλθεν
1289 2764 1303 2789 ό
1319 2763 1467 2794 ἐπίσκοπος
1482 2763 1510 2789 ὲν
1521 2761 1560 2797 τῷ
1571 2761 1752 2797 φωτιστηρίῳ”

975 2809 1022 2837 καὶ
1038 2809 1178 2837 ἐκέλευσεν
1202 2808 1330 2836 εἰσελθεῖν
1348 2809 1503 2845 Ἐπιφάνιον
1521 2809 1568 2836 καὶ
1591 2807 1638 2844 τὴν
1661 2806 1755 2834 ἑαυτοῦ
