1934 3029
156 101 193 129 33

797 101 825 129 Ξ.
848 101 1022 130 EPIPHANII
1044 102 1134 131 VITA.

1745 105 1781 137 34

157 157 286 193 ἀδελφὴν,
302 157 348 184 καὶ
365 156 513 184 Λουκιανὸν
537 157 595 191 μετ’
618 157 718 190 αὐτῶν,
738 158 767 189 ὃς
783 158 830 185 καὶ
855 158 946 194 πατὴρ

1003 164 1060 187 sent
1083 159 1229 194 participes
1253 156 1407 188 divinorum
1428 165 1456 188 et
1476 161 1670 189 immortalium
1685 169 1780 190 sacra-

158 203 249 230 αὐτῶν
261 202 375 238 ἐγενήθη
390 203 435 229 ἐπὶ
447 202 494 229 τοῦ
511 203 589 236 ἁγίου
606 203 789 238 φωτίσματος.
798 204 827 230 '0
842 203 870 230 δὲ
883 203 943 230 ὲπί⁴
953 210 961 219 ⁸

160 256 261 280 σκοπος
276 248 382 279 διδάξας
398 248 496 279 αὐτοὺς
512 249 562 283 τὴν
576 248 682 275 ἃπασαν
694 249 866 281 ἀκολουθίαν,
880 249 946 275 ὲϐά-

159 302 255 320 πτισεν
270 293 379 326 αὐτούς.
394 294 455 320 Τῶν
467 293 495 320 δὲ
514 293 719 329 μεταλαὸόντων
731 294 785 321 τῶν
806 295 885 321 θείων
900 295 947 322 καὶ

158 339 301 366 ἀθανάτων
321 339 488 374 μυστηρίων,
504 339 645 366 ἐκέλευσεν
660 339 674 365 ὸ
688 339 836 372 ἐπίσκοπος
848 340 947 371 αὐτοὺς

160 385 219 421 μετ’
231 385 313 412 αὑτοῦ
330 385 361 411 τὸ
375 384 484 420 ἄριστον
501 385 622 419 ποιῆσαι,
639 385 739 420 ὁμοίως
755 385 846 420 μένειν
858 385 907 417 τὰς
924 385 946 417 ζ’

158 431 265 467 ἡμέρας
274 431 302 457 ὲν
312 430 351 466 τῷ
363 431 526 465 ὲπισκοπίῳ.
538 430 616 457 Μετὰ
627 430 656 456 δὲ
670 429 719 462 τὰς
736 431 757 463 ζ’
772 430 879 466 ἡμέρας
890 431 948 457 ἐλα-

159 477 207 503 ϐεν
227 476 382 511 Ἐπιφάνιος
399 476 557 507 Λουκιανδν,
573 476 621 502 καὶ
640 476 773 511 Βερνίκην
794 477 844 513 τὴν
866 477 947 511 ἁγίαν

159 522 304 558 παρθένον,
332 523 395 558 ἥτις
413 522 521 556 ἐγένετο
535 522 626 558 μήτηρ
637 522 688 557 τῆς
697 522 814 558 ἀδελφῆς
832 523 956 558 Ἐπιφα-·

158 568 227 599 νίου,
243 568 290 594 καὶ
312 568 472 602 εἰσήνεγκεν
491 566 590 598 αὐτοὺς
607 568 636 594 ὲν
649 567 688 602 τῷ
700 567 766 603 οἴκῳ
782 567 865 594 αὐτοῦ
875 577 882 584 ·
900 568 948 595 καὶ

158 613 248 640 λαῧὼν
262 613 335 648 χίλια
347 613 510 648 νομίσματα,
523 611 622 639 ἔδωκεν
631 614 664 649 τῇ
675 613 802 649 Βερνίκῃ,
818 614 865 640 καὶ
876 622 947 649 παρ-

160 660 258 686 έδωκεν
283 659 351 694 αὐτῇ
377 659 425 685 καὶ
438 659 488 695 τὴν
502 659 584 686 αὑτοῦ
607 659 723 695 ἀδελφὴν
739 660 750 693 (
760 656 794 694 ἦν
807 659 862 694 γὰρ
878 659 946 695 αὕτη

159 704 280 740 ἄρχουσα
297 704 342 731 καὶ
354 703 441 731 ἄλλων
455 704 621 740 παρθένων),
639 705 686 731 καὶ
699 703 852 740 ἐξέπεμψεν
864 705 948 740 αὐτὴν

161 751 220 785 μετ’
235 750 328 785 αὐτῆς,
339 750 367 776 '0
379 750 409 776 δὲ
430 749 589 785 Ἐπιφάνιος
600 750 778 784 διαπωλήσας
792 751 891 783 πάντα,
913 751 948 777 δι-

160 795 260 821 έδωκεν
270 796 327 827 τοῖς
344 795 439 830 χρείαν
453 795 569 831 ἔχουσιν,
582 795 746 830 καταλείψας
761 796 849 831 ἐαυτῷ
864 799 890 831 μ’
907 805 948 823 νο-

162 841 285 876 μίσματα
299 841 345 868 ἐπὶ
358 841 388 867 τὸ
401 841 553 877 κτήσασθαι
567 842 617 874 τὰς
627 841 753 874 θεοειδεῖς
767 841 816 869 καὶ
826 841 945 874 ζωτικάς
964 833 986 862 Β

161 886 284 922 βίϐλους’
307 887 354 914 καὶ
367 886 477 924 ἐξῆλθεν
492 887 546 914 ἀπὺ
559 888 608 923 τῆς
620 887 724 919 πόλεως
746 894 815 922 μετα
829 887 945 914 Λουκια-

997 210 1162 237 mentorum,
1174 205 1257 240 jussit
1269 207 1414 241 episcopus
1427 213 1475 234 eos
1491 207 1633 241 prandere,
1654 207 1782 235 similiter

997 256 1025 278 et
1048 258 1158 278 manere
1182 255 1286 286 septem
1300 251 1358 278 dies
1372 251 1400 278 in
1413 251 1583 286 episcopatu.
1598 251 1663 280 Post
1679 258 1782 287 septem

996 301 1086 324 autem
1102 297 1161 324 dies
1176 297 1281 331 accepit
1295 297 1461 332 Epiphanius
1478 297 1639 330 Lucianum,
1655 303 1682 326 et
1699 299 1785 327 Vero-

997 344 1085 371 nicam
1107 350 1229 373 sanctam
1250 346 1393 381 virginem,
1413 354 1474 381 qum.
1500 347 1608 381 quidem
1631 347 1682 375 fuit
1704 355 1784 375 soror

997 390 1092 418 matris
1103 390 1188 425 ipsius
1200 391 1354 426 Epiphanii,
1366 396 1393 419 et
1406 392 1557 421 introduxit
1569 401 1616 420 eos
1630 393 1657 420 in
1671 394 1784 420 domum

997 444 1074 463 suam
1097 445 1104 462 :
1128 437 1285 472 accepitque
1311 438 1383 465 mille
1408 445 1549 471 nummos,
1578 443 1605 465 et
1623 438 1743 472 deditei,
1757 444 1785 467 et

998 489 1122 509 sororem
1140 490 1217 510 suam
1230 483 1240 517 (
1252 491 1314 510 nam
1330 491 1362 510 ea
1375 491 1484 518 quoque
1500 484 1560 511 aliis
1571 489 1687 519 praeerat
1699 485 1789 520 virgi-‘

999 526 1100 563 nibus)
1125 528 1199 555 misit
1214 536 1274 556 cum
1288 536 1329 557 ea.
1348 529 1631 564 Epiphaniusautem,
1647 524 1710 557 cum
1725 538 1784 558 om-

999 572 1043 599 nia
1071 573 1247 607 vendidisset,
1272 574 1347 601 dedit
1378 575 1575 609 indigeutibus,
1604 575 1706 607 relictis
1732 575 1784 603 sibi

998 618 1178 653 quadraginta
1204 620 1324 647 nummis
1347 620 1380 647 ad
1406 620 1515 647 divinos
1532 620 1684 656 vitalesque
1699 620 1786 649 libros

999 664 1216 698 comparandos;
1241 670 1268 692 et
1290 672 1305 692 e
1330 665 1440 693 civitate
1454 673 1582 701 egressus
1593 672 1635 694 est
1650 674 1711 694 cum
1727 666 1782 694 Lu‘

999 709 1089 742 ciano,
1105 711 1233 744 quoniam
1248 711 1270 738 is
1288 707 1478 740 construxerat
1501 713 1553 741 sibi
1574 713 1783 741 monasterium.

1000 753 1122 782 Habebat
1139 761 1230 784 autem
1256 764 1349 784 secum
1372 758 1465 786 decem
1482 759 1643 790 monachos.
1659 759 1704 793 qui
1724 753 1787 794 qui?

1003 799 1061 826 tlem
1079 799 1163 828 libros
1178 801 1323 837 diligenter
1339 802 1499 835 scribentes,
1514 811 1547 831 ex
1562 804 1596 832 iis
1614 804 1665 832 sibi
1681 804 1783 832 victum

1003 845 1143 878 parabant.
1161 846 1226 873 Erat
1240 847 1408 882 Epiphanius
1423 849 1532 883 quando
1553 848 1606 876 fuit
1620 849 1783 881 monachus,

1004 890 1139 918 sexdecim
1153 899 1240 919 annos
1254 897 1343 920 natus.

160 933 222 959 νοῦ·
237 933 277 959 ὅτι
291 933 439 965 Λουκιανὸς
466 931 500 968 ἦν
518 934 697 970 μοναστήριον
727 933 814 970 ἑαυτῷ
842 935 1060 971 συστησάμενος,
1088 937 1155 973 ἔχων
1186 939 1245 975 μεθ’
1275 939 1369 968 ἑαυτοῦ
1393 940 1458 967 δέκα
1483 941 1590 976 μονοὺς,
1612 941 1708 973 οῖτινες
1735 941 1785 973 τὰς

159 979 267 1013 δέλτους
287 980 412 1016 ὲμπὸνως
431 981 593 1017 γράφοντες,
623 981 674 1017 τὴν
696 981 798 1008 ἑαυτῶν
814 982 918 1017 τροφὴν
944 983 973 1017 se
1003 984 1090 1012 αὐτῶν
1111 985 1333 1022 ὲπορίζοντο.⁷Ην
1356 988 1386 1015 δὲ
1409 989 1564 1024 Ἐπιφάνιος
1587 988 1683 1022 δεκαὲξ
1704 989 1785 1022 enim,

161 1029 205 1055 ὅτε
222 1029 364 1064 ὲμόνασεν,

196 1075 234 1101 8'.
254 1072 307 1101 ’Ἦν
327 1075 356 1102 δὲ
378 1075 407 1101 ὲν
422 1074 462 1110 τῷ
478 1076 652 1112 μοναστηρίῳ
664 1076 814 1104 Λουκιανοῦ
833 1077 948 1113 μοναχός

162 1127 203 1151 τις
218 1119 330 1154 ὀνόματι
349 1119 482 1155 Ίλαρῑων,
497 1119 622 1156 δεύτερος
633 1121 795 1155 Λουκιανοῦ,
812 1122 871 1154 νέος
884 1130 948 1157 τυγ-

162 1166 261 1201 χάνων,
276 1165 399 1201 σημείοις
415 1165 523 1197 πολλοῖς
539 1167 755 1202 κεκοσμημένος.
772 1167 851 1194 Κατὰ
865 1168 950 1204 μίμη-

164 1220 205 1237 σιν
217 1211 246 1237 δὲ
265 1211 359 1238 τούτου
371 1212 454 1246 ἤγετο
470 1211 517 1238 καὶ
529 1211 608 1244 ἄλλος
622 1221 663 1244 τις
674 1212 818 1245 Κλαύδιος.
833 1213 950 1246 Τούτους

164 1256 224 1283 ἰδὼν
245 1256 401 1291 Ἐπιφάνιος
418 1256 553 1293 ἐζήλωσεν
575 1258 605 1284 ὲν
621 1257 706 1293 καλῷ.
723 1258 779 1285 Καὶ
800 1258 853 1295 γὰρ
868 1259 882 1285 ὁ
899 1258 949 1294 μέ-

164 1311 214 1337 γας
235 1302 384 1334 Λουκιανὸς
404 1303 562 1338 παρέδωκεν
581 1303 739 1338 Ἐπιφάνιον
765 1304 803 1339 τῷ
829 1304 949 1340 μεγίστῳ

169 1348 310 1384 Ὄαρίωνι,
330 1349 403 1381 ὅπως
424 1349 523 1382 διδάξει
551 1349 632 1377 αὑτὸν
655 1350 704 1382 τὰς
731 1350 806 1382 θείας
827 1351 948 1387 Γραφάς.

163 1393 216 1420 Τοῦ
230 1393 258 1419 δὲ
271 1394 428 1428 Ἐπιφανίου
442 1395 566 1430 ὲμπόνως
583 1395 750 1431 ἐπιτήδευμα
767 1395 886 1431 ἔχοντος,
903 1396 950 1423 καὶ

163 1439 228 1474 περὶ
253 1438 288 1465 τὰ
313 1438 365 1474 ἤθη
390 1440 424 1466 τὰ
454 1441 560 1476 χρηστά
584 1440 632 1467 τοῦ
652 1440 802 1476 Ἱλαρίωνος
822 1441 952 1478 παραδεί-

1036 1076 1082 1104 IX.
1102 1076 1168 1105 Erat
1190 1082 1279 1106 autem
1303 1079 1328 1106 in
1350 1078 1517 1106 monasterio
1538 1078 1650 1107 Luciani
1674 1080 1786 1115 quidam

1001 1122 1163 1154 monachus,
1179 1123 1289 1150 nomine
1311 1122 1445 1156 Hilarion,
1461 1123 1597 1152 secundus
1621 1132 1636 1151 a
1650 1123 1783 1156 Luciano,

1000 1171 1079 1195 aetate
1090 1167 1209 1203 juvenis,
1226 1173 1253 1196 et
1268 1169 1362 1196 multis
1382 1169 1522 1197 miraculis
1543 1175 1664 1198 ornatus.
1680 1170 1787 1198 Ad.cu-

997 1214 1044 1249 jus
1069 1214 1246 1242 imitationem
1268 1215 1461 1243 instituebatur
1479 1215 1560 1243 etiam
1583 1215 1664 1248 alius,
1677 1215 1787 1243 nomine

1001 1258 1140 1286 Claudius.
1156 1259 1209 1286 Eos
1223 1266 1285 1286 cum
1300 1259 1414 1287 vidisset
1428 1259 1607 1294 Epiphanius,
1620 1259 1731 1293 pulchre
1746 1263 1789 1286 est

1002 1304 1157 1331 simulatus.
1178 1302 1292 1338 Magnus
1316 1303 1388 1330 enim
1413 1302 1550 1330 Lucianus
1575 1303 1649 1330 dedit
1671 1302 1788 1340 Epiphag

1003 1350 1079 1377 nium
1093 1349 1213 1377 maximo
1228 1349 1370 1382 Hilarioni,
1387 1353 1417 1376 ut
1433 1349 1542 1376 doceret
1559 1357 1622 1376 eum
1642 1347 1785 1385 [scribere]

1004 1396 1109 1423 divinas
1119 1395 1283 1430 Scripturas.
1295 1394 1463 1430 Epiphanius
1469 1396 1564 1421 autem
1580 1394 1718 1421 laborioso
1728 1399 1788 1422 stu-

1004 1441 1049 1468 dio
1079 1441 1196 1472 deditus,
1210 1445 1237 1468 et
1265 1440 1352 1468 bonos
1380 1448 1469 1467 mores
1485 1439 1633 1466 Hilarionis
1659 1439 1789 1475 ellingens

165 1490 211 1508 σου
224 1481 262 1518 (a)
271 1482 469 1518 κυκλουμένου,
486 1484 654 1520 προέκοπτεν
669 1486 702 1520 τῇ
716 1485 762 1512 τοῦ
776 1486 896 1521 Χριστοῦ
906 1486 951 1521 χά-

1006 1486 1161 1517 traditione,
1177 1485 1335 1520 proﬁciebat
1347 1486 1374 1512 in
1392 1485 1439 1512 Dei
1451 1485 1537 1520 gratia
1549 1489 1576 1512 et
1589 1488 1649 1512 arte
1662 1485 1791 1518 pulcher-

165 1536 229 1563 ριτι,
246 1529 292 1555 καὶ
308 1530 341 1564 τῇ
362 1528 443 1565 τέχνῃ
463 1531 496 1565 τῇ
521 1530 661 1566 καλλίστῃ.
678 1531 782 1567 Συνέϐη
798 1531 825 1558 δὲ
841 1531 886 1558 τὸν
907 1532 951 1567 μό-

163 1581 214 1608 ·ίαν
235 1575 382 1602 Λουκιανὸν
397 1575 515 1608 ἐξελθεῖν
526 1576 571 1602 τὸν
587 1575 653 1611 βίον.
662 1576 812 1612 Ἐκράτησε
837 1576 865 1603 δὲ
886 1576 952 1604 Ἱλα-

166 1619 231 1654 ρίων
246 1619 293 1646 τοῦ
302 1620 383 1656 χοροῦ
397 1621 450 1647 τῶν
466 1621 597 1656 ἀδελφῶν,
610 1621 657 1648 καὶ
667 1619 700 1657 ἦν
711 1621 818 1657 άληθῶς
832 1622 896 1649 ἰδεῖν
906 1621 952 1649 τὸν

164 1665 246 1691 τόπον
260 1666 373 1700 ἐκεῖνον,
388 1666 437 1702 οὐχ
452 1666 489 1698 ὡς
505 1666 654 1702 ἀνθρώπων
664 1666 807 1694 οἰκούντων
822 1668 851 1694 ὲν
867 1667 950 1703 αὐτῷ,

164 1711 201 1743 ὠς
225 1711 310 1746 ἁγίων
333 1712 456 1747 ἀγγέλων
477 1712 705 1748 λειτουργούντων
716 1713 756 1748 τῷ
770 1712 952 1749 φιλανθρώπῳ

165 1758 211 1784 καὶ
225 1757 350 1794 παναγίῳ
365 1756 490 1793 eaq»va
500 1758 529 1785 δὲ
541 1759 557 1794 ἡ
569 1759 654 1794 τροφὴ
669 1758 716 1785 τοῦ
736 1759 872 1795 μακαρίου
886 1759 952 1786 Ἱλα-

166 1802 259 1838 ρίωνος
282 1804 373 1840 ἄρτος,
399 1805 447 1831 καὶ
471 1804 547 1836 ἃλας,
562 1806 609 1831 καὶ
634 1804 705 1840 ὕδωρ
718 1804 952 1841 μέτριον.Ἦσθιεν

164 1848 193 1874 δὲ
205 1849 249 1876 διὰ
261 1849 307 1875 δύο
320 1849 446 1885 ἡμερῶν·
464 1849 593 1882 πολλάκις
606 1850 634 1876 δὲ
646 1851 693 1877 καὶ
707 1851 750 1877 διὰ
765 1851 849 1886 τριῶν
859 1859 866 1866 ·
881 1850 953 1877 πλει-

167 1894 262 1926 στάκις
282 1895 311 1921 δὲ
334 1896 381 1922 καὶ
398 1895 442 1922 διὰ
455 1896 596 1932 τεσσάρων
616 1896 663 1922 καὶ
675 1896 830 1931 ἑϐδομάδος.
845 1895 952 1931 Ταύτην

165 1942 215 1977 τὴν
234 1941 370 1968 πολιτείαν
386 1941 545 1975 ἐπελέξατο,
562 1942 609 1968 καὶ
629 1943 778 1978 ἐκράτησεν
798 1941 954 1976 Ἐπιφάνιος

166 1987 273 2014 ἅπαντα
293 1987 339 2014 τὸν
364 1989 458 2024 χρόνον
479 1988 529 2023 τῆς
545 1987 618 2023 ζωῆς
640 1985 790 2015 αὑτοῦ.Ἦν
802 1987 830 2014 δὲ
846 1987 893 2014 καὶ
905 1987 952 2015 ἇν-

166 2031 244 2066 υδρος
259 2032 274 2057 ὁ
289 2031 380 2063 τόπος.

201 2077 228 2103 l'.
248 2077 315 2103 Ποτὲ
328 2076 404 2110 γοῦν,
421 2076 567 2113 ὁδοιπόρων
581 2075 759 2103 εἰσελθόντων
775 2077 803 2103 ὲν
816 2075 856 2111 τῷ
871 2085 953 2112 μονα-

168 2122 280 2157 στηρίῳ,
294 2122 341 2149 καὶ
364 2120 435 2149 οἶνον
455 2122 651 2158 ἐπιφερόντων,
667 2121 714 2148 καὶ
726 2121 866 2157 καύματος
882 2130 954 2157 σφο-

167 2167 294 2203 δροτάτου
307 2167 383 2199 ὄντος
399 2168 443 2194 διὰ
459 2167 508 2204 τὴν
531 2167 630 2203 πολλὴν
645 2167 735 2202 δίψαν,
756 2166 909 2202 κατέψυξαν
925 2169 954 2194 ὲν
969 2161 991 2189 Ῑ)

167 2213 205 2248 τῷ
223 2213 411 2249 μοναστηρίῳ·
429 2214 477 2240 καὶ
492 2213 594 2249 ᾔτησαν
617 2213 699 2249 ὕδωρ,
715 2212 786 2239 ὥστε
811 2214 893 2245 πιεῖν,
908 2212 956 2239 καὶ

168 2259 216 2294 οὐχ
230 2259 327 2294 εὑρέθη
344 2258 415 2294 ὕδωρ
438 2259 466 2286 ὲν
487 2258 526 2294 τῷ
546 2258 708 2294 τόπῳ.Ἀπὸ
728 2258 782 2293 γὰρ
799 2257 921 2293 σημείων
936 2261 956 2284 ε’

170 2305 289 2340 ὑπῆρχεν
311 2305 342 2332 τὸ
363 2305 450 2341 ὕδωρ·
466 2306 500 2340 τῇ
517 2302 564 2331 οὖν
580 2304 657 2331 νυκτὶ
672 2305 834 2339 ἐπορεύοντο
849 2304 956 2335 ἑαυτοῖς

170 2353 191 2378 ai
204 2352 322 2387 ἀδελφοὶ,
340 2351 388 2378 καὶ
404 2351 544 2387 ὲγέμιζον.
563 2350 624 2377 Τῶν
649 2349 677 2376 δὲ
699 2349 847 2385 ὁδοιπόρων
869 2348 957 2375 ἐκλει-

171 2397 272 2424 πόντων
291 2397 335 2424 διὰ
352 2397 402 2432 τὴν
418 2396 508 2432 δίψαν,
525 2396 645 2427 ἅπαντες
660 2395 685 2421 οἱ
699 2395 810 2429 ἀδελφοὶ
826 2394 957 2421 ἐπένθουν

170 2443 212 2470 ἐπ’
238 2445 340 2477 αὐτοῖς.
355 2445 386 2472 '0
409 2445 437 2471 δὲ
458 2444 618 2479 Ἐπιφάνιος
643 2443 765 2475 ἐκτείνας
791 2442 840 2477 τὴν
866 2443 955 2477 χεῖρα,

171 2491 215 2517 καὶ
230 2491 395 2526 δραξάμενος
412 2490 457 2517 τοῦ
473 2489 570 2522 ἀσκοῦ,
585 2488 650 2516 ἔνθα
660 2489 674 2515 ὁ
686 2487 758 2519 οἶνος
773 2488 906 2523 ὑπῆρχεν,
917 2485 957 2513 εῐ-

172 2545 233 2562 πεν·
247 2535 424 2569 Πιστεύσατε,
439 2535 560 2570 ἀδελφοὶ,
574 2536 617 2562 ὅτι
631 2535 645 2561 ὁ
661 2535 777 2569 ποιήσας
790 2533 820 2560 τὸ
837 2533 909 2568 ὕδωρ
920 2531 957 2560 οἷς

173 2590 223 2613 νον,
244 2582 351 2616 ποιήσει
374 2581 422 2608 καὶ
437 2581 482 2608 τὸν
495 2579 566 2608 οἶνον
580 2580 669 2616 ὖδωρ¹
692 2580 741 2607 καὶ
763 2579 810 2606 ἐπὶ
829 2578 868 2614 τῷ
884 2578 957 2613 λόγῳ

177 2627 345 2661 Ἐπιφανίου,
361 2628 385 2654 οἰ
408 2627 573 2663 πλησθέντες
597 2626 677 2654 ἀσκοὶ
701 2625 784 2657 οῐνου,
801 2624 956 2661 ηὑρέθησαν

177 2672 334 2709 πλησθέντες
357 2672 466 2704 ὖδατος-
482 2673 529 2699 καὶ
545 2671 671 2703 λαϐόντες
686 2671 711 2697 οἱ
727 2670 861 2706 ὁδοιπόροι
881 2669 957 2695 ἔπιον

178 2719 218 2747 at
233 2719 318 2751 αὐτοὶ,
333 2718 380 2745 καὶ
391 2717 427 2745 τὰ
440 2718 526 2754 κτήνη
540 2717 640 2749 αὐτῶν,
656 2716 703 2743 καὶ
716 2716 780 2751 ἔστη
794 2716 811 2750 ἠ
827 2714 900 2750 ψυχὴ
912 2714 958 2741 αύ-

209 2805 246 2840 (a)
266 2805 349 2834 Aliter
360 2805 425 2841 legit
441 2805 584 2840 interpres,
601 2810 695 2839 nempe
710 2802 872 2838 παραδόσει.

1003 1531 1082 1559 rima.
1108 1531 1227 1566 Contigit
1249 1539 1322 1563 vero,
1343 1535 1374 1557 ut
1394 1538 1510 1566 magnus
1529 1529 1666 1557 Lucianus
1693 1537 1708 1557 e
1733 1530 1789 1557 vita

1003 1576 1123 1604 humana
1147 1576 1299 1604 excederet.
1312 1574 1423 1602 Praefuit
1447 1579 1536 1602 autem
1561 1574 1681 1602 Hilarion
1706 1575 1790 1602 choro

1005 1621 1139 1648 fratrum:
1155 1629 1271 1656 vereque
1299 1621 1396 1648 licebat
1420 1620 1512 1648 videre
1536 1628 1597 1648 eum
1620 1620 1720 1653 locum,
1735 1627 1789 1647 non

1004 1672 1133 1702 tanquam
1155 1666 1182 1693 in
1203 1674 1236 1694 eo
1258 1667 1381 1694 homines
1404 1666 1569 1698 habitarent.
1589 1666 1636 1694 sed
1659 1671 1789 1700 tanquam

1005 1712 1090 1740 sancti
1115 1712 1203 1747 angeli
1228 1712 1416 1740 ministrarent
1439 1712 1613 1752 sanctissimo
1636 1716 1663 1739 et
1683 1711 1791 1739 miseri-

1004 1758 1080 1786 cordi
1097 1757 1161 1785 Deo.
1181 1757 1245 1785 Erat
1269 1758 1342 1785 enim
1360 1758 1431 1785 beati
1444 1757 1591 1785 Hilarionis
1607 1757 1694 1789 cibus,
1711 1757 1790 1791 panis

1004 1810 1031 1833 et
1055 1805 1104 1838 sal,
1119 1810 1147 1832 et
1172 1805 1308 1832 modicum
1331 1811 1417 1839 aquae.
1434 1804 1599 1832 Comedebat
1623 1807 1712 1830 autem
1729 1806 1791 1838 post

1005 1851 1074 1878 duos
1099 1845 1170 1885 dies,
1182 1858 1254 1886 saepe
1278 1850 1361 1878 etiam
1388 1854 1449 1885 post
1472 1855 1539 1883 tres,
1552 1849 1700 1884 saepissime
1725 1855 1791 1875 vero

1005 1903 1066 1932 post
1078 1902 1208 1931 quatuor,
1223 1897 1265 1924 vel
1285 1901 1345 1932 post
1370 1896 1580 1924 hebdomadam.
1594 1895 1651 1922 Hoc
1664 1894 1725 1922 vitae
1748 1893 1790 1920 iu-

1006 1943 1129 1971 stitutum
1151 1943 1231 1978 elegit
1251 1943 1420 1978 Epiphanius
1436 1947 1494 1970 toto
1509 1947 1631 1977 tempore
1646 1942 1708 1968 vitae
1721 1948 1787 1968 suae.

1006 1989 1070 2016 Erat
1083 1993 1174 2017 autem
1193 1989 1238 2016 ille
1251 1989 1327 2016 locus
1339 1989 1399 2016 sine
1414 1996 1495 2023 aqua.

1041 2077 1075 2104 X.
1095 2077 1164 2105 Cum
1179 2082 1269 2104 autem
1285 2076 1432 2112 aliquando
1444 2076 1562 2103 viatores
1574 2074 1687 2110 ingressi
1699 2077 1790 2101 essent

1007 2124 1214 2157 monasterium,
1229 2123 1323 2151 vinum
1346 2123 1498 2155 atterentes,
1519 2129 1574 2157 quo
1597 2126 1717 2155 tempore
1733 2123 1790 2147 erat

1005 2173 1088 2196 aestus
1109 2169 1372 2201 vehementissimus,
1396 2168 1439 2196 siti
1464 2167 1522 2195 fere
1546 2165 1738 2198 enecabantur,
1764 2169 1790 2192 et

1005 2214 1141 2249 petierunt
1154 2222 1253 2249 aquam
1264 2215 1298 2241 ad
1312 2214 1470 2246 bibendum,
1485 2220 1534 2240 nec
1544 2212 1653 2239 inventa
1668 2215 1709 2238 est
1721 2217 1790 2248 aqua

1005 2259 1032 2286 in
1051 2260 1096 2287 illo
1113 2260 1183 2288 loco.
1202 2260 1303 2288 Aberat
1327 2260 1400 2287 enim
1418 2266 1488 2294 aqua
1512 2258 1545 2285 ad
1559 2258 1679 2292 quinque
1693 2257 1791 2285 millia-

1005 2306 1058 2333 ria.
1075 2306 1152 2333 Ibant
1169 2313 1235 2333 vero
1250 2311 1342 2336 noctu,
1363 2309 1390 2332 et
1412 2303 1583 2339 aquabantur
1598 2302 1706 2330 fratres.
1721 2302 1790 2330 Cum

1006 2357 1096 2379 autem
1126 2352 1242 2380 viatores
1266 2355 1375 2386 propter
1403 2350 1475 2377 sitim
1503 2348 1661 2382 deﬁcerent,
1690 2347 1792 2376 fratres

1007 2404 1114 2432 propter
1135 2405 1184 2425 eos
1210 2397 1347 2432 lugebant.
1365 2395 1535 2431 Epiphanius
1548 2399 1638 2422 autem
1655 2402 1718 2422 cum
1733 2402 1791 2421 ma-

1006 2451 1073 2471 num
1097 2444 1273 2477 extendisset,
1294 2447 1320 2471 et
1341 2447 1430 2470 utrem
1456 2442 1654 2477 prehendisset,
1673 2441 1718 2468 ubi
1733 2445 1791 2468 erat

1006 2490 1100 2517 vinum
1116 2499 1123 2517 :
1139 2489 1257 2523 Credite,
1277 2490 1375 2525 inquit,
1394 2489 1502 2521 fratres,
1527 2488 1596 2523 quod
1619 2487 1666 2523 qui
1692 2495 1790 2522 aquam

1005 2534 1071 2563 fecit
1084 2535 1188 2567 vinum,
1200 2535 1294 2562 vinum
1308 2542 1416 2570 quoque
1427 2541 1525 2569 aquam
1538 2533 1628 2561 faciet.
1638 2532 1671 2560 Et
1683 2537 1791 2567 propter

1006 2587 1159 2608 sermonem
1182 2579 1335 2615 Epiphanii,
1348 2585 1432 2612 utres,
1449 2579 1496 2614 qui
1522 2579 1587 2606 vino
1609 2577 1681 2612 pleni
1701 2581 1790 2608 erant,

1007 2625 1108 2653 inventi
1119 2630 1185 2654 sunt
1197 2633 1268 2661 aqua
1283 2626 1364 2661 pleni.
1376 2625 1463 2659 Quam
1474 2632 1536 2653 cum
1551 2624 1722 2658 accepissent
1734 2622 1789 2649 via-

1006 2676 1088 2705 tores,
1103 2671 1240 2704 biberunt,
1252 2675 1279 2699 et
1289 2671 1371 2700 etiam
1387 2673 1509 2707 jumenta
1524 2677 1621 2698 eorum
1637 2677 1645 2697 :
1663 2668 1790 2703 stetitque

1007 2717 1098 2745 anima
1113 2724 1207 2746 eorum
1225 2717 1253 2746 in
1268 2717 1346 2752 ipsis.
1360 2716 1460 2746 Omnes
1473 2720 1563 2745 autem
1580 2715 1788 2750 obstupuerunt,
