1934 3029
135 87 169 114 35
768 83 797 111 S.
822 83 921 110 EPIPH

976 83 992 110 ιι
1014 84 1105 111 νιτίι.
1718 84 1754 118 30.

137 151 166 172 et-
179 145 304 173 viatores.
319 147 346 170 et
359 142 465 169 fratres.
481 141 523 169 Ab
537 141 584 169 illo
601 149 666 169 vero
687 141 731 169 die
754 142 841 169 noluit
854 141 918 176 Epi—

976 143 1022 169 rth
1039 144 1082 169 ἐπ’
1097 142 1367 177 αὐτοῖς.Ἐξέἕςτησαν
1383 140 1429 170 οὖν
1454 143 1572 174 ἅπαντες
1596 142 1642 168 ἐπὶ
1663 143 1751 176 τοῦτο,

137 190 253 224 phanius
270 188 390 215 habitare
413 187 530 222 amplius
552 187 579 213 in
602 187 648 214 illo
661 187 732 219 loco,
749 194 782 214 eo
800 187 871 222 quod
887 187 921 214 de

137 235 196 269 ipso
208 234 358 261 audiissent
373 233 500 260 viatores.
520 231 686 266 Subripiens
696 236 787 258 autem
802 231 921 265 seipsum

138 287 155 308 a
171 279 309 312 fratribus,
321 278 458 314 profectus
469 277 549 305 estin
566 278 655 304 locum
672 276 759 311 magis
775 283 919 312 agrestem.

139 325 190 359 Qui
214 333 275 352 cum
301 325 436 351 nescirent
460 324 487 350 in
509 330 563 358 quo
589 322 648 350 loco
664 322 810 354 habitaret,
827 330 921 349 omnes

139 371 236 398 fratres
258 371 383 405 lugebant
403 369 595 403 Epiphanium.
613 368 767 396 Permansit
786 371 875 394 autem
893 367 921 394 in

140 418 186 444 illo
200 418 260 444 loco
271 416 380 450 jejunus
395 415 483 441 tribus
496 414 601 442 diebus.
618 414 653 441 Et
671 414 717 441 ille
729 420 836 448 quoque
847 413 923 441 locus

140 464 233 491 aridus
246 467 314 494 erat,
330 466 357 488 et
372 461 434 488 sine
451 468 534 494 aqua.

175 593 222 620 XI.
241 593 345 620 Accidit
362 596 464 622 autem,
477 595 507 618 ut
519 598 566 625 per
583 590 658 617 illum
674 590 765 617 locum
777 591 924 618 transirent

141 639 318 675 quadraginta
345 637 483 664 Saraceni.
501 636 553 669 Qui
577 644 638 663 cum
662 636 687 663 in
711 636 784 669 loco,
799 641 826 663 et
846 637 872 664 in
892 645 924 664 eo

141 691 214 713 statu
237 685 368 711 vidissent
390 683 580 717 Epiphanium,
597 690 693 710 omnes
707 690 770 710 eum
791 683 921 710 ducentes

141 737 204 757 esse
223 729 377 760 ridiCulum,
402 727 558 754 irridebant.
583 726 660 754 Unus
684 732 772 755 autem
793 735 826 755 ex
848 728 923 762 ipsis,

142 776 190 809 qui
205 782 286 802 unum
301 773 417 800 habebat
430 773 538 799 oculum
552 775 621 807 (erat
630 772 702 799 enim
719 773 786 800 alter
801 773 921 807 clausus)

142 827 204 847 cum
229 819 322 846 ferinis
345 822 416 846 esset
441 817 572 849 moribus,
587 825 652 846 ense
674 818 796 845 strictoe
812 818 920 852 vagina,
940 815 960 841 Β

143 865 215 892 venit
229 863 263 890 ad
279 863 460 898 Epiphanium
475 871 482 890 :
499 870 614 897 cumque
630 870 693 890 eum
710 862 874 895 sustulisset,
893 867 923 890 ut

142 914 295 944 percuteret
308 908 499 943 Epiphanium.
518 913 626 943 apertus
644 913 686 935 est
699 908 769 943 ejus,
784 908 830 943 qui
847 909 921 935 clau-

144 963 191 982 sns
205 958 273 985 erat,
289 954 396 981 oculus.
411 952 458 980 llle
472 961 536 980 vero
552 954 724 988 perterritus,
739 961 805 981 ense
826 953 853 980 in
867 958 922 981 ter-

144 1007 200 1027 ram
221 999 352 1034 projecto,
370 999 490 1026 constitit
512 999 667 1026 immobilis.
686 999 738 1025 Alii
756 1002 845 1026 autem
859 1005 924 1026 eum

144 1045 273 1072 vidissent
288 1052 350 1072 esse
361 1049 482 1079 apertum
502 1045 621 1076 oculum,
635 1044 680 1079 qui
694 1044 804 1072 clausus
826 1043 922 1077 fuerat,

144 1095 285 1125 eceperunt
301 1095 413 1125 stupore
437 1090 515 1118 allici.
533 1090 657 1125 Cumque
678 1090 791 1117 vidisset
806 1088 924 1124 Epipha—

143 1137 208 1164 nius
232 1144 278 1164 eos
302 1143 364 1163 esse
387 1135 494 1167 anxios,
510 1143 651 1163 sermones
667 1143 727 1163 cum
743 1137 782 1163 eis
798 1135 922 1162 contulit.

143 1182 182 1209 Illi
197 1190 262 1210 vero
280 1189 342 1209 eum
356 1182 444 1208 verbis
462 1181 602 1216 Epiphanii
620 1181 771 1209 evasissent
792 1181 885 1207 sedato
898 1184 925 1207 et

144 1227 289 1262 tranquillo
301 1228 404 1259 animo,
423 1227 517 1254 mutati
533 1234 594 1253 eum
606 1226 733 1253 dicebant
746 1233 805 1253 esse
819 1225 902 1252 Deum
915 1234 922 1251 :

144 1275 254 1309 vimque
267 1275 292 1302 ei
306 1274 458 1308 afferentes,
475 1274 617 1301 trahebant
628 1281 691 1301 eum
708 1281 810 1305 secum,
827 1273 922 1301 dicen-

145 1325 186 1347 les
199 1329 206 1347 ι
221 1319 261 1347 Τιι
275 1328 305 1347 es
322 1320 393 1347 Deus
406 1323 507 1352 noster,
525 1326 636 1354 sequere
652 1326 712 1351 D08.
730 1323 757 1346 ει
781 1326 859 1346 εθτνε
875 1325 925 1346 nos

144 1366 179 1392 ab
193 1366 267 1393 omni
281 1365 308 1392 vi
321 1373 415 1392 eorum
429 1365 473 1399 qui
497 1364 524 1391 in
549 1372 598 1392 nos
622 1363 737 1391 irruent.
758 1363 925 1399 Epiphanius

145 1416 236 1439 autem
251 1418 298 1439 eos
313 1419 428 1446 sequens
444 1416 564 1443 tempore
576 1410 658 1437 trium
671 1409 816 1440 mensium,
833 1409 926 1444 prohi-

145 1457 224 1484 bebat
244 1457 284 1484 eis
306 1464 414 1483 omnem
440 1456 611 1483 insolentiam
622 1459 650 1482 et
660 1454 924 1482 immoderationem.

970 190 1039 216 οἵτε
1057 190 1190 224 ὁδοιπόροι
1215 189 1261 215 καὶ
1278 190 1302 215 οί
1319 189 1505 223 άδελφοί.⁹Απ“
1522 188 1629 224 ἐκείνης
1645 186 1691 215 οὖν
1705 190 1754 224 τῆς

970 235 1076 270 ἡμέρας
1087 235 1176 261 οὐκέτι
1192 234 1326 270 ἠϐουλήθη
1347 233 1504 268 Ἐπιφάνῑος
1517 234 1625 269 οἰκῆσαι
1647 235 1693 261 τὸν
1710 235 1754 261 τό·

971 289 1021 307 πον
1036 281 1147 312 ἐκεῖνον,
1163 280 1209 306 διὰ
1223 280 1254 306 τὺ
1269 279 1431 312 ἐξάκουστον
1453 279 1533 306 αὑτὸν
1550 279 1675 314 γενέσθαι
1700 276 1753 306 ιιτδ

970 325 1025 352 τῶν
1038 325 1182 361 ὁδοιπόρων
1190 333 1197 339 ·
1209 325 1320 360 ἔκλεψεν
1336 325 1363 351 δὲ
1376 325 1474 351 ἑαυτὸν
1485 325 1543 351 ἀπὸ
1556 324 1610 352 τῶν
1622 325 1753 359 ἀδελφῶν,

972 371 1019 398 καὶ
1035 370 1168 406 ἐπορεύθη
1186 371 1225 402 εἰς
1239 369 1404 406 ἀγριώτερον
1428 370 1510 397 τόπον
1520 378 1526 385 ⁵
1544 369 1598 396 τῶν
1613 369 1642 396 δὲ
1658 370 1696 405 μὴ
1710 371 1754 396 επ-

973 417 1122 451 ισταμένων
1143 416 1173 442 τὸ
1196 416 1225 442 ὲν
1250 416 1318 451 ποίῳ
1340 416 1415 450 τόπῳ
1438 415 1570 447 κατοικεῖ,
1587 414 1705 446 ἅπαντες
1728 414 1753 441 οί

972 461 1079 495 ἀδελφοὶ
1098 461 1225 488 ἐπένθουν
1251 461 1314 496 περὶ
1334 460 1633 495 Ἐπιφανίου.Ἔμεινεν
1654 457 1701 486 οὖν
1724 460 1754 486 ἐν

972 505 1011 540 τῷ
1024 506 1098 540 τόπῳ
1121 505 1217 540 ἐκείνῳ
1237 507 1311 540 τρεῖς
1329 505 1435 540 ἡμέρας
1450 501 1754 536 ἇσιτοςδιατελῶνῘΗν

972 550 1000 576 δὲ
1015 550 1061 576 καὶ
1075 549 1155 581 αὐτὸς
1170 550 1184 575 ὁ
1198 549 1280 580 τόπος
1296 549 1418 584 ἄνυδρος.

1009 595 1059 622 ΙΑ’.
1080 594 1181 630 Συνέϐη
1198 594 1226 621 δὲ
1249 595 1308 620 κατ’
1327 595 1428 620 ἐκεῖνον
1442 593 1488 620 τὸν
1508 593 1604 629 καιρὸν
1623 596 1650 628 μ’
1667 593 1755 629 Σαρα-

973 641 1071 675 κηνοὺς
1081 639 1242 675 διέρχεσθαι.
1250 640 1294 671 Ὦς
1307 637 1353 666 οὖν
1365 639 1420 666 ἴδον
1433 639 1590 673 Ἐπιφάνιον
1604 640 1632 665 ὲν
1644 638 1754 674 τοιούτῳ

973 686 1047 720 τόπῳ
1062 685 1110 711 καὶ
1132 684 1242 720 τοιαύτῃ
1257 684 1432 715 καταστάσει,
1449 683 1553 717 γέλοιον
1564 682 1754 718 ἀναδεξάμενοι

975 731 1078 766 ἀμφότε
1084 738 1124 765 ροι
1134 729 1228 756 τούτου
1240 729 1402 764 κατεγέλων.
1417 726 1464 760 Εἷς
1475 728 1503 755 δέ
1515 737 1557 760 τις
1567 728 1596 761 ἐξ
1606 727 1695 754 αὐτῶν
1707 727 1755 754 ἕνα

974 776 1111 811 ὀφθαλμὸν
1133 775 1201 810 ἔχων
1217 773 1267 810 (ἦν
1281 775 1335 809 γὰρ
1357 775 1372 800 ὁ
1395 774 1474 805 ἄλλος
1496 773 1578 800 αὑτοῦ
1611 773 1755 806 κλεισθεὶς)

975 822 1021 848 καὶ
1039 820 1156 856 θηριώδη
1171 821 1228 854 ’ἐειν
1242 820 1321 855 ἔχων,
1338 819 1427 846 λαϐὼν
1450 819 1498 854 τὴν
1523 819 1659 854 μάχαιραν
1673 817 1754 845 αὑτοῦ

975 867 1008 893 ἐκ
1020 866 1068 900 τῆς
1083 865 1179 900 Θήχης,
1192 863 1272 900 ἦλθεν
1284 864 1351 900 πρὸς
1372 864 1538 897 Ἐπιφάνιον·
1555 864 1602 890 καὶ
1615 863 1646 898 δὴ
1660 863 1756 897 κουφί-

975 921 1023 944 σας
1037 912 1122 947 αὐτὴν
1138 911 1251 947 κροῦσαι
1265 910 1310 937 τδν
1327 910 1494 944 Ἐπιφάνιον,
1512 909 1634 944 ἡνεῲχθη
1649 909 1731 936 αὑτοῦ
1741 910 1756 935 ό

974 957 1107 989 κλεισθεὶς
1120 957 1266 992 ὀφθαλμός.
1288 956 1340 982 Τοῦ
1360 956 1389 982 δὲ
1403 956 1523 990 ὲμφόῦου
1541 954 1695 990 γενομένου,
1710 954 1756 981 καὶ

973 1005 1023 1041 τὴν
1041 1005 1177 1040 μάχαιραν
1190 1004 1236 1030 ἐπὶ
1249 1003 1297 1039 τὴν
1312 1004 1364 1038 γῆν
1380 1002 1516 1038 ῥίψαντος,
1533 1002 1647 1037 ἕστηκεν
1661 1001 1756 1036 ἀκίνη-

974 1058 1029 1082 τος.
1044 1051 1074 1076 υἱ
1095 1049 1123 1076 δὲ
1146 1049 1222 1075 ἄλλοι
1248 1048 1347 1080 ἰδόντες
1363 1048 1411 1082 τὴν
1432 1047 1575 1083 ἀκινησίαν
1591 1046 1639 1073 τοῦ
1653 1046 1756 1073 ἑαυτῶν

975 1095 1093 1130 ἑταίρου,
1117 1094 1240 1130 ἔρχονται
1263 1093 1311 1120 καὶ
1333 1093 1410 1120 αὐτοὶ
1433 1092 1500 1128 πρὸς
1517 1092 1685 1126 Ἐπιφάνιον,
1709 1091 1756 1117 καὶ

975 1140 1041 1175 πρὸς
1057 1139 1102 1165 τὸν
1116 1138 1204 1166 αὐτῶν
1218 1138 1301 1173 φίλον.
1320 1138 1375 1164 Καὶ
1389 1138 1453 1169 ίδον,
1465 1138 1512 1164 καὶ
1523 1137 1577 1163 ἰδοὺ
1593 1138 1607 1163 ὁ
1621 1136 1757 1171 ὀφθαλμὸς

974 1185 1056 1213 αὐτοῦ
1079 1186 1093 1212 ό
1117 1185 1250 1215 κλεισθεὶς
1276 1183 1456 1219 ἡνεῳγμένος,
1472 1183 1518 1210 καὶ
1539 1183 1640 1218 θάμϐος
1661 1182 1757 1208 ἔπεσεν

975 1232 1018 1258 ἐπ’
1030 1230 1247 1266 ἀμφοτέρους.’0
1263 1228 1308 1257 οὖν
1327 1229 1482 1264 Ἐπιφάνιος
1504 1228 1565 1255 ἰδὼν
1583 1228 1680 1259 αὐτοὺς
1696 1228 1758 1262 ἀδη-

977 1276 1132 1312 μονοῦντας,
1142 1276 1254 1311 συνῆρεν
1269 1276 1307 1310 (α)
1322 1275 1416 1309 λόγους
1427 1274 1494 1309 πρὸς
1510 1273 1616 1304 αὐτούς.
1634 1272 1665 1299 Ul
1677 1272 1705 1298 δὲ
1715 1271 1758 1298 διὰ

975 1323 1029 1349 τῶν
1044 1322 1130 1356 λόγων
1147 1320 1304 1356 Ἑπιφανίου
1319 1322 1348 1347 ὲν
1359 1320 1522 1346 καταστάσει
1537 1318 1667 1349 ἐλθόντες,
1681 1323 1758 1352 μετα-

976 1366 1134 1402 ϐαλλόμενοι
1151 1366 1241 1401 ἔλεγον
1264 1365 1345 1392 αὑτὸν
1367 1364 1433 1392 Θεὸν
1454 1362 1538 1391 εἶναι’
1559 1363 1606 1390 καὶ
1630 1363 1690 1398 βίαν
1712 1362 1759 1388 ὲπ-

976 1412 1136 1446 ενέγκαντες
1150 1410 1246 1446 τούτῳ,
1259 1408 1348 1437 εἷλκον
1370 1410 1451 1437 αὐτὸν
1471 1409 1530 1444 μεθ’
1547 1408 1650 1435 ἑαυτῶν
1671 1407 1758 1441 λέγον-

977 1466 1036 1490 τες”
1054 1458 1089 1484 Σὺ
1103 1456 1128 1484 εἶ
1143 1457 1157 1483 ό
1171 1457 1237 1488 Θεδς
1250 1456 1328 1492 ἡμῶν
1339 1465 1345 1470 ·
1358 1455 1499 1482 ἀκολούθει
1514 1456 1589 1490 ἡμῖν,
1603 1454 1650 1480 καὶ
1665 1453 1759 1480 διάσω-

144 1501 212 1529 Cunt
227 1501 357 1528 vidissent
371 1508 436 1527 vero
458 1508 488 1527 se
507 1500 566 1534 ejus
578 1499 811 1526 admonitionibus
828 1497 924 1524 adduci

977 1488 1098 1539 Canusi;
1121 1503 1174 1530 ἀπὸ
1196 1488 1286 1536 πάσης
1307 1501 1367 1537 βίας
1387 1501 1442 1528 τῶν
1458 1488 1675 1535 ἐπεγειρομὲνων
1697 1498 1757 1525 καθ’

146 1547 172 1574 in
186 1546 335 1580 angustias,
348 1552 443 1572 omnes
466 1551 520 1571 uno
533 1545 624 1571 animo
640 1543 700 1578 ejus
715 1543 826 1578 pedibus
842 1543 924 1570 devo-

145 1592 192 1619 luti
217 1592 358 1626 petierunt,
375 1595 403 1618 ut
420 1591 448 1617 in
466 1598 545 1617 suum
559 1590 647 1617 locum
665 1593 856 1616 reverteretur.
873 1588 925 1621 Qui

145 1644 207 1664 cum
220 1644 313 1663 eorum
328 1635 440 1662 auribus
457 1635 589 1661 maximas
613 1634 748 1669 ingereret
763 1633 926 1660 admonitio-

146 1690 205 1713 nes,
221 1681 313 1708 dicens
327 1690 334 1708 :
350 1680 407 1708 Nisi
422 1681 456 1708 ab
478 1681 511 1708 iis
526 1679 720 1712 abstinueritis,
734 1687 788 1706 non
805 1680 882 1706 eritis
897 1679 926 1706 in

147 1728 198 1754 hac
210 1727 266 1754 vita
281 1726 372 1754 felices
390 1735 397 1753 :
413 1729 575 1761 acceperunt
587 1733 659 1758 eum,
675 1729 702 1752 et
717 1725 886 1752 deduxerunt
897 1724 925 1751 in

147 1773 245 1806 lucum,
260 1773 286 1799 in
312 1780 368 1807 quo
392 1772 542 1799 habitabat.
560 1771 681 1804 Cumque
696 1771 720 1798 ei
736 1778 785 1798 sua
804 1778 886 1805 opera
899 1773 926 1797 et

147 1819 296 1845 ministerio
307 1818 417 1845 domum
435 1817 624 1847 aedilicassent,
639 1821 666 1843 et
681 1824 743 1843 eum
761 1816 851 1843 valere
865 1816 925 1850 jus-

147 1865 259 1895 sissent.
279 1870 374 1890 omnes
398 1862 524 1889 abierunt
546 1862 573 1888 in
596 1869 670 1896 pace.
687 1859 744 1895 Ego
764 1865 866 1892 autem,
880 1860 926 1895 qui

146 1916 219 1935 cram
235 1916 306 1935 unus
331 1915 362 1935 ex
387 1907 464 1941 ipsis,
478 1906 565 1934 mansi
581 1914 643 1933 cum
666 1905 826 1940 Epiphanio,
842 1906 877 1932 ab
893 1913 926 1932 eo

147 1953 287 1980 institutus
301 1953 330 1980 in
343 1953 425 1980 verbo
437 1951 566 1979 veritatis.
583 1951 651 1978 Cum
674 1956 764 1978 autem
780 1952 926 1986 praeteriis-

147 2005 186 2026 set
203 2004 307 2032 tempus
322 2006 369 2025 sex
385 1998 531 2028 mensium,
549 2004 592 2023 me
606 1996 709 2031 accepit
722 1996 776 2029 ille,
792 2001 819 2024 et
827 1997 926 2025 ivimus

146 2045 172 2071 in
187 2043 380 2071 monasterium
394 2042 485 2077 magni
507 2041 662 2069 Hilarionis.
676 2041 745 2069 Cum
758 2049 823 2070 vero
844 2043 927 2070 vidis-

145 2095 205 2117 sent
220 2088 400 2123 Epiphanium
415 2095 508 2115 omnes
525 2087 632 2119 fratres,
647 2094 745 2121 magno
758 2091 822 2114 sunt
835 2087 923 2115 affecti

145 2136 252 2171 gaudio.
270 2134 304 2162 Et
320 2134 468 2162 mansimus
484 2133 590 2168 quidem
605 2138 658 2160 tres
674 2133 732 2160 dies
747 2133 775 2160 in
788 2138 925 2161 monaste—

145 2182 207 2208 rio:
223 2181 380 2216 rogavitque
405 2179 572 2214 Epiphanius
593 2186 721 2214 magnum
746 2177 922 2213 Hilarionem,

146 2231 176 2253 ut
198 2227 262 2253 mihi
279 2226 356 2253 daret
377 2226 405 2252 in
426 2225 536 2253 Christo
561 2223 740 2258 signaculum,
755 2224 928 2259 quandoqui-

146 2273 206 2299 dem
221 2276 359 2307 aceeperat
376 2271 496 2298 llilarion
510 2271 622 2306 gradum
637 2270 849 2305 presbyteratus.
859 2271 926 2297 Cum

147 2326 190 2345 me
211 2323 299 2345 autem
321 2325 435 2353 magnus
462 2317 611 2352 accepisset
624 2315 757 2348 Hilarion,
772 2320 799 2343 et
818 2323 924 2343 omnem

146 2363 283 2392 docuisset
304 2363 532 2398 consequentiam,
547 2362 694 2397 baptizavit
710 2369 753 2388 me
771 2362 798 2389 in
814 2361 925 2389 nomine

147 2409 243 2440 Patris,
259 2413 286 2436 et
300 2408 374 2440 Filii,
391 2414 417 2436 et
435 2408 552 2443 Spiritus
573 2407 663 2435 sancti
682 2416 689 2435 :
705 2411 733 2434 et
745 2407 926 2442 transegimus

146 2454 243 2482 deinde
254 2454 325 2489 apud
337 2454 410 2489 ipsos
422 2453 514 2481 decem
530 2453 601 2485 dies;
626 2453 777 2487 fratresque
794 2453 927 2487 rogabant

146 2501 337 2536 Epiphanium,
352 2504 382 2526 ut
404 2507 453 2526 nos
474 2499 501 2526 in
523 2506 556 2526 eo
567 2499 627 2526 loco
646 2499 849 2531 habitaremus;
869 2499 927 2533 ipse

146 2552 236 2574 autem
251 2546 347 2580 noluit,
360 2546 407 2573 sed
421 2545 506 2573 voluit
518 2545 649 2577 habitare,
667 2545 714 2573 ubi
727 2545 868 2572 habitabat
879 2551 928 2571 an-

147 2598 199 2621 tea.

975 1549 1063 1584 ὴμῶν.
1078 1548 1130 1575 Τοῦ
1144 1548 1173 1574 δὲ
1186 1547 1344 1582 Ὲπιφανίου
1357 1547 1403 1573 ἐπὶ
1417 1546 1576 1582 τριμηναῖον
1591 1545 1686 1580 χρόνον
1701 1543 1758 1569 τού-

974 1604 1029 1627 τοις
1051 1593 1308 1626 ἐπακολουθοῦντος,
1333 1592 1449 1620 ὲκώλυεν
1473 1591 1570 1623 αὐτοὺς
1592 1590 1646 1617 ἀπὸ
1668 1589 1758 1624 πάσης

975 1641 1096 1674 ἀταξίας.
1111 1640 1171 1666 Τῶν
1193 1639 1221 1666 δὲ
1235 1639 1354 1670 εἰδότων,
1369 1639 1410 1665 ὅτι
1424 1638 1551 1664 στένωσιν
1570 1636 1694 1670 ἐπιφέρει
1711 1635 1760 1662 αὑ-

974 1687 1034 1717 τοῖς.
1053 1685 1096 1712 διὰ
1120 1685 1168 1720 τῆς
1193 1684 1341 1716 νουθεσίας,
1361 1682 1529 1718 ὁμοθυμαδὸν
1555 1681 1673 1712 ἅπαντες
1697 1689 1759 1706 συν-

976 1729 1100 1764 αχθέντες
1116 1728 1370 1764 προσεκυλινδοῦντο
1392 1727 1446 1754 τῶν
1474 1726 1561 1754 ποδῶν
1575 1724 1668 1757 αὐτοῦ,
1682 1726 1758 1756 ὅπως

975 1775 1122 1811 ἀποδράσει
1135 1775 1216 1802 πάλιν
1239 1775 1279 1806 είς
1301 1774 1347 1801 τὸν
1373 1774 1438 1800 ι’διον
1452 1773 1533 1800 τόπον
1550 1771 1641 1799 αὑτοῦ.
1660 1771 1712 1798 Τοῦ
1728 1770 1757 1797 δὲ

976 1821 1113 1852 νουθεσίας
1124 1820 1254 1856 μεγίστας
1266 1819 1405 1850 ἐπιθέντος
1419 1818 1465 1845 ἐπὶ
1475 1819 1535 1850 ταῖς
1548 1818 1643 1848 ἀκοαῖς
1657 1816 1757 1849 αὐτῶν,

975 1867 1013 1893 ὄτι
1038 1867 1099 1893 Ἐὰν
1124 1866 1160 1901 μὴ
1183 1866 1284 1893 τούτων
1308 1864 1452 1900 ἀπέχεσθε,
1481 1864 1512 1890 οὐ
1528 1863 1642 1890 δύνασθε
1660 1863 1757 1898 εὑημε-
1805 1880 1813 1888 .

979 1914 1036 1949 ρεῖν
1050 1914 1078 1940 ὲν
1090 1912 1156 1948 τῷδε
1171 1912 1209 1947 τῷ
1224 1912 1287 1947 βίῳ·
1306 1911 1431 1942 λαϐόντες
1451 1910 1479 1937 δὲ
1503 1909 1584 1936 αὑτὸν
1601 1909 1625 1935 οἱ
1642 1908 1758 1943 ἀμφότε-

977 1966 1018 1993 ροι
1034 1957 1136 1992 ἧγαγον
1152 1956 1198 1983 ἐπὶ
1211 1956 1304 1988 τόπον,
1319 1955 1382 1982 ἔνθα
1397 1955 1427 1981 τὺ
1441 1954 1505 1990 πρὶν
1520 1952 1653 1988 κατῴκει·
1669 1952 1715 1978 καὶ
1725 1951 1757 1987 δὴ

976 2001 1020 2028 διὰ
1041 2003 1090 2036 τῆς
1106 2001 1195 2028 αὐτῶν
1217 2000 1368 2036 ὑπηρεσίας
1384 1998 1609 2034 οἰκοδομήσαντες
1629 1997 1703 2032 αὑτῷ
1721 1995 1756 2023 οἷ-

976 2055 1032 2078 κον,
1047 2047 1236 2081 ἀσπασάμενοι
1247 2055 1276 2073 τε
1290 2046 1370 2073 αὑτὸν
1385 2046 1408 2072 οἱ
1420 2045 1519 2076 πάντες
1531 2043 1684 2079 ἀνεχώρουν
1697 2043 1755 2078 μετ’

976 2091 1172 2128 εἰρήνης.Ἐγὼ
1182 2092 1255 2126 γοῦν,
1272 2089 1312 2123 εἷς
1335 2091 1364 2123 ἐξ
1387 2090 1475 2117 αὐτῶν
1501 2090 1640 2125 ὑπάρχων,
1664 2088 1758 2124 ἔμεινα

978 2137 1046 2172 μετὰ
1066 2137 1222 2171 Ἑπιφανίου
1235 2145 1242 2151 ·
1259 2137 1305 2163 καὶ
1324 2135 1488 2171 κατηχηθεὶς
1503 2135 1548 2162 ὑπ’
1561 2133 1642 2160 αὑτοῦ
1659 2133 1704 2160 τὸν
1717 2132 1759 2159 λό-

977 2190 1024 2216 γον
1035 2182 1083 2217 τῆς
1098 2181 1236 2217 ἀληθείας,
1253 2181 1348 2217 ἔμεινα
1361 2181 1419 2216 μετ’
1433 2179 1525 2207 αὐτοῦ.
1539 2179 1642 2215 Χρόνου
1656 2177 1756 2209 5H8:-

980 2228 1091 2263 μηναίου
1113 2227 1290 2263 παρελθόντος
1302 2246 1310 2259 ,
1330 2226 1418 2253 λαϐὼν
1440 2226 1491 2261 ἐμὲ
1508 2225 1675 2259 Ἐπιφάνιος,
1699 2225 1758 2251 επο-

980 2273 1113 2308 ρεύθημεν
1131 2273 1159 2299 ὲν
1178 2273 1217 2308 τῷ
1237 2272 1406 2308 μοναστηρίῳ
1428 2271 1496 2307 πρὸς
1519 2271 1563 2298 τὸν
1588 2270 1673 2305 μέγαν
1692 2270 1759 2296 Ἱλα-

980 2319 1072 2354 ρίωνα,
1088 2318 1197 2350 Ἰδόντες
1221 2318 1250 2345 δὲ
1273 2318 1390 2349 ἅπαντες
1415 2318 1439 2343 οἱ
1467 2316 1575 2350 ἀδελφοὶ
1592 2315 1757 2349 Ἐπιφάνιον,

979 2364 1114 2401 ἐχάρησαν
1139 2364 1226 2399 χαρὰν
1255 2363 1384 2398 μεγάλην.
1403 2362 1585 2397 Ἐποιήσαμεν
1613 2361 1641 2387 δὲ
1671 2361 1700 2387 ὲν
1720 2359 1759 2394 τῷ

980 2408 1151 2444 μοναστηρίῳ
1178 2410 1252 2443 τρεῖς
1281 2407 1403 2443 ἡμέρας,
1433 2407 1480 2433 καὶ
1508 2406 1693 2442 παρεκάλεσεν
1713 2404 1759 2430 τὸν

981 2452 1066 2488 μέγαν
1085 2452 1222 2488 Ἱλαρίωνα
1240 2453 1396 2487 Ἐπιφάνιος
1413 2451 1504 2478 δοῦναί
1518 2460 1562 2486 μοι
1578 2450 1627 2486 τὴν
1648 2451 1676 2476 ὲν
1692 2450 1759 2483 Χρι-

980 2498 1035 2533 στῷ
1052 2499 1202 2534 σφραγῖδα”
1225 2499 1318 2534 ἐπειδὴ
1337 2498 1457 2533 Ἱλαρίων
1471 2497 1648 2529 καταξιωθεὶς
1660 2494 1694 2531 ἦν
1712 2495 1758 2521 τοῦ

980 2543 1084 2579 βαθμοῦ
1098 2544 1144 2570 τοῦ
1157 2544 1361 2580 πρεσϐυτερίου.
1375 2542 1472 2570 Λαϐὼν
1486 2540 1531 2570 οὗν
1552 2543 1566 2568 ὀ
1584 2543 1669 2577 μέγας
1693 2540 1760 2566 Tac:-

981 2589 1045 2624 ρίων
1061 2590 1107 2616 καὶ
1120 2590 1225 2622 διδάξας
1238 2599 1271 2625 με
1285 2590 1335 2626 τὴν
1363 2590 1452 2616 πᾶσαν
1466 2587 1635 2619 ἀκολουθίαν,
1648 2585 1761 2613 ἐϐάπτι-

980 2634 1011 2660 σέ
1027 2643 1060 2669 με
1082 2636 1110 2661 ὲν
1131 2636 1240 2671 ὀνόματι
1255 2635 1426 2671 Πετιτ.ρὺς,κα1⁵
1436 2635 1512 2666 Υἱοῦ,
1527 2634 1573 2660 καὶ
1585 2633 1662 2667 ἁγίου
1675 2630 1760 2658 Πνεύ-

147 2691 240 2719 ματος,
263 2681 393 2713 κελεύσας
417 2689 451 2716 με
471 2679 595 2713 Ἰωάννης
623 2678 772 2706 καλεῖσθαι,
803 2679 983 2716 Ἐποιήσαμεν
1006 2680 1034 2706 δὲ
1062 2682 1128 2716 παρ’
1155 2682 1245 2713 αὐτοῖς
1279 2681 1384 2717 ἡμέρας
1412 2681 1492 2707 δέκα-
1515 2680 1563 2706 καὶ
1589 2677 1759 2713 παρεκάλουν

151 2729 306 2763 Ἐπιιράνιον
321 2728 346 2754 oi
358 2726 465 2761 ἀδελφοὶ
492 2725 560 2751 ὥστε
595 2724 728 2752 κατοικεῖν
755 2723 812 2758 ἅμα
835 2724 864 2750 ἐν
881 2724 920 2759 τῷ
938 2725 1012 2760 τόπῳ
1035 2725 1140 2761 ἐκείνῳ.
1164 2726 1249 2758 Αὐτὸς
1272 2726 1300 2752 δὲ
1326 2726 1375 2752 οὐκ
1396 2724 1542 2760 ἠϐουλήθη,
1568 2722 1759 2750 ἁλλ’ὲὸούλετο

146 2774 224 2800 πάλιν
237 2774 303 2800 ὅπου
317 2773 347 2800 τὸ
361 2773 425 2808 πρὶν
436 2771 605 2807 κατοικῆσαι.

180 2829 219 2864 (α)
239 2828 329 2863 Forte,
343 2830 471 2864 συνεῑρεν.
