1934 3029
159 89 197 121 37
804 91 833 120 S.
854 92 1027 120 EPIPIIANII
1044 94 1134 122 VITA.
1755 103 1791 130 58

195 150 246 176 lB’.
273 148 448 181 Ἑξελθόντων
466 148 494 175 δὲ
509 148 587 184 ήμῶν
606 148 661 175 ἀπὸ
682 149 729 175 τοῦ
755 151 949 185 μοναστηρίου,

1036 151 1092 179 ΧΗ.
1109 152 1176 180 Cum
1191 158 1280 182 autem
1294 163 1343 183 nos
1360 157 1460 192 egressi
1475 165 1597 187 essemus
1619 168 1635 188 c
1651 166 1791 189 monaste-

158 194 346 230 ἑπορευόμεθα
357 195 406 230 τὴν
421 195 479 221 ὁδὸν
489 194 577 230 ἡμῶν.
601 194 645 226 Ὠς
660 195 687 221 δὲ
702 195 757 221 ἀπὸ
770 195 893 231 σημείων
904 195 952 223 δύο

157 241 208 268 τοῦ
227 240 407 276 μοναστηρίου
420 241 577 276 ἀπήντησεν
586 241 653 276 ἡμῖν
667 241 807 273 νεανίσκος
820 250 872 273 τις,
882 242 952 277 ἔχων

157 286 321 322 ἀρχοντικδν
348 286 474 322 δαίμονα,
493 286 730 322 κατατεμνόμενος
750 288 779 313 ὲν
806 289 837 323 τῇ
856 288 952 323 ἐρήμῳ

155 331 204 358 ὑπ’
219 331 313 357 αὑτοῦ.
328 330 428 358 Τοῦτον
444 331 506 358 ἰδὼν
528 331 683 366 Ἐπιφάνιος
694 332 811 368 γυμνὸν,
826 332 873 359 καὶ
884 333 952 359 ἀτά-

155 386 214 412 κτῳ
226 376 319 413 δρόμῳ
331 376 506 412 ἁλισκόμενον
523 378 575 404 ὑπὸ
588 377 635 404 τοῦ
656 378 811 412 ἀκαθάρτου
827 377 950 412 πνεύμα-

155 431 213 456 τος,
228 422 346 458 ἔκραξεν
364 423 470 458 μεγάλῃ
486 424 561 458 φωνῇ
576 430 584 437 ·
600 423 786 459 Παραγγέλλω
801 417 841 450 σοί
854 424 883 450 ἐν
893 423 951 450 ὁνό‹

158 478 226 505 ματι
257 469 304 496 τοῦ
322 469 530 504 ἐσταυρωμένου
562 468 648 503 Ἰησοῦ
675 468 803 504 Χριστοῦ,
834 468 951 502 ἐξελθεῖν

156 515 213 541 ἀπὸ
229 514 276 541 τοῦ
297 514 454 549 πλάσματος
470 513 517 540 τοῦ
531 513 608 540 Θεοῦ.
623 514 732 545 Εὐθέως
743 514 772 541 δὲ
784 515 815 541 τὸ
830 515 951 551 ἀκάθαρ-

156 569 204 587 τον
220 560 331 595 πνεῦμα
346 558 499 594 ἐσπάραξεν
518 559 564 585 τὸν
592 559 752 591 νεανίσκον,
772 560 820 586 καὶ
841 560 950 597 ἔρριψεν

157 606 240 633 αὑτὸν
258 606 305 632 ἐπὶ
329 605 379 641 τὴν
394 605 456 640 γῆν,
473 605 520 632 καὶ
536 604 647 640 ἐξῆλθεν
673 606 720 633 ἀπ’
747 606 841 633 αὐτοῦ.
876 607 905 633 ’0
922 607 951 633 δὲ

157 652 314 687 ἀκάθαρτος
328 650 433 686 δαίμων
448 650 562 686 ἔκραξεν
576 650 684 686 μεγάλῃ
698 652 731 686 τῇ
756 653 831 687 φωνῇ
842 661 849 667 ·
874 653 950 679 Ἐπι-

157 697 248 732 φάνιε,
266 696 372 728 διώκεις
392 705 426 732 με
443 696 496 723 ἀπὸ
509 695 556 722 τοῦ
579 695 661 722 τόπου
686 704 737 731 μου
750 696 794 723 διὰ
811 696 851 731 κβ¹
869 697 948 724 ἐτῶν,

162 742 237 777 Ἐγὼ
253 732 421 778 πορεύσομᾶι
436 741 504 777 πρὸς
515 741 560 768 τὸν
573 740 684 776 βασιλέα
700 740 753 767 τῶν
769 741 890 777 Περσῶν,
905 742 950 770 καὶ

157 788 263 823 κινήσω
286 787 366 814 αὐτὸν
383 787 454 813 κατά
470 788 529 819 σοῦ,
557 787 605 813 καὶ
636 787 742 822 ποιήσω
760 795 789 813 σε
806 787 875 822 μετά
892 787 947 813 θλί-

155 822 231 867 ψεως
247 832 347 867 πολλῆς
362 832 535 867 παραστῆναι
552 832 623 859 κατὰ
641 832 788 867 πρόσωπον
804 832 898 859 αὐτοῦ.
921 833 950 859 '0
967 822 987 849 Β

156 878 186 904 δὲ
203 877 311 909 νεανίας
329 876 412 913 ἦλθεν
429 878 586 913 σωφρόνως,
602 877 650 904 καὶ
667 878 764 904 ἔπεσεν
775 878 815 910 εἰς
829 879 892 910 τοὺς
904 879 952 904 πό-

156 924 205 955 δας
228 923 395 958 Ἐπιφανίου.
411 923 440 950 '0
458 923 486 950 δὲ
507 923 666 958 Ἐπιφάνιος
677 924 787 959 ἤγειρεν
801 923 892 957 αὐτὸν,
909 923 952 950 λέ-

156 977 230 1004 γων’
255 969 382 1001 Ἀνάστα,
399 969 504 999 τέκνον,
522 969 569 995 καὶ
586 968 686 995 ἄπελθε
710 970 739 995 ἐν
754 969 791 1004 τῷ
807 970 874 1005 οἴκῳ
903 978 950 996 σου

156 1016 187 1041 ἐν
203 1015 309 1051 εἰρήνῃ.
325 1015 380 1042 Καὶ
393 1015 493 1047 εὐθέως
509 1015 621 1050 ἀνέστη.

193 1061 242 1088 II".
268 1061 297 1087 '0
309 1058 356 1087 οὖν
371 1061 477 1096 δαίμων
496 1061 510 1087 ὁ
526 1060 681 1096 ἀκάθαρτος
699 1061 834 1097 ἐπορεύθη
861 1061 890 1088 ἐν
915 1062 950 1098 τῇ

157 1106 279 1142 Περσίδι,
296 1106 343 1133 καὶ
360 1106 493 1142 ἐκολλήθη
505 1108 539 1142 τῇ
555 1106 670 1143 θυγατρὶ
682 1107 729 1133 τοῦ
742 1107 883 1142 βασιλέως.
902 1108 951 1134 καὶ

156 1155 189 1188 τῇ
205 1153 335 1189 τιμωρίᾳ,
352 1150 492 1189 ᾖῆλισκεν
507 1154 552 1179 τὸν
566 1154 719 1185 νεανίσκον,
730 1153 830 1189 ὁμοίως
845 1154 891 1181 καὶ
902 1155 951 1181 αὺ-

156 1199 206 1236 ripi
227 1199 376 1236 ὲτιμώρειο
407 1199 455 1227 καὶ
473 1199 589 1235 ἔκραξεν
603 1200 709 1234 λέγων·
734 1201 796 1227 Ἐὰν
815 1200 852 1236 μὴ
875 1201 949 1227 Ἐπι-

157 1245 253 1279 φάνιος
263 1245 327 1281 ἔλθῃ
347 1244 465 1272 ἐνταῦθα
491 1246 505 1271 ὁ
521 1245 683 1277 ἀποστείλας
702 1254 735 1281 με
753 1245 821 1281 πρὸς
834 1245 883 1281 τὴν
900 1246 950 1282 σὴν

157 1291 305 1327 θυγατέρα,
320 1292 371 1318 οὐκ
388 1291 533 1327 ἐξέρχομαι
552 1291 599 1318 ἀπ’
611 1291 707 1326 αὐτῆς.
729 1292 784 1318 Καὶ
796 1291 876 1319 πάλιν
891 1292 950 1318 ἔλε-

158 1345 206 1371 γεν
226 1336 241 1362 ὀ
254 1336 358 1372 δαίμων
371 1344 379 1351 ·
401 1336 554 1370 Ἐπιφὰνιε,
583 1337 614 1363 τὺ
636 1338 716 1371 γένος
737 1337 791 1364 τῶν
807 1337 948 1370 Φοινίκων,

159 1381 220 1408 ἐλθὲ
236 1382 340 1415 ἐνθάδε,
359 1383 432 1414 ὅπως
446 1382 547 1416 ἐξέλθω
558 1382 611 1410 ἀπὸ
627 1383 676 1419 τῆς
691 1382 825 1419 θυγατρὸς
841 1383 888 1410 τοῦ
902 1383 950 1418 βα-

160 1428 264 1460 σιλέως.
289 1429 318 1455 '0
330 1427 377 1455 οὗν
391 1429 517 1464 βασιλεὺς
540 1429 659 1461 ἀκούσας
684 1429 738 1456 ἀπὺ
761 1429 806 1456 τοῦ
822 1429 949 1464 δαίμονος

161 1475 227 1510 περὶ
243 1476 292 1510 τῆς
308 1475 445 1512 Φοινίκης,
458 1475 617 1502 ἀπέστειλεν
630 1475 732 1511 πλῆθος
746 1475 898 1512 ἀνθρώπων
909 1476 950 1502 εὑ-

159 1521 303 1549 διαλέκτων
316 1522 384 1558 πρὸς
401 1521 570 1558 ἀναζήτησιν
591 1522 762 1556 Ἐπιφανίου,
774 1522 829 1549 Καὶ
838 1522 870 1557 δὴ
885 1522 950 1549 ἀνα-

161 1566 326 1603 ζητήσαντες
342 1567 451 1595 ἃπασαν
465 1568 515 1604 τὴν
532 1567 624 1603 χώραν
652 1567 708 1594 τῶν
736 1568 877 1601 Φοινίκων,
901 1568 950 1603 οὐχ

159 1610 238 1649 εὗρον
251 1622 257 1629 ·
270 1614 328 1640 ἀλλ’
344 1613 498 1650 ἀνεχώρουν
513 1614 650 1649 ἄπρακτοι
667 1614 735 1650 πρὸς
753 1614 798 1641 τὸν
825 1614 948 1649 βασιλέα.

160 1660 236 1692 Τινὲς
262 1660 290 1687 δὲ
309 1660 338 1693 ἐξ
352 1660 442 1688 αὐτῶν
457 1661 504 1687 καὶ
518 1660 611 1692 κακῶς
632 1661 784 1696 ὑπέμειναν
819 1662 871 1689 ὑπὸ
897 1663 950 1690 τῶν

167 1707 310 1743 Ῥωμαίων
324 1707 362 1739 ὡς
387 1707 567 1738 κατάσκοποι,
582 1707 629 1733 καὶ
647 1707 696 1742 τὴν
712 1707 764 1743 γῆν
778 1708 891 1735 ἃπασαν
901 1708 949 1744 τὴν

160 1753 284 1789 Φοινίκην
300 1753 346 1779 ἐπὶ
361 1752 479 1789 πονηρία
495 1752 617 1784 θέλοντες
644 1752 819 1788 κατανοῆσαι.
846 1754 950 1789 Πορευ-

161 1797 251 1829 θέντες
265 1797 293 1824 se
309 1797 333 1824 οι
346 1796 561 1833 διαπεμφθέντες
583 1797 755 1833 ἀπήγγειλαν
777 1798 816 1833 τῷ
834 1798 949 1833 βασιλεῖ,

160 1842 200 1869 ὅτι
215 1843 264 1877 οὐχ
276 1838 354 1878 εὗρον
367 1842 412 1869 τὸν
436 1842 606 1877 Ἐπιφάνιον.
630 1842 659 1869 '0
676 1842 704 1869 δὲ
720 1843 826 1878 δαίμων
836 1843 950 1879 ἔκραξεν

163 1888 266 1925 μεγάλῃ
285 1889 317 1924 τῇ
332 1890 406 1924 φωνῇ
420 1897 427 1904 ·
442 1888 488 1915 Ἐν
514 1888 553 1923 τῷ
575 1889 649 1924 τόπῳ
676 1889 716 1924 τῷ
744 1890 950 1926 ἐπικαλουμένῳ

161 1935 327 1970 Σπανυδρίῳ,
340 1936 399 1962 ἐκεῖ
410 1935 483 1962 ἔστιν
492 1934 637 1962 κατοικῶν.
646 1935 730 1974 nam
743 1934 789 1962 οὖν
801 1937 815 1963 ὁ
826 1935 951 1971 βασιλεὺς

161 1980 414 2016 προσκαλεσάμενος
443 1980 464 2007 λ’
494 1980 605 2016 ἄνδρας,
637 1978 715 2007 εἶπεν
738 1981 808 2017 πρὸς
835 1982 950 2014 αὐτούς·

167 2026 348 2053 Ἀποδύσασθε
366 2026 398 2052 τὸ
423 2026 516 2062 σχῆμα
536 2027 566 2053 τὸ
579 2026 723 2062 Περσικὸν,
743 2027 791 2054 καὶ
807 2027 902 2054 λάὁετε
921 2028 951 2054 τὸ

163 2072 253 2107 σχῆμα
262 2072 315 2098 τῶν
336 2072 488 2108 Ῥωμαίων,
504 2073 552 2100 καὶ
568 2072 718 2109 πορεύθητε
735 2074 763 2099 ἐν
779 2075 812 2109 τῇ
829 2074 949 2110 Φοινικῃο

162 2118 208 2144 καὶ
231 2118 417 2153 ἀναζητήσατε
443 2118 488 2145 τὸν
502 2118 584 2145 τόπον
597 2119 644 2145 τὸν
656 2118 823 2154 καλούμενον
846 2119 951 2146 Σπανύ-

161 2164 244 2200 δριον,
269 2164 388 2198 ἀγάγετέ
407 2173 452 2199 μοι
469 2165 626 2199 Ἐπιφάνιον
641 2164 686 2192 τὸν
699 2165 828 2200 οἰκήτορα
843 2165 889 2192 τοῦ
906 2166 951 2192 τό·
966 2177 988 2204 D

163 2217 223 2235 που.
237 2209 363 2244 Ἐξῆλθον
377 2209 406 2236 δὲ
421 2211 445 2236 οἱ
465 2210 488 2236 λ’
505 2210 601 2246 ἄνδρες
625 2211 650 2237 οἱ
674 2211 874 2246 ἀπεσταλμένοι
898 2211 950 2238 ὑπὸ

162 2254 208 2280 τοῦ
221 2254 360 2289 βασιλέως,
378 2255 544 2288 ἀλλάξαντες
561 2256 610 2288 τὰς
638 2256 743 2283 ἑαυτῶν
770 2257 875 2290 στολὰς,
904 2258 951 2284 καὶ

163 2301 342 2336 παρεγένοντο
350 2301 396 2328 ἐπὶ
406 2302 454 2337 τῆς
461 2302 597 2338 Φοινίκης,
609 2302 657 2329 καὶ
670 2302 755 2329 πολλά
763 2303 950 2338 ἀναζητήσαν-

162 2355 216 2379 τες,
229 2346 407 2384 διερμηνεύθη
422 2348 514 2381 αὐτοῖς
534 2349 548 2375 ὁ
562 2348 655 2381 τόπος,
684 2350 730 2375 καὶ
745 2349 759 2375 ὁ
783 2349 948 2384 Ἐπιφάνιος.

162 2392 242 2420 Αὐτοὶ
258 2393 286 2419 δὲ
302 2394 455 2429 ἐπέστησαν
470 2393 509 2429 τῷ
525 2393 601 2429 τόπῳ
617 2394 714 2426 νυκτός
724 2403 730 2408 ·
747 2392 782 2429 ἦν
796 2394 825 2420 δὲ
839 2395 951 2429 Ἐπιφάο

162 2447 216 2470 νιος
230 2439 279 2471 τὰς
295 2439 455 2474 νυκτερινὰς
468 2439 549 2474 εὐχὰς
570 2439 740 2474 ἀναπέμπων
755 2439 794 2475 τῷ
805 2439 864 2475 Θεῷ
876 2448 883 2455 ·
910 2440 950 2472 ὡς

162 2480 188 2512 δὲ
201 2485 354 2520 ἐπέστησαν
368 2486 401 2520 τῇ
415 2485 485 2521 θύρᾳ
509 2484 556 2511 τοῦ
573 2485 690 2516 κελλίου,
706 2485 754 2511 καὶ
768 2485 949 2521 διακρούσαν-

163 2540 216 2563 τες,
234 2532 391 2566 Ἐπιφάνιος
400 2531 455 2557 οὐδ’
469 2531 538 2563 δλως
553 2531 672 2567 ἐπτοήθη
686 2531 725 2566 τῷ
739 2531 861 2567 λογισμῷ
870 2541 876 2548 ·
891 2533 954 2560 ἀλλΨ

163 2577 241 2609 αὐτὸς
254 2577 283 2603 τὸ
299 2576 378 2612 ἔργον
393 2576 440 2603 τοῦ
454 2576 520 2602 Θεοῦ
545 2576 677 2604 ἐπετέλει.
702 2577 784 2603 Αὐτοὶ
811 2577 839 2603 δέ
862 2578 948 2614 θυμοῦ

163 2622 326 2657 πλησθέντες
334 2622 527 2649 ἐδουλεύσαντο
533 2622 583 2658 τὴν
593 2621 678 2658 θύραν
688 2622 818 2655 κατεάξαι
829 2623 876 2650 τοῦ
887 2624 949 2651 κελ-

163 2668 228 2696 λίου.
242 2665 290 2700 Εἷς
298 2668 328 2695 δέ
341 2677 384 2700 τις
401 2668 431 2700 ἐξ
439 2665 526 2695 αὐτῶν
539 2669 589 2704 τὴν
606 2668 744 2705 μάχαιραν
760 2670 886 2702 ἑλκύσας,
903 2672 950 2697 καὶ

164 2716 203 2746 εἰς
215 2715 245 2741 τὸ
257 2714 381 2750 κατόχιον
392 2714 443 2749 τῆς
457 2713 540 2750 θύρας
552 2714 655 2751 ταύτην
663 2716 832 2748 ἐπεκτείνας,
843 2716 950 2752 ἔμεινεν

164 2761 180 2796 ή
197 2761 257 2796 χεὶρ
273 2759 355 2787 αὑτοῦ
370 2760 507 2796 ἀκίνητος,
519 2761 566 2787 καὶ
582 2761 739 2794 ἀσάλευτος,
749 2763 796 2789 καὶ
806 2762 948 2798 ἀκαμπὴς,

165 2806 210 2842 ὕλη
226 2806 310 2843 ξηρά·
327 2807 380 2835 τῶν
397 2807 426 2834 δὲ
445 2807 532 2835 ἄλλων
547 2808 675 2836 ἁπάντων
704 2808 843 2844 ἐπιφόσων
865 2818 944 2845 γενη-

1003 197 1055 229 rio,
1071 198 1142 225 viam
1158 204 1278 227 nostram
1292 201 1432 230 inivimus.
1449 203 1488 230 Ad
1505 206 1656 233 secnmlum
1672 214 1738 234 vero
1751 207 1792 235 la-

1001 243 1090 277 pidem
1107 252 1123 271 a
1137 247 1314 277 monasterio,
1330 249 1451 274 occurrit
1467 249 1546 277 nobis
1570 251 1680 285 quidam
1697 252 1792 280 adole-

1002 295 1092 318 scens.
1118 290 1165 324 qui
1191 291 1310 318 habebat
1331 293 1480 321 daemonem
1502 295 1677 330 imperantem
1697 307 1704 325 :
1722 299 1792 325 etin

984 356 987 360 .
1002 333 1148 360 solitudine
1174 336 1208 361 ab
1224 343 1256 362 eo
1279 336 1493 371 discerpebatnr.
1508 339 1577 367 Cum
1592 349 1653 368 eum
1680 342 1792 371 vidisset

1002 376 1170 412 Epiphanius
1187 380 1289 407 nudum
1305 381 1432 409 insolenti
1450 388 1477 410 et
1502 384 1684 420 incomposito
1708 395 1791 415 cursu

1001 424 1092 450 vexari
1109 425 1143 452 ab
1155 425 1297 453 immundo
1317 428 1425 462 spiritu,
1441 429 1569 457 clamavit
1591 439 1688 467 magna
1703 441 1768 461 voce
1783 443 1791 461 :

1002 467 1133 503 Praecipio
1150 470 1197 497 libi
1210 471 1237 497 in
1256 473 1365 500 nomine
1378 472 1445 500 Jcsu
1464 474 1566 503 Chriin
1583 478 1716 511 cruciﬁxi,
1731 484 1760 507 ut
1777 488 1792 506 a

1002 514 1050 542 Dei
1069 515 1198 550 ﬁgmenlo
1214 525 1306 546 exeas.
1332 519 1429 547 Statim
1447 527 1539 549 autem
1556 531 1619 551 eum
1645 526 1792 560 exagitavit

1002 561 1159 590 immundus
1171 564 1295 598 spiritus,
1310 570 1336 592 et
1348 566 1422 593 humi
1435 567 1520 594 atiixit
1533 576 1540 594 :
1554 575 1636 604 atque
1653 571 1687 598 ab
1701 579 1733 598 eo
1748 577 1792 599 est

1001 614 1138 642 egressus.
1155 609 1313 637 lmmundus
1327 616 1416 638 autem
1428 613 1535 640 daemon
1550 615 1678 643 clamavit
1692 624 1791 652 magna

1001 659 1067 679 voce
1083 661 1089 678 :
1110 651 1132 679 0
1147 652 1293 688 Epiphani,
1315 660 1343 682 tu
1362 664 1404 684 me
1416 659 1528 692 expellis
1540 667 1555 687 e
1570 660 1628 688 loco
1646 669 1706 689 meo
1730 651 1792 697 post

1002 698 1119 732 spatium
1133 699 1226 733 viginti
1241 700 1358 728 duorum
1375 709 1509 731 annorum
1531 713 1538 731 :
1554 713 1604 740 ego
1631 706 1675 734 ibo
1699 708 1731 735 ad
1747 716 1792 735 rc-

1001 750 1060 776 gem
1073 743 1229 775 Persarum,
1243 750 1269 772 et
1279 747 1392 774 movebo
1401 756 1463 775 eum
1477 753 1573 777 contra
1589 757 1627 785 te;
1641 757 1668 779 et
1682 752 1790 782 faciam.

1003 792 1031 815 ut
1047 795 1108 814 cum
1141 788 1287 817 aﬂlictione
1314 798 1405 818 coram
1423 801 1456 820 eo
1483 795 1600 822 sistaris.
1626 796 1792 826 Adolescens

1002 837 1092 859 autem
1105 834 1179 860 venit
1191 835 1340 869 modestus,
1355 842 1381 864 et
1397 839 1513 872 procidit
1526 841 1559 868 ad
1575 842 1657 876 pedes
1672 842 1792 879 Epipha-

1002 878 1050 905 nii.
1075 878 1128 911 Qui
1142 887 1205 906 eum
1221 881 1319 913 erexit,
1334 882 1428 911 dicens
1444 891 1450 909 :
1469 884 1565 920 Surge,
1584 887 1632 919 ﬁli,
1645 893 1672 915 et
1683 888 1709 916 in
1724 878 1792 924 pace

1001 924 1069 951 vade
1084 925 1110 951 in
1131 925 1243 953 domum
1263 931 1349 955 tuam.
1364 927 1397 956 Et
1417 931 1536 958 surrexit
1546 933 1682 966 protinus.

1035 1056 1106 1084 XIII.
1123 1056 1283 1086 lmmundus
1295 1063 1385 1086 autem
1404 1059 1510 1088 daemon
1523 1060 1571 1088 ivit
1593 1061 1620 1088 in
1641 1061 1789 1095 Persidem,

1001 1107 1027 1130 et
1041 1104 1155 1131 adhaesit
1172 1104 1233 1132 (ilia:
1248 1105 1431 1140 imperatoris.
1446 1111 1474 1133 et
1492 1115 1552 1134 eam
1566 1108 1659 1135 eodem
1676 1113 1789 1144 torque-

1001 1149 1048 1177 bat
1063 1150 1207 1185 supplicio,
1225 1158 1280 1185 quo
1300 1151 1377 1186 prius
1399 1152 1609 1187 adolescentem,
1643 1158 1669 1180 et
1685 1154 1788 1182 clama-

1000 1195 1057 1228 bat,
1072 1195 1257 1223 dicenszNisi
1279 1197 1383 1224 venerit
1406 1198 1583 1233 Epiphanius,
1609 1199 1656 1234 qui
1678 1199 1731 1227 hue
1747 1208 1790 1227 me

1001 1242 1075 1270 misit
1084 1243 1118 1269 ad
1134 1247 1207 1269 tuam
1222 1243 1316 1275 tiliam,
1333 1243 1367 1270 ab
1389 1251 1420 1271 ea
1436 1252 1490 1271 non
1508 1245 1644 1273 recedam.
1667 1245 1790 1273 Rursus-

1002 1296 1055 1324 que
1083 1289 1192 1316 dicebat
1217 1289 1344 1316 damon:
1372 1288 1517 1325 Epiphani.
1532 1291 1648 1319 Phoenix
1683 1300 1790 1328 genere,

1000 1335 1061 1361 veni
1074 1334 1139 1367 huc,
1156 1340 1185 1363 ut
1198 1343 1294 1363 exeam
1309 1344 1323 1363 a
1345 1337 1399 1364 ﬁlia
1414 1337 1496 1371 regis.
1514 1337 1572 1364 Rex
1597 1342 1700 1370 autem,
1726 1346 1790 1365 cum

1001 1388 1015 1408 a
1034 1381 1158 1409 dmmone
1181 1382 1314 1410 audiisset
1328 1383 1362 1410 de
1384 1382 1534 1414 Phcenicia,
1553 1383 1623 1410 misit
1638 1383 1791 1411 multitudi-

1000 1435 1062 1455 nem
1088 1428 1187 1464 linguae
1215 1429 1366 1463 peritorum
1393 1429 1535 1455 hominum
1552 1429 1585 1455 ad
1610 1429 1790 1464 quaerendum

1001 1473 1192 1508 Epiphanium.
1219 1473 1304 1501 Porro
1328 1478 1418 1502 autem
1446 1481 1507 1501 cum
1528 1475 1720 1509 quaesii-issent
1740 1483 1791 1510 per

1003 1524 1087 1547 totam
1097 1519 1258 1547 Phtenicum
1274 1519 1425 1555 regionem,
1442 1527 1505 1547 eum
1527 1527 1581 1547 non
1609 1520 1788 1548 invenerunt:

1003 1564 1049 1593 sed
1065 1565 1166 1592 reversi
1180 1569 1243 1592 sunt.
1255 1564 1290 1592 ad
1306 1573 1407 1600 regem,
1422 1573 1451 1592 re
1469 1565 1715 1593 inlecta.Nonnuili
1724 1574 1791 1594 vero

1001 1611 1083 1638 etiam
1101 1618 1133 1638 ex
1144 1611 1185 1638 eis
1209 1611 1280 1638 male
1295 1611 1368 1645 passi
1386 1617 1449 1639 sunt
1462 1620 1477 1638 a
1496 1611 1636 1644 Romanis,
1659 1616 1789 1647 tanquam

1001 1657 1195 1691 speculatores,
1213 1661 1239 1683 et
1255 1656 1303 1692 qui
1323 1656 1420 1684 callide
1437 1657 1537 1685 vellent
1552 1658 1727 1686 considerare
1745 1663 1790 1686 to-

1003 1708 1056 1730 tam
1069 1704 1207 1739 regionem
1219 1702 1389 1731 thnicum.
1406 1704 1473 1731 Cum
1488 1709 1579 1732 autem
1594 1705 1626 1732 ad
1639 1712 1729 1740 regem
1743 1713 1790 1733 vc-

1002 1750 1108 1776 nissent
1123 1750 1159 1782 ii,
1180 1749 1227 1784 qui
1246 1749 1406 1783 effugerant,
1433 1750 1658 1778 renuntiaverunt
1685 1758 1715 1778 se
1733 1759 1789 1778 non

1001 1795 1138 1822 invenisse
1150 1794 1343 1829 Epiphanium.
1361 1794 1471 1822 Daemon
1487 1800 1578 1822 autem
1604 1804 1701 1831 magna
1724 1804 1790 1824 voce

1001 1841 1139 1872 clamavit,
1159 1840 1268 1874 dicensﬁ:
1280 1839 1389 1867 Habitat
1402 1841 1429 1867 in
1442 1841 1513 1874 loco,
1527 1842 1572 1876 qui
1586 1841 1685 1869 dicitur
1699 1841 1788 1876 Span-

1000 1887 1124 1922 bydrion.
1146 1886 1250 1915 Rursus
1263 1895 1328 1923 ergo
1341 1896 1398 1920 rex,
1410 1889 1549 1916 accersitis
1566 1897 1617 1916 xxx
1632 1889 1708 1921 viris,
1719 1890 1789 1917 dixit

1002 1932 1041 1959 eis
1058 1941 1065 1959 :
1083 1931 1180 1958 Exuite
1191 1939 1240 1958 vos
1255 1932 1352 1959 vestitu
1365 1931 1484 1964 Persico,
1506 1937 1532 1960 ct
1543 1933 1646 1960 induite
1661 1933 1788 1961 vestitum

1001 1976 1204 2004 Romanorum:
1220 1982 1247 2004 et
1260 1983 1358 2005 euntes
1374 1978 1402 2005 in
1427 1978 1608 2012 Phwniciam,
1621 1983 1648 2006 et
1663 1987 1788 2014 quaeren-

1001 2023 1150 2056 teslocum,
1168 2023 1215 2058 qui
1227 2023 1327 2050 dicitur
1342 2023 1543 2059 Spanhydrion,
1559 2025 1684 2052 adducite
1697 2025 1731 2053 ad
1744 2034 1789 2054 me

1002 2068 1196 2104 Epiphaniam.
1213 2069 1346 2097 Abierunt
1360 2071 1407 2105 qui
1424 2071 1501 2098 missi
1532 2071 1650 2104 fuerant,
1673 2073 1788 2101 mutatis

1001 2115 1059 2142 suis
1074 2114 1210 2145 vestibus,
1222 2119 1251 2140 et
1265 2119 1399 2141 venerunt
1421 2115 1447 2141 in
1464 2114 1645 2143 Pbmniciam.
1663 2115 1788 2152 Cumque

1003 2161 1053 2196 ipsi
1069 2160 1184 2187 multum
1197 2160 1398 2194 quaesivissent,
1415 2160 1568 2188 declaratus
1580 2160 1632 2188 fuit
1646 2162 1686 2190 eis
1698 2163 1786 2196 locus,

1002 2211 1028 2234 et
1040 2206 1217 2241 Epiphanius.
1231 2207 1283 2240 Qui
1299 2211 1382 2234 noetu
1396 2206 1429 2234 ad
1444 2207 1533 2234 locum
1546 2215 1696 2236 accessere.
1723 2208 1788 2244 Epi-

1000 2253 1118 2289 phanius
1144 2259 1235 2281 autem
1262 2253 1404 2281 emittebat
1432 2253 1489 2280 Deo
1504 2258 1654 2281 nocturnas
1682 2262 1785 2288 preces.

1000 2300 1069 2327 Cum
1083 2299 1220 2326 venissent
1234 2306 1299 2326 vero
1315 2299 1349 2325 ad
1362 2298 1463 2327 ostium
1480 2299 1565 2331 cellae,
1579 2304 1606 2326 et
1619 2299 1786 2334 pulsassent,

1000 2345 1069 2373 nihil
1080 2346 1172 2372 animo
1195 2345 1372 2380 perturbatus
1398 2343 1451 2372 fuit
1466 2343 1650 2380 Epiphanius;
1667 2346 1713 2374 sed
1730 2347 1787 2381 ipse

1000 2391 1047 2419 Dei
1063 2399 1132 2427 opus
1148 2391 1303 2426 peragebat.
1320 2390 1372 2425 Ipsi
1388 2395 1478 2417 autem
1490 2391 1518 2418 in
1529 2391 1621 2418 animo
1635 2391 1787 2420 habuerunt

999 2439 1125 2475 frangere
1145 2438 1257 2466 ostium.
1270 2438 1338 2465 Cum
1354 2445 1419 2465 vero
1432 2446 1503 2466 unus
1524 2446 1557 2466 ex
1582 2439 1649 2473 ipsis
1661 2439 1788 2468 strinxis-

1000 2490 1041 2514 set
1055 2493 1159 2517 ensem,
1176 2485 1241 2511 etin
1254 2491 1342 2511 seram
1370 2484 1432 2511 ostii
1445 2492 1508 2511 eum
1527 2484 1695 2518 intentasset,
1709 2493 1787 2512 man-

998 2534 1039 2561 sit'
1047 2539 1143 2559 manus
1158 2530 1218 2566 ejus
1228 2529 1385 2562 immobilis,
1398 2534 1425 2557 et
1442 2534 1495 2557 tota
1510 2530 1596 2557 arida.
1611 2530 1679 2558 Aliis
1695 2535 1785 2558 autem

1000 2583 1072 2606 metu
1087 2577 1238 2613 perterritis
1248 2596 1255 2609 ,
1279 2583 1327 2611 per
1353 2576 1462 2612 aliquod
1476 2575 1647 2603 intervallum
1665 2583 1786 2604 recesse-

1000 2628 1066 2653 runt
1088 2631 1103 2651 a
1120 2623 1197 2651 cella.
1215 2623 1250 2649 At
1273 2621 1443 2657 Epiphanius
1469 2629 1532 2649 cum
1552 2621 1682 2656 spiritalis
1695 2621 1785 2649 cultus

999 2677 1107 2698 omnem
1120 2668 1269 2704 peregisset
1285 2667 1522 2703 consequentiam,
1552 2667 1658 2701 aperuit
1684 2666 1784 2694 Ostium

999 2717 1084 2745 cellae.
1095 2715 1164 2743 Cum
1184 2719 1274 2742 autem
1285 2721 1348 2741 eum
1361 2714 1521 2745 vidissetsis,
1535 2713 1580 2741 cui
1591 2720 1689 2740 manus
1704 2720 1785 2740 arue-

999 2768 1053 2795 rat,
1070 2762 1145 2790 humi
1159 2761 1257 2789 cecidit
1279 2761 1305 2788 in
1326 2761 1434 2792 faciem,
1450 2761 1563 2787 dicens:
1581 2759 1707 2787 Miserere
1721 2759 1783 2790 mei,

999 2817 1078 2839 serve
1090 2808 1138 2837 Dei
1151 2807 1323 2837 immortalis.
1338 2806 1407 2836 Dicit
1420 2806 1608 2842 Epiphanius:
1624 2804 1694 2841 Quid
1708 2811 1783 2841 qua:-
