1934 3029
143 100 178 128 59
770 93 799 120 S.
819 92 990 120 EPIPHANII
1009 91 1097 119 VITA.
1732 82 1770 116 Mi

146 158 184 185 ris
203 156 236 183 ab
267 155 376 182 homine
395 151 560 188 peccatore?
587 150 612 179 ls
635 158 701 178 vero
715 151 802 178 dixit:
835 151 926 178 Sanus

983 150 1088 182 θέντων,
1103 147 1255 184 ἀνεχώρουν
1267 148 1320 174 ἀπὸ
1334 147 1517 182 διαστήματος
1526 146 1573 173 τοῦ
1588 143 1703 173 κελλίου.
1713 146 1767 172 Τοῦ

144 202 207 229 veni
222 202 249 228 in
264 201 335 227 hunc
351 200 452 231 locum,
479 203 506 225 et
523 205 587 225 ecce
603 204 702 224 manus
726 204 784 224 mea
808 197 924 224 exaruit.

145 245 312 283 Epiphanius
326 249 422 275 autem,
433 243 502 271 dixit
515 251 521 268 :
541 241 631 269 Sanus
645 240 754 273 venisti,
771 249 854 269 sanus
866 241 926 269 fias.

145 292 269 326 Cumque
287 291 346 325 ipse
369 297 480 317 manum
497 289 557 324 ejus
583 289 723 324 tetigisset,
748 289 871 316 restituta
887 292 929 315 est

144 341 176 364 ut
194 337 256 364 alia.
272 336 418 370 Postquam
441 340 529 362 autem
544 336 672 362 viderunt
697 342 793 362 omnes
808 335 928 370 signum,

145 383 218 417 quod
237 382 336 409 factum
354 382 453 413 fuerat,
470 381 583 408 veniunt
597 388 705 412 omnes,
718 385 745 408 et
759 381 929 415 procidentes

145 429 179 456 ad
198 428 281 463 pedes
294 427 448 462 Epiphauii,
466 426 586 454 confessi
603 432 667 454 sunt
680 433 804 458 causam,
820 430 930 460 propter

145 480 227 508 quam
243 472 276 499 ad
299 480 361 499 eum
379 476 520 499 venerant.
549 471 575 499 ls
590 479 666 504 vero,
689 472 723 498 iis
747 471 856 503 auditis,
869 478 930 505 qua:

145 518 274 545 dixerunt.
293 517 427 549 homines,
446 518 572 553 cognovit
598 517 672 553 quod
698 517 820 552 spiritus,
848 525 929 552 quem

145 565 203 599 ipse
217 565 334 599 eiecerat
345 573 377 592 ex
392 565 575 597 adolescente,
590 572 622 591 eo
634 563 784 599 profectus,
797 564 931 598 alﬂigebat

145 610 272 645 puellam.
288 609 361 637 Dixit
374 614 463 637 autem
476 610 541 636 mihi
563 609 730 644 Epiphanius
745 617 751 635 :
771 609 867 644 Surge,
881 609 928 641 ﬁli,

145 663 293 690 sequamur
304 657 354 683 hos
367 655 502 683 homines.
516 655 568 688 Qui
584 656 608 682 ei
620 654 748 682 dixerunt
766 661 772 681 :
795 655 869 682 Missi
884 663 930 682 su—

145 708 218 732 mus,
231 708 247 727 0
261 699 351 733 Pater,
363 707 379 727 a
391 707 453 735 rege
462 700 495 727 ad
511 705 537 726 te
548 699 635 727 solum
650 708 656 725 :
668 701 734 735 quin
748 693 931 734 etiamsuper-

145 753 261 772 vacuum
275 745 377 772 animal
392 745 565 778 adducimus,
577 750 605 772 ut
615 745 639 772 ei
651 745 781 773 insideas.
791 745 830 773 Eo
840 750 928 772 autem

145 791 252 818 dicente
269 799 275 817 :
292 791 408 819 Pedibus
418 792 543 819 celeriter
552 799 652 819 curro:
666 799 760 819 verum
781 791 825 818 hic
839 799 929 819 meum

978 196 1005 223 δὲ
1021 195 1179 230 Ἐπιφανίου
1205 195 1314 222 ἅπασαν
1328 192 1488 220 ἀκολουθίαν
1513 192 1562 227 τῆς
1580 192 1774 227 πνευματικῆς-

977 241 1102 277 λατρείας
1114 240 1305 271 ἐπιτελέσαντος
1317 259 1323 271 ,
1347 238 1454 273 ἤνοιξεν
1465 237 1515 272 τὴν
1533 237 1618 273 θύραν
1636 238 1687 272 τῆς
1703 237 1767 264 κέλ-

978 287 1036 322 λης.
1051 285 1125 313 Ἰδὼν
1144 286 1172 312 δὲ
1186 285 1266 312 αὑτὸν
1281 286 1295 311 6
1315 285 1364 320 τὴν
1377 285 1456 319 χεῖρα
1479 283 1549 318 ἔχων
1575 283 1766 319 ξηρανθεῖσαν,

979 333 1076 359 ἔπεσεν
1099 332 1145 359 ἐπὶ
1157 331 1301 368 πρόσωπον
1315 331 1361 356 ἐπὶ
1375 329 1423 365 τὴν
1436 330 1497 365 γῆν,
1515 329 1601 364 λέγων
1611 338 1617 345 ’
1643 329 1769 365 Ἐλέησόν

980 386 1025 413 με,
1043 377 1130 413 μύστα
1145 377 1299 412 θεραπευτὰ
1314 376 1368 402 τῶν
1381 375 1531 403 ἀθανάτων.
1554 376 1583 402 '0
1598 375 1628 402 δὲ
1649 375 1768 409 Ἐπιφά-

980 424 1036 456 νιός
1048 433 1131 460 φησιν
1143 431 1152 440 ⁸
1167 423 1199 450 Τί
1219 423 1303 454 αἰτεῖς
1320 421 1396 456 παρά
1413 421 1557 456 ἀνθρώπου
1582 420 1745 456 ἁμαρτωλοῦ
1758 430 1766 454 ;

985 469 1014 495 '0
1033 468 1062 495 δὲ
1077 466 1163 494 εἶπεν
1186 467 1282 502 ’Υγιὴς
1295 464 1376 501 ἦλθον
1391 466 1431 497 εἰς
1444 465 1488 491 τὸν
1512 465 1593 492 τόπον
1605 464 1708 496 τοῦτον,
1721 466 1768 492 καὶ

981 515 1036 542 ἰδοὺ
1061 513 1196 550 ἐξηράνθη
1215 514 1232 548 ἡ
1249 513 1310 549 χείρ
1326 521 1388 548 μου.
1410 513 1438 539 '0
1451 512 1479 538 δὲ
1503 511 1662 546 Ἐπιφάνιος
1674 509 1766 537 εἶπεν·

985 559 1079 596 ’Υγιὴς
1105 558 1196 595 ἦλθες,
1214 559 1294 594 ὑγιὴς
1307 558 1405 593 γενοῦ·
1437 557 1482 584 καὶ
1508 555 1646 592 ἁψάμενος
1672 556 1766 588 αὑτοῦ,

979 605 1187 640 ἀπεκατεστάθη
1201 605 1289 641 ήχεὶρ
1302 603 1394 636 αὑτοῦ,
1412 603 1475 638 ὠςὴ
1493 602 1571 637 άλλη.
1591 602 1635 633 Ὧς
1652 600 1699 628 οὖν
1714 602 1768 628 ῐδον

979 654 1003 678 oi
1017 651 1091 678 ἄλλοι
1104 651 1205 682 πάντες
1217 651 1248 676 τὺ
1258 649 1369 684 γεγονὸς
1380 650 1503 685 σημεῖον,
1517 649 1641 684 ἔρχονται
1657 648 1766 679 πάντες,

979 699 1027 725 καὶ
1038 697 1237 733 προσπεσόντες
1250 696 1412 731 Ἐπιφανίῳ,
1430 695 1586 733 ὡμολόγουν
1600 694 1649 730 τὴν
1665 693 1767 724 αἰτίαν.

979 743 1013 769 δι’
1030 743 1063 778 ἣν
1078 742 1205 777 πάρεισιν
1221 741 1289 776 πρὸς
1303 741 1394 768 αὐτόν.
1410 739 1464 766 Τοῦ
1478 740 1507 766 δὲ
1524 739 1690 770 ἀκούσαντος
1703 738 1766 770 τοὺς

980 789 1075 823 λόγους
1091 788 1145 815 τῶν
1159 786 1319 823 ἀνθρώπων,
1337 785 1418 820 ἔγνω,
1431 786 1472 813 ὅτι
1486 785 1517 812 τὸ
1535 784 1645 819 πνεῦμα
1663 784 1693 810 τὸ
1707 783 1767 810 διω-

146 843 199 863 ηοιι
211 836 361 871 relinquam
374 836 550 872 discipulum.
560 837 612 872 Ipsi
624 844 720 864 rursus
730 837 858 864 dixerunt
868 844 930 864 cum

983 835 1044 870 χθὲν
1061 834 1106 860 ὑπ’
1126 833 1209 860 αὑτοῦ
1228 833 1282 859 ἀπὸ
1295 832 1342 858 τοῦ
1355 831 1497 858 νεανίσκου
1509 851 1517 863 ,
1538 830 1618 856 τοῦτο
1637 828 1767 865 πορευθὲν

144 889 245 917 magno
261 887 334 909 metu
349 889 356 907 :
371 882 477 909 Adsunt
493 890 542 917 pro
561 883 685 917 utrisque
696 883 794 910 cameli
807 891 814 915 ;
827 883 931 910 solum-

146 927 228 954 modo
239 927 363 955 lubenter
378 935 500 962 sequere.
516 927 632 961 Quidam
647 933 738 956 autem
751 928 856 963 lepidus
870 928 932 956 ado-

146 973 251 1001 lescens
265 973 292 1000 in
306 973 402 1001 faciem
415 974 522 1006 cecidit,
533 979 559 1001 et
571 974 705 1007 adoravit,
720 974 814 1002 dicens
829 983 836 1001 :
853 974 933 1009 Igno-

147 1026 192 1045 sce
206 1019 284 1050 mihi,
304 1018 394 1046 Pater.
410 1018 443 1046 Et
457 1019 625 1054 Epiphanius
640 1019 664 1046 ei
679 1018 784 1054 placido
798 1019 873 1046 vultu
891 1019 932 1046 di-

147 1064 186 1091 xit
204 1072 211 1089 :
228 1063 324 1099 Surge,
335 1064 405 1091 Deus
421 1070 447 1092 te
459 1064 611 1097 benedicat,
624 1064 758 1092 ﬁli.Tunc
771 1065 930 1093 adolescens

147 1116 244 1144 magna
263 1109 375 1136 aﬁectus
392 1110 475 1136 animi
492 1110 700 1144 tranquillitate,
718 1110 825 1137 duabus
840 1111 930 1137 mani-

147 1153 199 1180 bus
217 1153 353 1188 accipiens
367 1153 550 1188 Epiphanium
564 1155 694 1189 imposuit
715 1155 929 1183 dromoeamelo.

147 1199 188 1226 Ad
200 1207 244 1226 me
258 1204 347 1226 autem
361 1200 485 1232 veniens,
497 1200 564 1227 mihi
576 1208 686 1235 quoque
705 1200 770 1228 fecit
781 1202 907 1229 similiter
922 1210 929 1228 :

148 1245 260 1279 ipseque
271 1245 391 1272 anteibat
408 1246 512 1280 primus
527 1246 755 1274 dromoeamelos.

979 881 1083 908 ἓϐλιὸεν
1106 881 1156 916 τὴν
1185 879 1277 906 παῖδα.
1309 876 1394 905 Εἶπεν
1413 873 1611 910 δὲἙπιφάνιος
1625 875 1693 910 πρὸς
1712 874 1746 910 μέ
1758 882 1766 891 ·

986 926 1112 958 Ἀνάστα,
1127 925 1233 956 τέκνον,
1251 922 1475 958 ἀκολουθήσωμεν
1487 923 1544 953 τοῖς
1557 920 1718 956 ἀνθρώποις.
1734 919 1766 946 Οί

979 971 1007 998 δὲ
1022 971 1090 1006 πρὸς
1106 970 1187 998 αὐτόν
1198 977 1205 984 ·
1221 969 1277 996 Οὐκ
1290 968 1491 1004 ἀπεστάλημεν,
1507 967 1600 1003 φησιν,
1623 965 1724 1001 Πάτερ,
1742 965 1767 991 εἰ

982 1018 1019 1053 μὴ
1032 1017 1099 1053 πρὸς
1117 1016 1146 1042 σὲ
1164 1015 1216 1042 ὑπὸ
1234 1014 1281 1041 τοῦ
1297 1013 1437 1049 βασιλέως,
1453 1010 1475 1047 ᾧ
1490 1013 1538 1040 καὶ
1551 1012 1620 1044 ζῶον
1638 1009 1768 1046 περισσὸν

983 1063 1158 1098 ἐπιφέρομεν,
1173 1062 1246 1092 ὅπως
1261 1060 1405 1095 καθεσθῇς.
1416 1060 1469 1086 Τοῦ
1483 1059 1512 1086 δὲ
1526 1059 1650 1094 λέγοντος
1661 1066 1667 1072 ·
1686 1057 1768 1084 Ποσὶν

983 1109 1065 1142 ὀξέως
1084 1108 1183 1144 τρέχω,
1201 1107 1279 1142 μόνον
1295 1106 1340 1133 τὸν
1352 1106 1417 1141 ὲμὺν
1429 1105 1553 1141 μαθητὴν
1573 1105 1623 1131 οὑκ
1639 1103 1671 1131 ἂν
1696 1103 1768 1130 ἐάσω

984 1152 1045 1182 ὧδε.
1072 1155 1153 1181 Αὐτοὶ
1181 1153 1263 1180 πάλιν
1298 1152 1389 1186 ἔλεγον
1417 1152 1486 1187 μετὰ
1522 1151 1605 1186 φόϐου
1631 1150 1766 1185 μεγάλου³

986 1201 1112 1227 ’Λπεισιν
1138 1200 1166 1226 αἱ
1192 1198 1309 1234 κάμηλοι
1338 1198 1393 1225 ἀπὸ
1405 1197 1460 1224 τῶν
1486 1197 1666 1233 ἀμφοτέρων
1690 1195 1768 1230 μόνον

984 1247 1106 1282 εὐμενῶς
1125 1246 1307 1281 ἀκολούθησον
1323 1247 1378 1277 σοῖς
1392 1244 1503 1275 δούλοις.
1522 1241 1570 1275 Εἷς
1589 1243 1616 1269 δέ
1627 1251 1668 1274 τις
1683 1241 1768 1268 νεανί-

148 1297 212 1321 σκος
224 1289 327 1327 χαρίεις
341 1290 437 1317 ἔπεσεν
455 1292 500 1317 ἐπὶ
527 1291 680 1327 πρόσωπον,
698 1293 745 1318 καὶ
775 1292 976 1328 προσεκύνησεν
1006 1292 1090 1327 αὐτῷ,
1106 1291 1206 1325 λέγων·
1221 1290 1400 1327 Συγχώρησόν
1426 1298 1480 1325 μοι,
1503 1289 1604 1324 Πάτερ.
1617 1289 1683 1315 Τότε
1693 1289 1767 1315 Ἐπι-

148 1336 242 1370 φάνιος
254 1337 364 1369 εὐμενεῖ
375 1336 413 1372 τῷ
436 1337 573 1372 προσώπῳ
605 1336 679 1364 εἶπεν
694 1339 762 1374 πρὸς
785 1339 882 1365 αὐτόν·
905 1339 1031 1370 Ἀνάστα,
1046 1339 1060 1365 6
1089 1338 1154 1369 Θεὸς
1175 1338 1314 1372 εὐλογήσει
1341 1345 1380 1369 σε,
1394 1336 1497 1362 τέκνον.
1522 1335 1589 1361 Τότε
1602 1335 1616 1361 ὁ
1629 1335 1767 1366 νεανίσκος

143 1383 176 1408 ’ἐν
194 1382 276 1417 πολλῇ
305 1383 479 1416 καταστάσει,
504 1385 564 1415 ταῖς
590 1384 649 1411 δυσὶ
673 1385 811 1420 παλάμαις
831 1385 913 1413 αὑτοῦ
941 1385 1272 1420 λαϐόμενοςῈπιφανίου,
1301 1384 1435 1420 ἐπέθηκεν
1463 1383 1544 1411 αὐτὸν
1560 1384 1607 1409 ἐπὶ
1636 1383 1767 1418 δρομικῆς

147 1431 279 1466 καμήλου.
302 1431 402 1459 Ἐλθὼν
415 1432 442 1458 δὲ
460 1432 526 1467 πρὸς
542 1432 585 1467 μὲ,
603 1433 729 1467 εποίησεν
748 1432 848 1467 ὁμοίως
860 1439 869 1448 ⁸

895 1434 942 1459 καὶ
961 1431 1040 1463 αὐτὸς
1053 1432 1175 1463 ἐϐάδιζεν
1191 1431 1299 1467 πρῶτος
1316 1431 1369 1457 τῶν
1387 1430 1613 1466 δρομοκαμήλων.

185 1478 253 1505 XIV.
269 1478 336 1505 Cum
366 1486 430 1505 vero
447 1478 661 1506 confecissemus
680 1480 790 1515 triginta
813 1480 931 1514 quinque

1020 1477 1066 1505 1Δ’.
1090 1478 1271 1505 Ὀδευσάντων
1296 1477 1324 1503 δὲ
1337 1476 1415 1512 ἡμῶν
1432 1476 1517 1511 μονὰς
1545 1476 1592 1506 λε’,
1612 1475 1768 1511 ἐφθάσαμεν

147 1525 314 1556 mansiones,
329 1525 504 1559 pervenimus
520 1524 552 1551 ad
570 1525 684 1559 regiam,
701 1530 728 1552 et
743 1525 894 1553 mansimus
906 1525 932 1551 in

148 1571 219 1602 loco,
237 1570 282 1605 qui
297 1570 398 1597 dicitur
409 1569 504 1597 Urion.
517 1570 584 1598 Tres
600 1575 689 1598 autem
705 1579 737 1598 ex
752 1572 792 1598 eis
806 1571 932 1606 ingressi,

148 1616 205 1651 regi
226 1615 427 1642 renunliarunt.
442 1616 564 1650 Cumque
582 1624 628 1643 rex
651 1616 781 1651 jussisset
809 1616 842 1643 ad
870 1623 932 1642 eum

148 1662 253 1696 ingredi
271 1662 463 1695 Epiphanium,
476 1662 587 1696 perinde
600 1661 650 1688 fuit
663 1662 809 1695 tranquillo
819 1666 846 1689 et
859 1669 934 1688 emn-

149 1707 238 1742 posito
255 1707 356 1737 auium,
372 1713 452 1741 atque
471 1708 493 1734 si
510 1715 600 1743 regem
618 1715 673 1735 non
687 1712 760 1735 esset
783 1712 933 1735 conventu-

150 1761 207 1781 rus.
224 1753 300 1780 Tunc
311 1761 354 1780 me
366 1761 427 1780 eum
437 1759 596 1788 sequentem
613 1754 712 1781 invasit
724 1761 838 1788 magnus
852 1754 934 1780 timor

148 1803 176 1825 et
193 1803 304 1826 tremor.
335 1797 403 1825 Nam
438 1805 499 1825 cum
525 1798 655 1826 vidissem
685 1798 798 1825 multam
826 1798 932 1825 turbam

149 1847 294 1875 astantem,
311 1842 337 1869 in
354 1843 445 1870 varias
461 1847 551 1878 partes
564 1843 704 1870 versabam
718 1843 850 1870 animum.
864 1843 932 1870 Cum

149 1893 240 1915 autem
254 1889 309 1924 regi
319 1889 565 1923 appropinquasset
582 1888 762 1923 Epiphanius,
778 1897 824 1916 rex
839 1889 932 1916 statim

149 1935 268 1961 surrexit
283 1942 297 1961 a
313 1934 385 1962 sede.
402 1934 467 1970 Regi
481 1942 544 1962 vero
560 1935 628 1961 dixit
646 1934 814 1970 Epiphanius
828 1943 834 1961 ι
854 1934 932 1967 Sede,

150 1981 198 2013 fili,
219 1988 301 2015 super
321 1980 459 2012 thronum,
478 1988 528 2007 nec
547 1985 655 2014 propter
670 1985 745 2007 tuum
762 1981 863 2008 luctum
884 1981 935 2008 du-

149 2026 218 2053 bites
229 2027 331 2054 animo.
347 2025 437 2053 Habeo
449 2025 520 2053 enim
539 2025 633 2058 Deum,
648 2026 693 2061 qui
707 2026 776 2053 ferat
791 2027 932 2057 auxilium,

148 2077 176 2100 et
192 2074 341 2100 daemonem
361 2072 452 2107 pellat.
476 2072 571 2099 Solum
596 2072 676 2100 crede
692 2071 748 2100 Deo
774 2072 891 2106 benigno
907 2077 934 2099 et

149 2120 285 2152 clementi,
301 2118 340 2155 [et
358 2119 462 2146 videbis
477 2118 532 2146 cito
547 2118 592 2146 Dei
610 2119 748 2155 gratiam].
768 2118 806 2145 Ne
823 2119 933 2146 aberres

983 1525 1033 1560 τὴν
1053 1523 1184 1558 βασιλίδα,
1199 1523 1346 1559 ἐμείναμεν
1360 1522 1394 1548 δέΔ
1406 1523 1435 1548 ἐν
1445 1521 1520 1556 τόπῳ
1541 1521 1698 1556 καλουμένῳ
1718 1522 1767 1548 06-

985 1570 1045 1605 ρίῳ.
1061 1570 1141 1604 Τρεῖς
1154 1569 1183 1595 δὲ
1197 1570 1243 1596 ἀπ’
1259 1568 1348 1595 αὐτῶν
1365 1567 1533 1599 εἰσελθόντες
1553 1568 1715 1603 ἀνήγγειλαν
1729 1568 1767 1603 τῷ

984 1615 1096 1650 βασιλεῖ.
1113 1616 1167 1641 Καὶ
1185 1615 1217 1650 δὴ
1234 1615 1412 1646 κελεύσαντος
1425 1614 1471 1641 τοῦ
1498 1614 1628 1649 βασιλέως
1649 1615 1767 1650 εἰσέρχεά

985 1661 1046 1687 σθαι
1061 1661 1129 1696 πρὸς
1153 1661 1233 1687 αὑτὸν
1263 1660 1309 1688 τὸν
1325 1660 1493 1695 Ἑπιφάνιον,
1522 1660 1608 1695 εἰσῄει
1635 1661 1664 1686 ὲν
1684 1660 1767 1696 πολλῇ

984 1706 1205 1738 καταστάσει,ὼς
1219 1706 1255 1742 μὴ
1271 1707 1410 1741 συντυχεῖν
1420 1706 1488 1740 ἔχων
1502 1706 1542 1732 ἑνὶ
1556 1706 1610 1733 τῶν
1625 1705 1766 1741 βασιλέων.

984 1753 1050 1779 Τότε
1063 1753 1094 1788 δὴ
1108 1752 1163 1786 ἐγὼ
1176 1752 1262 1779 ὀπίσω
1272 1752 1359 1788 τούτῳ
1374 1753 1482 1788 βαίνων,
1497 1752 1579 1788 φόϐος
1600 1753 1647 1780 καὶ
1667 1753 1767 1789 τρόμος

983 1797 1080 1824 ἔπεσεν
1091 1798 1134 1824 ἐπ’
1146 1797 1206 1833 ἐμὲ.
1231 1797 1303 1824 Ἰδὼν
1319 1798 1373 1833 γὰρ
1390 1798 1483 1833 ὗχλους
1494 1797 1678 1834 περιεστῶτας
1695 1798 1768 1833 αὐτῷ

984 1843 1107 1875 πολλοὺς,
1124 1843 1270 1878 ἐδονούμην
1281 1843 1320 1878 τῷ
1333 1843 1456 1879 λογισμῷ
1467 1853 1527 1879 μου.
1540 1844 1593 1871 Τοῦ
1608 1845 1636 1871 δὲ
1653 1844 1768 1879 Ἐπιφα-

983 1889 1039 1916 νίου
1055 1890 1214 1924 ἐγγίσαντος
1228 1890 1296 1924 πρὸς
1311 1890 1357 1916 τὸν
1372 1889 1483 1925 βασιλέα
1493 1910 1500 1922 ,
1515 1890 1615 1922 εὐθέως
1638 1890 1767 1925 ἐξανέστη

983 1938 997 1962 6
1008 1936 1133 1970 βασιλεὺς
1143 1935 1196 1962 ἀπὸ
1209 1936 1255 1962 τοῦ
1272 1936 1376 1972 θρόνου.
1389 1933 1474 1964 Εἶπεν
1488 1936 1516 1962 δὲ
1532 1936 1690 1971 Ἐπιφάνιος
1699 1936 1768 1971 πρὸς

983 1982 1028 2009 τὸν
1044 1982 1156 2017 βασιλέα
1168 1989 1176 1998 ο
1196 1981 1326 2014 Κάθισον,
1353 1982 1457 2014 τέκνον,
1486 1982 1531 2008 ἐπὶ
1551 1981 1590 2016 σῷ
1606 1981 1703 2016 θρόνῳ,
1730 1981 1767 2017 μὴ

983 2028 1089 2061 δίσταζε
1106 2029 1152 2055 ἐπὶ
1166 2028 1204 2064 τῷ
1218 2028 1255 2064 σῷ
1273 2028 1380 2055 πένθει·
1401 2028 1454 2063 ἔχω
1467 2028 1521 2064 γὰρ
1547 2027 1612 2054 Θεὸν
1632 2028 1677 2054 τὸν
1703 2027 1767 2063 βοη-

985 2073 1091 2104 θοῦντα,
1105 2074 1246 2109 ἐλατῆριον
1261 2073 1308 2100 τοῦ
1326 2073 1460 2100 διαϐόλου.
1476 2073 1563 2100 Μόνον
1593 2073 1704 2099 πίστευε
1729 2072 1767 2109 τῷ

984 2118 1180 2154 φιλανθρώπῳ·
1194 2119 1230 2154 μὴ
1246 2119 1354 2153 ἀστόχει
1367 2118 1422 2144 τῶν
1437 2118 1608 2153 λαλουμένων
1621 2138 1628 2149 ,
1648 2118 1695 2145 καὶ
1715 2118 1768 2154 ὄψῃ

149 2174 164 2192 a
183 2173 265 2200 scopo
291 2173 385 2192 eorum
399 2184 407 2196 ,
436 2172 497 2199 qua:
524 2164 664 2198 dicuntur,
682 2170 710 2193 et
726 2165 830 2193 videbis
851 2165 931 2192 ﬁliam

986 2163 1035 2199 τὴν
1052 2164 1133 2190 παῖδα
1149 2164 1222 2198 ὑγιῆ.
1246 2165 1275 2190 Ὁ
1290 2164 1344 2199 γὰρ
1368 2164 1495 2195 κάκιστος
1520 2164 1625 2199 δαίμων
1647 2164 1767 2199 διωχθεὶς

149 2217 225 2239 tuam
239 2219 334 2239 sanam
350 2211 376 2237 in
390 2211 489 2238 medio.
515 2210 654 2239 Pessimus
669 2212 740 2238 enim
756 2213 861 2239 daemon
889 2212 933 2239 fu~

150 2262 229 2292 gatus
246 2265 260 2283 a
274 2257 333 2284 loco
344 2264 406 2288 suo,
423 2257 498 2283 venit
512 2256 545 2284 ad
560 2256 655 2284 ﬁliam.
685 2256 713 2283 Si
733 2257 788 2284 Deo
802 2257 933 2285 cruciﬁxo

149 2302 319 2334 credideris,
348 2302 452 2337 fugabit
478 2309 541 2329 eum
566 2310 580 2329 a
606 2307 652 2329 tua
669 2303 733 2329 lilia.
753 2302 933 2338 [llluminare,

150 2347 199 2378 ﬁli,
215 2347 306 2378 corde,
317 2351 343 2373 et
359 2347 464 2374 videbis
481 2355 543 2373 eum
558 2346 724 2383 expulsum].
743 2346 800 2374 Duc
814 2354 874 2374 eam
900 2347 935 2374 ad

151 2399 201 2419 nos
219 2392 246 2418 in
262 2392 392 2423 medium,
413 2397 441 2419 et
458 2392 561 2420 videbis
577 2392 690 2426 gratiam
706 2393 814 2428 benigni
836 2398 863 2420 et
877 2393 934 2419 ele-

150 2436 250 2463 mentis
264 2435 321 2463 Dei.
339 2436 406 2463 Cum
424 2441 513 2463 autem
534 2437 562 2463 in
579 2436 696 2464 medium
722 2436 840 2463 venisset
865 2436 935 2470 regis

151 2483 217 2514 ﬁlia,
233 2482 301 2508 dixit
312 2481 480 2516 Epiphanius
499 2482 588 2510 ﬁliola
603 2492 609 2509 :
626 2482 691 2509 Esto
704 2482 813 2517 sapiens
832 2489 864 2509 ac
876 2488 935 2508 mo-

151 2529 237 2560 desta,
251 2533 277 2554 et
291 2528 403 2555 adorato
419 2533 494 2554 tuum
504 2533 618 2562 patrem.
633 2528 726 2563 Lupus
740 2528 812 2555 enim
825 2528 864 2555 tui
880 2535 933 2554 non

151 2574 335 2601 dominabitur
351 2574 478 2608 amplius.
506 2573 569 2601 Haec
582 2582 645 2602 cum
671 2575 787 2602 dixisset
816 2573 935 2608 Epipha-

151 2620 224 2651 nius,
240 2624 266 2646 et
282 2627 341 2646 eam
357 2624 397 2647 ter
419 2619 564 2654 signasset,
582 2619 650 2647 dixit
673 2620 792 2652 spiritui,
809 2619 856 2654 qui
873 2626 932 2646 eam

151 2666 285 2700 allllgebat
302 2674 308 2691 :
330 2665 482 2693 Cucurristi
505 2666 576 2692 male
594 2666 627 2692 ad
650 2665 733 2692 ﬁliam
758 2665 852 2700 regis:
870 2664 933 2699 fuge

151 2711 186 2738 ab
200 2719 231 2738 ea
248 2712 274 2738 in
287 2712 356 2744 loca,
371 2711 404 2738 ad
416 2719 477 2746 quae
490 2719 545 2738 non
565 2715 639 2746 patet
657 2711 757 2738 aditus.
787 2711 820 2738 Et
843 2711 933 2738 statim

154 2757 188 2784 ab
206 2764 237 2784 ea
254 2759 375 2785 recessit.
389 2757 457 2784 Cum
472 2763 562 2785 autem
579 2757 692 2784 vidisset
705 2756 873 2792 Epiphanius
893 2764 935 2783 re-

152 2809 212 2835 gem
239 2802 265 2830 in
289 2811 385 2837 magna
400 2804 514 2837 exstasi,
537 2803 606 2831 dixit
621 2802 647 2830 ei
661 2802 736 2830 vultu
765 2802 933 2832 subridens:

985 2209 1038 2236 ἀπὸ
1050 2209 1145 2240 τόπου,
1160 2207 1240 2245 ἦλθεν
1257 2209 1404 2245 προθύμως
1415 2210 1462 2235 ἐπὶ
1481 2208 1530 2244 σὴν
1546 2209 1690 2244 θυγατέρα.
1704 2209 1767 2236 Ἐὰν

985 2255 1115 2291 πιστεύῃς
1129 2255 1168 2290 τῷ
1184 2256 1393 2291 ὲσταυρωμέαρ,
1408 2255 1502 2282 τοῦτον
1528 2256 1619 2282 διώκει
1641 2257 1696 2283 ἀπὸ
1719 2256 1767 2292 τῆς

985 2300 1118 2336 θυγατρός
1135 2301 1330 2335 σου.Φωτίζου,
1343 2301 1447 2334 τέκνον,
1464 2302 1513 2337 τὴν
1523 2301 1572 2336 σὴν
1586 2301 1707 2338 καρδίαν,
1722 2302 1767 2329 καὶ

986 2347 1067 2381 βλέπε
1079 2347 1172 2374 τοῦτον
1188 2347 1375 2382 ἐλαυνόμενον.
1395 2347 1497 2381 Ἀγαγε
1520 2346 1621 2382 ταύτην
1642 2347 1671 2374 ὲν
1695 2348 1767 2383 μέσῳ

985 2392 1073 2427 ἡμῶν,
1104 2393 1150 2419 καὶ
1169 2392 1221 2428 ὄψῃ
1240 2394 1318 2428 χάριν
1336 2393 1384 2420 τοῦ
1401 2392 1600 2428 φιλανθρώπου.
1625 2393 1767 2429 Ἐλθούσης

985 2439 1013 2465 δὲ
1036 2439 1086 2474 τῆς
1102 2438 1235 2474 Θυγατρδς
1254 2439 1301 2465 τοῦ
1330 2438 1462 2474 βασιλέως
1476 2440 1505 2465 ἐν
1516 2438 1556 2474 τῷ
1584 2438 1668 2474 μέσῳ,
1693 2436 1767 2465 εἶπεν

985 2484 1142 2518 Ἐπιφάνιος
1155 2483 1193 2519 τῷ
1209 2484 1344 2520 θυγατρίῳ
1354 2493 1360 2499 ·
1376 2484 1458 2511 Γενοῦ
1471 2484 1617 2520 φρονοῦσα,
1626 2486 1673 2512 καὶ
1686 2493 1767 2520 προσ-

986 2528 1102 2564 κύνησον
1118 2529 1163 2555 τὸν
1178 2530 1223 2556 σὺν
1237 2530 1352 2565 πατέρα.
1366 2530 1454 2562 Λύκος
1462 2530 1515 2566 γὰρ
1530 2530 1570 2557 ἔτι
1587 2531 1617 2557 οὑ
1629 2531 1766 2566 κυριεύσει

987 2582 1044 2601 σου.
1063 2574 1155 2601 Ταῦτα
1169 2575 1253 2602 εἰπὼν
1265 2576 1433 2610 Ἐπιφάνιος,
1451 2576 1643 2611 ἐπιλαϐόμενος
1653 2577 1700 2610 τῆς
1712 2584 1767 2610 χει-

987 2619 1033 2655 ρὸς
1048 2619 1095 2646 τοῦ
1126 2619 1281 2656 θυγατρίου,
1300 2621 1347 2647 καὶ
1375 2622 1527 2656 σφραγίσας
1551 2621 1634 2656 αὐτὴν
1665 2621 1766 2657 τρίτον,

986 2662 1062 2691 εἶπεν
1081 2665 1149 2700 πρὸς
1170 2665 1202 2692 τὸ
1221 2666 1328 2701 πνεῦμα
1354 2667 1383 2693 τὸ
1401 2666 1490 2693 θλίῦον
1506 2667 1611 2703 αὑτήν·
1629 2666 1767 2702 Ἐδραμες

985 2711 1078 2743 κακῶς
1092 2711 1138 2737 ἐπὶ
1158 2711 1208 2746 τὴν
1233 2711 1370 2748 θυγατέρα
1384 2712 1431 2739 τοῦ
1447 2712 1588 2747 βασιλέως.
1608 2711 1694 2746 Φεῦγε
1720 2712 1767 2738 ἀπ’

985 2756 1070 2792 αὐτῆς
1084 2757 1113 2783 ἐν
1125 2758 1262 2793 ἀοικήτοις
1285 2758 1386 2790 τόποις.
1399 2759 1490 2795 Ταῦτα
1504 2758 1587 2785 εἰπὼν
1608 2759 1767 2793 Ἐπιφάνιος

986 2802 1054 2838 πρὸς
1069 2803 1113 2829 τὸν
1126 2802 1249 2838 δαίμονα,
1271 2803 1371 2835 εὐθέως
1394 2803 1505 2838 ἐξῆλθεν
1535 2804 1589 2831 ἀπὸ
1605 2804 1653 2831 τοῦ
1680 2806 1766 2832 θυγα-
