1934 3029
139 124 172 152 ιι
771 122 802 151 S.
822 122 931 152 EPlPll.

984 123 994 150 l
1013 122 1108 151 ἯΤᾹ.
1726 122 1762 150 ιε

139 183 229 219 τρίόυ.
253 181 362 210 Ἰδὼνδὲ
392 181 550 216 Ἐπιφὰνιος
581 183 610 209 ἒν
625 182 754 209 ἐκστάσει
782 183 865 219 πολλῇ
881 183 927 209 τὸν

982 183 1092 215 Laetare,
1107 191 1162 213 res.
1178 183 1211 210 de
1224 188 1270 211 tua
1286 183 1354 215 lilia;
1372 183 1441 218 fugit
1462 183 1540 218 lupus
1556 183 1583 210 in
1606 183 1665 211 loca
1681 182 1761 211 inha-

141 228 264 265 βασιλέα,
282 226 359 254 εἶπεν
374 228 443 264 πρὸς
455 228 537 254 αὐτόν
547 237 554 243 ⁸
570 229 666 264 Χαῖρε,
683 229 792 263 βασιλεῦ
802 249 809 260 ,
825 229 871 255 ἐπὶ
888 228 928 264 σῷ

140 274 296 310 θυγατρίῳ·
325 273 425 308 ἔφυγεν
452 274 466 300 ὁ
490 273 570 305 λύκος
589 275 630 305 είς
645 275 791 310 ἀοικήτους
817 275 926 306 τόπους.

140 319 272 355 Πορεύου,
288 319 417 355 θύγατερ,
443 319 472 346 ὲν
488 319 527 354 σῷ
544 319 670 354 ταμιείῳ,
683 320 729 346 καὶ
740 319 785 346 Eoo
796 320 928 356 χαίρουσα

140 366 210 401 μετά
226 365 327 401 μητρὸς
341 365 498 400 καλλίστης.
515 365 635 400 Πρόσεχε
654 365 746 392 λοιπὸν
766 365 805 400 τῷ
822 366 928 401 σώματί

140 421 187 438 σου
197 420 205 428 η
221 412 269 438 καὶ
285 411 375 438 οὐκέτι
392 411 497 445 ἐγγίσει
513 411 581 446 πρὸς
607 411 637 437 σὲ
653 410 817 446 κακοῦργος.
836 411 928 438 Ταῦτα

138 457 279 485 ἀκούσασα
293 458 309 492 ἡ
324 457 446 493 θυγάτηρ
460 456 506 482 τοῦ
520 456 651 492 βασιλέως
664 457 740 491 παρὰ
756 457 926 492 Ἐπιφανίου,

139 503 278 539 ἐπορεύθη
291 503 383 529 λοιπὸν
398 503 427 529 ὲν
448 502 487 537 τῷ
503 503 635 538 ταμιείῳ,
662 503 726 529 ἔνθα
741 500 776 538 ἦν
802 504 818 538 ή
838 503 928 539 μήτηρ

139 549 225 584 αὐτῆς
243 548 444 584 καταμένουσα.
457 548 525 575 Τότε
539 548 571 584 δὴ
589 550 602 575 ὁ
618 548 743 584 βασιλεὺς
757 549 860 575 ἔκλινεν
880 549 928 576 αὺ-

141 595 209 629 χένα
225 594 387 629 Ἑπιφανίῳ.
403 594 514 626 Ἰδόντες
535 594 564 620 δὲ
584 594 608 620 oi
625 595 724 627 πάντες
744 594 790 621 τδν
806 593 927 629 βασιλέα,

138 638 261 665 κλίνουσι
277 638 323 665 καὶ
338 639 415 664 αὐτοὶ
431 638 478 664 ἐπὶ
501 638 564 673 γῆν,
582 638 706 672 λέγοντες
720 638 788 674 πρὸς
808 638 927 672 Ἐπιφά-

141 692 211 711 νιον·
233 685 350 720 Χάριτος
374 683 442 711 Θεοῦ
461 685 661 720 κεκοσμημὲνε,
685 684 825 720 πρόθυμος
851 684 926 719 γίνου

981 230 1113 257 bitabilia.
1134 229 1215 262 Vade,
1232 229 1297 260 tilia,
1316 230 1344 256 in
1371 234 1446 256 tuum
1470 229 1615 260 conclave.
1630 234 1656 257 et
1675 230 1762 265 gaude

979 283 1043 303 cum
1073 280 1161 303 matre
1179 279 1227 302 tua
1247 275 1360 310 optima,
1386 279 1415 302 et
1439 275 1548 303 attende
1569 275 1696 310 deinceps
1716 280 1763 302 luo

980 321 1088 356 corpori
1106 329 1113 346 :
1131 328 1219 356 neque
1241 321 1376 355 malignus
1391 320 1439 347 tibi
1458 319 1688 355 appropinquahit
1705 327 1763 350 am-

979 367 1062 402 plius.
1081 366 1148 394 Cum
1161 367 1219 394 haec
1238 370 1329 393 autem
1349 366 1482 394 audiisset
1498 366 1550 393 illia
1566 367 1638 400 regis
1653 366 1688 393 ab
1700 366 1763 401 Epi-

975 410 1088 444 phanio.
1111 410 1160 437 ivit
1174 410 1200 437 in
1223 410 1325 437 aulam.
1352 410 1430 438 Tunc
1446 418 1493 437 rex
1512 410 1653 437 inclinavit
1664 411 1764 438 collum

976 454 1138 490 Epiphanio.
1155 456 1224 483 Cum
1246 456 1377 483 vidissent
1391 463 1455 483 vero
1467 463 1563 483 omnes
1585 463 1690 491 regem,
1712 456 1764 491 ipsi

980 508 1089 536 quoque
1100 509 1129 529 se
1142 501 1169 528 in
1187 506 1285 528 terram
1299 502 1440 533 inclinant,
1457 501 1578 529 dicentes
1591 501 1742 536 Epiphanio
1754 509 1762 528 :

980 546 1002 574 0
1017 547 1131 581 plurima
1143 551 1275 574 exornate
1291 547 1388 582 gratia,
1405 555 1486 574 mane
1496 552 1622 582 prompto
1636 551 1663 574 et
1679 546 1764 574 alacri

972 586 1074 619 animo
1087 592 1158 626 apud
1173 599 1275 627 regem.
1304 591 1369 619 Esto
1385 597 1460 626 pater
1484 592 1544 627 ejus
1575 592 1711 627 potentiae,
1737 596 1764 619 et

979 638 1035 665 eris
1054 638 1196 665 nobiseum
1216 643 1357 672 perpetuo.
1377 637 1492 665 Vo‘xavit
1518 638 1624 666 daemon
1641 638 1763 673 regiam;

981 683 1034 710 huc
1048 683 1155 714 venisti,
1170 691 1233 710 eum
1246 683 1355 718 iugasti.

140 730 210 765 πρὸς
228 730 348 765 βασιλέα,
367 730 457 765 πατὴρ
484 729 528 756 τοῦ
547 730 664 765 κράτους
679 730 772 762 αὑτοῦ,
801 730 848 756 καὶ
874 729 922 764 ἔσῃ
941 728 1000 763 μεθ’
1015 727 1093 763 ἡμῶν
1125 728 1313 760 ἀδιαλείπτως.
1329 728 1463 756 Ἔσκυλεν
1495 729 1599 755 δαίμων
1618 728 1668 764 τὴν
1688 729 1764 764 βασι·

141 776 214 803 λίδα-
224 775 305 812 ἦλθες
320 775 436 803 ἐνταῦθα
448 775 542 802 τοῦτον
553 775 656 808 διῶξαι.

177 843 227 870 lE’.
239 841 287 875 Εἷς
302 843 330 870 δέ
343 852 384 875 τις
400 843 429 876 ἐξ
439 843 528 870 αὐτῶν
542 844 627 879 μάγος
637 843 692 870 τῶν
706 843 822 880 πρώτων
835 843 926 877 ἔλεγεν

1012 840 1070 867 XV.
1088 839 1165 867 Unus
1175 844 1265 867 autem
1282 847 1315 866 ex
1332 839 1372 866 eis
1391 839 1495 874 primus
1522 847 1555 866 ex
1581 839 1678 875 magis,
1696 839 1765 868 dixit

81 895 86 899 '
141 889 216 924 αὐτῷ
229 889 285 924 μετ’
306 889 463 924 εὐμενείας·
491 887 525 916 Ὦ
550 890 643 924 μάκαρ
667 890 829 924 Ἐπιφάνιε,
858 890 927 925 μάγε

141 935 325 971 πεποθημένε,
336 932 418 971 ἦλθες
428 935 545 962 ἐνταῦθα
559 934 605 962 τοῦ
622 934 803 970 κατορθῶσαι.
816 934 928 961 Δίδασκε

142 981 256 1013 πάντας,
274 981 372 1012 πάντες
390 981 415 1007 οἱ
433 981 515 1016 μάγοι
532 980 730 1007 ὑπακούσονταί
752 989 810 1008 σου.
836 979 930 1006 Ἀκού-

142 1036 193 1059 σας
205 1028 233 1054 δὲ
251 1027 337 1054 ταῦτα
356 1027 524 1060 Ἑπιφάνιος,
558 1024 634 1053 εἶπεν
663 1026 731 1063 πρδς
756 1026 801 1053 τὸν
818 1026 929 1061 ἀνόητον

142 1073 244 1108 μάγον·
259 1071 294 1098 Ὦ
313 1073 384 1107 μάγε
406 1072 486 1108 ἐχθρὲ
502 1072 551 1107 τῆς
572 1071 711 1108 ἀληθείας,
730 1071 800 1107 μάθε
825 1072 863 1108 μὴ
879 1072 928 1099 λα-

143 1119 197 1144 λείν
207 1118 340 1150 ἀτάκτους
363 1117 469 1152 λόγους.
490 1117 563 1144 Λάϐε
579 1118 703 1152 κατόχιον
719 1117 747 1143 ὲν
762 1116 801 1153 τῷ
816 1117 929 1153 στόματί

142 1173 203 1196 σου,
220 1165 267 1190 καὶ
279 1163 329 1200 ἔσῃ
343 1163 382 1199 μὴ
395 1163 483 1190 λαλῶν
510 1164 698 1196 ἀδιαλείπτως.
722 1163 769 1199 Μὴ
790 1163 845 1199 γὰρ
869 1164 930 1190 ὑπο-

142 1210 197 1236 νόει
212 1210 278 1236 Θεοῦ
296 1209 388 1236 δοῦλον
404 1210 490 1245 μάγον
501 1210 633 1246 ὑπάρχειν
648 1210 697 1246 τῆς
712 1210 827 1241 ἀδικίας.
839 1210 930 1236 Ταῦτα

141 1254 171 1280 δὲ
185 1254 268 1281 εἰπὼν
283 1255 453 1289 Ἐπιφάνιος,
469 1254 570 1286 εὐθέως
583 1254 689 1290 ἔμεινεν
717 1256 732 1282 ό
755 1255 841 1290 μάγος
862 1255 929 1282 ἄλα-

143 1298 199 1330 λος,
212 1299 340 1334 ἀκίνητος
357 1300 403 1326 ἐπὶ
429 1299 469 1335 τῷ
495 1300 580 1335 τόπῳ.
598 1299 689 1326 Ταῦτα
715 1300 744 1326 δὲ
769 1300 830 1327 ἰδὼν
846 1301 861 1326 ὸ
878 1299 926 1335 βα-

145 1344 245 1376 σιλεὺς,
271 1345 317 1372 καὶ
338 1345 368 1371 τδ
393 1347 487 1380 στῖφος
514 1345 596 1372 αὑτοῦ
617 1345 647 1372 τὸ
670 1345 831 1381 περιεστὼς,
856 1346 930 1380 φόϐῳ

144 1390 263 1422 ἅπαντες
278 1391 451 1426 συνεχόμενοι
460 1391 560 1418 ἔπεσαν
574 1392 621 1419 ἐπὶ
635 1392 684 1427 τὴν
701 1393 764 1428 γῆν.

181 1459 240 1492 le’.
258 1457 329 1485 Ἰδὼν
343 1459 371 1485 δὲ
384 1459 544 1494 Ἑπιφάνιος
559 1459 671 1492 τούτους
685 1463 828 1492 πεσόντας,
843 1460 930 1486 εκτει-

978 887 1002 914 ei
1018 886 1132 920 benigne
1143 891 1170 912 et
1184 890 1307 912 ainanter
1320 893 1326 911 :
1340 884 1362 912 0
1377 885 1453 912 beate
1469 885 1611 920 Epiphani,
1625 893 1702 921 mage
1717 885 1764 914 de-

979 932 1105 963 siderate,
1137 931 1233 959 venisti
1251 931 1313 964 huc,
1341 935 1371 958 ut
1398 938 1448 958 nos
1468 930 1587 958 adiceres
1618 931 1761 959 beneticio.

979 978 1056 1005 Mane
1081 978 1135 1011 hic,
1155 977 1222 1005 doce
1251 984 1322 1004 nos:
1340 983 1435 1004 omnes
1453 976 1522 1011 magi
1551 976 1598 1004 tibi
1627 977 1762 1005 obedient.

978 1022 1047 1051 Cum
1062 1024 1120 1050 [nec
1133 1027 1224 1049 autem
1237 1021 1370 1049 audiisset
1383 1021 1553 1056 Epiphanius
1566 1041 1575 1054 ,
1602 1022 1669 1050 dixit
1683 1030 1765 1058 mago

979 1068 1117 1104 insipienti
1138 1077 1145 1094 :
1162 1067 1184 1095 Ο
1200 1076 1278 1103 mage
1291 1068 1400 1096 inimice
1415 1068 1548 1101 veritatis,
1562 1068 1637 1096 disce
1650 1076 1705 1097 non
1720 1070 1764 1096 lo—

979 1115 1026 1150 qui
1041 1116 1121 1141 verba
1139 1113 1282 1141 insolentia
1301 1122 1308 1139 :
1333 1114 1375 1141 ori
1394 1119 1441 1141 tuo
1456 1114 1572 1141 immitte
1592 1115 1764 1150 repagulum,

979 1164 1073 1187 etnon
1102 1159 1221 1194 loqueris
1244 1159 1364 1187 assidue.
1390 1159 1450 1187 Noli
1473 1160 1629 1188 existimare
1654 1168 1763 1188 servum

980 1204 1027 1232 Dei
1041 1212 1102 1232 esse
1119 1211 1227 1238 magum
1246 1204 1395 1240 injustitiae.
1411 1204 1474 1232 Haec
1488 1213 1552 1233 cum
1570 1205 1683 1233 dixisset
1698 1206 1764 1242 Epi-

980 1250 1106 1285 phanius,
1117 1251 1209 1277 statim
1226 1251 1269 1277 ille
1281 1251 1380 1278 mansit
1395 1251 1421 1278 in
1439 1251 1499 1279 loco
1513 1255 1606 1279 mutus
1619 1257 1647 1279 et
1665 1252 1765 1279 inuno-

979 1295 1052 1323 bilis.
1070 1295 1133 1323 Haec
1149 1301 1240 1324 autem
1263 1303 1326 1323 cum
1344 1304 1392 1323 rex
1407 1297 1532 1330 vidisset,
1549 1302 1575 1325 et
1589 1298 1679 1332 turba,
1703 1306 1765 1333 quae

980 1348 1042 1368 eum
1068 1341 1273 1373 circumstabat,
1302 1349 1400 1369 omnes
1415 1348 1488 1370 metu
1503 1344 1642 1378 oppressi,
1662 1344 1765 1372 cecide~

980 1391 1043 1414 runt
1060 1386 1088 1413 in
1101 1390 1212 1414 terram.

1014 1453 1083 1481 XVI.
1097 1453 1166 1481 Cum
1183 1461 1230 1481 eos
1248 1458 1339 1481 autem
1353 1454 1467 1483 vidisset
1490 1455 1620 1484 cadentes
1644 1456 1763 1492 Epipha-

146 1512 194 1534 νας
203 1503 252 1538 τὴν
268 1505 346 1539 χεῖρα
357 1504 426 1539 πρὸς
441 1505 487 1530 τὺν
506 1504 628 1539 βασιλέα,
656 1505 748 1539 ἔλεγεν
772 1505 847 1540 αὐτῷ
870 1506 928 1541 μετ’

982 1500 1054 1532 nius,
1070 1507 1152 1526 manu
1175 1498 1209 1526 ad
1234 1507 1323 1534 regem
1337 1504 1460 1534 extensa,
1479 1500 1548 1529 dixit
1570 1502 1596 1530 ei
1620 1502 1736 1537 benigne
1755 1513 1762 1530 :

146 1549 288 1584 εὐμενείας
300 1557 307 1564 ο
333 1550 459 1582 Ἀνάστα,
475 1550 550 1584 γίνου
567 1551 596 1576 ὲν
615 1551 790 1582 καταστάσει,
815 1551 862 1577 καὶ
887 1550 932 1577 ἔσο

147 1595 228 1630 ὑγιὴς
244 1596 272 1621 ὲν
295 1595 333 1630 σῷ
350 1596 477 1631 ταμιείῳ.
498 1596 589 1623 Ταῦτα
605 1597 633 1623 δὲ
656 1597 740 1623 είπὼν
764 1597 932 1631 Ἐπιφάνιος,

147 1642 298 1677 ἀνέστησαν
306 1641 425 1674 ἅπαντες
439 1643 485 1669 ἐπὶ
496 1643 559 1674 τοὺς
571 1643 664 1674 πόδας.
681 1641 764 1670 Εἶπεν
773 1643 801 1670 δὲ
817 1643 932 1678 Ἐπιφά-

147 1695 202 1719 νιος
216 1687 254 1722 τῷ
273 1688 446 1724 μαγουσαὲῳ-
461 1688 546 1715 Βλέπε
569 1689 594 1715 τί
620 1688 727 1724 βλέπεις
740 1690 787 1716 καὶ
813 1690 931 1721 ἀκούεις,

147 1733 195 1759 καὶ
207 1733 255 1769 ἔσῃ
274 1734 415 1768 προσέχων
426 1735 460 1769 τῇ
471 1734 594 1769 ἀληθείᾳ..
612 1735 656 1769 Μή
679 1743 724 1769 μοι
749 1735 877 1770 πρόσεχε,
895 1736 933 1768 ὡς

150 1779 307 1814 μαγουσαίῳ
326 1788 332 1795 ·
353 1779 445 1810 δοῦλος
467 1780 521 1815 γάρ
550 1780 607 1815 εἰμι
635 1779 680 1806 τοῦ
706 1781 930 1816 ὲσταυρωμένου·

148 1823 221 1850 λάλει
239 1825 284 1851 καὶ
295 1824 388 1856 ἄκουε,
402 1825 439 1856 ὼς
455 1825 485 1851 τὺ
501 1825 618 1860 πρῶτον.
647 1824 725 1851 Γίνου
744 1825 772 1852 δὲ
793 1826 868 1860 φίλος
883 1826 934 1861 τῆς

147 1869 286 1904 ἀληθείας.
301 1869 368 1895 Τότε
380 1870 395 1896 ὁ
413 1869 498 1904 μάγος
513 1870 681 1904 ἀπελογεῖτο,
697 1870 829 1904 ἐσφάλθαι
844 1870 931 1904 λέγων

151 1914 218 1949 πρὸς
233 1915 400 1948 Ἑπιφάνιον.
414 1915 480 1941 Τότε
497 1916 511 1941 ὸ
527 1915 653 1950 βασιλεὺς
672 1916 814 1941 ἐκέλευσεν
825 1915 933 1950 ἐνεχθῆ-

148 1968 194 1986 vat
205 1960 324 1995 χρυσίον,
340 1961 387 1987 καὶ
396 1961 524 1996 ἄργυρον,
537 1961 584 1987 καὶ
594 1962 773 1996 μαργαρίτας,
784 1961 832 1987 καὶ
845 1960 935 1992 λίθους

150 2005 258 2040 τιμίους
284 2005 355 2032 κατὰ
368 2006 512 2041 πρόσωπον
527 2006 644 2038 πάντων,
669 2007 716 2033 καὶ
734 2007 843 2042 τεθῆναι
859 2006 935 2042 παρά

151 2051 214 2082 τοὺς
229 2051 310 2082 πόδας
322 2052 491 2084 Ἐπιφανῖου,
509 2051 595 2086 λέγων
613 2051 681 2087 πρὸς
694 2051 775 2078 αὐτόν
786 2061 794 2067 η
806 2051 934 2086 Λάμδανε

114 2103 120 2108 ’
149 2095 270 2127 ταῦτα,ὀ
281 2096 374 2132 Πατὴρ
385 2096 472 2132 ἡμῶν,
485 2098 532 2123 καὶ
543 2096 586 2131 ἔχε
600 2096 632 2132 δή
649 2105 681 2132 με
693 2097 763 2123 ’κατὰ
773 2097 862 2132 ψυχήν
876 2105 933 2124 σου.

151 2139 237 2168 Εἶπεν
252 2141 280 2167 δὲ
294 2142 453 2176 Ἐπιφάνιος
465 2142 533 2177 πρὸς
546 2142 592 2168 τὸν
604 2141 729 2177 βασιλέα·
749 2142 843 2176 Ἡμεῖς
851 2142 935 2169 ἀπάν-

983 1546 1079 1580 Surge,
1095 1545 1134 1572 sis
1147 1545 1219 1573 bono
1232 1549 1259 1572 et
1273 1546 1423 1581 tranquillo
1443 1547 1546 1580 animo,
1570 1551 1597 1574 et
1611 1548 1665 1576 eris
1680 1556 1765 1576 unus

983 1593 1010 1619 in
1026 1597 1072 1619 tuo
1084 1591 1222 1620 cubiculo.
1237 1591 1294 1620 Hoc
1311 1592 1385 1620 dicto
1412 1593 1447 1620 ab
1463 1592 1625 1629 Epiphanio,
1640 1601 1766 1622 surrexe-

983 1642 1046 1665 runt
1063 1645 1158 1665 omnes
1183 1645 1266 1672 supra
1278 1637 1371 1673 pedes.
1390 1638 1465 1665 Dixit
1488 1643 1579 1666 autem
1596 1638 1765 1674 Epiphanius

983 1690 1062 1718 mago
1081 1692 1088 1710 :
1107 1682 1173 1710 Vide
1188 1684 1254 1718 quid
1272 1683 1376 1716 videas,
1390 1689 1417 1711 et
1431 1684 1497 1719 quid
1518 1685 1623 1717 audias,
1636 1690 1663 1713 et
1679 1689 1766 1713 atten-

982 1729 1030 1756 des
1044 1729 1159 1757 veritati.
1172 1728 1211 1756 Ne
1225 1729 1293 1756 mihi
1309 1730 1433 1757 attendas
1446 1735 1577 1766 tanquam
1587 1739 1666 1766 mago
1680 1741 1687 1758 :
1705 1728 1766 1759 sum

982 1775 1056 1803 enim
1070 1783 1163 1802 servus
1176 1775 1296 1802 cruciﬁxi
1316 1783 1323 1801 :
1345 1776 1466 1810 loquere,
1483 1781 1510 1803 et
1531 1777 1606 1810 audi,
1629 1778 1767 1812 quomodo

983 1828 1044 1847 eras
1058 1821 1132 1855 prius
1149 1829 1155 1847 :
1175 1825 1233 1848 esto
1249 1821 1353 1848 amicus
1371 1821 1504 1850 veritatis.
1527 1821 1604 1850 Tunc
1626 1830 1721 1857 magus
1737 1830 1767 1851 so

983 1866 1132 1897 excusavit,
1148 1866 1241 1893 dicens
1258 1874 1288 1894 se
1313 1874 1374 1894 esse
1390 1867 1495 1902 lapsum
1522 1868 1549 1895 in
1571 1868 1765 1904 Epiphaniam.

984 1911 1041 1938 Rex
1057 1917 1146 1938 autem
1159 1911 1242 1946 jussit
1255 1911 1289 1939 ad
1301 1919 1330 1940 se
1346 1920 1443 1940 auram
1459 1913 1548 1940 aﬂerri
1566 1919 1593 1941 et
1611 1918 1765 1948 argentum,

984 1957 1144 1992 margaritas
1169 1962 1196 1984 et
1213 1965 1333 1992 gemmas
1359 1958 1388 1985 in
1409 1963 1555 1993 conspectu
1581 1959 1717 1992 on'mium,
1739 1963 1767 1987 et

983 2003 1048 2037 poni
1060 2003 1093 2030 ad
1107 2003 1191 2038 pedes
1206 2004 1360 2039 Epiphanii,
1378 2005 1402 2033 ei
1418 2005 1512 2033 dicens
1527 2014 1534 2031 :
1551 2005 1651 2040 Accipe
1665 2006 1733 2038 haec,
1747 2013 1766 2034 ο

984 2049 1072 2081 Pater,
1095 2054 1123 2077 et
1141 2050 1192 2077 mei
1208 2050 1374 2078 memineris.
1402 2051 1451 2079 Cui
1479 2052 1548 2079 dixit
1573 2051 1764 2086 Epiphanius:

984 2093 1039 2122 Nos
1053 2095 1144 2122 omnia
1166 2096 1376 2129 contemnimus,
1403 2101 1433 2124 ut
1447 2097 1588 2124 veritatem
1615 2102 1764 2125 teneamus.

984 2140 1023 2168 Ne
1035 2141 1061 2168 in
1073 2141 1116 2169 his
1133 2141 1199 2168 mihi
1210 2141 1339 2169 exhibeas
1353 2142 1507 2169 molestiam
1522 2150 1529 2167 :
1553 2141 1680 2169 Christus
1693 2143 1766 2170 enim

152 2194 205 2212 των
220 2186 452 2222 καταφρονοῦμεν,
466 2188 538 2218 ὅπως
554 2187 699 2223 κρατῶμεν
714 2188 763 2222 τῆς
786 2188 931 2222 ἀληθείαςε

986 2194 1029 2214 me
1041 2186 1134 2214 docuit
1144 2187 1187 2215 his
1204 2195 1257 2215 non
1272 2195 1360 2222 egere.
1377 2187 1441 2215 Haec
1458 2192 1503 2215 tua
1519 2188 1621 2222 accipe,
1640 2188 1722 2223 sepeli
1738 2188 1767 2215 in

153 2232 191 2266 μή
208 2240 252 2266 μοι
266 2233 367 2264 κόπους
394 2233 496 2268 πάρεχε
521 2233 551 2259 ὲν
573 2234 629 2264 τοῖς
643 2233 756 2265 λοιποῖς.
791 2234 857 2268 Ἐμὲ
881 2233 934 2268 γὰρ

153 2276 268 2310 Χριστὸς
282 2276 399 2309 ἐδίδαξεν
416 2278 453 2313 μὴ
467 2277 578 2313 χρῄζειν
590 2277 701 2306 τοῦτων.
711 2279 783 2305 Λάϐε
795 2279 827 2305 σὺ
838 2279 934 2312 ταῦτα,

153 2321 238 2356 θάψον
253 2323 282 2348 ὲν
298 2323 336 2358 σῷ
350 2324 477 2359 ταμιείῳ,
493 2325 539 2350 καὶ
554 2324 630 2350 ἔσται
643 2333 684 2350 σοι
706 2324 790 2360 νεκρὰ
818 2325 934 2351 ἀδιαλεί-

155 2376 238 2400 πτως.
254 2369 341 2395 Μόνον
361 2370 504 2405 προσέχεις
523 2370 569 2397 καὶ
592 2371 771 2405 περισπᾶσαι,
802 2370 839 2405 μὴ
855 2370 934 2397 δυνά-

156 2422 232 2448 μενος
257 2414 448 2450 ὠφεληθῆναι·
473 2415 545 2451 ἔχεις
560 2415 660 2442 κακίαν
685 2417 714 2443 ὲν
736 2416 859 2452 λογισμῷ
877 2426 934 2449 σου,

153 2459 240 2494 ψυχὰς
256 2460 377 2486 ἀπόλλων
390 2460 434 2487 διὰ
448 2460 493 2487 τοῦ
511 2460 613 2496 χρυσοῦ
629 2461 675 2488 τοῦ
697 2461 818 2494 δοθέντος
830 2471 870 2489 σοι
884 2463 936 2489 ὑπὸ

154 2505 266 2539 Κυρίου,
293 2505 336 2531 ἵνα
351 2506 470 2541 παρέχῃς
496 2508 553 2538 τοῖς
566 2506 712 2541 δεομένοις.
729 2507 806 2534 Γίνου
832 2508 936 2540 δίκαιος

153 2550 226 2585 παρὰ
235 2550 294 2584 Θεῷ
306 2550 360 2576 τῶν
372 2550 450 2581 ὅλων,
466 2552 570 2587 μήποτε
581 2552 679 2588 κριθῇς
692 2553 721 2578 ὲν
734 2553 877 2589 καταδίκῃ.
889 2554 936 2580 καὶ

154 2595 201 2630 ἕπῃ
218 2596 417 2632 φρουρούμενος
431 2598 459 2623 ὲν
471 2598 596 2633 ἐξωτὲρῳ
608 2598 713 2624 σκότεν
730 2599 776 2625 καὶ
792 2600 851 2626 τότε
869 2608 936 2635 μνη-

156 2640 219 2675 σθῇς
233 2641 287 2667 τῶν
304 2641 378 2676 ἐμῶν
392 2641 487 2676 λόγων.
514 2643 582 2669 Ἀλλ’
596 2643 657 2679 ἄρτι
679 2643 754 2675 δέξαι
780 2645 841 2675 τοὺς
855 2644 938 2678 ἐμοὺς

153 2686 258 2720 λόγους,
270 2688 317 2714 καὶ
331 2687 391 2713 τότε
405 2687 454 2723 ἔσῃ
467 2688 692 2724 εὐφραινόμενοςο
708 2688 745 2724 μὴ
771 2689 865 2724 χρείαν
892 2689 935 2723 ἔχε

154 2732 200 2758 τοῦ
217 2733 317 2768 κόσμου
333 2733 439 2764 τούτου,
453 2734 500 2759 καὶ
515 2734 568 2765 πᾶς
584 2734 598 2760 ό
615 2734 717 2769 κόσμος
737 2735 937 2770 ὑποταγήσεται

158 2786 208 2804 σοι.
224 2779 277 2804 Καὶ
295 2779 411 2814 πρόσεχε
437 2779 534 2814 μάγοις
551 2779 748 2812 ἀκαταστάτοις
762 2799 770 2812 ,
798 2780 937 2807 ἀπατῶσὶν

156 2830 185 2848 σε
200 2823 273 2859 νόμῳ
285 2824 422 2851 σκοτώδει.
435 2825 505 2860 Ὥρα
516 2824 632 2859 ἔφθασεν
641 2825 656 2860 η
666 2825 712 2852 τοῦ
725 2825 845 2861 ἀρίστου.
858 2826 936 2852 Βαῖνε

313 2871 447 2903 Panos.
470 2871 528 2902 Gtt.
552 2871 634 2903 XLI.

984 2234 1057 2266 aula,
1074 2239 1101 2261 et
1114 2239 1195 2261 erunt
1211 2240 1319 2262 mortua
1338 2239 1481 2270 perpetuo.
1506 2234 1548 2261 Tu
1565 2235 1599 2262 iis
1621 2235 1709 2262 solum
1724 2240 1766 2262 at-

984 2281 1074 2308 tendis
1090 2286 1117 2308 et
1142 2280 1312 2312 distraheris,
1341 2288 1403 2308 cum
1419 2280 1508 2315 juvari
1526 2288 1656 2315 nequeas.
1677 2280 1767 2309 Habes

984 2325 1079 2352 vitium
1107 2326 1134 2353 in
1159 2331 1203 2353 tua
1227 2326 1402 2361 cogitatione,
1420 2331 1450 2353 ut
1473 2327 1519 2360 qui
1533 2326 1631 2361 perdas
1645 2328 1765 2354 animam

985 2378 1033 2405 per
1045 2378 1141 2397 aurum
1167 2371 1215 2398 tibi
1240 2371 1334 2398 datum
1356 2378 1371 2398 a
1389 2370 1515 2403 Domino,
1540 2375 1570 2398 ut
1595 2371 1621 2398 id
1645 2375 1766 2406 praebeas

983 2415 1136 2450 egentibus.
1168 2415 1232 2442 Esto
1248 2416 1340 2450 justus
1362 2416 1433 2450 apud
1455 2415 1538 2443 Deum
1564 2417 1765 2448 universorum.

985 2467 1020 2487 ne
1036 2459 1105 2487 forte
1116 2460 1247 2494 iudiceris
1261 2460 1287 2487 in
1305 2460 1547 2493 condemnatione,
1563 2464 1590 2487 et
1603 2460 1767 2488 custodieris

985 2505 1012 2533 in
1031 2505 1152 2534 tenebris
1162 2505 1353 2536 exterioribus,
1369 2509 1397 2533 et
1411 2509 1477 2533 tunc
1490 2513 1611 2533 meorum
1622 2506 1766 2533 verborum

986 2550 1145 2578 recorderis.
1159 2549 1213 2577 Sed
1232 2558 1293 2585 quae
1305 2551 1367 2579 dico
1382 2551 1473 2583 modo,
1487 2552 1588 2586 accipe,
1601 2556 1628 2579 et
1643 2556 1708 2579 tunc
1721 2551 1768 2578 lan—

986 2595 1096 2622 taberis.
1120 2594 1159 2623 Ne
1177 2596 1278 2624 habeas
1290 2603 1359 2632 opus
1376 2597 1428 2624 hoc
1439 2597 1540 2624 mundo
1553 2602 1580 2624 et
1596 2602 1669 2625 totus
1685 2605 1766 2624 mun—

986 2641 1037 2669 dus
1053 2642 1102 2668 tibi
1116 2642 1287 2677 subjicietur.
1303 2641 1363 2670 Noli
1389 2643 1528 2670 attendere
1560 2644 1646 2679 magis
1673 2643 1768 2670 incon-

987 2687 1135 2720 stantibus,
1153 2688 1200 2721 qui
1214 2689 1386 2715 tenebricosa
1402 2693 1426 2715 te
1451 2689 1507 2723 lege
1522 2689 1669 2723 decipiunt.
1689 2687 1768 2715 Venit

987 2733 1053 2759 liora
1071 2733 1194 2767 prandii,
1222 2735 1289 2761 vade
1315 2735 1442 2761 alacriter
1462 2735 1495 2761 ad
1527 2741 1659 2761 mensam.
1684 2733 1767 2760 Multa

987 2779 1059 2805 enim
1075 2779 1156 2806 verba
1179 2779 1354 2811 seminarem,
1382 2781 1430 2807 sed
1455 2787 1509 2807 non
1526 2787 1556 2806 cs
1571 2779 1651 2807 ullius
1669 2779 1767 2806 horum

986 2824 1131 2859 particeps.
1146 2825 1208 2853 Scio
1232 2825 1304 2852 cnim
1327 2830 1400 2852 tuam
1428 2824 1618 2860 cogitationem
1644 2832 1658 2851 a
1674 2830 1767 2851 mensa

1567 2872 1588 2900 2
