1934 3029
179 136 216 166 45

827 137 855 166 S.
875 134 1045 165 EPIPI-IANII
1062 136 1154 166 VITA.

1755 140 1791 170 ιι

178 203 232 224 non
247 194 386 223 absistere.
400 194 527 225 Comede,
548 194 687 222 moderate
716 193 810 222 fruere
831 195 934 222 deliciis

1012 194 1158 230 προθύμως
1185 195 1231 222 ἐπὶ
1250 194 1400 230 τραπέζης.
1429 194 1546 226 Πολλοὺς
1560 195 1614 231 γὰρ
1640 194 1733 230 λόγους
1756 196 1792 224 ἃν

177 249 207 268 es
222 241 294 268 enim
307 241 404 268 horum
419 241 539 267 omnium
556 240 710 267 redditurus
725 241 869 268 rationem.

1010 241 1186 276 κατέσπειρα,
1212 240 1268 267 ἀλλ’
1285 240 1315 267 οὐ
1342 240 1465 275 μετέχεις
1489 240 1537 267 ἀπ’
1553 240 1660 272 οὐδενὸς
1680 240 1781 267 τούτων

183 286 254 320 Ἐγὼ
270 286 322 322 γὰρ
336 285 393 313 οἶδα
411 286 456 312 τὸν
468 286 596 321 λογισμόν
612 294 670 319 σου,
691 287 730 312 ὅτι
749 287 887 322 τραπέζης
907 287 957 313 οὐκ
974 286 1131 320 ἀφίστασαι.
1143 286 1225 320 Φάγε,
1243 286 1380 321 τρύφησον
1403 286 1433 312 ἐν
1452 286 1634 312 καταστάσει·
1649 286 1726 319 λόγον
1737 286 1792 321 γὰρ

179 334 242 368 ποιῇ
257 333 383 360 ἁπάντων
397 332 508 359 τούτων.

211 377 292 404 XVII.
329 377 387 405 Rex
406 381 495 404 autem
517 378 586 405 dixit
609 377 782 413 Epiphanio:
809 379 956 411 Adesdum,

177 423 264 455 Pater,
283 423 363 450 simul
376 423 577 455 consideamus,
597 428 622 450 et
641 424 717 451 cibos
733 424 916 451 comedamus.
933 424 958 452 ls

176 475 240 495 vero
253 468 321 495 dixit
337 467 388 502 ipsi
406 477 412 494 :
430 467 513 499 Vade,
533 469 596 496 sede
610 468 636 495 in
656 476 760 499 mensa.
775 469 885 496 comede
897 476 958 495 om-

177 512 221 539 nia
239 520 300 547 quaa
322 513 405 541 soles.
422 512 537 539 Tantum
560 517 586 540 te
616 513 724 541 contine
743 514 777 540 ab
800 514 958 541 immodera-

176 558 259 586 tione.
276 557 343 585 Nam
360 558 427 585 mihi
446 558 522 592 panis
541 558 724 591 furfuraceus,
741 563 768 586 et
783 566 877 593 parum
893 559 958 587 salis

175 607 285 637 propter
310 603 411 630 reditus
428 603 583 630 facilitatem
612 604 742 638 praebebit
765 604 793 631 id
822 605 894 639 quod
917 609 958 632 est

175 649 236 675 usui
257 649 429 683 corpusculo.
459 647 521 676 Haec
552 653 643 675 autem
669 656 731 676 cum
758 648 871 676 dixisset
902 650 957 684 regi

174 693 352 729 Epiphanius,
368 693 471 721 dimisit
490 702 537 721 rex
555 702 650 722 omnes
665 702 697 722 ex
713 695 786 727 aula,
798 700 824 722 et
836 702 884 722 nos
895 694 957 730 jus-

175 739 210 767 sit
224 739 326 773 ingredi
342 739 368 766 in
384 740 549 767 cubiculum.
566 739 635 768 Misit
649 747 712 767 vero
729 740 761 766 ad
773 747 824 767 nos
837 740 864 766 in
878 747 955 767 men-

174 787 233 807 sam
249 780 355 809 diversa
372 782 495 809 ciborum
509 790 618 817 genera.
636 782 783 810 Aversatus
805 787 847 810 est
866 787 954 809 autem
971 792 993 819 Β

174 826 265 853 omnia
283 825 459 861 Epiphanius,
479 827 567 854 solum
591 835 687 862 panem
709 827 788 855 nobis
810 827 932 855 retinens
949 837 955 854 ε

174 879 229 905 quo
246 872 299 904 usi,
323 872 414 899 satiati
437 880 543 904 sumus,
566 874 667 908 gratias
683 878 792 908 agentes
818 873 873 900 Deo
900 873 958 900 uni-

174 925 326 945 versorum.
340 917 475 945 Postridie
489 923 577 946 autem
592 919 740 953 imperator
758 919 881 946 accersiit
895 919 957 953 Epi~

174 962 304 998 phanium
318 971 325 989 :
342 963 388 998 qui
404 964 526 991 modeste
546 968 573 990 et
585 964 736 998 composite
750 964 888 996 incedens,
910 971 957 991 ve-

175 1008 214 1036 nit
229 1009 264 1036 ad
278 1016 378 1044 regem.
394 1008 453 1044 Ipse
467 1013 558 1036 autem
570 1017 616 1036 rex
631 1010 664 1036 de
680 1009 744 1036 sede
755 1016 880 1044 surgens,
899 1016 958 1036 sce-

174 1058 264 1089 ptrum
284 1053 359 1088 ponit
375 1054 402 1081 in
423 1059 504 1081 terra.
525 1053 693 1089 Epiphanius
705 1061 770 1081 vero
787 1053 857 1080 dixit
879 1054 933 1089 regi
949 1064 955 1081 :

178 1098 277 1133 Accipe
289 1098 363 1133 regni
378 1098 545 1134 dignitatem,
562 1103 589 1126 et
604 1098 641 1126 sis
658 1103 734 1133 grato
751 1098 777 1125 in
797 1098 881 1126 Deum
900 1099 958 1126 ani—

173 1151 229 1171 mo.
247 1143 304 1171 Rex
323 1144 411 1171 dixit:
430 1143 507 1171 Mane
522 1144 566 1171 hic
581 1144 735 1176 nobiscum,
753 1149 839 1178 pater,
855 1148 881 1171 et
899 1151 957 1171 ser-

173 1189 243 1215 vabo
267 1192 373 1216 vestros
395 1196 544 1216 sermones.
568 1187 734 1223 Epiphanius
762 1193 852 1216 autem
878 1189 956 1223 regi:

173 1233 202 1261 Si
220 1241 306 1266 meos,
328 1242 344 1261 o
359 1241 416 1266 rex,
443 1242 582 1261 sermones
604 1234 768 1267 servaveris,
795 1235 835 1261 tui
861 1235 958 1262 memi-

174 1288 241 1308 nero
260 1280 413 1315 ubicunque
427 1280 513 1308 fuero.
525 1280 674 1308 Mansimus
687 1285 776 1307 autem
790 1280 882 1308 decem
900 1281 958 1308 dies

173 1321 202 1352 in
215 1325 276 1352 aula
294 1326 377 1360 regis.
403 1324 509 1358 Quibus
535 1325 644 1360 elapsis,
664 1325 719 1360 regi
743 1325 813 1352 dixit
837 1325 957 1360 Epipha~

173 1369 235 1396 nius
259 1378 266 1396 :
296 1369 383 1396 Cursu
397 1377 505 1397 curram
533 1370 561 1397 in
592 1377 679 1397 meam
709 1371 833 1404 patriam.
862 1370 957 1404 Quzero

172 1413 244 1441 enim
255 1421 361 1445 omnes,
382 1414 428 1449 qui
444 1414 499 1442 illic
510 1419 583 1441 sunt.
597 1414 637 1441 Tu
654 1415 718 1442 sede
740 1415 766 1441 in
782 1415 881 1442 throno
899 1420 955 1448 tuo,

173 1458 240 1486 nihil
252 1459 374 1487 excitans
391 1459 520 1487 adversus
532 1459 680 1486 Romanos.
702 1459 729 1486 Si
751 1454 823 1487 enim
840 1460 878 1487 sis
899 1460 951 1487 ini-
967 1456 988 1484 C

172 1504 260 1532 micus
275 1504 416 1536 Romanis.
436 1505 490 1532 eris
515 1505 641 1532 inimicus
670 1504 810 1532 cruciﬁxo.
831 1504 909 1538 Quod
928 1506 951 1533 si

172 1548 256 1577 fueris
270 1550 397 1578 inimicus
415 1550 550 1582 cruciﬁxi,
565 1550 634 1577 male
648 1549 749 1584 peribis
765 1557 780 1576 a
796 1550 849 1577 tuis
861 1550 953 1577 adver-

172 1597 262 1625 sariis.
277 1596 339 1625 Haec
351 1605 410 1624 cum
433 1597 490 1631 regi
503 1597 615 1625 dixisset
631 1596 809 1632 Epiphanius,
826 1598 881 1625 ibat
904 1606 952 1625 rex

172 1648 233 1668 cum
249 1649 299 1668 sua
310 1646 429 1674 caterva,
454 1649 504 1669 nos
517 1642 622 1676 primus
635 1642 772 1670 deducens
789 1643 816 1670 in
831 1647 952 1670 nostram

171 1686 321 1721 regionem.

170 1734 275 1769 τακήσῃ
290 1733 383 1765 κακῶς
405 1733 456 1760 ὑπὸ
473 1733 526 1761 τῶν
541 1733 692 1761 ἀντιδίκων.
728 1734 819 1760 Ταῦτα
841 1735 869 1760 δὲ
904 1735 988 1762 εἰπὼν

1046 378 1094 403 ΙΖ’.
1109 374 1192 403 Εἶπεν
1206 375 1233 402 δὲ
1250 376 1265 402 ό
1280 376 1404 410 βασιλεὺς
1418 375 1486 411 πρὸς
1507 375 1678 409 Ἐπιφάνιον·
1696 374 1793 410 Δεῦρο,

1011 424 1115 458 Πάτερ,
1141 421 1388 456 ωγκαθεσθῶμεν,
1403 421 1457 448 τῶν
1480 421 1616 456 ἐδωδίμων
1638 422 1789 456 φαγόμεθα.

1010 466 1091 494 Εἶπεν
1104 468 1132 494 δὲ
1153 467 1307 501 Ἐπιφάνιος
1321 467 1390 502 πρὸς
1401 466 1446 493 τὸν
1462 467 1584 502 βασιλέα·
1601 467 1706 500 Βάδιζε,
1722 467 1788 495 κάθ-

1009 521 1040 538 ου
1062 512 1107 538 ἐπὶ
1121 511 1276 547 τραπέζης,
1299 510 1371 537 ἔσθιε
1390 511 1478 538 πάντα
1494 512 1523 538 ὲν
1545 512 1673 548 συνηθείᾳ
1685 521 1692 527 ·
1711 513 1790 548 μόνον

1013 558 1096 592 ἄπεχε
1113 558 1162 592 τῆς
1180 557 1302 590 ἀταξίας.
1325 557 1401 592 Ἐμοὶ
1416 557 1469 592 γὰρ
1483 557 1564 592 ἄρτος
1587 557 1641 583 ἀπὸ
1657 557 1788 592 πιτύρων,

1009 602 1057 628 καὶ
1078 601 1143 633 ἅλας
1165 601 1261 637 μικρὸν
1278 602 1312 628 δι’
1335 601 1473 627 εὐνοστίαν
1494 601 1604 637 παρέξει
1624 601 1672 637 τὴν
1695 602 1790 637 χρείαν

1009 646 1054 672 τοῦ
1077 645 1210 681 σώματος.
1227 645 1319 673 Ταῦτα
1341 646 1368 672 δὲ
1389 646 1474 672 εἰπὼν
1495 646 1649 680 Ἐπιφάνιος
1661 647 1728 682 πρὸς
1743 647 1789 673 τὸν

1009 691 1120 726 βασιλέα
1131 712 1138 724 ,
1156 692 1287 718 ἀπέλυσεν
1309 691 1428 723 ἅπαντας
1444 692 1458 717 ὁ
1478 692 1603 726 βασιλεὺς
1624 693 1656 718 ἐκ
1676 692 1722 718 τοῦ
1739 701 1787 718 τα-

1010 738 1096 773 μείου·
1114 738 1160 764 καὶ
1178 738 1252 773 ἡμᾶς
1265 737 1406 764 ἐκέλευσεν
1428 737 1556 764 εἰσελθεῖν
1571 739 1599 764 ὲν
1621 737 1659 772 τῷ
1675 737 1787 763 κουὸου-

1007 784 1089 819 κλῐῳξ
1115 784 1161 810 κα)¹
1183 783 1342 810 ἀπέστειλεν
1367 784 1433 817 ἡμῖν
1455 782 1570 818 διάφορα
1591 782 1726 817 ἐδέσματα
1741 783 1788 809 em

1007 828 1155 865 τραπέζης.
1176 828 1357 864 ’Λπέστρεψεν
1378 828 1406 854 δὲ
1428 828 1534 854 ἅπαντα
1553 828 1719 862 Ἐπιφὰνιος,
1739 828 1786 854 ἕνα

1007 875 1087 910 ἄρτον
1105 875 1184 909 μόνον
1203 874 1342 910 κρατήσας
1361 875 1436 909 ἡμῖν.
1458 870 1493 908 ᾯ
1507 873 1673 909 χρησάμενοι
1693 873 1782 908 ἐκορέ-

1008 920 1126 955 σθημεν,
1146 919 1370 956 εὐχαριστοῦντες
1389 919 1429 953 τῷ
1452 918 1511 953 Θεῷ
1530 918 1583 944 τῶν
1602 918 1679 945 ὅλων.
1701 919 1739 953 Τῇ
1758 919 1786 945 δὲ

1007 965 1136 1001 ἐπαύριον
1151 965 1308 1000 μετέστελλε
1324 967 1338 991 ό
1352 964 1476 999 βασιλεὺς
1493 964 1536 990 τὸν
1553 964 1716 997 Ἐπιφάνιον.
1731 963 1785 990 Τοῦ

1007 1011 1036 1037 δὲ
1050 1011 1224 1046 ἐμϐαίνοντος
1240 1011 1270 1037 ἐν
1286 1005 1465 1041 καταστάσει,
1480 1009 1596 1044 ἔφθασεν
1615 1009 1725 1044 ἔγγιστα
1737 1009 1786 1036 τοῦ

1008 1055 1147 1091 βασιλέως·
1166 1055 1246 1087 αὐτὸς
1266 1055 1293 1082 δὲ
1314 1055 1430 1086 ἀναστὰς
1444 1054 1497 1081 ἀπὸ
1514 1054 1561 1081 τοῦ
1577 1054 1680 1090 θρόνου,
1695 1054 1787 1089 τίθησι

1006 1101 1036 1127 τδ
1052 1101 1184 1136 βασίλειον
1202 1101 1247 1127 ἐπὶ
1261 1100 1309 1136 τὴν
1324 1093 1484 1135 γῆν.”Εἷπεν
1505 1100 1532 1126 δὲ
1551 1100 1704 1134 Ἐπιφάνιος
1719 1099 1786 1133 πρὸς

1007 1147 1052 1173 τὸν
1080 1147 1204 1183 βασιλέα·
1230 1146 1302 1173 Λάϐε
1328 1147 1357 1173 τδ
1379 1146 1486 1181 ἀξίωμα
1506 1145 1556 1180 τῆς
1573 1145 1722 1180 βασιλείας·
1740 1146 1784 1172 καὶ

1007 1192 1051 1228 ἔχε
1079 1193 1147 1228 πρὸς
1170 1192 1234 1219 Θεὸν
1254 1191 1471 1227 εὐγνωμοσύνην.
1487 1189 1568 1218 Εἶπεν
1583 1191 1611 1218 δὲ
1626 1193 1640 1217 ό
1663 1190 1784 1225 βασιλεὺς

1007 1237 1074 1273 πρὸς
1105 1238 1259 1272 Ἐπιφάνιον
1270 1245 1276 1252 ·
1299 1237 1370 1264 Μένε
1395 1237 1453 1272 μεθ’
1471 1236 1548 1272 ἡμῶν
1562 1237 1663 1268 ἐνθάδε,
1680 1236 1780 1271 Πάτερ.

1007 1283 1054 1310 καὶ
1078 1283 1174 1319 ἔσομαι
1197 1283 1303 1319 κρατῶν
1325 1283 1388 1314 τοὺς
1407 1283 1554 1317 ὑμετέρους
1578 1282 1683 1316 λόγους.
1703 1280 1787 1308 Εἶπεν

1007 1329 1035 1355 δὲ
1063 1329 1218 1364 Ἐπιφάνιος
1243 1329 1310 1365 πρὸς
1334 1329 1380 1355 τὸν
1404 1329 1524 1364 βασιλέα·
1555 1328 1617 1354 Ἐὰν
1644 1329 1787 1364 κρατήσῃς

1007 1375 1069 1406 τοὺς
1089 1375 1172 1409 ἐμοὺς
1191 1375 1299 1408 λόγους,
1315 1375 1493 1409 μνημονεύσω
1505 1383 1550 1401 σου
1568 1375 1634 1401 ὃπου
1650 1374 1696 1400 ἐάν
1715 1375 1783 1408 εἰμι.

1014 1420 1193 1455 Ἐποίησαμεν
1212 1421 1240 1447 δὲ
1264 1420 1279 1446 ι’
1293 1421 1398 1456 ἡμέρας
1415 1421 1444 1446 ὲν
1459 1420 1496 1455 τῷ
1511 1420 1626 1455 ταμιείῳ
1639 1420 1685 1446 τοῦ
1707 1419 1785 1454 βασι-

1004 1465 1082 1497 λέως.
1099 1462 1182 1491 Εἶπεν
1205 1465 1234 1491 δὲ
1255 1465 1411 1499 Ἐπιφάνιος
1428 1464 1495 1500 πρὸς
1516 1464 1560 1491 τὸν
1582 1464 1701 1499 βασιλέα⁸
1715 1466 1786 1500 Δρα-

1007 1510 1109 1546 μοῦμαι
1132 1510 1177 1536 ἐπὶ
1199 1510 1267 1546 ἐμὴν
1285 1510 1409 1545 πατρίδα.
1430 1509 1507 1545 Ζητῶ
1531 1510 1584 1546 γὰρ
1606 1511 1708 1542 πάντας
1722 1511 1785 1542 τοὺς

1005 1557 1063 1583 ἐκεῖ
1083 1556 1172 1588 ὄντας,
1198 1556 1245 1583 καὶ
1267 1556 1313 1583 ἔσο
1336 1556 1487 1592 καθήμενος
1508 1557 1553 1582 ἐπὶ
1571 1556 1610 1591 τῷ
1632 1556 1727 1591 θρόνῳ,
1746 1556 1786 1591 μὴ

1006 1601 1213 1636 ὲπεγειρόμενος
1234 1601 1305 1628 κατὰ
1325 1599 1475 1636 Ῥωμαίων.
1497 1599 1559 1627 Ἐὰν
1573 1600 1627 1634 γὰρ
1642 1600 1783 1636 ὲχθραίνῃς

1006 1647 1061 1677 τοῖς
1088 1646 1248 1681 Ῥωμαίοις,
1270 1646 1320 1682 ἔσῃ
1339 1646 1486 1681 ἑχθραῑνων
1510 1646 1548 1681 τῷ
1577 1646 1783 1682 ὲσταυρωμένῳ’

1006 1691 1052 1717 ἐὰν
1068 1692 1123 1727 γὰρ
1144 1690 1175 1726 [ΐ.
1195 1691 1242 1717 ἐὰν
1255 1691 1293 1727 δὲ]
1309 1692 1374 1726 γένῃ
1389 1691 1485 1727 ἐχθρὸς
1505 1691 1552 1718 τοῦ
1570 1691 1784 1727 σταυρωθέντος,

1013 1737 1168 1771 Ἐπιφάνιος
1191 1737 1258 1773 πρὸς
1277 1737 1322 1763 τὸν
1341 1737 1462 1772 βασιλέα,
1482 1737 1624 1764 ἐπέϐαινεν
1642 1737 1749 1772 πρῶτος
1768 1739 1784 1763 ὃ

172 1778 297 1814 βασιλεὺς
314 1778 382 1814 μετὰ
397 1779 444 1805 τοῦ
457 1779 566 1814 στίφους
582 1778 663 1805 αὺτοῦ
672 1798 679 1810 ,
692 1779 862 1814 προπέμπων
874 1780 948 1814 ἡμᾶς
966 1781 1012 1807 ἐπὶ
1029 1781 1078 1816 τὴν
1092 1781 1194 1817 χώραν,

205 1823 300 1855 XVIII.
336 1824 405 1851 Cum
430 1824 531 1860 egressi
560 1829 649 1852 autem
676 1832 798 1852 essemus
821 1833 854 1852 ex
880 1826 953 1858 aula,

170 1877 234 1898 ecce
252 1873 310 1897 erat
324 1869 481 1898 adolescens
503 1874 629 1897 mortuus
643 1870 671 1897 in
691 1870 813 1905 grabato,
830 1871 876 1905 qui
895 1875 954 1898 erat

171 1916 244 1943 Iilius
258 1915 341 1942 unius
364 1923 397 1942 ex
418 1915 587 1950 proceribus.
606 1915 674 1942 Eum
698 1923 763 1942 vero
779 1915 901 1943 ferebant
919 1917 952 1944 ad

171 1969 264 1994 canes,
281 1966 311 1988 ut
327 1961 492 1996 projicerent
505 1961 684 1988 exedendum.
701 1961 774 1988 Dixit
785 1967 875 1990 autem
889 1962 953 1997 Epi-

171 2008 288 2043 phanius
301 2007 334 2035 iis
348 2008 392 2042 qui
406 2006 527 2034 ferebant
541 2012 678 2046 mortuum
693 2007 771 2040 :Quo
785 2008 828 2036 itis
842 2009 874 2036 ad
890 2016 952 2036 eum

172 2053 376 2088 sepeliendum?
396 2053 496 2080 Dicunt
516 2052 689 2088 Epiphanio:
710 2053 762 2087 Qui
777 2054 832 2081 vita
859 2062 954 2082 exces-

171 2099 217 2132 sit,
231 2098 373 2126 vorabitur
387 2106 403 2125 a
419 2098 543 2126 canibus.
557 2097 726 2133 Epiphanius
743 2104 834 2127 autern
858 2106 952 2128 tenens

171 2144 325 2180 grabatum,
339 2143 458 2172 dixiteis
471 2153 478 2170 :
491 2142 513 2170 0
527 2143 594 2176 lilii,
609 2143 684 2170 humi
699 2144 836 2179 deponite.
852 2143 951 2172 Videa-

171 2198 233 2218 mus
253 2197 303 2217 nos
318 2197 426 2225 quoque
440 2193 588 2216 mortuum.
605 2188 655 2216 Hic
669 2196 733 2216 vero
750 2197 817 2224 puer
836 2194 948 2218 necatus
964 2182 986 2210 θ

171 2236 260 2263 fuerat
271 2240 328 2262 arte
344 2236 448 2270 magica
463 2243 479 2262 a
495 2236 613 2270 quodam
631 2235 764 2263 malelico.
778 2234 837 2263 Mos
851 2240 893 2263 est
902 2243 951 2262 au-

171 2287 224 2311 tem
237 2283 307 2317 apud
317 2281 426 2314 Persas,
441 2287 470 2310 ut
484 2282 532 2317 qui
549 2285 612 2309 sunt
626 2282 738 2314 mortui,
757 2281 921 2308 devorentur
934 2288 950 2308 a

170 2329 294 2357 canibus.
308 2328 376 2356 Cum
392 2328 409 2355 ii
428 2335 493 2364 ergo
508 2328 632 2362 protinus
647 2327 787 2362 grabatum
807 2327 949 2361 deposuis-

170 2378 242 2406 sent,
255 2374 311 2408 regi
325 2373 393 2400 dixit
407 2373 572 2408 Epiphanius
589 2381 596 2399 :
610 2371 633 2399 0
649 2380 705 2403 rex,
727 2372 773 2406 qui
798 2372 871 2406 regis
889 2379 950 2399 ma-

171 2419 212 2446 Ios
232 2424 257 2445 et
269 2419 376 2454 iniquos
391 2419 525 2449 homines,
541 2418 683 2453 oportebat
703 2419 784 2449 hunc,
804 2417 851 2452 qui
864 2425 880 2445 e
894 2418 949 2444 vita

170 2465 296 2497 excessit,
319 2465 346 2491 in
364 2469 435 2491 terra
453 2464 570 2498 sepeliri,
589 2468 618 2490 ut
631 2464 677 2499 qui
692 2464 800 2491 caelitus
822 2463 885 2490 tuba
901 2471 948 2490 ca-

171 2515 227 2542 net,
247 2518 310 2537 eum
326 2510 388 2537 hinc
412 2510 496 2545 possit
511 2511 652 2537 traducere
671 2510 705 2537 ad
726 2510 815 2544 ipsum
832 2509 950 2536 adoran-

170 2556 245 2583 dum.
261 2555 296 2583 Es
315 2560 405 2582 autem
421 2563 466 2582 rex
481 2555 549 2582 adeo
564 2555 748 2590 improborum
763 2559 790 2582 et
805 2555 948 2582 scelerato-

171 2609 231 2629 rum
256 2601 408 2634 hominum,
438 2605 468 2628 ut
490 2602 609 2628 velante
630 2606 736 2636 tempus
760 2601 811 2629 sibi
833 2606 948 2629 mortem

170 2647 295 2675 aﬂ'erant.
318 2646 378 2680 IIic,
396 2654 477 2681 quem
494 2647 569 2674 vides
593 2652 740 2679 mortuum,
757 2647 812 2674 vita
834 2648 950 2675 excessit

171 2697 282 2720 necatus
295 2700 311 2720 a
327 2692 460 2719 maletlco.
476 2692 528 2720 Sed
544 2692 616 2719 Deus
633 2699 719 2725 meus,
734 2692 780 2727 qui
795 2692 845 2720 fuit
854 2696 948 2720 exten-

205 2780 242 2817 (ιι)
257 2781 385 2817 Quadam
410 2781 503 2817 Grmco
522 2785 595 2817 textu
606 2780 754 2817 excidere,
768 2785 798 2808 ut
817 2788 850 2817 ex
866 2781 949 2809 inter-

171 2815 318 2849 pretatione
333 2816 427 2845 Latina
443 2816 540 2852 cuique
551 2815 661 2844 obvium
675 2821 726 2843 est.
736 2815 812 2844 Eutr.
826 2816 945 2844 ΡΑτιιοι..

1039 1827 1092 1854 IH'.
1118 1826 1210 1862 Ἡμῶν
1224 1826 1252 1852 δὲ
1273 1825 1433 1859 ἐξελθόντων
1455 1827 1487 1853 ὲκ
1506 1826 1552 1853 τοῦ
1569 1826 1705 1861 ταμιείου,
1728 1827 1783 1855 ἰδοὺ

1003 1872 1141 1904 νεανίσκος
1155 1872 1291 1907 τεθνηκὼς
1311 1870 1345 1907 ἦν
1365 1871 1412 1898 ἐπὶ
1432 1871 1478 1898 τοῦ
1497 1871 1641 1908 κραόάτου,
1658 1872 1716 1904 υίὸς
1732 1873 1782 1898 ὑπ-

1003 1918 1094 1952 άρχων
1108 1917 1166 1949 ἐνὸς
1185 1917 1239 1944 τῶν
1264 1917 1440 1953 μεγιστάνων.
1465 1917 1565 1944 Τοῦτον
1585 1917 1720 1953 ἀπέφερον
1735 1919 1782 1945 ἐπὶ

1003 1963 1066 1994 τοὺς
1079 1963 1257 1999 ἁστροκύνας,
1272 1963 1345 1994 ὅπως
1359 1963 1472 1998 ρίψωσιν
1489 1963 1534 1989 ἐπὶ
1545 1964 1580 1998 τῇ
1599 1963 1780 1999 καταόρώσει.

1010 2008 1039 2034 '0
1055 2009 1084 2034 δὲ
1106 2008 1260 2043 Ἐπιφάνιος
1279 2009 1335 2040 τοῖς
1349 2008 1387 2044 (a)
1399 2008 1445 2035 τοῦ
1459 2008 1596 2043 κραὸἁτου
1614 2008 1705 2043 ἔλεγεν
1722 2010 1780 2044 μετ’

1003 2054 1155 2089 εὐμενείας·
1179 2053 1334 2085 Ἀπόθεσθε,
1349 2054 1442 2084 τέκνα,
1458 2053 1504 2080 ἐπὶ
1523 2053 1572 2089 τὴν
1589 2054 1648 2088 γῆν.
1666 2054 1780 2089 Ἶδωμεν

1003 2101 1049 2127 καὶ
1069 2101 1149 2136 lipsi;
1171 2100 1216 2127 τὸν
1236 2100 1378 2127 τεθνεῶτα.
1398 2097 1480 2131 Οὗτος
1495 2099 1523 2126 δὲ
1539 2100 1553 2126 ό
1573 2101 1636 2131 παῖς
1658 2100 1709 2126 ὑπὸ
1727 2109 1780 2135 μα-

1002 2145 1078 2178 γείας
1099 2144 1192 2171 ἔθανεν
1213 2145 1306 2177 κακῶς
1319 2144 1371 2171 ὑπὸ
1384 2144 1547 2180 κακούργου.
1568 2145 1646 2176 Ἐθος
1661 2145 1689 2171 δέ
1706 2146 1780 2171 ἐστιν

1001 2190 1064 2225 περὶ
1084 2191 1147 2221 τοὺς
1168 2190 1289 2226 Πέρσας,
1313 2192 1376 2221 τοὺς
1397 2190 1608 2226 τελευτήσαντας
1631 2190 1778 2226 βρωθῆναιο

1000 2236 1053 2262 τῶν
1078 2236 1106 2263 δὲ
1128 2236 1302 2272 ἀποθεμένων
1328 2236 1429 2268 εὐθέως
1452 2235 1482 2262 τὸ
1504 2235 1638 2271 κράϐατον
1662 2236 1708 2262 ἐπὶ
1729 2235 1779 2271 τὴν

1000 2283 1063 2318 γῆν,
1078 2281 1152 2310 εἶπεν
1173 2283 1328 2317 Ἐπιφάνιος
1346 2282 1384 2317 τῷ
1399 2282 1511 2317 βασιλεῖ·
1526 2279 1563 2308 Ὦ
1578 2281 1688 2317 βασιλεῦ
1701 2281 1777 2317 βασι-

999 2328 1075 2359 λέων,
1093 2328 1187 2354 κακῶν
1204 2328 1252 2363 (ίι),
1275 2328 1381 2363 ἀνόμων
1404 2326 1516 2362 ἀνδρῶν·
1542 2326 1625 2361 ἐχρῆν
1647 2326 1702 2360 γὰρ
1717 2327 1778 2353 τοῦ.

999 2380 1055 2402 τον,
1069 2371 1115 2398 τὸν
1131 2371 1186 2406 βίον
1198 2370 1346 2403 ἐξελθόντα,
1362 2371 1401 2403 εἰς
1414 2370 1466 2406 γῆν
1479 2372 1596 2406 ταφῆναι
1611 2371 1679 2406 μετὰ
1691 2371 1778 2405 ἀσφα-

999 2416 1087 2449 λείας,
1107 2417 1140 2442 ῖν¹
1159 2416 1305 2452 οὐρανόθεν
1323 2417 1338 2442 ὁ
1355 2416 1491 2451 Δεσπότης
1515 2415 1650 2447 σαλπίζων
1663 2424 1777 2451 μετανα-

1000 2463 1092 2497 στήσει
1107 2461 1199 2488 τοῦτον
1214 2463 1253 2493 είς
1269 2461 1461 2497 προσκύνησιν.
1483 2460 1615 2487 Τοιούτων
1629 2461 1656 2487 δὲ
1672 2461 1775 2496 ἀνδρῶν

999 2507 1121 2533 ἀτάκτων
1136 2506 1294 2542 βασιλεύεις,
1309 2507 1347 2538 ὥς
1363 2516 1393 2533 τε
1413 2507 1459 2532 καὶ
1474 2506 1526 2542 πρὸ
1544 2506 1639 2541 καιροῦ
1663 2507 1775 2533 Θάνατον

999 2553 1104 2584 ἑαυτοῖς
1123 2552 1299 2588 ποιουμένων.
1317 2553 1369 2579 Ἴδε
1392 2552 1435 2588 δὴ,
1457 2549 1543 2585 οὗτος,
1561 2553 1590 2579 ὃν
1605 2552 1712 2588 βλέπεις
1729 2560 1774 2578 τε·

999 2597 1112 2630 θνεῶτα,
1131 2598 1184 2625 ὑπὸ
1198 2598 1350 2633 κακούργου
1363 2598 1407 2624 τὸν
1425 2598 1481 2633 βίον
1497 2598 1654 2634 ὑπεξῆλθεν.
1677 2597 1743 2624 Ἀλλ’
1758 2598 1774 2623 ὸ

998 2644 1063 2675 Θεός
1077 2651 1126 2678 μου
1138 2644 1152 2670 ὁ
1166 2643 1306 2674 τανυσθεὶς
1319 2643 1364 2669 ἐπὶ
1378 2643 1466 2676 ξύλου,
1483 2644 1574 2670 τοῦτον
1589 2643 1688 2678 ἐγείρει
1703 2642 1774 2669 κατὰ

998 2690 1141 2725 πρόσωπον
1158 2689 1274 2717 πάντων.
1290 2689 1381 2716 Ταῦτα
1396 2690 1424 2716 δὲ
1446 2690 1530 2717 εἰπὼν
1543 2689 1713 2724 Ἐπιφάνιος,
1727 2690 1774 2717 καὶ

1035 2778 1069 2813 (b)
1090 2777 1166 2815 Legit
1186 2777 1317 2815 interpres
1338 2776 1396 2806 εὯ
1418 2779 1540 2815 βασιλεῦ,
1557 2777 1704 2814 βασιλεύων
1722 2785 1772 2807 κασ-

998 2811 1064 2848 κῶν,
1079 2811 1222 2841 ειεῘΕυιτ.
1240 2811 1357 2841 ΡΑτιιοι..
