1934 3029
146 93 186 120 85
799 102 828 130 S.
847 100 918 128 EPIP

970 101 1014 129 Nll
1035 102 1127 131 VITA.
1725 116 1757 142 ιϐ

147 151 210 182 ταῖς
233 150 325 186 χερσὶν
347 152 428 178 αὑτοῦ
443 152 487 180 τὸν
510 154 604 190 νεκρὸν
625 156 802 193 ψηλαφήσας,
818 159 918 194 ἐϐόησεν

980 166 1028 186 sus
1041 167 1124 195 supra
1138 161 1251 196 lignum,
1267 170 1327 191 eum
1353 165 1482 193 excitabit
1502 173 1594 194 coram
1619 169 1756 198 omnibus.

145 196 189 231 τῷ
211 195 398 233 φιλανθρώπῳ·
413 199 459 226 Υἱέ
475 200 542 228 Θεοῦ
553 222 561 233 ,
580 203 675 238 φησὶν,
692 205 706 230 ὁ
720 204 764 231 τὸν
780 208 929 242 τετραήμεη

147 248 195 274 ρον
207 241 330 277 Λάζαρον
343 243 375 269 ἐκ
390 244 492 280 νεκρῶν
505 247 673 284 ἀναστήσας,
690 250 869 287 ἐξανάστησον
882 253 928 280 τὸν

145 287 255 313 νεανίαν
281 287 383 315 τοῦτον.
410 290 465 317 Καὶ
490 291 578 319 λαϐὼν
609 294 764 329 Ἐπιφάνιος
791 297 835 324 τὸν
864 298 928 325 ἴδιον

144 330 295 366 ἐπενδύτην
318 333 440 361 ἐνέδυσεν
471 336 516 363 τὸν
540 338 692 366 τεθνεῶταο
724 341 783 373 ἔθος
813 343 866 378 γὰρ
893 342 927 378 ἦν

145 375 212 410 περὶ
231 376 294 407 τοὺς
309 377 426 413 Πέρσας,
449 382 568 416 γυμνοὺς
590 383 744 418 άγειν¹τοὺς
766 375 924 421 τεθνεῶτας.

144 419 253 452 Εὐθέως
278 419 324 448 οὖν
341 423 440 461 ἀνέστη
462 427 476 452 ὁ
492 429 647 462 νεανίσκος,
665 432 710 458 καὶ
730 433 866 467 ἠσπάζετο
881 419 926 462 τόν

151 465 318 500 Ἐπιφάνιον.
334 466 419 496 Εἶπεν
435 471 462 497 δὲ
487 473 641 509 Ἐπιφάνιος
662 476 700 511 τῷ
717 465 858 514 νεανίσκῳ·
875 481 926 507 Βά-

142 509 212 542 διζε,
228 511 333 544 τέκνον,
346 514 375 540 ἐν
391 515 428 550 τῷ
447 517 485 552 σῷ
505 518 580 554 οἴκῳ,
595 521 641 546 καὶ
655 522 769 557 φόρεσον
787 525 880 559 ἱμάτια
893 527 926 553 τὰ

145 555 259 591 συνήθη·
272 556 359 591 ἄγαγε
373 559 401 585 δέ
419 569 463 595 μοι
478 561 522 588 τὸν
543 555 699 601 ἐπενδύτην,
721 564 775 594 Ἦν
791 555 844 604 κὰρ
866 570 925 602 ἔθος

150 599 300 637 Ἐπιφανίῳ
323 605 414 639 φορεῖν
435 605 551 642 τρίχινον
572 599 672 643 χιτῶνα
693 612 739 638 ἐπὶ
755 599 803 649 τὴν
826 599 923 650 σάρκα,

144 646 192 672 καὶ
206 646 305 679 ἔξωθεν
322 649 404 677 αὑτοῦ
423 651 468 679 τὺν
489 653 644 691 ἐπενδύτην.
665 657 708 690 Ὠς
722 657 768 686 οὖν
781 646 837 686 ’ἴδεν
852 646 866 687 ό
877 646 925 695 βαζ

144 690 235 722 σιλεὺς
252 692 281 718 τδ
294 694 437 729 γενόμενον
458 699 572 734 πρᾶγμα
590 690 619 727 ἐν
637 701 795 739 Ἑπιφανίῳ,
813 690 924 741 ὑπενόη-

144 744 192 763 σεν
214 737 273 764 θεὸν
287 739 367 766 αὐτὸν
381 739 460 769 εἶναι.
481 741 548 771 Εἷπε
567 745 594 772 δέ
613 737 776 783 Ἑπιφάνιος-
791 751 830 787 τῷ
847 737 924 787 βασι-

141 780 198 831 15E:
203 782 253 831 liii]
268 782 374 831 λογῖζου
388 786 427 818 εἰς
439 788 488 823 ἐμὲ
501 789 596 823 ταῦτα,
608 780 750 828 ἄνθρωπον
758 780 826 823 οντα
836 780 924 831 όμοιο-

980 204 1048 231 Cum
1063 205 1120 233 lnec
1133 211 1222 234 autem
1240 207 1354 236 dixisset
1367 209 1544 246 Epiphanius,
1563 213 1689 243 manibus
1700 216 1758 243 suis

981 254 1074 278 tenens
1089 256 1236 285 mortuum,
1254 254 1370 289 benigno
1386 260 1413 283 et
1433 257 1559 285 clementi
1579 258 1632 286 Deo
1656 260 1758 288 elauta-

979 295 1017 322 vit
1032 305 1039 322 :
1055 295 1104 323 Fili
1120 297 1179 329 Dei,
1206 299 1251 334 qui
1266 300 1445 334 quadrianum
1459 302 1591 331 Lazarum
1608 305 1755 337 suscitasti,

980 341 1052 370 hunc
1066 351 1173 379 quoque
1186 345 1287 373 suscita
1311 347 1520 376 adolescentem.
1533 349 1655 384 Cumque
1677 358 1755 378 suum

979 388 1126 423 accepisset
1141 390 1328 419 indumentum
1344 392 1522 429 Epiphanius,
1538 404 1571 423 eo
1587 396 1674 424 induit
1688 405 1755 423 mor-

980 437 1066 460 tuum.
1081 434 1139 462 Mos
1151 440 1193 462 est
1205 437 1276 464 enim
1291 438 1381 466 Persis
1395 444 1517 468 mortuos
1532 441 1619 469 nudos
1631 442 1754 470 educere.

979 477 1130 514 Statimque
1155 482 1272 517 surrexit
1298 483 1465 516 adolescens,
1494 490 1521 513 et
1544 486 1685 521 amplexus
1715 492 1757 515 est

978 524 1167 560 Epiphanium.
1189 527 1258 555 Dixit
1272 534 1362 557 autem
1382 529 1549 566 Epiphanius
1567 533 1730 561 adolescenti
1746 543 1754 560 :

979 568 1051 598 Vade
1061 591 1068 602 ,
1083 571 1117 599 (ili
1128 592 1135 604 .
1153 573 1181 600 in
1201 574 1312 602 domum
1337 579 1422 608 tuam,
1436 581 1464 604 et
1479 575 1519 604 ler
1536 583 1622 606 vestes
1637 586 1755 606 consue-

978 619 1029 646 tas.
1045 619 1072 643 et
1087 616 1156 644 rel‘er
1170 618 1203 645 ad
1229 627 1273 647 me
1300 628 1390 647 meum
1418 621 1616 650 indumentum.
1646 623 1756 651 Solebat

977 661 1048 687 enim
1063 660 1231 697 Epiphanius
1254 664 1325 693 ferre
1339 667 1456 694 cilicium
1479 675 1561 703 super
1575 668 1675 696 nudam
1695 677 1755 697 car-

977 712 1038 732 nem
1051 711 1077 734 et
1092 708 1239 736 amiculum
1260 712 1434 746 superjicere.
1448 712 1595 748 Postquam
1610 720 1699 743 autem
1715 717 1755 742 vi—

976 751 1016 778 dit
1030 760 1078 779 rex
1090 754 1250 783 miraculum
1265 757 1337 791 quod
1354 757 1456 785 factum
1483 764 1524 786 est
1539 760 1573 787 ab
1593 759 1753 795 Epiphanio.

978 797 1144 826 existimavit
1160 807 1221 827 eum
1236 809 1297 829 esse
1313 804 1402 830 deum.
1417 803 1466 831 Cui
1484 805 1552 832 dixit
1565 805 1752 841 Epiphanius:

144 825 231 861 παθῆ·
248 828 276 854 Ὀ
291 828 345 865 γὰρ
359 829 425 863 Θεός
439 841 501 867 μου.
547 825 703 870 ἐπίστευσα,
715 839 801 867 ταῦτα
811 825 914 878 παρέχε

144 872 201 885 ---.--
217 872 303 885 μη-.-
327 874 402 885 μργγ-
437 877 458 885 ης
479 877 492 883 η
550 880 569 885 -.
617 882 622 885 .
652 882 658 885 .

1136 825 1141 826 ,
1164 825 1221 827 π...
1238 825 1296 829 --η
1314 825 1402 830 ην...
1419 825 1466 831 ν...
1565 825 1732 841 ,φναν-..ω
1744 829 1752 835 .

976 842 1052 876 Noli,
1075 845 1131 872 noli
1149 845 1205 873 haec
1219 846 1252 874 de
1275 855 1317 875 me
1341 849 1506 881 existimare,
1525 851 1570 885 qui
1586 859 1646 879 sum
1672 852 1753 880 bomo

143 872 201 902 τοῖς
216 872 303 906 φίλοις
323 874 414 902 αὑτοῦ.
437 877 528 905 Ταῦτα
547 880 576 906 δὲ
600 882 683 909 εἰπὼν
703 872 858 920 Ἐπιφάνιος
879 872 926 916 κὶα).

144 915 254 944 πλείονα
269 918 380 954 τούτων,
397 918 472 949 εἶπεν
486 924 524 959 τῷ
541 924 659 960 βασιλεῖ’
686 915 864 968 ’Υπόστρεφε,

143 969 217 1011 κνον,
232 963 315 1011 ἐν-σῷ
329 967 453 1011 ταμιείῳ.
475 968 569 1004 Ἡμεῖς
583 971 636 1008 γὰρ
652 963 795 1011 βαδίζομεν
814 963 862 1005 ἐπί
874 989 926 1007 πα-

141 1006 230 1042 τρίδα.
243 1007 325 1036 Εἶπεν
340 1010 367 1037 δὲ
380 1012 394 1038 ὁ
416 1012 540 1047 βασιλεὺς
557 1006 628 1052 πρὸς
644 1006 809 1055 Ἐπιῷάνιοψ
823 1024 925 1057 Πόσους

142 1051 267 1088 ξιφήρεις
284 1056 434 1085 ἀποστείλω
459 1061 521 1092 τοὺς
542 1051 724 1098 διασώζοντάς
749 1075 795 1101 σε,
819 1051 923 1107 πάτερξ

142 1097 226 1126 Εἶπεν
238 1100 276 1126 δὲ’
288 1102 444 1137 Ἐπιφάνιος
461 1106 530 1141 πρὸς
548 1107 593 1135 τὸν
608 1109 728 1144 βασιλέα·
747 1097 820 1149 Ἐχω
835 1116 880 1142 τὸν
891 1097 924 1144 Ιἐν

140 1144 265 1180 οὐρανοῖς
290 1147 460 1181 φυλὰσσοντά
487 1161 520 1186 με
540 1153 622 1185 Θεὸν,
648 1157 694 1183 καὶ
716 1144 838 1195 ξιφήρεις
861 1163 924 1195 τοὺς

140 1190 235 1223 ἁγίους
251 1191 332 1219 αὐτοῦ
349 1193 490 1228 ἀγγέλους.
512 1197 578 1225 Τότε
593 1201 608 1226 ό
625 1190 922 1242 βασιλεὺςάσπασάμεί

141 1236 245 1267 νος-τὸν
266 1238 419 1273 Ἐπιφάνιον
433 1241 545 1277 ἔκραξεν
564 1244 650 1279 λέγων
668 1249 771 1286 μεγάλῃ
787 1252 819 1287 τῇ
835 1236 920 1289 φωνῇ·

141 1280 236 1313 Βάδιζε
257 1283 394 1317 ὑγιαίνων,
414 1286 598 1326 Ἐπιφάνιε,ὴ
617 1280 680 1325 δόξα
695 1280 920 1332 τῶν-*Ῥωμαίων

142 1327 251 1362 μνήμην
264 1328 292 1355 δὲ
315 1330 391 1357 ποιοῦ
408 1332 486 1367 ἡμῶν
503 1334 556 1361 τῶν
574 1337 602 1363 ἐν
617 1338 737 1374 Περσίδι.
756 1327 922 1379 Ἀπάραντες

138 1372 169 1398 δὲ
186 1374 240 1400 ἀπὸ
262 1375 400 1410 Περσίδος,
417 1379 603 1417 ἐπορεύθημεν
625 1372 664 1410 ἐνῇ
678 1387 711 1421 τῇ
733 1372 856 1425 Φοινίκη
875 1372 921 1417 καί

139 1418 323 1454 διοδεύσαντες
340 1423 421 1459 μέρος
444 1434 470 1451 τι
492 1427 541 1462 τῆς
556 1429 691 1466 Φοινίκης,
699 1418 921 1471 ηεῐσεληλύδαμεν

140 1464 169 1490 ἐν
183 1465 351 1502 Σπανυδρίῳ.
365 1469 492 1506 Ηῦρομεν
503 1472 531 1499 δὲ
546 1474 577 1500 τὸ
593 1464 697 1503 κελλὶον
709 1477 747 1509 ὡς
763 1464 801 1514 ἦν⁷
810 1480 841 1507 τὸ
855 1464 920 1516 c.96—

139 1518 225 1561 τερον.
242 1513 296 1540 Καὶ
311 1516 471 1551 ποιήσαντες
491 1519 587 1556 τρίτην
605 1522 719 1558 ἡμέραν,
739 1513 810 1562 ὕδωρ
821 1513 919 1564 οὐκ-ἦν

139 1556 187 1583 τοῦ
202 1559 273 1584 πιεῖν
286 1560 369 1595 ἡμᾶς.

174 1642 225 1669 19⁸.
242 1644 354 1678 Σταθεὶς
375 1646 422 1674 οὖν
441 1649 597 1685 Ἐπιφάνιος
611 1654 679 1680 κατὰ
702 1655 833 1690 ἀνατολὰς
858 1657 918 1693 βλέε

140 1696 198 1715 πων
213 1692 383 1727 προσηύξατο
394 1694 433 1729 τῷ
447 1696 475 1722 ὲν
492 1696 616 1731 οὐρανοῖς
636 1699 694 1735 Θεῷ
709 1701 803 1736 λέγων·
826 1692 918 1742 Ὀντὴν

138 1733 289 1787 ἀὶιρότρμον
306 1737 407 1774 πέτραν
419 1740 585 1781 διαχαράξας
600 1745 646 1771 καὶ
663 1733 718 1772 ἀπὸ
732 1733 833 1785 ταύτης
846 1733 917 1787 ὕδωρ

137 1777 336 1815 ἐξαναϐρύσας,
361 1783 408 1809 καὶ¹
436 1777 499 1811 λαὸν
515 1786 675 1816 ἐκλείποντα
699 1791 770 1827 ὕδωρ
789 1777 915 1828 πᾷλτισᾲςξ

135 1823 317 1861 διασπάραξον
340 1829 387 1855 καὶ
409 1830 458 1865 τὴν
481 1832 532 1867 γῆν
548 1833 664 1870 ταύτην·
690 1838 735 1864 καὶ
754 1823 866 1875 ποίησον

137 1869 221 1920 αὐτῆς
236 1870 307 1907 ὕδωρ
328 1874 457 1912 πηγάζων
479 1878 525 1903 ἐπὶ
545 1869 707 1917 κατοικησίᾳ
729 1869 852 1920 πενήτων
867 1869 915 1913 ἀνί

138 1913 262 1949 θρὼπων.
279 1918 332 1944 Τοῦ
349 1919 376 1945 δὲ
398 1920 554 1956 Ἑπιφανῑου
571 1913 658 1952 ταῦτα
673 1913 803 1961 είτοόντος,
818 1931 915 1959 εὐωδία

138 1968 178 1992 τις
200 1961 288 1998 ἀγαθὴ
308 1963 415 1998 ἐγένετο
438 1968 467 1994 ἐν
489 1968 528 2003 τῷ
549 1970 622 2006 τόπῳ
638 1973 750 2009 ἐκείνῳ·
771 1977 818 2003 καὶ
834 1977 914 2005 πάλιν

135 2005 227 2055 κλίνας
241 2008 329 2043 τρίτον
343 2010 388 2037 ἐπὶ
407 2011 456 2046 τὴν
473 2013 524 2048 γῆν
546 2015 593 2042 καὶ
609 2005 848 2055 προσευξάμενος,
865 2023 913 2050 λα-

132 2049 187 2077 ὃὼν
208 2052 360 2089 ὀρυκτῆρα,
381 2056 512 2092 ἐχάραξεν
535 2049 698 2096 μικρὸννὲπὶ
866 2069 913 2096 xui.

133 2095 188 2123 ἰδοὺ
205 2096 276 2132 ὕδωρ
297 2099 432 2134 ὀλιγοστὸν
457 2095 614 2140 ἀνέϐρυσεν.
639 2095 753 2136 Ἔπειτα
768 2095 848 2139 πάλιν
865 2095 912 2148 χαέ

134 2140 220 2193 ράξας
243 2143 502 2183 πλουσιοποτάμιτος
525 2151 632 2185 ἐγένετο
652 2154 669 2188 ὴ
693 2155 799 2191 οἴκησις
821 2140 908 2193 ἡμᾶν.
927 2164 949 2192 D

134 2186 249 2238 "limem.
261 2189 289 2216 δὲ
311 2191 339 2217 ὲν
348 2192 394 2238 -τῷ
415 2194 490 2229 τόπῳ
513 2196 609 2233 ἐκείνῳ
627 2186 816 2235 ἡσυχάζοντες,
830 2186 910 2238 αὐτὸς

132 2231 178 2258 καὶ
201 2233 264 2266 ἐγώ.
287 2235 316 2261 ’0
332 2234 378 2263 οὖν
399 2237 464 2270 Θεὸς
479 2241 495 2266 ὀ
507 2231 837 2281 ἐξανατέλλωννχὸρέον
849 2231 910 2284 τοῖςζ

131 2277 268 2311 κτήνεσι,
286 2281 335 2307 καὶ
351 2283 448 2316 χλόην
464 2284 501 2319 τῇ
520 2286 642 2322 δουλείᾳ
661 2291 720 2318 τῶν
728 2277 908 2329 ’άίσθρώπωνζ

132 2321 317 2358 ἐξαρδεύοντος
327 2327 374 2353 τοῦ
389 2328 483 2361 ὓδατος
496 2331 544 2366 τὴν
555 2333 606 2368 γῆν
621 2321 726 2364 άπασαν
739 2321 907 2378 ἐκείνηνὶτῇ

132 2369 274 2403 προστάξει
288 2372 334 2398 τοῦ
349 2373 393 2400 ἀεὶ
405 2378 601 2412 προνοουμένου
616 2381 662 2408 τοῦ
679 2369 910 2422 ἀνθρωπίνούγέῖ

130 2422 198 2446 νους,
213 2415 341 2450 ἐξέφυσεν
360 2420 376 2454 ὴ
392 2421 428 2456 γῆ
447 2421 547 2457 πλῆθος
564 2424 687 2460 λαχάνων
708 2415 748 2460 εἰς
762 2415 909 2460 ἀπόλαυσιν

130 2460 174 2512 καῖ
187 2461 332 2499 διατροφὴν
347 2465 433 2500 ἡμῶν.
449 2467 535 2496 Τινῶν
553 2469 581 2496 δὲ
598 2471 699 2507 θηρίων
718 2475 909 2512 ἐπερχομένων

129 2505 240 2538 τούτοις.
257 2508 304 2534 καὶ
319 2509 368 2544 τὴν
391 2510 497 2539 ἅπασαν
519 2514 600 2550 χλόην
619 2505 906 2553 άφανιζόντων,“Ὲπι-

129 2550 219 2584 φάνιος
237 2553 300 2589 ἔστη
326 2555 417 2582 ἐπάνω
439 2557 491 2584 τῶν
510 2550 650 2595 λαχάνων,
667 2564 712 2589 καὶ
733 2566 789 2597 τοῖς
803 2550 905 2603 θηρίοις

128 2596 256 2632 διελέγετο
267 2599 305 2632 ὡς
318 2601 470 2636 ἀνθρώποις
483 2603 568 2639 λέγων
579 2614 585 2620 ·
600 2607 646 2643 Μή
661 2616 705 2643 μοι
721 2596 821 2643 κόπους
830 2596 906 2649 imp;

128 2641 200 2676 έχετε
210 2651 217 2659 ·
240 2644 394 2694 ἄνθρωπος.
407 2647 460 2683 γάρ
479 2641 645 2685 ἁμαρτωλὸς.
659 2641 705 2680 καὶ
717 2641 824 2692 πτωχός
837 2641 903 2694 εἰμι.

127 2687 172 2714 Διὰ
194 2688 224 2715 τὺ
244 2690 344 2727 πλῆθος
365 2690 411 2719 οὖν
433 2693 487 2721 τῶν
509 2695 649 2732 ἁμαρτιῶν
665 2707 716 2734 μου
739 2687 797 2737 εἰμί
813 2687 848 2731 ἐν
864 2687 906 2740 ’τῷ

161 2779 170 2794 ¹
190 2779 272 2808 Exod.
292 2783 381 2815 x_vn,t
403 2791 462 2820 sqq.
502 2785 512 2801 ³
526 2785 598 2814 Psal.
616 2796 674 2823 cm,
691 2790 732 2818 14.

975 889 1109 918 obnoxius
1123 891 1218 918 iisdem
1243 894 1500 928 perturbationibus,
1523 901 1550 923 et
1568 897 1693 925 similiter
1706 906 1754 933 pa-

975 934 1067 962 tibilis.
1084 935 1155 964 Deus
1168 944 1255 970 meus,
1268 939 1311 966 cui
1326 939 1417 971 credo,
1442 940 1498 969 haac
1519 942 1619 975 praebet
1637 943 1694 970 suis
1711 943 1753 970 fa-

976 981 1067 1009 mulis.
1085 981 1152 1009 Cum
1168 982 1225 1010 haec
1241 989 1331 1011 autem
1345 990 1372 1012 et
1391 986 1433 1014 his
1456 986 1533 1021 plura
1556 988 1668 1016 dixisset
1690 990 1753 1024 Epi-

978 1025 1106 1059 phanius,
1120 1026 1186 1054 dicit
1200 1028 1256 1063 regi
1273 1037 1280 1055 :
1299 1028 1452 1063 Revertere,
1467 1031 1504 1058 tili
1515 1052 1522 1064 ,
1539 1031 1566 1059 in
1586 1033 1687 1062 aulam.
1698 1033 1753 1062 Nos

974 1070 1046 1097 enim
1062 1071 1137 1099 imus
1149 1072 1176 1099 in
1191 1074 1316 1107 patriam.
1335 1074 1390 1102 Rex
1408 1080 1496 1104 autem
1512 1077 1579 1105 dixit
1590 1077 1750 1114 Epiphanio:

973 1114 1045 1148 Quot
1063 1117 1103 1144 vis
1127 1119 1257 1147 satellites
1283 1125 1372 1148 tecum
1392 1121 1506 1155 mittam,
1538 1124 1585 1158 qui
1610 1129 1636 1151 te
1659 1131 1752 1153 custo-

974 1161 1071 1189 diant?
1087 1161 1160 1191 Dixit
1174 1164 1199 1191 ei
1220 1163 1387 1199 Epiphanius
1405 1177 1410 1194 :
1439 1167 1529 1195 Habeo
1544 1176 1640 1204 regem.
1656 1169 1750 1203 Deum,

973 1206 1021 1241 qui
1037 1211 1079 1235 est
1092 1207 1120 1234 in
1134 1208 1222 1241 ctelis,
1241 1211 1289 1245 qui
1305 1218 1349 1238 mc
1370 1213 1497 1246 custodit,
1513 1219 1540 1241 et
1555 1215 1686 1243 satellites
1702 1216 1751 1244 ha-

972 1251 1023 1279 beo
1037 1258 1144 1281 sanctos
1168 1254 1226 1288 ejus
1251 1257 1371 1292 angelos.
1396 1257 1474 1287 Tunc
1498 1267 1543 1287 rex
1570 1260 1749 1296 Epiphanium

974 1298 1126 1333 amplexus,
1141 1299 1210 1327 dixit
1225 1309 1290 1329 voce
1311 1311 1406 1338 magna
1421 1314 1427 1331 :
1443 1304 1517 1333 Vade
1537 1306 1563 1334 in
1588 1315 1662 1342 pace,
1685 1308 1749 1344 Epi-

972 1343 1065 1378 phani,
1089 1345 1174 1380 gloria
1189 1345 1384 1376 Romanorum.
1406 1349 1461 1378 Fac
1479 1358 1585 1384 autem.
1612 1358 1641 1380 ut
1663 1343 1749 1382 nostri

971 1397 1079 1425 quoque
1097 1392 1264 1425 memineris,
1282 1395 1328 1428 qui
1348 1403 1442 1423 sumus
1470 1396 1498 1424 in
1519 1396 1639 1426 Perside.
1662 1399 1749 1428 Reee-

971 1435 1065 1463 dentes
1083 1444 1146 1464 vero
1161 1445 1176 1464 a
1195 1437 1314 1471 Perside,
1328 1442 1453 1469 venimus
1474 1443 1502 1469 in
1521 1442 1705 1479 Phoeniciam;
1723 1452 1749 1474 et

971 1488 1032 1508 cum
1051 1486 1153 1516 partem
1173 1482 1319 1512 Phoenicia
1336 1487 1539 1516 transiissemus
1552 1509 1559 1521 ,
1575 1491 1700 1520 venimus
1722 1493 1748 1520 in

971 1525 1171 1563 Spanhydrion.
1184 1529 1338 1559 Invenimus
1368 1537 1458 1560 autem
1490 1535 1605 1569 cellam,
1634 1542 1663 1564 ut
1690 1544 1748 1566 erat

970 1573 1054 1606 prius.
1073 1572 1106 1600 Et
1125 1581 1186 1601 cum
1204 1575 1260 1602 illic
1283 1575 1430 1606 fuissemus
1450 1584 1507 1607 tres
1529 1579 1597 1615 dies,
1614 1590 1668 1610 non
1689 1590 1747 1613 erat

969 1625 1039 1653 aqua
1051 1619 1085 1646 ad
1101 1619 1256 1648 bibendum.

1003 1662 1074 1690 XIX.
1110 1664 1190 1693 Stans
1214 1670 1305 1694 autem
1332 1667 1499 1704 Epiphanius
1529 1672 1685 1707 aspicienda
1713 1676 1746 1703 ad

968 1708 1112 1742 orientem,
1128 1710 1215 1737 oravit
1237 1710 1333 1745 Deum,
1349 1713 1394 1748 qui
1409 1719 1451 1742 est
1472 1715 1500 1742 in
1525 1717 1613 1751 coalis,
1633 1719 1745 1748 dicens:

967 1752 990 1780 0
1005 1758 1033 1780 tn
1050 1754 1097 1788 qui
1119 1760 1222 1789 petram
1247 1763 1409 1792 praeruptam
1435 1759 1606 1795 impressisti,
1619 1768 1646 1791 et
1661 1772 1695 1792 ex
1713 1773 1744 1793 ea

967 1807 1064 1833 aquam
1078 1801 1210 1829 scaturire
1229 1801 1326 1836 fecisti,
1345 1808 1372 1831 et
1385 1805 1522 1840 populum,
1535 1809 1581 1843 qui
1595 1809 1744 1844 deﬁciebat,

966 1852 1035 1878 aqua
1052 1846 1151 1880 potasti
1173 1847 1201 1880 ‘,
1217 1847 1288 1875 hanc
1311 1857 1419 1884 quoque
1441 1855 1541 1880 terram
1558 1854 1692 1890 imprime.
1718 1863 1744 1885 et

966 1889 1008 1918 fac
1025 1896 1054 1918 ut
1070 1899 1140 1926 aqua
1159 1900 1192 1919 ex
1215 1900 1246 1920 ea
1260 1896 1390 1923 scaturiat
1403 1902 1510 1932 propter
1525 1900 1644 1929 tidelium
1658 1902 1744 1929 homi-

965 1936 1246 1965 numhabitationem.
1265 1938 1332 1967 Cum
1357 1941 1414 1969 haec
1429 1943 1542 1972 dixisset
1564 1945 1742 1981 Epiphanius.

965 1979 1053 2008 bonus
1066 1981 1177 2016 quidam
1189 1983 1258 2011 odor
1270 1984 1320 2012 l'uit
1334 1986 1360 2012 in
1375 1987 1421 2014 illo
1437 1979 1631 2025 loco.Cumque
1645 2000 1674 2020 se
1686 2001 1742 2020 rur-

963 2033 1010 2053 sus
1024 2030 1066 2053 ter
1077 2035 1159 2061 super
1172 2033 1272 2056 terram
1286 2030 1453 2065 inclinasset,
1469 2038 1606 2063 etorasset
1622 2036 1740 2072 Epipha-

963 2071 1039 2104 nius,
1050 2078 1160 2107 accepto
1176 2073 1265 2109 ligone
1283 2077 1400 2104 turbavit
1418 2082 1527 2112 terram,
1538 2085 1564 2108 et
1574 2089 1635 2109 ecce
1646 2071 1740 2117 parum

962 2124 1039 2152 aqua:
1048 2119 1181 2146 scaturiit.
1193 2120 1295 2149 Deinde
1306 2130 1367 2150 cum
1381 2131 1477 2152 rursus
1486 2126 1632 2160 turbasset,
1649 2130 1740 2157 uberi-

963 2161 1014 2190 bus
1022 2162 1095 2191 lluvii
1111 2165 1189 2199 aquis
1203 2172 1294 2194 nostra
1310 2168 1458 2197 abundavit
1471 2170 1610 2200 habitatio.
1625 2173 1740 2203 Eramus

962 2213 1052 2246 autem
1066 2209 1093 2236 in
1106 2217 1138 2237 eo
1153 2210 1213 2238 loco
1224 2212 1344 2247 quietem
1363 2219 1483 2249 agentes,
1495 2216 1552 2251 ipse
1562 2222 1654 2253 etego.
1669 2221 1739 2249 Deus

961 2244 1096 2288 νει-ο,ᾳυὶ
1115 2244 1242 2289 producit
1256 2257 1346 2291 fenum
1359 2244 1540 2292 jnimentis,let
1559 2244 1664 2290 Ιιεινῖιιηι
1682 2273 1738 2291 ser-

962 2298 1038 2325 vituti
1058 2299 1192 2327 hominum
1207 2301 1228 2335 ³,
1253 2302 1382 2337 irrigaute
1404 2311 1474 2339 aqua
1489 2310 1571 2333 totam
1592 2307 1666 2335 illam
1688 2314 1738 2337 ter-

962 2351 1030 2377 ram,
1042 2344 1119 2379 jussu
1135 2346 1203 2381 ejus,
1219 2348 1266 2382 qui
1291 2356 1397 2383 semper
1419 2357 1513 2378 curam
1535 2353 1604 2387 gerit
1625 2354 1736 2383 Intumui

959 2390 1076 2424 generis,
1098 2392 1226 2426 produxit
1254 2401 1269 2420 e
1293 2398 1363 2421 terra
1391 2395 1590 2425 multitudinem
1619 2401 1735 2432 olerum,

958 2435 1058 2469 quibus
1077 2444 1128 2464 nos
1146 2436 1299 2466 frueremur
1312 2444 1339 2467 et
1358 2441 1504 2469 aleremur.
1530 2444 1597 2471 Cum
1613 2447 1735 2480 quedam

957 2486 1046 2508 autem
1064 2481 1120 2510 fera
1135 2483 1168 2510 ad
1183 2492 1214 2511 ea
1225 2486 1350 2513 venirent
1360 2487 1498 2522 animalia,
1511 2494 1539 2516 et
1549 2490 1666 2519 virorem
1680 2501 1736 2520 om-

958 2535 1018 2555 nem
1030 2536 1122 2556 earum
1138 2530 1271 2564 tollerent,
1286 2532 1452 2568 Epiphanius
1465 2536 1540 2564 stetit
1551 2545 1634 2572 supra
1649 2540 1734 2572 olera,

958 2576 985 2599 et
994 2572 1120 2600 disseruit
1132 2582 1193 2602 cum
1205 2574 1279 2608 feris,
1297 2581 1424 2613 tanquam
1439 2587 1501 2607 cum
1515 2581 1678 2614 hominibus,
1691 2585 1734 2611 di-

957 2623 1022 2644 cens
1039 2627 1045 2644 :
1060 2617 1148 2646 Nolite
1166 2620 1234 2647 mihi
1251 2621 1379 2651 exhibere
1392 2624 1542 2653 molestiam
1557 2634 1564 2653 :
1582 2635 1641 2655 sum
1660 2629 1732 2655 cnim

956 2661 1038 2690 homo
1063 2669 1186 2699 peccator
1210 2669 1236 2693 et
1259 2674 1370 2702 pauper.
1394 2668 1505 2705 Propter
1532 2672 1731 2701 multitudinem

956 2713 1045 2736 autem
1060 2717 1181 2738 meorum
1195 2719 1365 2747 peccatorum
1380 2722 1440 2743 sum
1454 2716 1548 2751 lugens
1562 2717 1588 2744 in
1598 2718 1648 2746 hoc
1661 2719 1730 2752 loco.
