1934 3029
182 145 215 172 Π
440 157 445 163 ~
822 143 849 171 S.
871 142 1042 170 EPIPHANII
1067 143 1157 170 Vl'l‘A.
1758 147 1793 174 sa

182 204 205 231 si
220 203 287 231 forte
303 202 369 229 mihi
395 202 466 229 Deus
492 210 552 229 mea
581 207 690 236 peccata
718 203 863 230 condonet.
891 201 957 237 Ipse,

1012 203 1086 238 τόπῳ
1102 204 1188 238 τούτῳ
1212 203 1330 231 πενθῶν·
1351 204 1365 230 ὁ
1383 203 1448 235 Θεὸς
1468 203 1497 230 δὲ
1519 203 1656 240 παρέσχεν
1678 212 1722 239 μοι
1743 205 1794 241 τὴν

183 251 228 284 qui
244 250 294 277 hoc
317 250 383 276 mihi
399 250 502 276 olerutn
519 249 634 284 praebuit
650 250 778 276 solatium
799 249 833 277 ad
847 249 962 277 alimen-

183 302 250 328 tum,
266 296 342 324 vobis
371 296 491 331 praecipit
516 303 549 322 ne
572 295 689 329 amplius
702 295 819 323 veniatis
840 295 867 322 in
890 296 963 323 hunc

182 342 283 374 locum,
305 349 355 369 nec
373 349 447 369 meas
465 341 563 369 herbas
586 341 699 368 lzedatis.
728 341 856 376 Agrestes
873 346 963 369 autem

183 389 245 415 ferat
257 395 318 415 cum
335 387 391 414 haec
415 387 564 414 audiissent
578 388 611 414 ab
632 386 795 422 Epiphanio,
816 387 889 414 velut
911 388 963 414 ho-

181 434 268 461 mines
287 433 433 460 sentientes
458 433 550 467 siqua
567 432 592 459 in
616 440 646 460 re
669 432 767 467 majori
791 433 921 464 laeserint,
935 437 963 460 et

180 480 390 514 reprehensione
405 478 552 513 pudefacti.
569 479 608 506 sic
624 479 726 514 pudore
749 478 851 507 allectat
869 479 962 507 bestiae

181 526 305 560 protinus
321 529 502 557 recesserunt,
516 529 543 552 et
555 533 587 552 ex
603 526 649 552 illo
672 525 715 552 die
738 534 790 553 non
814 526 961 561 appropin—

182 575 304 604 quarunt
316 570 432 604 amplius
448 570 508 597 loco
523 575 624 598 nostro.
637 570 789 598 Audierunt
800 579 863 598 vero
878 571 961 599 Sara-

181 614 249 644 ceni.
267 614 313 649 qui
337 615 433 642 cellam
450 615 530 643 nobis
551 620 758 650 exstruxerant,
774 617 880 644 venisse
898 616 960 652 Epi-

180 659 308 693 phanium
335 667 367 687 ex
392 659 513 694 Perside,
539 665 566 688 et
593 666 778 694 accesserunt,
801 667 830 689 ut
850 662 960 690 benedi-

181 705 295 732 ctionem
310 705 343 732 ab
355 713 388 733 eo
401 707 564 741 acciperent.
581 706 797 735 [Edilicaverunt
810 712 901 735 autem
913 715 960 736 no-

180 751 222 778 bis
239 755 294 778 tres
312 751 379 778 alias
403 751 520 780 domos:
547 752 647 787 quippe
670 752 717 787 qui
742 753 884 780 nobiseum
899 761 960 781 ver-

181 797 230 823 sati
249 800 312 823 sunt
324 801 440 831 quatuor
452 805 569 829 menses,
588 802 615 824 et
628 803 799 825 recesserunt
814 798 841 826 in
857 807 906 826 sua
924 799 960 826 lo-

179 849 221 868 ca.
235 841 363 869 Auditum
378 847 419 870 est
432 847 521 870 autem
548 844 575 870 in
593 847 651 870 tota
667 843 815 877 thnicia,
840 844 957 879 Epipha-

1017 249 1188 284 παραμυθίαν
1199 249 1298 285 ταύτην
1310 249 1364 276 τῶν
1378 249 1500 285 λαχάνων
1517 250 1556 280 εἰς
1572 248 1731 285 διατροφήν·
1747 251 1794 278 καὶ

1014 294 1093 326 αὐτὸς
1115 295 1179 329 ὑμῖν
1195 295 1378 331 παραγγέλλει
1396 295 1493 330 μηκέτι
1513 294 1600 322 ἐλθεῖν
1614 295 1643 321 ἐν
1656 295 1695 331 τῷ
1707 296 1791 332 τόπῳ,

1014 340 1059 367 καὶ
1073 340 1271 367 καταϐλάπτειν
1288 350 1336 376 μου
1350 341 1398 376 τὴν
1411 340 1501 376 χλόην.
1516 340 1556 368 Τὰ
1567 341 1595 367 δὲ
1613 341 1695 376 ἀγρια
1709 341 1792 368 ἀκού-

1014 395 1097 413 σαντα
1122 387 1207 413 ταῦτα
1235 387 1309 423 παρά
1343 386 1514 420 Ἐπιφανίου,
1539 386 1633 422 ῶσπερ
1656 387 1794 422 ἄνθρωποι

1013 432 1233 468 εὐαισθητοῦντες
1254 433 1300 459 ἐὰν
1322 432 1443 466 σφαλῶσι
1465 432 1507 466 ἐφ’
1530 432 1570 458 ἑνὶ
1593 431 1646 458 τῶν
1669 433 1794 467 μεγάλων

1012 478 1058 504 καὶ
1077 477 1246 513 ἐλεγχόμενοι
1266 477 1463 512 διατραπῶσιν·
1483 477 1569 508 οὕτως
1583 477 1617 504 τὰ
1633 477 1713 513 θηρία
1728 487 1793 505 κατε

1011 523 1183 560 ῃσχύνθησαν
1193 524 1248 550 ἀπὸ
1262 523 1315 550 τῶν
1329 523 1415 557 λόγων
1438 523 1594 557 Ἐπιφανίου
1603 542 1610 554 ,
1627 524 1673 549 καὶ
1689 523 1792 558 ἀνεχώ-

1013 577 1098 605 ρησαν
1114 569 1225 601 εὐθέως.
1247 569 1294 596 καὶ
1312 569 1366 596 ἀπὸ
1384 569 1434 604 τῆς
1452 569 1558 604 ἡμέρας
1580 569 1684 603 ὲκείνης
1701 569 1795 596 οὐκέτι

1011 616 1127 650 ἤγγισαν
1143 614 1181 650 τῷ
1199 615 1274 650 τόπῳ
1296 615 1383 651 ἡμῶν.
1405 615 1582 646 Ἀκούσαντες
1602 615 1631 641 δὲ
1645 616 1669 641 οἱ
1684 615 1793 650 Σαρῤαμ-

1011 661 1088 695 κηνοὶ
1110 661 1133 687 οἱ
1155 661 1379 696 οἰκοδομήσαντες
1393 661 1459 696 ἡμῖν
1477 660 1508 687 τὸ
1527 660 1641 693 κελλίον,
1656 660 1697 687 ὅτι
1711 659 1794 695 ἦλθεν

1016 707 1169 741 Ἐπιφάνιος
1183 706 1237 733 ἀπὸ
1256 706 1394 742 Περσίδος,
1413 706 1591 742 παρεγένοντο
1605 706 1650 732 ἐπὶ
1664 705 1791 741 συντυχία

1010 753 1091 779 αὐτοῦ
1105 772 1112 784 ,
1138 753 1208 779 ὥστε
1230 753 1407 788 εὑλογηθῆναι
1423 753 1488 788 παρ’
1505 752 1597 778 αὐτοῦ’
1614 751 1791 788 ᾠκοδόμησαν

1009 798 1037 824 δὲ
1052 799 1116 834 ἡμῖν
1132 798 1226 831 ἄλλους
1247 801 1321 834 τρεῖς
1335 798 1441 831 οἴκους,
1463 799 1623 832 ποιήσαντες
1639 798 1696 833 μεθ’
1712 799 1791 834 ἡμων

1011 844 1107 879 μῆνας,
1123 845 1169 870 καὶ
1183 845 1258 871 αὐτοὶ
1274 844 1460 880 επορεύθησαν
1473 844 1502 870 ὲν
1513 844 1569 874 τοῖς
1582 843 1679 875 τόποις.
1699 843 1790 870 Ἧκοὺ-

180 888 254 914 nium
263 888 383 916 habitare
398 889 423 915 in
437 888 617 925 Spanbydrio.
631 889 957 926 Congregatisuntitaque

1013 890 1062 926 σθη
1083 890 1112 917 δὲ
1132 891 1171 922 εἰς
1193 890 1255 926 ὃλην
1269 891 1318 926 τὴν
1333 890 1409 917 πόλιν
1425 890 1483 925 (τὴν
1500 889 1646 924 Φοινίκην),
1658 890 1699 916 ὅτι
1716 889 1790 916 Ἐπι-

180 934 225 961 alii
247 942 355 969 quoque
376 934 473 963 fratres
497 935 524 962 in
548 936 727 964 monasterio.
759 936 873 966 Eramus
894 945 958 965 vero

179 988 273 1008 euntes
285 988 395 1008 numero
408 976 603 1017 quinquaginta
614 982 664 1018 (α).

212 1071 272 1099 XX.
290 1073 413 1106 Quodam
438 1078 528 1101 autem
546 1074 590 1102 die
607 1075 655 1102 ivit
668 1074 835 1110 Epiphanius
852 1075 880 1102 in
897 1083 957 1103 mo-

180 1119 326 1146 nasterium
340 1119 431 1154 magni
453 1118 600 1147 Hilarionis
616 1119 649 1146 ad
664 1120 792 1148 visendos
812 1120 919 1152 fratres.
932 1125 959 1148 et

179 1171 228 1199 rgo
246 1172 305 1191 sum
317 1172 379 1192 cum
390 1172 422 1192 eo
434 1165 581 1200 profectus.
599 1165 824 1201 Exceperuntque
838 1174 888 1194 nos
902 1166 959 1193 fra-

180 1214 234 1236 tres
249 1218 310 1238 cum
329 1218 426 1246 magno
440 1211 548 1245 gaudio.
575 1216 602 1238 et
620 1219 669 1239 nos
691 1213 792 1240 multos
816 1212 874 1240 dies
895 1213 958 1239 reti-

180 1260 306 1283 nuerunt.
336 1255 464 1283 Diabolus
490 1261 591 1290 autem,
612 1257 658 1292 qui
686 1258 721 1285 ab
746 1257 823 1284 initio
843 1262 886 1285 est
911 1257 958 1285 Dei

179 1309 316 1329 servorum
332 1302 515 1334 adversarius,
534 1303 640 1338 accepit
660 1303 783 1331 habitum
802 1303 956 1339 Epiphanii,

179 1351 204 1373 et
229 1347 302 1374 venit
328 1347 354 1374 in
382 1347 586 1381 monasterium,
614 1348 687 1384 quod
712 1353 823 1376 vocatur
833 1349 958 1385 Spanby—

178 1390 266 1417 drion.
280 1391 330 1418 Cui
352 1391 440 1419 factus
458 1392 565 1420 obviam
588 1392 673 1420 frater
698 1401 730 1420 ex
755 1393 799 1427 iis,
820 1394 866 1428 qui
880 1399 958 1421 erant

179 1435 257 1468 paulo
269 1435 485 1470 negligentiores,
503 1437 634 1470 cucurrit,
648 1437 681 1464 ad
698 1445 760 1464 eum
772 1436 956 1464 adorandum:

177 1484 203 1506 et
213 1479 312 1508 cadens
325 1480 352 1507 in
368 1485 467 1508 terram
483 1482 606 1509 adoravit
629 1482 777 1517 pessimum
794 1482 956 1510 daemonem.

178 1524 209 1552 Et
226 1525 336 1553 intravit
356 1525 383 1553 in
403 1526 510 1561 ipsum:
530 1534 618 1562 neque
642 1531 748 1562 poterat
763 1528 847 1555 teneri
862 1535 877 1555 a
903 1526 957 1554 fra-

1012 936 1106 971 φάνιος
1133 938 1161 963 ὲν
1189 936 1348 972 Σπανυδρίῳ
1380 935 1510 962 κατοικεῖ.
1540 935 1714 970 Συνήχθησαν
1744 934 1791 963 οὖν

1011 981 1084 1009 ἄλλοι
1100 982 1209 1017 ἀδελφοὶ
1223 983 1252 1009 ὲν
1267 982 1305 1017 τῷ
1321 981 1503 1017 μοναστηρίῳ.
1520 979 1628 1015 Ἠμεθα
1643 980 1672 1007 δὲ
1684 981 1710 1008 οι
1722 981 1789 1009 πάν-

1010 1036 1066 1060 τες,
1080 1028 1126 1055 τὸν
1139 1028 1252 1064 ἀριθμὸν
1275 1031 1309 1064 η’.

1047 1074 1089 1101 K'.
1110 1074 1259 1110 Ἐπορεύθη
1282 1072 1328 1101 οὖν
1355 1074 1511 1109 Ἐπιφάνιος
1532 1077 1560 1103 ἐν
1583 1076 1633 1112 μιᾷ
1648 1073 1739 1109 ἡμέρᾳ
1762 1073 1789 1099 έν

1010 1119 1050 1152 τῷ
1068 1120 1238 1156 μοναστηρίῳ
1256 1119 1302 1146 τοῦ
1321 1119 1438 1155 μεγάλου
1459 1121 1608 1157 Ἱλαρίωνος
1622 1121 1662 1151 εις
1682 1118 1788 1145 ἐπίσκε-

1010 1164 1057 1199 ψιν
1073 1164 1126 1191 τῶν
1141 1164 1272 1199 ἀδελφῶν·
1290 1165 1336 1192 καὶ
1355 1165 1506 1201 ἐπορεύθην
1520 1165 1597 1200 κάγὼ
1620 1165 1678 1200 μετ’
1697 1161 1788 1190 αὑτοῦ.

1010 1209 1065 1236 Καὶ
1077 1209 1240 1242 ἀπεδέξαντο
1256 1211 1328 1245 ἡμᾶς
1349 1211 1374 1236 οἱ
1390 1211 1499 1246 ἀδελφοὶ
1521 1211 1590 1246 μετὰ
1605 1211 1692 1247 χαρᾶς
1707 1209 1783 1244 μεγάι

1010 1254 1069 1290 λης,
1087 1255 1134 1282 καὶ
1147 1257 1270 1290 κατεῖχον
1284 1257 1356 1291 ἡμᾶς
1368 1256 1474 1292 ἡμέρας
1490 1257 1600 1289 πολλάς.
1619 1257 1647 1283 '0
1664 1254 1709 1282 οὖν
1731 1255 1783 1282 διά-

1010 1301 1097 1332 ϐολος,
1119 1302 1133 1327 ό
1157 1300 1187 1333 ἐξ
1210 1301 1296 1337 ἀρχῆς
1321 1302 1506 1338 ἀντικείμενος
1535 1304 1591 1334 τοῖς
1614 1302 1716 1334 δούλοις
1742 1300 1790 1328 τοῦ

1010 1345 1088 1379 Θεοῦ,
1105 1346 1199 1373 ἔλαϐεν
1224 1347 1381 1382 Ἐπιφανίου
1403 1348 1434 1374 τδ
1457 1348 1566 1384 σχῆμα,
1582 1349 1629 1375 καὶ
1640 1347 1788 1383 ἀπέρχεται

1010 1393 1039 1418 ὲν
1060 1391 1098 1427 τῷ
1125 1393 1295 1428 μοναστηρίῳ
1323 1392 1365 1428 τῷ
1394 1393 1597 1429 ἐπικαλουμένῳ
1621 1392 1787 1428 Σπαννδρίῳ,

1011 1437 1180 1473 Συναντήσας
1204 1437 1233 1464 δὲ
1262 1437 1337 1473 αὑτῷ
1364 1438 1475 1473 ἀδελφὸς
1501 1438 1555 1465 τῶν
1585 1438 1789 1474 ἁμελεστέρων,

1010 1483 1123 1519 ἔδραμεν
1139 1484 1178 1515 εἰς
1200 1482 1382 1519 προσκύνησιν
1397 1483 1489 1510 αὑτοῦ.
1509 1484 1564 1510 Καὶ
1586 1484 1618 1520 δὴ
1640 1483 1730 1511 πεσὼν
1742 1482 1789 1510 ἐπὶ

1009 1530 1058 1566 τὴν
1071 1529 1122 1565 γῆν
1137 1530 1338 1565 προσεκύνησεν
1352 1529 1391 1565 τῷ
1406 1531 1580 1566 πονηροτάτῳ
1599 1530 1714 1565 δαίμονι.
1733 1529 1788 1556 Καὶ

177 1569 272 1598 tribus.
290 1570 363 1598 Dixit
386 1560 475 1598 autem
494 1560 662 1606 Epiphanius
682 1579 781 1607 magno
805 1571 956 1600 Hilarioni:

1010 1560 1130 1612 είσῆλθεν
1143 1560 1182 1607 είς
1199 1560 1293 1602 αὗτόνἰ
1311 1576 1358 1603 καὶ
1377 1560 1578 1612 ἦν’ἀκρὰτητος
1600 1577 1628 1602 ὲν
1642 1560 1697 1607 τοῖς
1712 1575 1786 1602 ἀδελ-

178 1614 266 1648 Pater,
286 1615 366 1650 lupus
390 1616 529 1651 ingressus
542 1621 584 1644 est
600 1618 806 1649 monasterium,
825 1622 852 1645 et
866 1618 958 1645 turba-

178 1661 217 1688 vit
242 1661 350 1689 fratres.
374 1661 518 1690 Cumhaec
535 1667 625 1690 autem
649 1662 761 1690 dixisset
779 1663 957 1698 Epiphanius,

177 1709 203 1732 ct
227 1713 322 1733 omnes
348 1711 422 1734 esset
438 1707 590 1742 amplexus,
616 1708 687 1735 viam
714 1708 836 1736 iniimus.
859 1708 958 1736 Tribus

178 1751 260 1785 igitur
283 1751 431 1787 aliquando
459 1753 569 1781 rusticis
596 1753 727 1789 ingressis
750 1755 956 1788 monasterium,

176 1798 323 1825 daemonem
339 1797 508 1825 immundum
525 1807 596 1827 unus
609 1800 712 1827 habuit.
730 1799 789 1827 Duo
807 1805 897 1828 autem
911 1808 957 1828 ro-

176 1843 274 1878 gabant
289 1850 338 1877 pro
362 1850 404 1875 eo,
423 1844 471 1877 qui
495 1844 612 1872 habebat
635 1845 804 1873 immundum
820 1845 956 1880 spiritum,

176 1888 298 1916 dicentes
312 1898 318 1916 :
335 1888 387 1916 Fer
402 1896 480 1924 opem
495 1890 570 1917 fratri
586 1895 689 1918 nostro.
703 1891 780 1919 Tunc
790 1892 957 1927 Epiphanius

177 1934 246 1960 dixit
261 1934 320 1961 eis:
348 1935 479 1969 Acctpite,
504 1935 567 1967 ﬁlii,
588 1941 708 1963 vestrum
732 1937 858 1968 amicum,
876 1942 903 1964 et
921 1937 957 1965 ite

175 1979 203 2006 in
216 1987 293 2015 pace.
309 1979 337 2007 In
359 1980 469 2008 nomine
483 1981 554 2008 enim
579 1981 643 2010 Jesu
657 1981 757 2010 Christt
782 1983 850 2010 nihil
866 1988 908 2012 est
928 1984 955 2011 in

175 2033 207 2052 eo
232 2025 305 2052 mali.
323 2025 392 2052 Cum
418 2026 469 2060 ipsi
496 2031 586 2053 autem
622 2027 802 2056 credidissent
823 2029 848 2056 ei
883 2029 956 2064 quod

174 2071 279 2097 dixerat
301 2070 488 2106 Epiphanius,
514 2072 581 2100 abiit
605 2073 687 2101 homo
702 2081 787 2102 sanus
813 2074 841 2101 in
865 2074 955 2102 locum

175 2123 266 2142 suum.

207 2249 278 2276 XXI.
298 2249 366 2277 Cum
388 2254 460 2277 esset
475 2253 565 2276 autem
587 2249 732 2284 aliquando
748 2249 791 2278 leo
807 2251 834 2278 in
856 2251 952 2278 solitu-

173 2295 236 2323 dine
252 2296 286 2322 ad
299 2296 498 2330 sexagesimum
512 2296 626 2330 lapidem
640 2303 654 2323 a
667 2300 761 2324 nostro
773 2298 952 2331 monasterio,

175 2341 275 2368 latebat
300 2341 328 2368 in
351 2341 436 2374 silva,
461 2346 489 2368 et
509 2341 648 2369 occidebat
669 2342 768 2370 multos
792 2351 826 2370 ex
851 2343 885 2371 iis
906 2345 953 2379 qui

175 2387 356 2417 praeteribant.
382 2387 499 2422 Eratque
524 2388 568 2416 hic
589 2388 666 2416 locus
689 2393 769 2424 aptus
790 2390 950 2418 viatoribus.

176 2432 268 2459 Coacti
286 2432 368 2467 igitur
392 2440 502 2464 omnes.
525 2434 571 2469 qui
596 2434 718 2462 solebant
746 2443 792 2469 per
817 2435 893 2463 illum
909 2436 952 2463 lo-

175 2485 236 2504 cum
255 2478 375 2511 ingredi,
392 2483 524 2506 venerunt
542 2479 575 2506 ad
592 2479 771 2514 Epiphaniam
798 2480 826 2507 in
855 2489 949 2509 mona-

175 2522 297 2554 sterium,
311 2522 430 2550 dicentes
446 2523 471 2550 ei
483 2524 516 2551 de
540 2525 651 2552 animali
674 2530 701 2552 et
712 2525 746 2553 de
761 2526 820 2561 ejus
837 2528 949 2561 saevitia,

1009 1623 1078 1656 φοῖς.
1095 1619 1177 1648 Εἶπεν
1189 1621 1217 1648 δὲ
1238 1621 1395 1656 Ἑπιφάνιος
1414 1622 1481 1658 πρὸς
1500 1621 1544 1648 τὸν
1562 1622 1647 1657 μέγαν
1667 1621 1787 1656 Ἱλαρίω-

1008 1676 1054 1694 ναο
1078 1667 1165 1699 Λύκος
1185 1667 1355 1703 ἐπεισῆλθεν,
1378 1668 1483 1703 Πάτερ,
1498 1668 1527 1694 ὲν
1548 1666 1586 1702 τῷ
1605 1666 1786 1702 μοναο-ιηρίῳ,

1008 1713 1147 1749 ἐτάραξεν,
1161 1713 1302 1740 ἐσάλευσεν
1315 1713 1418 1744 πάντας
1429 1713 1489 1744 τοὺς
1504 1712 1643 1747 ἀδελφούς.
1656 1710 1746 1738 Ταῦτα
1759 1710 1787 1737 δὲ

1008 1758 1091 1785 εἰπὼν
1113 1759 1267 1793 Ἐπιφάνιος
1287 1758 1478 1792 ἀσπασάμενος
1495 1758 1626 1789 ἅπαντας,
1643 1755 1787 1791 ἐξήλθομεν

1007 1805 1057 1839 τὴν
1072 1804 1131 1832 ὁδὸν
1144 1804 1230 1839 ἡμῶν.
1246 1804 1314 1831 Ποτὲ
1327 1803 1393 1838 γοῦν
1409 1803 1492 1839 τριῶν
1509 1802 1642 1838 ἀγροίκων
1657 1801 1787 1828 εἰσελθόν-

1006 1858 1060 1876 των
1077 1851 1105 1876 ὲν
1119 1850 1157 1885 τῷ
1179 1849 1364 1885 μοναστηρίῳ,
1386 1849 1501 1883 δαίμονα
1516 1847 1669 1883 ἀκάθαρτον
1687 1845 1759 1882 εἶχεν
1772 1846 1788 1872 ὸ

1007 1893 1056 1927 εἷς.
1085 1894 1145 1921 Τῶν
1167 1894 1213 1921 δύο
1237 1892 1537 1930 οὗν-παρακαλούντων
1559 1893 1604 1920 τὸν
1632 1892 1786 1927 Ἐπιφάνιον

1007 1941 1071 1976 περὶ
1087 1940 1133 1968 τοῦ
1147 1941 1178 1967 τὸ
1200 1927 1308 1976 πνεῦμά
1326 1927 1432 1975 ἕξοντος
1448 1939 1478 1966 τὸ
1500 1938 1664 1974 ἀκάθαρτον,
1681 1937 1727 1964 καὶ
1741 1937 1786 1964 λε-

1007 1987 1124 2021 γόντων·
1151 1986 1288 2022 Βοήθησον
1312 1985 1351 2021 τῷ
1375 1985 1453 2021 ἡμῶν
1483 1984 1600 2019 ἑταίρῳ,
1630 1983 1786 2018 Ἐπιφάνιος

1006 2031 1081 2060 εἶπεν
1103 2033 1203 2064 αὐτοῖς·
1228 2032 1342 2064 Λάὃετε,
1364 2031 1456 2064 τέκνα,
1472 2031 1517 2058 τὸν
1536 2030 1612 2065 ὑμῶν
1633 2029 1724 2064 φίλον,
1739 2029 1787 2056 καὶ

1006 2078 1152 2114 πορεύεσθε
1178 2079 1208 2105 ὲν
1231 2078 1342 2113 εἰρήνῃ·
1367 2077 1396 2104 ὲν
1419 2077 1472 2113 γὰρ
1498 2076 1537 2111 τῷ
1561 2076 1670 2110 ὀνόματι
1698 2074 1785 2110 Ἰησοῦ

1005 2124 1134 2160 Χριστοῦ,
1149 2124 1224 2151 οὐδὲν
1235 2123 1320 2150 κακὸν
1332 2124 1361 2150 ὲν
1374 2123 1457 2158 αὐτῷ.
1475 2121 1678 2149 Πιστευσάντων
1691 2120 1720 2147 δὲ
1736 2121 1786 2147 αὺ-

1006 2169 1059 2196 τῶν
1074 2169 1110 2204 τῷ
1126 2169 1197 2205 λόγῳ
1213 2168 1380 2203 Ἐπιφανίου,
1395 2167 1514 2204 ἀπῆλθεν
1525 2168 1539 2194 ό
1554 2167 1694 2202 ἄνθρωπος
1707 2166 1786 2202 ὑγιὴς

1006 2215 1035 2241 ὲν
1047 2215 1085 2250 τῷ
1097 2215 1162 2249 οἴκῳ
1177 2214 1268 2242 αὑτοῦ.
1294 2243 1299 2248 _

1040 2261 1105 2287 KA’.
1134 2259 1202 2286 Ποτὲ
1231 2258 1277 2286 οὖν
1303 2259 1410 2290 λέοντος
1434 2258 1600 2294 ὑπάρχοντος
1630 2258 1660 2285 ὲν
1690 2257 1786 2293 ἐρήμῳ

1004 2306 1088 2340 τόπῳ,
1102 2304 1140 2336 ὡς
1157 2304 1211 2331 ἀπὸ
1227 2304 1347 2340 σημείων
1365 2303 1386 2336 ξ’
1400 2303 1439 2339 τῷ
1454 2303 1532 2338 ἡμῶν
1550 2302 1733 2339 μωαστηρίῳ,
1750 2300 1787 2337 ἦν

1004 2352 1044 2382 εἰς
1060 2351 1126 2385 ὕλην
1146 2351 1335 2385 κεκρυμμένος
1346 2369 1354 2382 ,
1369 2351 1416 2376 καὶ
1432 2349 1546 2381 πολλοὺς
1561 2349 1616 2375 τῶν
1633 2348 1786 2384 ἀνθρώπων

1003 2396 1059 2422 τῶν
1069 2395 1279 2431 παρερχομένων
1295 2395 1333 2430 τῷ
1349 2395 1422 2430 τόπῳ
1434 2394 1529 2429 ἐκείνῳ
1541 2393 1681 2429 ἠφάνιζεν.
1690 2391 1744 2419 Ἦν
1755 2392 1785 2418 δὲ

1004 2443 1019 2468 ὁ
1035 2441 1116 2473 τόπος
1132 2439 1208 2473 οὗτος
1220 2441 1370 2476 ἐπιτήδειος
1387 2442 1443 2472 τοίς
1461 2440 1618 2474 ὁδοιπόροις.
1634 2438 1784 2474 Συναχθέν-

1004 2497 1050 2520 τες
1069 2486 1115 2515 οὗν
1133 2489 1250 2520 ἅπαντες
1268 2489 1292 2514 οἱ
1314 2488 1363 2524 τὴν
1380 2488 1524 2523 συνήθειαν
1544 2487 1650 2523 ἔχοντες
1669 2485 1784 2522 βαδίζειν

1004 2533 1047 2561 διὰ
1062 2533 1109 2560 τοῦ
1123 2534 1205 2560 τόπου
1218 2534 1334 2565 ἐκείνου,
1347 2531 1427 2569 ἦλθον
1444 2534 1512 2569 πρὸς
1527 2534 1684 2568 Ἐπιφάνιον
1700 2533 1729 2558 ὲν
1744 2530 1784 2566 τῷ

174 2572 201 2595 et
218 2567 289 2602 quod
303 2568 380 2596 locus
395 2569 510 2596 evaserit
528 2569 723 2603 inhabitabilis,
742 2575 769 2599 et
784 2572 856 2607 quod
871 2580 951 2600 nemo

1010 2579 1176 2615 μοναστηρίῳ
1186 2601 1193 2612 ,
1207 2579 1331 2615 λέγοντες
1345 2567 1417 2615 αύτῷ
1434 2567 1473 2606 τὰ.
1489 2580 1553 2614 περὶ
1568 2579 1614 2605 τοῦ
1634 2577 1715 2610 (dion.
1736 2576 1783 2602 καὶ

175 2621 223 2648 per
240 2622 302 2641 eum
325 2615 411 2649 possit
433 2615 549 2643 transire
572 2621 682 2651 propter
696 2622 798 2645 metum
814 2619 911 2652 leonis,
926 2624 954 2646 et

1010 2626 1055 2661 τῆς
1069 2626 1182 2659 ἀταξίας
1197 2626 1279 2653 αὐτοῦ
1295 2627 1345 2662 τῆς
1365 2627 1485 2661 πονηρᾶς
1496 2633 1503 2640 ·
1518 2625 1564 2652 καὶ
1585 2625 1626 2651 ὅτι
1641 2623 1782 2658 ἀοίκητος,

173 2661 244 2695 quod
262 2668 324 2688 cum
341 2661 397 2695 ipse
417 2661 518 2689 multos
533 2663 656 2691 homines
678 2664 834 2699 perdiderit,
855 2666 952 2701 reliqui

1010 2671 1052 2697 καὶ
1062 2671 1161 2703 ἄϐατος
1174 2672 1188 2698 ὁ
1197 2672 1277 2704 τόπος
1291 2661 1408 2706 ἐγένετο,
1417 2669 1440 2698 ὦ
1451 2671 1550 2706 Πάτερ,
1564 2669 1618 2696 ἀπὸ
1630 2668 1677 2695 τοῦ
1689 2667 1782 2701 φόϐου,

174 2707 308 2740 perterriti
324 2714 377 2734 non
391 2707 508 2736 audeant
519 2708 635 2744 amplius
650 2717 698 2745 per
718 2710 808 2739 locum
823 2712 951 2742 transire.

1010 2716 1098 2752 φησὶν,
1108 2716 1154 2744 τοῦ
1165 2717 1280 2752 λέοντος,
1293 2719 1334 2746 ὃτι
1347 2717 1461 2749 πολλοὺς
1475 2715 1632 2752 ἀνθρώπους
1645 2713 1782 2746 διώλεςεν-

211 2836 249 2872 ια)
267 2837 358 2866 (ἔπορε
378 2840 445 2864 octo.
