1934 3029
157 117 196 147 ιο
818 118 848 146 S.
867 118 1038 146 EPIPHAMI
1060 119 1149 146 VlTA.
1747 119 1783 146 50

157 177 217 205 Καὶ
229 177 255 203 oi
270 176 358 203 λοιπον.
378 175 540 211 πτοηθέντες
562 175 654 202 οὐκέτι
678 176 800 203 θέλουσιν
815 177 938 212 παράγειε

1002 177 1053 210 Qui
1072 185 1135 205 cum
1148 176 1181 204 de
1194 176 1278 204 leonis
1294 177 1437 205 insolentia
1454 177 1596 209 audiissct,
1613 177 1681 205 dixit
1694 178 1782 205 omni-

156 222 206 249 τὸν
225 222 307 249 τόπον
324 222 438 249 ἐκεῖνον.
456 222 590 254 ’Δκούσας
607 222 635 249 δὲ
651 222 808 256 Ἐπιφάνιος
822 223 886 258 περὶ
898 223 949 257 τῆς

157 268 273 301 ἀταξίας
290 267 337 294 τοῦ
349 268 465 300 λέοντος,
482 265 560 294 εἶπεν
574 269 642 304 πρὸς
660 268 782 300 ἃπαντας
799 269 862 300 τοὺς
878 277 949 304 παρ-

156 314 293 346 εστῶτας·
310 315 449 349 Ἄγωμεν,
472 315 554 350 φησὶν
565 334 573 347 ,
589 314 690 346 τέκνα,
708 315 754 341 ἐπὶ
777 315 817 350 τῷ
837 315 948 351 ὀνόματι

156 359 272 395 Κυρίου,
289 360 336 386 καὶ
349 360 472 396 ὀψόμεθα
492 361 538 387 τὸν
551 361 645 388 λέοντα
659 361 705 388 τὸν
722 361 879 397 αἱμοϐόρον.
892 362 948 388 Λα-

156 403 213 430 ϐὼν
230 402 277 431 οὖν
291 404 342 439 ἐμὲ
355 405 526 439 Ἐπιφάνιος,
545 405 733 441 ἐπορεύθημεν
751 405 820 440 μετά
836 405 890 432 τῶν
903 406 948 433 ἀν-

155 449 285 486 θρώπων.
296 450 447 478 Ἐλθόντων
459 450 487 477 δὲ
501 451 591 487 ὴμῶν,
603 451 684 477 ἔπεσε
713 451 794 486 φόϐος
807 451 892 486 μέγας
902 452 948 479 ἐπὶ

154 495 261 528 πάντας
276 497 340 528 τοὺς
355 496 436 528 ὕντας
451 496 509 531 μεθ’
529 496 617 532 ἡμῶν.
636 494 719 523 Εἶπεν
741 496 770 523 δὲ
790 497 948 531 Ἑπιφάνιος

155 540 226 576 πρὸς
242 541 305 572 τοὺς
319 541 496 577 ἀνθρώπους·
512 540 567 567 Ποῦ
577 561 584 572 ,
602 542 699 576 φησιν,
724 541 807 568 τέκνα
819 562 826 573 ,
842 541 913 568 ἔστιν
929 543 945 578 ή

156 586 318 622 κατοίκησις
338 586 386 613 τοῦ
409 586 530 619 λέοντοςς
555 587 615 613 Τῶν
637 587 665 613 δὲ
686 587 881 620 ὑποδειξάντων
902 588 947 614 τὸν

153 632 248 663 τόπον,
270 632 377 659 ἔϐαινεν
391 633 553 667 Ἐπιφάνιος
573 632 681 668 πρῶτος
705 633 823 660 πάντων.
843 633 896 660 Τοῦ
918 634 947 660 δὲ

152 677 262 710 λέοντος
291 679 426 715 μηδέποτε
459 679 646 714 βλεπομένου,
672 680 765 714 έλεγεν
788 681 946 715 Ἐπιφάνιος

155 721 264 759 μεγάλῃ
279 724 312 758 τῇ
330 725 423 759 φωνῇ·
444 722 500 750 Ποῦ
523 722 597 750 ἐστιν
620 724 650 750 τὸ
674 725 883 760 κατοικητήριον
898 724 945 751 τοῦ

151 768 274 794 ἀτάκτου
289 768 414 803 λέοντος;
429 769 613 805 Ἐεεπήδησεν
638 769 666 796 δὲ
687 771 702 796 6
724 769 794 797 λέων
818 770 873 797 ἀπὸ
895 770 945 806 τῆς

154 813 222 848 ὕλης
240 814 280 844 εἰς
294 814 455 850 συνάντησιν
465 814 636 849 Ἐπιφανίου.
652 812 735 847 Οὗτος
752 816 781 842 δὲ
800 815 945 843 ίδὼνἘπι-

1000 223 1051 250 bus
1076 223 1122 258 qui
1146 223 1258 250 aderant
1278 232 1284 250 :
1306 222 1407 250 Eamus
1437 223 1465 249 in
1486 223 1597 250 nomine
1619 223 1736 255 Domini,
1756 229 1782 251 et

1000 268 1139 296 videamus
1163 268 1279 296 leonem.
1304 267 1345 295 Mc
1362 271 1452 295 autem
1473 272 1595 302 accepto,
1616 268 1782 303 Epiphanius

1000 314 1110 349 quidem
1136 313 1275 349 prolectus
1290 317 1332 341 est
1346 321 1408 341 cum
1428 313 1594 340 hominibus.
1610 313 1643 339 Et
1660 320 1720 340 cum
1735 321 1781 340 ve-

999 360 1135 387 nissemus
1150 359 1183 386 ad
1207 359 1296 386 locum
1310 379 1317 392 ,
1334 359 1429 386 incidit
1450 366 1564 394 magnus
1587 359 1668 386 timor
1682 358 1709 385 in
1723 366 1780 385 om-

999 411 1048 431 nes
1075 404 1122 438 qui
1138 408 1216 431 erant
1232 404 1385 431 nobiscum.
1402 403 1448 431 Eis
1462 408 1552 431 autem
1571 404 1640 431 dixit
1663 403 1781 438 Epipha-

998 449 1080 477 nius:
1095 448 1146 476 Ubi
1167 453 1219 481 est,
1236 457 1253 477 ο
1266 449 1325 481 lilii,
1341 449 1428 477 leonis
1443 448 1594 476 habitatio?
1607 448 1728 483 Cumque
1741 449 1780 476 lo-

998 503 1061 523 cum
1074 495 1268 527 ostendissent,
1278 495 1326 522 ivit
1339 495 1445 530 primus
1456 494 1624 530 Epiphanius
1635 494 1668 521 ad
1680 494 1778 521 locum.

998 542 1032 568 Et
1056 548 1119 568 cum
1135 541 1177 569 leo
1194 541 1314 568 nondum
1336 540 1486 573 videretur,
1515 540 1582 568 dixit
1601 548 1699 575 magna
1714 548 1780 568 voce

997 586 1166 622 Epiphanius
1180 595 1187 612 :
1206 586 1257 614 Ubi
1273 591 1315 614 est
1327 587 1413 614 leonis
1428 586 1632 614 habitaculum?
1647 586 1700 613 Leo
1716 593 1780 613 vero

996 632 1062 660 exiit
1084 640 1099 659 e
1114 632 1193 665 silva,
1213 637 1242 659 ut
1262 632 1313 659 iret
1335 632 1442 659 obviam
1456 631 1617 667 Epiphanio.
1641 631 1665 659 ls
1688 635 1778 658 autem

996 688 1058 708 cum
1070 679 1181 707 vidisset
1192 679 1385 714 Epiphanium,
1402 678 1492 706 statim
1507 679 1534 706 in
1553 683 1651 705 terram
1669 677 1778 710 cecidit,

995 729 1022 752 et
1039 724 1140 752 mansit
1164 728 1300 751 mortuus.
1318 722 1452 750 Cadaveri
1473 730 1538 750 vero
1552 722 1779 762 appropinquavit

995 770 1165 805 Epiphanius
1180 778 1188 796 :
1206 769 1253 797 sed
1269 769 1366 804 reliqui
1384 775 1479 796 omnes
1493 763 1664 803 eli'ugcrunt,
1680 775 1777 803 magno

995 821 1068 844 metu
1094 814 1192 843 aﬂ‘ecti.
1218 814 1386 850 Epiphanius
1407 820 1497 841 autem
1517 821 1614 849 magna
1630 821 1695 842 voce
1711 815 1778 842 dixit

153 858 260 892 φάνιον,
281 859 383 892 εὐθέως
396 859 493 887 ἔπεσεν
507 861 555 887 ἐπὶ
568 860 618 896 τὴν
630 861 698 896 γῆν,
719 861 767 888 καὶ
782 862 889 897 ἔμεινεν
903 871 938 889 νε-

994 861 1018 889 ei
1032 871 1038 888 :
1054 860 1149 889 Venite
1165 868 1273 893 secure,
1292 860 1339 888 lilii
1350 880 1357 892 .
1383 865 1410 887 et
1428 860 1552 887 videbitis
1567 853 1684 888 cadaver.
1702 860 1775 888 ferae.

152 904 231 939 κρός.
244 904 374 939 Ἐγγίσας
383 905 412 932 δὲ
425 906 583 940 Ἐπιφάνιος
595 906 678 941 ἐγγὺς
688 907 735 934 τοῦ
750 908 882 943 στόματος
894 907 943 944 (α),

150 949 180 975 οἱ
198 949 300 981 πάντες
315 951 457 985 ἀπέφυγον
474 951 549 987 φόϐῳ
572 951 683 988 μεγάλῳ
698 953 883 988 συσχεθέντες,
901 953 944 980 λο-

152 992 308 1028 γιζόμενοι,
329 995 365 1030 μή
382 1003 440 1027 πως
456 996 502 1023 καὶ
515 996 674 1031 Ἐπιφάνιον
692 997 852 1025 θανατώσει.
872 999 901 1024 '0
916 998 945 1024 δὲ

157 1038 316 1074 Ἐπιφάνιος
340 1041 444 1078 μεγάλῃ
469 1045 502 1078 τῇ
527 1046 602 1080 φωνῇ
627 1045 718 1079 ἔλεγεν
746 1044 815 1079 πρὸς
842 1045 946 1076 πάντας

149 1084 267 1117 αὐτούς·
281 1086 374 1119 Δεῦτε,
389 1089 481 1123 φησὶν,
498 1090 618 1124 ἀφόϐως,
633 1090 726 1122 τέκνα,
737 1091 784 1117 καὶ
796 1090 894 1125 ὕφεσθε
910 1090 940 1116 τὸ

150 1130 254 1166 πτῶμα
271 1132 318 1159 τοῦ
340 1133 446 1169 θηρίου.
469 1135 528 1162 Τῶν
550 1136 580 1162 δὲ
602 1136 728 1164 ἁπάντων
754 1136 856 1168 εὐθέως
880 1144 940 1162 συν-

149 1176 300 1211 αχθέντων,
316 1178 369 1206 ἴδον
385 1181 409 1207 οἱ
429 1181 528 1213 πάντες
540 1181 571 1209 τὸ
585 1182 686 1217 πτῶμα
700 1182 748 1208 τοῦ
771 1182 875 1218 θηρίου.
893 1180 939 1209 EI-

991 906 1125 934 Omnibus
1143 914 1207 934 vero
1222 907 1313 934 statim
1339 906 1468 939 collectis,
1484 906 1609 934 viderunt
1625 914 1718 934 omnes
1735 915 1777 934 ca-

992 953 1073 980 daver
1085 953 1159 981 ferre.
1175 952 1244 980 Tum
1261 952 1429 988 Epiphanius
1443 953 1482 980 sic
1497 960 1544 980 eos
1559 953 1694 979 allocutus
1708 957 1750 980 est
1766 962 1772 979 :

993 997 1021 1025 Si
1047 998 1127 1026 iidem
1155 998 1305 1026 habueritis
1328 998 1355 1025 in
1374 997 1543 1025 Salvatorem
1565 997 1715 1030 Christum,
1737 998 1777 1026 sic

992 1044 1089 1072 cadent
1105 1051 1199 1071 omnes
1223 1044 1306 1072 vestri
1330 1043 1512 1071 insidiatores.
1535 1043 1602 1071 Cum
1619 1051 1669 1072 nos
1686 1049 1775 1072 autem

992 1097 1086 1118 omnes
1100 1090 1269 1124 accepissent
1286 1090 1421 1122 homines,
1447 1089 1623 1117 restituerunt
1638 1095 1776 1118 monaste-

992 1135 1045 1163 rio.
1061 1135 1169 1170 Ipsique
1182 1135 1397 1163 benedictionem
1413 1136 1530 1164 assecuti
1557 1136 1592 1164 ab
1613 1135 1775 1171 Epiphanio,

991 1181 1106 1216 ingressi
1122 1185 1185 1208 sunt
1196 1181 1267 1208 viam
1282 1188 1371 1209 suam.

150 1230 201 1249 πεν
213 1223 241 1250 δὲ
252 1224 411 1260 Ἐπιφάνιος
421 1228 490 1263 πρὸς
505 1229 568 1261 τοὺς
582 1229 757 1265 ἀνθρώπους·
773 1229 838 1257 Ἐὰν
849 1229 939 1256 πίστιν
958 1228 1037 1264 έχητε
1060 1228 1130 1263 ’πρὸς
1150 1227 1195 1254 τὸν
1220 1228 1335 1264 Σωτῆρα
1349 1249 1356 1261 ,
1380 1228 1406 1254 oi
1430 1228 1507 1263 ὑμῶν
1528 1228 1664 1255 ἐπίϐουλοι
1689 1228 1775 1262 οὕτως

149 1269 294 1297 πεσοῦνται
313 1273 421 1305 πάντες.
438 1274 572 1307 Λαϐόντες
594 1276 623 1302 δὲ
642 1277 718 1312 ἡμᾶς
745 1277 845 1308 πάντες
866 1277 890 1303 οἱ
910 1276 1019 1312 ἄνδρες,
1043 1275 1186 1302 ἀπέσωσαν
1210 1275 1289 1302 πάλιν
1315 1275 1344 1302 ὲν
1367 1275 1405 1310 τῷ
1424 1276 1607 1311 μοναστηρίῳ,
1626 1275 1672 1302 καὶ
1688 1275 1774 1307 αὐτοὶ,

148 1316 343 1352 εὐλογηθέντες
370 1319 445 1356 παρὰ
473 1321 653 1356 Ἑπιφανίου,
676 1323 863 1358 επορεύθησαν
890 1323 939 1358 τὴν
957 1320 1059 1348 ἑαυτῶν
1074 1320 1141 1348 ὁδόν.

186 1363 251 1390 KB'.
271 1363 417 1401 Ἐδοξὰσθη
438 1366 467 1393 δὲ
486 1367 501 1393 ὁ
523 1367 606 1399 τόπος
627 1368 642 1394 6
663 1368 759 1404 πρώην
774 1369 939 1404 καλούμενος

150 1409 327 1444 Σπανύδριον,
339 1410 382 1437 διὰ
393 1411 561 1446 Ἐπιφανὶου.
571 1411 626 1440 Ἦν
641 1414 695 1450 γάρ
712 1422 778 1441 ποτε
798 1414 934 1449 ἀοίκητος,

150 1454 197 1480 καὶ
211 1454 321 1489 ἄϐατος,
336 1456 382 1482 κα)¹
396 1457 510 1493 ἄνυδρος
520 1467 527 1474 ·
545 1458 586 1486 διὸ
602 1460 649 1486 καὶ
669 1460 718 1495 τὴν
730 1460 888 1496 ἐπωνυμίαν
903 1461 935 1487 ὲκ

1028 1365 1111 1393 XXI].
1126 1365 1217 1394 Gloria
1233 1371 1323 1394 autem
1339 1366 1454 1401 insignis
1467 1365 1517 1394 fuit
1533 1367 1620 1398 locus,
1636 1367 1682 1402 qui
1698 1367 1774 1402 prius

988 1412 1136 1440 vocabatur
1156 1411 1359 1447 Spanhydrion,
1383 1417 1492 1446 propter
1502 1411 1693 1447 Epiphanium.
1713 1411 1775 1440 Fuit

988 1459 1060 1485 enim
1082 1458 1229 1492 aliquando
1253 1458 1330 1486 locus
1352 1458 1443 1485 invius
1457 1478 1465 1490 ,
1482 1462 1510 1485 et
1532 1459 1727 1490 inhabitabilis,
1747 1464 1774 1485 et

150 1498 198 1525 τοῦ
214 1500 251 1535 μὴ
265 1500 337 1535 ἔχειν
353 1501 435 1538 ὕδωρ,
453 1503 619 1539 ἐπεκέκλητο
631 1505 798 1540 Σπανύδριον
809 1515 815 1521 -
831 1507 937 1540 ἐγένετο

989 1511 1057 1538 aqua
1081 1511 1188 1530 carens.
1227 1502 1411 1537 Quamobrem
1435 1503 1642 1538 cognominatus
1666 1511 1774 1538 quoque

148 1547 179 1573 δὲ
198 1548 361 1584 παράδεισος
376 1550 486 1578 πάντων
501 1552 612 1586 ἀγαθῶν
632 1553 763 1588 μετέχων,
789 1554 892 1581 ὑδάτων
908 1554 936 1580 δὲ

149 1593 304 1630 πλημμύρα
322 1595 368 1621 καὶ
383 1595 520 1632 ἐδωδίμων
536 1598 682 1633 διαφόρων.
699 1599 777 1626 Μετά
791 1598 838 1627 οὖν
853 1600 938 1626 ἀπάν-

149 1647 203 1665 των
213 1639 326 1672 τούτων,
341 1637 378 1667 ὧν
389 1641 543 1678 κατηξιώθη
557 1642 716 1678 Ἐπιφάνιος
730 1645 783 1671 ὑπὸ
795 1645 842 1672 τοῦ
857 1645 935 1678 Θεοῦ,

148 1683 180 1710 τὸ
191 1684 263 1719 μέγα
278 1685 358 1712 τοῦτο
375 1687 422 1714 καὶ
439 1687 595 1723 θαυμαστὸν
607 1689 692 1725 δῶρον
707 1691 851 1726 ἐχαρίσατο
863 1691 936 1726 αὐτῷ

148 1730 163 1755 6
178 1729 261 1763 Θεὸς,
287 1730 335 1758 τοῦ
362 1732 431 1767 μετὰ
447 1733 538 1769 πάσης
559 1735 687 1770 ἀληθείας
711 1737 870 1772 ἑρμηνεύειν
887 1737 936 1769 τὰς

150 1773 224 1806 θείας
241 1775 362 1811 Γραφάς.
388 1778 541 1813 Λαμσάνων
554 1780 609 1816 γὰρ
625 1781 674 1812 τὰς
687 1781 812 1813 θεοειδεῖς
830 1782 936 1817 βίϐλους

149 1820 196 1846 καὶ
212 1821 407 1856 ἀναγινώσκων
431 1825 487 1855 τοῖς
508 1825 642 1860 ἀδελφοῖς,
661 1827 711 1862 τὴν
722 1827 824 1854 τούτων
845 1829 935 1854 πᾶσαν

147 1864 263 1902 δύναμιν
274 1868 448 1896 ἐπεδείκνυεν
462 1870 564 1903 αὐτοῖς.
577 1872 710 1904 Ἀκούσας
724 1873 752 1899 δὲ
767 1873 934 1908 Ἐπιφάνιος,

146 1912 162 1940 ὁ
175 1912 261 1947 μέγας
276 1913 378 1949 ῥήτωρ,
391 1916 405 1941 ὁ
423 1916 471 1942 καὶ
483 1916 666 1953 φιλοσοφήσας
679 1919 730 1954 τῆς
742 1918 852 1955 Ἐδέσης
868 1919 934 1946 κάτ-

146 1966 218 1990 οικος
233 1959 296 1994 περὶ
313 1959 483 1995 Ἐπιφανίου,
496 1962 537 1989 ὃτι
552 1963 640 1997 λόγιός
658 1964 742 1996 ἐστιν,
762 1965 934 2000 ἐπεθύμησεν

148 2003 195 2029 ἐπὶ
212 2005 341 2041 συντυχίᾳ
357 2006 451 2033 τούτου
470 2007 568 2035 ἐλθεῖν.
590 2010 645 2036 Καὶ
661 2010 692 2045 δὴ
714 2011 934 2046 παραγενόμενος

147 2049 176 2075 ὲν
189 2049 229 2084 τῷ
244 2052 429 2087 μοναστηρίῳ,
442 2052 472 2079 τὸ
487 2053 588 2089 πλῆθος
602 2055 656 2082 τῶν
671 2055 791 2089 ἀδελφῶν
800 2054 834 2092 ἦν
848 2055 933 2089 ἑστὼς

148 2094 194 2121 καὶ
207 2095 256 2128 τὰς
270 2096 407 2132 ὑμνῳδίας
423 2098 585 2138 ἀναπέμπον
601 2100 640 2135 τῷ
655 2101 722 2136 Θεῷ.
737 2099 791 2128 Ἦν
806 2101 834 2128 δὲ
855 2102 932 2129 Ἐπι-

148 2140 240 2174 φάνιος
252 2141 313 2168 καθ’
324 2142 420 2170 ἑαυτὸν
431 2144 482 2175 τὰς
497 2144 580 2180 εὐχὰς
595 2146 733 2173 ἐπιτελῶν.
746 2146 800 2173 Καὶ
817 2147 849 2182 δὴ
863 2147 931 2182 μετὰ

987 1548 1038 1576 fuit
1049 1549 1250 1584 Spanhydrion,
1265 1556 1298 1576 eo
1312 1548 1385 1584 quod
1396 1557 1493 1584 aquam
1516 1556 1570 1576 non
1593 1549 1712 1576 haberet.
1726 1549 1773 1575 Ef-

986 1594 1073 1622 fectus
1085 1599 1128 1622 est
1142 1601 1232 1622 autem
1250 1595 1407 1629 paradisus.
1423 1595 1450 1622 in
1466 1602 1520 1629 quo
1534 1599 1612 1622 erant
1627 1595 1698 1622 bona
1711 1603 1772 1622 om-

986 1639 1040 1666 nia.
1065 1640 1095 1667 ln
1117 1647 1205 1675 eoque
1226 1640 1400 1668 abundabant
1425 1649 1514 1676 aquae,
1534 1645 1561 1669 et
1575 1642 1711 1669 esculenta
1731 1643 1773 1669 di-

986 1686 1058 1714 versi
1071 1687 1189 1721 generis.
1208 1687 1277 1714 Cum
1291 1687 1325 1714 iis
1335 1686 1403 1723 ergo
1420 1689 1561 1720 omnibus,
1574 1686 1675 1722 quibus
1689 1696 1704 1715 a
1717 1688 1772 1716 Deo

985 1732 1083 1767 dignus
1100 1731 1152 1759 fuit
1169 1732 1278 1760 habitus
1301 1732 1480 1768 Epiphanius,
1508 1734 1560 1762 hoc
1583 1741 1692 1769 quoque
1712 1741 1771 1761 ma-

985 1785 1067 1812 gnum
1091 1781 1119 1805 et
1135 1778 1295 1805 admirabile
1315 1779 1415 1806 donum
1440 1779 1464 1806 ei
1489 1778 1560 1807 Deus
1582 1784 1624 1807 est
1647 1780 1769 1815 largitus,

984 1824 1058 1857 quod
1080 1831 1143 1851 cum
1169 1824 1243 1851 omni
1269 1824 1385 1852 veritate
1409 1825 1516 1852 divinas
1547 1825 1771 1860 interpretaretur

986 1868 1140 1903 Scripturas
1162 1878 1169 1896 :
1188 1869 1296 1896 divinos
1307 1869 1380 1897 enim
1396 1870 1481 1897 libros
1500 1877 1621 1902 sumens,
1637 1874 1664 1897 et
1679 1869 1771 1904 legens

984 1915 1127 1947 fratribus,
1151 1922 1247 1943 eorum
1261 1916 1315 1943 vim
1331 1924 1441 1951 quoque
1454 1916 1619 1944 declarabat.
1634 1915 1702 1943 Cum
1721 1923 1770 1942 au-

985 1966 1038 1989 tem
1064 1961 1233 1996 Epiphanius
1245 1970 1360 1997 magnus
1372 1968 1465 1989 orator
1479 1967 1506 1989 et
1520 1962 1708 1996 philosophus,
1723 1962 1770 1997 qui

985 2007 1123 2035 habitabat
1137 2007 1242 2040 Edessa,
1256 2008 1390 2035 audiissct
1403 2007 1583 2043 Epiphaniqu
1600 2015 1661 2035 esse
1676 2007 1770 2034 erudi-

984 2058 1058 2086 tum,
1078 2054 1242 2081 desideravit
1264 2062 1326 2081 eum
1351 2055 1508 2082 convenire.
1533 2053 1600 2081 Cum
1624 2059 1714 2081 autem
1741 2054 1768 2080 in

984 2099 1179 2126 monasterium
1196 2100 1355 2127 accessisset
1381 2099 1558 2135 Epiphanius,
1575 2100 1663 2128 stabat
1681 2101 1770 2128 multi-

983 2143 1049 2170 tudo
1064 2142 1198 2177 l'ratrum,
1221 2148 1248 2171 et
1271 2143 1326 2172 Deo
1351 2144 1475 2171 mittcbat
1498 2144 1684 2180 hymnodiam.
1704 2144 1769 2172 Erat

148 2184 282 2212 τελείωσιν
302 2187 411 2224 ἀπάσης
433 2189 483 2224 τῆς
506 2189 651 2225 λατρείας,
673 2190 750 2227 ὤφθη
773 2191 932 2227 Ἐπιφάνιος

989 2196 1048 2217 vero
1072 2188 1239 2225 Epiphanius
1260 2198 1370 2225 quoque
1391 2198 1485 2225 preces
1506 2198 1554 2225 per
1578 2198 1607 2217 se
1625 2198 1766 2226 peragens.

147 2232 201 2262 τοῖς
217 2231 339 2266 ἀδελφοῖς
349 2241 357 2248 ·
373 2231 408 2269 ἦν
423 2235 452 2261 δὲ
467 2236 482 2261 6
502 2236 595 2272 ῥήτωρ
609 2237 711 2270 ἑστὼς,
729 2238 776 2265 καὶ
790 2239 931 2274 προσέχων

147 2277 184 2312 τῷ
201 2277 316 2314 πλήθει,
339 2281 385 2307 καὶ
405 2281 510 2316 μηδένα
532 2283 733 2318 ἀσπασάμενος.
754 2285 797 2316 Ὠς
813 2283 860 2312 οὖν
877 2285 931 2312 ἴδεν

147 2322 189 2348 τὸν
208 2323 365 2359 Ἐπιφάνιον
389 2327 404 2353 6
428 2328 571 2363 φιλόσοφος
584 2349 592 2362 ,
610 2330 733 2364 ἐπέγνω,
759 2332 806 2358 καὶ
820 2332 931 2367 δραμὼν

146 2370 346 2407 προσεκύνησεν
365 2373 455 2401 αὐτόν.
481 2372 563 2402 Εἶπεν
584 2375 612 2402 δὲ
629 2375 785 2411 Ἐπιφάνιος
800 2378 839 2413 τῷ
855 2378 931 2413 φιλο-

146 2414 228 2450 comp:
244 2415 287 2450 Τί,
302 2418 316 2444 6
335 2418 422 2452 μέγας
446 2420 612 2454 Ἑπιφάνιος,
635 2423 649 2448 ό
665 2422 752 2457 μέγας
772 2423 879 2459 ῥήτωρ,
904 2424 931 2451 τί

147 2461 293 2504 παρεγένου
315 2463 384 2498 πρὸς
406 2463 452 2490 τὸν
468 2466 632 2500 μικρότατον
645 2468 692 2494 καὶ
705 2468 930 2504 ἀμαρτωλότατον

146 2503 228 2539 ἄνδρα
241 2505 444 2541 Ἐπιφανίδιονς
460 2508 522 2536 Ἐπὶ
548 2510 628 2538 τοῦτό
648 2520 678 2538 σε
695 2503 837 2548 θαυμάζω,
853 2514 929 2549 φιλό-

147 2558 208 2596 σοφε
219 2570 237 2583 ,η
249 2551 275 2578 τί
300 2552 369 2588 πρὸς
389 2553 434 2580 τὸν
452 2554 559 2592 ἰδιώτην
581 2559 734 2594 παρεγένου
750 2560 796 2587 καὶ
813 2561 929 2596 μάλιστα

146 2595 187 2622 διὰ
201 2597 335 2634 τοσαύτης
347 2599 424 2626 ὀδοῦ·
439 2601 483 2628 διὰ
497 2603 578 2630 ποίαν
593 2605 694 2638 αἰτίαν,
706 2606 778 2637 εἰπὲ,
796 2595 888 2643 φησὶν,
906 2605 929 2635 ὧ

146 2643 288 2678 φιλόσοφε;
309 2645 338 2672 '0
359 2645 387 2672 δὲ
405 2646 547 2682 φιλόσοφος
569 2648 645 2677 εἶπεν
666 2651 735 2687 πρὸς
752 2652 926 2688 Ἐπιφάνιον·

147 2689 189 2725 Μὴ
204 2689 327 2725 θαύμαζε
344 2691 391 2718 ἐπὶ
403 2693 491 2725 τοῦτο,
505 2694 646 2723 διδάσκαλε
657 2697 839 2734 πεποθημένε.
849 2699 928 2727 Ἕλε-

148 2743 176 2769 γε
189 2737 243 2772 γὰρ
256 2738 393 2771 Διονύσιος
413 2741 428 2767 6
452 2741 698 2777 Ἁλικαρνασσεὺς,
719 2744 759 2771 ὅτι
795 2745 928 2779 πρόσωπα

178 2817 217 2850 (al
236 2815 368 2853 [interpres
382 2819 446 2855 legit
461 2820 616 2854 πτώματος.
635 2821 713 2852 Eon.
725 2822 845 2852 PA'mot.

981 2234 1067 2263 Porro
1079 2239 1170 2263 autem
1187 2243 1249 2263 cum
1263 2243 1310 2263 eas
1324 2235 1511 2271 perfecissent,
1528 2236 1603 2263 visus
1620 2241 1662 2263 est
1677 2236 1768 2264 fratri-

981 2282 1034 2310 bus
1049 2281 1227 2317 Epiphanius.
1245 2282 1341 2309 Stabat
1359 2282 1452 2317 itaque
1474 2282 1666 2317 phiiosophus,
1684 2288 1711 2310 et
1725 2287 1767 2310 at-

981 2329 1106 2355 tendebat
1135 2328 1353 2362 multitudinem,
1391 2334 1418 2356 et
1444 2329 1580 2356 neminem
1620 2330 1765 2357 salutabat.

981 2374 1126 2409 Postquam
1149 2379 1239 2402 autem
1254 2375 1321 2402 vidit
1344 2374 1525 2409 Epiphanium
1539 2395 1547 2407 ,
1560 2383 1622 2402 eum
1636 2376 1743 2410 agnovit
1757 2385 1764 2408 ;

980 2425 1008 2448 et
1023 2429 1138 2448 currens
1158 2429 1220 2448 eum
1245 2420 1379 2448 adoravit.
1403 2421 1477 2448 Dixit
1493 2426 1582 2449 autem
1603 2422 1765 2457 philosopho

980 2467 1146 2502 Epiphanius
1169 2476 1175 2493 :
1202 2467 1272 2500 Quid
1292 2472 1335 2500 tu,
1359 2469 1405 2502 qui
1430 2476 1460 2496 es
1485 2476 1600 2503 magnus
1624 2474 1715 2496 orator
1737 2475 1765 2496 et

981 2512 1169 2547 philosophus,
1193 2517 1219 2540 et
1233 2512 1338 2539 habitas
1353 2512 1456 2545 Edesm,
1472 2514 1611 2541 accessisti
1626 2514 1658 2541 ad
1680 2514 1764 2541 mini-

980 2565 1054 2584 mum
1071 2562 1099 2584 et
1112 2562 1280 2592 peccatorem
1304 2556 1505 2592 Epiphanium?
1520 2557 1652 2585 Prmtcrea
1668 2559 1763 2590 miror.

979 2603 1052 2638 quod
1070 2602 1247 2637 philosoplms
1276 2603 1383 2629 veneris
1397 2603 1430 2630 ad
1454 2603 1590 2630 hominem
1611 2603 1690 2638 plane
1719 2610 1764 2629 ru-

979 2647 1059 2680 dem;
1075 2653 1102 2674 et
1117 2647 1236 2674 maxime
1252 2652 1306 2674 tam
1321 2655 1336 2674 e
1353 2647 1500 2683 longinquo
1514 2657 1520 2674 :
1537 2654 1647 2684 propter
1665 2657 1748 2683 quam

979 2701 1041 2720 nam
1062 2700 1173 2721 causam
1189 2713 1196 2725 ,
1221 2700 1237 2720 ο
1258 2693 1436 2728 philosophe?
1448 2694 1631 2729 Philosophus
1647 2700 1736 2721 autem
1753 2703 1760 2719 :

979 2739 1016 2768 Ne
1033 2740 1084 2768 hoc
1101 2739 1218 2772 mireris,
1239 2740 1337 2775 inquit,
1362 2748 1378 2768 ο
1395 2741 1523 2775 magister
1537 2741 1696 2769 desiderate.
1718 2742 1763 2768 Dl-
