1934 3029
178 126 210 154 51

820 121 849 148 S.
869 119 1038 147 EPlPllANll
1059 119 1146 146 VITA.

1748 117 1785 145 52

177 183 255 210 cebat
277 182 349 210 enim
364 181 508 217 Dionysius
523 179 744 207 Halicarnasseus
763 186 771 205 :
787 178 815 206 Si
833 185 955 213 personae

1016 177 1161 211 προσώποις
1175 176 1297 212 ἀλλήλοις
1315 177 1514 214 θεωρούμεναῆ
1538 175 1721 205 καλλιστεύειν
1737 176 1786 203 δύ’

177 236 239 256 cum
263 228 388 263 personis
405 227 509 254 collatae
521 226 737 257 considerentur,
764 229 878 259 possunt
894 224 956 259 pul-

178 273 299 300 chriores
312 280 453 308 apparere.
466 272 532 299 Boni
549 279 611 300 cum
626 271 706 298 malis
721 269 839 300 confusi,
856 269 883 296 in
901 275 956 296 uno

177 319 251 354 ligno
265 319 452 346 extendeutur.
466 317 560 344 Nullus
580 316 652 344 enim
675 316 756 343 homo
768 322 849 341 unam
867 313 956 341 ferens

177 365 308 397 tunicam,
335 365 373 392 ita
395 364 513 392 custodit
537 371 655 398 corpus,
679 367 710 390 ut
731 369 785 389 non
813 361 954 388 laceretur.

177 409 297 438 Plurima
316 418 432 445 namque
447 410 602 445 congressio
625 408 757 444 plurimos
779 407 880 442 praebet
899 414 956 434 ser-

177 464 282 483 mones.
299 456 349 484 Ubi
364 461 453 484 autem
475 461 540 483 sunt
555 455 665 490 plurimi
678 461 826 486 sermones,
843 457 885 481 est
900 460 957 479 ma-

178 511 230 537 gna
243 503 411 530 diversarum
426 509 516 529 rerum
533 501 708 536 experientia.
727 499 789 527 Hmc
801 506 864 527 cum
876 499 957 526 dixis-

179 552 221 575 set
232 547 420 582 philosophus,
437 553 463 575 et
477 547 554 582 plura
569 547 633 578 alia,
649 546 742 574 tacuit.

215 592 309 620 XXlll.
330 592 474 628 Excipiens
489 597 578 620 autem
594 591 771 626 Epiphanius,
786 591 902 626 primum
922 590 955 616 li-

179 638 258 665 brum
271 638 304 665 de
323 637 416 665 mundi
434 637 570 666 creatione
590 637 781 671 interpretatus
795 639 836 663 est
850 634 883 662 ad
896 642 956 662 ver-

179 683 243 710 bum
258 683 427 718 philosopho.
446 683 491 711 llle
505 690 569 710 vero
592 682 652 710 aliis
667 682 775 717 quidem
794 680 969 708 asscntieba-'

180 733 234 762 tur,
253 734 347 756 contra
371 729 422 756 alia
438 734 527 756 autem
545 729 661 756 dicebat.
685 728 843 755 Manserunt
866 727 958 761 itaque

180 779 236 802 tres
254 774 311 802 dies
328 774 401 802 inter
416 782 445 802 se
466 774 639 802 disserentes.
662 773 729 807 Quae
754 773 788 800 ah
811 772 877 807 ipsis
894 779 957 799 vero

180 819 348 852 dicebantur,
364 828 534 855 nequaquam
548 820 618 847 inter
633 827 662 848 se
674 818 877 847 conveniebant.
890 817 957 844 Cum

154 872 158 878 ‘
181 865 292 892 vidisset
308 870 397 893 autem
415 865 601 900 philosophus,
617 865 752 900 quomodo
765 864 849 891 vitam
864 863 960 897 agebat
974 856 995 883 Β

181 910 347 945 Epiphanius
359 930 366 943 ,
382 918 444 937 eum
458 910 534 937 valde
548 910 657 943 dilexit,
674 914 701 938 et
716 912 815 944 quarto
830 908 873 935 die
892 907 960 934 dixit

181 954 206 981 ei
225 963 232 981 :
257 953 394 989 Magister,
420 954 532 989 pulchra
553 959 595 982 est
618 955 700 989 hujus
724 953 776 981 loci
801 952 957 980 habitatio:

181 1000 260 1033 Volo,
287 1001 310 1028 si
332 1001 429 1036 jubes,
450 1001 493 1029 hic
510 1002 641 1029 habitare.
663 1000 688 1029 Is
714 1008 778 1028 vero
794 1000 862 1028 dixit
882 999 932 1034 ipsi
951 1009 958 1026 :

182 1046 240 1074 Hoc
262 1046 343 1074 situm
371 1051 413 1074 est
434 1047 462 1074 in
491 1046 577 1074 libero
599 1045 812 1081 uniuscujusque
836 1045 958 1072 arbitrio.

182 1090 362 1126 Philosophus
384 1095 473 1118 autem
490 1100 497 1117 :
518 1091 588 1124 Quin
607 1091 688 1118 etiam
706 1090 789 1118 libros
806 1097 892 1122 meos,
917 1090 958 1116 in-

183 1138 252 1172 quit,
270 1138 325 1165 bue
348 1136 416 1165 fero.
442 1136 511 1164 Dicit
530 1136 695 1172 Epiphanius
711 1144 717 1162 :
734 1136 762 1164 Si
776 1137 840 1172 quid
855 1137 902 1164 tibi
917 1144 961 1164 ve-

183 1183 241 1210 niat
265 1183 292 1210 in
325 1189 441 1210 mentem
455 1204 462 1216 ,
490 1190 598 1218 aequum
621 1187 648 1210 et
667 1183 828 1211 benevolum
849 1183 961 1210 habebis

183 1228 373 1263 Epiphanium.
401 1228 474 1256 Dixit
498 1232 587 1256 autem
615 1228 792 1263 philosophus
815 1237 821 1255 :
845 1227 962 1255 Omnino

184 1275 233 1302 ihit
254 1274 381 1302 Callistus
404 1276 438 1302 ad
460 1282 537 1302 meos
561 1275 656 1302 libros.
677 1274 750 1301 Dixit
772 1274 961 1309 Epiphanius:

184 1321 251 1355 Age,
262 1321 328 1348 vade
348 1328 432 1348 sanus
455 1328 516 1349 cum
535 1320 655 1349 Callisto.
680 1319 751 1347 Dicit
767 1325 855 1348 autem
875 1321 963 1355 philo-

184 1366 288 1401 sophus
306 1375 313 1394 :
329 1365 382 1394 Res
396 1374 490 1394 omnes
512 1374 587 1394 meas
603 1367 753 1402 relinquam
768 1366 890 1399 Callisto,
913 1373 963 1394 nec

185 1420 217 1440 ex
237 1412 289 1440 hoc
310 1412 370 1440 loco
388 1412 477 1440 exibo.
502 1411 567 1439 Erat
589 1419 653 1440 vero
675 1413 719 1440 hic
744 1412 871 1440 Callistus
894 1411 962 1439 Aetii

186 1459 276 1494 magni
292 1457 386 1485 Romae
399 1457 518 1493 praefecti
533 1457 616 1485 ﬁlius.
634 1457 660 1485 Is
672 1465 734 1485 cum
746 1458 895 1493 malignum
912 1458 962 1485 ha-

185 1504 263 1532 beret
286 1504 425 1538 spiritum,
450 1503 515 1552 vidit
537 1503 717 1538 Epiphanium
741 1503 873 1531 dicentem
894 1504 919 1530 ei
937 1504 962 1530 in
978 1522 1000 1552 ο

185 1549 311 1576 visione:
327 1548 392 1580 Vis,
418 1547 546 1580 Calliste,
569 1548 702 1582 expellam
725 1555 741 1575 a
764 1552 790 1575 te
817 1548 965 1583 spiritum?

187 1594 260 1621 Dixit
283 1593 410 1621 Callistus
427 1601 434 1620 :
449 1593 481 1620 Et
502 1593 564 1627 quis
587 1597 614 1620 tu
643 1600 682 1625 es,
709 1594 816 1621 domine
832 1594 879 1626 mi,
894 1595 966 1629 quod

187 1638 277 1673 possis
289 1645 350 1665 eum
370 1637 524 1673 expellere?
538 1636 609 1665 Dixit
623 1643 713 1665 autem
727 1638 892 1673 Epiphanius
905 1639 966 1667 Cal-

188 1684 250 1711 listo
265 1691 272 1709 :
289 1682 344 1718 Ego
362 1690 433 1715 sum,
457 1682 556 1717 inquit,
571 1682 738 1718 Epiphanius
753 1683 966 1719 thnicopalae-

188 1730 288 1761 slinus,
306 1729 352 1764 qui
368 1729 397 1757 in
409 1729 579 1764 Spanbydrio
591 1729 683 1756 habito
699 1729 726 1756 iu
743 1731 918 1758 monasterio.
938 1731 968 1757 Si

188 1783 264 1810 ergo,
279 1775 378 1809 inquit,
395 1775 495 1802 malum
512 1780 564 1802 ate
580 1774 704 1810 spiritum
719 1775 859 1810 expulero,
876 1776 967 1804 venies

189 1821 223 1848 ad
248 1827 302 1853 me,
318 1824 345 1847 et
361 1820 493 1847 babitabis
515 1828 622 1848 mecum
646 1820 672 1847 in
685 1820 854 1856 Spanbydrio
868 1821 880 1848 ?
897 1821 968 1849 Dixit

189 1867 319 1895 Callistus
344 1866 378 1893 ad
403 1865 583 1900 Epiphanium
598 1874 605 1891 :
622 1865 744 1898 Domine,
767 1866 870 1901 expelle
889 1874 904 1894 a
927 1875 969 1894 me

190 1913 360 1940 immundum
374 1912 507 1946 spiritum,
523 1915 550 1939 et
560 1911 689 1939 habitabo
704 1915 801 1939 tecum.
814 1911 891 1939 Tunc
901 1912 970 1939 dixit

190 1959 357 1994 Epiphanius
370 1957 480 1987 Callisto
494 1965 502 1984 :
517 1957 584 1984 Vide
606 1965 640 1985 ne
657 1957 753 1985 feceris
764 1958 856 1990 aliter;
875 1966 970 1986 rursus

190 2005 264 2033 enim
290 2004 338 2032 tibi
365 2003 519 2031 adhaerebit.
553 2003 690 2031 Excitatus
716 2008 806 2031 autem
830 2003 970 2036 Callistus,

191 2051 311 2078 narravit
324 2050 416 2078 omnia
433 2049 502 2085 patri
517 2056 568 2077 suo
582 2049 718 2084 praefecto.
735 2050 776 2077 Ab
787 2050 833 2077 illo
847 2058 911 2086 ergo
928 2051 972 2078 die

191 2105 246 2124 non
269 2103 312 2125 est
335 2096 452 2132 amplius
477 2095 592 2123 amictus
616 2095 744 2124 Callistus
770 2097 803 2124 ab
830 2097 971 2125 immundo

191 2144 301 2178 spiritu:
316 2142 381 2171 Post
396 2148 502 2177 tempus
524 2142 719 2169 autem-trium
743 2143 877 2170 mensium
902 2143 972 2171 dixit

1006 231 1109 253 νανται,
1122 222 1138 256 ἢ
1152 224 1231 249 κακοὶ
1248 223 1338 255 καλοῖς
1354 232 1384 249 συ
1389 224 1541 259 μφυρέντες
1554 224 1582 250 ἐν
1598 223 1640 250 ἐνὶ
1655 222 1724 257 ξύλῳ
1738 231 1787 248 τα-

1006 267 1191 303 νυσθήσονται.
1207 268 1299 300 Οὐδεὶς
1319 268 1373 303 γάρ
1390 268 1539 304 ἀνθρώπων
1556 269 1603 295 ἕνα
1620 267 1720 303 χιτῶνα
1736 275 1785 301 φο-

1008 313 1072 349 ρῶν,
1090 313 1234 347 ἀνάξαντον
1249 313 1280 340 τὸ
1301 314 1381 349 σῶμα
1404 314 1569 348 διαφυλάξει.
1589 314 1620 340 Ἦ
1637 313 1691 348 γὰρ
1712 312 1787 338 πλεί-

1008 367 1056 395 στη
1078 359 1203 394 συντυχία
1227 359 1367 391 πλείστους
1389 359 1483 394 λόγους
1505 359 1628 394 παρέχει.
1653 359 1740 385 Ὅπου
1757 357 1787 383 δὲ

1007 405 1126 431 πλεῖστοι
1151 405 1235 439 λόγοι,
1257 405 1421 441 πολυπειρία
1446 405 1616 441 πραγμάτων
1641 404 1784 438 διαφόρων.

1007 450 1098 477 Ταῦτα
1119 451 1146 477 δὲ
1166 450 1250 478 εἰπὼν
1271 453 1285 477 ὁ
1300 451 1441 485 φιλόσοφος
1464 451 1532 485 πρὸς
1558 450 1722 485 Ἐπιφάνιον,
1739 449 1789 475 καὶ

1008 496 1117 523 πλείονα
1130 497 1230 523 τούτων
1241 516 1248 528 ,
1263 496 1454 532 ἀπεσιώπησεν
1473 496 1570 532 μηκέτι
1592 495 1786 530 φθεγγόμενος.

1042 595 1105 623 ΚΓ.
1132 595 1288 623 ’Υπολασὼν
1309 595 1338 622 δὲ
1360 595 1516 630 Ἐπιιράνιος
1535 595 1589 622 ἀπὸ
1611 594 1659 629 τῆς
1676 593 1787 630 πρώτης

1009 641 1099 676 βίϐλου
1113 641 1162 676 τῆς
1185 641 1360 676 κοσμοποιτας
1375 641 1567 676 διερμήνευσεν
1581 642 1651 666 κατὰ
1667 639 1731 670 ἔπος
1747 638 1788 673 τῷ

1008 687 1152 722 φιλοσόφῳ.
1173 687 1202 712 '0
1219 687 1267 722 μὲν
1287 684 1333 713 οὖν
1349 686 1492 721 φιλόσοφος
1516 686 1572 717 τοῖς
1588 685 1637 720 μὲν
1654 685 1788 720 μετεῖχεν,

1007 734 1064 764 τοῖς
1083 732 1112 759 δὲ
1139 731 1292 767 ἀντέλεγεν,
1304 732 1451 766 Ἐποίησαν
1474 731 1502 757 δὲ
1519 732 1593 766 τρεῖς
1611 731 1713 765 ἡμέρας
1729 730 1788 755 δια-

1008 778 1147 813 λεγόμενοι
1160 778 1229 814 πρὸς
1244 778 1366 810 ἑαυτούς.
1381 777 1544 812 Ἀσύμφωνα
1560 777 1587 803 δὲ
1601 774 1634 812 ἦν
1648 776 1738 807 αὐτοῖς
1754 773 1790 801 τὰ

1009 824 1159 859 λαλούμενα
1175 824 1220 850 ὑπ’
1237 823 1335 850 αὐτῶν.
1350 822 1421 849 Ἰδὼν
1438 823 1467 849 δὲ
1480 823 1493 849 ὁ
1514 822 1656 856 φιλόσοφος
1669 821 1717 856 τὴν
1730 820 1791 846 δια-

1009 870 1101 906 γωγὴν
1113 870 1159 896 καὶ
1169 869 1204 896 τὰ
1214 869 1265 905 ἥϐη
1277 868 1445 903 Ἐπιφανίου,
1461 867 1527 895 πολὺ
1541 868 1682 902 ἠγάπησεν
1695 865 1788 893 αὐτόν.

1009 915 1048 950 Τῇ
1068 912 1114 941 οὖν
1139 914 1255 949 τετάρτῃ
1278 914 1368 950 ἡμέρᾳ
1382 911 1457 940 εἶπεν
1479 914 1493 940 ὁ
1513 913 1657 946 φιλόσοφος
1676 911 1791 945 Ἐπιφα-

1009 961 1057 996 νίῳ
1067 969 1073 978 ·
1084 960 1240 991 Διδάσκαλε,
1252 959 1320 995 καλὴ
1333 960 1349 994 ή
1362 959 1467 994 οἴκησις
1480 958 1526 985 τοῦ
1539 959 1631 985 τόπου.
1645 956 1791 991 Βούλομαι,

1010 1008 1034 1033 εί
1052 1006 1180 1037 κελεύεις,
1198 1006 1281 1032 οίκεῖν
1298 1003 1422 1031 ἐνταῦθα.
1439 1002 1523 1031 Εἶπεν
1534 1003 1562 1030 δὲ
1577 1002 1733 1037 Ἐπιφάνιος
1751 1001 1791 1035 τῷ

1011 1050 1161 1085 φιλοσόφῳ·
1179 1048 1263 1075 Τοῦτο
1283 1048 1351 1083 πρὸς
1363 1047 1412 1083 τὴν
1430 1047 1589 1083 προαιρεσιν
1603 1045 1661 1076 ὲνδς
1675 1044 1791 1070 ἑκάστου

1011 1095 1093 1122 ἐστίν.
1115 1093 1199 1122 Εἶπεν
1213 1094 1243 1121 δὲ
1265 1095 1280 1120 ό
1302 1093 1444 1128 φιλόσοφος
1463 1092 1616 1126 Ἐπιφανίῳ
1628 1099 1634 1105 ·
1650 1089 1730 1116 Ἀλλὰ
1745 1089 1794 1115 καὶ

1010 1140 1059 1172 τὰς
1074 1139 1181 1175 βίϐλους
1195 1139 1280 1175 φέρω.
1305 1135 1389 1165 Εἶπεν
1404 1138 1431 1164 δὲ
1450 1137 1539 1172 αὐτῷ’
1558 1136 1592 1164 Εἴ
1603 1145 1629 1162 τι
1647 1134 1795 1170 παρεισέρ-

1011 1195 1088 1222 χεται
1101 1186 1140 1221 τῷ
1156 1184 1279 1220 λογισμῷ
1293 1193 1350 1217 σου,
1367 1184 1494 1220 εὑρήσεις
1514 1182 1672 1217 Ἐπιφάνιον
1691 1181 1795 1215 εὐγνω-

1013 1232 1153 1268 μονοῦντα.
1170 1230 1252 1258 Εἶπεν
1266 1230 1295 1257 δὲ
1314 1231 1328 1256 ὀ
1348 1229 1490 1264 φιλόσοφος
1502 1237 1509 1244 ·
1525 1228 1673 1259 Κάλλιστος
1690 1225 1796 1261 πορεύ-

1013 1286 1088 1304 σεται
1103 1277 1171 1313 πρὸς
1185 1277 1234 1308 τὰς
1254 1276 1323 1311 ὲμᾱς
1346 1273 1461 1311 βξὸλους.
1477 1273 1561 1302 Εἶπεν
1584 1273 1740 1307 Ἐπιφάνιος
1756 1271 1796 1306 τῷ

1013 1322 1166 1357 φιλοσόφῳν
1186 1322 1300 1355 Ἀγαγε,
1317 1320 1391 1354 βαῖνε
1405 1319 1533 1353 ὑγιαίνων
1552 1317 1621 1354 μετά
1633 1317 1793 1344 Καλλίστου.

1013 1368 1098 1397 Εἶπεν
1112 1368 1140 1394 δὲ
1161 1368 1176 1393 ὸ
1199 1366 1342 1401 φιλόσοφος
1363 1364 1529 1399 Ἐπιφανίῳ·
1553 1363 1646 1390 Πάντα
1669 1362 1702 1389 τὰ
1725 1362 1795 1397 πρά-

1013 1413 1105 1449 γματά
1121 1421 1171 1447 μου
1189 1411 1331 1446 Καλλίστῳ
1344 1411 1431 1444 ἀφίω·
1445 1409 1500 1443 ἐγὼ
1514 1409 1568 1444 γὰρ
1584 1409 1673 1435 οὐκέτι
1687 1408 1795 1443 ἐξέρχο-

1016 1468 1064 1496 μαι
1080 1460 1113 1486 ὲκ
1121 1458 1169 1485 τοῦ
1180 1458 1262 1485 τόπου
1277 1457 1383 1484 τούτου.
1395 1457 1448 1482 Ἠν
1461 1455 1489 1483 δὲ
1502 1456 1516 1480 ὸ
1530 1455 1677 1486 Κάλλιστος
1690 1453 1794 1480 Ἀετίου

1015 1506 1061 1533 τοῦ
1097 1506 1214 1541 μεγάλου
1249 1504 1368 1539 ἐπάρχου
1399 1503 1447 1538 τῆς
1473 1502 1581 1537 Ῥώμης
1612 1501 1678 1532 υἱός.
1713 1496 1797 1530 Οὗτος

1016 1551 1125 1587 πνεῦμα
1147 1550 1263 1585 πονηρὸν
1279 1549 1359 1584 ἔχων,
1385 1548 1446 1575 ἰδὼν
1459 1549 1617 1583 Ἐπιφάνιον
1636 1548 1664 1573 ὲν
1682 1545 1798 1580 ὀπτασίᾳ

1015 1598 1127 1631 λέγοντα
1140 1595 1213 1631 αὺτῷ
1225 1603 1231 1609 ·
1249 1595 1343 1626 Θέλεις
1353 1614 1360 1626 ,
1382 1594 1516 1621 Κάλλιστε
1526 1614 1533 1625 ,
1547 1593 1634 1625 διώξω
1646 1592 1676 1618 τὺ
1690 1591 1798 1625 πνεῦμα

1016 1643 1069 1670 ἀπὸ
1085 1643 1148 1675 σοῦ;
1170 1640 1255 1669 Εἶπεν
1277 1641 1305 1667 δὲ
1326 1641 1492 1672 Κάλλιστος·
1515 1639 1571 1666 Ka‘t
1591 1639 1633 1670 τίς
1656 1637 1697 1671 εἴ,
1721 1637 1798 1672 κύριε

1019 1698 1081 1724 μου,
1097 1689 1138 1715 δτι
1152 1687 1263 1714 δύνασαι
1280 1686 1373 1718 διῶξαι
1395 1686 1477 1718 acad;
1493 1685 1576 1712 Εἶπεν
1591 1685 1620 1711 δὲ
1641 1683 1798 1717 Ἐπιφάνιος

1016 1734 1055 1769 τῷ
1070 1733 1226 1768 Καλλίστῳ·
1244 1731 1317 1766 Ἐγώ
1338 1732 1395 1766 ειμι
1406 1751 1413 1763 ,
1434 1730 1524 1766 φησιν,
1539 1729 1696 1763 Ἐπιφάνιος
1709 1729 1723 1754 ὸ
1739 1727 1798 1752 Φοι-

1017 1778 1260 1810 νικοπαλαιστινδς,
1274 1779 1289 1805 ὁ
1304 1778 1333 1804 ὲν
1346 1776 1505 1811 Σπανυδρίῳ
1519 1775 1600 1802 οίκῶν
1610 1774 1649 1809 τῷ
1665 1780 1798 1809 μοναστη-

1019 1827 1079 1862 ρίῳ.
1095 1825 1158 1853 Ἐάν
1175 1823 1231 1856 οὖν,
1249 1825 1341 1860 φησὶν,
1362 1823 1448 1856 διώξω
1464 1823 1494 1849 τὸ
1511 1821 1618 1857 πνεῦμα
1640 1821 1669 1847 τὸ
1684 1819 1799 1855 πονηρὸν

1019 1873 1074 1900 ἀπὸ
1088 1871 1146 1904 σοῦ,
1164 1871 1260 1906 ὲλεύσῃ
1274 1870 1321 1897 καὶ
1336 1869 1508 1904 κατοικήσεις
1529 1868 1586 1903 μετ’
1599 1866 1665 1901 ἐμοῦ
1684 1867 1712 1892 ἐν
1727 1866 1800 1891 Σπα-

1019 1918 1127 1953 νυδρίῳ.
1142 1914 1225 1945 Εἶπεν
1237 1916 1266 1942 δὲ
1279 1915 1428 1946 Κάλλιστος
1444 1914 1511 1950 πρὸς
1523 1913 1693 1947 Ἐπιφάνιον·
1706 1910 1800 1946 Κύριε,

1019 1964 1112 1997 δίωξον
1135 1964 1182 1991 ἀπ’
1199 1963 1266 1998 ἐμοῦ
1281 1963 1312 1989 τὸ
1328 1961 1480 1997 ἀκάθαρτον
1498 1959 1621 1995 πνεῦμα,
1639 1958 1686 1985 καὶ
1710 1965 1801 1984 κατοι-

1020 2011 1107 2045 κήσω,
1120 2009 1196 2044 φησὶ,
1211 2008 1279 2044 μετά
1294 2008 1351 2035 σοῦ.
1366 2005 1448 2034 Εἶπεν
1460 2007 1489 2033 δὲ
1506 2005 1662 2040 Ἑπιφάνιος
1674 2003 1713 2039 τῷ
1730 2003 1800 2030 Καλ-

1020 2055 1102 2090 λίστῳ
1112 2063 1119 2070 ⁸
1140 2054 1226 2081 Βλέπε
1248 2054 1285 2090 μὴ
1305 2054 1420 2089 ποιήσῃς
1434 2052 1529 2084 ἄλλως,
1545 2051 1605 2078 ἐπεὶ
1623 2050 1703 2078 πάλιν
1718 2057 1802 2085 προσ-

1022 2101 1227 2136 κολληθήσεται.
1245 2098 1430 2132 Ἐξυπνισθεὶς
1449 2096 1494 2124 οὖν
1516 2099 1529 2124 ὁ
1548 2096 1696 2126 Κάλλιστος
1709 2094 1803 2129 διηγή-

1023 2156 1088 2174 σατο
1104 2147 1142 2182 τῷ
1156 2147 1239 2182 πατρὶ
1255 2146 1336 2173 αὐτοῦ
1350 2145 1406 2172 όντι
1420 2144 1540 2180 ἐπάρχῳ.
1554 2142 1622 2169 ’Δπὸ
1634 2142 1683 2176 τῆς
1698 2141 1803 2176 ἡμέρας

191 2187 319 2216 Callistus
335 2187 412 2215 Aetio
425 2188 495 2222 patri
511 2195 562 2215 suo
575 2195 582 2213 :
597 2186 687 2219 Pater,
700 2187 761 2214 volo
782 2187 821 2214 ire
843 2187 869 2214 in
884 2188 964 2222 regio-

1024 2189 1070 2218 οὖν
1083 2191 1188 2225 ἐκείνης
1206 2190 1298 2217 οὐκέτι
1318 2191 1332 2216 ὸ
1350 2188 1498 2219 Κάλλιστος
1515 2187 1567 2214 ὑπὸ
1590 2186 1635 2213 τοῦ
1653 2185 1803 2220 πνεύματος

193 2242 254 2261 nem
272 2233 448 2266 Phoenicum,
465 2238 491 2260 et
504 2241 625 2268 quaerere
639 2233 819 2268 Epiphanium
830 2254 837 2265 ,
853 2239 879 2261 et
895 2234 972 2261 habi-

192 2284 249 2306 tare
262 2286 323 2306 cum
339 2279 396 2313 ipso
409 2279 437 2306 in
453 2278 635 2314 Spanhydrio.
647 2278 825 2314 Statimlpater
839 2279 908 2313 ejus,
923 2279 971 2306 da-

192 2324 228 2351 tis
239 2324 265 2351 ei
279 2323 372 2351 multis
388 2324 521 2357 pecuniis,
535 2323 609 2356 misit
622 2331 684 2351 cum
699 2323 833 2358 przcsidio.
849 2323 972 2358 Cumque

192 2368 313 2396 venisset
329 2369 356 2396 in
375 2368 556 2403 thniciam,
580 2374 607 2397 et
629 2362 824 2404 inquisivisset,
845 2369 919 2396 venit
938 2369 972 2397 ad

193 2413 385 2449 Epiphanium,
401 2419 428 2442 et
442 2416 468 2442 ei
485 2416 611 2450 exposuit
622 2416 725 2449 omnia,
741 2419 768 2442 et
781 2415 909 2442 habitavit
923 2423 971 2443 no-

195 2459 311 2486 hiscum.
335 2458 409 2487 Misit
433 2467 498 2494 ergo
519 2460 698 2495 philosophus
724 2460 875 2492 Callistum,
894 2461 972 2495 jussu

195 2504 349 2539 Epiphanii,
373 2512 435 2532 cum
458 2505 564 2532 duobus
587 2506 690 2540 pueris,
713 2510 740 2532 et
761 2505 848 2532 tribus
863 2506 974 2534 camelis

195 2550 311 2577 Edcsam
335 2550 368 2577 ad
391 2550 476 2578 libros
499 2551 682 2579 adducendas.
713 2551 836 2586 Cumque
857 2551 975 2579 venisset

196 2596 323 2629 Edesam,
337 2598 439 2632 accepit
462 2596 546 2624 libros
560 2597 724 2633 philosophi,
746 2602 773 2625 et
787 2598 917 2633 imposuit
930 2605 976 2625 ca-

197 2643 285 2674 melis,
301 2648 328 2671 et
340 2643 414 2671 venit
432 2644 460 2670 in
479 2644 684 2671 monasterium.

1024 2236 1071 2264 τοῦ
1090 2236 1243 2272 ἀκαθάρτου
1263 2235 1365 2271 ὲθλίὸη.
1381 2235 1458 2262 Μετὰ
1480 2234 1508 2260 δὲ
1522 2233 1680 2269 τριμηναῖον
1699 2231 1802 2266 χρόνον,

1024 2282 1100 2310 εἶπεν
1125 2283 1222 2317 ’Λετίῳ
1246 2282 1285 2318 τῷ
1307 2282 1391 2317 πατρὶ
1415 2281 1511 2308 αὑτοῦ·
1537 2279 1679 2314 Βούλομαι,
1696 2278 1802 2312 Πάτιρ,

1025 2328 1188 2364 πορευθῆναι
1201 2329 1230 2354 ὲν
1241 2329 1273 2363 τῇ
1293 2327 1368 2363 χώρᾳ
1381 2327 1434 2353 τῶν
1450 2327 1588 2357 Φοινίκων,
1606 2325 1652 2351 καὶ
1667 2323 1803 2358 ἀναζητῆ-

1025 2383 1071 2401 σαι
1082 2374 1128 2400 τὸν
1142 2373 1310 2408 Ἐπιφάνιον,
1324 2375 1371 2399 καὶ
1386 2372 1496 2407 οἰκῆσαι
1511 2372 1568 2407 μετ’
1584 2369 1666 2397 αὑτοῦ
1682 2371 1710 2395 ἐν
1718 2370 1805 2395 Σπαν-

1029 2420 1121 2456 υδρίῳ.
1134 2419 1242 2451 Εὐθέως
1265 2417 1311 2446 οὖν
1325 2420 1338 2446 ὀ
1350 2418 1439 2453 πατὴρ
1454 2417 1536 2444 αὑτοῦ
1550 2416 1637 2446 δώσας
1653 2415 1726 2450 αὐτῷ
1740 2415 1806 2450 χρή-

1028 2474 1099 2500 ματα
1114 2464 1214 2497 πολλὰ,
1231 2463 1388 2491 ἀπέστειλεν
1405 2462 1485 2490 αὑτὸν
1507 2462 1575 2497 μετὰ
1598 2460 1730 2496 βοηθείας.
1751 2459 1805 2485 Καὶ

1029 2510 1113 2537 ἐλθὼν
1137 2511 1166 2537 ὲν
1181 2511 1215 2545 τῇ
1235 2510 1362 2544 Φοινίκῃ,
1387 2508 1553 2542 ἐπιζητήσας
1573 2506 1742 2540 Ἐπιφάνιον,
1760 2504 1804 2530 καὶ

1029 2556 1229 2591 ἐξηγησάμενος
1250 2555 1323 2590 αὑτῷ
1338 2555 1459 2587 ἅπαντα,
1474 2552 1631 2587 κατῴκησεν
1647 2551 1703 2586 μεθ’
1717 2549 1802 2584 ήμῶν.

1034 2600 1203 2627 ’Λπέστειλεν
1216 2598 1262 2626 οὖν
1271 2601 1285 2626 ὁ
1297 2599 1438 2634 φιλόσοφος
1452 2597 1498 2624 τὸν
1515 2597 1662 2624 Κάλλιστον
1677 2595 1746 2621 κατά
1762 2594 1805 2620 κέ-

1028 2645 1118 2672 λευσιν
1139 2645 1312 2680 Ἐπιφανίου,
1335 2644 1404 2679 μετὰ
1428 2643 1474 2670 δύο
1494 2641 1642 2678 παιδαρίων
1662 2639 1709 2666 καὶ
1726 2638 1806 2674 τριῶν

198 2690 329 2725 καμήλων
361 2691 390 2716 ἐν
409 2690 512 2726 Ἐδέσῃ,
536 2683 582 2715 ἐπὶ
598 2689 629 2715 τὸ
642 2689 753 2723 ἀγαγεῖν
783 2689 832 2721 τὰς
866 2688 972 2724 βίὸλους
1000 2690 1081 2717 αὑτοῦ
1096 2692 1124 2718 ὲν
1137 2691 1175 2726 τῷ
1189 2691 1370 2726 μοναστηρίῳ.
1393 2689 1446 2716 Καὶ
1461 2689 1492 2724 δὴ
1508 2688 1556 2724 τὴν
1570 2685 1680 2721 πορείαν
1696 2684 1806 2720 ποιησά-

201 2745 278 2771 μενος
292 2738 306 2763 ὁ
316 2736 464 2768 Κάλλιστος
480 2737 507 2762 ἐν
523 2735 632 2771 Ἐδέσῃ,
649 2735 726 2761 ἔλαϐε
758 2735 807 2767 τὰς
839 2735 945 2770 βίϐλους
960 2734 1006 2762 τοῦ

199 2783 246 2810 καὶ
261 2782 424 2818 παρεγένετο
439 2784 467 2809 ἐν
479 2782 517 2818 τῷ
534 2781 713 2817 μοναστηρίῳ.

1041 2736 1198 2772 φιλοσόφου,
1214 2737 1259 2763 καὶ
1278 2736 1374 2772 ἔθηκεν
1406 2736 1452 2762 ἐπὶ
1479 2734 1529 2765 τὰς
1551 2734 1634 2768 τρεῖς
1659 2732 1808 2768 καμήλους,
