1934 3029
190 101 205 108 ι-

168 102 207 128 55
801 113 830 140 δ.
852 111 1022 140 EPIPHANII
1038 111 1127 140 vm.
1732 112 1769 140 ss-

179 164 262 193 ".t'A'.
284 165 352 194 Καθ’
376 167 482 202 ἡμέραν
503 165 550 194 οὖν
579 167 736 203 Ἐπιφάνιος
764 170 812 196 καὶ
831 170 845 196 6
870 171 945 204 φιλό-

1030 169 1122 197 ΧΧΝ.
1142 169 1268 203 Quotidie
1284 176 1347 204 ergo
1361 168 1528 204 Epiphanius
1551 173 1578 197 et
1600 169 1777 204 philosophus

165 219 246 244 σοφος
259 212 288 238 ὲν
301 212 382 248 πολλῇ
397 213 547 248 φιλονεικίᾳ
560 211 629 249 ἦσαν
646 213 712 249 πρὸς
725 215 845 247 ἑαυτούς.
863 214 946 243 Εἶπεν

163 255 192 281 δὲ
206 255 362 290 Ἐπιφάνιος
374 257 413 293 τῷ
427 258 577 294 φιλοσόφῳ·
589 259 670 293 Λέγει
686 259 794 295 Δανιὴλ,
808 260 946 295 φιλόσοφε,

163 302 205 327 ὅτι
220 302 371 336 κριτήριον
385 303 535 337 ἐκάθισεν,
550 305 599 331 καὶ
617 305 719 337 ,βίϐλοι
739 305 946 341 ἠνεῴχθησαν.

163 347 249 382 Δεῦρο
267 348 382 383 πρόθες,
406 351 490 384 φησὶ,
515 350 565 382 τὰς
584 351 633 382 σὰς
655 351 778 386 βίϐλους,
800 352 878 386 κάγὼ
897 352 948 384 τὰς

164 393 245 427 ὲμάς,
261 393 294 425 ἃς
310 402 354 429 μοι
370 395 384 421 6
397 395 463 426 Θεὸς
477 396 631 432 ἐχαρίσατο,
641 397 687 424 καὶ
700 397 886 433 καθεσθῶμεν,
901 399 948 425 καὶ

163 439 348 475 διακριθῶμεν
363 440 431 475 πρὸς
446 441 567 473 ἑαυτούς.
580 441 730 478 Ἐπέθηκεν
744 442 774 469 δὲ
790 442 948 477 Ἐπιφάνιος

163 485 213 517 τὰς
229 485 422 518 θεοπνεύστους
435 487 545 522 Γραφὰς
557 487 589 513 ὲκ
603 487 707 521 δεξιῶν,
721 488 767 514 καὶ
780 488 794 514 6
805 488 947 523 φιλόσοφος

165 529 196 562 ἐξ
216 530 381 566 ἀριστερῶν·
409 530 463 558 τῶν
486 531 515 558 δὲ
535 531 695 567 ἀρξαμένων
717 533 765 560 ἀπ’
786 534 874 569 ἀρχῆς
897 534 948 570 τῆς

166 576 354 611 κοσμοποιΐας,
369 577 383 602 6
396 576 446 611 μὲν
458 576 616 612 Ἐπιφάνιος
630 578 684 605 ἀπὸ
695 578 744 614 τῆς
757 579 897 613 γενέσεως,
914 577 948 614 ἧς

165 621 284 656 Μωῡσῆς
299 623 496 657 συνεγράψατο,
509 624 523 650 6
535 623 564 649 δὲ
581 623 722 659 φιλόσοφος
734 625 788 651 ἀπὸ
803 627 852 661 τῆς
865 625 948 662 αὐτῆς

165 666 314 700 γενέσεως,
337 665 371 703 ἧς
389 669 403 695 6
430 668 550 701 Ἠσίοδος
572 670 768 705 συνεγράψατο.
791 671 868 698 Κατὰ
884 671 948 704 ἔπος

163 710 212 739 οὖν
233 712 410 746 διεξελθόντες
426 714 460 740 τὰ
482 714 529 741 δύο
551 714 657 749 βιϐλία,
682 716 861 750 ἐφιλονείκουν
881 717 948 752 πρὸς

164 758 287 790 ἑαυτούς.
302 757 356 785 Ἦν
369 759 398 785 δὲ
411 759 442 786 τὸ
455 759 512 794 φῶς
539 760 611 794 φῶς,
630 761 677 788 καὶ
690 761 721 788 τὸ
736 761 829 793 σκότος
844 761 946 793 σκότος.

171 802 201 830 '0
216 803 269 838 γὰρ
285 803 403 839 Μωῦσῆς
423 803 490 830 Θεοῦ
515 805 728 841 συνεργήσαντος
746 806 947 842 συνεγράψατο·

164 850 181 875 ὁ
200 849 228 876 δὲ
253 849 372 881 Ἠσίοδος
393 850 447 876 ἀπὸ
473 850 521 886 μὲν
549 851 616 877 Θεοῦ
636 852 667 878 τὸ
684 852 733 886 ζῇν
747 850 832 887 εἶχεν,
855 853 908 879 ἀπὸ
921 852 949 879 δὲ
964 841 985 868 Β

163 889 298 930 δαιμόνων
318 896 368 931 τὴν
389 896 504 933 πλάνην.
531 897 670 925 Ἐνιαυτον
690 898 737 926 οὖν
760 899 820 927 ὃλον
844 899 949 935 ἔμεινεν

165 941 322 976 Ἐπιφάνιος
337 943 526 979 διαλεγόμενος
542 944 581 979 τῷ
595 945 741 981 φιλοσόφῳ,
759 946 805 973 καὶ
816 946 866 973 οὐκ
877 946 950 973 ἕπει-

165 995 213 1013 σεν
228 987 318 1015 αὐτόν.
343 989 411 1015 Ποτὲ
427 989 492 1023 γοῦν
507 990 642 1025 ἀγροίκων
663 991 709 1018 τὸν
731 991 845 1027 ἀριθμὸν
863 991 883 1024 ξ’
903 992 950 1026 φέ-

164 1041 258 1068 ρουσιν
274 1033 413 1061 νεανίσκον
434 1035 496 1062 τινὰ
517 1035 569 1062 ὑπὸ
587 1035 632 1062 τοῦ
656 1036 811 1072 ἀκαθάρτου
831 1037 950 1072 ἐνοχλού-

167 1086 257 1112 μενον.
274 1078 350 1105 Ἐπεὶ
364 1076 410 1106 οὖν
425 1080 475 1116 ούκ
499 1080 632 1115 ἠδύναντο
655 1082 845 1116 περιγενέσθαι
867 1082 948 1109 αὐτοῦ

163 1123 191 1149 οἱ
215 1123 247 1156 ξ’,
270 1124 395 1152 ἀλύσεσιν
420 1125 517 1161 ἔδησαν
539 1126 641 1159 τοῦτον,
668 1127 715 1154 καὶ
739 1127 857 1162 ἤνεγκαν
882 1128 949 1163 πρὸς

173 1168 328 1203 Ἐπιφάνιον
341 1171 370 1197 ὲν
386 1170 427 1206 τῷ
445 1172 627 1208 μοναστηρίῳ.
649 1169 732 1200 Εἶπεν
751 1173 780 1199 δὲ
794 1173 949 1208 Ἐπιφάνιος

166 1215 205 1251 τῷ
222 1215 372 1252 φιλοσόφῳ’
391 1218 458 1252 Ἄγε
479 1218 526 1254 δὴ,
548 1218 684 1253 φιλόσοφε,
699 1220 713 1246 6
724 1219 774 1251 τὰς
786 1220 949 1255 φιλονεικίας

166 1261 327 1296 ποιούμενος
355 1263 423 1298 μετὰ
443 1264 490 1290 τοῦ
513 1265 674 1301 ἀμαρτωλοῦ
697 1266 870 1301 Ἐπιφανίου,
891 1268 949 1294 ἑπι-

166 1305 349 1342 καλεσάμενος
364 1307 394 1334 τὸ
410 1308 511 1343 πλῆθος
535 1309 588 1336 τῶν
613 1309 681 1337 θεῶν
703 1319 760 1344 σου,
786 1312 859 1343 ὅπως
882 1313 949 1339 ἁπο-

165 1350 306 1384 διώξουσιν
319 1353 349 1379 τὸ
362 1354 470 1389 πνεῦμα
483 1355 537 1382 ἀπὸ
550 1355 597 1382 τοῦ
612 1357 763 1383 νεανίσκου.
783 1357 812 1384 '0
830 1357 857 1384 δὲ
873 1358 948 1392 φιλό-

168 1405 248 1431 σοφος
264 1397 358 1434 ὥσπερ
383 1400 544 1436 ἡττηθέντα,
563 1402 610 1428 καὶ
622 1402 798 1438 ἀπορήσαντα
813 1404 858 1431 τὸν
871 1404 949 1438 λόγον

167 1442 315 1478 ὑπενόησεν
327 1444 372 1471 τὸν
387 1445 557 1480 Ἐπιφάνιον·
574 1448 588 1473 6
600 1447 629 1473 δὲ
646 1447 801 1483 Ἐπιφάνιος
823 1449 949 1483 ἐπιγνοὺς

166 1487 246 1533 τοῦτο
257 1509 264 1521 ,
278 1487 355 1516 εἶπεν
368 1491 436 1526 πρὸς
454 1491 499 1518 τὺν
514 1492 657 1527 φιλόσοφον
669 1502 675 1508 ·
692 1493 724 1519 Τί
738 1494 837 1528 λέγεις,
856 1495 947 1530 φησὶν,
963 1504 983 1533 c

165 1530 191 1559 ὦ
207 1534 333 1569 φιλόσοφε
343 1555 351 1567 ,
371 1536 435 1571 περὶ
451 1536 498 1563 τοῦ
515 1538 655 1565 νεανίσκου
668 1547 676 1571 ;
691 1539 707 1574 ἢ
721 1539 887 1574 θεράπευσον
903 1540 948 1566 τὸν

167 1577 339 1613 ἀσθενοῦντα,
352 1581 398 1607 καὶ
411 1581 507 1616 ἔσομαι
525 1583 615 1609 πίστιν
630 1583 700 1618 ἔχων
713 1584 780 1619 πρὸς
795 1585 858 1616 τοὺς
871 1584 948 1617 θεούς

169 1631 216 1649 σου
228 1631 235 1639 ·
251 1623 268 1658 ἥ
282 1625 295 1651 6
312 1625 376 1658 Θεός
391 1634 441 1661 μου
458 1626 547 1661 διώξει
559 1628 589 1655 τὸ
606 1629 759 1665 ἀκάθαρτον
775 1631 882 1666 πνεῦμα
896 1631 949 1658 ἀπὸ

167 1669 214 1695 τοῦ
230 1671 380 1704 νεανίσκου,
405 1673 452 1699 καὶ
477 1673 526 1709 ἔσῃ
547 1674 683 1707 πεποιθὼς
699 1676 746 1702 ἐπὶ
760 1676 799 1712 τῷ
814 1677 950 1713 ἐσταυρω-

170 1715 251 1750 μὲνῳ.
269 1715 332 1742 Ἐπὶ
350 1717 455 1750 τούτοις
474 1719 503 1745 δὲ
519 1719 618 1747 ἅπασιν
633 1721 647 1747 6
661 1721 803 1757 φιλόσοφος
818 1723 868 1749 οὐκ
887 1723 948 1750 ἐπί-

169 1770 279 1789 στευσεν
296 1762 460 1799 Ἐπιφανίῳ’
483 1765 540 1791 ἀλλ’
565 1765 687 1802 ἐνόμιζεν
701 1767 803 1802 γέλοιον
820 1766 899 1796 εἶναι.
919 1769 949 1796 '0

167 1804 214 1834 οὖν
228 1807 383 1843 Ἐπιφάνιος
394 1810 522 1844 ἀναστὰς,
533 1812 580 1838 καὶ
592 1812 730 1848 κρατήσας
742 1813 788 1841 τὸν
799 1815 948 1848 νεανίσκον,

167 1852 260 1888 ἔλεγεν
276 1855 366 1890 αὐτῷ·
383 1856 429 1882 Σοὶ
441 1856 522 1891 λέγω,
538 1858 672 1891 νεανίσκε,
681 1859 777 1892 θέλεις,
791 1860 883 1895 φησὶν,
891 1861 949 1897 ἇρω

167 1899 203 1926 τὰ
218 1899 313 1936 σίδηρα
328 1902 381 1928 ἀπὺ
396 1902 450 1929 τῶν
465 1903 563 1939 χειρῶν
579 1913 641 1937 σονς

204 1946 268 1972 ΚΕ’.
282 1946 310 1972 '0
325 1947 353 1973 δὲ
369 1947 521 1982 φιλόσοφος.
533 1949 652 1981 ἀκούσας
665 1950 762 1983 ταῦτα,
778 1951 893 1987 ἔδραμεν
906 1952 950 1978 εὐ-

169 1989 238 2022 θέως
252 1992 280 2017 ὲν
296 1992 335 2027 τῷ
352 1992 458 2028 κελλίῳ,
475 1994 521 2020 καὶ
538 1995 705 2029 ἠσφαλίσατο
715 1996 753 2031 τῷ
765 1996 892 2032 κατοχίῳ,
907 1996 951 2022 λέο

170 2043 225 2068 γων
248 2037 292 2063 καὶ
317 2037 498 2073 σκεπτόμενος
514 2040 542 2065 ὲν
559 2039 669 2075 ὑπονοίᾳ
681 2049 688 2055 ·
709 2037 815 2072 Οὗτοςό
832 2041 949 2076 καλόγη-

172 2089 236 2116 ρως,
251 2082 288 2114 ὡς
306 2082 422 2117 ίδιώτης,
440 2083 518 2111 λῦσαι
530 2085 653 2120 βούλεται
663 2086 709 2113 τὸν
722 2087 891 2122 παράφρονα,
900 2087 950 2114 κᾶν

173 2126 210 2162 μὴ
236 2127 315 2162 ἡμεῖς
339 2128 511 2164 ὲκφύγωμεν,
529 2130 566 2162 ὡς
591 2130 684 2164 λόγιοι,
701 2131 750 2167 τὴν
776 2132 948 2167 προπέτειαν,

998 216 1145 250 plurimum
1180 215 1250 242 inter
1280 222 1310 242 se
1344 214 1552 242 contendebant.
1586 214 1657 242 Dixit
1684 220 1776 243 autem

997 260 1165 295 Epiphanius
1179 260 1341 295 philosopho
1350 268 1357 285 :
1366 259 1436 286 Dicit
1450 259 1554 292 Daniel,
1570 267 1586 287 ο
1598 260 1773 295 philosophe:

997 306 1133 333 Iudicium
1145 305 1220 339 sedit,
1233 310 1258 333 et
1269 306 1330 333 libri
1342 305 1424 339 aperti
1434 309 1492 332 sunt
1502 305 1523 331 ⁸.
1539 304 1672 340 Agedum,
1685 305 1774 340 profer

998 359 1060 382 tuos
1076 354 1170 388 libros,
1192 358 1218 381 et
1234 360 1285 388 ego
1309 360 1395 384 meos,
1417 359 1487 387 quos
1504 352 1570 379 mihi
1591 352 1663 379 Deus
1687 352 1775 384 dedit,

998 399 1193 434 sedeamusque
1203 404 1231 427 et
1239 399 1406 426 disseramus
1419 398 1490 425 inter
1506 405 1566 425 nos.
1579 397 1674 426 Posuit
1685 403 1775 425 autem

998 444 1165 480 Epiphanius
1180 453 1196 472 a
1211 444 1314 472 dextris
1339 443 1494 479 Scripturas
1513 443 1642 470 divinitus
1662 442 1779 477 inspira-

997 494 1050 523 tas,
1071 494 1098 518 et
1122 490 1192 518 alius
1217 489 1387 525 Epiphanius
1411 489 1496 517 libros
1521 496 1587 517 suos
1608 495 1624 515 a
1647 488 1776 515 sinistris.

997 534 1066 562 Cum
1082 534 1101 562 ii
1112 539 1202 562 autem
1218 535 1363 570 coepissent
1374 534 1409 561 ab
1422 534 1500 562 initio
1514 533 1608 560 mundi
1621 532 1777 566 creationis,

997 579 1164 614 Epiphanius
1180 580 1288 615 quidem
1305 588 1321 607 a
1335 579 1443 613 Genesi,
1456 579 1483 607 id
1494 583 1546 613 est,
1560 579 1595 606 ab
1608 583 1680 611 ortu,
1695 585 1776 613 quem

998 626 1159 660 conscripsit
1172 625 1278 661 Moyses
1294 635 1301 654 :
1317 625 1494 660 philosophus
1518 629 1608 652 autem
1627 625 1662 652 ab
1682 624 1777 652 eodem

997 675 1070 705 ortu,
1084 679 1165 706 quem
1182 671 1343 706 conscripsit
1358 670 1504 702 Hesiodus,
1525 670 1559 697 ad
1579 670 1691 697 verbum
1709 669 1778 697 duos

999 717 1083 745 libros
1095 722 1261 753 exponentes
1272 737 1280 750 ,
1297 717 1367 744 inter
1381 724 1410 744 se
1424 716 1632 743 contendebant.
1652 715 1717 742 Erat
1728 723 1778 742 au-

999 766 1053 790 tem
1067 763 1113 790 lux
1126 763 1182 796 lux,
1200 769 1227 790 et
1240 763 1358 790 tenebrae
1369 762 1497 790 tenebrae.
1510 761 1614 797 Moyses
1625 761 1696 788 enim
1710 761 1778 789 scri-

999 809 1064 844 psit,
1090 809 1146 837 Deo
1167 816 1245 844 opem
1266 808 1389 837 ferente:
1405 808 1537 837 Hesiodus
1556 812 1645 835 autem
1664 814 1698 834 ex
1722 806 1777 834 De.)

999 854 1106 888 quidem
1122 854 1205 881 vitam
1224 854 1328 887 habuit,
1342 862 1461 882 errorem
1482 861 1545 881 vero
1563 861 1578 880 a
1599 852 1778 880 daemonibus.

1000 898 1067 926 Toto
1077 905 1167 926 autem
1181 906 1253 926 anno
1269 899 1368 926 mansit
1383 898 1548 934 Epiphanius
1560 898 1697 925 disserens
1710 904 1774 924 cum

999 943 1170 979 philosopho.
1186 943 1340 978 Aliquando
1355 950 1420 970 vero
1432 942 1557 970 homines
1575 946 1696 976 agrestes
1714 949 1769 969 nu-

999 997 1074 1017 mero
1098 989 1238 1023 sexaginta
1265 989 1388 1016 tulerunt
1409 988 1553 1023 quemdam
1577 987 1777 1015 adolescentem

999 1036 1046 1070 qui
1059 1035 1209 1063 vexabatur
1224 1034 1258 1062 ab
1273 1033 1414 1062 immundo
1425 1033 1532 1069 spiritu.
1548 1032 1634 1066 Quem
1649 1040 1710 1060 cum
1724 1040 1777 1060 non

998 1084 1111 1116 possent
1125 1080 1262 1115 sexaginta
1278 1080 1316 1106 illi
1331 1087 1470 1114 superare,
1492 1086 1554 1106 cum
1577 1078 1720 1113 alligarunt
1733 1085 1776 1106 ca-

999 1127 1079 1158 tenis,
1093 1131 1119 1154 et
1135 1127 1257 1154 tulerunt
1267 1125 1299 1153 ad
1314 1125 1505 1161 Epiphanium.
1526 1125 1598 1152 Dixit
1611 1129 1700 1152 autem
1715 1124 1777 1159 Epi-

999 1173 1117 1204 phanius
1137 1172 1302 1207 philosopho
1316 1180 1323 1199 :
1339 1171 1405 1206 Age,
1419 1171 1589 1206 philosophe,
1607 1171 1653 1206 qui
1667 1175 1776 1198 conten-

998 1218 1041 1246 dis
1073 1225 1134 1245 cum
1166 1221 1307 1252 peccatore
1334 1216 1504 1252 Epiphanio;
1538 1217 1634 1244 invoca
1670 1220 1776 1243 tuorum

998 1264 1111 1291 deorum
1135 1264 1352 1296 multitudinem,
1380 1268 1410 1290 ut
1435 1263 1572 1298 expellant
1594 1262 1719 1298 spiritum
1745 1262 1776 1289 ab

998 1310 1178 1337 adolescente.
1202 1309 1248 1337 Ille
1263 1317 1326 1336 vero
1345 1308 1516 1336 existimabat
1535 1307 1715 1342 Epiphaniam
1733 1314 1776 1334 su-

999 1359 1133 1390 peratum,
1144 1359 1170 1382 et
1184 1355 1231 1390 qui
1244 1362 1297 1382 non
1312 1354 1422 1381 haberet
1436 1353 1508 1388 quod
1523 1353 1634 1380 diceret.
1647 1352 1714 1380 Cum
1727 1352 1776 1379 hoc

998 1405 1089 1428 autem
1115 1401 1286 1438 cognovisset
1310 1399 1489 1434 Epiphanius,
1516 1400 1614 1426 iterum
1637 1398 1705 1425 dixit
1728 1397 1754 1425 ei
1770 1403 1778 1417 τ

999 1446 1069 1479 Quid
1093 1446 1171 1479 dicis,
1196 1454 1213 1474 ο
1234 1446 1314 1473 Pater
1338 1445 1507 1480 philosopho,
1532 1445 1566 1472 de
1588 1443 1776 1471 adolescente?

999 1492 1052 1518 Aut
1064 1498 1129 1518 cura
1142 1495 1325 1526 aegrotantem,
1340 1493 1367 1517 et
1384 1497 1433 1524 ego
1447 1489 1474 1516 in
1491 1488 1545 1515 tuis
1562 1488 1614 1515 diis
1626 1487 1730 1514 habebo
1745 1487 1775 1513 ti-

999 1537 1081 1564 dem:
1106 1540 1153 1564 aut
1171 1535 1242 1564 Deus
1262 1535 1377 1570 expellet
1404 1533 1573 1562 immundum
1597 1532 1720 1567 spiritum
1744 1531 1777 1559 ab

999 1583 1179 1614 adolescente,
1195 1586 1222 1609 et
1235 1581 1329 1609 credes
1346 1582 1373 1607 in
1390 1579 1561 1608 cruciﬁxum.
1576 1577 1606 1605 In
1626 1577 1668 1605 his
1686 1581 1777 1604 autem

999 1628 1124 1656 omnibus
1139 1635 1192 1655 non
1207 1626 1321 1654 credidit
1341 1625 1520 1661 philosophus
1542 1622 1707 1659 Epiphanio,
1732 1622 1776 1650 sed

998 1672 1163 1700 existimavit
1193 1679 1255 1699 eum
1287 1678 1348 1698 esse
1380 1670 1535 1698 ridiculum.
1567 1669 1685 1703 Surgens
1714 1674 1776 1694 vero

1000 1718 1185 1754 Epiphanius,
1214 1723 1241 1745 et
1263 1722 1359 1744 tenens
1386 1716 1603 1746 adolescentem,
1631 1713 1698 1742 dixit
1728 1713 1775 1740 ei:

999 1764 1059 1793 Tibi
1075 1764 1146 1798 dico,
1174 1763 1342 1795 adolescens,
1364 1761 1417 1795 vis,
1442 1761 1540 1796 inquit,
1559 1760 1651 1788 tollam
1668 1764 1777 1786 catenas

1000 1811 1100 1839 ferreas
1115 1817 1149 1838 ex
1168 1809 1292 1836 manibus
1305 1807 1376 1836 tuis?

1034 1947 1118 1976 XXV.
1137 1947 1205 1975 Cum
1223 1952 1311 1974 autem
1334 1946 1464 1974 audiisset
1477 1944 1664 1980 philosophus,
1686 1943 1776 1971 statim

999 1994 1120 2021 cucurrit
1133 1993 1161 2020 in
1176 1992 1282 2024 cellam,
1296 1996 1324 2019 et
1336 1995 1409 2019 vecte
1422 1991 1525 2018 foribus
1540 1990 1660 2017 adhibito
1674 1996 1703 2016 se
1719 1996 1774 2016 mu-

1000 2039 1060 2071 niit,
1078 2039 1181 2070 dicens,
1197 2043 1224 2065 et
1235 2037 1395 2072 suspicando
1412 2037 1448 2064 ita
1462 2036 1532 2071 apud
1545 2043 1575 2064 se
1585 2034 1776 2063 consideransﬁ

1000 2084 1091 2111 Bonus
1108 2083 1153 2110 hic
1167 2090 1260 2116 senex,
1275 2086 1306 2109 ut
1324 2082 1400 2109 rudis
1416 2086 1443 2108 et
1461 2081 1595 2113 indoctus,
1613 2080 1669 2108 vult
1686 2087 1774 2106 amen-

1002 2135 1054 2157 tem
1072 2129 1185 2161 solvere,
1200 2133 1228 2156 et
1251 2128 1303 2155 nisi
1327 2134 1378 2154 nos
1394 2131 1423 2155 ut
1435 2126 1582 2161 prudentes
1602 2133 1694 2153 casum
1711 2124 1774 2152 etl'u-

172 2171 304 2205 μέλλομεν
317 2172 408 2204 κακῶς
422 2174 536 2208 πάσχειν
549 2175 601 2201 ὑπὸ
613 2175 660 2201 τοῦ
673 2176 834 2211 καταράτου.
849 2176 948 2210 Kooth-

1001 2176 1116 2210 giamus,
1142 2176 1175 2202 ab
1194 2173 1360 2202 exsecranda
1384 2173 1430 2199 illo
1452 2172 1524 2200 male
1543 2179 1638 2199 sumus
1659 2171 1774 2206 passuri.

172 2224 220 2247 σας
232 2214 279 2247 οὗν
296 2217 452 2252 Ἐπιφάνιος
460 2219 494 2245 τὰ
510 2220 605 2255 σίδηρα
619 2221 673 2247 ἀπὸ
683 2221 729 2247 τοῦ
742 2221 892 2254 νεανίσκου,
904 2222 950 2249 καὶ

172 2262 324 2297 σφραγίσας
340 2264 420 2290 αὑτὸν
434 2264 534 2300 τρίτον,
551 2263 627 2295 εἶπεν
649 2266 688 2301 τῷ
710 2266 855 2302 ἀκαθάρτῳ
868 2266 949 2293 πνεύ-

173 2315 249 2341 ματν
266 2308 451 2343 Παραγγέλλει
468 2319 509 2337 σοι
528 2311 683 2346 Ἐπιφάνιος
698 2312 858 2347 ἁμαρτωλὸς
870 2311 950 2339 ὀδοῦ-

170 2352 215 2385 λος
229 2354 275 2380 τοὺ
288 2355 435 2390 Κυρίου,ὲν
448 2356 559 2392 ὀνόματι
575 2357 661 2392 Ἰησοῦ
671 2358 789 2394 Χριστοῦ
797 2358 842 2384 τοῦ
855 2359 950 2384 ἐσταυ-

173 2399 304 2434 ρωμένου,
319 2400 383 2427 Υἱοῦ
399 2401 445 2428 τοῦ
460 2402 537 2434 Θεοῦ,
551 2402 641 2435 ἔξελθε
659 2404 714 2431 ἀπὸ
734 2404 780 2430 τοῦ
795 2403 948 2439 ἀνθρώπου,

171 2445 218 2471 καὶ
234 2446 332 2480 μηκέτι
347 2447 468 2484 εἰσέλθῃς
483 2449 523 2480 είς
538 2449 628 2475 αὐτόν.
642 2450 696 2476 Καὶ
716 2449 818 2482 εὐθέως
839 2449 949 2485 ἐξῆλθεν

171 2490 201 2516 τὸ
221 2490 374 2526 ἀκάθαρτον
394 2493 515 2528 πνεῦμα·
531 2493 577 2521 καὶ
597 2492 631 2530 ἦν
644 2495 672 2521 ὲν
688 2495 771 2530 πολλῇ
785 2495 948 2522 καταστάσει

172 2536 186 2561 ὁ
210 2537 439 2569 νεανίσκος.’1δὼν
461 2539 490 2565 δὲ
512 2540 526 2566 6
546 2540 688 2574 φιλόσοφος
703 2540 738 2567 τὰ
754 2540 802 2576 τῆς
827 2541 948 2576 εἰρήνης,

173 2582 354 2617 ἀπεκούφισεν
365 2583 395 2609 τὸ
406 2583 538 2619 κατόχιον,
552 2585 598 2611 καὶ
608 2585 772 2621 ἐξεπήδησεν
787 2585 834 2612 τοῦ
845 2585 948 2612 κελλίου

173 2629 211 2659 εἰς
227 2628 409 2663 προσκύνησιν
429 2628 595 2664 Ἐπιφανίου,
609 2630 694 2664 λέγων
710 2631 777 2666 πρὸς
793 2631 949 2666 Ἐπιφάνιον

173 2672 307 2705 τοιούτους
318 2673 413 2708 λόγους
423 2682 430 2688 '
441 2672 486 2706 Ὦ,
501 2676 591 2710 φησὶν,
599 2677 738 2711 Ἐπιφάνιε
753 2677 947 2712 στεφανηφόρε·

174 2718 292 2745 πιστεύω
312 2720 359 2746 καὶ
375 2720 544 2748 πεπίστευκα
558 2722 613 2754 τοῖς
628 2721 809 2758 λαλουμένοις,
826 2722 868 2749 διὰ
887 2722 949 2759 ,τῶν

209 2796 223 2815 ⁸
239 2796 306 2826 Dan.
327 2806 373 2828 vtt.
395 2798 436 2828 l0.

999 2221 1066 2249 Cum
1079 2227 1169 2248 autem
1185 2220 1350 2255 Epiphanius
1363 2218 1457 2247 ferreis
1466 2218 1568 2245 catenis
1583 2217 1698 2245 levasset
1712 2217 1773 2244 ado-

999 2267 1155 2298 lescentem,
1171 2271 1199 2293 et
1213 2273 1275 2293 eum
1290 2269 1330 2292 ter
1343 2264 1485 2299 signasset,
1496 2262 1711 2290 dixitimmundo
1722 2262 1775 2296 spi-

999 2311 1063 2339 ritui
1080 2321 1086 2338 :
1105 2311 1230 2346 Praecipit
1247 2310 1294 2337 tibi
1305 2309 1470 2344 Epiphanius
1485 2313 1610 2344 peccator
1622 2316 1717 2335 servus
1725 2307 1774 2335 Do-

999 2357 1075 2389 mini,
1092 2356 1124 2383 in’
1143 2356 1253 2383 nomine
1278 2354 1349 2384 Jesn.
1366 2354 1467 2382 Christi
1493 2353 1614 2382 cruciﬁxi
1635 2353 1696 2381 Filii
1717 2353 1774 2385 Dei,

999 2404 1124 2438 egredere
1139 2411 1172 2431 ex
1187 2403 1305 2435 homine,
1322 2407 1349 2429 et
1361 2409 1395 2429 ne
1411 2401 1527 2436 amplius
1543 2402 1569 2428 in
1585 2401 1673 2436 ipsum
1687 2401 1774 2436 ingre-

999 2449 1090 2476 diaris.
1106 2448 1142 2476 Et
1152 2456 1278 2483 egressus
1300 2452 1342 2475 est
1368 2447 1457 2474 statim
1475 2447 1631 2474 immundus
1652 2447 1774 2481 spiritus.

1000 2493 1118 2529 Eratque
1144 2494 1303 2520 adolescens
1327 2492 1404 2520 valde
1426 2492 1532 2526 quietus
1555 2496 1582 2519 et
1597 2491 1775 2526 compositus.

999 2537 1066 2565 Cum
1086 2542 1175 2566 autem
1189 2545 1251 2565 esse
1267 2545 1361 2572 pacem
1374 2537 1484 2564 vidisset
1498 2536 1686 2572 philosophus,
1703 2536 1774 2562 leva-

998 2584 1037 2612 vit
1058 2585 1226 2620 repagulum,
1240 2590 1268 2612 et
1285 2593 1301 2612 e
1325 2584 1391 2612 cella
1414 2584 1532 2619 prosiliit
1552 2584 1586 2611 ad
1608 2582 1774 2610 adorandum

999 2631 1188 2665 Epiphaninm,
1201 2630 1241 2657 sic
1252 2630 1346 2658 dicens
1360 2639 1367 2657 :
1382 2630 1414 2662 0,
1427 2630 1522 2665 inquit,
1535 2629 1581 2665 qui
1595 2632 1685 2664 gestas
1698 2635 1770 2655 coro-

999 2683 1073 2708 nam,
1088 2675 1227 2710 Epiphani,
1242 2676 1332 2705 credo.
1348 2681 1375 2702 et
1389 2675 1490 2703 credidi
1505 2675 1540 2702 iis
1553 2681 1613 2710 quae
1637 2674 1774 2704 dicuntur,

999 2728 1046 2756 per
1070 2729 1101 2749 ca
1123 2728 1184 2756 quae
1207 2721 1283 2749 iiunt.
1301 2720 1396 2748 Volant
1417 2721 1489 2748 enim
1505 2720 1585 2748 verba
1601 2720 1659 2747 sine
1674 2718 1777 2751 fructu,
