1934 3029
155 121 192 150 8‘1
800 121 830 149 S.
851 119 1021 148 EPlPllANII
1041 121 1133 149 VlTA.
1734 123 1770 152 58

158 181 253 216 φάνιος
274 181 321 207 καὶ
343 181 422 213 αὐτὸς
445 181 498 208 ἀπὺ
520 179 568 208 τοῦ
592 180 674 217 νόμου
690 181 860 215 διαλέγεσθαι
874 181 942 217 πρὸς

1003 182 1091 209 imum
1112 181 1318 210 contenderunt.
1338 181 1496 216 Rursusque
1512 182 1556 210 die
1569 182 1693 217 sequenti
1709 189 1772 209 cum

158 225 401 261 αὑτούς.Ἔμειναν
416 224 462 254 οὖν
480 227 508 252 ἐν
522 226 605 262 πολλῇ
622 226 773 261 φιλονεικίᾳ
788 228 816 252 ἐν
830 228 863 262 τῇ
875 227 943 262 ἡμέ-

160 280 196 307 ρᾳ
209 271 310 308 ἐκείνῃ.
326 272 380 298 Καὶ
390 273 424 307 τῇ
438 272 567 308 ἐπαύριον
582 272 628 299 ἐπὶ
650 273 794 307 συντυχίαν
808 272 888 299 πάλιν
901 272 944 299 ὲλ-

160 316 262 348 θόντες.
276 317 414 344 διάλεκτον
440 318 570 352 ἐποίησαν
594 318 662 353 πρὸς
683 317 810 349 ἑαυτούς·
835 318 872 350 ὠς
896 318 944 344 καὶ

160 363 279 395 πεισθεὶς
293 364 307 389 ὁ
328 363 443 395 Ἀκύλας
455 366 486 400 τῇ
503 364 635 400 ἑρμηνείᾳ
655 365 824 399 Ἐπιφανίου,
845 365 944 400 ἐπόθη-

161 415 206 435 σεν
219 408 266 435 τοῦ
282 409 407 443 γενέσθαι
423 411 628 446 Χριστιανός.⁷0
642 409 688 437 οὗν
709 411 865 446 Ἐπιφάνιος
877 419 944 447 προ-

160 454 228 481 νοῶν
242 454 345 490 ήγαγεν
357 456 438 483 αὐτὸν
454 456 604 492 Ἀθανασίῳ
621 457 660 492 τῷ
675 457 784 492 πάππα,
799 458 845 483 καὶ
865 458 945 492 ήμιῖς

160 500 308 537 ἐξήλθομεν
330 501 384 528 ἀπὺ
404 502 451 537 τῆς
474 502 578 534 πόλεως
598 502 808 538 Ἀλεξανδρείας.
829 503 946 538 Πορευοο

163 547 250 581 μένων
263 546 290 573 δὲ
302 546 380 582 ἡμῶν
392 548 438 574 ἐπὶ
451 547 485 574 τὰ
503 548 573 583 μέρη
587 549 635 583 τῆς
649 548 704 575 ἄνω
712 548 946 583 Θηϐαϊδοςμὶπήν·

162 600 244 627 τησεν
258 593 324 627 ἡμῖν
344 600 387 623 τις
408 592 522 628 μοναχδς
546 592 667 628 μαθητὴς
680 593 726 619 τοῦ
746 592 863 628 μεγάλου
887 593 946 619 Ἀν-

162 636 280 668 τωνίου,
301 636 412 672 ὀνόματι
435 636 611 671 Παφνούτιος.
636 635 719 664 Εῐπεν
743 637 771 664 δὲ
790 636 946 671 Ἐπιφάνιος

162 682 231 717 πρὸς
247 682 326 709 αὐτόν
336 691 343 698 ·
360 682 512 718 Εὐλόγησον
525 682 554 708 δὲ
569 683 652 718 ἡμᾶς,
667 682 766 718 Πάτερ.
786 681 869 710 Εἶπεν
888 682 916 709 δὲ
931 683 946 709 ὁ

163 727 340 761 Παφνούτιοςι
353 727 535 762 Εὖλογημένοι
548 727 627 762 ὑμεῖς
637 727 676 762 τῷ
689 728 783 763 Κυρίῳ
793 735 800 743 ι
813 728 860 754 καὶ
869 728 947 763 ποιή-

164 780 259 804 σαντος
273 772 320 798 τοῦ
339 772 507 806 Παφνουτίου
523 771 571 807 τὴν
591 772 683 807 εὐχὴν,
698 772 880 808 ὴσπασάμεθα
900 772 948 799 άλ-

163 816 270 853 λήλοιις,
286 817 333 843 καὶ
347 817 537 852 κατεψὺξαμεν
556 817 653 853 μικρὸν
669 818 699 844 ἐν
719 817 759 852 τῷ
780 817 854 852 τόπῳ
877 818 947 844 ὲκεί-

162 871 210 898 νῳ.
219 863 248 890 '0
274 860 320 890 οὖν
343 863 497 897 Ἐπιφάνιος
522 862 699 899 ἐπηρώτησεν
715 863 760 890 τὸν
782 863 948 898 Παφνούτιον

163 908 228 943 περὶ
242 907 360 940 πάντων,
377 905 414 934 ὧν
437 907 563 943 ἐποίησεν
587 909 601 934 ό
627 908 713 942 μέγας
735 907 884 940 Ἀντώνιος,
901 908 948 935 καὶ

163 951 244 983 αὐτὸς
261 952 412 988 ἐξηγήσατο
426 951 500 987 αὐτῷ
517 951 633 978 ἅπαντα.
649 950 731 978 Είπεν
747 952 775 979 δὲ
794 953 948 987 Ἐπιφάνιος

163 995 202 1030 τῷ
218 996 377 1032 Παφνουτίῳ
389 1005 396 1011 ·
410 997 493 1029 Θέλω,
512 997 611 1032 Πάτερ,
626 997 735 1031 οἰκῆσαι
749 997 794 1024 τὸν
809 998 890 1024 τόπον
903 998 948 1025 τὸν

164 1040 328 1076 καλούμενον
348 1041 469 1077 Νιτρίαν.
485 1041 514 1068 ’0
536 1042 566 1068 δὲ
586 1041 754 1076 Παφνούτιος
779 1040 855 1070 εἶπεν
880 1043 948 1079 πρὸς

170 1087 325 1121 Ἐπιφάνιον
335 1095 342 1102 ·
361 1086 456 1118 Βάδιζε
471 1087 598 1122 ὑγιαίνων
608 1095 614 1102 ·
630 1087 781 1115 ἀπόλαυσον
797 1088 850 1116 τῶν
864 1091 946 1117 πατέ-

165 1139 230 1167 ρων.
244 1132 290 1158 καὶ
304 1132 439 1167 συνάγαγε
451 1132 545 1169 χόρτον
558 1133 672 1168 θερινὸν,
681 1134 728 1160 καὶ
741 1135 856 1170 πορεύου
872 1137 901 1162 ὲν
910 1138 943 1172 τῇ

993 226 1131 253 venissent
1144 226 1177 253 ad
1194 224 1428 260 congressionem.
1445 226 1490 253 diu
1506 226 1775 254 disscmerutit.Cre-

992 270 1115 305 deusque
1127 271 1223 305 Aquila
1239 270 1453 304 interpretationi
1469 270 1622 305 Epiphanii,
1637 271 1776 298 desidera-

994 316 1032 342 vit
1046 315 1470 350 ﬁeriChristianus.Epiphanius
1486 321 1576 343 autem
1590 316 1702 344 deduxit
1712 324 1774 343 eum

994 362 1027 388 ad
1041 361 1218 389 Athanasium
1243 362 1453 396 episcopum,et
1476 369 1526 389 nos
1551 362 1654 397 egressi
1681 369 1776 389 sumus

993 406 1168 434 Alexandria.
1183 406 1251 434 Cum
1268 407 1370 434 iremus
1385 411 1475 434 autem
1490 413 1540 434 nos
1555 407 1582 433 in
1598 411 1687 442 partes
1697 415 1777 445 supe-

994 453 1075 480 rioris
1091 452 1245 485 Thebaidis,
1259 455 1380 480 occurrit
1395 453 1474 480 nobis
1489 453 1599 488 quidam
1615 453 1778 484 monachus,

995 499 1145 534 discipulus
1167 499 1259 533 magni
1275 499 1397 531 Antonii,
1412 499 1521 526 nomine
1534 498 1712 533 Paphnutius.
1727 498 1778 526 Cui

995 545 1064 572 dixit
1081 555 1087 572 :
1103 545 1220 573 Benedic
1242 546 1331 578 nobis,
1348 545 1438 573 Pater.
1455 545 1527 572 Dixit
1543 549 1635 572 autem
1650 544 1779 580 Paphnu-

995 592 1048 618 tius
1062 601 1068 618 :
1084 591 1221 619 Benedicti
1238 598 1287 619 vos
1307 599 1323 618 a
1349 590 1475 618 Domino.
1493 591 1614 626 Cumque
1628 590 1778 618 orationem

996 638 1105 665 fecisset
1128 636 1308 672 Paphnutius,
1329 644 1380 664 nos
1400 636 1516 663 invicem
1539 636 1729 666 salutavimus,
1753 639 1780 661 et

996 690 1046 710 nos
1067 683 1093 709 in
1113 690 1145 709 eo
1168 682 1228 709 loco
1247 690 1342 717 parutn
1365 681 1592 717 refrigeravimus.
1614 680 1780 716 Epiphanius

996 734 1061 754 vero
1083 727 1261 762 interrogavit
1274 727 1455 762 Paphnutium
1472 728 1506 754 de
1520 726 1647 754 omnibus
1662 734 1722 761 qua:
1741 725 1782 752 fe-

996 773 1034 800 cit
1059 780 1175 808 magnus
1199 774 1344 806 Antonius,
1358 773 1471 808 ipseque
1491 773 1515 800 ei
1538 772 1659 799 narravit
1678 771 1779 798 omnia.

999 818 1072 846 Dixit
1091 823 1182 846 autem
1201 818 1370 854 Epiphanius
1384 818 1539 853 Paphnutio
1554 827 1560 845 :
1575 817 1641 845 Volo
1660 817 1782 844 habitare

999 864 1026 890 in
1040 871 1073 891 eo
1085 864 1145 891 loco
1159 863 1206 899 qui
1219 863 1320 891 dicitur
1338 863 1434 891 Nitria.
1447 863 1618 898 Paphnutius
1632 869 1697 890 vero
1713 862 1782 889 dixit

999 908 1150 944 Epiphanio
1165 919 1172 937 :
1188 909 1261 937 Vade
1279 917 1373 942 sanus,
1388 909 1477 936 fruerc
1493 909 1626 943 patrihus,
1644 912 1672 935 et
1686 907 1783 942 collige

999 954 1090 982 fenum
1105 955 1241 988 aestivum,
1258 959 1286 982 et
1297 955 1366 982 vade
1387 955 1415 981 in
1432 955 1548 982 insulam
1564 954 1737 989 Cypriorum,
1754 957 1782 979 et

999 1001 1040 1028 ale
1062 1008 1125 1028 oves
1150 1001 1184 1028 ad
1204 1001 1377 1034 vestimenta,
1392 1005 1419 1028 et
1440 1001 1543 1028 honora
1558 999 1674 1034 puellos,
1691 1003 1721 1026 ut
1735 998 1784 1024 tibi

999 1047 1055 1074 sint
1069 1047 1143 1082 agni.
1159 1046 1221 1074 [hec
1236 1052 1324 1074 autem
1338 1054 1400 1074 cttm
1415 1046 1530 1074 dixisset
1548 1045 1726 1081 Paphnutius,
1744 1044 1784 1071 fa-

1000 1100 1041 1120 cta
1062 1101 1157 1120 rursus
1172 1093 1307 1126 oratione,
1320 1097 1347 1120 et
1360 1101 1411 1121 nos
1428 1098 1524 1120 mutuo
1541 1093 1686 1127 complexi,
1703 1091 1784 1118 initi-

998 1147 1058 1166 tnus
1076 1139 1175 1174 singuli
1192 1147 1272 1167 suum
1287 1139 1346 1166 iter.

164 1178 295 1214 Κυπρίων
311 1179 393 1215 νήσῳ,
411 1180 456 1206 καὶ
469 1180 551 1216 τρέφε
575 1179 698 1215 πράδατα
722 1181 762 1212 εἰς
786 1181 939 1218 ἱματισμὸν,
960 1186 1006 1212 καὶ
1033 1185 1100 1221 τίμα
1123 1172 1235 1217 ﬁrm,
1266 1186 1310 1212 ἵνα
1328 1182 1394 1212 ὦσιν
1405 1172 1432 1211 οἱ
1447 1185 1538 1220 ἄρνες.
1553 1183 1645 1210 Ταῦτα
1659 1183 1687 1209 δὲ
1703 1182 1786 1209 εἰπὼν

165 1225 341 1259 Παφνούτιος,
355 1225 401 1252 καὶ
416 1224 494 1252 πάλιν
509 1224 649 1260 εὐξάμενοι
666 1226 849 1261 ήσπασάμεθα
861 1228 992 1264 ἀλλήλους
1007 1232 1054 1258 καὶ
1068 1231 1255 1266 ἐπορεύθημεν
1268 1231 1382 1263 ἕκαστος
1402 1231 1451 1266 τὴν
1466 1229 1525 1256 όδδν
1539 1228 1632 1256 αὑτοῦ.

200 1271 263 1297 ΚΖ¹.
283 1269 337 1296 Ἦν
351 1270 379 1296 δὲ
391 1271 420 1296 ὲν
434 1272 489 1302 τοῖς
507 1270 598 1302 τόποις
614 1272 670 1302 τοῖς
685 1271 749 1306 περὶ
773 1272 948 1300 Λεοντὸπολιν

166 1315 234 1352 ἀνὴρ
251 1315 327 1351 παρά
346 1324 400 1342 τισι
417 1315 591 1351 νομιζόμενος
604 1316 714 1350 ἀγαθὸς,
728 1317 776 1344 καὶ
799 1318 951 1354 πρόγνωσιν

166 1362 234 1396 ἔχων
259 1361 345 1388 Θεοῦ·
366 1361 397 1388 τὸ
412 1362 440 1388 δὲ
457 1362 542 1397 ὖνομα
564 1362 646 1388 αὐτοῦ
672 1362 796 1390 ἐκαλεῖτο
815 1364 950 1398 Ὶεράκας.

167 1407 234 1442 Περὶ
250 1407 344 1434 τούτου
358 1408 387 1434 ὲν
409 1408 442 1442 τῇ
458 1407 620 1443 Παλαιστίνῃ
647 1408 761 1443 ἤκουσεν
783 1409 950 1444 Ἐπιφάνιος,

167 1454 214 1480 καὶ
239 1452 320 1480 πόθον
342 1450 414 1488 εἶχεν
437 1453 530 1480 τοῦτον
547 1453 618 1481 ἰδεῖν.
629 1454 743 1488 Ὁμοίως
759 1455 806 1481 καὶ
828 1455 951 1491 Ἰεράκας

1036 1275 1142 1303 XXVII.
1163 1275 1192 1302 In
1215 1276 1281 1303 locis
1304 1280 1405 1306 autem,
1421 1281 1481 1310 quac
1503 1278 1567 1301 sunt
1583 1273 1656 1300 circa
1671 1271 1787 1299 Leonto'

1001 1322 1093 1357 polim,
1105 1328 1163 1349 erat
1178 1323 1220 1349 vir
1235 1322 1357 1357 quidam,
1373 1322 1420 1357 qui
1439 1321 1509 1356 apud
1529 1320 1635 1355 aliquos
1651 1318 1788 1346 existima-

1001 1356 1081 1394 hatur
1091 1367 1189 1400 bonus,
1200 1371 1226 1394 et
1234 1356 1281 1394 Dei
1292 1367 1391 1394 habere
1405 1365 1601 1401 praescientiam
1619 1373 1625 1391 :
1641 1364 1788 1391 vocabatur
1819 1356 1822 1359 ’

1002 1421 1065 1440 vero
1087 1413 1197 1440 nomine
1219 1412 1328 1440 llierax.
1351 1411 1390 1439 De
1410 1419 1443 1438 eo
1470 1411 1496 1438 in
1518 1410 1663 1438 Palaestina
1685 1409 1789 1437 audivit

1001 1459 1176 1493 Epiphanius,
1196 1462 1223 1486 et
1246 1466 1308 1486 eum
1332 1457 1500 1484 desideravit
1527 1455 1629 1483 videre.
1657 1454 1789 1482 Similiter

167 1499 282 1534 ἠκουσεν
308 1499 373 1534 περὶ
392 1497 615 1534 ἘπιφανίουῘΗν
634 1500 661 1526 δὲ
676 1497 752 1532 οὗτος
768 1500 820 1532 ἔξω
838 1502 950 1528 Λεοντο-

1003 1503 1100 1530 llierax
1124 1511 1233 1538 quoque
1259 1503 1363 1530 audivit
1386 1502 1420 1529 de
1440 1501 1600 1536 Epiphanio.
1617 1500 1682 1527 Erat
1699 1506 1787 1527 autem

167 1545 281 1576 πόλεως,
294 1544 332 1576 ὡς
356 1545 410 1572 ἀπὸ
435 1545 547 1580 σημείου
568 1545 644 1577 ἑνός·
660 1542 736 1577 οὗτος
759 1546 898 1573 ἐδίδασκεν
916 1547 952 1583 μὴ

168 1590 328 1618 ἀνίστασθαι
339 1591 439 1626 ταύτην
450 1591 499 1626 τὴν
514 1591 612 1626 σάρκα,
624 1591 681 1617 ἀλλ’
689 1591 786 1626 ἑτέραν
800 1592 882 1628 ἄλλην
895 1593 952 1619 ἀντ’

169 1636 264 1671 αὐτῆς,
279 1637 326 1663 καὶ
349 1636 451 1671 ταύτην
473 1637 513 1668 εἰς
534 1637 586 1672 γῆν
610 1637 776 1670 διαλύεσθαι,
792 1639 834 1664 ὅτι
851 1639 953 1674 γέγρα-

170 1690 254 1709 πται·
278 1682 324 1716 Γῆ
346 1680 382 1713 εἴ,
397 1682 447 1709 καί
469 1683 514 1715 εὶς
535 1682 594 1717 γῆν
615 1683 782 1718 dim/teda".
803 1685 858 1711 Kal
874 1685 954 1712 πάλιν

170 1727 273 1761 ἔλεγεν,
290 1727 330 1754 ὃτι
354 1726 388 1753 τὰ
411 1727 504 1753 παιδία
527 1726 564 1762 μὴ
589 1727 679 1754 τέλεια
697 1728 830 1763 ὑπάρχειν
847 1729 893 1755 ἐπὶ
908 1729 955 1756 τοῦ

173 1773 314 1809 μέλλοντος
325 1773 430 1804 αἰῶνος.
451 1771 630 1800 Είσελθόντων
644 1771 690 1799 οὖν
705 1773 721 1808 ἡ
726 1773 783 1808 μῶν
803 1774 831 1800 ὲν
847 1774 886 1809 τῷ
901 1783 957 1810 μο-

172 1819 308 1854 ναστηρίῳ
322 1817 403 1844 αὐτοῦ
418 1817 561 1853 ηὑράμεθα
575 1817 662 1854 πλήθη
681 1818 764 1845 πολλὰ
776 1818 957 1854 διδασκόμενα

174 1865 219 1892 ὑπ’
231 1862 380 1892 αὑτοῦῙΗν
393 1864 447 1900 γὰρ
462 1864 629 1899 ἀπεχόμενος
643 1863 769 1899 βρώσεως
790 1865 837 1891 καὶ
851 1864 956 1896 πόσεως

174 1911 283 1943 ἱκανῶς.
300 1911 369 1938 Οὔτε
388 1911 443 1946 γὰρ
466 1909 556 1937 ἐλαίου
577 1909 790 1945 μετελάμϐανεν,
805 1909 866 1936 οὔτε
886 1910 956 1936 οίνου

174 1957 249 1990 ἐξότε
266 1956 431 1989 ἀπετάξατο.
442 1956 485 1987 Ὡς
506 1954 552 1982 οὖν
577 1955 632 1982 ῐδεν
651 1956 695 1982 τὸν
718 1956 885 1991 Ἐπιφάνιον,
908 1958 958 1982 ὲπ-

175 2002 315 2038 ηρώτησεν
330 2001 411 2028 πόθεν
434 2001 517 2029 ἐστίν.
533 2001 588 2027 Καὶ
602 2000 695 2036 μαθὼν
709 2002 750 2028 ὅτι
770 2001 956 2034 Παλαιστινὺς,

174 2047 315 2083 ἠρώτησεν
332 2048 379 2074 καὶ
395 2047 425 2074 τὸ
442 2047 544 2082 ὅνομα·
567 2048 615 2074 καὶ
632 2047 724 2083 μαθὼν
744 2048 784 2074 ὅτι
802 2048 959 2083 Ἐπιιράνιος

176 2094 306 2124 καλεῖται,
322 2093 473 2128 ἠγωνίασεν
496 2091 630 2120 πολύ.⁷Ην
651 2093 706 2129 γὰρ
731 2094 761 2120 ὲν
781 2094 910 2129 Αἰγύπτῳ
925 2094 960 2121 τὰ

176 2139 309 2174 λεγόμενα
331 2139 394 2174 περὶ
415 2139 582 2173 Ἐπιφανίου,
600 2139 641 2165 ὅτι
654 2139 743 2173 λόγιος
755 2139 813 2166 ἐστι
828 2139 876 2166 καὶ
894 2140 960 2174 πρό-

1003 1549 1063 1582 ejus
1081 1549 1179 1576 domus
1205 1548 1238 1576 ad
1259 1556 1344 1575 unum
1366 1547 1482 1582 lapidem
1498 1551 1575 1574 extra
1589 1545 1787 1580 LeOntopolim.

1004 1593 1029 1622 ls
1044 1595 1159 1622 docebat
1174 1594 1243 1621 hanc
1258 1601 1366 1621 carnem
1384 1601 1438 1620 non
1459 1599 1610 1627 resurgere,
1629 1591 1676 1618 sed
1693 1598 1741 1625 pro
1757 1598 1790 1617 ea

1004 1641 1095 1672 aliam,
1108 1645 1136 1667 et
1164 1641 1232 1667 hanc
1262 1640 1289 1666 in
1319 1644 1417 1666 terram
1445 1638 1568 1666 dissolvi.
1584 1637 1722 1672 Scriptum
1748 1641 1790 1664 est

1004 1687 1088 1719 enim,
1104 1686 1201 1720 inquit,
1219 1685 1300 1712 Terra
1311 1693 1349 1716 es,
1360 1690 1385 1712 et
1400 1685 1428 1711 in
1438 1689 1536 1723 terram
1547 1684 1680 1711 reverteris
1687 1683 1707 1710 '.
1718 1682 1788 1709 Rur-

1005 1739 1107 1766 susque
1120 1731 1237 1762 dicebat,
1253 1729 1372 1757 infantes
1396 1737 1451 1757 non
1475 1728 1581 1756 futuros
1604 1727 1738 1764 perfectos
1762 1728 1790 1754 in

1007 1778 1096 1805 futuro
1111 1777 1222 1804 saeculo.
1240 1775 1372 1810 Ingressis
1386 1780 1476 1802 autem
1488 1775 1567 1802 nobis
1581 1774 1608 1801 in
1624 1774 1685 1808 ejus
1697 1781 1791 1800 mona-

1007 1823 1131 1854 sterium,
1147 1822 1302 1848 invenimus
1316 1828 1440 1856 magnam
1457 1819 1670 1850 multitudinem,
1683 1825 1744 1853 quae
1757 1818 1792 1844 ab

1007 1876 1039 1896 eo
1053 1868 1212 1896 docebatur.
1233 1866 1341 1894 Etenim
1359 1874 1375 1893 a
1389 1865 1451 1893 cibo
1466 1872 1575 1900 quoque
1587 1868 1614 1892 et
1626 1868 1690 1899 potu
1706 1863 1792 1890 absti—

1007 1914 1098 1941 nebat.
1112 1912 1206 1948 Neque
1220 1913 1293 1940 enim
1316 1912 1406 1939 oleum
1429 1911 1557 1945 sumpsit,
1576 1917 1627 1937 nec
1641 1909 1733 1936 vinum
1753 1909 1792 1935 bi-

1007 1961 1056 1993 bit,
1073 1968 1107 1987 ex
1124 1968 1179 1995 quo
1193 1959 1296 1986 mundo
1314 1958 1489 1986 renuntiavit.
1509 1957 1654 1991 Postquam
1671 1961 1736 1989 ergo
1749 1954 1789 1981 vi-

1008 2006 1047 2034 dit
1069 2005 1260 2044 Epiphanium,
1276 2004 1381 2038 rogavit
1403 2003 1545 2037 cujasnam
1561 2005 1644 2029 esset.
1667 2000 1790 2034 Cumque

1008 2053 1132 2082 scivisset
1148 2060 1212 2079 cum
1233 2059 1294 2079 esse
1307 2050 1492 2081 Palaestinam,
1510 2056 1608 2076 nomen
1627 2054 1735 2082 quoque
1750 2053 1791 2073 ro-

1010 2099 1165 2135 gavit.Cum
1180 2103 1268 2126 autem
1278 2097 1418 2124 didicisset
1426 2103 1487 2124 eum
1495 2094 1585 2122 vocari
1597 2093 1789 2128 Epiphanium,

1011 2145 1062 2171 fuit
1074 2144 1151 2171 valde
1166 2144 1275 2170 anxius.
1293 2142 1321 2169 In
1346 2141 1462 2177 Egypto
1480 2141 1554 2167 enim
1576 2139 1718 2166 dicebatur
1731 2137 1791 2172 Epi-

177 2193 276 2220 γνωσιν
298 2185 364 2220 ἔχει.
386 2184 463 2211 Μετὰ.
477 2182 522 2211 οὖν
535 2184 565 2210 τὸ
581 2184 752 2220 ἐπερωτῆσαι
775 2184 820 2211 τὸν
843 2185 952 2218 Ἐπιφά-

1011 2189 1127 2224 pltanius
1146 2196 1206 2216 esse
1226 2188 1268 2216 vir
1288 2188 1394 2218 doctus,
1410 2190 1437 2213 et
1459 2185 1559 2212 habere
1582 2181 1790 2218 praescientium.

177 2238 232 2258 νιον
251 2229 283 2256 τὸ
306 2229 387 2256 πόθεν
410 2228 496 2261 ἐστὶν,
511 2228 558 2255 καὶ
575 2228 616 2260 τίς
631 2228 764 2259 καλεῖται,
783 2227 828 2254 καὶ
854 2227 957 2263 μαθὼν,

177 2276 314 2303 ἐδίδασκεν
339 2275 420 2302 πάλιν
442 2275 488 2301 τὸν
506 2273 701 2309 6χλον.Ὲλθὼν
719 2273 748 2300 δὲ
764 2273 828 2309 περὶ
843 2273 960 2300 ἀναστά-

178 2330 246 2354 σεως
268 2321 424 2357 ἐξηγεῖσθαι
448 2320 540 2354 ἔλεγεν
564 2319 629 2355 περὶ
650 2319 700 2354 τῆς
722 2319 833 2355 σαρκὸς,
849 2320 890 2346 ὅτι
910 2319 960 2346 οὐκ

177 2368 327 2395 ἀνίσταται.
343 2367 398 2393 Καὶ
420 2360 595 2402 ἅδημονήσας
616 2365 772 2399 Ἐπιφάνιος
796 2363 871 2391 εἶπεν
894 2366 961 2400 πρὸς

183 2414 304 2449 Ἱέρακα*
316 2412 400 2444 Λάϐε,
415 2412 492 2448 φησὶ,
506 2412 631 2447 κατόχιον
653 2412 699 2438 siit
713 2411 752 2446 τῷ
770 2411 883 2446 στόματί
901 2419 959 2442 σου,

177 2459 225 2486 καὶ
245 2458 313 2494 μάθε
329 2458 368 2493 μὴ
385 2458 555 2493 βλασφημεῖν
570 2457 634 2494 περὶ
646 2458 696 2493 τῆς
712 2457 828 2488 ἐλπίδος.
845 2456 899 2483 Καὶ
915 2456 962 2483 ἐπὶ

176 2504 216 2540 τῷ
247 2503 319 2538 λόγῳ
342 2503 502 2537 Ἐπιφανίου
527 2503 632 2538 ἔμεινεν
658 2503 672 2529 ὀ
695 2502 820 2537 Ίεράκας
853 2501 960 2533 ἀλαλος,

178 2550 305 2586 ἀκίνητος
327 2550 375 2577 ἐπὶ
389 2549 429 2585 τῷ
446 2549 530 2584 τόπῳ.
540 2549 649 2581 Ἰδόντες
669 2549 698 2575 δὲ
715 2549 834 2580 ἅπαντες
850 2549 874 2575 οί
890 2548 963 2575 διδα-

180 2597 305 2631 σκόμενοι
327 2596 373 2622 ὑπ’
395 2594 478 2622 αὑτοῦ
503 2595 518 2621 ὃ
542 2594 669 2630 ἐποίησεν
689 2594 846 2629 Ἐπιφάνιος
870 2593 962 2629 θαῦμα

179 2642 225 2669 ἐπὶ
249 2642 295 2669 τὸν
313 2641 431 2677 Ἰέρακα,
449 2641 596 2676 ἐξέστησαν
617 2639 913 2672 ἂπαντες.’Υπολα6ὼν
934 2639 963 2666 δὲ

186 2687 343 2722 Ἐπιφάνιος
363 2686 417 2714 ἀπὸ
433 2686 488 2713 τῶν
509 2686 588 2713 θείων
604 2686 719 2723 Γραφῶν
738 2686 838 2722 ήρξατο
860 2687 963 2717 πάντας

179 2731 314 2760 διδάσκειν
328 2732 364 2760 τὰ
378 2733 444 2769 περὶ
455 2732 506 2768 τῆς
522 2733 705 2765 ἀναστάσεως.
718 2732 858 2769 Παρῆλθεν
870 2730 915 2760 οὖν
925 2733 963 2764 ὠς

216 2820 228 2837 ⁸
249 2820 316 2850 Gen.
336 2829 375 2853 Ill,
390 2821 433 2849 l9.

1008 2235 1155 2270 Postquam
1170 2241 1234 2261 vero
1251 2232 1355 2267 rogavit
1371 2230 1551 2266 Epiphanium
1575 2228 1715 2262 cujasnam
1746 2226 1792 2257 sit,

1009 2287 1037 2309 et
1048 2281 1096 2316 qui
1109 2284 1231 2311 vocetur,
1250 2279 1355 2306 turbam
1369 2285 1463 2304 rursus
1479 2275 1603 2303 docebat.
1617 2272 1686 2301 Cum
1702 2276 1792 2300 autem

1009 2328 1128 2355 venisset
1139 2326 1172 2353 ad
1189 2324 1379 2361 exponendum
1394 2323 1432 2350 de.
1442 2321 1647 2352 resurrectione,
1665 2319 1698 2347 de
1711 2326 1793 2345 carne

1010 2373 1089 2405 dixit,
1103 2380 1164 2399 eam
1180 2379 1233 2398 non
1248 2377 1401 2405 resurgere.
1418 2368 1523 2401 Quibus
1543 2366 1653 2398 auditis,
1669 2372 1740 2400 agre
1754 2364 1794 2391 fe-

1010 2426 1075 2446 rens
1088 2418 1265 2453 Epiphanius,
1279 2417 1348 2443 dixit
1362 2414 1468 2442 Hieraci
1481 2423 1487 2440 :
1500 2412 1547 2441 0ri
1563 2417 1610 2440 tuo
1625 2411 1740 2438 immitte
1751 2418 1792 2437 re-

1010 2464 1151 2500 pagulum,
1164 2469 1191 2491 et
1204 2463 1278 2490 disce
1290 2469 1364 2497 spem
1384 2464 1504 2488 nostram
1519 2466 1573 2486 non
1594 2457 1790 2491 blasphemare.

1011 2510 1089 2544 Quod
1113 2517 1175 2537 cum
1200 2508 1315 2536 dixisset
1333 2505 1513 2541 Epiphanius,
1529 2504 1629 2531 mansit
1643 2502 1741 2530 Hiera:
1765 2502 1793 2528 in

1012 2557 1071 2584 loco
1088 2560 1181 2583 mutus
1194 2561 1221 2582 et
1236 2553 1394 2581 immobilis.
1409 2552 1478 2580 Cum
1499 2558 1565 2578 vero
1578 2557 1683 2581 omnes,
1699 2547 1744 2583 qui
1760 2547 1794 2574 ab

1013 2603 1074 2638 ipso
1097 2602 1275 2633 docebantur,
1301 2600 1433 2627 vidissent
1466 2598 1626 2626 miraculum
1669 2595 1740 2630 quod
1766 2594 1793 2620 in

1011 2649 1099 2684 ipsum
1125 2647 1188 2675 fecit
1211 2646 1389 2682 Epiphanius,
1410 2645 1622 2679 obstupuerunt.
1640 2640 1679 2668 Ex
1694 2639 1794 2667 divinis

1012 2700 1100 2722 autem
1117 2693 1265 2728 Scripturis
1279 2692 1415 2727 accipiens
1430 2689 1611 2726 Epiphanius,
1632 2686 1714 2721 coepit
1734 2693 1794 2712 om-

1013 2749 1061 2769 nes
1084 2740 1182 2768 docere
1203 2739 1236 2767 de
1252 2738 1458 2767 resurrectione.
1483 2734 1615 2764 Praeteriit
1638 2732 1720 2769 igitur
1743 2731 1795 2758 alii
