1934 3029
139 96 175 124 59

791 101 820 128 S.
841 97 1012 127 EPlPilANll
1032 97 1122 125 VITA.

1720 97 1755 124 60

137 161 203 190 quot
215 156 343 183 horarum
360 157 488 191 spatium,
508 161 535 184 et
552 162 643 192 mulus
663 157 840 193 permanebat
859 157 919 184 Hie-

970 154 1047 190 ὡρῶν
1062 154 1146 190 τριῶν
1159 154 1312 190 διάστημα’
1329 156 1377 181 καὶ
1389 152 1422 191 ἦν
1440 154 1562 191 Ἰεράκας
1574 155 1686 188 ἄναυδος
1695 157 1753 184 δια-

137 209 196 228 rax.
213 201 277 229 Post
291 203 348 230 haac
360 207 450 230 autem
469 203 537 230 dixit
555 204 579 231 ei
592 203 761 239 Epiphanius
778 214 784 231 :
798 203 919 238 Loquere

138 255 233 275 verum.
245 256 408 280 sermonem,
420 255 446 277 et
459 249 522 277 audi
535 250 640 277 ﬁrmam
651 258 683 278 ac
695 250 817 277 stabilem
829 250 918 277 (idem.

138 294 215 322 Tunc
237 303 266 322 se
280 297 418 323 excusavit
437 295 546 329 Hlerax,
563 297 657 324 dicens
670 305 699 325 se
715 304 775 325 esse
788 297 894 332 lapsum
911 304 918 325 :

138 342 271 374 paenitere
287 345 378 370 autem
391 348 523 377 protervae
537 343 609 371 illius
626 343 776 371 sententia.

173 428 288 456 XXVIII.
310 429 483 458 Discedentes
507 439 571 458 vero
597 431 767 467 Leontopoli,
781 432 878 460 ivimas
892 433 919 460 in

137 475 303 510 superiorem
317 476 490 504 Thebaidem.
506 477 570 505 Erat
585 483 675 506 autem
692 479 747 506 illic
757 479 798 506 vir
818 479 918 514 justas,

135 519 254 547 Joannes
272 521 390 548 nomine.
411 521 443 549 Et
460 530 521 549 cum
535 523 568 549 ad
579 530 641 550 eum
654 523 769 558 ingressi
784 531 918 558 essemus,

136 573 186 592 nos
203 565 317 602 benigne
331 568 443 602 accepit.
460 567 582 596 Fuerunt
604 574 693 596 autem
710 570 818 604 quidam
834 578 867 598 ex
886 571 919 598 iis

135 611 182 645 qui
210 611 237 638 in
262 611 315 638 illis
330 612 398 639 locis
412 613 580 645 habitabant,
597 615 644 649 qui
659 615 683 642 ei
699 616 843 650 quemdam
858 616 918 643 alli-

136 661 233 690 garant
247 657 454 689 adolescentem.
471 663 499 686 ut
511 664 642 687 maneret.
656 660 681 688 is
695 669 760 688 vero
772 661 919 689 vexabatur

136 702 171 728 ab
197 703 338 731 immundo
359 705 466 739 spiritu.
492 705 640 740 Postquam
666 711 754 734 autem
771 707 837 734 vidit
853 706 918 742 Epi-

136 748 277 782 phaniam,
292 749 360 776 dixit
371 750 394 776 ei
412 758 508 785 magna
523 759 588 779 voce
605 761 612 778 :
629 751 684 778 Car
701 752 754 779 huc
767 753 917 786 accessisti,

137 793 280 828 Epiphani,
291 794 338 822 Dei
352 796 445 823 serve?
455 796 608 832 Mansitque
621 797 655 824 ab
669 797 733 824 hora
747 801 822 825 sexta
833 806 919 833 usque

137 840 170 865 ad
195 847 294 867 nonam
313 840 354 868 sic
373 841 506 869 clamans.
527 846 554 869 et
573 847 681 878 repente
703 848 783 878 rupto
798 844 916 876 vinculo,
934 834 954 861 Β

136 886 257 912 cucurrit
271 885 305 913 ad
322 886 512 921 Epiphaniam.
540 887 686 916 Prehensis
699 894 789 917 autem
805 890 919 923 pedibus

136 930 290 966 Epiphanii,
307 932 452 966 clamabat,
466 933 558 961 dicens
574 943 580 961 :
598 934 694 961 Libera
716 942 768 967 me,
782 943 849 970 rogo
871 943 918 970 per

137 977 220 1004 Deam
243 985 324 1012 quem
337 978 414 1005 colis.
430 979 538 1007 Dixerat
549 987 613 1007 vero
625 979 790 1015 Epiphanius
805 981 919 1009 imman-

136 1024 171 1050 do
187 1024 303 1058 spiritui,
321 1029 351 1051 ut
365 1024 404 1059 (α)
427 1025 513 1052 exiret
526 1026 560 1052 ab
575 1026 694 1057 homine,
712 1027 748 1054 ita
760 1031 855 1054 utnon
873 1034 919 1055 co-

136 1075 280 1104 gnosceret
304 1069 423 1098 Joannes
445 1070 637 1106 Epiphaniam.
661 1071 734 1099 Dixit
751 1077 840 1100 autem
855 1072 919 1108 Epi-

137 1114 252 1148 phanius
265 1115 429 1142 adolescenti
447 1125 454 1142 :
471 1115 568 1147 Homo,
580 1124 660 1151 surge
677 1126 683 1143 :
701 1117 765 1151 quid
788 1117 853 1144 mihi
868 1125 918 1145 ex-

136 1161 213 1187 hibes
226 1160 399 1187 molestiam?
415 1160 512 1188 Statim
523 1166 613 1189 autem
627 1169 710 1189 sanus
723 1162 841 1191 surrexit
852 1163 919 1190 ado-

135 1206 251 1238 lescens,
268 1214 329 1235 cum
342 1207 501 1235 immundus
515 1208 627 1235 exiisset
642 1208 840 1242 spiritus‘.Tres
854 1216 918 1236 Vero

136 1250 195 1278 dies
212 1252 362 1279 mansimus
377 1252 447 1286 apud
461 1252 604 1285 Joannem,
618 1253 706 1280 virum
721 1253 916 1286 admirabilem,

135 1302 162 1324 et
176 1298 240 1330 vita,
257 1305 318 1333 quae
342 1306 375 1325 ex
399 1298 498 1326 virtute
521 1299 659 1334 agebatur,
681 1304 818 1326 ornatum.
842 1299 919 1327 illinc

135 1347 225 1370 autem
249 1344 415 1375 recedentes,
432 1345 554 1372 venimus
578 1345 612 1372 ad
636 1344 756 1376 Bucolia,
770 1349 797 1372 et
815 1351 916 1380 septem

135 1397 221 1416 annos
234 1389 290 1416 illic
307 1390 489 1425 transegimus
506 1400 512 1417 :
531 1398 712 1426 magnamque
727 1391 782 1418 illic
802 1391 918 1426 Epipha-

135 1436 182 1463 nio
199 1436 350 1464 molestiam
364 1436 502 1471 przebuere
515 1444 561 1471 per
578 1438 810 1472 congressionem.

171 1521 266 1550 XXIX.
286 1522 438 1557 Aliquando
461 1523 573 1558 quidam
595 1523 786 1558 philosophus,
807 1507 951 1550 nominec

137 1566 294 1601 Eudaemon,
315 1568 430 1595 accessit
449 1569 482 1595 ad
507 1567 700 1603 Epiphaniam,
728 1574 754 1596 et
777 1576 917 1596 sermones

137 1613 208 1639 iuler
222 1619 251 1639 se
264 1613 412 1640 contulere.
435 1612 600 1647 Epiphanius
615 1614 723 1648 quidem
741 1622 774 1642 ex
796 1614 919 1650 Scriptu-

137 1659 176 1685 ris
192 1659 322 1686 divinitus
337 1659 486 1694 inspiratis,
502 1659 647 1687 Endaemon
667 1665 757 1688 autem
771 1668 819 1696 per
836 1661 920 1688 inuti-

137 1705 189 1732 lcm
209 1705 410 1733 contentionem
425 1705 576 1733 disserebat
599 1710 694 1733 contra
715 1714 747 1734 ea
765 1714 825 1741 qua
846 1707 919 1734 dice-

137 1751 183 1778 bat
202 1750 378 1786 Epiphanius.
409 1750 582 1786 ilabebatquc
610 1751 757 1779 Eudmmon
784 1759 916 1786 puerum;

136 1798 250 1832 ejusque
263 1797 360 1824 oculus
371 1802 430 1824 erat
439 1797 559 1825 clausus.
574 1797 647 1825 Dixit
657 1802 747 1826 autem
760 1797 918 1825 Eudaemoni

137 1843 304 1878 Epiphanius
319 1853 326 1870 :
343 1843 424 1876 Ecce,
438 1851 454 1870 ο
465 1844 635 1879 philosophe,
649 1852 731 1879 supra
747 1851 842 1872 omnes
860 1845 918 1871 elo—

137 1887 247 1922 quentia
261 1888 346 1922 polles
358 1892 385 1915 et
398 1887 510 1918 divitiis.
526 1894 644 1923 suntque
658 1889 729 1924 apud
745 1893 771 1916 te
786 1889 824 1916 dii
844 1896 918 1916 com-

138 1933 240 1966 plures.
256 1933 311 1960 Cur
329 1933 405 1968 pueri
430 1941 494 1968 ergo
518 1941 612 1961 caram
636 1942 688 1961 non
707 1935 788 1969 geris,
813 1940 843 1962 ut
860 1935 919 1969 ejus

138 1986 246 2013 quoque
267 1979 321 2005 sint
334 1979 393 2006 sani
409 1979 502 2006 oculi?
517 1979 555 2007 De
579 1980 632 2007 hoc
654 1980 715 2007 risit
729 1980 917 2016 philosophus,

138 2024 231 2052 dicens
253 2024 425 2059 Epiphanio:
443 2024 471 2052 Si
495 2026 546 2053 sub
571 2026 640 2054 casio
662 2031 735 2054 esset
751 2027 826 2054 solus
847 2027 919 2054 ﬁlius

140 2069 320 2100 Eudaemonis.
343 2071 389 2105 qui
412 2078 495 2097 unam
520 2071 632 2098 haberet
650 2072 770 2104 oculum,
792 2072 854 2107 jure
874 2080 918 2100 es-

139 2122 196 2142 sem
208 2114 242 2142 de
255 2122 288 2142 eo
298 2115 448 2148 sollicitus;
465 2116 598 2143 innumeri
612 2124 675 2143 vero
690 2124 750 2144 cum
763 2118 816 2145 sint
826 2118 873 2153 qui
885 2125 918 2145 ne

140 2168 203 2187 cum
218 2169 272 2188 uno
283 2161 391 2196 quidem
402 2161 482 2188 oculo
492 2166 593 2189 terram
605 2163 675 2190 hanc
688 2166 843 2198 peragrant.
852 2164 916 2198 quid
932 2171 955 2199 ι)

140 2213 214 2233 θυι-οξ
225 2207 267 2234 e'st
283 2206 436 2234 Eudaemoni
446 2207 479 2234 de
494 2207 546 2234 eo?
558 2207 725 2242 Epiphanius
739 2213 828 2236 autem
850 2209 918 2237 dixit

140 2251 297 2283 Eudaemoni
308 2262 315 2279 :
325 2253 403 2286 Quod
411 2253 433 2280 si
442 2253 527 2286 solus,
534 2253 631 2288 inquit,
638 2259 738 2287 esset,o
748 2254 916 2289 philosophe,

140 2296 270 2331 quidnam
295 2305 375 2333 agere
398 2306 493 2333 posses
516 2299 549 2325 ad
572 2307 634 2326 eum
653 2299 823 2326 curandam?
847 2299 918 2327 Nihil

142 2342 226 2373 aliud,
244 2343 332 2377 inquit
346 2342 505 2376 Eudaemon,
527 2344 580 2371 nisi
601 2344 758 2372 ratiocinari
771 2349 798 2372 et
816 2345 917 2378 dicere,

143 2388 246 2415 nullum
264 2396 382 2423 unquam
399 2391 439 2417 sic
459 2390 543 2418 fuisse
565 2390 701 2423 affectum,
724 2396 753 2418 ut
770 2396 811 2418 est
827 2396 919 2419 noster

143 2440 218 2467 puer.
238 2431 309 2459 Dixit
320 2433 487 2467 Epiphanius
501 2433 656 2463 Eudaemoni
672 2445 678 2462 :
693 2434 732 2463 Ne
744 2443 786 2468 ea,
805 2443 865 2471 quae
875 2436 917 2463 di-

142 2483 253 2510 cuntur,
269 2478 393 2506 attendas
415 2480 524 2514 perinde
547 2489 578 2508 ac
601 2481 714 2509 ridicula
742 2481 825 2516 (Deus
847 2481 919 2509 enim

143 2529 185 2552 est
198 2525 223 2550 iu
240 2524 328 2551 medio
342 2525 511 2558 amborum);
534 2526 622 2553 adduc
642 2535 758 2562 puerum
777 2527 823 2561 qui
846 2527 921 2554 labo-

144 2575 197 2602 rat,
210 2575 238 2598 et
251 2571 310 2597 vide
325 2571 438 2605 gloriam
455 2571 512 2599 Dei.
527 2571 589 2600 Haec
603 2580 664 2600 cum
680 2573 921 2609 dixissctEpipha-

144 2619 216 2651 nius,
242 2622 268 2646 et
293 2618 465 2646 Eudaemonis
485 2627 598 2653 puerum
623 2629 706 2648 manu
730 2622 870 2654 tenuisset,
895 2625 922 2648 et

143 2663 202 2698 ejus
216 2664 335 2698 oculum,
350 2663 395 2699 qui
407 2672 460 2691 non
480 2664 597 2698 videbat,
617 2670 656 2693 ter
670 2667 813 2702 signasset,
829 2667 920 2694 statim

145 2710 271 2744 respexit.
292 2710 361 2738 Cum
384 2714 473 2738 autem
493 2711 605 2738 vidisset
621 2711 778 2747 Eadaamon,
800 2713 872 2749 quod
883 2712 923 2742 fe-

180 2797 218 2834 (a)
237 2799 329 2828 Graeca
347 2801 514 2837 negationem
530 2800 641 2829 addant.

971 200 1069 234 μένων.
1083 199 1159 227 Μετὰ
1173 200 1201 226 δὲ
1213 200 1299 226 ταῦτα
1311 198 1386 226 εἶπεν
1404 201 1561 235 Ἑπιφάνιος
1578 201 1646 237 πρὸς
1659 202 1752 230 αὐτόν·

968 245 1050 271 Λάλει
1074 245 1120 271 τὸν
1141 244 1217 278 λόγον
1241 244 1338 280 ἀληθῆ,
1354 246 1399 272 καὶ
1425 244 1507 272 ἄκουε
1530 245 1579 281 τὴν
1599 246 1689 274 πίστιν
1710 247 1753 281 βε-

969 291 1058 318 ϐαίαν.
1074 290 1140 316 Τότε
1162 291 1283 326 Ἱεράκας
1303 291 1500 324 ἀπελογήσατο,
1520 291 1651 325 ἐσφάλθαι
1667 292 1753 326 λέγων

969 336 1036 371 πρὸς
1053 335 1219 370 Ἐπιφάνιον,
1237 335 1305 362 ἀλλὰ
1329 337 1469 371 μετανοεῖν
1490 335 1545 362 ἀπὸ
1565 337 1614 372 τῆς
1635 337 1753 364 ἀτάκτου

968 381 1080 417 γνώμης
1092 381 1209 417 ἐκείνης.

1003 428 1070 454 ΚΗ’.
1099 427 1264 463 Ἀπάραντες
1277 424 1323 454 οὖν
1336 427 1391 454 ἀπὸ
1409 427 1623 461 Λεοντοπόλεως,
1637 429 1752 465 ἐπορεύ-

969 473 1001 509 θη
1006 482 1055 508 μεν
1072 474 1112 505 εἰς
1124 473 1174 510 τὴν
1188 474 1243 500 ἄνω
1260 470 1446 509 ΘηόαΐδαῙΗν
1459 473 1488 499 δὲ
1502 474 1560 501 ἐκεῖ
1570 475 1673 506 δίκαιος
1683 475 1753 511 ἀνὴρ

974 519 1100 555 Ἰωάννης
1121 519 1241 555 ὀνόματι.
1257 519 1312 546 Καὶ
1333 519 1364 554 δὴ
1390 518 1556 551 εἰσελθόντες
1572 521 1640 556 πρὸς
1660 521 1751 552 αὐτὸν,

968 563 1075 595 ἐδέξατο
1102 565 1176 599 ἡμᾶς
1209 561 1434 599 εὐμενῶςΪΗσαν
1453 563 1482 590 δέ
1497 573 1568 597 τινες
1583 565 1637 592 τῶν
1652 567 1680 593 ὲν
1696 569 1752 598 τοῖς

967 610 1061 641 τόποις
1084 610 1199 641 ἐκείνοις
1219 609 1358 636 νεανίσκον
1382 609 1442 636 τινὰ
1464 611 1662 646 προσδήσαντες
1678 612 1752 648 αὺτῷ

969 655 1275 692 προσπαραμένεινῘΗν
1296 657 1324 684 δὲ
1340 658 1420 691 αὐτὸς
1437 659 1490 685 ὑπὸ
1506 657 1659 693 πνεύματος
1684 659 1752 688 ἀκα-

969 702 1068 737 θάρτου
1096 701 1348 737 ὲνοχλούμενος.Ὡς
1372 701 1419 730 οὖν
1445 703 1498 729 ἴδεν
1520 704 1565 729 τὸν
1585 703 1749 737 Ἐπιφάνιον,

969 747 1060 781 ἔλεγεν
1086 747 1152 782 πρὸς
1169 747 1249 774 αὐτὸν
1266 748 1371 784 μεγάλῃ
1386 749 1417 784 τῇ
1442 750 1517 784 φωνῇ
1528 758 1535 764 ·
1555 749 1586 774 Τί
1601 749 1750 784 παρεγένου

969 792 1255 827 ὲνταῦθα,“Επιφάνιε,
1269 793 1344 819 δοῦλε
1361 794 1407 820 τοῦ
1416 793 1500 827 Θεοῦ;
1517 794 1642 829 Ἐμεινεν
1655 794 1682 821 δὲ
1698 795 1750 822 ἀπὸ

968 840 1041 875 ὥρας
1052 839 1133 874 ’ἐκτης
1146 839 1197 870 ἕως
1209 839 1282 875 ὧρας
1298 839 1395 875 ἐνάτης
1406 840 1491 872 οὓτως
1507 839 1680 874 ἀποκράζων.
1695 841 1751 867 Καὶ

969 885 1096 920 ἐξαίφνης
1109 885 1256 921 διαρρήξας
1267 886 1321 912 τῶν
1332 886 1448 921 δεσμῶν,
1461 887 1578 923 ἔδραμεν
1594 886 1660 922 πρὸς
1676 887 1751 913 Ἐπι-

969 931 1072 966 φάνιον.
1091 931 1188 958 Λαϐὼν
1197 931 1227 958 δὲ
1242 931 1295 958 τῶν
1311 932 1397 959 ποδῶν
1412 932 1504 965 αὑτοῦ,
1521 932 1635 968 ἔκραξεν
1647 932 1731 966 λέγων
1738 941 1748 963 _'

975 976 1121 1002 Ἀπὸλυσόν
1138 985 1182 1012 με,
1198 977 1241 1003 διὰ
1252 977 1298 1003 τὸν
1312 977 1386 1010 Θεὸν,
1401 977 1431 1004 ὃν
1446 978 1478 1004 σὺ
1493 976 1626 1014 σέϐῃ.⁷Ην
1635 978 1663 1004 δὲ
1677 978 1752 1004 Ἐπι-

969 1022 1062 1056 φάνιος
1084 1021 1168 1049 εἰπὼν
1189 1023 1227 1057 τῷ
1250 1022 1396 1058 ἀκαθάρτῳ
1420 1023 1565 1058 πνεύματι,
1582 1024 1618 1059 μὴ
1635 1022 1753 1055 ἐξελθεῖν

968 1067 1021 1094 ἀπὸ
1042 1066 1089 1093 τοῦ
1112 1066 1266 1103 ἀνθρώπου,
1282 1068 1356 1099 ὅπως
1372 1068 1408 1103 μὴ
1421 1068 1476 1103 γνῷ
1493 1069 1618 1104 Ἰωάννης
1631 1068 1665 1095 τὰ
1681 1068 1753 1097 κατὰ.

967 1113 1013 1140 τὸν
1032 1113 1197 1148 Ἐπιφάνιον.
1215 1111 1298 1140 Εἶπεν
1322 1113 1350 1140 δὲ
1371 1114 1527 1148 Ἐπιφάνιος
1548 1114 1617 1149 πρὸς
1631 1115 1677 1142 τὸν
1691 1123 1751 1141 νεα-

967 1160 1067 1186 νίσκον·
1087 1159 1214 1192 Ἀνάστα,
1230 1159 1366 1195 ἄνθρωπε,
1382 1160 1408 1187 τί
1425 1160 1525 1192 κόπους
1541 1169 1585 1195 μοι
1601 1160 1731 1196 παρέχεις
1739 1169 1752 1194 ςν

967 1205 1075 1238 Εὐθέως
1098 1203 1144 1232 οὖν
1166 1206 1263 1242 ἀνέστη
1278 1207 1292 1232 ὁ
1305 1207 1444 1238 νεανίσκος
1461 1206 1539 1241 ὑγιὴς
1550 1227 1557 1238 ,
1567 1206 1613 1233 τοῦ
1631 1207 1751 1242 ἀκαθάρ-

967 1259 1013 1277 του
1038 1251 1191 1287 πνεύματος
1209 1251 1361 1284 ἐξελθόντος
1377 1252 1425 1279 ἀπ’
1438 1251 1531 1278 αὐτοῦ.
1544 1253 1708 1288 Ἐμείναμεν
1722 1253 1751 1279 δὲ

967 1298 1039 1332 τρεῖς
1053 1297 1158 1334 ἡμέρας
1177 1297 1252 1332 παρὰ
1266 1297 1306 1332 τῷ
1318 1297 1437 1332 Ἰωάννῃ,
1455 1297 1531 1332 ἀνδρὶ
1546 1297 1692 1333 θαυμαστῷ
1703 1298 1751 1325 καὶ

968 1343 1089 1379 εὐαρέτῳ
1103 1343 1224 1378 πολιτείᾳ
1236 1343 1442 1378 κεκοσμημένῳ.
1457 1343 1624 1378 Ἀπάραντες
1635 1344 1663 1370 δὲ
1680 1345 1750 1370 ἐκεῖ·

967 1389 1013 1416 θεν
1035 1389 1204 1424 κατήλθομεν
1228 1389 1275 1415 ἐπὶ
1299 1389 1333 1415 τὰ
1357 1389 1496 1421 Βουκόλια,
1515 1389 1561 1415 καὶ
1585 1390 1756 1424 ἐποιήσαμεν

967 1436 1024 1462 ἐκεῖ
1041 1435 1062 1467 ζ’
1078 1435 1140 1470 ἐτη·
1163 1434 1211 1461 καὶ
1231 1434 1315 1461 πολὺν
1338 1435 1421 1461 κόπον
1435 1435 1516 1462 κάκεῖ
1534 1436 1662 1470 παρεῖχον
1677 1436 1751 1462 Ἐπι-

968 1481 1054 1516 φανίῳ
1065 1480 1109 1507 διὰ
1124 1480 1174 1515 τῆς
1192 1480 1347 1515 συντυχίας.

1003 1524 1067 1551 ΚΘ.
1085 1523 1152 1549 Ποτὲ
1167 1521 1213 1549 οὖν
1228 1522 1371 1557 φιλόσοφός
1408 1531 1446 1554 τις
1471 1522 1583 1558 ὀνόματι
1610 1523 1751 1558 Εὐδαίμων

969 1569 1133 1604 παρεγένετο
1147 1569 1214 1604 πρὸς
1230 1568 1387 1603 Ἐπιφάνιον
1401 1589 1407 1601 ,
1434 1568 1481 1595 καὶ
1510 1570 1628 1604 συνῇραν
1655 1569 1751 1603 λόγους

969 1615 1035 1650 πρὸς
1051 1614 1173 1646 ἑαυτούς.
1199 1614 1346 1648 Ἐποίησαν
1363 1614 1392 1640 δὲ
1407 1617 1422 1640 ι’
1437 1614 1542 1650 ἡμέρας
1569 1614 1751 1650 διαλεγόμενοι

969 1659 1035 1694 πρὸς
1049 1659 1189 1694 ἀλλήλους.
1213 1660 1240 1685 '0
1257 1658 1311 1694 γὰρ
1319 1659 1476 1693 Ἐπιφάνιος
1492 1659 1546 1686 ἀπὸ
1556 1659 1610 1686 τῶν
1625 1659 1751 1686 θεοπνεύ-

969 1715 1038 1733 στων
1050 1705 1165 1741 Γραφῶν
1179 1705 1228 1741 τὴν
1251 1705 1379 1740 ἀλήθειαν
1402 1706 1575 1733 ἀπεδείκνυεν
1596 1706 1635 1742 τῷ
1657 1706 1751 1733 Εὐδαί-

970 1761 1030 1787 μονι
1040 1759 1048 1767 θ
1059 1752 1073 1777 ὁ
1089 1751 1116 1777 δὲ
1130 1751 1269 1786 Εὐδαίμων
1283 1750 1326 1777 διὰ
1337 1750 1388 1785 τῆς
1412 1750 1565 1783 ἀνωφελοῦς
1587 1751 1752 1786 φιλονεικίας

969 1797 1109 1831 ἀντέλεγεν
1119 1798 1174 1828 τοίς
1189 1797 1362 1832 λαλουμένοις
1374 1797 1418 1823 διὰ
1434 1797 1604 1831 Ἐπιφανίου.
1618 1795 1698 1833 Εἶχεν
1722 1795 1751 1825 δὲ

968 1844 1111 1879 Εὐδαίμων
1124 1843 1214 1874 παῖδα,
1230 1844 1278 1870 καὶ
1303 1843 1396 1869 τούτου
1417 1844 1432 1869 ὁ
1445 1843 1583 1879 ὀφθαλμὸς
1595 1842 1629 1879 ἦν
1644 1845 1750 1871 κεκλει-

969 1891 1075 1926 σμένος.
1100 1888 1183 1916 Εἶπεν
1196 1890 1225 1916 δὲ
1242 1888 1400 1924 Ἐπιφάνιος
1413 1889 1480 1925 πρὸς
1494 1890 1646 1925 Εὐδαίμονα
1658 1899 1664 1905 ·
1675 1890 1749 1923 Ἰδοὺ,

969 1936 1106 1971 φιλόσοφε,
1136 1936 1183 1962 ἐπὶ
1200 1936 1282 1962 πᾶσιν
1308 1935 1477 1970 κεκόσμησαι
1502 1935 1550 1962 καὶ
1567 1936 1676 1969 λόγοις,
1704 1937 1751 1962 καὶ

971 1981 1088 2017 πλούτῳ,
1104 1982 1151 2009 καὶ
1169 1982 1292 2017 περισσοὶ
1303 1980 1358 2007 Θεοί
1375 1981 1443 2007 εἰσιν
1459 1981 1534 2016 παρὰ
1549 1981 1598 2008 σοί.
1615 1981 1663 2008 Διά
1679 1982 1704 2008 τί
1720 1982 1750 2007 οὐ

970 2029 1055 2059 ποιεῖς
1082 2027 1210 2062 φροντίδα
1224 2026 1272 2053 τοῦ
1299 2026 1345 2053 σοῦ
1365 2027 1468 2059 παιδὸς,
1497 2027 1571 2058 ὅπως
1597 2027 1643 2053 καὶ
1661 2027 1686 2053 οι
1705 2026 1750 2054 δύο

969 2073 1102 2108 ὀφθαλμοὶ
1116 2072 1210 2099 τούτου
1223 2071 1292 2108 ἦσαν
1307 2073 1409 2106 ὑγιεῖς;
1430 2072 1491 2099 Ἐπὶ
1507 2072 1586 2098 τοῦτο
1603 2072 1631 2098 δὲ
1650 2074 1664 2098 ὁ
1676 2072 1749 2106 φιλό-

970 2128 1050 2154 σοφος
1061 2119 1189 2154 ἐγέλασεν
1203 2118 1289 2152 λέγων
1305 2117 1456 2153 Ἐπιφανίῳ
1469 2127 1475 2134 ·
1490 2118 1522 2145 Ει
1536 2119 1564 2144 ἐν
1574 2119 1605 2153 τῇ
1618 2118 1663 2144 ὑπ’
1674 2118 1741 2153 οὐρα

968 2166 1013 2193 νὸν
1028 2165 1064 2199 (b)
1084 2166 1098 2191 ὁ
1127 2165 1190 2196 παῖς
1215 2163 1380 2199 Εὐδαίμονος
1406 2161 1439 2199 ἦν
1453 2163 1590 2198 ὀφθαλμὸν
1602 2164 1650 2190 ἕνα
1670 2163 1750 2198 ἔχων,

968 2210 1040 2246 εἶχον
1053 2210 1085 2237 ἂν
1102 2209 1268 2246 μεριμνῆσαι
1282 2209 1345 2244 περὶ
1361 2208 1442 2235 αὐτοῦ
1453 2216 1459 2223 ·
1481 2209 1505 2234 εἰ
1520 2208 1548 2234 δὲ
1573 2208 1750 2243 ἀναρίθμητοί

968 2258 1035 2283 εἰσιν
1050 2257 1074 2282 οἱ
1086 2257 1130 2282 ὑπ’
1146 2255 1250 2286 οὐδενὸς
1270 2254 1406 2289 ὀφθαλμοῦ
1434 2254 1611 2289 πορευόμενοι
1633 2255 1679 2280 ἐπὶ
1702 2255 1749 2289 τῆς

968 2303 1019 2337 γῆς
1036 2301 1146 2336 ταύτης.
1159 2301 1186 2327 τί
1199 2300 1237 2336 τῷ
1251 2299 1396 2335 Εὐδαίμονι
1413 2299 1488 2334 μέλει
1506 2300 1570 2335 περὶ
1588 2299 1681 2326 τούτου
1694 2321 1701 2332 ,
1721 2300 1750 2326 '0

968 2349 996 2375 δὲ
1010 2348 1168 2382 Ἐπιφάνιος
1184 2345 1259 2374 εἴπεν
1274 2347 1341 2382 πρὸς
1353 2347 1398 2373 τὸν
1412 2346 1581 2380 Εὐδαίμονα·
1600 2347 1632 2373 El
1654 2346 1682 2373 δὲ
1704 2346 1752 2373 καὶ

971 2395 1059 2430 μόνος,
1078 2391 1203 2429 φησ“ιν,ὧ
1223 2393 1360 2427 φιλόσοφε,
1380 2392 1537 2427 ἐτύγχανεν.
1563 2392 1590 2418 τί
1607 2389 1678 2427 εἶχες
1692 2393 1751 2418 ὲπι-

969 2438 1095 2474 τηδεῦσαι
1110 2438 1176 2473 πρὸς
1201 2437 1347 2472 θεραπείαν
1366 2436 1480 2469 τούτους
1504 2437 1533 2463 '0
1552 2437 1581 2463 δὲ
1608 2437 1750 2471 Εὐδαίμων

969 2486 1066 2522 φησίν·
1082 2486 1163 2512 Οὐδὲν
1184 2485 1200 2520 ἢ
1215 2485 1245 2511 τὸ
1267 2484 1417 2518 λογίζεσθαι
1443 2483 1572 2515 πολλάκις
1590 2484 1636 2510 καὶ
1652 2483 1749 2516 λέγειν,

970 2533 1010 2559 ὅτι
1027 2531 1111 2563 οὐδείς
1123 2532 1196 2557 ἐστιν
1207 2530 1315 2556 πώποτε
1329 2530 1414 2559 οὕτως
1436 2529 1473 2561 ὡς
1495 2530 1509 2556 ὁ
1530 2529 1662 2564 ἡμέτερος
1675 2528 1748 2558 παῖς.

972 2573 1056 2603 Εἶπεν
1069 2575 1097 2601 δὲ
1113 2575 1271 2609 Ἐπιφάνιος
1285 2574 1352 2609 πρὸς
1367 2573 1460 2600 αὐτόν·
1478 2574 1523 2608 Μὴ
1534 2573 1659 2608 πρόσεχε,
1673 2571 1750 2606 φησι,

971 2621 1109 2655 φιλόσοφε,
1126 2621 1182 2652 τοῖς
1193 2620 1366 2655 λαλουμένοις
1377 2619 1414 2651 ὡς
1425 2620 1453 2645 ὲν
1462 2619 1558 2654 γελοίῳ
1567 2626 1574 2633 ·
1585 2619 1599 2644 ὁ
1615 2617 1681 2649 Θεδς
1696 2616 1750 2652 γὰρ

972 2665 1023 2692 ἀνὰ
1041 2665 1121 2700 μέσον
1144 2664 1314 2699 ἀμφοτέρων.
1344 2664 1447 2698 Ἀγαγε
1480 2663 1558 2690 παῖδα
1590 2660 1692 2696 πηρόν-
1712 2660 1750 2687 ῑδε

972 2711 1049 2745 δόξαν
1059 2710 1135 2737 Θεοῦ.
1154 2709 1246 2737 Ταῦτα
1256 2709 1284 2736 δὲ
1299 2708 1382 2738 εἰπὼν
1404 2709 1572 2744 Ἐπιφάνιος,
1593 2706 1639 2734 καὶ
1653 2706 1752 2742 κρατή-

1011 2802 1047 2834 (b)
1063 2802 1198 2834 interpres
1212 2799 1285 2827 addit
1298 2798 1386 2834 μόνος.
