1934 3029
205 119 237 148 δι

837 116 866 144 S.
887 115 1055 143 EPIPHANII
1076 116 1166 143 VITA.

1779 117 1815 141 δῖ

205 187 254 210 σας
263 177 309 205 τὸν
320 177 400 204 παῖδα
413 174 461 202 τοῦ
475 174 638 209 Εὐδαίμονος
657 174 712 201 ἀπὸ
725 174 774 210 τῆς
802 175 892 210 χειρὸς
908 194 915 207 ,
937 176 985 202 καὶ

1036 179 1110 203 cerat
1134 175 1320 210 Epiphanius,
1344 174 1450 210 rogavit
1466 181 1528 201 eum
1549 173 1643 201 dicens
1662 181 1668 199 :
1688 171 1716 199 Si
1736 171 1814 200 vobis

205 224 356 259 σφραγίσας
368 222 414 248 τὸν
427 221 564 256 ὀφθαλμὸν
578 220 671 252 αὑτοῦ,
682 220 727 247 τὸν
742 220 779 256 μὴ
794 221 910 256 ὁρῶντα,
923 222 984 256 τρί-

203 278 258 302 τον,
279 268 379 298 εὐθέως
394 267 548 301 ἀνέϐλεψεν.
570 266 641 293 Ἰδὼν
655 267 683 293 δὲ
697 267 838 301 Εὐδαίμων
857 266 871 292 ὃ
891 267 983 301 ἐποίη-

205 324 250 342 σεν
265 315 431 349 Ἐπιφάνιος,
448 312 633 348 παρεκάλεσεν
645 312 726 339 αὑτὸν
744 312 844 346 λέγων·
861 313 893 339 El
909 312 984 347 φίλον

177 362 181 398 ς
203 361 276 387 ἐστὶν
290 361 363 394 ὑμῖν.
379 358 532 391 διδάσκαλε,
552 358 620 385 θέλω
638 358 714 392 κάγὼ
735 358 894 393 Χριστιανὸς
908 358 984 392 γενέ‹

204 405 277 432 σθαι.
301 405 329 431 '0
342 404 370 431 δὲ
385 401 460 430 εἶπεν
473 404 561 439 αὐτῷ·
585 405 727 437 Ἄκουσον,
749 404 846 439 φησὶν,
863 401 886 430 ὦ
909 404 984 439 φιλό-

204 459 278 484 σοφε,
291 449 326 476 τὰ
337 450 400 484 περὶ
415 449 462 475 τοῦ
471 448 572 483 ἀγαθοῦ
594 449 640 475 καὶ
664 449 850 485 εὐσπλάγχνου
865 449 946 483 Θεοῦ,
962 446 985 484 ᾧ

203 496 228 521 οἱ
244 494 398 530 Χριστιανοὶ
416 493 599 520 πιστεύουσιν.
614 494 683 520 Ποτὲ
698 493 742 520 τὸν
758 494 864 530 Ἰσραὴλ
883 495 911 520 ἐν
926 494 985 520 δου-

204 540 263 575 λείᾳ
278 540 434 575 ὑπάρχοντα
446 538 486 574 τῷ
498 539 595 574 Φαραὼ
609 539 713 574 βασιλεί
725 540 862 574 Αἰγύπτου
876 540 986 575 ἠλευθέ-

207 594 303 621 ρωσεν,
320 585 368 612 καὶ
381 584 534 620 ἀπήλλαξεν
546 585 628 612 αὑτὸν
642 586 690 612 ἀπ’
706 585 798 618 αὐτοῦ,
814 586 860 612 καὶ
876 585 920 612 διὰ
934 585 985 620 τῆς

206 630 342 664 θαλάσσης
357 629 448 664 διῆγεν
465 629 545 655 αὐτὸν
562 629 605 655 διὰ
620 629 670 664 τῆς
681 629 794 664 ἐρήμου,
809 630 856 656 καὶ
871 630 984 665 εισήγα-

204 683 252 709 γεν
267 675 346 701 αὐτὸν
357 675 396 706 εἰς
405 675 457 710 γῆν
477 675 589 710 ῥέουσαν
604 675 674 708 γάλα
693 675 740 701 καὶ
760 675 830 709 μέλι.
847 675 901 702 Καὶ
920 675 986 702 ποτὲ

203 718 297 745 τοῦτον
320 719 507 754 άπειθήσαντα
524 719 570 746 καὶ
584 719 720 753 ἀμνησίαν
746 719 841 754 ἔχοντα
857 719 924 755 πρὸς
940 720 985 746 τὸν

203 763 269 789 Θεὸν
281 763 326 790 διὰ
348 764 394 790 τοῦ
414 765 556 800 Προφήτου
571 763 664 791 τοῦτον
690 765 858 800 παρακαλεῖ,
879 765 983 800 λέγων*

204 809 283 841 Andr;
292 817 362 841 μου,
375 810 403 835 τι
414 809 543 843 ἐποίησά
555 816 621 841 σοι;
637 809 656 843 ἢ
676 809 704 836 τι
716 809 846 844 ἠδικησά
857 817 904 843 σε,
918 811 936 844 ἣ
956 811 985 838 τί

203 854 420 888 παρηνόχλησά
431 863 488 888 σε;
503 855 678 889 ἀποκρίθητέ
686 863 747 889 μοι.
763 856 844 882 Ὥστε
863 843 984 890 οὖνέλό-
999 843 1020 871 Β

204 908 246 933 γιε
258 900 531 935 Εὺδαίιιιυν,έτοιμὸς
553 901 627 927 ἐστιν
651 901 665 927 ὁ
679 901 745 932 Θεὸς
769 901 871 934 πάντας
894 903 987 938 τρόπῳ

203 943 297 979 ἀγαθῷ
310 944 516 979 εἰσερχομένους
535 944 719 979 εἰσδέχεσθαι,
735 945 787 972 κᾶν
810 946 946 982 ἁμαρτίας

205 998 247 1021 ¹ιπις
259 990 386 1022 πλείστας
405 990 570 1025 πεποιηκὼς,
591 991 756 1026 ἀφεθήσεται
772 992 856 1027 αὐτῷ.
872 993 988 1020 Ἀπελθε

204 1033 257 1066 οὖν,
274 1035 345 1069 λόγιε
356 1035 509 1071 Εὐδαίμων,
525 1036 570 1062 καὶ
579 1036 681 1063 εἴσελθε
692 1037 720 1063 ἐν
734 1039 768 1073 τῇ
782 1038 869 1070 πόλει,
882 1039 930 1065 καὶ⁹
946 1040 983 1075 μὴ

1035 221 1133 255 placet,
1151 221 1291 256 magister,
1307 220 1369 247 volo
1383 227 1432 255 ego
1443 226 1552 254 quoque
1563 218 1621 246 ﬁeri
1635 218 1812 245 christianus.

1035 266 1204 301 Epiphanius
1220 270 1310 293 autem
1329 265 1398 292 dixit
1418 265 1574 292 Eudamoni
1591 273 1598 291 :
1616 263 1696 294 Audi,
1717 271 1734 290 ο
1755 263 1816 298 phi-

1035 313 1157 347 losophe,
1174 312 1208 340 de
1225 312 1297 340 bono
1320 319 1347 339 et
1369 311 1539 339 misericordi
1559 310 1623 342 Deo,
1643 310 1687 337 cui
1702 310 1816 337 credunt

1034 357 1192 384 Christiani.
1220 356 1348 383 lsraelem
1366 375 1374 388 ,
1411 355 1459 390 qui
1496 354 1643 391 aliquando
1682 354 1816 381 serviebat

1034 403 1170 430 Pharaoni
1184 403 1240 437 regi
1261 402 1378 438 Egypti,
1394 400 1526 434 liberavit,
1540 405 1566 428 et
1578 408 1640 428 eum
1658 400 1768 435 eripuit,
1788 405 1815 427 et

1035 456 1083 484 per
1093 456 1167 475 mare
1181 448 1304 476 Rubrum
1322 456 1384 475 eum
1402 447 1532 479 traduxit,
1548 451 1676 482 tanquam
1692 454 1740 481 per
1762 451 1816 477 ter-

1034 501 1093 520 ram
1108 493 1212 521 aridam
1242 499 1323 528 atque
1344 500 1393 528 per
1415 488 1599 525 solitudinem,
1617 496 1644 519 et
1666 491 1815 519 introduxit

1034 549 1095 568 eum
1116 541 1143 568 in
1159 545 1259 568 terram
1284 541 1411 568 ﬂuentem
1436 540 1505 567 lacte
1523 543 1550 565 et
1573 537 1675 565 melle:
1698 544 1816 571 eumque

1034 594 1097 613 cum
1114 586 1262 621 aliquando
1273 594 1327 613 non
1343 585 1489 621 paruisset,
1504 588 1531 611 et
1547 583 1594 610 Dei
1607 582 1704 610 fuisset
1720 582 1816 609 imme-

1034 638 1104 664 mor,
1126 638 1176 665 per
1190 631 1350 666 prophetam
1372 630 1412 657 sic
1432 629 1603 660 adhortatur,
1626 627 1738 654 dicens:
1762 627 1814 654 Po-

1034 677 1093 711 pule
1106 677 1158 709 mi,
1186 677 1248 711 quid
1264 677 1314 711 feci
1334 676 1399 708 tibi,
1419 680 1465 702 aut
1481 683 1534 710 qua
1549 675 1577 701 in
1592 681 1620 700 re
1640 673 1687 700 tibi
1709 673 1747 707 fui
1763 681 1816 699 mo-

1034 722 1114 750 lestus
1130 723 1143 749 ?
1157 722 1284 757 responde
1301 721 1366 748 mihi
1387 721 1408 747 °.
1425 719 1620 753 Quamobrem,
1636 726 1653 746 0
1667 719 1745 746 docte
1758 719 1814 752 Eu-

1035 769 1149 802 daemon,
1172 773 1283 803 paratus
1297 772 1340 796 est
1361 767 1433 795 Deus
1451 775 1509 799 eos,
1529 766 1575 801 qui
1593 766 1666 793 bono
1678 766 1758 792 modo
1770 773 1816 799 aq-

1035 813 1146 845 cedunt,
1167 814 1292 849 excipere
1308 822 1314 840 :
1331 817 1359 841 et
1372 814 1394 840 si
1416 812 1478 848 quis
1495 811 1589 839 fecerit
1610 817 1719 845 peccata
1733 818 1814 845 quam

1035 859 1160 894 plurima,
1177 859 1221 887 illa
1237 860 1262 886 ei
1280 859 1460 887 remittemur.
1487 857 1560 884 Vade
1575 864 1650 891 ergo,
1673 863 1690 881 o
1712 853 1816 881 erudite

1034 904 1192 938 Eudaemon,
1210 909 1237 932 et
1248 904 1390 940 ingredere
1404 904 1553 935 civitatem,
1569 907 1595 930 et
1610 909 1659 928 nec
1675 904 1700 927 te
1715 900 1816 935 pudeat

1036 952 1163 979 accedere
1175 951 1209 979 ad
1223 952 1391 987 episcopum.
1413 950 1538 977 Christus
1551 948 1623 976 enim
1645 951 1719 973 amat
1731 946 1816 972 humi-

1034 996 1147 1024 litatem.
1174 996 1308 1029 Quocirca
1330 996 1364 1023 ad
1383 1002 1433 1022 nos
1457 999 1566 1029 quoque
1582 991 1656 1019 venit
1669 990 1696 1017 in
1719 996 1815 1024 magna

1036 1042 1199 1070 humilitate.

203 1081 349 1116 αἰσχυνθῇς
361 1083 524 1117 προπεσεῖν
536 1081 574 1118 τῷ
587 1082 737 1117 ἔπισκόπῳ-
755 1084 783 1110 ὀ
795 1084 848 1120 γὰρ
866 1085 982 1121 Χριστὸς
999 1087 1048 1123 τὴν
1071 1089 1233 1117 ταπείνωσιν
1247 1089 1350 1124 ἀγαπᾷ.
1364 1087 1409 1114 Διὸ
1436 1086 1483 1113 καὶ
1495 1086 1523 1112 ὲν
1543 1084 1625 1119 πολλῇ
1657 1080 1816 1110 ταπεινώσει

203 1126 284 1163 ἦλθεν
299 1128 366 1162 πρὸς
380 1128 463 1162 ἡμᾶς.

238 1172 276 1198 A’.
297 1172 429 1198 Ἤκουσεν
440 1171 467 1197 δὲ
481 1171 623 1206 Εὐδαίμων
636 1171 691 1198 τῶν
708 1171 794 1206 λόγων
811 1172 981 1207 Ἐπιφανίου,

204 1216 251 1243 καὶ
265 1216 387 1251 εἰσῆλθεν
411 1217 440 1243 ἐν
460 1217 492 1252 τῇ
508 1216 594 1248 πόλει,
622 1218 669 1244 καὶ
686 1217 853 1253 προσέπεσεν
864 1218 903 1254 τῷ
922 1220 983 1245 ἐπι-

205 1264 310 1298 σχὸπῳ,
326 1263 371 1290 καὶ
383 1262 491 1297 ἐγένετο
504 1263 675 1298 Χριστιανός.
684 1264 829 1300 Διαὸόητος
837 1264 866 1291 δὲ
877 1265 984 1299 ἐγένετο

205 1308 362 1342 Ἐπιφάνιος
379 1309 418 1339 εἰς
434 1308 498 1343 ὃλην
512 1308 561 1344 τὴν
585 1308 731 1343 Αἴγυπτον.
747 1310 897 1345 Ἐξήτησαν
915 1310 943 1337 δὲ
959 1311 984 1337 οι

206 1353 348 1380 ἐπίσκοποι
367 1354 501 1389 κρατῆσαι
523 1354 603 1381 αὐτὸν
633 1355 797 1381 ἐπίσκοπον·
817 1357 865 1382 καὶ
884 1356 898 1382 ὁ
911 1356 985 1390 ἄγων

204 1397 270 1435 ἦγεν
282 1399 327 1425 τὸν
340 1399 507 1433 Ἐπιφάνιον.
532 1400 622 1434 Ἔγνω
635 1400 688 1436 γὰρ
709 1400 787 1427 τοῦτο
807 1401 965 1436 Ἐπιφάνιος
976 1410 984 1418 ·

205 1445 252 1472 καὶ
267 1443 341 1471 εἶπεν
354 1445 421 1480 πρὸς
441 1446 475 1480 μέ
488 1454 495 1461 '
508 1445 602 1481 Δεῦρο,
617 1446 721 1478 τέκνον,
736 1447 910 1482 πορευθῶμεν
934 1448 985 1475 πά-

205 1490 245 1517 λιν
263 1491 291 1517 ἐν
317 1491 350 1525 τῇ
373 1490 491 1525 πατρίδι.
520 1491 576 1521 Καὶ
600 1491 787 1526 ἐπορεύθημεν
813 1491 892 1518 πάλιν
909 1492 937 1518 ἐν
951 1493 983 1527 τῇ

205 1535 312 1570 πατρίδι
327 1523 403 1570 ημῶν
413 1544 419 1549 ·
428 1523 479 1561 Ῐκαὶ.
491 1523 694 1571 είσήλθομεν-ὲν
710 1523 748 1571 “cii:
758 1537 928 1572 μοναστηρίῳ
938 1523 983 1564 τοδ
998 1523 1019 1552 c

206 1581 321 1616 μεγάλου
340 1581 499 1617 Ὶλαρίωνος.
532 1579 585 1608 Ἦν
601 1582 630 1608 δὲ
648 1583 662 1608 ὁ
674 1582 760 1616 μέγας
787 1582 907 1618 Ίλαρίων
921 1584 985 1610 ἀνα-

205 1627 330 1661 χωρήσας
343 1627 375 1653 ἐκ
392 1626 438 1653 τοῦ
458 1627 636 1663 μοναστηρίου
646 1627 695 1661 ¹διὰ
709 1628 757 1663 τὴν
766 1627 864 1664 πολλὴν
877 1628 986 1664 ὄχλησιν

204 1671 253 1706 τὴν
264 1671 406 1706 γινομένην
421 1671 504 1706 αὐτῷ,
526 1672 573 1698 καὶ
598 1672 770 1704 ἀποπλεύσας
798 1673 851 1700 ἀπὸ
865 1674 913 1709 τῆς
930 1675 986 1701 Κυ-

205 1717 335 1752 πρίων”ἐν
346 1718 401 1749 τοῖς
415 1717 508 1748 τόποις
520 1718 575 1748 τοῖς
599 1717 663 1755 περὶ
684 1717 733 1753 τὴν
756 1719 859 1753 Πάφον.
879 1719 986 1751 Εἰδότες

204 1759 250 1788 οὖν
265 1763 288 1788 οἱ
297 1761 406 1796 ἀδελφοὶ
415 1762 459 1788 τὸν
471 1763 628 1796 Ἐπιφάνιον
649 1763 786 1799 ἐχάρησαν
802 1763 889 1799 χαρὰν
907 1765 987 1799 μεγά-

204 1807 262 1842 λην.
275 1805 364 1834 Ἦσαν
380 1808 408 1834 δὲ
423 1808 580 1840 πενθοῦντες
593 1808 637 1836 διὰ
657 1810 702 1836 τὸν
727 1809 814 1844 μέγαν
835 1810 984 1846 Ἰλαρίωνα.

205 1852 387 1887 Ἐποιήσαμεν
405 1853 434 1879 δέ
455 1854 483 1880 ἐν
509 1853 547 1888 τῷ
562 1854 732 1890 μοναστηρίῳ
746 1855 854 1890 ἡμέρας
887 1858 923 1890 μ’,
940 1855 986 1882 καὶ

206 1896 356 1928 ἐξελθόντες
368 1897 554 1933 ἐπορεύθημεν
574 1899 603 1925 ἐν
620 1898 658 1934 τῷ
672 1900 797 1935 ἡμετέρῳ
815 1901 986 1936 μοναστηρίῳ

205 1941 243 1978 τῷ
258 1943 463 1978 ἐπικαλουμένῳ
475 1944 643 1980 Σπανυδρίῳ,
657 1945 685 1972 ἐν
696 1942 718 1978 ᾧ
732 1943 766 1980 ἦν
779 1946 892 1982 ποιήσας
909 1946 987 1981 ἡγού-

207 1997 284 2023 μενον
299 1988 458 2022 Ἐπιφάνιος
479 1989 525 2016 τὸν
552 1990 692 2026 Ἐδεσηνδν
707 1991 875 2026 Ἐπιφάνιον.
891 1989 946 2018 Ἦν
959 1992 987 2018 δὲ

204 2030 279 2065 οὖτος
287 2034 532 2070 περιποιησάμενος
543 2036 572 2062 ἐν
581 2035 619 2071 τῷ
629 2036 798 2072 μοναστηρίῳ
809 2037 909 2072 πλῆθος
916 2037 988 2064 ἁδελ-

206 2079 272 2113 φῶν.
288 2080 342 2106 Καὶ
358 2080 412 2115 γὰρ
425 2080 505 2112 αὐτὸς
520 2080 673 2116 θαυμαστὸς
686 2083 767 2118 ἁνήρ.
780 2082 885 2115 Είδότες
898 2083 926 2110 δὲ
941 2083 987 2110 τὸν

205 2125 361 2160 Ἐπιφάνιον
379 2126 477 2157 πάντες
501 2126 638 2162 ἐχάρησαν
652 2128 737 2162 χαρὰν
753 2129 880 2163 μεγάλην.
900 2129 989 2156 Ἐποι-

205 2170 310 2206 ήσαμεν
326 2170 354 2196 δὲ
365 2171 393 2196 ὲν
407 2170 446 2206 τῷ
474 2172 644 2207 μοναστηρίῳ
658 2172 749 2208 τρίτην
765 2173 870 2208 ἡμέραν
894 2174 922 2200 ὲν
947 2174 987 2200 ἑνὶ

204 2216 289 2251 τόπῳ,
301 2215 356 2250 ἐγώ
370 2225 398 2242 τε
412 2217 458 2243 καὶ
471 2217 561 2248 αὐτός.
571 2217 625 2244 Καὶ
637 2219 670 2253 τῇ
680 2218 794 2254 τετάρτῃ
807 2219 898 2254 ἡμέρᾳ
911 2218 986 2246 εἶπεν

205 2263 273 2299 πρὸς
288 2264 321 2298 μέ
332 2273 338 2280 ο
360 2264 471 2295 Τέκνον,
489 2264 554 2290 λάϐε
571 2264 674 2291 κελλιον
686 2265 788 2300 ἕτερον,
807 2265 853 2292 καὶ
867 2265 986 2301 ἡσύχαζε

205 2309 233 2335 ὲν
251 2309 340 2344 αὐτῷ·
359 2309 407 2336 καὶ
421 2310 537 2344 ἐποίησα
551 2309 646 2342 οὕτως.
664 2310 719 2336 Kal
734 2310 822 2346 ἤμεθα
837 2311 986 2347 ἡσυχάζον-

204 2363 248 2386 τες
262 2356 290 2382 ἐν
303 2355 342 2391 τῷ
358 2356 539 2391 μοναστηρίῳ.

239 2401 300 2428 AA'.
319 2401 405 2436 Λιμοῦ
419 2401 447 2428 δὲ
459 2402 602 2436 γενομένου
615 2402 643 2428 ἐν
663 2401 702 2437 τῷ
719 2402 794 2437 τόπῳ
821 2402 917 2438 ἐκείνῳ
941 2402 986 2429 ἐπὶ

204 2447 252 2481 τῆς
268 2447 318 2481 γῆς
325 2446 379 2472 τῶν
393 2447 531 2478 Φοινίκων,
547 2447 717 2482 συνήχθησαν
729 2447 816 2483 πλήθη
824 2447 907 2474 πολλὰ
919 2448 987 2483 πρὸς

205 2491 364 2525 Ἐπιφὰνιον
376 2511 382 2523 ,
399 2491 445 2518 καὶ
462 2492 631 2527 παρεκάλουν
648 2492 740 2519 τοῦτον
759 2493 900 2528 λέγοντες”
918 2494 986 2529 Βοή-

206 2537 286 2572 θησον
299 2538 374 2572 ἡμῖν,
386 2537 486 2573 Πάτερ,
499 2538 573 2570 ὃπως
590 2538 627 2573 μὴ
641 2537 814 2573 ἀπολώμεθα,
832 2539 878 2566 καὶ
898 2548 987 2575 παρα-

206 2581 318 2608 κάλεσον
327 2581 371 2608 τὺν
387 2581 462 2614 Θεὸν,
475 2583 548 2614 ὅπως
564 2582 644 2608 δώσει
658 2583 733 2609 ὑετὸν
747 2584 792 2610 ἐπὶ
805 2583 853 2619 τὴν
868 2585 928 2619 γῆν,
942 2584 987 2611 καὶ

205 2628 312 2663 ποιήσει
329 2628 345 2662 ἡ
361 2628 395 2662 γῆ
410 2627 444 2654 τὰ
456 2628 569 2663 ἐκφόρια
580 2628 674 2663 αὐτῆς.
691 2627 774 2656 Εἶπεν
791 2629 818 2655 δὲ
831 2629 987 2663 Ἐπιφάνιος

207 2673 273 2708 πρὸς
285 2673 347 2705 τοὺς
361 2672 518 2708 ἀνθρώπους
528 2681 534 2688 ·
552 2674 584 2700 Τί
596 2682 640 2709 μοι
656 2675 757 2706 κόπους
771 2675 917 2710 παρέχετε;
940 2676 987 2702 ἄν-

207 2718 313 2752 θρωπος
324 2717 378 2754 γὰρ
390 2718 551 2754 ἁμαρτωλός
561 2720 628 2753 εἰμι.
640 2720 693 2746 Kal
704 2720 783 2747 πλέον
794 2730 820 2747 τι
835 2721 915 2748 πάλιν
939 2722 987 2748 ἐπ-

208 2763 309 2790 εδέοντο
323 2765 493 2799 Ἐπιφανίου,
507 2765 580 2797 ὅπως
592 2765 672 2798 αὐτὸς
686 2767 908 2803 προσεύξεταιτῷ
932 2768 988 2804 φιλ-

243 2808 253 2824 ⁶
271 2808 349 2838 Μίοὶι.
369 2818 413 2844 νι,
433 2810 459 2837 3.

1071 1175 1154 1203 XXX.
1176 1174 1286 1202 Audivit
1304 1178 1393 1201 autem
1416 1171 1564 1199 Eudaemon
1595 1169 1675 1197 verba
1699 1168 1817 1204 Epipha-

1036 1221 1092 1252 nii,
1108 1225 1136 1248 et
1156 1220 1296 1254 ingressus
1319 1222 1360 1245 est
1384 1217 1412 1244 in
1432 1216 1578 1248 civitatem,
1603 1219 1630 1242 et
1653 1214 1767 1249 procidit
1782 1213 1817 1240 ad

1035 1267 1118 1302 pedes
1144 1266 1271 1300 episcopi,
1288 1269 1315 1292 et
1330 1263 1418 1290 factus
1439 1266 1482 1290 est
1504 1260 1686 1288 Christianus.
1703 1259 1818 1293 Fuitque

1033 1312 1202 1348 Epiphanius
1217 1310 1306 1345 magni
1323 1309 1440 1336 nominis
1464 1309 1492 1335 in
1503 1311 1559 1335 tota
1570 1307 1696 1342 Egypto.
1708 1307 1818 1340 Quaere—

1032 1360 1098 1386 bant
1121 1358 1193 1385 enim
1218 1355 1337 1391 episcopi
1364 1361 1426 1381 eum
1453 1357 1542 1380 tenere
1560 1357 1588 1380 et
1603 1352 1693 1380 facere
1709 1353 1816 1387 episco-

1032 1412 1096 1439 pum
1113 1413 1119 1431 :
1139 1407 1166 1430 et
1180 1403 1236 1437 jam
1252 1410 1268 1429 a
1285 1401 1403 1436 quodam
1421 1400 1570 1428 ducebatur
1592 1399 1770 1434 Epiphanius.
1786 1398 1817 1425 ld

1032 1450 1077 1477 ille
1091 1449 1318 1479 animadvertetis,
1335 1447 1403 1474 dixit
1416 1445 1481 1473 mihi
1497 1454 1505 1472 :
1521 1445 1654 1480 Agedum,
1665 1445 1712 1477 fili,
1727 1452 1818 1471 rever-

1035 1500 1125 1522 tamur
1139 1494 1166 1521 in
1190 1493 1317 1529 patriam.
1346 1493 1380 1519 Et
1398 1499 1494 1519 rursus
1524 1491 1552 1518 in
1579 1496 1700 1518 nostram
1722 1497 1816 1517 sumus

1036 1540 1147 1576 profecti
1164 1540 1312 1574 regionem,
1328 1542 1355 1566 et
1377 1537 1493 1572 ingressi
1513 1543 1610 1564 sumus
1633 1536 1660 1563 in
1679 1539 1817 1562 monaste-

1036 1587 1106 1614 rium
1121 1585 1211 1621 magni
1228 1584 1384 1612 Hilarionis.
1409 1583 1570 1610 llecesserat
1591 1587 1682 1609 autem
1700 1589 1817 1617 magnus

1035 1632 1154 1659 llilarion
1175 1639 1190 1658 e
1209 1630 1376 1658 monasterio
1386 1633 1496 1665 propter
1509 1636 1635 1664 magnam
1645 1647 1652 1659 ,
1665 1635 1726 1662 qua:
1736 1628 1759 1654 ei
1773 1635 1818 1654 ex-

1035 1679 1190 1710 hibebatur,
1212 1677 1374 1705 molestiam.
1391 1676 1514 1710 Cumque
1534 1675 1561 1704 in
1582 1674 1743 1710 Cypriorum
1765 1681 1816 1700 na-

1036 1725 1153 1759 vigasset
1165 1724 1313 1759 regionem,
1331 1722 1490 1750 versabatur
1504 1722 1531 1748 in
1543 1721 1577 1748 iis
1591 1720 1666 1752 locis,
1680 1727 1739 1754 quae
1753 1724 1817 1746 sunt

1036 1771 1107 1798 circa
1125 1770 1256 1805 Paphum.
1274 1770 1342 1797 Cum
1369 1773 1460 1796 autem
1485 1767 1584 1795 fratres
1600 1766 1732 1794 vidissent
1755 1765 1817 1800 Epi-

1036 1815 1178 1851 phanium,
1190 1821 1288 1849 magno
1299 1817 1363 1841 sunt
1376 1812 1463 1840 allecti
1476 1811 1584 1846 gaudio.
1596 1809 1736 1844 Lugebant
1744 1810 1817 1836 enim

1035 1864 1148 1896 propter
1161 1867 1289 1894 magnum
1302 1858 1478 1885 Hilarionem.
1493 1856 1606 1883 Fuimus
1623 1863 1688 1883 vero
1700 1855 1818 1890 quadra—

1036 1904 1110 1939 ginta
1125 1903 1184 1931 dies
1201 1904 1228 1930 in
1241 1902 1416 1930 monasterio.
1429 1901 1492 1929 Inde
1503 1900 1603 1936 egressi
1616 1900 1717 1928 fuimus
1731 1899 1757 1926 in
1766 1907 1818 1926 no-

1037 1956 1122 1979 strum
1141 1950 1326 1985 Spanhydriou
1348 1950 1391 1977 eui
1409 1949 1572 1984 Epiphanius
1585 1948 1736 1975 Edesenum
1757 1946 1819 1981 Epi-

1036 1997 1165 2032 phanium
1174 1995 1339 2030 praefecerat.
1348 1993 1396 2023 Hic
1408 1998 1496 2020 autem
1506 1992 1637 2028 plurimos
1647 1990 1681 2018 ad
1689 1989 1752 2017 illud
1760 1997 1819 2016 mo-

1036 2041 1186 2068 nasterium
1200 2040 1362 2075 adjunxerat
1381 2038 1489 2065 fratres.
1513 2036 1618 2064 Etenim
1636 2035 1693 2070 ipse
1708 2034 1749 2061 vir
1759 2039 1818 2061 erat

1037 2085 1219 2113 admirandus.
1247 2084 1315 2112 Cum
1342 2089 1431 2110 autem
1462 2081 1596 2109 vidissent
1619 2084 1646 2107 et
1673 2078 1818 2114 praefectus

1039 2132 1187 2162 Edesenus,
1212 2134 1239 2158 et
1258 2129 1355 2157 fratres
1372 2127 1563 2163 Epiphanium,
1589 2131 1713 2159 magnam
1739 2130 1818 2150 acce-

1001 2187 1025 2217 υ
1038 2184 1102 2212 pere
1118 2176 1248 2204 lmtitiam.
1265 2174 1332 2202 Tres
1347 2181 1411 2201 vero
1427 2172 1485 2200 dies
1498 2171 1599 2198 fuimus
1613 2170 1668 2197 illic
1682 2169 1709 2197 in
1724 2169 1818 2203 hospi-

1038 2222 1086 2253 tio,
1101 2228 1151 2256 ego
1167 2226 1194 2248 et
1215 2220 1282 2254 ipse.
1299 2218 1403 2252 Quarto
1427 2221 1517 2244 autem
1541 2215 1609 2243 dixit
1631 2214 1696 2242 mihi
1716 2223 1722 2241 :
1754 2213 1816 2244 Fili.

1036 2266 1128 2301 accipe
1135 2266 1215 2292 aliam
1226 2265 1333 2296 cellam,
1343 2263 1404 2290 etin
1416 2270 1447 2290 ea
1456 2262 1573 2297 quietem
1583 2268 1633 2296 age
1646 2269 1653 2288 :
1665 2265 1691 2288 et
1703 2260 1743 2287 sic
1756 2260 1816 2293 feci,

1036 2318 1063 2341 et
1072 2312 1190 2348 quietem
1205 2311 1351 2346 agebamus
1363 2309 1390 2336 in
1404 2307 1580 2336 monasterio.
1589 2306 1719 2343 [Hospitis
1728 2311 1818 2334 autem

1036 2360 1125 2386 locum
1146 2356 1285 2385 obtinebat
1300 2353 1492 2390 Epiphanius.]

1071 2403 1166 2430 XXXI.
1198 2402 1266 2430 Cum
1293 2408 1356 2428 vero
1381 2400 1409 2427 in
1439 2399 1549 2434 regione
1564 2397 1724 2425 thnicum
1747 2401 1819 2423 esset

1036 2449 1122 2477 fames
1149 2450 1176 2476 in
1198 2448 1245 2475 illo
1259 2455 1341 2478 anno,
1366 2453 1462 2481 magna
1492 2445 1635 2473 multitudo
1657 2447 1818 2478 congregata

1036 2500 1078 2523 est
1089 2495 1123 2522 ad
1139 2494 1331 2529 Epiphanium,
1345 2499 1406 2527 quae
1420 2498 1482 2518 eum
1499 2490 1622 2526 rogabat,
1640 2489 1751 2515 dicens:
1768 2487 1819 2514 Fer

1036 2541 1115 2568 nobis
1148 2547 1237 2574 opem,
1255 2538 1344 2570 Pater,
1363 2545 1396 2565 ne
1418 2543 1582 2572 pereamus:
1608 2539 1635 2562 et
1655 2542 1719 2569 roga
1734 2533 1818 2560 Deum

1039 2591 1068 2613 ut
1080 2586 1124 2614 det
1138 2585 1217 2612 nobis
1232 2583 1353 2619 pluviam
1371 2590 1454 2618 super
1467 2586 1580 2614 terram,
1592 2585 1619 2608 et
1630 2585 1700 2608 terra
1714 2579 1818 2606 fructus

1038 2631 1177 2666 producat.
1208 2629 1281 2656 Dixit
1305 2633 1397 2656 autem
1429 2627 1586 2655 hominibus
1617 2625 1816 2660 Epiphanius:

1037 2677 1106 2710 Quid
1120 2676 1197 2708 mihi,
1212 2675 1310 2711 inquit,
1326 2674 1459 2702 exhibetis
1473 2672 1646 2701 molestiam?
1658 2672 1723 2699 Sum
1744 2671 1817 2697 enim

1037 2725 1120 2752 homo
1138 2727 1271 2758 peccator.
1300 2721 1407 2749 Rursus
1437 2727 1500 2747 eum
1529 2719 1659 2754 rogabant
1687 2721 1717 2744 ut
1741 2717 1818 2744 beni-

1037 2777 1119 2802 gnum
1140 2773 1166 2796 et
1182 2768 1339 2796 clementem
1357 2766 1439 2794 Deum
1466 2770 1564 2794 oraret.
1587 2764 1611 2792 Is
1629 2767 1719 2792 autem
1746 2763 1816 2791 dim
