1934 3029
113 108 149 136 6’5
764 105 794 133 S.
814 103 986 133 EPIPHANII
1012 103 1101 131 VITA.
1715 96 1751 126 64

113 166 153 193 eis
170 174 177 193 :
191 163 251 191 Diri
263 163 318 200 jam
333 164 410 191 vobis
425 171 468 191 me
482 171 543 191 esse
561 168 742 198 peccatorem.
759 161 794 190 lis
815 162 902 198 magis

959 162 1099 198 ινορώπῳ.
1115 159 1199 189 Εἶπεν
1210 161 1238 188 δὲ
1253 161 1410 196 Ἐπιφάνιος
1433 160 1502 196 πρὸς
1527 159 1625 192 αὐτούς
1635 168 1641 174 ·
1664 157 1749 187 Εἶπον

112 210 283 246 rogantibus,
295 210 369 237 venit
387 210 453 237 hora
469 217 539 236 nona
556 209 619 236 diei.
637 208 712 236 Dixit
733 213 823 236 autem
840 208 906 243 Epi-

113 257 230 291 phanius
252 255 379 291 praefecto
396 265 402 282 :
429 255 569 287 Permitte,
588 259 618 282 ut
636 263 729 282 mensa
753 259 907 289 apponatur

113 303 157 330 his
173 302 342 334 hominibus,
357 302 565 335 comedantque,
588 305 616 327 et
631 301 734 332 bibant,
758 305 785 327 et
812 301 907 327 laeten-

114 353 169 380 tur,
194 353 221 375 et
250 355 346 375 rursus
371 347 479 374 abeant.
502 347 692 381 Apposuitque
717 354 856 379 mensam;
882 350 909 373 et

114 394 255 428 ingressus
274 398 316 421 est
340 393 367 420 in
383 400 461 421 suam
477 393 584 420 cellam.
611 393 680 426 Ipsis
701 397 791 420 autem
815 399 908 420 come-

115 432 255 472 dentibus,
284 439 326 467 sol
351 447 431 466 suum
448 439 589 466 emittebat
612 439 795 474 splendoremI
823 443 853 466 ut
879 438 906 465 in

115 490 230 517 testate;
246 489 273 512 ct
297 489 408 520 repente
421 484 499 512 facta:
518 490 582 512 sunt
603 485 731 517 tenebras,
758 484 866 520 fulgura
880 488 909 511 ct

116 531 248 562 tonitrua,
269 535 297 557 et
314 538 430 565 magnus
446 530 533 557 imber
556 531 655 558 cecidit
676 531 702 557 in
720 534 831 557 terram.
848 529 909 556 Prae

113 581 190 603 metu
214 583 278 602 vero
292 583 389 603 omnes
407 580 587 603 surrexerunt
602 584 618 603 a
643 583 749 603 mensa.
773 575 832 602 Non
856 574 909 602 fuit

117 626 208 648 autem
230 621 307 648 locus
322 621 349 648 in
363 625 420 648 tota
450 621 602 655 Phoenicia,
623 621 670 656 qui
695 628 749 648 non
774 621 910 655 acceperit

116 667 344 695 benedictionem.
370 666 526 702 Mansitque
549 667 639 702 pluvia
665 670 721 693 tres
736 666 795 693 dies
816 666 905 693 conti-

116 721 196 741 nuos.
209 713 376 741 Accedentes
391 718 482 741 autem
498 713 548 740 viri
567 713 602 740 ad
621 713 734 740 domum
749 711 905 746 Epiphami,

113 757 250 792 rogabant
263 765 337 790 eum,
353 762 384 784 ut
398 757 506 785 sisteret
520 757 649 792 pluviam,
666 764 727 792 quae
740 756 855 783 cadebat
873 756 908 783 de

115 804 195 831 coelo.
221 802 298 831 Tunc
322 803 390 830 dixit
415 803 454 830 eis
478 803 667 838 Epiphanius:
688 802 759 834 Quid
789 809 833 828 me
845 809 908 829 esse

961 208 1025 242 ὑμῖν
1049 206 1110 242 ἢδη,
1124 206 1165 232 ὃτι
1177 204 1337 241 ἁμαρτωλός
1347 206 1415 240 ειμι.
1428 204 1488 231 Τῶν
1502 203 1530 229 δὲ
1543 203 1681 229 ὲπιπλεῖον
1696 211 1749 228 πα.-

960 253 1157 289 ρακαλούντων,
1171 251 1288 286 ἔφθασεν
1305 251 1365 286 ὥρα
1375 251 1457 285 ὲνάτη
1471 249 1519 285 τῆς
1530 249 1646 284 ἡμέρας.
1663 247 1749 275 Εἶπεν

957 299 986 326 δὲ
1001 299 1162 333 Ἐπιφάνιος
1178 297 1218 332 τῷ
1235 297 1394 333 ἡγουμένῳ·
1421 296 1583 331 Ἐπίτρεψον
1601 296 1657 326 τοῖς
1673 294 1747 321 ἀδελ-

958 346 1030 380 φοῖς,
1056 344 1262 380 παραθήσουσιν
1276 343 1417 379 τράπεζαν
1439 343 1496 374 τοῖς
1511 342 1664 378 ἀνθρώποις
1687 341 1750 368 τού-

958 400 1025 423 τοις,
1040 391 1087 418 ml.
1114 391 1256 425 φάγονται,
1272 390 1319 417 καὶ
1344 389 1532 425 εὐφρανθῶσιν
1545 409 1553 422 ,
1572 389 1619 415 καὶ
1634 388 1750 414 ἀπελεύ-

959 446 1051 464 σονται
1063 437 1111 472 τὴν
1124 436 1182 463 ὁδὸν
1194 436 1292 463 αὐτῶν.
1308 436 1363 463 Καὶ
1378 435 1537 471 παρέθηκαν
1546 434 1585 469 (a)
1597 432 1749 469 τράπεζαν,

958 483 1005 510 καὶ
1020 481 1143 517 εἰσῆλθεν
1155 481 1314 516 Ἐπιφάνιος
1326 482 1354 507 ὲν
1368 482 1401 516 τῇ
1411 480 1490 516 κέλλῃ
1503 479 1596 507 αὑτοῦ.
1610 478 1704 506 Δῦτῶν
1719 478 1749 505 δὲ

957 529 1117 559 ἐσθιόντων,
1132 525 1189 562 ἦνὸ
1203 527 1278 562 ἥλιος
1292 527 1458 562 ἐπιπέμπων
1467 526 1515 557 τὰς
1529 525 1640 556 ἀκτῖνας
1656 523 1747 556 αὑτοῦ,

958 574 1054 609 ὥσπερ
1069 574 1100 600 τὸ
1112 573 1207 609 Θέρος·
1223 573 1271 599 καὶ
1285 572 1414 607 ἐξαίφνης
1435 571 1530 603 σκότος
1558 571 1675 605 ἐγένετο,
1701 571 1748 597 καὶ

958 619 1108 654 ἀστραπαὶ,
1120 619 1167 645 καὶ
1188 618 1308 654 βρονταὶ.
1321 618 1368 644 καὶ
1381 617 1459 648 ὑετὸς
1472 616 1557 652 μέγας
1575 615 1692 651 ὲπῆλθεν
1702 615 1749 641 ἐπὶ

958 665 1007 701 τὴν
1019 665 1082 700 γῆν.
1101 664 1169 691 Ἀπὸ
1180 664 1208 691 δὲ
1226 664 1308 698 φόϐου
1335 663 1486 699 ἀνέστησαν
1512 662 1613 693 πάντες
1631 661 1686 688 ἀπὸ
1699 661 1749 696 τῆς

957 711 1105 747 τραπέζης.
1123 711 1183 738 Οὐκ
1195 707 1228 746 ἦν
1243 710 1271 737 δὲ
1287 710 1369 741 τόπος
1383 709 1429 736 ἐπὶ
1456 709 1547 744 πάσης
1559 708 1609 743 τῆς
1620 707 1748 742 Φοινίκης

957 757 1012 790 οίος
1026 758 1075 785 οὐκ
1090 757 1200 789 ἐδέξατο
1213 756 1263 792 τὴν
1282 755 1419 790 εὐλογίαν.
1450 755 1576 790 Ἔμεινεν
1592 754 1621 780 δὲ
1644 754 1658 779 ὁ
1672 753 1749 784 ὑετὸς

957 804 1004 830 ἐπὶ
1015 803 1046 830 τὸ
1059 803 1126 829 αὐτὸ
1142 804 1216 837 τρεῖς
1234 801 1349 837 ἡμέρας.
1361 802 1416 828 Καὶ
1424 799 1626 836 ’προσελθόντες
1647 799 1672 825 οἱ
1701 799 1749 826 ἀνι

115 849 291 882 existimatis,
308 857 325 876 0
349 849 417 876 ﬁlii?
439 848 505 877 Nam
538 857 590 884 ego
609 856 718 884 quoque
742 849 824 875 homo
848 855 908 874 sum

959 850 1022 885 δρες
1031 849 1070 884 τῷ
1085 849 1217 884 οίκήματι
1241 847 1402 882 Ἐπιφανίου
1427 846 1598 882 παρεκάλουν
1612 845 1747 879 λέγοντες,

116 894 189 921 sicut
205 902 260 921 vos.
288 894 345 921 Scit
369 898 459 921 autem
479 893 645 926 benefactor,
672 893 803 928 quidnam
826 892 904 919 nobis

117 946 188 974 opus
209 940 256 967 sit.
272 939 396 968 Vultisne
415 946 532 967 vestram
555 940 626 967 viam
641 939 754 967 redire?
781 938 823 966 illi
839 945 904 966 vero

116 984 235 1012 dicunt:
258 985 349 1019 Certe,
374 985 464 1013 Pater.
483 985 520 1013 Eo
540 990 631 1013 autent
656 993 672 1012 e
695 986 764 1013 cella
782 992 904 1020 egresso,

118 1039 215 1059 omnes
229 1032 387 1067 congregati
411 1040 474 1059 eum
499 1033 746 1059 circumsteterunt.
765 1031 837 1058 Dixit
855 1039 906 1058 au-

118 1081 172 1104 tem
188 1084 284 1105 rursus
295 1077 421 1113 praefecto
436 1086 443 1105 :
464 1079 624 1112 Apponatur
635 1079 676 1106 eis
692 1086 796 1105 mensa.
825 1077 908 1104 Cum-

118 1130 171 1156 que
188 1123 386 1155 consedissent,
404 1123 438 1150 ab
453 1123 604 1158 Epiphanio
623 1124 750 1158 petebant
777 1127 807 1149 ut
826 1122 908 1149 bene-

115 1169 227 1196 diceret.
247 1169 315 1196 Cum
337 1173 428 1197 autem
446 1170 560 1198 dixisset
576 1171 745 1205 Epiphanius
763 1179 770 1197 :
793 1169 906 1196 Benedi-

118 1219 179 1241 ctus
195 1214 283 1248 Deus,
308 1216 399 1243 statim
416 1223 431 1242 a
443 1220 514 1243 terra
538 1225 663 1252 repressa
677 1222 718 1244 est
741 1216 842 1251 pluvia.
860 1215 905 1242 Vi-

118 1259 159 1286 dit
184 1267 249 1288 vero
273 1260 440 1295 Epiphanius
457 1269 584 1297 magnam
609 1262 660 1289 sibi
687 1262 714 1289 in
739 1262 786 1289 illo
809 1269 905 1288 mona-

119 1305 203 1332 sterio
217 1305 275 1332 tieri
287 1306 528 1340 perturbationem,
542 1313 569 1336 et
583 1316 680 1335 rursus
694 1307 819 1343 quaesivit
831 1314 905 1333 rece~

116 1349 193 1377 dere.

957 896 1063 927 Ὅπως,
1077 895 1170 930 φασὶν,
1185 894 1229 921 διὰ
1244 894 1378 929 στόματός
1391 902 1438 920 σου
1453 896 1555 929 στήσῃς
1569 892 1614 919 τὸν
1637 892 1749 927 οὐρανό-

958 942 1003 968 θεν
1016 941 1101 968 ὑετόν.
1120 939 1204 967 Εἶπεν
1219 940 1247 966 δὲ
1263 940 1422 975 Ἐπιφάνιος
1436 939 1504 975 πρὸς
1519 939 1617 970 αὐτούς
1629 947 1636 953 ·
1650 938 1693 970 Τί,
1704 938 1748 964 τέο

958 995 1020 1018 κνα,
1043 987 1183 1021 λογίζεσθε
1200 988 1242 1014 ἐπ’
1258 988 1308 1022 ἐμὲ
1333 987 1437 1019 sai-ca;
1463 987 1606 1023 ἄνθρωπος
1621 986 1675 1022 γάρ
1690 987 1749 1021 εἰμι

957 1031 1052 1067 ὥσπερ
1065 1032 1112 1059 καὶ
1127 1032 1213 1067 ὑμεῖς.
1232 1031 1310 1059 Οἶδεν
1322 1033 1350 1060 δὲ
1361 1033 1388 1059 τί
1403 1032 1539 1069 χρῄζομεν
1553 1034 1567 1059 ὁ
1590 1032 1747 1067 εὐεργέτης.

958 1076 990 1104 El
1011 1076 1137 1111 βούλεσθε
1150 1077 1315 1112 πορεύεσθαι
1328 1078 1378 1113 τὴν
1394 1078 1452 1104 ὁδὸν
1465 1077 1557 1113 ὐμῶν;
1573 1079 1605 1103 Οἱ
1618 1077 1647 1103 δὲ
1663 1077 1729 1112 φασὶ
1739 1084 1748 1094 ·

957 1122 1022 1154 Ναὶ,
1041 1124 1143 1159 Πάτερ.
1156 1124 1242 1156 Αὐτὸς
1257 1125 1285 1151 δὲ
1296 1124 1411 1158 ἐξελθὼν
1426 1126 1458 1151 ἐκ
1469 1125 1518 1152 τοῦ
1535 1125 1652 1156 κελλίου,
1667 1125 1750 1151 ἀπαν-

958 1176 1004 1200 τες
1021 1169 1204 1205 συνήχθησαν,
1216 1171 1264 1197 καὶ
1277 1170 1408 1197 ὲκύκλουν
1420 1171 1510 1197 αὐτόν.
1528 1169 1613 1198 Εἶπεν
1629 1171 1656 1197 δὲ
1671 1170 1750 1198 πάλιν

958 1213 1116 1248 Ὲπιφάνιος
1129 1214 1169 1250 τῷ
1178 1215 1322 1251 ἡγουμένῳ
1334 1225 1340 1232 ·
1357 1216 1530 1251 Ἐπίτρεψον,
1545 1216 1749 1252 παραθήσουσιν

957 1259 1096 1293 τράπεζαν
1111 1261 1168 1292 τοῖς
1192 1260 1348 1296 ἀνθρώποις
1359 1281 1367 1293 ,
1384 1262 1432 1288 καὶ
1454 1262 1595 1296 φάγονται,
1617 1262 1663 1288 καὶ
1680 1261 1749 1288 πίω-

958 1314 1000 1332 σιν
1010 1326 1017 1337 ,
1033 1306 1080 1332 καὶ
1095 1306 1289 1334 ἀπελεύσονται
1304 1307 1352 1343 τὴν
1369 1308 1471 1334 ἑαυτῶν
1483 1308 1554 1335 ὁδόν.
1574 1308 1618 1340 Ὧς
1631 1307 1658 1334 δὲ
1669 1307 1750 1334 ὲκαθ-

957 1351 1075 1386 έσθησαν
1095 1352 1216 1385 ἅπαντες
1248 1354 1296 1380 ὲπὶ
1311 1353 1461 1390 τραπέζης,
1476 1354 1556 1389 ᾔτουν
1572 1355 1618 1381 τὸν
1635 1354 1750 1388 Ἐπιφά-

119 1397 236 1424 νιοιητοῦ
260 1398 415 1434 εὐλογῆσαι.
436 1399 465 1426 '0
479 1399 507 1426 δὲ
526 1399 684 1433 Ἐπιφάνιος
705 1399 743 1431 ὡς
771 1396 846 1425 εἶπεν
864 1397 903 1423 τ6’
927 1397 1080 1433 Εὐλογητὸς
1093 1398 1205 1433 Κύριος,
1237 1398 1339 1430 εὐθέως
1353 1399 1368 1425 ὁ
1383 1399 1459 1431 ὑετὸς
1485 1400 1603 1426 ἔστειλεν
1635 1400 1689 1426 ἀπὸ
1700 1400 1749 1430 τῆς

119 1443 180 1477 γῆς.
198 1442 275 1470 Εἷδεν
293 1444 320 1471 δὲ
334 1445 492 1479 Ἐπιφάνιος
511 1445 592 1472 πάλιν
611 1445 661 1480 τὴν
677 1445 778 1480 πολλὴν
811 1444 920 1479 ὄχλησιν
939 1442 987 1478 τὴν
1017 1444 1162 1479 γινομένην
1173 1444 1247 1480 αὐτῷ
1264 1445 1293 1470 ὲν
1316 1444 1355 1480 τῷ
1373 1445 1556 1481 μοναστηρίῳ,
1587 1446 1635 1472 καὶ
1669 1445 1750 1472 πάλιν

118 1489 251 1524 ἐζήτησεν
267 1490 492 1526 ὑπαναχωρῆσαι.

155 1534 262 1561 XXXII.
281 1535 350 1562 Cum
367 1541 456 1563 autem
475 1535 622 1571 aliquando
645 1536 838 1564 convenissent
848 1535 898 1570 epi-

992 1533 1055 1558 AB’.
1068 1532 1137 1558 Ποτὲ
1149 1532 1215 1567 γοῦν
1229 1534 1254 1559 oi
1266 1532 1410 1560 ἐπίσκοποι
1424 1533 1556 1568 συλλογὴν
1571 1534 1749 1570 ποιησάμενοι

119 1580 194 1614 scopi
211 1587 259 1614 pro
284 1580 403 1607 creando
428 1581 569 1616 episcopo,
599 1581 764 1608 mentionem
782 1580 906 1607 fecerunt

121 1625 276 1660 Epiphanii.
297 1625 362 1652 Erat
385 1625 457 1652 enim
473 1626 584 1661 quidam
602 1626 754 1653 monachus
766 1626 793 1653 in
817 1626 906 1652 medio

118 1672 323 1706 episcoporum,
339 1672 381 1698 vir
403 1672 479 1706 pius,
494 1676 574 1699 actate
586 1672 705 1711 juvepis,
726 1672 861 1707 perfectus
878 1672 904 1698 in

121 1717 300 1751 temperantia
325 1724 357 1744 ac
378 1717 574 1749 moderatione,
592 1718 703 1745 nomine
722 1718 859 1752 Polybius.
883 1717 907 1745 Is

122 1766 235 1788 noverat
256 1761 449 1796 Epiphaniam.
465 1761 496 1788 Ei
511 1767 601 1790 autem
614 1763 741 1790 dixerunt
766 1762 885 1798 episcopi
899 1771 905 1789 :

121 1806 221 1841 Accipe
233 1813 347 1841 equum,
363 1811 390 1833 et
401 1807 468 1834 vade
480 1807 507 1834 in
524 1807 731 1838 monasterium.
744 1811 771 1834 et
788 1807 848 1834 vide
873 1814 907 1833 an

123 1849 160 1875 sit
183 1849 240 1876 illic
265 1848 445 1884 Epiphanius,
470 1854 497 1877 et
524 1858 637 1878 currens
661 1851 793 1878 annuntia
810 1844 906 1878 -nobis.

123 1893 230 1922 Nemini
244 1901 308 1922 vero
320 1895 432 1928 dixeris,
444 1900 472 1922 et
487 1903 537 1922 nec
554 1896 606 1930 ipsi
623 1896 731 1930 quidem
746 1895 906 1930 Epiphanio.

123 1941 193 1968 Cum
216 1946 306 1968 autem
338 1941 465 1977 Polybius
494 1942 612 1970 venisset
631 1943 658 1970 in
694 1943 907 1977 monasterium,

123 1987 252 2014 salutavit
267 1987 457 2022 Epiphaniam.
472 1988 522 2016 Cui
546 1988 591 2016 ille
607 1988 694 2015 dixit:
720 1988 786 2022 Cur,
808 1989 845 2017 lili
861 1989 910 2017 Po-

124 2033 190 2068 lybi,
211 2033 264 2060 huc
280 2034 396 2061 venisti?
412 2033 482 2062 Dicit
499 2034 627 2070 Polybius
642 2045 648 2062 :
671 2036 739 2071 Ego.
755 2035 844 2068 Pater,
862 2043 910 2063 vo-

125 2078 153 2105 lo
167 2087 331 2107 concurrere
351 2088 413 2107 cum
430 2081 553 2108 veritate.
568 2081 639 2108 Dixit
655 2081 823 2116 Epiphanius
837 2091 843 2109 :
857 2083 909 2109 Ac-

126 2124 248 2156 curristi,
265 2125 425 2160 venistique'
448 2125 511 2158 huc,
534 2133 550 2152 o
576 2125 614 2152 ﬁli
636 2125 747 2161 Polybi,
771 2126 872 2154 missus
895 2135 909 2153 a

127 2171 229 2197 sanctis
240 2171 425 2199 sacerdotibus
439 2173 471 2199 ad
484 2173 695 2207 speculandum;
713 2173 767 2200 noli
781 2174 878 2206 celare,
893 2181 910 2202 ο

127 2216 164 2243 tili
175 2235 182 2248 ,
195 2217 265 2243 mala
282 2225 325 2245 res
339 2222 382 2245 est
403 2219 588 2252 mendacium,
606 2218 651 2246 dic
665 2220 818 2247 veritatem.
839 2220 910 2248 Dens

125 2265 168 2288 est
183 2261 209 2288 in
224 2262 331 2296 medio;
352 2267 412 2290 esto
433 2265 537 2298 probus
557 2265 681 2292 minister
696 2266 829 2293 veritatis.
847 2265 911 2301 Epi-

126 2307 244 2340 phanius
260 2307 332 2335 enim
355 2308 430 2336 vadit
446 2309 480 2337 de
495 2310 556 2337 loco
579 2310 612 2336 ad
636 2310 739 2342 locum,
758 2319 870 2346 gemens
884 2316 911 2339 et

127 2356 246 2380 tremens
269 2358 379 2388 propter
393 2355 476 2382 multa
501 2363 548 2383 sua
566 2362 684 2391 peccata.
707 2356 760 2385 Sed
785 2358 908 2393 agedum,

128 2397 233 2433 Polybi,
252 2406 332 2427 mane
358 2400 412 2432 hic,
438 2405 466 2428 et
489 2402 597 2430 remitte
620 2403 786 2437 jumentum,
807 2407 835 2430 ct
851 2403 910 2431 sine

127 2443 283 2470 sacerdotes
299 2451 420 2478 querere
433 2453 482 2473 eos
495 2447 542 2481 qui
553 2447 627 2482 digni
643 2453 708 2475 sunt
718 2448 795 2475 locis.
817 2447 912 2475 Paruit

129 2488 281 2523 Epiphanio
295 2487 442 2524 Polybius;
466 2495 493 2518 et
505 2499 568 2518 cum
581 2492 671 2519 valere
685 2492 813 2527 jussisset
827 2493 912 2520 comi-

129 2539 196 2568 tem,
217 2535 321 2563 remisit
342 2543 442 2570 equum
461 2536 494 2564 ad
508 2537 661 2573 episcopos.
683 2538 734 2571 Qui
756 2543 847 2566 autem
866 2539 914 2566 du-

128 2582 208 2608 cehat
221 2580 412 2616 Epiphanium,
428 2589 490 2609 eum
503 2582 582 2610 duxit
595 2584 620 2611 in
637 2585 775 2619 regionem
800 2585 914 2621 Cypriu-

131 2635 204 2655 rum.
221 2626 268 2654 Illa
290 2634 356 2662 ergo
373 2631 452 2655 nocte
468 2629 573 2664 accepit
603 2637 646 2657 me
670 2635 698 2657 ct
713 2630 868 2666 Polybium,
889 2636 916 2658 et

128 2673 233 2708 egressi
246 2681 342 2701 sumus
355 2673 558 2708 proﬁciscentes
573 2674 768 2711 Hierosolyma.
785 2677 914 2704 Fuimus-

131 2726 186 2754 que
198 2718 253 2746 illic
267 2723 322 2746 tres
334 2718 402 2746 dies.
425 2717 497 2746 Dixit
513 2723 602 2746 autem
625 2720 706 2748 nobis
725 2720 912 2757 Epiphanius:

124 2782 127 2786 >
167 2795 205 2827 (a)
225 2795 302 2830 Legit
317 2795 450 2831 interpres
470 2794 633 2830 παρέθηκεν.

957 1578 1023 1614 περὶ
1041 1577 1202 1611 ἐπισκόπου,
1228 1578 1403 1614 ἐμνήσθησαν
1426 1576 1489 1614 περὶ
1507 1580 1679 1614 Ἐπιφανίου.
1696 1579 1750 1608 Ἦν

956 1623 985 1650 δέ
998 1632 1040 1655 τις
1059 1623 1174 1659 μοναχὸς
1188 1625 1217 1650 ἐν
1232 1623 1308 1659 μέσῳ
1317 1624 1371 1651 τῶν
1389 1625 1559 1658 ἐπισκόπων,
1581 1626 1652 1662 ἀνὴρ
1668 1626 1751 1654 εὐλα-

957 1670 1018 1705 ϐὴς,
1031 1670 1090 1701 νέος
1105 1670 1247 1705 τυγχάνων
1261 1671 1295 1706 τῇ
1309 1670 1412 1706 ἡλικίᾳ,
1425 1671 1526 1703 τέλειος
1543 1671 1582 1698 ὢν
1595 1673 1624 1698 ἐν
1642 1681 1748 1708 σωφρο-

959 1716 1034 1752 σύνῃ,
1050 1716 1180 1748 Πολύϐιος
1193 1716 1315 1751 ὀνόματι.
1328 1714 1411 1749 Οὗτος
1419 1717 1447 1744 δὲ
1455 1717 1512 1752 ᾔδει
1526 1717 1571 1744 τὸν
1579 1718 1747 1752 Ἐπιφάνιον.

958 1760 1041 1789 Εἶπον
1051 1762 1079 1788 δὲ
1087 1761 1154 1798 πρὸς
1164 1762 1245 1789 αὐτὸν
1251 1762 1276 1788 οἱ
1290 1763 1434 1790 ἐπίσκοποι
1444 1772 1451 1778 ·
1460 1765 1532 1791 Λάϐε
1550 1765 1696 1801 ὑποζύγιον
1703 1766 1750 1798 ὀξὺ

957 1809 1012 1839 τοῖς
1027 1808 1100 1840 ποσὶ,
1119 1808 1165 1834 καὶ
1184 1808 1284 1835 ἄπελθε
1298 1809 1327 1834 ὲν
1348 1808 1387 1844 τῷ
1403 1810 1585 1846 μοναστηρίῳ,
1603 1812 1649 1838 καὶ
1661 1811 1709 1844 τδε,
1725 1812 1751 1838 εί

960 1854 1017 1880 ἐκεῖ
1029 1854 1101 1880 ὲστιν
1114 1854 1285 1888 Ἐπιφάνιος,
1305 1855 1348 1882 καὶ
1366 1854 1477 1890 δραμὼν
1495 1856 1654 1890 ἀνάγγειλον
1666 1858 1750 1892 ἡμῖν’

961 1899 1056 1934 μηδενὶ
1068 1899 1097 1925 δὲ
1109 1899 1188 1926 τοῦτο
1194 1900 1375 1936 ἀπαγγείλῃς,
1386 1900 1453 1936 μηδὲ
1464 1901 1581 1938 αὐτῷτῴ
1589 1903 1749 1938 Ἐπιφανίῳ.

966 1944 1066 1972 Ἐλθὼν
1073 1943 1121 1972 οὖν
1128 1947 1142 1972 ὁ
1152 1945 1281 1977 Πολύϐιος
1289 1946 1317 1972 ἐν
1329 1945 1367 1981 τῷ
1376 1948 1556 1983 μοναστηρίῳ,
1564 1948 1697 1982 είσῆλθεν,
1706 1949 1751 1975 καὶ

959 1991 1102 2026 ἠσπάσατο
1114 1991 1159 2018 τὸν
1174 1991 1432 2026 Ἐπιφάνιον.Εἷπεν
1445 1993 1637 2027 δὲἘπιφάνιος
1648 1993 1685 2028 τῷ
1698 1995 1751 2020 Πο-

959 2037 1052 2073 λυϐίῳ·
1064 2038 1106 2070 Τί,
1115 2038 1208 2064 τέκνον
1218 2037 1342 2070 Πολύῦιε,
1356 2036 1436 2073 ἦλθες
1446 2038 1575 2071 ὲνταῦθα;
1585 2039 1713 2072 Πολύϐιος
1722 2040 1750 2066 δὲ

961 2082 1036 2111 εἶπεν
1055 2084 1221 2120 Ἐπιφανίῳ·
1234 2083 1306 2118 Ἐγὼ
1317 2084 1456 2120 βούλομαι,
1472 2085 1573 2120 Πάτερ,
1596 2087 1750 2122 συντρέχειν

960 2132 993 2166 τῇ
1003 2131 1125 2167 ἀληθείᾳ.
1141 2129 1227 2158 Εἶπεν
1236 2130 1264 2157 δὲ
1279 2131 1436 2165 Ἐπιφάνιος
1448 2130 1486 2166 τῷ
1496 2131 1617 2168 Πολυϐίῳ
1625 2141 1632 2148 ’
1653 2133 1752 2169 Ἔδραο

964 2185 1022 2212 μες,
1037 2176 1174 2208 ὲὸάδισας,
1188 2176 1282 2202 τέκνον
1291 2175 1417 2207 Πολύϐιε,
1436 2176 1572 2211 πεμφθεὶς
1585 2178 1659 2213 παρὰ
1669 2179 1750 2206 ὁσίων

963 2222 1068 2258 ἀνδρῶν
1084 2223 1131 2248 ὲπὶ
1147 2216 1361 2257 κατασκοπῆσει.
1388 2223 1434 2258 Μὴ
1449 2222 1564 2258 κρύπτε,
1581 2224 1687 2251 τέκνον·
1702 2234 1751 2252 κα-

963 2270 1010 2296 κὸν
1025 2269 1056 2295 τὸ
1072 2267 1169 2304 ψεῦδος
1180 2276 1186 2282 ·
1206 2267 1269 2302 λέγε
1284 2267 1333 2303 τὴν
1355 2267 1481 2303 ἀλήθειαν
1493 2277 1499 2283 ·
1516 2269 1581 2301 Θεὸς
1600 2270 1629 2296 ὲν
1656 2270 1732 2306 μέσῳ
1742 2279 1749 2285 ”

962 2317 1037 2350 γίνου
1051 2314 1161 2349 δόκιμος
1174 2313 1296 2345 διάκονος
1307 2313 1358 2348 τῆς
1371 2313 1508 2349 ἀληθείας.
1521 2315 1682 2349 Ἐπιφάνιος
1698 2317 1751 2352 γάρ

963 2362 1136 2398 περιέρχεται
1154 2361 1234 2387 τόπον
1247 2361 1280 2386 ὲκ
1290 2360 1383 2391 τόπου,
1398 2360 1497 2387 στένων
1513 2361 1560 2387 καὶ
1578 2361 1687 2397 τρέμων
1707 2361 1751 2388 διὰ

962 2409 1011 2439 τὰς
1024 2406 1170 2442 ἁμαρτίας.
1186 2405 1266 2431 Ἀλλὰ
1272 2405 1352 2440 δεῦρο
1366 2405 1409 2441 δὴ,
1422 2406 1547 2438 Πολύὸιε,
1563 2407 1626 2442 μένε
1646 2407 1739 2435 ἐνθάδε

960 2457 1009 2484 καὶ
1027 2440 1186 2481 ἀπὸστειλον
1200 2452 1232 2478 τὸ
1248 2440 1397 2486 ὑποζύγιον
1412 2453 1468 2484 τοῖς
1490 2440 1609 2488 ἱερεῦ-σι,
1625 2454 1671 2480 καὶ
1683 2440 1750 2488 ἄφες

960 2503 1024 2534 τοὺς
1040 2501 1121 2536 ἱερεῖς
1141 2499 1232 2534 ζητεῖν
1246 2498 1310 2529 τοὺς
1329 2498 1419 2530 ἀξίους
1437 2498 1492 2525 τῶν
1505 2499 1604 2526 τόπων.
1619 2499 1710 2525 Ταῦτα
1721 2498 1750 2525 δὲ

962 2546 1046 2573 εἰπὼν
1058 2542 1220 2577 Ἐπιφάνιος
1232 2542 1270 2577 τῷ
1285 2541 1418 2577 Πολυδίῳ,
1432 2541 1534 2574 εὐθέως
1547 2542 1654 2575 ἐδέξατο
1667 2543 1680 2568 ό
1695 2542 1749 2568 Πο-

963 2583 1056 2622 λύϐιος
1066 2590 1112 2616 τὸν
1135 2587 1386 2623 λόγονἘπιφανίου
1400 2596 1406 2602 ·
1427 2587 1474 2614 καὶ
1497 2587 1529 2623 δὴ
1550 2585 1749 2622 συνταξᾶμενος

966 2637 1005 2672 τῷ
1020 2634 1169 2669 ἀκολούθῳ,
1187 2633 1344 2661 ἀπέστειλεν
1356 2633 1387 2659 τὸ
1403 2633 1549 2667 ὑποζύγιον
1571 2634 1626 2664 τοῖς
1640 2627 1749 2659 ἐπισκό-

967 2690 1044 2714 ποις”
1064 2682 1110 2708 καὶ
1123 2682 1137 2707 ὁ
1154 2680 1228 2714 ἄγων
1244 2677 1311 2714 ἦγεν
1323 2679 1368 2706 τὸν
1387 2679 1546 2714 Ἑπιφάνιον
1568 2679 1614 2705 ἐπὶ
1627 2679 1674 2713 τῆς
1691 2679 1748 2705 Κυ-

969 2729 1065 2765 πρίων.
1082 2727 1122 2763 Τῇ
1136 2724 1182 2754 οὖν
1200 2725 1278 2753 νυκτὶ
1292 2725 1383 2760 ἐκείνῃ
1397 2724 1487 2752 λαϐὼν
1503 2725 1551 2760 ἐμὲ
1577 2724 1678 2751 καὶτὸν
1697 2725 1750 2752 Πο-
