1934 3029
159 111 212 151 ’δε
815 120 843 149 s.
864 119 1035 149 EPIPHANII
1053 121 1148 149 VITA.
1766 120 1802 149 66

177 181 279 213 λύὸιον,
296 179 442 215 ἐξήλθομεν
457 180 488 206 ἐκ
506 180 553 206 τοῦ
581 179 774 215 μοναστηρίου,
791 181 838 207 καὶ
848 180 954 216 ἐπορεύη

1015 181 1154 216 Agedum,
1169 180 1217 208 lilii
1228 200 1236 213 ,
1255 187 1351 208 eamus
1364 184 1390 207 et
1404 180 1571 216 accipiamus
1585 179 1801 209 benedictionem

178 226 263 262 θημεν
289 226 318 252 ἐν
337 225 532 261 Ἱεροσολύμοις
545 225 590 252 τοῦ
614 226 800 261 προσκυνῆσαι
823 225 872 261 τὴν
890 226 962 261 ζωὴν

178 271 255 306 ήμῶν
266 271 312 298 τὸν
325 271 416 306 τίμιον
428 270 543 306 σταυρόν
552 279 558 286 ·
584 271 631 297 καὶ
647 270 814 301 εἰσελθόντες
831 271 963 305 ἐποιήσα-

178 325 228 351 μεν
247 317 316 351 ὲντῇ
329 316 404 343 πόλει
418 317 492 351 τρεῖς
511 317 626 352 ἡμέρας.
652 313 738 343 Εἶπεν
759 315 787 342 δὲ
807 316 965 350 Ἐπιφάνιος

1011 234 1026 254 a
1040 226 1121 254 Patre
1137 231 1231 254 nostro
1250 234 1349 262 magno
1369 226 1515 257 Hilarione.
1529 227 1618 254 Audio
1640 227 1712 255 enim
1737 233 1802 254 cum

1013 280 1074 300 esse
1091 273 1118 299 in
1133 272 1232 308 Cypro.
1249 271 1302 306 Qui
1319 277 1411 300 autem
1430 273 1557 304 ducebat,
1573 273 1652 300 duxit
1672 273 1719 301 illo
1737 271 1802 308 Epi-

1014 317 1155 352 phanium.

175 362 244 398 πρὸς
258 363 308 397 ἐμὲ
321 370 351 388 τε
369 362 472 388 καὶτὸν
485 362 628 388 Πολύϐιον·
648 362 729 388 Δεῦτε
749 361 781 398 δὴ
800 362 847 388 καὶ
873 362 1059 398 πορευθῶμεν,
1074 364 1148 395 ὅπως
1161 363 1213 390 ὑπὸ
1225 362 1272 390 τοῦ
1300 362 1407 398 Πατρδς
1421 363 1500 399 ἡμῶν
1526 363 1727 399 εὐλογηθῶμεν,
1753 364 1803 391 τοῦ

177 407 293 442 μεγάλου
312 408 478 443 Ἱλάρίωνος·
498 408 603 443 ἀκήκοα
614 408 668 444 γὰρ
684 408 753 434 εἶναι
766 407 846 435 αὑτὸν
861 408 889 434 ἐν
904 409 958 440 τοῖς
978 410 1119 444 Κυπρίων.
1139 409 1194 436 Καὶ
1207 411 1220 436 ὁ
1235 410 1308 444 ἄγων
1327 408 1394 445 ἦγεν
1406 410 1450 437 τὺν
1462 410 1631 445 Ἐπιφάνιον.

210 454 271 480 AI".
289 453 482 481 Κατελθόντων
498 453 528 480 δὲ
545 454 623 489 ἡμῶν
646 455 675 481 ἐν
691 455 862 491 Καισαρείᾳ,
879 455 954 491 ηὗρο-

177 508 225 535 μεν
237 500 296 527 ἐκεῖ
311 500 401 527 πλοῖον
413 500 535 536 Κύπριον
546 499 646 526 ἔσωθεν
659 500 709 535 τῆς
730 501 833 533 πόλεως
846 501 940 535 Πάφου
951 508 958 516 ·

175 546 221 572 καὶ
248 545 427 582 ἐπηρώτησεν
454 546 612 580 Ἐπιφάνιος
644 546 690 572 τὸν
726 546 885 582 κυριεύοντα
900 547 959 573 κτοῦ

175 591 268 618 πλοίου
283 592 347 627 περὶ
359 591 406 618 τοῦ
423 591 540 627 μεγάλου
559 591 709 627 Ἱλαρίωνος
721 592 752 618 τὸ
765 592 816 618 ποῦ
827 593 957 619 κατοικεῖ·

174 637 222 664 καὶ
236 637 316 669 αὐτὸς
331 637 506 673 ἀπήγγειλεν,
524 638 565 664 ὅτι
588 637 618 664 ὲν
640 637 783 673 περιοικίδι
801 638 851 672 τῆς
865 638 958 672 Πάφου

174 683 203 709 ἐν
220 683 353 718 σπηλαίῳ,
367 683 413 710 καὶ
427 684 468 710 ὅτι
479 684 537 710 ἐκεῖ
548 683 624 718 ζητεί
636 683 665 710 ὲν
679 685 712 719 τῇ
727 684 813 719 Πάφῳ
825 683 857 710 τὸ
869 683 960 711 πλοῖον

174 728 262 763 ήμῶν.
278 729 317 764 Τῇ
330 727 376 756 οὖν
394 729 470 756 νυκτὶ
481 729 574 766 ἐκείνῃ
588 728 745 765 ἀπήλθομεν
765 730 793 755 ἐν
809 729 847 764 τῷ
863 729 958 765 πλοίῳ,

174 773 220 799 καὶ
234 773 442 809 ἀπεπλεύσαμεν
455 775 484 800 ἐν
498 774 583 808 Πάφῳ
592 782 598 789 ·
621 774 669 801 καὶ
689 774 721 810 δὴ
734 772 887 806 ἐξελθόντες
905 775 959 802 ἀπὸ

1048 455 1167 482 XXXIII.
1197 455 1266 483 Cum
1290 463 1355 482 vero
1378 456 1551 483 venissemus
1572 455 1735 488 Caesaream,
1761 455 1804 482 in"

1013 502 1139 529 venimus
1154 502 1209 529 illic
1226 509 1321 529 navem
1339 501 1466 537 Cypriam
1484 509 1518 529 ex
1545 501 1668 529 interiori
1690 501 1805 537 regione

1012 547 1114 582 Paphi;
1131 552 1158 575 et
1173 548 1280 583 rogavit
1301 547 1469 582 Epiphanius
1495 547 1663 574 navarchum
1687 548 1722 575 de
1744 555 1804 574 ma-

1011 601 1064 628 gno
1086 592 1234 626 Hilarione,
1261 593 1306 620 ubi
1324 593 1476 626 habitaret;
1510 593 1704 628 responditque
1725 592 1801 620 illum

1012 638 1039 666 in
1051 638 1143 665 Ivicina
1158 638 1253 673 Papho
1274 638 1385 673 regione
1406 638 1433 665 in
1452 638 1581 673 spelunca
1599 638 1714 673 degere,
1729 643 1757 665 et
1772 638 1802 666 in

1012 683 1116 715 eadem,
1143 683 1241 718 inquit.
1268 682 1352 718 Paphi
1374 683 1485 719 regione
1507 683 1646 719 navigium
1674 688 1800 710 nostrum

1012 728 1118 763 quierit.
1139 727 1223 756 Nocte
1239 728 1322 763 igitur
1343 728 1387 756 illa
1404 736 1472 757 nave
1496 729 1547 756 ista
1569 736 1727 761 conscensa,
1747 728 1802 756 Pa-

1011 776 1096 811 phum
1118 776 1317 810 navigavimus.
1344 775 1378 803 Et
1400 775 1566 803 excensione
1589 775 1661 803 facta
1688 775 1803 803 interro-

173 818 220 845 τοῦ
235 819 326 845 πλοίου
341 819 552 855 διερωτήσαντες
570 820 780 855 κατηντήσαμεν
800 821 840 852 εἰς
849 820 896 847 τὸν
915 820 954 856 μέ-

1017 827 1112 856 gantes
1137 823 1310 858 pervenimus
1328 823 1360 850 ad
1385 831 1514 858 magnum
1531 821 1710 850 Hilarionem.
1736 821 1802 850 Fuit

173 872 225 898 γαν
242 864 392 900 Ἱλαρίωνα.
411 865 467 891 Καὶ⁸
479 864 652 892 εἰσελθόντων
669 865 746 900 ἡμῶν
761 865 869 900 ἐγένετο
887 866 960 902 χαρὰ

176 910 280 946 μεγάλη
296 911 342 937 ἐπὶ
357 912 390 946 τῇ
408 910 548 946 συντυχίᾳ,
563 911 610 937 καὶ
621 911 769 946 ἐμείναμεν
785 912 814 938 ἐν
828 911 868 946 τῷ
884 912 959 947 τόπῳ

173 956 269 991 ἐκείνῳ
285 956 330 983 δύο
345 956 443 992 μῆνας.
468 954 549 992 Είχεν
569 957 598 984 δὲ
621 957 703 984 πολὺν
731 957 814 984 κόπον
837 957 959 993 Ίλαρίων

173 1001 227 1029 ἀπὸ
239 1001 292 1029 τῶν
306 1003 530 1038 παραγινομένων
541 999 612 1039 πρὸς
630 1003 721 1031 αὐτόν.
749 1003 793 1034 Ὣς
808 1003 836 1029 δὲ
851 1003 959 1038 ἔκρινεν

171 1047 331 1082 Ἐπιφάνιος
354 1048 400 1074 τοῦ
417 1048 534 1081 ἐξελθεῖν
550 1049 624 1084 ἡμᾶς
635 1049 689 1075 ἀπὸ
701 1048 750 1084 τῆς
762 1049 868 1083 Πάφου,
882 1047 958 1076 εἶπεν

177 1093 297 1129 Ἰλαρίων
307 1093 346 1129 τῷ
360 1094 514 1129 Ἐπιφανίῳ
524 1103 530 1110 ·
545 1094 601 1121 Ποῦ
610 1094 722 1130 πορεύῃ,
739 1094 853 1127 τέκνον;
872 1093 958 1122 Εἶπεν

171 1140 200 1166 δὲ
217 1141 375 1175 Ἐπιφάνιος
391 1141 459 1176 πρὸς
478 1141 618 1177 Ὶλαρίωνα
631 1150 638 1157 ·
658 1140 705 1172 Εἰς
735 1141 901 1173 Ἀσκαλῶνα,
918 1143 958 1174 εἰς

171 1186 270 1217 Γάζαν,
283 1187 330 1213 καὶ
344 1186 471 1214 ἐπέκεινα
486 1187 532 1213 ἐπὶ
548 1187 596 1223 τήν
612 1188 673 1223 γῆν.
691 1185 776 1214 Εἶπεν
789 1187 817 1213 δὲ
836 1187 958 1223 Ἱλαρίων

171 1233 238 1268 πρὸς
251 1233 423 1267 Ἐπιφάνιον·
443 1232 561 1268 Πορεύου
579 1233 624 1260 ἐπὶ
648 1233 698 1268 τὴν
722 1232 894 1269 Σαλαμήνην,
911 1233 957 1260 τέ-

171 1287 243 1309 κνον,
266 1278 313 1305 καὶ
333 1280 459 1314 εὑρήσεις
473 1279 555 1305 τόπον
579 1278 627 1305 τοῦ
657 1279 765 1314 οίκῆσαι
790 1279 856 1306 ἐκεῖ.
875 1279 903 1306 ’0
928 1280 956 1306 δὲ

171 1325 328 1360 Ἐπιφάνιος
350 1325 400 1352 οὐκ
432 1324 558 1351 ὲὸούλετο
583 1324 630 1351 τοῦ
660 1325 776 1351 ἀκοῦσαι
800 1325 854 1351 τῶν
870 1324 956 1359 λόγων

177 1371 335 1406 Ἰλσρίωνος.
352 1371 436 1398 Πάλιν
452 1370 500 1398 οὖν
514 1369 590 1397 εἶπεν
612 1371 733 1407 ’ἰλαρίων
748 1370 816 1406 πρὸς
836 1371 954 1405 Ἐπιφά-

171 1425 225 1443 νιον
238 1425 244 1431 ·
262 1414 347 1444 Εῖπόν
362 1425 412 1450 σοι,
424 1417 527 1448 τέκνον,
541 1417 581 1443 ὅτι
594 1416 653 1442 ἐκεῖ
670 1424 700 1443 σε
716 1416 757 1442 δεῖ
768 1415 894 1443 ἀπελθεῖν
908 1416 956 1443 καὶ

171 1463 229 1489 ἐκεῖ
239 1462 410 1498 κατοικῆσαι.
426 1463 471 1498 Μὴ
486 1460 532 1489 οὖν
549 1462 593 1497 ἔχε
619 1462 786 1500 φιλονεικίαν
808 1462 877 1498 πρὸς
892 1462 955 1494 τοὺς

169 1510 264 1544 λόγους
276 1511 364 1546 ἡμῶν,
382 1511 487 1546 μήποτε
506 1511 552 1538 καί
569 1511 692 1538 κινδύνου
718 1510 879 1537 θαλαττικοῦ
908 1519 956 1545 με-

168 1557 296 1592 ταλάὁῃς.
313 1557 514 1592 ’Δσπασάμενοι
529 1555 586 1588 οὖν,
596 1557 644 1584 καὶ
658 1556 833 1588 κατελθόντες
847 1556 893 1582 ἐπὶ
905 1556 955 1592 τῆς

169 1603 315 1638 θαλάσσης,
340 1603 457 1639 εὕρομεν
472 1603 518 1630 δύο
532 1603 627 1630 πλοῖα·
653 1603 683 1629 τὸ
711 1602 740 1629 ἓν
762 1602 899 1638 διαπερῶν
915 1603 958 1634 εἰς

168 1648 335 1681 ’Λσκαλῶνιι,
357 1649 405 1675 καὶ
428 1649 459 1675 τὸ
473 1648 537 1675 ἄλλο
562 1648 687 1675 διαπλὲον
712 1649 752 1680 εἰς
780 1648 952 1684 Σαλαμήνην.

168 1694 344 1721 ’Λνελθόντων
355 1694 383 1720 δὲ
393 1695 409 1730 ή
414 1694 471 1728 μῶν
484 1696 514 1721 ἐν
522 1694 560 1730 τῷ
573 1695 658 1730 πλοίῳ
674 1694 719 1721 τοῦ
734 1694 780 1721 ἐπὶ
796 1693 953 1720 ’Δσκαλῶνα

168 1741 274 1776 ἔχοντος
286 1740 443 1773 ἀποπλέειν,
462 1740 568 1775 ἐγένετο
584 1740 682 1775 λαῖλαψ
697 1740 785 1776 μέγας
801 1741 830 1766 ἐν
844 1741 877 1776 τῇ
905 1740 952 1767 θα-

167 1787 263 1824 λάσσῃ,
282 1787 329 1814 καὶ
345 1787 376 1814 τὺ
390 1787 482 1814 πλοῖον
501 1787 669 1813 ἐκινδύνευεν
692 1787 740 1814 τοῦ
765 1786 950 1822 συντριϐῆναι.

168 1832 351 1868 Ἐποιήσαμεν
366 1833 393 1859 δὲ
405 1834 480 1868 τρεῖς
490 1833 596 1869 ἡμέρας
614 1833 643 1860 ἐν
657 1834 690 1868 τῇ
708 1833 831 1869 θαλάσσῃ
840 1852 848 1865 ,
869 1833 953 1859 ἀπευ-

166 1878 330 1914 δοκήσαντες
342 1878 445 1905 ἑαυτῶν
456 1887 462 1894 ’
484 1879 531 1905 καὶ
544 1880 577 1914 τῇ
592 1878 710 1914 τετάρτῃ
733 1878 824 1914 ἡμέρᾳ
841 1878 953 1910 ἐδίωξαν

168 1923 198 1950 τὸ
216 1925 308 1952 πλοῖον
319 1926 359 1956 εἰς
372 1925 406 1952 τὰ
422 1925 607 1960 ἐπιφερόμενα
616 1925 726 1960 κύματα
737 1933 743 1939 ·
760 1925 807 1951 καὶ
821 1923 953 1959 προσεπέ-

167 1968 249 1996 λασαν
261 1970 335 2004 ἡμᾶς
347 1970 393 1996 ἐπὶ
405 1969 454 2005 τὴν
470 1969 651 2005 Σαλαμηνέων
666 1969 753 1996 πόλιν.
766 1969 821 1995 Καὶ
835 1969 867 2004 δὴ
878 1968 950 2001 ἐξελ-

168 2014 258 2047 θόντες
275 2015 329 2042 ἀπὸ
339 2014 385 2042 τοῦ
402 2015 496 2041 πλοίου
511 2015 615 2042 ἔκειντο
631 2015 750 2047 ἅπαντες
764 2015 811 2041 ἐπὶ
835 2014 883 2050 τὴν
899 2015 950 2049 γῆν

167 2061 257 2095 νεκροὶ
274 2061 327 2087 ἀπὸ
342 2061 391 2097 τῆς
412 2060 512 2095 πολλῆς
537 2061 651 2096 θλίψεως
680 2061 726 2087 καὶ
751 2060 801 2096 τῆς
831 2060 948 2092 ἀσιτίας.

167 2106 324 2142 Ἐπέμεινεν
340 2107 368 2133 δὲ
387 2107 417 2133 τὸ
433 2107 525 2134 πλοῖον
554 2108 600 2134 ἐπὶ
619 2107 658 2143 τῷ
684 2107 760 2142 τόπῳ
792 2105 952 2141 ἐπιμελείας

1012 875 1101 896 autem
1120 876 1217 904 magna
1239 869 1265 896 in
1280 876 1429 904 congressu
1444 869 1550 901 laetitia,
1574 872 1602 896 et
1624 868 1679 896 illic
1694 868 1800 896 mansi-

1010 921 1072 942 mus
1099 914 1168 942 duos
1192 914 1260 942 dies.
1285 913 1382 948 Magna
1406 921 1471 941 vero
1498 921 1595 941 rursus
1619 917 1661 941 est
1677 914 1800 941 exhibita

1010 959 1142 988 Hilarioni
1160 960 1284 988 molestia
1296 960 1330 987 ab
1341 960 1376 988 iis
1399 960 1446 994 qui
1467 960 1501 987 ad
1518 960 1607 996 ipsum
1621 960 1799 989 accedebant.

1010 1006 1079 1033 Cum
1108 1011 1197 1033 autem
1224 1005 1318 1040 Papho
1343 1006 1434 1041 egredi
1456 1006 1598 1034 statuisset
1617 1006 1798 1041 Epiphanius,

1010 1052 1078 1079 dixit
1096 1051 1218 1079 Hilarion
1242 1051 1418 1087 Epiphanio:
1440 1051 1501 1085 Quo
1523 1051 1611 1085 vadis,
1639 1052 1699 1079 ﬁli?
1724 1052 1800 1080 Dixit

1009 1098 1178 1133 Epiphanius
1193 1106 1201 1125 :
1222 1098 1395 1130 Ascalonem,
1414 1097 1528 1129 Gazam,
1546 1103 1574 1125 et
1589 1097 1705 1125 ulterius
1714 1098 1798 1125 etiam

1009 1144 1037 1171 in
1056 1144 1242 1171 solitudinem.
1269 1143 1343 1170 Dixit
1368 1143 1393 1170 ei
1415 1143 1561 1171 Hilarion:
1582 1143 1657 1171 Vade
1681 1144 1797 1171 Salami‘

1009 1197 1083 1220 nam,
1098 1195 1115 1215 o
1128 1188 1185 1220 ﬁli,
1203 1193 1230 1216 et
1245 1189 1301 1216 illic
1316 1189 1439 1216 invenies
1448 1189 1538 1216 locum
1558 1189 1592 1216 ad
1608 1189 1796 1217 habitandum.

1008 1234 1176 1270 Epiphanius
1197 1240 1286 1262 autem
1302 1235 1411 1262 nolebat
1431 1235 1525 1263 audire
1537 1235 1619 1263 verba
1635 1235 1797 1265 Hilarionis.

1009 1280 1114 1309 Rursus
1138 1288 1203 1316 ergo
1225 1281 1294 1308 dixit
1315 1280 1437 1308 Hilarion
1455 1290 1461 1308 :
1477 1280 1626 1316 Oportette
1650 1289 1683 1309 eo
1704 1282 1754 1313 ire.
1769 1285 1798 1310 et

1008 1327 1063 1354 illic
1074 1327 1203 1354 habitare.
1219 1325 1280 1354 Noli
1299 1334 1364 1362 ergo
1386 1327 1516 1354 adversus
1534 1327 1616 1355 verba
1641 1335 1701 1354 mea
1723 1335 1794 1355 con-

1008 1372 1129 1405 tendere,
1141 1381 1175 1400 ne
1190 1372 1258 1400 forte
1275 1373 1301 1399 in
1317 1373 1385 1399 mari
1402 1372 1497 1400 venias
1511 1372 1538 1399 in
1559 1372 1722 1407 periculum.
1742 1373 1798 1399 Va-

1008 1419 1063 1447 lere
1087 1420 1179 1454 itaque
1192 1419 1270 1454 iusso
1287 1417 1437 1451 Hilarione,
1455 1426 1517 1445 cum
1539 1418 1572 1445 ad
1588 1425 1663 1445 mare
1679 1418 1796 1446 descen-

1007 1464 1154 1497 dissemus,
1165 1463 1319 1491 inwnimus
1330 1463 1398 1490 duas
1411 1471 1493 1490 naves
1506 1472 1512 1490 :
1525 1471 1619 1496 unam,
1634 1471 1695 1497 qua:
1708 1468 1798 1491 trans—

1007 1510 1131 1537 mittebat
1145 1510 1324 1543 Ascalonem;
1341 1510 1454 1536 alteram
1473 1516 1548 1542 vero,
1570 1516 1631 1543 quae
1651 1509 1798 1544 navigabat

1007 1556 1184 1584 Salaminam.
1215 1556 1282 1583 Cum
1314 1559 1406 1583 autem
1446 1555 1667 1582 ascendissetnus
1691 1563 1788 1582 navcm

1006 1610 1067 1637 qua:
1089 1607 1149 1629 erat
1172 1602 1242 1629 itura
1268 1601 1448 1631 Ascalonem.
1476 1600 1527 1628 fuit
1550 1601 1578 1628 in
1603 1601 1672 1628 mari
1696 1608 1797 1635 magna

1005 1649 1161 1680 tempestas.
1177 1644 1294 1679 Fuitque
1307 1645 1384 1672 navis
1407 1645 1434 1671 in
1449 1645 1572 1679 pericqu
1605 1653 1640 1673 ne
1655 1645 1795 1680 frangere-

1004 1695 1050 1718 tur
1073 1698 1088 1717 a
1103 1690 1130 1717 vi
1153 1690 1299 1717 undarum.
1321 1689 1489 1725 Fuimusque
1514 1690 1542 1717 in
1564 1691 1634 1718 mari
1657 1695 1713 1719 tres
1734 1691 1798 1719 dies

1003 1736 1095 1764 animo
1107 1736 1184 1763 valde
1197 1736 1288 1764 anxio.
1303 1735 1406 1769 Quarto
1417 1740 1507 1763 autem
1524 1736 1568 1763 die
1586 1736 1726 1771 superavit
1741 1744 1793 1764 na-

1003 1782 1044 1809 vis
1056 1781 1154 1809 iluctus
1180 1782 1226 1817 qui
1242 1782 1414 1817 ingruebant,
1433 1786 1460 1808 et
1473 1781 1500 1808 in
1516 1780 1727 1808 Salaminiorum
1742 1789 1794 1809 nos

1002 1828 1057 1862 egit
1071 1827 1219 1855 civitatem.
1237 1827 1311 1855 Nave
1323 1835 1390 1854 vero
1406 1827 1508 1862 egressi
1530 1834 1636 1859 omnes,
1652 1827 1728 1854 humi
1746 1827 1793 1862 ja-

1002 1874 1099 1901 cehant
1119 1874 1219 1901 mortui
1234 1873 1269 1901 ob
1284 1874 1338 1900 vim
1361 1873 1505 1904 ﬂuctuum,
1520 1880 1704 1908 magnamque
1722 1873 1791 1900 aﬂIi-

1002 1920 1119 1947 ctionem
1139 1923 1166 1946 et
1185 1919 1314 1947 inediam.
1339 1918 1437 1946 Mansit
1451 1924 1540 1946 autem
1557 1919 1584 1946 in
1607 1926 1640 1946 eo
1661 1919 1722 1946 loco
1738 1927 1792 1946 na-

1000 1966 1054 1996 vis,
1075 1969 1106 1992 ut
1124 1964 1291 1992 reﬁceretur.
1308 1964 1374 1991 Erat
1387 1964 1459 1991 enim
1481 1972 1494 1990 a
1517 1963 1543 1990 vi
1569 1963 1701 1990 undarum
1724 1970 1792 1991 con-

1002 2010 1088 2038 vulsa.
1111 2009 1237 2044 Cumque
1253 2014 1308 2037 tres
1318 2010 1377 2037 dies
1391 2009 1446 2036 illic
1463 2005 1622 2042 fuissemus,
1637 2008 1685 2036 Dei
1704 2009 1792 2043 gratia

1003 2056 1029 2083 in
1054 2057 1199 2091 pristinum
1224 2064 1321 2084 sumus
1336 2061 1436 2083 statum
1465 2056 1596 2083 restituti.
1627 2054 1794 2090 Rursusque

1005 2104 1113 2131 volebat
1126 2103 1295 2138 Epiphanius
1311 2111 1343 2130 ex
1359 2110 1392 2130 eo
1404 2111 1455 2131 nos
1470 2103 1530 2130 loco
1548 2102 1685 2137 navigare.

166 2154 264 2187 τυχεῖν.
273 2151 327 2180 Ἦν
335 2153 389 2188 γὰρ
406 2154 564 2181 ἀσπάσαντα
579 2153 643 2190 [sic]
655 2153 709 2181 ἀπὸ
721 2153 770 2189 τῆς
779 2153 839 2189 βίας
857 2150 1179 2187 κυμάτιιη.ιι]οιησάντων
1192 2147 1238 2177 οὖν
1251 2149 1329 2185 ἡμῶν
1343 2151 1418 2185 τρεῖς
1431 2149 1536 2184 ἡμέρας
1553 2147 1593 2175 5ιά
1606 2149 1655 2183 τῆς
1665 2147 1710 2174 τοῦ
1721 2146 1793 2174 Θεοῦ

166 2199 283 2234 χάριτος,
297 2199 413 2235 ήλθομεν
423 2202 452 2228 ὲν
466 2202 647 2228 καταστάσει·
661 2201 706 2228 καὶ
723 2201 803 2227 πάλιν
820 2199 944 2226 ἐϐούλετο
961 2199 1119 2233 Ἐπιφάνιος
1151 2198 1198 2224 τοῦ
1226 2197 1373 2224 ἀποπλέειν
1393 2197 1468 2232 ἡμᾶς
1484 2196 1538 2223 ἀπὸ
1559 2194 1606 2222 τοῦ
1628 2195 1721 2222 τόπου.
1734 2193 1792 2222 Ἦν

165 2244 216 2272 δὲό
233 2246 378 2279 ἐπίσκοπος
391 2246 438 2274 τοῦ
454 2247 548 2278 τόπου,
565 2247 636 2282 λέγω
653 2247 685 2283 δὴ
704 2247 754 2282 τῆς
774 2245 876 2277 πόλεως
892 2245 1085 2280 Σαλαμηνέων,
1099 2244 1252 2277 ὑπεξελθὼν
1267 2244 1311 2271 τδν
1325 2243 1390 2279 βίον.

198 2292 259 2320 AA’.
277 2291 367 2320 Ἦσαν
391 2291 437 2321 οὖν
454 2294 572 2326 ἅπαντες
587 2296 611 2321 οί
626 2295 769 2321 ἐπίσκοποι
794 2293 845 2328 τῆς
867 2292 948 2328 νήσου

1035 2291 1155 2319 XXXIV.
1166 2291 1250 2319 Erant
1261 2297 1351 2318 autem
1359 2288 1514 2324 congregati
1527 2296 1622 2316 omnes
1630 2288 1791 2323 insulaepi-

167 2338 341 2373 συναχθέντες
353 2340 398 2366 ἐπὶ
417 2340 448 2366 τὸ
462 2340 648 2376 χειροτονῆσαι
669 2340 713 2366 τὸν
727 2339 873 2374 δυνάμενον
889 2346 949 2364 ποι-

168 2383 270 2417 μαίνειν
285 2383 333 2419 τὴν
349 2385 467 2420 ποίμνην
484 2385 532 2412 τοῦ
548 2383 767 2420 Χριστοῦ.⁷Ησαν
784 2382 829 2411 οὖν
842 2383 948 2419 ἡμέρας

166 2428 209 2454 ἐπὶ
225 2428 255 2454 τὸ
269 2428 335 2455 αὐτὸ
351 2429 466 2464 ἔχοντες,
481 2430 528 2457 καὶ
542 2430 665 2465 δεόμενοι
677 2429 724 2456 τοῦ
735 2427 864 2464 Χριστοῦ,
874 2428 949 2458 ὅπως

165 2473 332 2509 ἀποκαλύψει
350 2474 439 2507 αὐτοῖς
463 2476 508 2502 τὸν
532 2475 679 2511 δυνάμενον
698 2474 880 2511 χρηωμεῦσαι
902 2473 949 2500 ἐπὶ

164 2519 212 2554 τῆς
230 2520 393 2556 ἱερωσύνης·
409 2519 443 2556 ἦν
456 2521 484 2547 δέ
496 2530 538 2554 τις
552 2521 606 2548 τῶν
622 2521 777 2548 ἐπισκόπων
792 2521 865 2552 ὅσιος
879 2519 948 2554 ἀνὴρ

165 2567 215 2593 ἀπὺ
228 2568 349 2603 σημείων
362 2571 400 2594 κε’
410 2568 460 2604 τῆς
474 2568 653 2604 Σαλαμηνέων
673 2568 776 2600 πόλεως
799 2576 944 2603 χειροτονι-

165 2611 219 2644 οεὶς
233 2613 262 2639 ἐν
275 2613 350 2640 πόλει
364 2615 470 2650 οἰκτρᾷ,
488 2614 595 2650 Κυθρίᾳ
607 2614 769 2651 καλουμένῃ.
778 2613 876 2640 Τοῦτον
886 2613 944 2640 ἐλε-

165 2666 209 2691 γον
222 2658 294 2694 ἔχειν
307 2659 336 2686 ἐν
348 2661 382 2695 τῇ
395 2660 531 2695 ἐπισκοπῇ
545 2657 783 2695 πεντηκονταοκτὼ
796 2657 945 2690 ἐνιαυτούς.

167 2702 245 2736 Οὗτος
262 2704 417 2741 κατηξιώθη
438 2705 485 2732 καὶ
502 2706 650 2741 μαρτυρίου
662 2714 669 2720 ·
691 2705 738 2732 καὶ
753 2704 839 2731 πολλά
853 2704 947 2731 παθὼν

166 2746 207 2772 διὰ
222 2748 266 2774 τὸν
280 2749 407 2784 Χριστὸν,
424 2749 545 2785 ἀπελύθη
563 2750 608 2776 ἐπὶ
622 2750 655 2785 τῇ
670 2750 800 2785 ὁμολογίᾳ
815 2749 863 2776 τοῦ
882 2749 947 2776 Υἱοῦ

166 2791 210 2817 τοῦ
225 2792 300 2820 Θεοῦ.
315 2793 414 2821 Τοῦτον
429 2795 519 2829 ἔλεγον
536 2795 718 2829 κεκρατῆσθαι
736 2795 804 2830 μετά
820 2794 947 2821 Γελασίου

167 2837 212 2865 τοῦ
227 2839 374 2867 ἐπισκόπου
390 2841 438 2875 τῆς
452 2841 633 2876 Σαλαμηνέων
645 2841 747 2873 πόλεως
766 2841 814 2868 ἐπὶ
831 2841 861 2868 τὸ
879 2850 948 2877 μαρ-

1001 2337 1077 2373 seopi
1088 2338 1121 2365 ad
1130 2337 1308 2365 ordinandum
1320 2343 1393 2368 eum,
1400 2335 1446 2370 qui
1456 2338 1547 2370 posset
1557 2341 1669 2368 pascere
1679 2341 1790 2369 gregem

1001 2383 1115 2412 Christi.
1131 2383 1153 2410 E
1169 2383 1223 2410 vita
1240 2383 1311 2410 enim
1329 2381 1447 2409 humana
1468 2385 1623 2408 excesserat
1643 2380 1716 2407 illius
1733 2380 1788 2407 Ioe'r

1001 2430 1155 2464 episcopus,
1179 2428 1308 2459 civitatis,
1323 2427 1448 2461 inquam.
1465 2424 1689 2453 Salaminiorum.
1708 2423 1786 2452 lam-

1002 2482 1058 2510 que
1076 2474 1180 2509 aliquot
1193 2473 1252 2500 dies
1270 2472 1461 2508 precabantur,
1476 2475 1503 2498 et
1518 2470 1601 2498 Deum
1617 2471 1731 2498 orabant
1756 2474 1788 2497 ut

1003 2520 1081 2547 vellet
1103 2520 1144 2547 eis
1168 2519 1288 2546 revelare
1312 2517 1436 2553 quisnam
1464 2516 1497 2544 ad
1523 2517 1575 2544 hoc
1592 2515 1701 2543 futurus
1714 2519 1788 2542 esset

999 2566 1083 2594 utilis.
1101 2565 1167 2592 Erat
1190 2571 1222 2591 cx
1249 2562 1384 2597 episcopis
1405 2562 1516 2597 quidam
1536 2561 1577 2588 vir
1596 2565 1719 2592 sanctus,
1734 2559 1782 2594 qui

1001 2613 1091 2640 fuerat
1107 2610 1250 2638 ordinatus
1261 2610 1288 2636 in
1302 2608 1448 2636 miserabili
1461 2610 1577 2642 quadam
1592 2607 1710 2638 civitate,
1720 2613 1783 2641 qua

996 2658 1147 2686 vocabatur
1161 2656 1269 2693 Cytria;
1294 2655 1413 2683 distabat
1429 2658 1520 2681 autem
1539 2653 1677 2681 Salamina
1693 2653 1726 2680 ad
1744 2652 1786 2679 vi-

997 2704 1129 2732 cesimum
1153 2703 1279 2738 quintum
1302 2701 1432 2736 lapidem.
1455 2699 1523 2727 Eum
1547 2699 1673 2726 dicebant
1698 2697 1786 2725 fuisse

997 2748 1194 2785 quinquaginta
1207 2752 1270 2775 octo
1281 2755 1367 2775 annos
1382 2747 1409 2774 in
1423 2747 1592 2781 episcopatu.
1604 2744 1704 2772 Fuerat
1718 2751 1785 2772 vero

997 2795 1021 2821 is
1036 2801 1146 2830 quoque
1160 2793 1288 2828 dignatus
1302 2792 1432 2828 martyrio
1446 2801 1453 2818 :
1467 2795 1495 2818 et
1509 2798 1572 2818 cum
1590 2790 1673 2817 multa
1686 2796 1785 2824 passus

999 2839 1095 2869 fuisset
1111 2844 1222 2876 propter
1239 2838 1390 2870 Christum,
1407 2835 1616 2873 absolutusgfuit
1635 2836 1661 2864 in
1677 2835 1783 2864 contes-
