1934 3029
124 101 158 128 67

124 161 201 189 sione
222 159 282 187 Filii
307 159 364 186 Dei.
383 158 451 186 Eum
468 159 596 186 dicebant
619 158 704 187 fuisse
716 164 824 194 captum
841 168 904 187 cum
920 165 942 192 Α

123 206 231 234 Gelasio
247 206 375 240 episcopo
391 205 509 231 civitatis
525 204 734 231 Salaminiorum
749 205 782 232 ad
800 206 862 236 hoc,
875 209 904 232 ut

124 255 215 278 essent
230 255 372 286 martyres.
386 249 450 276 Erat
464 256 554 276 autem
567 250 591 276 ei
608 257 706 276 nomen
719 250 753 277 ab
762 252 824 277 'ortu
836 250 904 285 Pap-

123 303 185 330 pus,
203 295 248 330 qni
266 295 324 330 ipse
338 302 447 329 quoque
459 298 518 321 erat
531 302 593 322 cum
605 294 749 329 episcopis.
768 294 837 321 Eum
847 295 905 329 epi-

123 342 197 374 s’copi
212 348 307 368 omnes
324 340 460 367 habebant
485 344 516 367 ut
540 344 654 375 patrem.
673 345 782 375 propter
799 339 906 367 confes-

124 388 229 414 sionem
252 386 279 413 in
303 385 423 417 Christo.
439 391 466 412 et
489 391 598 420 propter
613 393 699 412 annos
718 385 903 420 episcopatus.

125 433 209 460 Porro
227 433 250 460 is
266 433 382 460 habebat
395 432 476 459 etiam
490 431 537 458 Dei
550 431 759 466 prmsrientiam.
777 431 810 458 Et
835 438 907 458 reve-

125 479 208 506 latum
224 478 263 505 illi
280 478 369 505 fuerat
391 477 424 505 de
445 477 607 512 Epiphanio,
625 482 654 503 nt
667 477 840 504 ordinaretur
858 475 907 503 Sa-

125 524 298 555 laminiorum
308 523 435 550 Ecclesiae
450 522 602 557 episcopus.
617 521 681 548 Erat
696 526 785 548 autem
800 525 907 555 tempus

125 571 258 602 aestivum,
274 569 344 604 quod
360 576 426 595 uvas
444 572 565 595 maturas
579 567 636 602 jam
663 567 820 603 perurebat.
837 566 906 593 Cum

125 623 190 650 ergo
209 616 349 642 statuisset
361 614 529 648 Epiphanius
541 613 667 647 navigare
678 621 693 640 ο
705 613 813 640 civitate
829 612 907 640 Sala-

125 663 284 694 miniorum,
298 661 368 688 dixit
386 661 452 688 mihi
478 665 506 688 et
527 660 640 696 Polybio
657 670 664 688 :
681 660 792 692 Eamus,
806 660 864 693 ﬁlii,
880 661 907 688 in

126 708 226 740 forum,
242 712 270 735 et
293 715 416 734 emamus
437 714 514 734 uvas.
529 706 652 741 Cumque
664 714 679 734 θ
695 706 756 733 navi
774 706 800 733 in
818 706 907 734 forum

125 754 298 784 abiissemus,
316 757 343 780 et
363 753 531 780 venditorem
553 753 773 785 conveniremus,
790 752 907 787 Epipha-

127 800 199 831 nius,
220 799 341 834 acceptis
366 799 473 826 duobus
500 799 586 826 botris
610 799 821 833 pulcherrimis,
842 799 909 826 dixit

125 846 260 873 venditori
274 855 281 871 ι
293 845 363 879 Quid
378 846 419 873 vis
435 845 484 873 tibi
499 846 559 873 dem
575 853 624 880 pro
638 846 680 873 his
690 845 797 873 duobus
809 846 909 873 botris?
925 836 945 863 Β

126 891 276 926 Epiphanio
296 895 387 918 autem
403 898 463 918 mos
480 895 538 918 erat
553 898 607 918 non
625 891 821 918 contradicere.
840 891 908 918 Cum

125 943 190 963 vero
205 936 329 963 venditor
344 935 458 963 dixisset
471 936 586 970 pretium
603 943 729 967 uvarum,
743 935 910 970 Epiphanius

126 981 229 1015 accepit
245 980 398 1015 pecuniam,
414 984 444 1008 ut
463 980 581 1008 solveret
605 980 747 1008 venditori.
766 980 843 1008 Tunc
864 988 911 1008 ac-

125 1025 196 1052 cedit
213 1030 323 1052 sanctus
339 1025 457 1060 Pappus,
472 1025 600 1052 sulTultus
614 1033 628 1052 a
645 1025 752 1053 duobus
775 1025 908 1052 diaconis.

126 1071 209 1098 Erant
231 1074 320 1098 autem
344 1075 398 1098 tres
421 1077 530 1105 quoque
553 1078 615 1098 cum
636 1071 694 1106 ipso
709 1071 840 1106 episcopi.
858 1069 909 1103 Qui

125 1123 188 1143 cum
200 1115 463 1151 appropinquassent
471 1116 633 1151 Epiphanio,
643 1115 810 1150 Epiphanius
819 1117 910 1144 botros

126 1161 242 1188 habebat
268 1161 296 1188 in
319 1161 453 1191 manibus.
469 1166 495 1188 et
517 1168 612 1188 eorum
635 1161 761 1196 pretium.
780 1161 911 1189 Dixerunt

126 1212 216 1234 autem
233 1207 344 1242 quidam
358 1215 391 1234 ex
405 1207 559 1234 astantibus
577 1216 584 1234 :
603 1207 673 1235 Ecce
688 1207 733 1234 hic
746 1207 845 1235 adsunt
854 1207 910 1242 epi-

127 1253 213 1287 scopi.
229 1253 365 1287 incipiens
390 1258 480 1280 autem
505 1252 627 1288 Pappus,
642 1253 710 1280 dixit
733 1252 908 1288 Epiphanio:

126 1298 247 1330 Dimitte,
264 1305 281 1325 ο
304 1298 383 1331 abba,
404 1298 497 1326 botros
520 1298 592 1332 apud
615 1298 794 1331 venditorem,
819 1303 846 1325 et
869 1305 911 1325 se-

127 1352 211 1378 quere
227 1351 277 1371 nos
290 1344 317 1370 in
335 1343 491 1371 ecclesiam.
508 1343 677 1371 Recordatus
694 1350 758 1371 vero
769 1343 846 1370 verbi
870 1343 911 1370 di-

127 1390 182 1417 vini
197 1389 269 1425 quod
280 1390 346 1417 dicit
362 1394 390 1417 et
406 1389 542 1424 eloquitur
556 1398 563 1416 :
580 1389 697 1417 Lanatus
710 1397 767 1416 sum
784 1390 810 1416 in
820 1390 853 1416 iis
867 1391 910 1425 qui

127 1439 251 1465 dixerunt
272 1438 335 1465 mihi
350 1445 359 1464 :
377 1436 410 1465 In
426 1438 533 1465 domum
557 1438 665 1465 Domini
681 1438 795 1465 ibimua'
812 1447 819 1463 :
833 1445 911 1465 secu-

128 1491 172 1514 tus
187 1490 228 1514 est
251 1485 278 1513 in
306 1486 460 1513 ecclesiam.
477 1484 584 1520 Pappus
599 1489 690 1513 autem
706 1485 774 1512 dixit
789 1484 909 1523 Epipha-
922 1502 943 1531 C

127 1531 174 1559 nio
192 1541 198 1558 :
216 1529 270 1559 Fac
285 1532 446 1563 orationem,
462 1539 478 1559 ο
491 1531 580 1559 Pater.
593 1531 670 1564 Quod
685 1531 791 1559 dicebat
803 1531 909 1565 Pappus

128 1576 289 1612 Epiphanio,
309 1582 340 1604 ut
364 1585 394 1604 se
418 1577 585 1612 significaret
600 1577 739 1604 clericum.
754 1576 843 1611 Pappo
859 1584 909 1603 ιιιι⁴

128 1627 182 1649 tem
205 1622 273 1649 dixit
294 1621 461 1657 Epiphanius
478 1632 484 1649 :
500 1621 611 1657 Ignosce
636 1622 714 1654 mihi,
736 1621 814 1649 Pam
831 1630 837 1648 :
855 1629 908 1649 non

127 1675 189 1694 sum
205 1667 277 1694 enim
297 1667 325 1694 in
340 1667 423 1694 clero.
439 1667 512 1694 Dixit
524 1666 633 1702 Pappus
648 1667 800 1702 Epiphanio
813 1676 820 1694 ε
832 1667 908 1698 Vide.

126 1721 144 1742 ο
157 1712 205 1744 ﬁli,
221 1720 254 1739 ne
270 1720 352 1748 neges
373 1720 465 1740 coram
484 1717 523 1740 tot
537 1713 639 1741 sanctis
656 1713 791 1746 Patribus,
804 1717 831 1741 et
845 1721 910 1741 con-

127 1758 275 1791 demneris,
288 1763 318 1786 ut
329 1759 374 1797 qui
390 1760 532 1787 abscondit
546 1760 684 1786 talentum.
704 1759 828 1794 Dixitque
844 1759 909 1794 Epi-

128 1803 245 1838 phanius
261 1812 268 1830 :
283 1802 353 1836 Non,
370 1802 459 1836 Pater,
481 1811 536 1831 non
561 1812 621 1832 sum
635 1804 760 1832 clericus.
778 1803 839 1832 Haec
862 1811 911 1831 au-

129 1854 183 1875 tent
197 1856 258 1876 cum
271 1849 383 1876 dixisset
395 1848 573 1884 Epiphanius,
587 1848 695 1884 Pappus
718 1849 792 1878 dedit
805 1856 908 1884 pacem.

128 1893 205 1921 Unus
217 1902 281 1921 vero
293 1902 327 1921 ex
341 1894 475 1927 diaconis,
497 1895 584 1929 capite
606 1895 775 1929 apprehenso
790 1894 909 1930 Epipha-

128 1940 183 1971 nio,
201 1947 263 1966 eum
289 1940 315 1966 vi
339 1939 418 1966 duxit
443 1940 478 1968 ad
502 1939 623 1975 Pappum
641 1941 674 1967 ad
691 1940 785 1972 altare,
801 1941 867 1968 adeo
882 1945 912 1968 ut

128 1985 207 2012 multi
220 1993 328 2020 quoque
341 1985 387 2012 alii
399 1987 584 2018 convenerint,
599 1990 629 2013 ut
645 1993 706 2013 eum
724 1991 862 2013 servarent
876 1987 911 2013 ad

128 2031 223 2059 altare.
236 2030 304 2058 Eum
318 2031 409 2065 itaque
423 2031 530 2058 ordinat
546 2031 706 2064 diaconum;
721 2036 747 2059 et
759 2039 855 2060 rursus
865 2032 912 2059 dat

128 2076 154 2103 ei
169 2084 271 2109 pacem.
288 2081 315 2103 et
328 2077 417 2111 ipsum
433 2076 541 2104 ordinat
553 2077 750 2112 presbyterum.
764 2077 869 2105 Rursus
881 2078 911 2105 ﬁt

129 2121 332 2155 consequentia,
347 2125 374 2148 et
396 2128 459 2148 eum
488 2122 595 2149 ordinat
609 2123 776 2158 episcopum.
790 2122 856 2150 Post
870 2124 910 2150 di-

129 2167 287 2194 missionem
306 2170 396 2194 autem
421 2168 455 2194 ab
479 2168 603 2199 ecclesia,
619 2169 792 2196 ascendimus
807 2169 833 2195 in
851 2169 908 2203 epi-
925 2173 946 2200 ι)

129 2211 357 2246 scopatum.Dixit
369 2217 459 2239 autent
473 2211 580 2247 Pappus
595 2211 745 2247 Epiphanio
760 2221 767 2239 :
784 2213 848 2247 Age,
860 2212 908 2244 ﬁli,

129 2257 273 2284 adhortare
298 2257 402 2290 Patres,
421 2262 450 2284 ut
473 2257 597 2284 fruamur
620 2262 644 2284 et
672 2257 794 2285 laetemur
815 2259 848 2285 de
863 2263 910 2286 tua

128 2303 297 2337 paternitate.
312 2302 381 2330 Cum
396 2303 447 2331 hoc
466 2303 583 2338 graviter
596 2302 677 2330 ferret
694 2302 870 2338 Epiphanius,
883 2308 910 2331 et

124 2352 272 2382 angeretur
295 2348 387 2375 animo
399 2352 427 2375 et
440 2347 526 2381 ﬂeret,
539 2348 607 2375 dixit
619 2347 726 2383 Pappus
741 2356 749 2376 :
763 2347 911 2383 Oportebat

128 2392 237 2427 quidem
252 2399 301 2419 nos
314 2396 412 2424 tacere,
427 2401 444 2420 ο
457 2393 494 2420 iiii
509 2393 836 2428 Epiphanie.Fioautem,
848 2402 910 2422 cum

127 2445 178 2472 ego
196 2441 221 2465 te
237 2437 295 2472 ipse
307 2438 472 2472 quaesierim,
488 2439 630 2474 insipiens.
643 2438 710 2466 Nam
733 2447 795 2467 cum
817 2439 910 2468 Patres

128 2483 174 2510 hic
191 2487 281 2510 essent
297 2484 462 2518 congregati,
480 2484 526 2511 Dei
545 2485 683 2512 voluntate
700 2486 766 2513 mihi
779 2485 911 2514 dederunt

129 2529 182 2556 hoc
200 2528 337 2564 negotium
361 2529 395 2555 ad
422 2529 627 2564 signiﬁcandum
650 2531 818 2567 episcopum.
836 2532 910 2567 lique

128 2581 223 2601 omnes
249 2574 316 2600 mihi
340 2574 505 2602 exhibebant
526 2576 676 2611 negotium,
699 2577 820 2605 dicentes
841 2578 909 2605 mihi

128 2619 264 2653 peccatori
278 2627 285 2646 :
302 2617 355 2646 Ora
371 2625 496 2655 prompto
512 2624 539 2648 et
553 2620 636 2650 alacri
653 2621 755 2656 animo,
766 2626 792 2651 et
804 2622 909 2659 tibi_re-

129 2664 271 2692 velabitur.

163 2721 173 2736 '
193 2720 263 2748 Psal.
280 2729 354 2755 cm,
374 2722 398 2748 1.

166 2786 202 2820 (α)
222 2787 312 2821 Forte,
327 2789 359 2815 ὲκ
371 2789 489 2823 γενετῆς.

770 99 799 126 S.
815 98 986 126 EPIPIIANII
1006 99 1083 127 VlTA
1090 119 1096 127 .

1704 104 1738 132 68

955 158 1138 195 τυρῆσαι.Ἥν
1153 159 1180 186 δὲ
1195 160 1224 186 τὺ
1248 161 1276 187 ἐν
1298 161 1435 195 γεννητοῖς
1451 161 1488 197 (α)
1513 161 1594 188 αὑτοῦ
1608 161 1692 198 ὄνομα
1710 164 1740 190 τὸ

955 206 1008 232 ὑπὸ
1021 206 1075 232 τῶν
1089 206 1189 240 γονέων
1203 206 1358 241 τεθειμένον
1371 207 1496 240 Πάππος,
1511 207 1540 239 ὃς
1553 206 1586 243 ἦν
1600 208 1647 234 καὶ
1660 208 1740 240 αὐτὸς

957 251 1025 286 μετὰ
1039 251 1099 278 τῶν
1114 251 1279 278 ἐπισκόπων.
1295 251 1395 278 Τοῦτον
1415 250 1486 287 εἶχον
1509 253 1626 285 ἅπαντες
1640 254 1664 279 οἱ
1679 253 1724 279 ἐπί
1729 269 1739 274 -

956 306 1052 324 σκοποι
1076 298 1114 329 ὡς
1132 298 1246 333 πατέρα,
1263 297 1308 324 διά
1320 306 1349 324 τε
1361 298 1410 333 τὴν
1424 299 1452 324 ὲν
1465 299 1573 334 Χριστῷ
1585 299 1738 335 ὁμολογίαν.

955 343 1003 369 καὶ
1014 343 1059 370 διὰ
1074 343 1108 369 τὰ
1122 343 1169 378 ἐτη
1185 343 1235 378 τῆς
1251 341 1466 378 ἐπισκοπῆςῙΗν
1484 343 1511 370 δὲ
1529 344 1574 370 καὶ
1587 344 1740 379 πρόγνωσιν

955 387 1022 414 Θεοῦ
1047 387 1126 422 ἔχων.
1147 387 1240 423 Τούτῳ
1266 388 1443 424 ἀπεκαλύφθη
1473 389 1537 424 περὶ
1557 390 1714 423 Ἐπιφανίου
1730 411 1738 421 ,

955 433 1029 464 ὅπως
1051 433 1223 469 χειροτονηθῇ
1245 433 1292 460 ἐπὶ
1315 435 1363 470 τῆς
1383 435 1563 470 Σαλαμηνέων
1580 435 1740 470 Ἐκκλησίας

955 476 1171 509 ἐπίσκοποςῙΗν
1181 479 1209 505 δὲ
1221 480 1235 505 ὁ
1251 479 1344 515 καιρὸς
1357 477 1461 515 θερὶνὸς
1475 481 1625 516 πρόδρομος
1638 490 1740 515 σταφυ-

956 523 1018 549 λῶν.
1029 524 1071 555 Ὡς
1088 522 1132 550 οὖν
1145 524 1250 560 ἔκρινεν
1273 525 1428 559 Ἐπιφάνιος
1442 526 1488 552 τοῦ
1505 526 1651 553 ἀποπλέειν
1665 527 1739 561 ἡμᾶς

957 568 1011 594 ἀπὺ
1020 568 1069 604 τῆς
1078 569 1257 604 Σαλαμηνέων
1266 569 1379 602 πόλεως,
1390 568 1465 597 εἶπεν
1479 571 1546 605 πρὸς
1561 571 1594 605 μὲ
1614 571 1739 606 καὶπρὸς

956 614 1001 640 τὸν
1024 614 1171 641 Πολύϐιον·
1186 615 1316 650 Ἀγομεν,
1338 614 1442 647 τέκνον,
1460 615 1506 642 ἐπὶ
1527 615 1573 642 τοῦ
1596 616 1738 651 ἐμπορίου,

957 658 1116 694 ὠνησόμεθα
1138 659 1273 693 σταφυλὰς
1291 660 1319 685 ἐν
1335 658 1373 694 τῷ
1394 659 1588 695 πλοίῳ.Ἦμῶν
1606 660 1634 686 δὲ
1651 660 1739 687 ἐλθόν-

957 713 1010 730 των
1034 704 1080 731 ἐπὶ
1104 704 1152 731 τοῦ
1174 704 1315 739 ἐμπορίου,
1333 704 1379 730 καὶ
1402 705 1616 739 συμφωνούντων
1636 706 1682 732 ἐπὶ
1700 705 1740 740 τῷ

959 749 1224 785 πράτῃ.Ἐπιφάνιος
1252 749 1340 776 λασὼν
1365 749 1412 776 δύο
1436 749 1551 786 βότρυας
1572 751 1738 784 καλλίστους,

960 796 1040 831 φησιν
1063 794 1102 830 τῷ
1123 796 1212 831 πράτῃ
1222 803 1228 810 '
1245 796 1278 822 Τί
1297 798 1474 833 προστάσσεις
1490 797 1566 824 δώσω
1581 806 1621 824 σοι
1634 798 1680 824 δύο
1695 798 1740 832 βο-

959 841 1066 876 τρύων;
1081 838 1136 867 Ἦν
1161 841 1188 867 δὲ
1214 841 1273 873 ἔθος
1295 842 1443 878 Ἐπιφανίῳ
1458 842 1495 878 μὴ
1509 842 1668 877 ἀντιλέγειν.
1686 842 1740 869 Τοῦ

959 886 986 913 δὲ
1009 885 1114 921 πράτου
1142 887 1263 919 είπόντος
1284 888 1333 923 τὴν
1359 889 1440 924 τιμὴν
1458 889 1497 924 τῷ
1517 888 1665 923 Ἐπιφανίῳ
1686 888 1740 915 τῶν

960 929 1113 963 σταφυλῶν,
1131 929 1225 956 ἐλαϐεν
1236 931 1266 957 τὸ
1279 931 1408 967 ἀργύριον
1421 932 1467 959 ἐπὶ
1485 932 1515 959 τὺ
1533 933 1692 968 μεταλαϐεῖν
1703 933 1741 968 τῷ

960 974 1059 1011 πράτῃ.
1069 974 1097 1000 '0
1113 972 1158 1001 οὖν
1175 975 1246 1006 ὅσιος
1260 976 1374 1008 Πάππος
1398 976 1576 1012 παραγίνεται
1592 976 1742 1012 ὐποτηρού-

961 1028 1038 1055 μενος
1055 1019 1107 1046 ὑπὸ
1122 1020 1167 1046 δύο
1183 1021 1322 1048 διακόνων.
1333 1020 1421 1050 Ἦσαν
1437 1023 1465 1049 δὲ
1481 1023 1528 1049 καὶ
1542 1024 1616 1058 τρεῖς
1633 1023 1742 1049 ἐπίσκο-

960 1075 1004 1092 ποι
1023 1068 1080 1097 μετ’
1096 1066 1188 1094 αὑτοῦ.
1198 1068 1240 1099 Ὠς
1254 1066 1299 1095 οὖν
1316 1069 1431 1104 ἤγγισαν
1450 1069 1608 1105 Ἐπιφανίῳ,
1620 1067 1653 1105 ἦν
1668 1070 1742 1097 Ἐπι-

960 1111 1053 1146 φάνιος
1070 1112 1139 1148 ἔχων
1156 1113 1223 1148 μετὰ
1239 1115 1332 1149 χεῖρας
1347 1115 1410 1146 τοὺς
1424 1115 1608 1151 βότρυας,’καὶ
1620 1116 1650 1142 τὸ
1662 1115 1742 1150 τίμη-

962 1167 999 1193 μα
1012 1158 1123 1186 τούτων.
1146 1157 1229 1186 Εἶπον
1252 1160 1280 1187 δὲ
1295 1170 1367 1193 τινες
1379 1161 1434 1188 τῶν
1457 1162 1637 1198 παρεστώτων
1648 1170 1655 1178 “
1675 1163 1741 1190 Ἰδοὺ

959 1204 984 1230 οί
1006 1204 1148 1231 ἐπίσκοποι
1171 1206 1296 1240 πάρεισιν
1318 1204 1379 1235 ὧδε.
1396 1206 1479 1235 Εἶπεν
1497 1208 1525 1235 δὲ
1547 1209 1661 1241 Πάππος
1675 1209 1742 1245 πρὸς

967 1249 1134 1284 Ἑπιφάνιον·
1156 1251 1382 1284 Ἀπόθου,’Δ66ἄ,
1403 1254 1466 1285 τοὺς
1489 1253 1603 1289 βότρυας
1617 1254 1656 1289 τῷ
1672 1255 1742 1290 πρά-

960 1303 1003 1331 τῃ,
1021 1296 1067 1322 καὶ
1084 1296 1264 1332 ἀκολούθησον
1285 1299 1350 1333 ἡμῖν
1372 1300 1401 1325 ἐν
1423 1300 1456 1334 τῇ
1479 1299 1620 1336 ἐκκλησίᾳ.
1639 1300 1690 1327 Τοῦ
1713 1301 1742 1327 δὲ

961 1342 1195 1376 μνημονεύσαντος
1205 1343 1252 1370 τοῦ
1269 1344 1340 1371 θείου
1367 1344 1445 1379 λόγου
1461 1345 1507 1372 τοῦ
1523 1345 1742 1381 προσφωνοῦντος

960 1386 1007 1412 καὶ
1019 1386 1142 1421 λέγοντος
1152 1395 1159 1403 ⁸
1177 1388 1357 1422 Εὐφράνθητι·
1368 1390 1416 1417 ἐπὶ
1435 1390 1496 1423 τοῖς
1509 1391 1661 1426 εἰρηκόσιν
1672 1400 1722 1426 μοι
1733 1400 1741 1408 ·

960 1433 1012 1464 Εἰς
1025 1431 1108 1460 οἶκον
1120 1434 1230 1468 Κυρίου
1243 1436 1464 1470 πορευσόμεθα·
1476 1436 1655 1471 ἠκολούθησεν
1669 1438 1697 1464 ἐν
1709 1439 1742 1473 τῇ

961 1478 1103 1514 ἐκκλησίᾳ.
1121 1479 1150 1505 Ὀ
1172 1479 1200 1505 δὲ
1226 1480 1340 1512 Πάππος
1375 1481 1440 1516 φησὶ
1472 1482 1541 1518 πρὸς
1571 1483 1741 1517 Ἐπιφάνιον·

960 1523 1075 1559 Ποίησον
1100 1524 1192 1560 εὐχὴν,
1209 1522 1231 1551 ὦ
1247 1525 1346 1560 Πάτερ.
1363 1526 1454 1553 Ταῦτα
1477 1527 1505 1553 δὲ
1524 1527 1615 1562 ἔλεγεν
1630 1528 1742 1560 Πάππος

959 1570 1027 1605 πρὸς
1049 1571 1215 1605 Ἐπιφάνιον,
1229 1571 1303 1602 ὅπως
1325 1565 1451 1607 γνωρίσει
1472 1572 1569 1599 ἑαυτὸν
1589 1574 1743 1607 Ἐπιφάνιος

958 1615 997 1651 τῷ
1030 1615 1132 1651 κλήρῳ.
1159 1613 1244 1642 Εἶπεν
1272 1615 1300 1642 δὲ
1324 1616 1479 1651 Ἐπιφάνιος
1511 1617 1579 1653 πρὸς
1611 1619 1740 1645 Πάππον⁴

959 1660 1137 1696 Συγχώρησόν
1155 1668 1210 1694 μοι,
1230 1660 1320 1696 Πάτερ
1331 1669 1337 1675 ·
1354 1661 1384 1687 ού
1399 1661 1452 1697 γάρ
1467 1662 1525 1697 εἰμι
1539 1663 1568 1688 ἐν
1580 1662 1680 1698 κλήρῳ.
1697 1661 1743 1689 Εἶ-

961 1713 1010 1731 πεν
1036 1704 1066 1730 δὲ
1088 1704 1204 1735 Πάππος
1230 1704 1297 1739 πρὸς
1319 1703 1484 1739 Ἐπιφάνιον·
1501 1706 1599 1739 Βλέπε,
1613 1707 1702 1742 φησὶν,
1722 1704 1743 1733 ὦ

959 1750 1063 1782 τέκνον,
1084 1750 1121 1785 μὴ
1136 1750 1205 1776 κατά
1220 1750 1364 1784 πρόσωπον
1378 1751 1478 1778 τούτων
1491 1752 1544 1778 τῶν
1557 1753 1642 1787 ἁγίων
1658 1753 1743 1780 Πατέ-

961 1804 1015 1830 ρων
1026 1796 1140 1831 ἀρνήσῃ,
1155 1795 1202 1822 καὶ
1220 1796 1388 1832 κατακριθῇς
1402 1796 1440 1829 ὡς
1453 1798 1467 1824 ό
1483 1798 1588 1834 κρύψας
1603 1799 1634 1825 τὺ
1647 1799 1743 1826 τάλαν-

959 1850 1014 1868 τον.
1032 1839 1116 1868 Εἶπεν
1138 1841 1167 1867 δὲ
1188 1841 1344 1876 Ἐπιφάνιος
1359 1842 1427 1878 πρὸς
1448 1843 1493 1869 τὸν
1511 1844 1625 1871 Πάππον
1637 1853 1643 1859 ·
1666 1845 1742 1880 Οὐχὶ,

960 1887 1060 1922 Πάτερ,
1075 1887 1123 1921 οὐχ
1139 1886 1268 1922 ὑπάρχων
1282 1886 1420 1922 κληρικός.
1428 1887 1518 1914 Ταῦτα
1531 1888 1559 1915 δὲ
1572 1885 1654 1915 εἰπὼν
1671 1889 1743 1915 Ἐπι-

960 1932 1064 1966 φάνιος,
1079 1931 1093 1958 ὁ
1109 1932 1223 1963 Πάππος
1247 1931 1346 1958 ἔδωκεν
1368 1932 1489 1968 εἰρήνην.
1504 1931 1551 1964 Εἷς
1576 1933 1603 1959 δέ
1624 1942 1666 1965 τις
1690 1934 1742 1960 τῶν

960 1976 1090 2003 διακόνων
1122 1976 1315 2012 ἐπιλαϐόμενος
1341 1977 1390 2012 τῆς
1415 1977 1535 2012 κεφαλῆς
1562 1978 1718 2012 Ἐπιφανίου
1735 1998 1742 2010 ,

959 2019 1026 2057 ἦγεν
1043 2021 1123 2048 αὑτὸν
1137 2021 1204 2057 πρὸς
1220 2022 1334 2048 Πάππον
1346 2022 1392 2048 ἐπὶ
1406 2022 1452 2048 τοῦ
1468 2023 1657 2058 θυσιαστηρίου
1674 2025 1743 2059 μετὰ

961 2067 1031 2102 βίας,
1055 2068 1124 2095 ὥστε
1150 2067 1285 2094 συνελθεῖν
1307 2067 1354 2094 καὶ
1377 2067 1472 2100 ἄλλους
1496 2068 1647 2102 πλείστους,
1669 2069 1742 2101 ὅπως

960 2113 1136 2140 διασώσουσιν
1154 2113 1235 2140 αὑτὸν
1249 2113 1296 2139 ἐπὶ
1318 2113 1357 2148 τῷ
1378 2113 1570 2150 θυσιαστηρίῳ.
1590 2115 1743 2150 Χειροτονεί

959 2156 1006 2185 οὖν
1029 2158 1108 2184 αὑτὸν
1132 2158 1264 2189 διάκονον,
1278 2157 1324 2184 καὶ
1344 2157 1424 2185 πάλιν
1439 2156 1545 2184 δίδωσιν
1560 2159 1679 2194 εἰρήνην,
1696 2160 1743 2186 καὶ

961 2204 1107 2238 χειροτονεῖ
1119 2203 1198 2230 αὐτὸν
1213 2202 1406 2239 πρεσϐύτερον,
1420 2203 1467 2229 καὶ
1478 2203 1580 2237 γίνεται
1593 2204 1610 2239 ἡ
1632 2204 1743 2231 ἀκολου-

960 2248 1015 2277 θία,
1028 2248 1074 2274 καὶ
1097 2250 1243 2283 χειροτονεί
1265 2249 1355 2276 αὑτὸν.
1374 2248 1530 2275 ἐπίσκοπον.
1544 2249 1620 2276 Μετά
1643 2250 1671 2276 δὲ
1694 2250 1743 2285 τὴν

959 2293 1089 2319 ἀπόλυσιν
1117 2294 1166 2328 τῆς
1189 2293 1336 2329 ἐκκλησίας
1353 2292 1504 2330 ἀνήλθομεν
1527 2293 1555 2319 ἐν
1575 2293 1614 2329 τῷ
1633 2294 1743 2321 ἐπισκο-

960 2339 1039 2374 πείῳ.
1057 2337 1138 2365 Εἶπεν
1161 2339 1189 2366 δέ
1210 2339 1324 2371 Πάππος
1339 2340 1407 2374 πρὸς
1426 2339 1597 2375 Ἐπιφάνιθν⁸
1613 2340 1697 2375 Δεῦρο
1710 2341 1742 2376 δὴ

960 2384 1108 2420 πρότρεψαι
1122 2385 1186 2416 τοὺς
1211 2385 1355 2421 Πατέρας,
1372 2386 1446 2417 ὅπως
1470 2387 1663 2422 μεταλάϐωμεν
1695 2386 1743 2415 καὶ

959 2428 1152 2464 εὐφρανθῶμεν
1167 2428 1212 2455 ἐπὶ
1227 2430 1259 2464 σῇ
1274 2429 1447 2465 πατρωσύνῃ.
1465 2430 1518 2457 Τοῦ
1538 2431 1566 2457 δὲ
1585 2432 1740 2466 Ἐπιφανὶου

961 2474 1064 2509 βαρέως
1077 2474 1213 2509 φέροντος,
1228 2474 1273 2501 καὶ
1294 2475 1490 2510 ἀδημονοῦντος
1507 2477 1536 2503 ἐν
1548 2477 1678 2512 λογισμῷ,
1695 2478 1741 2504 καὶ

960 2519 1107 2552 κλαίοντος,
1130 2518 1206 2546 εἶπεν
1222 2520 1236 2546 ό
1249 2520 1364 2552 Πάππος
1378 2521 1445 2556 πρὸς
1456 2521 1612 2556 Ἐπιφάνιον
1622 2531 1628 2537 ·
1643 2523 1740 2557 Ἐχρῆν

962 2564 1010 2599 μὲν
1026 2565 1100 2600 ἡμᾶς
1116 2564 1263 2599 σιωπῆσαι,
1278 2562 1301 2592 ὧ
1314 2565 1408 2592 τέκνον
1423 2566 1575 2601 Ἐπιφάνιε.
1590 2567 1699 2602 Γίνομαι
1711 2567 1740 2593 δὲ

959 2609 1052 2643 ἄφρων
1067 2610 1146 2641 αὑτός
1164 2618 1207 2645 μοι
1222 2610 1272 2645 τὴν
1288 2610 1400 2646 ζήτησιν
1412 2612 1672 2648 ποιησάμενος.Τῶν
1684 2611 1738 2647 γὰρ

959 2655 1088 2691 Πατέρων
1102 2655 1286 2690 συναχθέντων
1300 2652 1362 2688 ὧδε,
1380 2657 1552 2685 ἀπεδώκασιν
1566 2657 1605 2693 τῷ
1621 2656 1679 2693 Θεῷ
1692 2657 1740 2684 ἐπὶ
