1934 3029
157 107 195 139 69
811 109 841 137 S.
863 107 946 137 EPlP]

998 107 1036 136 ut
1057 85 1163 135 νιτΑζ
1753 110 1788 137 το

159 169 277 206 μηνύσει
291 169 338 197 τοῦ
353 155 519 196 ἐπισκόπου·
549 167 633 204 κάμοὶ
656 167 736 194 πόνον
758 167 891 204 ἐπέφερον
923 168 1023 199 πάντες
1045 164 1117 195 οὗτοι
1136 165 1260 200 λέγοντες
1283 165 1351 202 πρὸς
1374 167 1408 202 μὲ
1430 166 1476 193 τὸν
1510 167 1686 204 ἀμαρτωλόν·
1700 168 1788 204 Εὖχου

157 215 317 252 προθύμως,
330 215 376 241 καὶ
390 214 646 250 ἀποκαλυφθήσεται
665 222 715 240 σοι.

194 262 255 289 ΛΕ¹.
277 259 359 296 Ἐμοῦ
381 260 409 287 δὲ
431 259 527 286 ἑαυτὸν
552 258 743 295 καθείρξαντος
767 260 796 286 ἐν
820 259 944 295 ὀσπιτίῳ,

1031 255 1140 283 XXXV.
1161 254 1228 282 Cum
1244 262 1294 289 ego
1309 259 1400 282 autem
1414 263 1457 283 me
1480 256 1507 283 in
1523 256 1643 291 hospitio
1657 258 1788 286 inclusis-

156 307 330 344 παρεκάλουν
344 306 390 333 τὸν
402 306 516 342 Σωτῆρα
530 306 594 340 περὶ
605 305 652 332 τοῦ
665 305 800 332 τοιούτου·
824 305 950 340 ἀστραπὴ

154 354 186 381 δὲ
202 353 321 388 ἔλαμψεν
338 353 367 378 ὲν
382 351 421 387 τῷ
438 351 537 386 χελλίῳ
547 360 554 367 ·
570 351 675 386 ἥκουσα
687 350 715 376 δὲ
733 350 781 377 καὶ
801 351 893 386 φωνὴν
909 351 949 378 δι-

154 399 272 434 δομένην
289 397 358 433 πρὸς
373 397 406 432 μὲ
420 397 466 424 τὺν
480 396 650 432 ἁμαρτωλὸν·
661 396 770 429 Πάππε,
780 396 888 427 Πάππε,
899 405 951 431 φη-

147 445 211 477 ·σὶν,
225 443 395 477 ἇκουε.Ὲγὼ
408 443 438 469 δὲ
448 442 567 477 ἔμφοϐος
581 442 726 477 γενόμενος
740 440 815 469 εἷπον
825 451 832 457 ·
847 443 880 469 Τί
891 443 950 469 ὲπι-

154 490 251 526 τρέπει
265 491 279 516 ὀ
295 489 398 525 Κύριός
413 497 479 524 μου;
496 485 579 515 Εἶπεν
595 489 624 515 δὲ
639 489 707 523 πρὸς
733 489 767 523 μὲ
793 488 852 524 μετ’
868 488 949 523 εὐμε-

153 535 240 567 νείας·
254 534 384 567 Ἀνάστα,
399 534 542 570 παράλαϐε
556 533 625 569 μετὰ
636 533 749 560 σεαυτοῦ
765 533 812 560 ἕνα
825 533 879 560 τῶν
893 533 950 560 δια-

155 582 253 614 κόνων,
268 582 316 608 καὶ
331 581 492 608 ὲπικάτελθε
515 581 542 606 ἐν
565 580 603 615 τῷ
626 580 761 616 ἐμπορίῳ.
775 580 831 607 Καὶ
849 579 902 606 ἰδοὺ
916 580 948 615 δὴ

156 627 274 663 μοναχὺς
289 628 348 654 ἐκεῖ
360 628 436 663 παρὰ
447 627 486 662 τῷ
501 627 592 663 πράτῃ
609 626 719 653 ὠνεῖται
733 626 885 661 σταφυλάς·
903 625 949 653 δύο

156 674 290 710 μοναχοὺς
307 673 364 709 ἔχει
385 673 445 708 μεθ’
460 672 728 704 ἑαυτοῦ,Ἑλισσαίου
751 672 800 707 τὴν
826 672 947 708 κεφαλὴν

153 721 186 748 τὸ
208 720 378 755 ὲκτύπωμαν
400 719 494 746 τοῦτον
514 719 704 755 χειροτόνησον
727 719 766 750 εἰς
788 718 946 745 ἐπίσκοπον.

154 767 236 794 Ἀλλὰ
249 767 286 802 μὴ
300 766 462 802 ἀναγγείλῃς
475 766 559 801 αὐτῷ,
574 766 679 801 μήποτε
694 765 850 801 ἀποδράσει.
865 765 901 792 Τὸ
920 765 949 792 δὲ

153 813 241 848 ὄνομα
266 811 348 839 αὑτοῦ
377 811 501 839 καλεῖται
523 811 691 846 Ἐπιφάνιος.
717 811 819 845 Γέγονα
842 811 946 846 ἄφρων,

153 859 264 885 τέκνον·
285 858 366 889 αὐτός
390 865 426 892 με
449 857 618 891 ἠνάγκασας.
633 856 721 883 Βλέπε
737 856 764 882 τί
780 857 879 888 ποιεῖς,
901 855 949 882 καὶ

155 904 274 940 πρόσεχε
285 903 398 939 σεαυτῷ.
411 902 483 937 Ἐγὼ
494 903 548 939 γάρ
560 902 725 937 ἀπεστάλην,
735 902 749 929 ὃ
758 902 861 937 ὥῳειλα
871 902 949 937 ποιῆ-

155 939 203 977 σαι
217 950 344 984 ἐποίησα.
356 949 457 981 meam;
478 949 547 984 εἰμι.
560 949 596 975 Σὺ
611 948 663 984 ὕψη
679 948 725 975 ἐπὶ
747 949 814 975 πᾶσι
831 947 947 979 τούτοις.
964 939 986 965 Β

160 995 293 1027 ’Δκούσας
315 995 344 1021 δὲ
367 994 454 1021 ταῦτα
478 995 646 1029 Ἐπιφάνιος,
674 994 771 1021 ἔπεσεν
795 994 842 1020 ἐπὶ
863 992 948 1029 πρόσ-

153 1051 238 1074 ωπον,
253 1041 301 1068 καὶ
317 1040 519 1078 προσεκύνησεν
531 1040 640 1075 Πάππῳ
653 1040 738 1067 εἰπών
748 1049 754 1055 ·
769 1039 816 1076 Μὴ
826 1039 946 1074 ὀργίζου,

154 1086 256 1122 Πάτερ.
279 1087 378 1122 φησίν·
396 1086 557 1121 ἁμαρτωλὸς
578 1086 633 1122 γὰρ
653 1085 794 1123 ἄνθρωπός
814 1087 883 1121 εἰμι,
902 1087 948 1112 καὶ

154 1131 205 1156 οὐκ
230 1130 344 1166 ὲπαρκῶ
367 1130 436 1165 πρὸς
461 1130 492 1156 τὸ
517 1130 617 1165 μέτρον
639 1130 689 1166 τῆς
714 1130 875 1167 ἱερωσύνης,
900 1130 947 1157 καὶ

1001 310 1068 332 sem.
1084 306 1112 329 et
1124 301 1157 328 de
1170 308 1203 329 eo
1217 301 1387 328 Salvatorem
1405 309 1540 336 rogarem,
1555 303 1646 338 fulgur
1671 303 1698 330 in
1712 304 1788 332 'cella

1000 347 1182 384 resplenduit;
1198 347 1290 374 audivi
1305 355 1369 374 vero
1384 354 1480 375 vocem
1495 348 1630 376 dicentem
1646 350 1711 377 mihi
1723 358 1789 385 pec-

999 395 1086 422 catori
1101 404 1107 421 :
1123 393 1222 428 Pappe,
1238 393 1342 428 Pappe,
1358 394 1433 420 audi.
1446 393 1503 428 Ego
1520 398 1610 422 autem
1625 395 1679 423 dixi
1690 396 1790 423 timore

1000 441 1162 476 perterritus
1177 449 1183 467 :
1198 439 1269 474 Quid
1284 440 1362 475 jubet
1373 440 1506 468 Dominus
1522 442 1619 469 meus?
1633 442 1706 470 Dixit
1722 442 1789 470 mihi

999 488 1114 522 benigne
1132 496 1138 514 :
1158 486 1255 521 Surge,
1272 487 1365 521 accipe
1392 494 1477 513 unum
1495 494 1529 514 ex
1545 487 1680 520 diaconis,
1693 493 1720 515 et
1739 489 1788 516 de-

999 534 1098 561 scende
1121 533 1148 560 in
1175 533 1275 560 forum.
1291 532 1361 560 Ecce
1385 532 1441 560 illic
1456 533 1527 568 apud
1545 534 1712 561 venditorem
1728 542 1789 561 mo-

1000 580 1104 607 nachus
1121 579 1188 606 emit
1205 586 1283 611 uvas,
1298 579 1344 614 qui
1370 579 1440 607 duos
1463 587 1557 607 secum
1583 578 1664 607 habet
1692 588 1789 608 mona-

998 626 1076 658 chos,
1092 631 1119 653 et
1134 625 1216 653 Elisci
1232 630 1314 660 caput
1329 626 1404 654 illius
1417 626 1497 653 habet
1515 626 1640 661 effigiem.
1656 627 1724 654 Eum
1744 635 1791 654 or-

998 672 1061 699 dina
1078 672 1247 707 episcopum.
1266 671 1319 699 Sed
1338 680 1371 699 ne
1387 672 1411 699 ei
1428 673 1623 706 renunties,ne
1635 673 1707 701 forte
1720 673 1789 700 eﬂ‘u-

998 719 1063 753 giat.
1081 718 1128 746 Est
1142 722 1234 745 autem
1248 718 1274 746 ei
1288 725 1388 746 nomen
1410 719 1591 754 Epiphanius.
1607 719 1706 747 Factus
1725 727 1786 747 sum

998 764 1141 799 insipiens,
1159 764 1196 791 fili
1214 773 1220 791 :
1238 764 1296 799 ipse
1311 772 1354 792 me
1377 765 1500 799 coegisti.
1518 764 1586 792 Vide
1605 765 1671 800 quid
1689 764 1785 796 facias,

998 812 1025 836 et
1040 809 1148 836 attende
1164 809 1215 836 tibi
1232 809 1293 844 ipsi.
1310 809 1366 844 Ego
1383 810 1455 837 enim
1470 811 1571 838 missus
1594 819 1666 843 sum,
1690 817 1716 838 et
1737 809 1790 839 feci

999 855 1071 890 quod
1085 855 1167 883 debui
1180 855 1279 883 facere.
1295 855 1360 883 Sum
1377 857 1483 888 insons,
1504 862 1530 885 et
1547 862 1608 892 post
1622 858 1679 885 haec
1694 858 1787 885 omnia

998 901 1112 929 videbis.
1131 901 1200 928 Cum
1221 901 1279 929 haec
1292 907 1383 929 autem
1397 902 1530 931 audiisset
1547 903 1726 939 Epiphanius,
1742 912 1788 932 ce-

1000 947 1066 975 cidit
1089 948 1117 974 ln
1141 947 1249 980 faciem,
1267 952 1295 976 et
1317 948 1441 976 adoravit
1460 949 1597 984 Pappum.
1613 950 1707 977 dicens
1725 960 1731 977 :
1749 949 1789 978 Ne

1001 994 1141 1025 irascaris,
1154 993 1248 1022 Pater.
1268 994 1333 1022 Sum
1347 996 1420 1023 enim
1437 996 1528 1029 homo,
1544 1004 1594 1024 nec
1609 996 1713 1024 sullicio
1734 996 1789 1023 im-

999 1040 1104 1075 plendas
1117 1048 1253 1068 mensura:
1267 1042 1555 1078 sacerdotii.Cumque
1568 1051 1662 1071 omnes
1677 1044 1789 1070 adoras-

1001 1087 1186 1119 set,invitavit
1197 1094 1246 1114 eos
1260 1088 1293 1115 ad
1305 1088 1461 1122 prandium.
1476 1088 1509 1116 Et
1524 1097 1586 1116 cum
1601 1090 1788 1124 prandissent,

999 1131 1048 1159 ivit
1064 1132 1252 1167 unusquisque
1263 1132 1290 1159 in
1307 1141 1385 1161 suam
1397 1133 1558 1161 Ecclesiam.

153 1178 346 1212 προσκυνήσας
369 1177 492 1209 ἃπαντας
515 1176 698 1212 προετρέπετο
719 1178 817 1209 αὐτοὺς
840 1177 888 1204 ἐπὶ
910 1177 940 1204 τὸ
963 1177 1084 1213 ἄριστον.
1101 1179 1156 1205 Καὶ
1172 1179 1377 1215 ἁριστησάντων
1406 1180 1495 1207 αὐτῶν
1526 1180 1712 1217 ἐπορεύθησαν
1724 1182 1789 1209 ἓκα”

155 1231 218 1254 στος
232 1224 261 1249 ἐν
273 1224 307 1258 τῇ
322 1223 405 1250 αὑτοῦ
422 1223 579 1260 Ἐκκλησία.

190 1269 260 1303 ΔΕΓ.
281 1270 359 1297 Μετὰ
375 1270 404 1297 δὲ
424 1272 499 1306 τρεῖς
515 1271 623 1306 ἡμέρας
640 1271 709 1306 ἁνήρ
729 1280 772 1303 τις
794 1271 944 1307 αἰδέσιμος,

154 1316 266 1351 ὀνόματι
283 1316 450 1353 Εὑγνώμων,
473 1317 524 1344 ὑπό
536 1326 607 1349 τινος
623 1317 816 1353 λαμπροτάτου
832 1318 883 1353 τῆς
898 1319 947 1344 πό-

155 1361 224 1393 λεως
239 1362 339 1398 ἐϐλήθη
357 1363 386 1389 ὲν
403 1364 435 1399 τῇ
451 1363 556 1399 φυλακῇ
572 1364 611 1395 εις
622 1363 703 1399 ὁλκὴν
719 1363 895 1399 νομισμάτων
909 1367 941 1398 ρ’,

155 1408 193 1434 Τὸ
202 1408 231 1435 δὲ
247 1409 332 1444 δνομα
345 1409 391 1435 τοῦ
408 1408 536 1444 βαλόντος
550 1409 674 1436 ἐκαλεῖτο
695 1409 819 1444 Δράκων.
836 1406 919 1439 Οὗτος
931 1409 945 1435 6

155 1454 462 1490 Εὐγνώμων,”Ρωμαῖος
476 1454 523 1487 ὢν,
541 1455 590 1481 οὐκ
605 1453 677 1490 εἶχεν
693 1455 738 1481 τὸν
753 1452 884 1490 ῥυόμενον
896 1455 945 1481 αὑ-

1033 1268 1153 1297 XXXVI.
1174 1269 1274 1298 Tribus
1296 1275 1385 1298 autem
1407 1275 1470 1305 post
1493 1271 1589 1299 diebus
1613 1272 1656 1298 vir
1677 1272 1788 1307 quidam

998 1317 1179 1349 venerandus,
1193 1317 1303 1344 nomine
1328 1316 1527 1351 Eugnomon,a
1551 1318 1669 1352 quodam
1694 1318 1789 1345 claris-

997 1364 1069 1393 simo
1094 1364 1168 1392 illius
1189 1363 1308 1392 civitatis
1325 1365 1466 1399 conjectus
1488 1363 1577 1392 fuerat
1594 1364 1621 1391 in
1635 1364 1788 1391 custodiam

997 1419 1046 1446 pro
1061 1417 1168 1438 summa
1187 1414 1295 1437 centum
1320 1417 1507 1437 nummorum.
1533 1409 1635 1437 Nomen
1659 1410 1730 1445 ejus,
1741 1409 1789 1445 qui

997 1456 1086 1491 ipsum
1103 1449 1266 1490 coniecerat,
1285 1460 1345 1483 erat
1363 1455 1460 1483 Draco.
1477 1456 1502 1483 ls
1517 1463 1579 1483 cum
1597 1460 1670 1483 esset
1685 1455 1787 1483 Roma-

155 1501 201 1527 τὸν
225 1500 279 1527 ἀπὸ
301 1501 352 1536 τῆς
377 1501 649 1535 φυλακῆς.Ἦκουσεν
663 1501 692 1527 δὲ
706 1500 875 1535 Ἑπιφάνιος,
898 1500 945 1527 καὶ

998 1511 1061 1535 nus,
1080 1503 1185 1529 nullum
1202 1502 1330 1534 habebat,
1346 1502 1392 1537 qui
1407 1508 1468 1528 eum
1484 1501 1613 1529 liberaret
1626 1509 1640 1529 a
1651 1501 1788 1529 custodia.

155 1546 290 1581 ἐπορεύθη
306 1546 374 1582 πρὸς
394 1547 439 1572 τὸν
461 1547 613 1582 Δράκοντα,
629 1546 677 1573 τοῦ
692 1545 881 1582 παρακαλέσαι
895 1547 943 1573 αὑ-

155 1592 211 1626 τὸν,
227 1592 300 1624 ὅπως
324 1591 455 1619 ἀπολύσει
478 1592 647 1628 Εὺγνώμονα
669 1592 714 1619 τὸν
732 1592 868 1628 Ῥωμαῖον
891 1593 946 1619 ἀπὺ

155 1637 206 1672 τῆς
219 1637 351 1673 φυλακῆς.
368 1635 452 1665 Εἶπεν
463 1638 491 1665 δὲ
501 1639 514 1665 6
524 1639 638 1674 Δράκων
652 1638 804 1674 Ἐπιφανιῳ
817 1647 824 1655 ·
839 1639 944 1672 Βάδιζε,

156 1683 233 1718 φησὶ,
246 1684 415 1719 παρείοακτε
436 1683 486 1718 τῆς
507 1684 610 1716 πόλεως
625 1683 714 1719 ήμῶν.
728 1688 751 1720 ρ’
760 1685 914 1720 νομίσματα
929 1684 946 1711 ἃ

156 1728 361 1765 κεχρεώστηκέν
379 1738 424 1765 μοι
447 1730 461 1756 ὁ
479 1729 524 1760 σὺς
539 1730 657 1766 ἑταῖρος,
677 1730 720 1762 δός
739 1739 783 1766 μοι
803 1729 883 1762 αὐτὰ,
899 1730 947 1756 καὶ

156 1775 221 1802 λάϐε
236 1773 396 1802 τοῦτονῙΗν
410 1775 438 1802 δὲ
463 1772 541 1807 οὗτος
567 1776 582 1802 6
606 1776 719 1812 Δράκων
734 1775 859 1808 πλούσιος
881 1775 947 1810 σφό-

156 1821 218 1858 δρα,
232 1821 371 1857 ἀνήμερος
394 1823 451 1853 τοῖς
475 1821 633 1857 τρόποις.’0
648 1819 693 1848 οὖν
707 1822 864 1856 Ἐπιφάνιος
885 1823 948 1849 ἐπο-

158 1868 241 1904 ρεύθη
254 1869 282 1895 ὲν
297 1868 336 1903 τῷ
353 1866 621 1904 ὲπισκοπείῳῘΗσαν
633 1868 662 1895 δὲ
685 1872 708 1904 ρ’
720 1869 877 1904 νομίσματα
888 1868 947 1895 κεί-

158 1922 227 1950 μενα
250 1915 279 1941 ὲν
300 1914 339 1949 τῷ
356 1914 534 1949 ὲπισκοπείῳ,
551 1915 592 1946 εἰς
615 1911 751 1941 διακονίαν
766 1915 816 1950 τῆς
833 1914 948 1950 Ἐκκλη-

158 1961 228 1993 σίας.
236 1961 266 1988 'O
289 1959 335 1988 οὖν
349 1960 510 1995 Ἐπιφάνιος
532 1960 623 1988 λαϐὼν
643 1961 724 1993 αὐτὰ,
740 1961 885 1997 ἐπορεύθη,
901 1962 948 1988 καὶ

117 2002 122 2007 ”
157 2009 256 2036 ἔδωκεν
277 2008 316 2044 τῷ
337 2007 479 2043 Δράκοντι,
495 2007 541 2033 καὶ
561 2007 680 2033 ἀπέλυσε
694 2007 739 2033 τὸν
758 2007 842 2040 ξένον.
859 2004 906 2039 Εἷς
918 2007 947 2034 δέ

157 2062 198 2085 τις
221 2054 353 2085 διάκονος,
370 2052 482 2088 ὀνόματι
503 2052 638 2087 Χαρῖνος·
660 2048 738 2085 οὗτος
767 2053 820 2079 ὑπὸ
842 2052 947 2081 πολλῶν

158 2100 338 2136 ἐμαρτυρεῖτο
361 2099 478 2130 ἄτακτος
496 2096 566 2125 εἶναι
576 2107 584 2114 ·
599 2099 736 2134 διήγειρεν
750 2100 873 2132 ἅπαντας
886 2100 948 2132 τοὺς

158 2145 305 2181 κληρικοὺς
320 2144 391 2172 κατὰ
404 2145 575 2180 Ἐπιφανίου,
591 2144 694 2178 λέγων·
712 2145 794 2172 Δεῦτε
815 2146 862 2173 καὶ
886 2145 948 2172 διώ-

158 2191 239 2227 ξομεν
252 2191 298 2218 τὸν
312 2190 386 2223 ξένον
403 2191 508 2222 τοῦτον,
532 2192 638 2226 μήποτε
651 2191 799 2228 καταφάγῃ
811 2192 899 2218 πάντα
913 2192 947 2219 τὰ
963 2186 985 2214 Ῐ)

157 2239 207 2274 τῆς
216 2237 390 2273 Ἐκκλησίας,
408 2237 455 2264 καὶ
467 2236 584 2272 ἐσόμεθα
598 2237 679 2272 ἡμεῖς
693 2236 779 2272 ἔνοχοι
792 2237 842 2272 τῆς
854 2237 945 2273 ἅμαρ-

157 2280 282 2315 τῑας.Ἶίν
303 2283 331 2310 δὲ
347 2279 425 2314 οὗτος
447 2283 462 2309 ὁ
487 2282 605 2318 Χαρῖνος
629 2282 756 2314 πλούσιος
773 2283 884 2318 σφόδρα,
901 2283 947 2310 καὶ

160 2330 249 2365 ὲζήτει
272 2329 366 2361 διῶξαι
385 2329 431 2355 τὸν
449 2328 616 2364 Ἐπιφάνιον,
634 2329 708 2360 ὅπως
731 2329 813 2361 αὐτὸς
842 2329 946 2356 καθίσει

159 2374 205 2401 ἐπὶ
220 2374 267 2401 τοῦ
282 2374 387 2410 θρόνου.
405 2373 575 2409 Ἐπέστησαν
589 2371 634 2400 οὖν
644 2373 804 2409 Ἐπιφανίῳ,
822 2374 948 2408 λέγοντος

157 2420 205 2448 τοῦ
223 2420 340 2456 Χαρίνου
353 2421 416 2452 τοὺς
433 2420 529 2455 λόγους
544 2413 672 2452 τούτους·
689 2421 746 2447 Οὐκ
758 2420 878 2456 ἠρκέσθη
894 2429 945 2453 σοι,

160 2466 251 2501 φησὶν,
266 2463 288 2493 ὦ
303 2466 456 2501 Ἐπιφάνιε,
472 2465 557 2493 ἐλθὼν
576 2465 669 2493 ἐνθάδε
690 2467 727 2502 μὴ
743 2466 813 2501 ἔχων
836 2466 947 2493 ἐπενδύ-

159 2520 219 2547 την,
232 2512 280 2539 καὶ
300 2511 435 2543 ἀπέλαϐες
450 2511 499 2547 τὴν
515 2511 690 2546 Ἐκκλησίαν,
706 2511 774 2538 ἀλλά
787 2511 947 2547 διασκορπί-

160 2557 215 2589 ζεις
228 2557 266 2589 ὡς
279 2557 354 2589 ξένος
368 2557 403 2584 τὰ
415 2558 466 2593 τῆς
480 2557 658 2593 Ἐκκλησιας·
675 2557 723 2584 καὶ
744 2558 786 2590 τίς
805 2558 891 2590 οὕτως
903 2559 948 2594 βα-

161 2604 270 2637 στάσει;
290 2605 325 2630 Ἢ
340 2603 384 2635 δὸς
404 2603 440 2630 τὰ
464 2606 484 2640 ρ’
496 2604 651 2640 νομίσματα
673 2603 723 2638 τῆς
740 2603 914 2640 Ἐκκλησίας,
928 2605 945 2640 ἢ

161 2649 307 2685 πορεύθητι
328 2649 375 2676 ἐπὶ
396 2649 445 2685 σὴν
471 2649 598 2685 πατρίδα.
614 2649 765 2685 Ἐπορεύθη
785 2647 830 2676 οὖν
845 2650 860 2675 6
880 2650 947 2676 Ῥω-

162 2697 239 2730 μαῖος
258 2696 272 2721 6
287 2695 432 2727 ἀπολυθεὶς
454 2695 506 2721 ὑπδ
518 2695 676 2729 Ἐπιφάνιου
698 2695 744 2721 ἐπὶ
757 2695 806 2729 τῆς
825 2695 944 2731 Ῥώμης,

162 2739 208 2767 καὶ
223 2740 330 2767 ᾶπαντα
342 2739 540 2775 καταπωλήσας
558 2739 592 2766 τὰ
601 2739 695 2771 αὐτοῦ,
708 2740 822 2775 ἤνεγκεν
834 2739 870 2766 τὰ
880 2741 946 2776 χρή-

163 2794 236 2820 ματα.
249 2786 409 2823 Ἐπιφανιῳ.
427 2786 524 2814 Λαϐὼν
548 2783 594 2813 οὖν
605 2785 690 2813 ταῦτα
702 2785 870 2820 Ἐπιξράνιος,
886 2786 945 2812 δια-

162 2830 275 2859 ὁέδωκεν
286 2834 341 2865 τοῖς
356 2833 449 2866 γρειαν
471 2827 717 2868 ἑχουσιν.Ἔμεινεν
732 2831 760 2860 δὲ
774 2832 789 2859 6
809 2832 943 2867 Ῥωμαῖος

998 1549 1066 1577 Cum
1095 1548 1228 1576 audiisset
1249 1547 1429 1583 Epiphanius,
1448 1553 1475 1575 et
1491 1548 1558 1576 isset
1576 1548 1609 1575 ad
1627 1548 1789 1580 Draconem,

996 1598 1024 1622 et
1036 1601 1099 1622 eum
1122 1598 1240 1629 rogaret,
1257 1598 1287 1620 ut
1299 1592 1503 1628 Eugnomonem
1518 1593 1670 1620 Romanum
1688 1592 1788 1620 libera-

997 1645 1038 1668 ret
1053 1648 1068 1668 a
1085 1640 1209 1668 custodia
1225 1651 1231 1668 :
1249 1640 1334 1672 Vade,
1351 1640 1438 1667 Draco
1453 1640 1551 1673 inquit,
1566 1644 1594 1667 tu
1616 1640 1644 1667 in
1661 1640 1732 1667 hanc
1746 1639 1790 1666 in-

998 1687 1096 1714 troduc
1109 1692 1136 1714 te
1146 1687 1294 1719 civitatem,
1313 1691 1340 1714 et
1360 1686 1426 1714 atl‘er
1440 1691 1548 1713 centum
1564 1693 1702 1717 nummos,
1717 1693 1790 1721 quos

998 1737 1061 1761 tuus
1077 1732 1144 1759 mihi
1162 1733 1240 1760 debet
1257 1732 1373 1762 amicus.
1389 1736 1416 1759 et
1439 1731 1474 1759 da
1497 1731 1566 1759 mihi
1590 1739 1652 1764 eos,
1674 1737 1701 1759 et
1725 1739 1789 1759 eum

997 1779 1097 1814 recipe.
1114 1777 1178 1805 Erat
1192 1782 1283 1806 autem
1298 1779 1343 1806 hic
1352 1778 1439 1805 Draco
1455 1777 1584 1814 [gentilis,
1598 1777 1637 1813 et]
1651 1778 1726 1805 dives
1738 1778 1789 1805 ad-

998 1824 1119 1856 modum,
1136 1823 1268 1857 saevisque
1284 1823 1416 1850 moribus.
1432 1819 1601 1857 Epiphanius
1623 1826 1714 1849 autem
1739 1821 1788 1848 ivit

998 1870 1026 1897 in
1051 1870 1250 1905 episcopatum.
1265 1869 1401 1904 Erantque
1419 1873 1527 1896 centum
1547 1868 1650 1896 nummi
1676 1867 1789 1902 repositi

998 1917 1027 1945 in
1044 1916 1203 1951 episcopatu
1219 1915 1252 1943 ad
1269 1915 1450 1944 ministerium
1461 1914 1599 1943 Ecclesiae.
1615 1914 1649 1941 lis
1659 1913 1787 1948 acceptis,

998 1962 1047 1990 ivit
1069 1962 1247 1998 Epiphanius,
1262 1966 1289 1989 et
1315 1969 1362 1989 eos
1387 1961 1461 1989 dedit
1475 1960 1604 1993 Draconi,
1618 1965 1645 1987 et
1663 1960 1788 1987 liberavit

997 2009 1144 2044 hospitem.
1158 2007 1275 2041 Quidam
1293 2012 1383 2035 autem
1406 2008 1547 2044 diaconus,
1560 2006 1670 2033 nomine
1690 2005 1787 2033 Chari-

998 2062 1051 2082 nus
1067 2054 1154 2089 (mulli
1167 2060 1233 2081 vero
1246 2053 1272 2081 in
1288 2061 1350 2081 eum
1366 2053 1550 2080 testimonium
1566 2051 1700 2083 ferebant,
1713 2051 1787 2086 quod

998 2104 1072 2128 esset
1095 2100 1248 2134 insolens),
1265 2099 1395 2127 incitabat
1407 2106 1502 2126 omnes
1519 2097 1633 2126 clericos
1653 2097 1787 2124 adversus

999 2145 1193 2181 Epiphanium,
1209 2145 1303 2173 dicens
1320 2153 1327 2172 :
1344 2144 1421 2180 Agite
1435 2149 1632 2178 persequamur
1649 2142 1721 2169 hunc
1736 2141 1787 2168 ho-

998 2193 1106 2228 spitem,
1122 2199 1157 2220 ne
1182 2192 1307 2219 comedat
1327 2197 1498 2226 quaecunque
1521 2192 1584 2216 sunt
1607 2187 1745 2220 Ecclesiae,
1759 2192 1787 2215 et

998 2239 1084 2267 simus
1108 2245 1159 2265 nos
1181 2242 1292 2273 peccato
1307 2235 1428 2264 obnoxii.
1444 2234 1508 2262 Erat
1522 2238 1611 2261 autem
1632 2234 1675 2261 hic
1687 2233 1787 2261 ϐΙιοι-ὶη

998 2291 1050 2311 nus
1065 2284 1143 2311 valde
1156 2283 1242 2315 dives,
1254 2286 1281 2309 et
1293 2281 1433 2317 qumrebat
1445 2279 1570 2314 persequi
1589 2278 1784 2313 Epiphanium,

998 2333 1028 2356 ut
1050 2329 1108 2363 ipse
1134 2329 1239 2356 sederet
1257 2328 1284 2354 iu
1303 2327 1413 2354 throno.
1436 2325 1674 2359 Surrexeruntque
1689 2332 1786 2352 omnes

998 2375 1090 2402 clerici
1116 2374 1246 2402 adversus
1275 2373 1469 2408 Epiphanium,
1492 2372 1598 2400 dicente
1620 2371 1678 2399 hate
1702 2372 1786 2399 verba

997 2420 1117 2449 Charino
1139 2429 1146 2447 :
1169 2419 1228 2447 Non
1245 2420 1312 2447 satis
1325 2424 1377 2451 est,
1392 2427 1408 2446 ο
1422 2418 1566 2454 Epiphaui,
1583 2419 1655 2454 quod
1672 2418 1725 2445 huc
1739 2426 1787 2445 ve-

998 2467 1082 2499 neris,
1099 2474 1160 2493 cum
1176 2473 1230 2493 non
1250 2466 1365 2493 haberes
1387 2465 1587 2497 indumentum,
1604 2469 1631 2492 et
1647 2465 1786 2499 acceperis

997 2512 1162 2545 Ecclesiam;
1189 2512 1236 2540 sed
1263 2512 1345 2539 etiam
1370 2515 1500 2546 tanquam
1526 2511 1637 2545 hospes,
1652 2509 1786 2544 dispergis

997 2567 1042 2587 res
1054 2558 1198 2591 Ecclesia‘;
1210 2563 1236 2586 et
1249 2559 1311 2593 quis
1327 2558 1377 2586 hoc
1391 2557 1463 2586 ferre
1479 2557 1596 2593 poterit?
1610 2558 1664 2595 ᾼυι
1678 2557 1712 2584 da
1725 2564 1786 2583 cen-

999 2610 1054 2632 tum
1082 2613 1220 2637 nummos,
1236 2609 1282 2632 aut
1299 2605 1366 2632 vade
1390 2605 1416 2631 in
1434 2609 1507 2631 tuam
1525 2603 1650 2638 patriam.
1666 2602 1717 2629 lvit
1735 2609 1785 2628 au-

998 2655 1051 2677 tem
1076 2650 1190 2677 Romam
1205 2649 1357 2682 Romanus,
1376 2649 1506 2676 liberatus
1522 2650 1556 2675 ab
1568 2647 1721 2682 Epiphanio
1736 2655 1742 2673 :
1758 2651 1786 2674 et

997 2695 1124 2722 omnibus
1137 2695 1195 2722 suis
1208 2694 1335 2728 venditis,
1345 2694 1371 2722 ei
1383 2694 1474 2721 attulit
1487 2692 1626 2728 pecunias.
1637 2691 1711 2724 Quas
1722 2698 1785 2719 cum

997 2741 1147 2776 accepisset
1161 2740 1339 2776 Epiphanius,
1353 2740 1493 2768 distribuit
1520 2739 1564 2772 iis,
1579 2737 1625 2773 qui
1651 2745 1719 2772 opus
1734 2737 1784 2765 ha-

996 2788 1108 2815 bebant.
1119 2787 1217 2815 Mansit
1232 2795 1297 2816 vero
1306 2788 1446 2815 Romanus
1456 2794 1518 2814 cum
1533 2784 1685 2820 Epiphanio
1699 2791 1785 2819 usque

999 2833 1032 2862 ad
1049 2838 1163 2862 mortem
1189 2841 1278 2862 suam.
1297 2833 1407 2869 Accepit
1429 2837 1518 2861 autem
1539 2829 1707 2866 Epiphanius
1721 2837 1785 2857 cen-
