1934 3029
138 103 169 130 'II
786 97 815 125 S.
836 95 1007 124 EPIPIIANII
1027 95 1120 123 VITA.
1731 91 1770 118 7‘3

139 167 196 188 tum
212 168 349 192 nummos,
362 164 390 187 et
410 158 483 186 dedit
504 158 634 189 Charino,
651 158 746 186 dicens
759 159 784 185 ci
799 167 807 186 :
825 158 924 192 Accipe

991 154 1047 181 ιετὰ
1060 153 1221 188 Ἐπιφανίου
1237 152 1289 184 ἕως
1301 151 1407 187 ἡμέρας
1420 150 1535 177 θανάτου
1549 148 1769 177 αὑτοῦ.Ἒλα6εν

139 211 247 234 centum
272 213 409 237 nummos,
422 213 491 240 quos
516 205 578 232 dedi
603 212 653 240 pro
678 204 795 239 hospite.
812 204 838 231 Is
859 211 925 231 vero

140 251 237 279 canina
252 251 339 279 I'ronte
354 251 494 287 praeditus,
505 256 614 278 centum
631 258 759 278 nummos
774 250 878 284 accepit
891 250 925 276 ab

142 296 305 332 Epiphanio.
322 297 455 326 Omnibus
471 302 561 325 autem
577 296 716 324 accersitis
727 296 843 327 clericis,
857 295 927 322 Cha-

142 344 220 371 rinus
246 344 312 371 dixit
336 344 377 372 eis
393 353 400 371 :
418 344 505 379 Agite,
520 343 635 378 accipite
658 345 768 370 centum
789 349 926 372 nummos,

140 397 209 424 quos
224 389 390 424 disperserat
402 389 588 424 Epiphanius;
604 396 652 416 eos
664 387 737 414 enim
751 387 786 414 ab
796 394 829 414 eo
838 387 926 422 exegi.

141 435 236 464 Clerici
253 442 318 462 vero
334 443 389 462 non
403 434 588 469 approbarunt
602 434 703 461 malum
718 433 839 461 animum
855 432 928 460 Cha-

141 482 205 512 rini.
220 482 267 509 sed
282 482 306 508 ei
321 482 447 509 dixerunt
464 491 471 509 :
487 482 549 513 Abi,
563 489 611 509 eos
625 481 710 509 redde
725 481 762 512 ei,
779 488 794 507 a
810 488 863 515 quo
881 487 929 507 ac—

141 528 246 563 cepisti.
264 527 302 555 lta
315 528 339 555 is
351 536 398 556 eos
419 536 471 555 non
486 528 603 556 reddidit
626 526 789 562 Epiphanio.
805 526 892 561 Atque
907 526 930 553 is

142 575 251 609 quidem
268 575 352 602 multa
363 575 454 610 gravia
463 578 491 602 et
500 575 610 609 indigna
624 574 686 601 fecit
699 572 860 608 Epiphanio.
872 574 931 608 Epi-

142 621 258 656 phanius
275 626 365 649 autem
380 629 520 657 nunquam
534 621 646 649 omnino
667 621 792 649 meminit
814 625 932 656 accepta:

143 675 158 694 a
176 667 295 695 Charino
313 667 429 702 injuriae.

179 793 313 822 XXXVII.
331 795 399 822 Cum
417 795 563 830 aliquando
581 795 691 831 quidem
701 800 774 823 esset
788 795 932 831 prandium

145 839 173 866 in
189 840 357 876 episcopatu,
372 840 488 868 habebat
512 840 681 876 Epiphanius
697 849 793 870 omnes
818 843 932 870 clericos
950 836 969 863 Β

145 886 173 913 in
188 893 293 913 mensa.
312 886 370 914 Mos
393 891 482 914 autem
499 891 558 914 erat
581 887 733 923 Epiphanio
757 893 836 916 nocte
848 893 876 916 et
889 888 933 916 die

146 931 246 959 habere
259 932 284 959 in
299 932 425 960 manibus
441 937 536 961 sancta
549 932 706 968 Evangelia,
722 937 751 961 et
765 933 863 961 docere
874 942 935 971 ver-

147 983 212 1004 num
235 978 368 1005 divinum.
384 977 508 1014 Cumque
520 980 548 1006 in
562 987 656 1006 mensa
673 979 783 1007 doceret
797 980 934 1015 pranden—

148 1028 188 1051 tes
211 1023 390 1058 Epiphanius,
407 1025 475 1057 avis,
493 1033 554 1060 qnze
575 1025 675 1053 dicitur
696 1033 805 1059 corvus,
829 1026 936 1054 intense

147 1076 242 1096 vocem
256 1070 356 1097 emisit.
373 1070 446 1098 Dixit
460 1076 549 1098 autem
563 1071 700 1098 Charinus
715 1072 913 1107 prandentibus
927 1081 934 1100 :

148 1114 280 1147 Quisnam
302 1124 335 1143 ex
356 1117 433 1144 vobis
458 1117 534 1144 novit
556 1117 621 1152 quid
646 1118 753 1146 locutus
769 1119 803 1146 sit
816 1118 937 1146 corvus?

148 1160 267 1188 Verbum
296 1167 387 1188 autem
415 1162 538 1190 divinum
573 1164 726 1197 exponebat
756 1163 935 1198 Epiphanius.

148 1205 278 1233 Eamdem
294 1214 386 1233 vocem
404 1215 499 1234 rursus
513 1207 613 1235 emittit
631 1215 740 1235 corvus.
759 1207 832 1235 Dixit
846 1213 936 1236 autem

149 1260 247 1280 rursus
264 1252 401 1280 Charinus
418 1262 424 1280 :
442 1253 510 1286 Quis
533 1262 565 1280 ex
589 1254 669 1282 vobis
695 1255 771 1282 novit
785 1255 850 1289 quid
865 1255 938 1282 dicat

149 1299 265 1326 corvus?
282 1298 449 1333 Epiphanius
471 1306 536 1326 vero
550 1307 647 1327 rursus
663 1306 759 1327 omnes
782 1300 897 1328 docebat
911 1300 939 1327 in

150 1344 276 1378 prandio.
299 1344 384 1372 Porro
401 1349 492 1372 autem
508 1353 606 1372 rursus
631 1352 740 1379 quoque
765 1345 872 1373 tcrtiam
894 1353 937 1373 vo-

151 1398 212 1418 cem
239 1390 337 1418 emittit
361 1397 470 1418 corvus.
488 1390 616 1426 Dixitque
632 1398 729 1418 rursus
745 1390 882 1419 Charinus
895 1391 939 1423 iis,

151 1437 198 1471 qui
208 1440 286 1464 crant
301 1436 326 1463 in
339 1436 453 1471 prandio
469 1445 476 1462 :
491 1435 551 1462 Dixi
568 1435 656 1468 vobis,
671 1435 803 1468 Quisnam
819 1440 940 1463 vestrum

151 1483 227 1510 novit
252 1483 318 1517 quid
340 1482 413 1509 dicat
429 1482 546 1509 corvus?
563 1481 734 1517 Epiphanius
755 1481 822 1509 nihil
838 1482 941 1510 solliei-
954 1502 975 1531 ο

151 1532 206 1562 tus,
220 1529 265 1556 sed
279 1528 383 1563 placido
398 1529 472 1555 vultu
486 1528 555 1556 dixit
576 1528 696 1555 Charino
709 1537 714 1554 :
731 1527 787 1563 Ego
801 1529 864 1555 novi
876 1528 941 1564 quid

152 1574 224 1602 dicat
246 1582 355 1601 corvus.
370 1574 438 1601 Tum
452 1574 589 1601 Charinus
611 1574 764 1609 Epiphanio
782 1584 788 1601 :
804 1573 940 1601 Annuntia

153 1619 230 1652 mihi,
243 1625 270 1646 et
282 1620 337 1647 eris
350 1620 471 1646 omnium
488 1627 609 1647 meorum
622 1619 816 1648 dominus.Cui
830 1628 927 1654 respoo

153 1665 193 1693 dit
209 1665 376 1700 Epiphanius
391 1673 398 1693 :
415 1665 488 1692 Dixit
501 1673 610 1698 corvus,
624 1670 649 1693 te
669 1673 723 1693 non
740 1665 862 1694 futurum
881 1674 943 1693 am-

154 1711 225 1746 plius
240 1711 395 1738 diaconum.
409 1711 474 1739 Post
486 1719 638 1739 sermonem
653 1711 727 1739 hunc
737 1716 827 1739 autem
843 1716 944 1738 tremnr

154 1758 255 1785 invasit
268 1757 434 1790 Charinum;
450 1765 501 1785 nec
515 1757 624 1784 locutus
639 1762 680 1785 est
692 1757 819 1792 amplius,
836 1761 882 1784 aut
899 1764 944 1784 co-

155 1803 250 1835 medit,
265 1807 312 1830 aut
327 1802 396 1830 bibit
410 1812 417 1830 :
432 1803 479 1830 sed
494 1810 557 1830 eum
573 1807 715 1837 portantes
735 1802 795 1837 ejus
810 1802 885 1837 pueri
903 1806 946 1829 tu-

155 1849 246 1876 lerunt
262 1850 289 1876 in
302 1849 413 1876 domum
427 1857 517 1882 suam,
531 1854 559 1876 et
570 1852 724 1884 posuerunt
737 1848 764 1875 in
779 1847 946 1875 lecto.Mane

155 1903 220 1923 vero
234 1901 358 1923 mortuus
371 1899 415 1923 est
429 1896 456 1923 in
472 1896 542 1924 lecto
555 1903 616 1923 suo.
632 1894 756 1923 Habebat
773 1900 864 1922 autem
879 1902 947 1922 uxo-

157 1950 214 1969 rem
240 1942 439 1974 ﬁdelissimam,
458 1949 509 1969 nec
532 1945 592 1969 erat
619 1941 659 1968 eis
685 1941 768 1968 ﬁlius.
787 1940 826 1968 Ea
849 1940 947 1968 obtulit

157 1987 248 2014 omnia
274 1987 446 2022 Epiphanio:
464 1994 546 2022 quam
572 1986 653 2014 etiam
680 1985 744 2014 fecit
764 1985 947 2013 diaconissam

157 2032 296 2060 Ecclesiae.
313 2033 496 2060 Laboraverat
507 2037 598 2060 autem
623 2031 683 2067 ejus
710 2040 808 2059 manus
821 2030 940 2067 paralysi

157 2083 280 2113 tempore
301 2078 394 2106 decem
419 2085 565 2106 annorum.
589 2077 737 2112 Postquam
754 2084 819 2113 ergo
833 2084 893 2104 eam
909 2081 949 2103 te-

159 2125 219 2152 nuit
233 2125 412 2160 Epiphanius,
428 2129 458 2152 ut
472 2131 534 2152 eam
546 2124 678 2158 signaret,
692 2123 783 2150 statim
798 2122 947 2155 convaluit,

975 200 1003 226 δὲ
1017 199 1177 234 Ἐπιφάνιος
1201 198 1236 225 τὰ
1261 201 1284 233 ρ’
1297 197 1462 233 νομίσματα,
1480 195 1528 222 καὶ
1542 195 1641 222 ἔδωκεν
1657 194 1695 230 τῷ
1709 195 1770 221 Χαο

978 248 1052 283 ρίνῳ,
1068 246 1155 279 λέγων
1170 245 1238 280 πρὸς
1260 243 1341 271 αὐτόν
1351 252 1358 258 ο
1374 243 1454 276 Δέξαι
1478 242 1513 270 τὰ
1534 245 1555 277 ρ’
1569 241 1734 276 νομίσματα,
1750 240 1771 268 ἃ.

977 293 1063 320 ἔδωκα
1077 292 1146 328 ὑπὲρ
1152 291 1198 318 τοῦ
1215 291 1300 323 ξένου.
1317 288 1400 321 Οὗτος
1414 289 1454 323 δὲ,
1469 288 1550 320 κυνὸς
1563 288 1675 324 ὄμματα
1687 287 1770 323 ἔχων,

977 338 1073 365 ἔλαϐεν
1097 338 1132 365 τὰ
1154 337 1312 373 νομίσματα
1333 334 1581 372 παρὰἘπιφανίου
1593 342 1600 350 ο
1617 333 1665 360 καὶ
1685 340 1771 369 προσ-

978 385 1164 421 καλεσάμενος
1181 384 1304 415 ἅπαντας
1318 383 1382 414 τοὺς
1393 382 1551 418 κληρικοὺς,
1564 380 1656 415 ἔλεγεν
1667 379 1770 411 αὐτοῖς·

979 432 1070 464 Δεῦτε,
1087 431 1183 459 λάϐετε
1209 431 1243 458 τὰ
1270 434 1292 461 ρ’
1306 429 1472 465 νομίσματα,
1488 428 1506 455 ἃ
1519 426 1554 464 ἦν
1574 426 1773 462 διασκορπίσας

979 477 1154 512 Ἐπιφάνιος’
1169 476 1300 512 ἀπῄτησα
1318 475 1373 510 γὰρ
1387 474 1467 501 αὑτὸν
1482 473 1581 500 πάντα.
1600 473 1631 500 οι
1645 470 1774 508 κληρικοὶ

980 522 1026 550 οὖν
1047 524 1077 550 οὺ
1093 523 1291 558 συνευδόκησαν
1316 522 1349 557 τῆ
1371 522 1444 556 κακῇ
1465 519 1563 556 γνώμῃ
1585 518 1625 553 τῷ
1642 517 1772 554 Χαρίνῳ,

980 569 1038 596 ἀλλ’
1054 567 1131 596 εῐπον
1157 568 1226 605 πρὸς
1250 568 1343 594 αὐτόν·
1365 566 1494 598 ΙἈπελθε,
1519 566 1586 601 παρ’
1606 563 1637 591 οὗ
1664 564 1774 598 Ελαΰεε,

981 616 1080 647 ἀπόδος
1101 615 1180 642 αὐτὰ.
1195 612 1279 646 Οὗτος
1301 614 1329 640 δὲ
1351 613 1414 640 οὔτε
1429 612 1516 643 οὕτως
1538 611 1680 638 ἀπέδωκεν
1702 610 1774 637 αὐτὸ

982 660 1143 696 Ὶιίπιφανίῳ.
1159 659 1311 694 Πάμπολλα
1322 655 1368 685 οὖν
1387 658 1462 684 δεινὰ
1478 657 1612 693 ἐχρήσατο
1628 657 1642 682 ὁ
1657 656 1774 691 Χαρῖνος

983 705 1151 741 Ἐπιφανίῳ·
1177 704 1258 736 αὐτὸς
1285 704 1313 730 δὲ
1345 705 1375 730 ὲν
1405 702 1493 730 οὐδενὶ
1526 702 1594 733 ὅλως
1625 701 1775 736 ὲμηνίασεν

983 751 1069 786 αὐτῷ.

1019 798 1079 824 AZ'.
1099 797 1169 823 Ποτὲ
1191 793 1238 823 οὗν
1263 795 1374 832 ἀρίστου
1396 795 1471 827 ὄντος
1495 795 1524 821 ὲν
1540 793 1579 829 τῷ
1596 793 1776 828 ὲπισκοπείῳ,

984 841 1056 878 εἶχεν
1072 842 1230 877 Ἐπιςράνιος
1248 841 1372 872 ἅπαντας
1391 840 1453 871 τοὺς
1471 839 1618 875 κληρικοὺς
1642 838 1688 865 ἐπὶ
1710 846 1770 874 τρα-

985 886 1136 924 πέζης.⁷Ην
1160 887 1188 914 δὲ
1206 887 1266 918 ἔθος
1283 885 1434 921 Ἐπιφανίῳ
1451 886 1479 912 ὲν
1495 886 1556 917 ταῖς
1577 884 1671 920 χερσὶν
1693 882 1777 911 αὑτοῦ

984 935 1095 971 κρατεῖν
1107 934 1141 961 τὰ
1157 933 1222 967 ἆγια
1237 931 1403 966 Εὐαγγέλια,
1416 930 1512 963 νυκτὸς
1529 930 1577 957 καὶ
1587 929 1693 966 ἡμέρας
1705 929 1773 956 διδά-

986 990 1062 1008 σκειν
1077 980 1123 1007 τὸν
1139 979 1210 1006 θεῖον
1233 978 1322 1012 λόγον.
1338 977 1391 1004 Τοῦ
1407 975 1453 1003 οὖν
1466 976 1626 1011 Ἑπιφανίου
1640 975 1777 1002 διδάσκον-

985 1035 1031 1058 τος
1054 1025 1102 1051 ἐπὶ
1115 1024 1254 1060 τραπέζης
1276 1024 1341 1054 τοὺς
1365 1021 1544 1058 ἀριστοῦντας
1564 1021 1657 1056 ὄρνεον
1678 1020 1709 1047 τὸ
1725 1029 1778 1047 κα-

986 1071 1116 1106 λούμενον
1139 1069 1226 1106 κόραξ
1243 1069 1387 1096 ἀποδίδωσι
1400 1067 1491 1104 φωνὴν
1505 1068 1632 1099 εὐτόνως.
1651 1064 1736 1094 Εῐπεν
1749 1066 1778 1093 δὲ

987 1118 1104 1153 Χαρῖνος
1128 1117 1185 1147 τοῖς
1211 1114 1385 1151 ἀριστοῦσιν·
1403 1114 1450 1146 Τίς
1468 1114 1496 1146 ἐξ
1514 1113 1591 1149 ὑμῶν
1610 1113 1739 1147 γινώσκει
1752 1113 1779 1139 τί

987 1163 1176 1198 ἀπεφθέγξατο
1197 1162 1212 1188 6
1230 1161 1333 1197 κόραξ;
1348 1159 1403 1188 Ἦν
1418 1161 1445 1187 δὲ
1459 1160 1616 1195 Ἑπιφάνιος
1631 1159 1720 1186 λαλῶν
1733 1159 1779 1186 τὸν

989 1209 1060 1236 θεῖον
1075 1209 1164 1243 λόγον.
1180 1208 1265 1234 Πάλιν
1282 1205 1328 1234 οὖν
1345 1208 1359 1233 ὁ
1373 1206 1458 1242 κόραξ
1470 1206 1616 1233 ἀποδίδωσι
1630 1206 1680 1241 τὴν
1695 1205 1780 1241 αὐτὴν

990 1254 1083 1290 φωνήν
1095 1262 1101 1269 ·
1117 1251 1194 1280 εἶπεν
1208 1253 1236 1280 δὲ
1253 1253 1332 1280 πάλιν
1343 1253 1356 1279 6
1369 1253 1486 1287 Χαρῖνος
1495 1260 1502 1267 ·
1517 1246 1564 1284 Τίς
1575 1252 1605 1285 ἐξ
1616 1251 1693 1286 ὑμῶν
1704 1252 1780 1286 γινώ-

991 1309 1049 1327 σκει
1064 1300 1091 1326 τί
1103 1300 1178 1334 λέγει
1202 1301 1216 1326 ὀ
1233 1299 1334 1335 κόραξς
1349 1298 1402 1325 Ἦν
1420 1298 1448 1325 δὲ
1464 1297 1544 1325 πάλιν
1557 1298 1717 1332 Ἐπιφάνιος
1740 1298 1781 1324 διο

989 1347 1096 1374 δάσκων
1121 1347 1243 1378 ἅπαντας
1264 1346 1310 1372 ἐπὶ
1326 1346 1453 1381 ἀρίστου·
1479 1345 1559 1372 πάλιν
1574 1343 1621 1371 οὖν
1636 1344 1781 1372 ἀποδίδωσι

990 1393 1086 1429 τρίτην
1101 1393 1193 1428 φωνὴν
1207 1393 1221 1419 6
1235 1392 1329 1428 κόραξ.
1341 1390 1425 1418 Εἶπεν
1437 1392 1466 1418 δὲ
1479 1391 1560 1418 πάλιν
1575 1392 1588 1418 6
1602 1392 1717 1427 Χαρῖνος
1725 1392 1781 1422 τοῖς

992 1440 1039 1466 ἐπὶ
1056 1439 1184 1475 ἀρίστοιν
1202 1437 1287 1465 Εἶπον
1311 1439 1387 1474 ὑμῖν,
1402 1438 1450 1470 Τίς
1465 1438 1495 1470 ἐξ
1510 1438 1587 1473 ὑμῶν
1611 1435 1681 1464 οἶδεν
1695 1437 1721 1464 τί
1735 1437 1782 1464 λα’

992 1486 1032 1512 λεῖ
1051 1487 1066 1512 6
1084 1485 1186 1521 κόραξ;
1208 1484 1238 1511 '0
1262 1482 1309 1512 οὖν
1324 1483 1482 1518 Ἐπιςράνιος
1497 1484 1581 1520 μηδὲν
1597 1483 1780 1519 ἀδημονήσας,

992 1531 1049 1558 ἀλλ’
1064 1532 1092 1557 ὲν
1117 1530 1200 1566 πολλῇ
1224 1530 1389 1557 καταστάσει
1413 1527 1490 1555 εἶπεν
1511 1529 1549 1564 τῷ
1565 1529 1691 1565 Χαρίνῳ·
1710 1527 1782 1563 Ἐγὼ

992 1577 1118 1613 γινώσκω
1132 1577 1159 1603 τί
1172 1575 1248 1604 εἶπεν
1263 1577 1277 1603 6
1291 1576 1386 1612 κόραξ.
1403 1574 1486 1602 Εἶπεν
1502 1575 1531 1602 δὲ
1543 1576 1670 1611 Χαρῖνος·
1687 1575 1782 1609 Ἀνάγ-

992 1623 1082 1657 γειλόν
1099 1631 1154 1657 μοι,
1170 1622 1219 1648 καὶ
1239 1621 1289 1657 ἔσῃ
1313 1621 1422 1648 πάντων
1437 1620 1492 1647 τῶν
1504 1620 1571 1656 ἐμοῦ
1584 1620 1684 1656 ἄρχων.
1699 1617 1782 1646 Εἶπεν

992 1669 1020 1695 δὲ
1034 1668 1192 1703 Ἐπιφάνιος
1203 1667 1271 1703 πρὸς
1281 1667 1327 1694 τὸν
1338 1668 1455 1702 Χαρῖνον
1463 1675 1470 1682 ·
1486 1665 1571 1693 Εἶπεν
1579 1667 1593 1692 ό
1607 1665 1701 1702 κόραξ,
1710 1666 1782 1697 ὅπως

996 1715 1032 1751 μὴ
1045 1713 1079 1751 ᾗς
1091 1714 1224 1745 διάκονοςζ
1241 1713 1305 1740 Ἐπὶ
1317 1713 1357 1748 τῷ
1371 1713 1443 1748 λόγῳ
1456 1710 1502 1739 οὖν
1515 1711 1674 1747 Ἐπιφανίου
1688 1711 1783 1738 ἔπεσεν

994 1760 1094 1797 τρόμος
1110 1760 1156 1786 ἐπὶ
1169 1759 1291 1795 Χαρίνῳ,
1305 1759 1353 1785 καὶ
1367 1758 1458 1785 οὐκέτι
1472 1758 1596 1793 ὲλάλησε,
1609 1757 1670 1784 οὐδὲ
1685 1755 1784 1792 ἔφαγόν

995 1816 1021 1833 τι
1034 1806 1051 1842 ἢ
1067 1806 1142 1833 ἔπιεν
1152 1814 1158 1821 ·
1171 1805 1241 1833 ἀλλὰ
1251 1805 1436 1841 βαστάσαντες
1449 1804 1529 1830 αὑτὸν
1546 1804 1570 1830 οἱ
1585 1803 1679 1835 παῖδες
1691 1802 1783 1835 αὑτοῦ,

996 1852 1146 1888 ἀπήνεικαν
1157 1852 1187 1877 ὲν
1202 1850 1242 1886 τῷ
1255 1851 1321 1885 οῐκῳ
1334 1849 1426 1881 αὑτοῦ.
1441 1849 1489 1876 καὶ
1505 1849 1606 1885 ἔθηκαν
1620 1848 1666 1875 ἐπὶ
1680 1847 1781 1884 κλίνης·

996 1897 1044 1924 καὶ
1060 1898 1094 1932 τῇ
1108 1896 1192 1923 ἔωθεν
1213 1895 1347 1923 ἀπέθανεν
1362 1896 1409 1922 ἐπὶ
1419 1895 1470 1930 τῆς
1487 1895 1581 1930 κοίτης
1593 1894 1688 1922 αὐτοῦ.
1706 1892 1784 1929 Εἶχεν

997 1943 1025 1970 δὲ
1051 1944 1168 1977 γυναῖκα
1193 1942 1371 1977 πιστοτάτηνυ
1395 1941 1491 1968 τέκνον
1518 1940 1546 1968 δὲ
1568 1941 1655 1975 αὐτῆς
1676 1941 1714 1975 (a)
1738 1939 1785 1974 οὐχ

997 1988 1129 2024 ὑπῆρχεν.
1145 1987 1219 2023 Αὕτη
1245 1987 1431 2023 προσήνεγκεν
1450 1985 1599 2020 Ἐπιφανίῳ
1629 1984 1717 2012 πάντα
1729 1992 1735 1999 ’
1754 1985 1785 2019 ἣν

998 2036 1046 2062 καὶ
1059 2034 1185 2069 ἐποίησεν
1198 2033 1320 2060 διάκονον
1334 2033 1383 2068 τῆς
1397 2031 1570 2067 Ἐκκλησίας.
1579 2032 1611 2057 Ἡ
1626 2031 1654 2057 δὲ
1664 2031 1724 2067 χεὶρ
1740 2031 1786 2058 αὺ-

998 2081 1047 2116 τῆς
1060 2079 1093 2116 ἦν
1112 2079 1266 2116 παρειμένη
1277 2079 1394 2114 δεκαετῆ
1408 2078 1513 2114 χρόνον.
1523 2077 1566 2109 Ὠς
1579 2075 1624 2103 οὖν
1637 2077 1785 2112 ἐκράτησεν

999 2127 1084 2162 αὐτὴν
1107 2125 1280 2161 Ἐπιφάνιος,
1307 2126 1381 2156 ὅπως
1405 2123 1550 2159 σφραγίσει
1572 2123 1665 2157 αὐτὴν,
1687 2123 1786 2154 εὐθέως

160 2176 187 2198 et
204 2171 318 2198 liberata
334 2171 386 2198 fuit
412 2178 429 2198 a
453 2170 605 2198 doloribus.
618 2169 660 2196 Ab
679 2169 725 2196 illo
737 2176 802 2203 ergo
818 2169 871 2201 die,
892 2175 939 2204 qut

999 2173 1118 2207 ὑγίανεν,
1135 2173 1182 2200 καὶ
1198 2172 1348 2208 ἐκουφίσθη
1363 2170 1411 2198 τοῦ
1426 2171 1518 2198 πόνου.
1540 2169 1607 2196 Ἀπὸ
1619 2171 1668 2205 τῆς
1683 2169 1786 2204 ἡμέρας

158 2216 278 2244 Charino
291 2224 445 2244 sermonem
461 2216 569 2244 locutus
592 2218 634 2243 est
655 2214 835 2250 Epiphanius,
850 2219 877 2242 et
896 2222 949 2242 una

159 2272 222 2292 eum
248 2271 374 2291 sermone
400 2263 459 2298 ipse
478 2262 583 2298 accepit
606 2261 768 2289 sententiam
793 2269 809 2288 ει
823 2260 948 2293 Domino,

158 2319 256 2338 omnes
271 2310 364 2338 clerici
378 2310 477 2338 timore
487 2313 515 2337 et
531 2315 649 2337 tremore
663 2308 777 2344 subjecti
791 2311 870 2335 erant
885 2307 949 2342 Epi-

160 2355 273 2390 pbanio.

197 2400 341 2428 XXXVIII.
360 2400 447 2428 Porro
460 2406 551 2429 autem
564 2401 616 2428 hoc
630 2407 740 2436 quoque
753 2400 877 2428 servabat
888 2399 951 2435 Epi-

162 2448 280 2483 phanius
297 2457 303 2475 :
318 2448 452 2483 Tempore
468 2448 614 2476 oblationis
637 2455 778 2483 nunquam
795 2447 952 2483 perﬁciebat

161 2494 339 2526 oblationem,
361 2493 448 2521 donec
464 2493 577 2521 vidisset
597 2494 741 2522 visionem.
753 2493 952 2522 Consueverat—

163 2547 216 2574 que
229 2539 325 2567 beatus
341 2538 450 2574 praefari
466 2540 548 2567 verba
566 2540 701 2575 quaedam,
715 2544 744 2568 et
761 2540 785 2568 ei
802 2540 892 2568 statim
909 2548 952 2568 re-

163 2585 315 2612 uelabatur.
330 2583 400 2611 Cum
428 2584 520 2619 itaque
545 2584 694 2620 aliquando
711 2589 753 2612 ter
767 2584 881 2612 dixisset
893 2592 953 2612 ser-

164 2638 284 2662 monem,
301 2630 374 2657 nulla
389 2630 414 2656 ei
431 2637 461 2656 se
473 2629 573 2656 obtulit
587 2630 666 2657 visio.
681 2629 748 2657 Cum
766 2630 789 2658 is
805 2635 895 2658 autem
911 2630 953 2657 Iu-

165 2682 240 2711 gerct
253 2681 281 2704 ct
293 2680 393 2707 oraret,
407 2680 436 2703 ut
449 2675 501 2703 sibi
512 2683 595 2703 causa
611 2677 818 2712 signiﬁcaretur,
833 2677 951 2712 primum

166 2724 293 2752 observat
305 2723 462 2755 diaconum,
478 2722 524 2757 qui
542 2730 557 2749 a
574 2722 695 2750 sinistris
717 2722 826 2751 tenebat
838 2723 953 2751 ventila-

204 2812 241 2848 (a)
262 2812 396 2848 lnterpres
412 2812 476 2849 legit
489 2812 590 2844 αὐτοῖς.

998 2217 1054 2251 οὖν,
1079 2216 1112 2254 ἦς
1132 2217 1291 2253 Ἐπιφάνιος
1315 2217 1446 2252 ἐλάλησεν
1470 2216 1590 2252 Χαρίνῳ,
1606 2217 1654 2243 καὶ
1679 2217 1727 2243 σὺν
1750 2215 1787 2251 τῷ

999 2266 1070 2301 λόγῳ
1085 2264 1167 2292 αὐτοῦ
1189 2264 1284 2291 ἔλαϐεν
1297 2263 1347 2299 τὴν
1361 2263 1499 2298 ἀπόφασιν
1513 2263 1567 2289 ἀπὸ
1585 2263 1699 2299 Κυρίου,
1716 2262 1787 2298 φόϐῳ

1000 2312 1048 2339 καὶ
1062 2311 1156 2346 τρόμῳ
1168 2311 1289 2342 ἅπαντες
1299 2311 1324 2337 οι
1339 2309 1466 2346 κληρικοὶ
1479 2309 1663 2336 ὑπετάσσοντο
1672 2309 1787 2344 Ἐπιφα-

1000 2365 1058 2393 νιῳ.

1038 2404 1103 2430 AII’.
1123 2401 1177 2430 Ἦν
1193 2403 1246 2438 γὰρ
1262 2403 1309 2428 καὶ
1331 2401 1410 2428 τοῦτο
1431 2400 1637 2437 πεφυλαγμένον
1650 2400 1690 2436 τῷ
1705 2409 1788 2437 μακα-

1003 2449 1053 2485 ρίῳ
1063 2457 1070 2463 ⁸
1087 2449 1115 2475 ὲν
1129 2448 1184 2483 γὰρ
1199 2449 1232 2483 τῇ
1247 2446 1306 2482 ὣρᾳ
1320 2447 1369 2483 τῆς
1385 2446 1568 2482 προσενέξεως
1591 2446 1718 2473 οὐδέποτε
1732 2445 1787 2472 ὲτε-

1001 2493 1113 2520 λείωσεν
1127 2493 1177 2528 τὴν
1197 2491 1364 2528 προσένεξιν,
1382 2491 1434 2522 ἔως
1459 2487 1490 2517 οὒ
1507 2490 1559 2517 ἴδεν
1573 2490 1622 2526 τὴν
1637 2489 1768 2516 ὀπτασίαν
1779 2495 1786 2503 ³

1002 2539 1093 2566 εἰώθει
1117 2540 1132 2566 ὁ
1158 2538 1291 2574 μακάριος
1312 2537 1402 2572 λέγειν
1425 2537 1489 2568 τοὺς
1510 2536 1615 2571 λόγους,
1631 2536 1678 2562 καὶ
1692 2534 1788 2566 εὐθέως

1003 2584 1211 2612 ἀπεκαλύπτετο
1236 2584 1321 2620 αὐτῷ.
1345 2583 1414 2610 Ποτὲ
1428 2581 1475 2610 οὖν
1488 2582 1572 2609 εἰπὼν
1586 2581 1678 2617 τρίτον
1690 2581 1735 2607 τὸν
1749 2580 1786 2606 λό-

1003 2639 1062 2665 γον,
1076 2631 1126 2658 οὐκ
1150 2631 1259 2665 ἐγένετο
1281 2630 1315 2657 τὰ
1340 2629 1388 2664 τῆς
1410 2628 1552 2660 ὀπτασίας.
1567 2627 1668 2654 Τούτου
1683 2625 1711 2652 δὲ
1728 2633 1787 2651 πεν-

1004 2677 1123 2709 θοῦντος,
1138 2677 1185 2703 καὶ
1207 2676 1336 2712 δεομένου
1358 2675 1429 2702 ὥστε
1455 2673 1607 2711 μηνυθῆναι
1630 2672 1680 2706 τὴν
1703 2670 1788 2698 αἰτίαν

1004 2722 1165 2759 Ἐπιφανίῳ,
1179 2723 1287 2758 πρῶτον
1301 2722 1392 2758 ἐπέχει
1414 2721 1452 2757 τῷ
1468 2722 1497 2754 ἐξ
1512 2719 1662 2756 ἀριστερῶν
1677 2717 1788 2754 διακόνῳ
