1934 3029
96 130 135 159 73
743 124 772 153 S.
795 123 968 152 EPlPH.\Nll
989 122 1079 150 VITA.
1694 119 1728 146 74

93 194 128 220 τὺ
153 192 325 229 ῥιπιστήριον
347 189 537 226 διακρατοῦντι
555 189 586 216 τὸ
598 187 794 224 λειτουργικόν.
804 187 847 218 Ὠς
863 186 890 212 δὲ
906 211 909 216 Α

950 191 1021 210 trum
1040 181 1278 209 ministratorium.
1302 180 1388 214 Quem
1404 187 1467 207 cum
1483 179 1650 211 observaret,
1666 185 1729 206 con-

96 238 218 273 ἐπέσχεν
239 237 335 272 τούτῳ,
351 236 448 271 θεωρεῖ
462 235 629 269 Ἐπιφάνιος,
653 234 692 260 ὅτι
710 234 755 259 ἐπὶ
775 233 804 259 τὸ
828 233 892 268 μέτ-

98 293 176 311 ωπον
191 283 273 310 αὑτοῦ
288 282 399 318 ἐφέρετο
414 282 430 316 ἡ
444 279 597 317 λέπραΪΗν
615 280 643 307 δέ
655 279 734 306 τοῦτο
745 278 893 313 κατάδηλον

99 330 196 360 πᾶσιν,
211 330 252 355 ὅτι
263 328 382 358 ἀναίτιος
394 327 443 353 οὑκ
454 324 497 362 ἦν.
507 327 536 351 '0
550 323 596 352 οὖν
609 324 769 358 Ἐπιῳάνιος
792 323 893 356 ἐξέτει-

99 384 131 401 νε
155 375 204 410 τὴν
222 376 317 409 χεῖρα·
345 373 391 400 καὶ
414 372 444 399 τὸ
458 371 643 406 λειτουργικὸν
667 370 763 402 σκεῦος
785 369 894 403 ἐκούφι-

102 420 257 454 σεν,λέγων
275 419 343 455 πρὸς
357 419 438 445 αὑτὸν
456 418 513 454 μετ’
527 417 686 452 εὐμενείας·
705 416 894 450 “Ἀπελθε,φη-

102 466 141 498 σὶ,
156 465 261 496 τέκνον,
275 465 303 490 ἐν
319 463 358 499 τῷ
370 463 408 498 σῷ
420 462 496 498 οἴκῳ.
511 462 558 488 καὶ
573 462 627 488 τῶν
643 462 722 488 θείων
737 461 894 497 μυστηρίων

102 511 143 547 μὴ
162 510 317 547 μεταλάϐῃς
338 510 409 545 ἄρτι.
430 509 537 539 Εὐθέως
561 509 590 535 δὲ
613 508 693 540 αὐτὸς
711 507 832 542 ἐξῆλθεν,
847 507 894 534 καὶ

102 556 239 592 ἐπορεύθη
262 557 291 583 ἐν
314 555 354 590 τῷ
376 555 442 589 οἴκῳ
467 554 560 581 αὐτοῦ.
582 554 678 580 Δίδωσι
694 553 722 579 δέ
736 552 894 587 Ἐπιφάνιος

102 602 177 637 ἄλλῳ
201 602 316 636 διακόνῳ
339 601 369 627 τὺ
392 601 573 636 ῥιπιστήριον.
590 600 645 625 Καὶ
665 598 817 635 ἀρξάμενος
839 596 895 624 τῶν

103 647 184 673 θείων
202 647 287 680 λόγων
307 646 376 681 μετὰ
403 646 486 680 φόϐου
503 646 550 672 καὶ
564 645 699 680 δακρύων,
718 644 755 675 ὡς
772 643 895 670 ἐτελείω-

105 700 163 722 εεν,
178 691 279 724 εὐθέως
301 692 354 718 ἴδεν
378 692 427 726 τὴν
444 691 586 718 ὀπτασίαν.
603 690 680 717 Μετὰ
693 690 721 716 δὲ
733 690 782 725 τὴν
796 689 896 716 ἀπόλυ-

106 747 150 764 σιν
163 738 212 769 τῆς
226 737 382 773 ἐκκλησίας,
402 737 657 773 προσκαλεσάμενος
670 735 828 770 Ἐπιφάνιος
849 735 894 761 τὸν

105 782 240 813 διάκονον,
250 782 342 818 ἠρώτα
359 782 455 817 μαθεῖν
467 782 551 809 θέλων
567 782 614 817 τὴν
632 781 734 808 αἰτίαν⁸
750 780 797 807 τοῦ
810 780 838 806 δὲ
852 780 895 807 λέ-

106 836 212 862 γοντος,
230 829 270 854 ὅτι
283 827 331 864 τὴν
346 828 431 854 νύκτα
446 828 553 862 ἐκείνην
566 827 635 863 μετὰ
647 828 696 862 τῆς
708 826 834 860 γυναικὸς
847 826 894 852 αὺ-

944 229 1045 257 siderat
1061 228 1228 263 Epiphanius
1249 227 1276 254 in
1297 227 1356 261 ejus
1370 226 1458 254 fronte
1470 233 1601 261 apparere
1613 225 1728 260 lepram.

943 275 1014 303 Nulli
1025 278 1243 302 autemnonerat
1272 271 1464 305 manifestum,
1495 272 1639 300 diaconum
1657 269 1725 297 vitio

944 323 1078 349 laborare.
1099 320 1266 355 Epiphanius
1281 318 1374 353 itaque
1383 325 1494 345 manum
1506 317 1637 348 extendit,
1649 321 1677 343 et
1691 316 1730 342 in-

944 371 1126 396 strumentum
1141 366 1239 393 levavit
1258 363 1501 395 ministratorium,
1516 362 1541 390 ei
1557 362 1674 397 benigne
1688 361 1730 389 di-

944 421 1008 442 cens
1026 423 1032 441 :
1048 412 1133 444 Vade,
1152 412 1200 444 (ili,
1215 412 1242 438 in
1264 411 1374 438 domum
1395 414 1480 441 tuam,
1493 413 1520 436 et
1533 415 1567 435 ne
1585 407 1666 436 modo
1680 415 1730 434 su-

945 468 1003 488 mas
1016 459 1107 487 divina
1118 457 1255 494 mysteria.
1267 456 1326 492 Ipse
1337 460 1427 484 autem
1442 455 1533 482 statim
1543 461 1670 489 egressus
1677 458 1730 484 est,

944 511 971 534 et
984 507 1032 534 ivit
1046 506 1073 533 in
1088 506 1201 533 domum
1217 511 1304 532 suam.
1321 502 1425 538 Datque
1438 500 1606 536 Epiphanius
1620 499 1733 527 ventila-

944 553 1024 580 brum
1048 551 1094 579 alii
1108 551 1233 579 diacono.
1247 550 1370 584 Cumque
1384 548 1475 575 divina
1490 546 1572 574 verba
1588 545 1734 580 incepisset

944 605 1006 625 eum
1033 602 1106 625 metu
1124 601 1151 624 et
1171 596 1308 631 lacrymis,
1336 594 1381 622 ubi
1406 592 1528 628 perfecit,
1551 592 1645 619 statim
1665 590 1732 617 vidit

944 644 1087 672 visionem.
1103 642 1169 670 Post
1179 641 1300 670 ecclesiae
1314 644 1405 668 autem
1425 639 1623 670 dimissionem,
1640 643 1732 664 accer-

945 690 997 718 sito
1012 689 1136 722 diacono,
1153 697 1186 716 ex
1211 695 1244 716 eo
1267 687 1422 715 sciscitatur
1437 692 1557 712 causam.
1573 683 1696 717 Cumque
1709 681 1733 709 is

945 735 1056 768 diceret,
1071 734 1144 769 quod
1166 734 1211 761 illa
1233 738 1312 760 nocte
1334 731 1483 759 dormierat
1497 736 1560 756 cum
1574 734 1669 759 uxore,
1685 733 1733 754 ac-

945 783 1046 810 cersito
1062 787 1119 810 toto
1137 782 1232 809 ordine
1255 784 1374 812 sacrato,
1391 779 1431 806 eis
1454 777 1571 812 benigne
1584 775 1652 803 dixit
1668 773 1734 808 Epi-

944 829 1062 864 phanius
1078 837 1085 856 :
1103 827 1274 862 Quicunque,
1291 834 1307 852 o
1325 825 1384 858 filii,
1398 824 1472 851 clero
1486 822 1561 858 digni
1575 821 1641 849 estis
1655 819 1734 846 habi-

105 873 155 900 τοῦ
172 873 314 910 ἐκοιμήθη,
334 874 590 909 προσκαλεσάμενος
603 873 760 907 Ἐπιφάνιος
776 872 847 899 ἅπαν
865 872 895 898 τὸ

950 875 980 906 ιί.
998 875 1094 902 solvite
1110 874 1294 902 calceamenta
1309 876 1408 904 vestra,
1424 873 1454 896 ut
1466 876 1520 896 non
1546 867 1574 894 in
1598 866 1633 893 iis
1648 865 1736 900 ingre-

108 919 252 955 ίερατεῑον,
267 917 343 946 εἶπεν
359 919 427 954 πρὸς
440 919 538 951 αὐτοὺς
556 919 612 954 μετ’
629 919 770 953 εὐμενείας
782 927 789 933 ·
808 918 895 951 Ὅσοι,

107 965 186 1000 φησι,
211 964 304 997 τέκνα,
328 964 515 1000 κατηξιώθητε
540 963 587 990 τοῦ
613 964 724 999 κλήρου,
743 963 843 990 λύσατε
863 963 898 990 τὰ

107 1010 264 1045 διαδήματα
285 1010 372 1045 ὑμῶν,
388 1010 434 1037 τοῦ
452 1010 489 1046 μὴ
507 1010 608 1045 βαίνειν
627 1010 673 1036 ἐπὶ
694 1009 809 1041 τούτοις,
825 1010 898 1041 ὅπως

108 1056 295 1092 θεραπεύσητε
315 1056 386 1082 ὅσιον
410 1055 492 1090 ἄνδρα
504 1055 550 1081 τὸν
563 1055 605 1080 ἐπ’
620 1054 778 1090 ἐκκλησίαις
794 1054 896 1089 κηρύτ-

107 1110 199 1133 τοντα,
218 1102 264 1128 καὶ
287 1102 398 1135 λέγοντα
409 1110 415 1117 ·
432 1101 487 1128 Καὶ
507 1102 534 1127 οἱ
547 1100 669 1135 ἔχοντες
685 1099 840 1134 γυναῖκας,
858 1099 898 1132 ὡς

107 1147 150 1182 μὴ
161 1148 293 1181 ἔχοντες,
303 1147 351 1173 Ἐκ
364 1147 422 1173 τότε
437 1145 483 1173 οὖν
496 1146 588 1172 οὐκέτι
607 1145 767 1180 ἐχειροτόνει
781 1145 898 1179 Ἐπιφά-

110 1201 166 1224 νιος
183 1193 278 1228 ἔχοντα
291 1194 416 1227 γυναῖκα,
431 1192 497 1219 ἀλλὰ
511 1192 609 1228 ἄνδρας
621 1191 720 1223 ὁσίους,
733 1192 778 1218 τὸν
794 1192 898 1228 μονήρη

111 1238 168 1273 βίον
179 1238 404 1274 μετερχομὲνους,
419 1238 467 1265 καὶ
480 1237 577 1272 ἄνδρας
589 1237 689 1272 γήθους
702 1237 898 1272 δεδοκιμασμὲ-

111 1282 240 1316 νους.Ἦν
253 1285 306 1320 γὰρ
326 1283 432 1319 ἀληθῶς
449 1283 512 1310 ἰδεῖν
527 1283 576 1318 τὴν
589 1281 764 1318 Ἐκκλησίαν,
779 1281 815 1312 ὡς
831 1281 899 1317 νύμ-

110 1338 165 1366 φην
182 1330 268 1366 καλὴν
282 1329 555 1366 περικεκοσμημὲνην
571 1328 626 1355 ἀπὸ
637 1329 685 1364 τῆς
702 1328 862 1364 ἱερωσύνης.

164 1411 176 1428 ⁸
196 1410 206 1437 1
220 1410 282 1438 Cor.
298 1419 348 1443 vn,
362 1410 407 1438 29.

119 1515 1578 1533 —__————_————~——m

949 920 1073 951 diamini,
1086 924 1112 948 et
1123 924 1152 947 ut
1164 920 1259 947 colatis
1275 918 1363 945 virum
1381 919 1516 945 sanctum,
1533 913 1580 948 qui
1599 912 1626 939 in
1642 910 1736 938 Eccle-

950 968 990 995 sia
1002 966 1129 1002 praedicat
1146 970 1173 993 et
1193 965 1258 992 dicit
1275 973 1282 992 :
1298 963 1334 990 Et
1347 963 1469 989 habentes
1484 967 1590 990 uxores,
1607 962 1734 992 tanquam

950 1021 1001 1039 non
1010 1012 1132 1039 habentes
1139 1012 1160 1038 ³.
1176 1010 1213 1038 Ex
1237 1011 1288 1038 hoc
1301 1016 1366 1044 ergo
1389 1015 1443 1036 non
1459 1006 1576 1041 amplius
1591 1002 1736 1032 ordinabat

951 1057 1118 1092 Epiphanius
1140 1063 1198 1088 eos,
1225 1055 1272 1090 qui
1296 1055 1426 1081 haberent
1443 1058 1569 1082 uxorem,
1592 1048 1639 1077 sed
1661 1048 1736 1075 viros

951 1107 1070 1132 sanctos.
1086 1102 1132 1137 qui
1154 1101 1238 1128 vitam
1262 1101 1425 1128 exercebant
1449 1095 1641 1125 monasticam,
1659 1097 1686 1120 et
1696 1093 1737 1118 vi-

951 1148 1020 1176 duos
1033 1148 1105 1175 viros
1129 1147 1268 1183 probatos.
1284 1145 1396 1173 Licebat
1410 1143 1482 1171 enim
1499 1149 1561 1169 vere
1575 1141 1666 1168 videre
1684 1138 1737 1166 Ec-

952 1194 1073 1234 clcsiam,
1088 1198 1218 1229 tanquam
1236 1192 1377 1227 pulchram
1399 1195 1529 1225 sponsam
1551 1190 1676 1215 ornatam
1690 1191 1735 1212 sa-

952 1239 1083 1267 ccrdotio.

245 1602 534 1647 ΠΟΛΥΒΙΟΥ
557 1599 895 1644 ΕΠΙΣΚΟΠΟΥ
927 1596 1154 1642 ΠΟΛΕΩΣ
1182 1591 1609 1638 ΡΙΝΟΚΟΡΟΥΡΩΝ

772 1691 826 1718 ΕΙΣ
846 1690 891 1717 TA
915 1689 1088 1717 THOAOIIIA

119 1773 190 1802 τογ’
213 1773 306 1801 ΒΙΟΥ
326 1774 397 1800 ΤΟΥ
409 1773 528 1800 ΑΓΙΟΥ
549 1773 693 1800 ΠΑΤΡΟΣ
724 1771 829 1799 ῘΙΜΩΝ
844 1768 1053 1796 ΕΠΙΦΛΝΙΟΥ
1072 1766 1291 1794 ΕΠΙΣΚΟΠΟΥ
1314 1765 1462 1792 ΠΟΛΕΩΣ
1475 1761 1738 1792 ΚΩΝΣΤΑΝΤΙΑΣ,

321 1946 571 1992 POLYBII
622 1942 894 1990 EPISCOPI
933 1939 1294 1986 RHINOCORU
1307 1937 1516 1984 RORUM

856 2039 1009 2074 RELlQUA

553 2123 630 2153 νίιω
649 2123 680 2152 S.
699 2119 869 2161 Epiphanii
886 2117 1129 2150 Constantiensis
1154 2114 1308 2156 episcopi.

155 2285 216 2315 aen
228 2284 298 2317 Δόξα
306 2283 344 2318 τῷ
353 2283 496 2318 παρέχοντι
506 2283 573 2318 ἡμῖν
585 2282 614 2308 τὸ
627 2281 687 2316 ζῇν,
697 2280 755 2316 Θεῷ
765 2280 820 2306 τῶν
828 2280 906 2311 ὅλων,

993 2276 1114 2305 XXXIX.
1134 2276 1225 2304 Gloria
1247 2274 1303 2302 Deo
1314 2293 1321 2306 ,
1339 2273 1387 2308 qui
1403 2271 1483 2299 nobis
1499 2270 1601 2305 prabet
1623 2274 1654 2298 ut
1668 2270 1742 2297 viva-

121 2332 168 2359 κα)⁸
184 2331 321 2364 δοξάζοντι
339 2331 401 2361 τοὺς
421 2329 580 2362 δοξάζοντας
597 2327 678 2354 αὑτὸν
689 2347 695 2358 ,
716 2325 807 2357 καθώς
823 2333 904 2360 φησιν

121 2379 135 2405 ὸ
152 2378 222 2409 θεῖος
236 2377 329 2410 λόγος·
350 2376 425 2403 Ἀλλ’
447 2375 466 2408 ἣ
480 2374 550 2407 τοὺς
571 2372 750 2405 δοξάζοντάς
766 2381 804 2406 με
820 2370 907 2402 δοξά-

121 2432 165 2451 σω
174 2432 181 2439 '
194 2423 242 2450 καὶ
256 2425 272 2450 ό
284 2421 450 2454 ἐξουθενῶν
459 2430 497 2455 με
506 2419 752 2454 ἀτιμασθήσεται.
771 2417 905 2451 Ἐγένετο,

126 2470 263 2505 Ἰωάννην,
274 2469 319 2494 τδν
332 2468 404 2494 ὅσιον
415 2466 535 2501 Πατέρα,
551 2464 727 2500 ἀῤῥωστῆσαι
740 2462 906 2499 ἀρρωστίαν,

121 2519 152 2545 δι’
169 2517 202 2554 ἦς
219 2518 265 2544 καὶ
280 2516 424 2544 ἀπέθανεν.
446 2515 503 2541 Καὶ
518 2513 550 2548 δὴ
571 2512 710 2548 συσχεθεὶς
726 2511 772 2537 ἐπὶ
786 2510 835 2545 τῆς
850 2508 907 2535 κλί-

121 2573 169 2600 νης
191 2563 283 2594 αὑτοῦ,
308 2560 563 2597 προσκαλεσάμενός
589 2568 633 2595 με,
661 2556 737 2584 εἶπεν
758 2556 826 2592 πρὸς
853 2563 905 2590 με·

122 2611 220 2637 Τέκνον
238 2608 361 2636 Πολύίὶιε.
380 2605 462 2633 Εἶπον
489 2607 517 2632 δὲ
541 2606 607 2641 πρὸς
628 2604 725 2631 αὐτόν’
754 2603 786 2629 Τί
808 2602 906 2633 θέλεις,

124 2656 228 2691 Πάτερ;
241 2653 325 2681 Εἶπεν
342 2653 369 2680 δέ
386 2661 444 2688 μοι’
462 2651 571 2686 Ἐπειδὴ
583 2650 741 2685 Ἐπιφάνιος
764 2646 908 2674 διακωλύει

124 2701 192 2736 ἅπερ
206 2702 220 2727 ὁ
232 2700 298 2732 Θεὸς
312 2700 345 2726 δι’
358 2698 440 2725 αὑτοῦ
460 2697 585 2724 ἀπετέλει
604 2695 773 2731 γράφεσθαι·
793 2693 858 2720 λάϐε
874 2692 906 2727 δὴ

122 2747 207 2774 ταῦτα
223 2747 256 2773 τὰ
269 2746 381 2782 χαρτία·
403 2745 455 2774 ἕως
468 2743 522 2779 γὰρ
539 2743 658 2778 σήμερον
677 2743 749 2777 ἅπερ
764 2740 818 2767 ἴδον
831 2739 908 2766 Ἐπι-

159 2824 170 2840 ⁹
189 2823 198 2850 ι
218 2822 281 2858 Reg.
304 2831 334 2854 ll,
355 2822 399 2850 50.

282 2868 417 2897 Panum.
440 2865 499 2897 Gtt.
521 2865 549 2894 Χ
557 2865 591 2894 [.l
598 2887 604 2894 .

959 2332 1030 2357 mus,
1044 2328 1070 2350 et
1085 2323 1217 2358 gloriﬁcat
1228 2328 1275 2349 cos
1297 2320 1342 2354 qui
1363 2319 1452 2353 ipsum
1476 2316 1636 2352 gloriﬁcent,
1649 2323 1743 2351 quem-

960 2369 1106 2397 admodum
1122 2368 1188 2395 dicit
1201 2366 1313 2393 verbum
1327 2364 1450 2391 divinum
1467 2372 1474 2389 :
1501 2360 1684 2396 Cleri/framea
1703 2368 1743 2388 me

961 2415 1131 2451 gloriﬁcabo;
1154 2418 1178 2441 ιι
1192 2412 1237 2447 (ιιιὶ
1262 2419 1302 2438 me
1331 2409 1439 2445 spernit,
1456 2408 1620 2444 spernatur“.
1638 2406 1744 2434 Accidit

960 2466 990 2489 ut
1015 2461 1134 2488 Joannes
1156 2463 1268 2486 sanctus
1294 2456 1375 2483 Pater
1401 2455 1539 2481 laboraret
1559 2454 1667 2485 morbo,
1689 2460 1744 2487 quo

959 2507 1041 2533 ctiam
1066 2509 1108 2532 est
1136 2508 1272 2531 mortuus.
1299 2502 1422 2535 Cumque
1447 2504 1565 2534 aegrotus
1590 2499 1693 2533 jacet-el.
1717 2498 1744 2524 in

960 2552 1040 2582 lecto,
1058 2550 1189 2578 accersito
1213 2548 1278 2575 mihi
1305 2547 1373 2574 dixit
1388 2555 1394 2572 :
1411 2545 1462 2572 Fili
1479 2544 1581 2580 Polybi.
1607 2543 1662 2579 Ego
1680 2551 1744 2570 vero

960 2597 985 2625 ei
1013 2597 1067 2624 dixi
1088 2595 1182 2629 :Qnid
1202 2594 1291 2629 jubes.
1316 2592 1413 2620 Pater?
1437 2591 1510 2618 Dixit
1535 2595 1625 2617 autem
1652 2589 1742 2616 mihi:

962 2642 1097 2676 Quoniam
1124 2641 1249 2675 prohibet
1265 2638 1443 2674 Epiphanius,
1468 2646 1501 2664 ne
1524 2644 1575 2664 nos
1591 2636 1743 2662 litterarum

960 2686 1136 2714 monimentis
1152 2685 1324 2716 mandemus,
1343 2691 1403 2718 qua:
1416 2682 1488 2710 Deus
1511 2689 1558 2717 per
1575 2680 1664 2715 ipsum
1686 2685 1744 2712 per-

961 2734 1015 2769 agit
1031 2731 1173 2763 miracula,
1191 2731 1283 2765 accipe
1295 2731 1344 2757 bas
1361 2729 1480 2757 chartas.
1499 2726 1567 2754 Nam
1588 2725 1615 2752 in
1637 2723 1744 2751 hodier-

1563 2847 1582 2877 3
