  <div class='ocr_page' id='page_1' title='image "/cluster/home/n/w/nwhite01/storage/ocr_20150623/41/njp.32101007805813/057.png"; bbox 0 0 1934 3029; ppageno 0'>
   <div class='ocr_carea' id='block_1_1' title="bbox 177 112 211 138">
    <p class='ocr_par' dir='ltr' id='par_1_1' title="bbox 177 112 211 138">
     <span class='ocr_line' id='line_1_1' title="bbox 177 112 211 138; baseline 0 0"><span class='ocrx_word' id='word_1_1' title='bbox 177 112 211 138; x_wconf 75' lang='grc'><strong>75</strong></span> 
     </span>
    </p>
   </div>
   <div class='ocr_carea' id='block_1_2' title="bbox 829 105 1163 135">
    <p class='ocr_par' dir='ltr' id='par_1_2' title="bbox 829 105 1163 135">
     <span class='ocr_line' id='line_1_2' title="bbox 829 105 1163 135; baseline -0.003 0"><span class='ocrx_word' id='word_1_2' title='bbox 829 109 858 135; x_wconf 74' lang='lat'><strong>5.</strong></span> <span class='ocrx_word' id='word_1_3' title='bbox 881 105 1050 135; x_wconf 82' lang='lat' dir='ltr'><strong>EPll’llANll</strong></span> <span class='ocrx_word' id='word_1_4' title='bbox 1071 105 1163 134; x_wconf 74' lang='lat' dir='ltr'><strong>VITA.</strong></span> 
     </span>
    </p>
   </div>
   <div class='ocr_carea' id='block_1_3' title="bbox 1768 109 1804 138">
    <p class='ocr_par' dir='ltr' id='par_1_3' title="bbox 1768 109 1804 138">
     <span class='ocr_line' id='line_1_3' title="bbox 1768 109 1804 138; baseline 0.083 -3"><span class='ocrx_word' id='word_1_5' title='bbox 1768 109 1804 138; x_wconf 84' lang='lat'><strong>76</strong></span> 
     </span>
    </p>
   </div>
   <div class='ocr_carea' id='block_1_4' title="bbox 177 168 960 207">
    <p class='ocr_par' dir='ltr' id='par_1_4' title="bbox 177 171 960 207">
     <span class='ocr_line' id='line_1_4' title="bbox 177 171 960 207; baseline -0.004 -8"><span class='ocrx_word' id='word_1_6' title='bbox 177 181 241 200; x_wconf 86' lang='lat' dir='ltr'><strong>num</strong></span> <span class='ocrx_word' id='word_1_7' title='bbox 258 179 345 207; x_wconf 81' lang='lat' dir='ltr'><strong>usque</strong></span> <span class='ocrx_word' id='word_1_8' title='bbox 359 171 442 204; x_wconf 88' lang='lat' dir='ltr'><strong>diem,</strong></span> <span class='ocrx_word' id='word_1_9' title='bbox 467 179 527 206; x_wconf 68' lang='lat' dir='ltr'><strong>qua:</strong></span> <span class='ocrx_word' id='word_1_10' title='bbox 541 171 630 206; x_wconf 88' lang='lat' dir='ltr'><strong>ipsum</strong></span> <span class='ocrx_word' id='word_1_11' title='bbox 654 171 708 199; x_wconf 88' lang='lat' dir='ltr'><strong>vidi</strong></span> <span class='ocrx_word' id='word_1_12' title='bbox 731 171 884 201; x_wconf 77' lang='lat' dir='ltr'><strong>facientem,</strong></span> <span class='ocrx_word' id='word_1_13' title='bbox 900 177 960 197; x_wconf 86' lang='lat' dir='ltr'><strong>con-</strong></span> 
     </span>
    </p>
   </div>
   <div class='ocr_carea' id='block_1_5' title="bbox 1016 168 1800 207">
    <p class='ocr_par' dir='ltr' id='par_1_5' title="bbox 1018 168 1800 205">
     <span class='ocr_line' id='line_1_5' title="bbox 1018 168 1800 205; baseline 0.003 -10"><span class='ocrx_word' id='word_1_14' title='bbox 1018 168 1112 202; x_wconf 78' lang='grc' dir='ltr'>φάνιον</span> <span class='ocrx_word' id='word_1_15' title='bbox 1134 170 1279 202; x_wconf 83' lang='grc' dir='ltr'>ποιοῦντα,</span> <span class='ocrx_word' id='word_1_16' title='bbox 1297 176 1515 205; x_wconf 59' lang='grc' dir='ltr'>συνεγραφομην,</span> <span class='ocrx_word' id='word_1_17' title='bbox 1542 170 1579 205; x_wconf 84' lang='grc' dir='ltr'>μὴ</span> <span class='ocrx_word' id='word_1_18' title='bbox 1595 169 1694 201; x_wconf 82' lang='grc' dir='ltr'>εἰδότος</span> <span class='ocrx_word' id='word_1_19' title='bbox 1710 169 1800 198; x_wconf 70' lang='grc' dir='ltr'>αὑτοῦ.</span> 
     </span>
    </p>
   </div>
   <div class='ocr_carea' id='block_1_6' title="bbox 177 216 961 252">
    <p class='ocr_par' dir='ltr' id='par_1_6' title="bbox 177 216 961 252">
     <span class='ocr_line' id='line_1_6' title="bbox 177 216 961 252; baseline -0.005 -7"><span class='ocrx_word' id='word_1_20' title='bbox 177 218 285 252; x_wconf 80' lang='lat' dir='ltr'><strong>scripsi,</strong></span> <span class='ocrx_word' id='word_1_21' title='bbox 297 226 330 244; x_wconf 85' lang='lat' dir='ltr'><strong>eo</strong></span> <span class='ocrx_word' id='word_1_22' title='bbox 345 217 486 245; x_wconf 88' lang='lat' dir='ltr'><strong>insciente.</strong></span> <span class='ocrx_word' id='word_1_23' title='bbox 504 216 545 244; x_wconf 86' lang='lat' dir='ltr'><strong>Tu</strong></span> <span class='ocrx_word' id='word_1_24' title='bbox 560 225 680 252; x_wconf 90' lang='lat' dir='ltr'><strong>quoque,</strong></span> <span class='ocrx_word' id='word_1_25' title='bbox 696 224 714 244; x_wconf 89' lang='grc' dir='ltr'><strong>ο</strong></span> <span class='ocrx_word' id='word_1_26' title='bbox 727 216 774 249; x_wconf 86' lang='lat' dir='ltr'><strong>lili,</strong></span> <span class='ocrx_word' id='word_1_27' title='bbox 790 224 851 251; x_wconf 66' lang='lat' dir='ltr'><strong>quae</strong></span> <span class='ocrx_word' id='word_1_28' title='bbox 864 222 961 243; x_wconf 90' lang='lat' dir='ltr'><strong>consc-</strong></span> 
     </span>
    </p>
   </div>
   <div class='ocr_carea' id='block_1_7' title="bbox 175 260 960 297">
    <p class='ocr_par' dir='ltr' id='par_1_7' title="bbox 175 260 960 297">
     <span class='ocr_line' id='line_1_7' title="bbox 175 260 960 297; baseline -0.004 -7"><span class='ocrx_word' id='word_1_29' title='bbox 175 268 294 297; x_wconf 85' lang='lat' dir='ltr'><strong>quentur</strong></span> <span class='ocrx_word' id='word_1_30' title='bbox 319 263 353 290; x_wconf 91' lang='lat' dir='ltr'><strong>ab</strong></span> <span class='ocrx_word' id='word_1_31' title='bbox 379 262 511 289; x_wconf 89' lang='lat' dir='ltr'><strong>hodierno</strong></span> <span class='ocrx_word' id='word_1_32' title='bbox 535 262 598 295; x_wconf 86' lang='lat' dir='ltr'><strong>die,</strong></span> <span class='ocrx_word' id='word_1_33' title='bbox 625 261 723 289; x_wconf 82' lang='lat' dir='ltr'><strong>manda</strong></span> <span class='ocrx_word' id='word_1_34' title='bbox 754 261 863 288; x_wconf 73' lang='lat' dir='ltr'><strong>litteris.</strong></span> <span class='ocrx_word' id='word_1_35' title='bbox 889 260 960 287; x_wconf 85' lang='lat' dir='ltr'><strong>Deus</strong></span> 
     </span>
    </p>
   </div>
   <div class='ocr_carea' id='block_1_8' title="bbox 175 307 962 342">
    <p class='ocr_par' dir='ltr' id='par_1_8' title="bbox 175 307 962 342">
     <span class='ocr_line' id='line_1_8' title="bbox 175 307 962 342; baseline -0.004 -7"><span class='ocrx_word' id='word_1_36' title='bbox 175 309 248 336; x_wconf 86' lang='lat' dir='ltr'><strong>enim</strong></span> <span class='ocrx_word' id='word_1_37' title='bbox 261 308 308 335; x_wconf 92' lang='lat' dir='ltr'><strong>tibi</strong></span> <span class='ocrx_word' id='word_1_38' title='bbox 321 316 408 336; x_wconf 88' lang='lat' dir='ltr'><strong>annos</strong></span> <span class='ocrx_word' id='word_1_39' title='bbox 423 307 543 341; x_wconf 78' lang='lat' dir='ltr'><strong>adiiciet.</strong></span> <span class='ocrx_word' id='word_1_40' title='bbox 557 312 587 335; x_wconf 91' lang='lat' dir='ltr'><strong>ut</strong></span> <span class='ocrx_word' id='word_1_41' title='bbox 606 312 664 335; x_wconf 89' lang='lat' dir='ltr'><strong>toto</strong></span> <span class='ocrx_word' id='word_1_42' title='bbox 681 312 804 342; x_wconf 89' lang='lat' dir='ltr'><strong>tempore</strong></span> <span class='ocrx_word' id='word_1_43' title='bbox 821 307 884 333; x_wconf 68' lang='lat' dir='ltr'><strong>vitae</strong></span> <span class='ocrx_word' id='word_1_44' title='bbox 900 313 962 340; x_wconf 82' lang='lat' dir='ltr'><strong>per-</strong></span> 
     </span>
    </p>
   </div>
   <div class='ocr_carea' id='block_1_9' title="bbox 176 352 958 389">
    <p class='ocr_par' dir='ltr' id='par_1_9' title="bbox 176 352 958 389">
     <span class='ocr_line' id='line_1_9' title="bbox 176 352 958 389; baseline -0.005 -8"><span class='ocrx_word' id='word_1_45' title='bbox 176 362 287 381; x_wconf 86' lang='lat' dir='ltr'><strong>maneas</strong></span> <span class='ocrx_word' id='word_1_46' title='bbox 309 354 380 389; x_wconf 88' lang='lat' dir='ltr'><strong>apud</strong></span> <span class='ocrx_word' id='word_1_47' title='bbox 401 353 593 389; x_wconf 75' lang='lat' dir='ltr'><strong>Epiplianium.</strong></span> <span class='ocrx_word' id='word_1_48' title='bbox 620 353 672 380; x_wconf 87' lang='lat' dir='ltr'><strong>Sed</strong></span> <span class='ocrx_word' id='word_1_49' title='bbox 688 353 759 384; x_wconf 84' lang='lat' dir='ltr'><strong>vide,</strong></span> <span class='ocrx_word' id='word_1_50' title='bbox 774 360 806 379; x_wconf 93' lang='lat' dir='ltr'><strong>ne</strong></span> <span class='ocrx_word' id='word_1_51' title='bbox 827 352 958 387; x_wconf 82' lang='lat' dir='ltr'><strong>negligas.</strong></span> 
     </span>
    </p>
   </div>
   <div class='ocr_carea' id='block_1_10' title="bbox 175 397 959 435">
    <p class='ocr_par' dir='ltr' id='par_1_10' title="bbox 175 397 959 435">
     <span class='ocr_line' id='line_1_10' title="bbox 175 397 959 435; baseline -0.005 -8"><span class='ocrx_word' id='word_1_52' title='bbox 175 400 242 427; x_wconf 84' lang='lat' dir='ltr'><strong>Nam</strong></span> <span class='ocrx_word' id='word_1_53' title='bbox 257 407 307 435; x_wconf 83' lang='lat' dir='ltr'><strong>ego</strong></span> <span class='ocrx_word' id='word_1_54' title='bbox 321 408 430 435; x_wconf 86' lang='lat' dir='ltr'><strong>quoque</strong></span> <span class='ocrx_word' id='word_1_55' title='bbox 446 408 461 427; x_wconf 90' lang='lat' dir='ltr'><strong>a</strong></span> <span class='ocrx_word' id='word_1_56' title='bbox 475 399 531 427; x_wconf 88' lang='lat' dir='ltr'><strong>Deo</strong></span> <span class='ocrx_word' id='word_1_57' title='bbox 545 404 637 427; x_wconf 91' lang='lat' dir='ltr'><strong>motus</strong></span> <span class='ocrx_word' id='word_1_58' title='bbox 649 400 706 426; x_wconf 79' lang='lat' dir='ltr'><strong>haec</strong></span> <span class='ocrx_word' id='word_1_59' title='bbox 724 398 884 432; x_wconf 85' lang='lat' dir='ltr'><strong>conscripsi.</strong></span> <span class='ocrx_word' id='word_1_60' title='bbox 903 397 959 432; x_wconf 80' lang='lat' dir='ltr'><strong>Ego</strong></span> 
     </span>
    </p>
   </div>
   <div class='ocr_carea' id='block_1_11' title="bbox 175 445 963 480">
    <p class='ocr_par' dir='ltr' id='par_1_11' title="bbox 175 445 963 480">
     <span class='ocr_line' id='line_1_11' title="bbox 175 445 963 480; baseline -0.004 -7"><span class='ocrx_word' id='word_1_61' title='bbox 175 447 247 474; x_wconf 91' lang='lat' dir='ltr'><strong>enim</strong></span> <span class='ocrx_word' id='word_1_62' title='bbox 265 446 334 473; x_wconf 88' lang='lat' dir='ltr'><strong>vado</strong></span> <span class='ocrx_word' id='word_1_63' title='bbox 347 453 379 473; x_wconf 86' lang='lat' dir='ltr'><strong>ea</strong></span> <span class='ocrx_word' id='word_1_64' title='bbox 392 446 445 478; x_wconf 88' lang='lat' dir='ltr'><strong>via,</strong></span> <span class='ocrx_word' id='word_1_65' title='bbox 465 453 519 480; x_wconf 89' lang='lat' dir='ltr'><strong>qua</strong></span> <span class='ocrx_word' id='word_1_66' title='bbox 541 453 649 474; x_wconf 89' lang='lat' dir='ltr'><strong>omnes,</strong></span> <span class='ocrx_word' id='word_1_67' title='bbox 663 445 710 479; x_wconf 83' lang='lat' dir='ltr'><strong>qui</strong></span> <span class='ocrx_word' id='word_1_68' title='bbox 723 450 788 471; x_wconf 85' lang='lat' dir='ltr'><strong>sunt</strong></span> <span class='ocrx_word' id='word_1_69' title='bbox 810 451 894 478; x_wconf 87' lang='lat' dir='ltr'><strong>super</strong></span> <span class='ocrx_word' id='word_1_70' title='bbox 908 448 963 470; x_wconf 88' lang='lat' dir='ltr'><strong>ter-</strong></span> 
     </span>
    </p>
   </div>
   <div class='ocr_carea' id='block_1_12' title="bbox 176 487 961 519">
    <p class='ocr_par' dir='ltr' id='par_1_12' title="bbox 176 487 961 519">
     <span class='ocr_line' id='line_1_12' title="bbox 176 487 961 519; baseline -0.006 0"><span class='ocrx_word' id='word_1_71' title='bbox 176 499 245 519; x_wconf 91' lang='lat' dir='ltr'><strong>ram.</strong></span> <span class='ocrx_word' id='word_1_72' title='bbox 262 491 327 519; x_wconf 88' lang='lat' dir='ltr'><strong>Post</strong></span> <span class='ocrx_word' id='word_1_73' title='bbox 347 491 405 518; x_wconf 65' lang='lat' dir='ltr'><strong>haec</strong></span> <span class='ocrx_word' id='word_1_74' title='bbox 430 495 519 518; x_wconf 90' lang='lat' dir='ltr'><strong>autem</strong></span> <span class='ocrx_word' id='word_1_75' title='bbox 546 490 614 517; x_wconf 88' lang='lat' dir='ltr'><strong>dixit</strong></span> <span class='ocrx_word' id='word_1_76' title='bbox 635 489 755 517; x_wconf 80' lang='lat' dir='ltr'><strong>Joannes</strong></span> <span class='ocrx_word' id='word_1_77' title='bbox 772 496 778 514; x_wconf 73' lang='grc' dir='ltr'><strong>ε</strong></span> <span class='ocrx_word' id='word_1_78' title='bbox 798 487 869 515; x_wconf 86' lang='lat' dir='ltr'><strong>Voca</strong></span> <span class='ocrx_word' id='word_1_79' title='bbox 895 487 961 515; x_wconf 92' lang='lat' dir='ltr'><strong>mihi</strong></span> 
     </span>
    </p>
   </div>
   <div class='ocr_carea' id='block_1_13' title="bbox 176 535 963 570">
    <p class='ocr_par' dir='ltr' id='par_1_13' title="bbox 176 535 963 570">
     <span class='ocr_line' id='line_1_13' title="bbox 176 535 963 570; baseline -0.005 -6"><span class='ocrx_word' id='word_1_80' title='bbox 176 542 302 565; x_wconf 89' lang='lat' dir='ltr'><strong>sanctum</strong></span> <span class='ocrx_word' id='word_1_81' title='bbox 327 536 436 564; x_wconf 83' lang='lat' dir='ltr'><strong>Patrem</strong></span> <span class='ocrx_word' id='word_1_82' title='bbox 458 540 582 563; x_wconf 87' lang='lat' dir='ltr'><strong>nostrum</strong></span> <span class='ocrx_word' id='word_1_83' title='bbox 599 535 790 570; x_wconf 84' lang='lat' dir='ltr'><strong>Epiphanium.</strong></span> <span class='ocrx_word' id='word_1_84' title='bbox 817 535 919 569; x_wconf 82' lang='lat' dir='ltr'><strong>lvique,</strong></span> <span class='ocrx_word' id='word_1_85' title='bbox 936 538 963 561; x_wconf 90' lang='lat' dir='ltr'><strong>et</strong></span> 
     </span>
    </p>
   </div>
   <div class='ocr_carea' id='block_1_14' title="bbox 175 579 961 616">
    <p class='ocr_par' dir='ltr' id='par_1_14' title="bbox 175 579 961 616">
     <span class='ocr_line' id='line_1_14' title="bbox 175 579 961 616; baseline -0.006 -6"><span class='ocrx_word' id='word_1_86' title='bbox 175 582 269 610; x_wconf 87' lang='lat' dir='ltr'><strong>vocavi</strong></span> <span class='ocrx_word' id='word_1_87' title='bbox 304 583 401 616; x_wconf 87' lang='lat' dir='ltr'><strong>ipsum.</strong></span> <span class='ocrx_word' id='word_1_88' title='bbox 426 581 465 608; x_wconf 88' lang='lat' dir='ltr'><strong>Eo</strong></span> <span class='ocrx_word' id='word_1_89' title='bbox 493 585 586 608; x_wconf 87' lang='lat' dir='ltr'><strong>autem</strong></span> <span class='ocrx_word' id='word_1_90' title='bbox 610 581 744 615; x_wconf 78' lang='lat' dir='ltr'><strong>ingresso,</strong></span> <span class='ocrx_word' id='word_1_91' title='bbox 771 579 840 606; x_wconf 87' lang='lat' dir='ltr'><strong>dixit</strong></span> <span class='ocrx_word' id='word_1_92' title='bbox 863 579 961 606; x_wconf 90' lang='lat' dir='ltr'><strong>Joanni</strong></span> 
     </span>
    </p>
   </div>
   <div class='ocr_carea' id='block_1_15' title="bbox 176 625 961 664">
    <p class='ocr_par' dir='ltr' id='par_1_15' title="bbox 176 625 961 664">
     <span class='ocr_line' id='line_1_15' title="bbox 176 625 961 664; baseline -0.006 -8"><span class='ocrx_word' id='word_1_93' title='bbox 176 629 344 664; x_wconf 80' lang='lat' dir='ltr'><strong>Epiphanius</strong></span> <span class='ocrx_word' id='word_1_94' title='bbox 366 636 372 654; x_wconf 88' lang='lat'>:</span> <span class='ocrx_word' id='word_1_95' title='bbox 404 627 464 655; x_wconf 82' lang='lat' dir='ltr'><strong>Non</strong></span> <span class='ocrx_word' id='word_1_96' title='bbox 489 634 580 660; x_wconf 81' lang='lat' dir='ltr'><strong>curas,</strong></span> <span class='ocrx_word' id='word_1_97' title='bbox 601 627 702 661; x_wconf 89' lang='lat' dir='ltr'><strong>inquit,</strong></span> <span class='ocrx_word' id='word_1_98' title='bbox 726 634 743 653; x_wconf 91' lang='grc' dir='ltr'><strong>ο</strong></span> <span class='ocrx_word' id='word_1_99' title='bbox 764 625 853 658; x_wconf 88' lang='lat' dir='ltr'><strong>Pater,</strong></span> <span class='ocrx_word' id='word_1_100' title='bbox 879 625 961 652; x_wconf 86' lang='lat' dir='ltr'><strong>Deum</strong></span> 
     </span>
    </p>
   </div>
   <div class='ocr_carea' id='block_1_16' title="bbox 177 671 963 710">
    <p class='ocr_par' dir='ltr' id='par_1_16' title="bbox 177 671 963 710">
     <span class='ocr_line' id='line_1_16' title="bbox 177 671 963 710; baseline -0.006 -8"><span class='ocrx_word' id='word_1_101' title='bbox 177 675 282 710; x_wconf 88' lang='lat' dir='ltr'><strong>precari</strong></span> <span class='ocrx_word' id='word_1_102' title='bbox 296 682 344 709; x_wconf 92' lang='lat' dir='ltr'><strong>pro</strong></span> <span class='ocrx_word' id='word_1_103' title='bbox 359 674 458 701; x_wconf 87' lang='lat' dir='ltr'><strong>misero</strong></span> <span class='ocrx_word' id='word_1_104' title='bbox 473 677 615 708; x_wconf 80' lang='lat' dir='ltr'><strong>peccatore</strong></span> <span class='ocrx_word' id='word_1_105' title='bbox 628 671 803 707; x_wconf 86' lang='lat' dir='ltr'><strong>Epiphanio?</strong></span> <span class='ocrx_word' id='word_1_106' title='bbox 817 671 887 698; x_wconf 90' lang='lat' dir='ltr'><strong>Dixit</strong></span> <span class='ocrx_word' id='word_1_107' title='bbox 899 678 963 698; x_wconf 89' lang='lat' dir='ltr'><strong>vero</strong></span> 
     </span>
    </p>
   </div>
   <div class='ocr_carea' id='block_1_17' title="bbox 175 715 964 754">
    <p class='ocr_par' dir='ltr' id='par_1_17' title="bbox 175 715 964 754">
     <span class='ocr_line' id='line_1_17' title="bbox 175 715 964 754; baseline -0.005 -8"><span class='ocrx_word' id='word_1_108' title='bbox 175 719 294 748; x_wconf 87' lang='lat' dir='ltr'><strong>Joannes</strong></span> <span class='ocrx_word' id='word_1_109' title='bbox 316 719 466 754; x_wconf 86' lang='lat' dir='ltr'><strong>Epiphanio</strong></span> <span class='ocrx_word' id='word_1_110' title='bbox 484 727 490 745; x_wconf 85' lang='lat'>;</span> <span class='ocrx_word' id='word_1_111' title='bbox 506 717 560 744; x_wconf 85' lang='lat' dir='ltr'><strong>Fac</strong></span> <span class='ocrx_word' id='word_1_112' title='bbox 585 718 749 748; x_wconf 88' lang='lat' dir='ltr'><strong>orationem,</strong></span> <span class='ocrx_word' id='word_1_113' title='bbox 771 725 788 744; x_wconf 87' lang='grc' dir='ltr'><strong>ο</strong></span> <span class='ocrx_word' id='word_1_114' title='bbox 808 715 906 748; x_wconf 82' lang='lat' dir='ltr'><strong>Pater;</strong></span> <span class='ocrx_word' id='word_1_115' title='bbox 923 720 964 743; x_wconf 90' lang='lat' dir='ltr'><strong>est</strong></span> 
     </span>
    </p>
   </div>
   <div class='ocr_carea' id='block_1_18' title="bbox 176 761 964 799">
    <p class='ocr_par' dir='ltr' id='par_1_18' title="bbox 176 761 964 799">
     <span class='ocr_line' id='line_1_18' title="bbox 176 761 964 799; baseline -0.006 -6"><span class='ocrx_word' id='word_1_116' title='bbox 176 766 247 793; x_wconf 88' lang='lat' dir='ltr'><strong>enim</strong></span> <span class='ocrx_word' id='word_1_117' title='bbox 264 765 337 799; x_wconf 81' lang='lat' dir='ltr'><strong>quod</strong></span> <span class='ocrx_word' id='word_1_118' title='bbox 354 770 442 792; x_wconf 81' lang='lat' dir='ltr'><strong>tecum</strong></span> <span class='ocrx_word' id='word_1_119' title='bbox 461 764 566 798; x_wconf 89' lang='lat' dir='ltr'><strong>loquar.</strong></span> <span class='ocrx_word' id='word_1_120' title='bbox 592 762 761 798; x_wconf 80' lang='lat' dir='ltr'><strong>Epiphanius</strong></span> <span class='ocrx_word' id='word_1_121' title='bbox 788 763 879 797; x_wconf 80' lang='lat' dir='ltr'><strong>itaque</strong></span> <span class='ocrx_word' id='word_1_122' title='bbox 901 761 964 788; x_wconf 84' lang='lat' dir='ltr'><strong>fecit</strong></span> 
     </span>
    </p>
   </div>
   <div class='ocr_carea' id='block_1_19' title="bbox 175 807 962 838">
    <p class='ocr_par' dir='ltr' id='par_1_19' title="bbox 175 807 962 838">
     <span class='ocr_line' id='line_1_19' title="bbox 175 807 962 838; baseline -0.004 -2"><span class='ocrx_word' id='word_1_123' title='bbox 175 809 337 836; x_wconf 86' lang='lat' dir='ltr'><strong>orationem.</strong></span> <span class='ocrx_word' id='word_1_124' title='bbox 364 809 432 836; x_wconf 84' lang='lat' dir='ltr'><strong>Cum</strong></span> <span class='ocrx_word' id='word_1_125' title='bbox 458 816 507 835; x_wconf 91' lang='lat' dir='ltr'><strong>nos</strong></span> <span class='ocrx_word' id='word_1_126' title='bbox 537 813 627 835; x_wconf 88' lang='lat' dir='ltr'><strong>autem</strong></span> <span class='ocrx_word' id='word_1_127' title='bbox 651 808 833 838; x_wconf 75' lang='lat' dir='ltr'><strong>dixissemus,</strong></span> <span class='ocrx_word' id='word_1_128' title='bbox 865 807 962 838; x_wconf 80' lang='lat' dir='ltr'><strong>Amen,</strong></span> 
     </span>
    </p>
   </div>
   <div class='ocr_carea' id='block_1_20' title="bbox 176 852 960 889">
    <p class='ocr_par' dir='ltr' id='par_1_20' title="bbox 176 852 960 889">
     <span class='ocr_line' id='line_1_20' title="bbox 176 852 960 889; baseline -0.001 -9"><span class='ocrx_word' id='word_1_129' title='bbox 176 854 245 881; x_wconf 87' lang='lat' dir='ltr'><strong>dixit</strong></span> <span class='ocrx_word' id='word_1_130' title='bbox 261 852 380 881; x_wconf 83' lang='lat' dir='ltr'><strong>Joannes</strong></span> <span class='ocrx_word' id='word_1_131' title='bbox 404 853 576 889; x_wconf 84' lang='lat' dir='ltr'><strong>Epiphanio:</strong></span> <span class='ocrx_word' id='word_1_132' title='bbox 594 853 699 880; x_wconf 82' lang='lat' dir='ltr'><strong>Accede</strong></span> <span class='ocrx_word' id='word_1_133' title='bbox 723 853 836 887; x_wconf 90' lang='lat' dir='ltr'><strong>propius</strong></span> <span class='ocrx_word' id='word_1_134' title='bbox 850 852 884 879; x_wconf 88' lang='lat' dir='ltr'><strong>ad</strong></span> <span class='ocrx_word' id='word_1_135' title='bbox 903 859 960 884; x_wconf 88' lang='lat' dir='ltr'><strong>me,</strong></span> 
     </span>
    </p>
   </div>
   <div class='ocr_carea' id='block_1_21' title="bbox 177 898 959 934">
    <p class='ocr_par' dir='ltr' id='par_1_21' title="bbox 177 898 959 934">
     <span class='ocr_line' id='line_1_21' title="bbox 177 898 959 934; baseline -0.001 -8"><span class='ocrx_word' id='word_1_136' title='bbox 177 899 265 926; x_wconf 87' lang='lat' dir='ltr'><strong>Pater.</strong></span> <span class='ocrx_word' id='word_1_137' title='bbox 291 899 324 926; x_wconf 84' lang='lat' dir='ltr'><strong>Et</strong></span> <span class='ocrx_word' id='word_1_138' title='bbox 347 899 464 927; x_wconf 81' lang='lat' dir='ltr'><strong>accessit</strong></span> <span class='ocrx_word' id='word_1_139' title='bbox 478 899 600 934; x_wconf 89' lang='lat' dir='ltr'><strong>propius.</strong></span> <span class='ocrx_word' id='word_1_140' title='bbox 617 898 745 933; x_wconf 82' lang='lat' dir='ltr'><strong>Dixitque</strong></span> <span class='ocrx_word' id='word_1_141' title='bbox 760 898 879 926; x_wconf 83' lang='lat' dir='ltr'><strong>Joannes</strong></span> <span class='ocrx_word' id='word_1_142' title='bbox 896 898 959 933; x_wconf 91' lang='lat' dir='ltr'><strong>Epi-</strong></span> 
     </span>
    </p>
   </div>
   <div class='ocr_carea' id='block_1_22' title="bbox 177 944 961 980">
    <p class='ocr_par' dir='ltr' id='par_1_22' title="bbox 177 944 961 980">
     <span class='ocr_line' id='line_1_22' title="bbox 177 944 961 980; baseline 0.001 -9"><span class='ocrx_word' id='word_1_143' title='bbox 177 945 276 980; x_wconf 81' lang='lat' dir='ltr'><strong>phanio</strong></span> <span class='ocrx_word' id='word_1_144' title='bbox 293 954 299 972; x_wconf 90' lang='lat'>:</span> <span class='ocrx_word' id='word_1_145' title='bbox 316 945 425 979; x_wconf 87' lang='lat' dir='ltr'><strong>impone</strong></span> <span class='ocrx_word' id='word_1_146' title='bbox 447 952 545 972; x_wconf 90' lang='lat' dir='ltr'><strong>manus</strong></span> <span class='ocrx_word' id='word_1_147' title='bbox 566 949 626 972; x_wconf 87' lang='lat' dir='ltr'><strong>tuas</strong></span> <span class='ocrx_word' id='word_1_148' title='bbox 641 945 729 972; x_wconf 92' lang='lat' dir='ltr'><strong>oculis</strong></span> <span class='ocrx_word' id='word_1_149' title='bbox 754 946 832 972; x_wconf 87' lang='lat' dir='ltr'><strong>meis.</strong></span> <span class='ocrx_word' id='word_1_150' title='bbox 856 944 889 971; x_wconf 86' lang='lat' dir='ltr'><strong>Et</strong></span> <span class='ocrx_word' id='word_1_151' title='bbox 902 945 961 972; x_wconf 88' lang='lat' dir='ltr'><strong>vale</strong></span> 
     </span>
    </p>
   </div>
   <div class='ocr_carea' id='block_1_23' title="bbox 176 990 961 1026">
    <p class='ocr_par' dir='ltr' id='par_1_23' title="bbox 176 990 961 1026">
     <span class='ocr_line' id='line_1_23' title="bbox 176 990 961 1026; baseline 0 -8"><span class='ocrx_word' id='word_1_152' title='bbox 176 992 200 1019; x_wconf 81' lang='lat' dir='ltr'><strong>ei</strong></span> <span class='ocrx_word' id='word_1_153' title='bbox 223 992 291 1018; x_wconf 85' lang='lat' dir='ltr'><strong>dixit</strong></span> <span class='ocrx_word' id='word_1_154' title='bbox 312 990 441 1023; x_wconf 85' lang='lat' dir='ltr'><strong>Joannes,</strong></span> <span class='ocrx_word' id='word_1_155' title='bbox 466 996 493 1018; x_wconf 92' lang='lat' dir='ltr'><strong>et</strong></span> <span class='ocrx_word' id='word_1_156' title='bbox 515 991 625 1018; x_wconf 84' lang='lat' dir='ltr'><strong>tradidit</strong></span> <span class='ocrx_word' id='word_1_157' title='bbox 649 991 786 1026; x_wconf 88' lang='lat' dir='ltr'><strong>spiritum.</strong></span> <span class='ocrx_word' id='word_1_158' title='bbox 806 991 832 1017; x_wconf 93' lang='lat' dir='ltr'><strong>In</strong></span> <span class='ocrx_word' id='word_1_159' title='bbox 847 990 961 1018; x_wconf 87' lang='lat' dir='ltr'><strong>Joannis</strong></span> 
     </span>
    </p>
   </div>
   <div class='ocr_carea' id='block_1_24' title="bbox 177 1036 962 1072">
    <p class='ocr_par' dir='ltr' id='par_1_24' title="bbox 177 1036 962 1072">
     <span class='ocr_line' id='line_1_24' title="bbox 177 1036 962 1072; baseline -0.003 -7"><span class='ocrx_word' id='word_1_160' title='bbox 177 1042 265 1065; x_wconf 82' lang='lat' dir='ltr'><strong>autem</strong></span> <span class='ocrx_word' id='word_1_161' title='bbox 281 1037 380 1064; x_wconf 88' lang='lat' dir='ltr'><strong>collum</strong></span> <span class='ocrx_word' id='word_1_162' title='bbox 398 1037 498 1064; x_wconf 86' lang='lat' dir='ltr'><strong>cadens</strong></span> <span class='ocrx_word' id='word_1_163' title='bbox 511 1036 679 1072; x_wconf 85' lang='lat' dir='ltr'><strong>Epiphanius</strong></span> <span class='ocrx_word' id='word_1_164' title='bbox 701 1036 784 1069; x_wconf 84' lang='lat' dir='ltr'><strong>llevit,</strong></span> <span class='ocrx_word' id='word_1_165' title='bbox 804 1041 829 1063; x_wconf 86' lang='lat' dir='ltr'><strong>et</strong></span> <span class='ocrx_word' id='word_1_166' title='bbox 845 1044 906 1064; x_wconf 89' lang='lat' dir='ltr'><strong>eum</strong></span> <span class='ocrx_word' id='word_1_167' title='bbox 920 1040 962 1063; x_wconf 91' lang='lat' dir='ltr'><strong>est</strong></span> 
     </span>
    </p>
   </div>
   <div class='ocr_carea' id='block_1_25' title="bbox 176 1081 961 1117">
    <p class='ocr_par' dir='ltr' id='par_1_25' title="bbox 176 1081 961 1117">
     <span class='ocr_line' id='line_1_25' title="bbox 176 1081 961 1117; baseline -0.003 -7"><span class='ocrx_word' id='word_1_168' title='bbox 176 1083 324 1114; x_wconf 76' lang='lat' dir='ltr'><strong>osculatus,</strong></span> <span class='ocrx_word' id='word_1_169' title='bbox 340 1087 367 1109; x_wconf 92' lang='lat' dir='ltr'><strong>et</strong></span> <span class='ocrx_word' id='word_1_170' title='bbox 379 1089 478 1117; x_wconf 74' lang='lat' dir='ltr'><strong>magno</strong></span> <span class='ocrx_word' id='word_1_171' title='bbox 492 1082 586 1109; x_wconf 88' lang='lat' dir='ltr'><strong>dolore</strong></span> <span class='ocrx_word' id='word_1_172' title='bbox 605 1082 721 1110; x_wconf 82' lang='lat' dir='ltr'><strong>all‘ectus</strong></span> <span class='ocrx_word' id='word_1_173' title='bbox 735 1086 778 1110; x_wconf 86' lang='lat' dir='ltr'><strong>est</strong></span> <span class='ocrx_word' id='word_1_174' title='bbox 792 1081 961 1117; x_wconf 84' lang='lat' dir='ltr'><strong>Epiphanius</strong></span> 
     </span>
    </p>
   </div>
   <div class='ocr_carea' id='block_1_26' title="bbox 178 1128 556 1164">
    <p class='ocr_par' dir='ltr' id='par_1_26' title="bbox 178 1128 556 1164">
     <span class='ocr_line' id='line_1_26' title="bbox 178 1128 556 1164; baseline -0.003 -8"><span class='ocrx_word' id='word_1_175' title='bbox 178 1134 286 1164; x_wconf 80' lang='lat' dir='ltr'><strong>propter</strong></span> <span class='ocrx_word' id='word_1_176' title='bbox 301 1134 415 1156; x_wconf 87' lang='lat' dir='ltr'><strong>mortem</strong></span> <span class='ocrx_word' id='word_1_177' title='bbox 433 1128 556 1156; x_wconf 89' lang='lat' dir='ltr'><strong>Joannis.</strong></span> 
     </span>
    </p>
   </div>
   <div class='ocr_carea' id='block_1_27' title="bbox 210 1265 962 1302">
    <p class='ocr_par' dir='ltr' id='par_1_27' title="bbox 210 1265 962 1302">
     <span class='ocr_line' id='line_1_27' title="bbox 210 1265 962 1302; baseline -0.003 -8"><span class='ocrx_word' id='word_1_178' title='bbox 210 1267 268 1295; x_wconf 75' lang='lat' dir='ltr'><strong>XL.</strong></span> <span class='ocrx_word' id='word_1_179' title='bbox 289 1267 357 1294; x_wconf 88' lang='lat' dir='ltr'><strong>Cum</strong></span> <span class='ocrx_word' id='word_1_180' title='bbox 370 1272 461 1294; x_wconf 89' lang='lat' dir='ltr'><strong>autem</strong></span> <span class='ocrx_word' id='word_1_181' title='bbox 474 1266 643 1302; x_wconf 85' lang='lat' dir='ltr'><strong>Epiphanius</strong></span> <span class='ocrx_word' id='word_1_182' title='bbox 658 1266 806 1301; x_wconf 88' lang='lat' dir='ltr'><strong>aliquando</strong></span> <span class='ocrx_word' id='word_1_183' title='bbox 819 1265 962 1293; x_wconf 87' lang='lat' dir='ltr'><strong>cecidisset</strong></span> 
     </span>
    </p>
   </div>
   <div class='ocr_carea' id='block_1_28' title="bbox 177 1312 961 1348">
    <p class='ocr_par' dir='ltr' id='par_1_28' title="bbox 177 1312 961 1348">
     <span class='ocr_line' id='line_1_28' title="bbox 177 1312 961 1348; baseline -0.004 -7"><span class='ocrx_word' id='word_1_184' title='bbox 177 1315 204 1341; x_wconf 89' lang='lat' dir='ltr'><strong>in</strong></span> <span class='ocrx_word' id='word_1_185' title='bbox 221 1314 317 1342; x_wconf 86' lang='lat' dir='ltr'><strong>faciem</strong></span> <span class='ocrx_word' id='word_1_186' title='bbox 328 1334 335 1345; x_wconf 91' lang='lat'><strong>,</strong></span> <span class='ocrx_word' id='word_1_187' title='bbox 363 1318 392 1341; x_wconf 92' lang='lat' dir='ltr'><strong>ut</strong></span> <span class='ocrx_word' id='word_1_188' title='bbox 408 1313 493 1341; x_wconf 90' lang='lat' dir='ltr'><strong>Deum</strong></span> <span class='ocrx_word' id='word_1_189' title='bbox 511 1317 621 1346; x_wconf 86' lang='lat' dir='ltr'><strong>oraret,</strong></span> <span class='ocrx_word' id='word_1_190' title='bbox 638 1317 668 1340; x_wconf 94' lang='lat' dir='ltr'><strong>ut</strong></span> <span class='ocrx_word' id='word_1_191' title='bbox 681 1321 743 1340; x_wconf 89' lang='lat' dir='ltr'><strong>eum</strong></span> <span class='ocrx_word' id='word_1_192' title='bbox 761 1312 904 1348; x_wconf 81' lang='lat' dir='ltr'><strong>adjuvaret</strong></span> <span class='ocrx_word' id='word_1_193' title='bbox 928 1312 961 1338; x_wconf 88' lang='lat' dir='ltr'><strong>ad</strong></span> 
     </span>
    </p>
   </div>
   <div class='ocr_carea' id='block_1_29' title="bbox 177 1359 961 1395">
    <p class='ocr_par' dir='ltr' id='par_1_29' title="bbox 177 1359 961 1395">
     <span class='ocr_line' id='line_1_29' title="bbox 177 1359 961 1395; baseline -0.003 -8"><span class='ocrx_word' id='word_1_194' title='bbox 177 1360 364 1387; x_wconf 76' lang='lat' dir='ltr'><strong>aediﬁcandum</strong></span> <span class='ocrx_word' id='word_1_195' title='bbox 380 1360 490 1387; x_wconf 88' lang='lat' dir='ltr'><strong>domutn</strong></span> <span class='ocrx_word' id='word_1_196' title='bbox 506 1360 616 1387; x_wconf 37' lang='lat' dir='ltr'><strong>nomini;</strong></span> <span class='ocrx_word' id='word_1_197' title='bbox 625 1360 684 1395; x_wconf 88' lang='lat' dir='ltr'><strong>ejus</strong></span> <span class='ocrx_word' id='word_1_198' title='bbox 700 1363 770 1395; x_wconf 83' lang='lat' dir='ltr'><strong>(erat</strong></span> <span class='ocrx_word' id='word_1_199' title='bbox 786 1359 858 1386; x_wconf 92' lang='lat' dir='ltr'><strong>enim</strong></span> <span class='ocrx_word' id='word_1_200' title='bbox 875 1359 961 1394; x_wconf 91' lang='lat' dir='ltr'><strong>prima</strong></span> 
     </span>
    </p>
   </div>
   <div class='ocr_carea' id='block_1_30' title="bbox 177 1405 962 1441">
    <p class='ocr_par' dir='ltr' id='par_1_30' title="bbox 177 1405 962 1441">
     <span class='ocr_line' id='line_1_30' title="bbox 177 1405 962 1441; baseline -0.004 -8"><span class='ocrx_word' id='word_1_201' title='bbox 177 1406 289 1434; x_wconf 84' lang='lat' dir='ltr'><strong>ecclesia</strong></span> <span class='ocrx_word' id='word_1_202' title='bbox 315 1413 396 1440; x_wconf 87' lang='lat' dir='ltr'><strong>parva</strong></span> <span class='ocrx_word' id='word_1_203' title='bbox 421 1413 470 1441; x_wconf 90' lang='lat' dir='ltr'><strong>pro</strong></span> <span class='ocrx_word' id='word_1_204' title='bbox 491 1405 664 1432; x_wconf 87' lang='lat' dir='ltr'><strong>multitudine</strong></span> <span class='ocrx_word' id='word_1_205' title='bbox 681 1413 775 1433; x_wconf 89' lang='lat' dir='ltr'><strong>eorum</strong></span> <span class='ocrx_word' id='word_1_206' title='bbox 799 1405 845 1440; x_wconf 90' lang='lat' dir='ltr'><strong>qui</strong></span> <span class='ocrx_word' id='word_1_207' title='bbox 874 1405 962 1439; x_wconf 79' lang='lat' dir='ltr'><strong>ingre-</strong></span> 
     </span>
    </p>
   </div>
   <div class='ocr_carea' id='block_1_31' title="bbox 177 1449 961 1486">
    <p class='ocr_par' dir='ltr' id='par_1_31' title="bbox 177 1449 961 1486">
     <span class='ocr_line' id='line_1_31' title="bbox 177 1449 961 1486; baseline -0.003 -8"><span class='ocrx_word' id='word_1_208' title='bbox 177 1451 330 1486; x_wconf 75' lang='lat' dir='ltr'><strong>diebantur)</strong></span> <span class='ocrx_word' id='word_1_209' title='bbox 341 1459 348 1483; x_wconf 90' lang='lat'><strong>;</strong></span> <span class='ocrx_word' id='word_1_210' title='bbox 361 1458 422 1478; x_wconf 87' lang='lat' dir='ltr'><strong>eum</strong></span> <span class='ocrx_word' id='word_1_211' title='bbox 439 1458 551 1485; x_wconf 87' lang='lat' dir='ltr'><strong>pronus,</strong></span> <span class='ocrx_word' id='word_1_212' title='bbox 567 1451 689 1485; x_wconf 90' lang='lat' dir='ltr'><strong>inquam,</strong></span> <span class='ocrx_word' id='word_1_213' title='bbox 700 1450 803 1485; x_wconf 89' lang='lat' dir='ltr'><strong>jacerct</strong></span> <span class='ocrx_word' id='word_1_214' title='bbox 820 1450 847 1477; x_wconf 93' lang='lat' dir='ltr'><strong>in</strong></span> <span class='ocrx_word' id='word_1_215' title='bbox 864 1449 961 1477; x_wconf 80' lang='lat' dir='ltr'><strong>facient</strong></span> 
     </span>
    </p>
   </div>
   <div class='ocr_carea' id='block_1_32' title="bbox 177 1496 963 1532">
    <p class='ocr_par' dir='ltr' id='par_1_32' title="bbox 177 1496 963 1532">
     <span class='ocr_line' id='line_1_32' title="bbox 177 1496 963 1532; baseline 0.001 -10"><span class='ocrx_word' id='word_1_216' title='bbox 177 1497 261 1524; x_wconf 89' lang='lat' dir='ltr'><strong>Deum</strong></span> <span class='ocrx_word' id='word_1_217' title='bbox 277 1505 368 1528; x_wconf 88' lang='lat' dir='ltr'><strong>orans,</strong></span> <span class='ocrx_word' id='word_1_218' title='bbox 385 1505 437 1524; x_wconf 90' lang='lat' dir='ltr'><strong>vox</strong></span> <span class='ocrx_word' id='word_1_219' title='bbox 456 1497 489 1525; x_wconf 90' lang='lat' dir='ltr'><strong>ad</strong></span> <span class='ocrx_word' id='word_1_220' title='bbox 514 1505 574 1524; x_wconf 89' lang='lat' dir='ltr'><strong>eum</strong></span> <span class='ocrx_word' id='word_1_221' title='bbox 596 1497 665 1523; x_wconf 87' lang='lat' dir='ltr'><strong>facta</strong></span> <span class='ocrx_word' id='word_1_222' title='bbox 680 1501 732 1529; x_wconf 86' lang='lat' dir='ltr'><strong>est,</strong></span> <span class='ocrx_word' id='word_1_223' title='bbox 764 1496 908 1532; x_wconf 87' lang='lat' dir='ltr'><strong>Epiphani,</strong></span> <span class='ocrx_word' id='word_1_224' title='bbox 925 1496 963 1523; x_wconf 94' lang='lat' dir='ltr'><strong>in-</strong></span> 
     </span>
    </p>
   </div>
   <div class='ocr_carea' id='block_1_33' title="bbox 179 1541 963 1577">
    <p class='ocr_par' dir='ltr' id='par_1_33' title="bbox 179 1541 963 1577">
     <span class='ocr_line' id='line_1_33' title="bbox 179 1541 963 1577; baseline 0.001 -9"><span class='ocrx_word' id='word_1_225' title='bbox 179 1543 285 1576; x_wconf 81' lang='lat' dir='ltr'><strong>quiens.</strong></span> <span class='ocrx_word' id='word_1_226' title='bbox 300 1541 367 1569; x_wconf 84' lang='lat' dir='ltr'><strong>Eam</strong></span> <span class='ocrx_word' id='word_1_227' title='bbox 388 1546 477 1569; x_wconf 88' lang='lat' dir='ltr'><strong>autem</strong></span> <span class='ocrx_word' id='word_1_228' title='bbox 493 1549 585 1569; x_wconf 87' lang='lat' dir='ltr'><strong>vocem</strong></span> <span class='ocrx_word' id='word_1_229' title='bbox 602 1550 672 1577; x_wconf 67' lang='lat' dir='ltr'><strong>saepe</strong></span> <span class='ocrx_word' id='word_1_230' title='bbox 686 1547 744 1569; x_wconf 92' lang='lat' dir='ltr'><strong>erat</strong></span> <span class='ocrx_word' id='word_1_231' title='bbox 758 1542 854 1569; x_wconf 90' lang='lat' dir='ltr'><strong>solitus</strong></span> <span class='ocrx_word' id='word_1_232' title='bbox 869 1542 963 1569; x_wconf 88' lang='lat' dir='ltr'><strong>audire</strong></span> 
     </span>
    </p>
   </div>
   <div class='ocr_carea' id='block_1_34' title="bbox 179 1585 961 1621">
    <p class='ocr_par' dir='ltr' id='par_1_34' title="bbox 179 1585 961 1621">
     <span class='ocr_line' id='line_1_34' title="bbox 179 1585 961 1621; baseline 0 -8"><span class='ocrx_word' id='word_1_233' title='bbox 179 1587 354 1621; x_wconf 79' lang='lat' dir='ltr'><strong>Epiphanius.</strong></span> <span class='ocrx_word' id='word_1_234' title='bbox 378 1585 453 1614; x_wconf 84' lang='lat' dir='ltr'><strong>Dixit</strong></span> <span class='ocrx_word' id='word_1_235' title='bbox 475 1587 566 1621; x_wconf 85' lang='lat' dir='ltr'><strong>itaque</strong></span> <span class='ocrx_word' id='word_1_236' title='bbox 588 1595 640 1614; x_wconf 92' lang='lat' dir='ltr'><strong>non</strong></span> <span class='ocrx_word' id='word_1_237' title='bbox 665 1587 844 1614; x_wconf 83' lang='lat' dir='ltr'><strong>conturbatus</strong></span> <span class='ocrx_word' id='word_1_238' title='bbox 862 1595 868 1612; x_wconf 91' lang='lat'><strong>:</strong></span> <span class='ocrx_word' id='word_1_239' title='bbox 892 1587 961 1619; x_wconf 82' lang='lat' dir='ltr'><strong>Quid</strong></span> 
     </span>
    </p>
   </div>
   <div class='ocr_carea' id='block_1_35' title="bbox 177 1631 963 1667">
    <p class='ocr_par' dir='ltr' id='par_1_35' title="bbox 177 1631 963 1667">
     <span class='ocr_line' id='line_1_35' title="bbox 177 1631 963 1667; baseline 0 -9"><span class='ocrx_word' id='word_1_240' title='bbox 177 1638 228 1663; x_wconf 77' lang='lat' dir='ltr'><strong>est.</strong></span> <span class='ocrx_word' id='word_1_241' title='bbox 243 1632 312 1659; x_wconf 85' lang='lat' dir='ltr'><strong>Deus</strong></span> <span class='ocrx_word' id='word_1_242' title='bbox 331 1632 388 1658; x_wconf 84' lang='lat' dir='ltr'><strong>mi?</strong></span> <span class='ocrx_word' id='word_1_243' title='bbox 405 1631 566 1667; x_wconf 79' lang='lat' dir='ltr'><strong>Rursusque</strong></span> <span class='ocrx_word' id='word_1_244' title='bbox 579 1632 648 1659; x_wconf 85' lang='lat' dir='ltr'><strong>dixit</strong></span> <span class='ocrx_word' id='word_1_245' title='bbox 667 1639 719 1659; x_wconf 83' lang='lat' dir='ltr'><strong>vox</strong></span> <span class='ocrx_word' id='word_1_246' title='bbox 736 1632 830 1659; x_wconf 83' lang='lat' dir='ltr'><strong>eadem</strong></span> <span class='ocrx_word' id='word_1_247' title='bbox 848 1641 854 1659; x_wconf 91' lang='lat'><strong>:</strong></span> <span class='ocrx_word' id='word_1_248' title='bbox 873 1631 963 1666; x_wconf 86' lang='lat' dir='ltr'><strong>Incipe</strong></span> 
     </span>
    </p>
   </div>
   <div class='ocr_carea' id='block_1_36' title="bbox 177 1678 961 1713">
    <p class='ocr_par' dir='ltr' id='par_1_36' title="bbox 177 1678 961 1713">
     <span class='ocr_line' id='line_1_36' title="bbox 177 1678 961 1713; baseline -0.001 -8"><span class='ocrx_word' id='word_1_249' title='bbox 177 1678 311 1706; x_wconf 78' lang='lat' dir='ltr'><strong>aediﬁcare</strong></span> <span class='ocrx_word' id='word_1_250' title='bbox 323 1679 418 1705; x_wconf 68' lang='lat' dir='ltr'><strong>aedem.</strong></span> <span class='ocrx_word' id='word_1_251' title='bbox 432 1679 599 1712; x_wconf 85' lang='lat' dir='ltr'><strong>Epiphanius</strong></span> <span class='ocrx_word' id='word_1_252' title='bbox 613 1683 702 1705; x_wconf 89' lang='lat' dir='ltr'><strong>autem</strong></span> <span class='ocrx_word' id='word_1_253' title='bbox 721 1679 845 1713; x_wconf 88' lang='lat' dir='ltr'><strong>protinus</strong></span> <span class='ocrx_word' id='word_1_254' title='bbox 870 1678 894 1705; x_wconf 73' lang='lat' dir='ltr'><strong>ill</strong></span> <span class='ocrx_word' id='word_1_255' title='bbox 909 1687 961 1705; x_wconf 89' lang='lat' dir='ltr'><strong>non</strong></span> 
     </span>
    </p>
   </div>
   <div class='ocr_carea' id='block_1_37' title="bbox 178 1724 961 1759">
    <p class='ocr_par' dir='ltr' id='par_1_37' title="bbox 178 1724 961 1759">
     <span class='ocr_line' id='line_1_37' title="bbox 178 1724 961 1759; baseline -0.001 -8"><span class='ocrx_word' id='word_1_256' title='bbox 178 1725 316 1759; x_wconf 74' lang='lat' dir='ltr'><strong>negligens</strong></span> <span class='ocrx_word' id='word_1_257' title='bbox 340 1724 415 1755; x_wconf 86' lang='lat' dir='ltr'><strong>exiit,</strong></span> <span class='ocrx_word' id='word_1_258' title='bbox 438 1728 465 1751; x_wconf 88' lang='lat' dir='ltr'><strong>et</strong></span> <span class='ocrx_word' id='word_1_259' title='bbox 487 1724 551 1751; x_wconf 82' lang='lat' dir='ltr'><strong>fecit.</strong></span> <span class='ocrx_word' id='word_1_260' title='bbox 575 1725 735 1756; x_wconf 86' lang='lat' dir='ltr'><strong>orationem,</strong></span> <span class='ocrx_word' id='word_1_261' title='bbox 762 1728 789 1750; x_wconf 91' lang='lat' dir='ltr'><strong>et</strong></span> <span class='ocrx_word' id='word_1_262' title='bbox 808 1729 890 1751; x_wconf 84' lang='lat' dir='ltr'><strong>totam</strong></span> <span class='ocrx_word' id='word_1_263' title='bbox 910 1724 961 1751; x_wconf 81' lang='lat' dir='ltr'><strong>loci</strong></span> 
     </span>
    </p>
   </div>
   <div class='ocr_carea' id='block_1_38' title="bbox 177 1770 959 1804">
    <p class='ocr_par' dir='ltr' id='par_1_38' title="bbox 177 1770 959 1804">
     <span class='ocr_line' id='line_1_38' title="bbox 177 1770 959 1804; baseline 0 -7"><span class='ocrx_word' id='word_1_264' title='bbox 177 1770 398 1804; x_wconf 78' lang='lat' dir='ltr'><strong>consequentiam</strong></span> <span class='ocrx_word' id='word_1_265' title='bbox 419 1770 584 1804; x_wconf 74' lang='lat' dir='ltr'><strong>designavit,</strong></span> <span class='ocrx_word' id='word_1_266' title='bbox 617 1774 645 1797; x_wconf 89' lang='lat' dir='ltr'><strong>ct</strong></span> <span class='ocrx_word' id='word_1_267' title='bbox 677 1770 800 1797; x_wconf 87' lang='lat' dir='ltr'><strong>adhibuit</strong></span> <span class='ocrx_word' id='word_1_268' title='bbox 831 1770 959 1797; x_wconf 78' lang='lat' dir='ltr'><strong>artifices.</strong></span> 
     </span>
    </p>
   </div>
   <div class='ocr_carea' id='block_1_39' title="bbox 178 1815 962 1850">
    <p class='ocr_par' dir='ltr' id='par_1_39' title="bbox 178 1815 962 1850">
     <span class='ocr_line' id='line_1_39' title="bbox 178 1815 962 1850; baseline -0.001 -7"><span class='ocrx_word' id='word_1_269' title='bbox 178 1815 256 1843; x_wconf 64' lang='lat' dir='ltr'><strong>Edis</strong></span> <span class='ocrx_word' id='word_1_270' title='bbox 283 1823 346 1843; x_wconf 84' lang='lat' dir='ltr'><strong>vero</strong></span> <span class='ocrx_word' id='word_1_271' title='bbox 375 1815 548 1843; x_wconf 72' lang='lat' dir='ltr'><strong>aadilicationi</strong></span> <span class='ocrx_word' id='word_1_272' title='bbox 583 1820 716 1850; x_wconf 65' lang='lat' dir='ltr'><strong>praterant</strong></span> <span class='ocrx_word' id='word_1_273' title='bbox 750 1815 910 1849; x_wconf 79' lang='lat' dir='ltr'><strong>sexaginta,</strong></span> <span class='ocrx_word' id='word_1_274' title='bbox 936 1819 962 1842; x_wconf 90' lang='lat' dir='ltr'><strong>et</strong></span> 
     </span>
    </p>
   </div>
   <div class='ocr_carea' id='block_1_40' title="bbox 177 1859 963 1896">
    <p class='ocr_par' dir='ltr' id='par_1_40' title="bbox 177 1859 963 1896">
     <span class='ocr_line' id='line_1_40' title="bbox 177 1859 963 1896; baseline -0.003 -8"><span class='ocrx_word' id='word_1_275' title='bbox 177 1869 275 1896; x_wconf 71' lang='lat' dir='ltr'><strong>magna</strong></span> <span class='ocrx_word' id='word_1_276' title='bbox 293 1860 450 1892; x_wconf 85' lang='lat' dir='ltr'><strong>multitudo,</strong></span> <span class='ocrx_word' id='word_1_277' title='bbox 463 1868 524 1896; x_wconf 75' lang='lat' dir='ltr'><strong>quae</strong></span> <span class='ocrx_word' id='word_1_278' title='bbox 534 1861 559 1887; x_wconf 88' lang='lat' dir='ltr'><strong>ei</strong></span> <span class='ocrx_word' id='word_1_279' title='bbox 574 1860 612 1888; x_wconf 87' lang='lat' dir='ltr'><strong>rei</strong></span> <span class='ocrx_word' id='word_1_280' title='bbox 627 1860 804 1887; x_wconf 88' lang='lat' dir='ltr'><strong>ministraret.</strong></span> <span class='ocrx_word' id='word_1_281' title='bbox 821 1859 905 1887; x_wconf 84' lang='lat' dir='ltr'><strong>Erant</strong></span> <span class='ocrx_word' id='word_1_282' title='bbox 918 1868 963 1887; x_wconf 89' lang='lat' dir='ltr'><strong>au-</strong></span> 
     </span>
    </p>
   </div>
   <div class='ocr_carea' id='block_1_41' title="bbox 178 1906 963 1941">
    <p class='ocr_par' dir='ltr' id='par_1_41' title="bbox 178 1906 963 1941">
     <span class='ocr_line' id='line_1_41' title="bbox 178 1906 963 1941; baseline 0 -7"><span class='ocrx_word' id='word_1_283' title='bbox 178 1913 232 1934; x_wconf 90' lang='lat' dir='ltr'><strong>tem</strong></span> <span class='ocrx_word' id='word_1_284' title='bbox 251 1913 314 1934; x_wconf 91' lang='lat' dir='ltr'><strong>tunc</strong></span> <span class='ocrx_word' id='word_1_285' title='bbox 333 1907 359 1933; x_wconf 92' lang='lat' dir='ltr'><strong>in</strong></span> <span class='ocrx_word' id='word_1_286' title='bbox 377 1907 486 1934; x_wconf 80' lang='lat' dir='ltr'><strong>civitate</strong></span> <span class='ocrx_word' id='word_1_287' title='bbox 507 1906 621 1941; x_wconf 78' lang='lat' dir='ltr'><strong>gentiles</strong></span> <span class='ocrx_word' id='word_1_288' title='bbox 642 1907 702 1939; x_wconf 89' lang='lat' dir='ltr'><strong>viri,</strong></span> <span class='ocrx_word' id='word_1_289' title='bbox 721 1906 818 1934; x_wconf 84' lang='lat' dir='ltr'><strong>divites</strong></span> <span class='ocrx_word' id='word_1_290' title='bbox 833 1911 861 1934; x_wconf 86' lang='lat' dir='ltr'><strong>et</strong></span> <span class='ocrx_word' id='word_1_291' title='bbox 881 1914 963 1941; x_wconf 88' lang='lat' dir='ltr'><strong>pecu-</strong></span> 
     </span>
    </p>
   </div>
   <div class='ocr_carea' id='block_1_42' title="bbox 177 1953 516 1988">
    <p class='ocr_par' dir='ltr' id='par_1_42' title="bbox 177 1953 516 1988">
     <span class='ocr_line' id='line_1_42' title="bbox 177 1953 516 1988; baseline 0 -8"><span class='ocrx_word' id='word_1_292' title='bbox 177 1953 231 1980; x_wconf 88' lang='lat' dir='ltr'><strong>niis</strong></span> <span class='ocrx_word' id='word_1_293' title='bbox 243 1958 269 1980; x_wconf 90' lang='lat' dir='ltr'><strong>et</strong></span> <span class='ocrx_word' id='word_1_294' title='bbox 285 1953 516 1988; x_wconf 85' lang='lat' dir='ltr'><strong>possessionibus.</strong></span> 
     </span>
    </p>
   </div>
   <div class='ocr_carea' id='block_1_43' title="bbox 213 1993 960 2033">
    <p class='ocr_par' dir='ltr' id='par_1_43' title="bbox 213 1993 960 2033">
     <span class='ocr_line' id='line_1_43' title="bbox 213 1993 960 2033; baseline -0.003 -7"><span class='ocrx_word' id='word_1_295' title='bbox 213 1999 281 2027; x_wconf 82' lang='lat' dir='ltr'><strong>XLI.</strong></span> <span class='ocrx_word' id='word_1_296' title='bbox 303 1993 367 2026; x_wconf 80' lang='lat' dir='ltr'><strong>Erat</strong></span> <span class='ocrx_word' id='word_1_297' title='bbox 388 2003 477 2026; x_wconf 85' lang='lat' dir='ltr'><strong>autem</strong></span> <span class='ocrx_word' id='word_1_298' title='bbox 492 1998 614 2033; x_wconf 87' lang='lat' dir='ltr'><strong>quidam,</strong></span> <span class='ocrx_word' id='word_1_299' title='bbox 632 1998 678 2033; x_wconf 88' lang='lat' dir='ltr'><strong>qui</strong></span> <span class='ocrx_word' id='word_1_300' title='bbox 694 1998 843 2025; x_wconf 83' lang='lat' dir='ltr'><strong>vocabatur</strong></span> <span class='ocrx_word' id='word_1_301' title='bbox 863 1997 960 2028; x_wconf 89' lang='lat' dir='ltr'><strong>Draco,</strong></span> 
     </span>
    </p>
   </div>
   <div class='ocr_carea' id='block_1_44' title="bbox 176 2043 961 2081">
    <p class='ocr_par' dir='ltr' id='par_1_44' title="bbox 176 2043 961 2081">
     <span class='ocr_line' id='line_1_44' title="bbox 176 2043 961 2081; baseline -0.003 -9"><span class='ocrx_word' id='word_1_302' title='bbox 176 2046 222 2081; x_wconf 86' lang='lat' dir='ltr'><strong>qui</strong></span> <span class='ocrx_word' id='word_1_303' title='bbox 244 2053 259 2072; x_wconf 95' lang='lat' dir='ltr'><strong>a</strong></span> <span class='ocrx_word' id='word_1_304' title='bbox 283 2045 407 2080; x_wconf 90' lang='lat' dir='ltr'><strong>plurimis</strong></span> <span class='ocrx_word' id='word_1_305' title='bbox 424 2044 565 2072; x_wconf 87' lang='lat' dir='ltr'><strong>dicebatur</strong></span> <span class='ocrx_word' id='word_1_306' title='bbox 586 2044 699 2078; x_wconf 72' lang='lat' dir='ltr'><strong>Magnus</strong></span> <span class='ocrx_word' id='word_1_307' title='bbox 716 2043 813 2071; x_wconf 88' lang='lat' dir='ltr'><strong>Draco.</strong></span> <span class='ocrx_word' id='word_1_308' title='bbox 832 2044 857 2071; x_wconf 93' lang='lat' dir='ltr'><strong>ls</strong></span> <span class='ocrx_word' id='word_1_309' title='bbox 880 2044 961 2070; x_wconf 87' lang='lat' dir='ltr'><strong>habe-</strong></span> 
     </span>
    </p>
   </div>
   <div class='ocr_carea' id='block_1_45' title="bbox 177 2090 959 2125">
    <p class='ocr_par' dir='ltr' id='par_1_45' title="bbox 177 2090 959 2125">
     <span class='ocr_line' id='line_1_45' title="bbox 177 2090 959 2125; baseline -0.004 -6"><span class='ocrx_word' id='word_1_310' title='bbox 177 2092 223 2119; x_wconf 82' lang='lat' dir='ltr'><strong>bat</strong></span> <span class='ocrx_word' id='word_1_311' title='bbox 248 2091 344 2119; x_wconf 88' lang='lat' dir='ltr'><strong>lilium.</strong></span> <span class='ocrx_word' id='word_1_312' title='bbox 368 2091 521 2117; x_wconf 77' lang='lat' dir='ltr'><strong>Vocabatur</strong></span> <span class='ocrx_word' id='word_1_313' title='bbox 544 2098 609 2117; x_wconf 85' lang='lat' dir='ltr'><strong>vero</strong></span> <span class='ocrx_word' id='word_1_314' title='bbox 642 2091 698 2125; x_wconf 88' lang='lat' dir='ltr'><strong>ipse</strong></span> <span class='ocrx_word' id='word_1_315' title='bbox 722 2098 831 2125; x_wconf 89' lang='lat' dir='ltr'><strong>quoque</strong></span> <span class='ocrx_word' id='word_1_316' title='bbox 862 2090 959 2117; x_wconf 86' lang='lat' dir='ltr'><strong>Draco.</strong></span> 
     </span>
    </p>
   </div>
   <div class='ocr_carea' id='block_1_46' title="bbox 177 2136 961 2172">
    <p class='ocr_par' dir='ltr' id='par_1_46' title="bbox 177 2136 961 2172">
     <span class='ocr_line' id='line_1_46' title="bbox 177 2136 961 2172; baseline -0.003 -8"><span class='ocrx_word' id='word_1_317' title='bbox 177 2137 202 2164; x_wconf 90' lang='lat' dir='ltr'><strong>ls</strong></span> <span class='ocrx_word' id='word_1_318' title='bbox 222 2138 248 2164; x_wconf 92' lang='lat' dir='ltr'><strong>in</strong></span> <span class='ocrx_word' id='word_1_319' title='bbox 268 2138 379 2164; x_wconf 86' lang='lat' dir='ltr'><strong>dextero</strong></span> <span class='ocrx_word' id='word_1_320' title='bbox 395 2137 477 2164; x_wconf 82' lang='lat' dir='ltr'><strong>latere</strong></span> <span class='ocrx_word' id='word_1_321' title='bbox 490 2136 629 2164; x_wconf 88' lang='lat' dir='ltr'><strong>laborabat</strong></span> <span class='ocrx_word' id='word_1_322' title='bbox 643 2137 717 2172; x_wconf 81' lang='lat' dir='ltr'><strong>gravi</strong></span> <span class='ocrx_word' id='word_1_323' title='bbox 730 2141 808 2163; x_wconf 65' lang='lat' dir='ltr'><strong>testu.</strong></span> <span class='ocrx_word' id='word_1_324' title='bbox 837 2136 961 2171; x_wconf 90' lang='lat' dir='ltr'><strong>Cumque</strong></span> 
     </span>
    </p>
   </div>
   <div class='ocr_carea' id='block_1_47' title="bbox 178 2182 960 2218">
    <p class='ocr_par' dir='ltr' id='par_1_47' title="bbox 178 2182 960 2218">
     <span class='ocr_line' id='line_1_47' title="bbox 178 2182 960 2218; baseline -0.001 -8"><span class='ocrx_word' id='word_1_325' title='bbox 178 2189 252 2218; x_wconf 87' lang='lat' dir='ltr'><strong>pater</strong></span> <span class='ocrx_word' id='word_1_326' title='bbox 266 2184 325 2218; x_wconf 79' lang='lat' dir='ltr'><strong>ejus</strong></span> <span class='ocrx_word' id='word_1_327' title='bbox 347 2184 430 2210; x_wconf 88' lang='lat' dir='ltr'><strong>multa</strong></span> <span class='ocrx_word' id='word_1_328' title='bbox 446 2184 658 2217; x_wconf 83' lang='lat' dir='ltr'><strong>consumpsisset</strong></span> <span class='ocrx_word' id='word_1_329' title='bbox 685 2183 710 2209; x_wconf 91' lang='lat' dir='ltr'><strong>in</strong></span> <span class='ocrx_word' id='word_1_330' title='bbox 729 2183 860 2214; x_wconf 65' lang='lat' dir='ltr'><strong>medicos,</strong></span> <span class='ocrx_word' id='word_1_331' title='bbox 881 2182 907 2208; x_wconf 92' lang='lat' dir='ltr'><strong>id</strong></span> <span class='ocrx_word' id='word_1_332' title='bbox 927 2182 960 2209; x_wconf 84' lang='lat' dir='ltr'><strong>ad</strong></span> 
     </span>
    </p>
   </div>
   <div class='ocr_carea' id='block_1_48' title="bbox 177 2227 961 2264">
    <p class='ocr_par' dir='ltr' id='par_1_48' title="bbox 177 2227 961 2264">
     <span class='ocr_line' id='line_1_48' title="bbox 177 2227 961 2264; baseline -0.001 -8"><span class='ocrx_word' id='word_1_333' title='bbox 177 2230 321 2256; x_wconf 72' lang='lat' dir='ltr'><strong>sanitatem</strong></span> <span class='ocrx_word' id='word_1_334' title='bbox 337 2230 403 2256; x_wconf 87' lang='lat' dir='ltr'><strong>nihil</strong></span> <span class='ocrx_word' id='word_1_335' title='bbox 413 2229 436 2256; x_wconf 89' lang='lat' dir='ltr'><strong>ei</strong></span> <span class='ocrx_word' id='word_1_336' title='bbox 450 2228 597 2264; x_wconf 80' lang='lat' dir='ltr'><strong>profuerat.</strong></span> <span class='ocrx_word' id='word_1_337' title='bbox 613 2228 728 2263; x_wconf 81' lang='lat' dir='ltr'><strong>Magnus</strong></span> <span class='ocrx_word' id='word_1_338' title='bbox 742 2236 807 2262; x_wconf 82' lang='lat' dir='ltr'><strong>ergo</strong></span> <span class='ocrx_word' id='word_1_339' title='bbox 819 2228 862 2254; x_wconf 79' lang='lat' dir='ltr'><strong>ille</strong></span> <span class='ocrx_word' id='word_1_340' title='bbox 875 2227 961 2255; x_wconf 84' lang='lat' dir='ltr'><strong>Draco</strong></span> 
     </span>
    </p>
   </div>
   <div class='ocr_carea' id='block_1_49' title="bbox 177 2273 958 2308">
    <p class='ocr_par' dir='ltr' id='par_1_49' title="bbox 177 2273 958 2308">
     <span class='ocr_line' id='line_1_49' title="bbox 177 2273 958 2308; baseline -0.001 -8"><span class='ocrx_word' id='word_1_341' title='bbox 177 2280 206 2299; x_wconf 83' lang='lat' dir='ltr'><strong>se</strong></span> <span class='ocrx_word' id='word_1_342' title='bbox 222 2274 291 2300; x_wconf 90' lang='lat' dir='ltr'><strong>male</strong></span> <span class='ocrx_word' id='word_1_343' title='bbox 308 2274 418 2308; x_wconf 75' lang='lat' dir='ltr'><strong>gerebat</strong></span> <span class='ocrx_word' id='word_1_344' title='bbox 441 2274 467 2300; x_wconf 91' lang='lat' dir='ltr'><strong>in</strong></span> <span class='ocrx_word' id='word_1_345' title='bbox 489 2273 668 2308; x_wconf 87' lang='lat' dir='ltr'><strong>Epiphanium</strong></span> <span class='ocrx_word' id='word_1_346' title='bbox 686 2278 712 2300; x_wconf 88' lang='lat' dir='ltr'><strong>et</strong></span> <span class='ocrx_word' id='word_1_347' title='bbox 727 2274 817 2301; x_wconf 86' lang='lat' dir='ltr'><strong>verbis</strong></span> <span class='ocrx_word' id='word_1_348' title='bbox 831 2279 857 2300; x_wconf 83' lang='lat' dir='ltr'><strong>et</strong></span> <span class='ocrx_word' id='word_1_349' title='bbox 872 2273 958 2301; x_wconf 89' lang='lat' dir='ltr'><strong>factis.</strong></span> 
     </span>
    </p>
   </div>
   <div class='ocr_carea' id='block_1_50' title="bbox 178 2318 960 2354">
    <p class='ocr_par' dir='ltr' id='par_1_50' title="bbox 178 2318 960 2354">
     <span class='ocr_line' id='line_1_50' title="bbox 178 2318 960 2354; baseline 0.003 -10"><span class='ocrx_word' id='word_1_350' title='bbox 178 2318 343 2354; x_wconf 87' lang='lat' dir='ltr'><strong>Epiphanius</strong></span> <span class='ocrx_word' id='word_1_351' title='bbox 357 2325 446 2346; x_wconf 88' lang='lat' dir='ltr'><strong>autem</strong></span> <span class='ocrx_word' id='word_1_352' title='bbox 468 2319 491 2346; x_wconf 81' lang='lat' dir='ltr'><strong>si</strong></span> <span class='ocrx_word' id='word_1_353' title='bbox 507 2320 615 2354; x_wconf 87' lang='lat' dir='ltr'><strong>quando</strong></span> <span class='ocrx_word' id='word_1_354' title='bbox 638 2327 700 2346; x_wconf 90' lang='lat' dir='ltr'><strong>eum</strong></span> <span class='ocrx_word' id='word_1_355' title='bbox 723 2319 840 2351; x_wconf 81' lang='lat' dir='ltr'><strong>videbat,</strong></span> <span class='ocrx_word' id='word_1_356' title='bbox 856 2320 960 2353; x_wconf 89' lang='lat' dir='ltr'><strong>primus</strong></span> 
     </span>
    </p>
   </div>
   <div class='ocr_carea' id='block_1_51' title="bbox 177 2364 960 2402">
    <p class='ocr_par' dir='ltr' id='par_1_51' title="bbox 177 2364 960 2402">
     <span class='ocr_line' id='line_1_51' title="bbox 177 2364 960 2402; baseline 0.004 -12"><span class='ocrx_word' id='word_1_357' title='bbox 177 2364 321 2391; x_wconf 83' lang='lat' dir='ltr'><strong>salutabat.</strong></span> <span class='ocrx_word' id='word_1_358' title='bbox 337 2364 460 2399; x_wconf 87' lang='lat' dir='ltr'><strong>Cumque</strong></span> <span class='ocrx_word' id='word_1_359' title='bbox 481 2365 627 2399; x_wconf 89' lang='lat' dir='ltr'><strong>aliquando</strong></span> <span class='ocrx_word' id='word_1_360' title='bbox 650 2366 778 2393; x_wconf 87' lang='lat' dir='ltr'><strong>transiret</strong></span> <span class='ocrx_word' id='word_1_361' title='bbox 793 2365 960 2402; x_wconf 84' lang='lat' dir='ltr'><strong>Epiphanius</strong></span> 
     </span>
    </p>
   </div>
   <div class='ocr_carea' id='block_1_52' title="bbox 177 2409 959 2446">
    <p class='ocr_par' dir='ltr' id='par_1_52' title="bbox 177 2409 959 2446">
     <span class='ocr_line' id='line_1_52' title="bbox 177 2409 959 2446; baseline 0.006 -11"><span class='ocrx_word' id='word_1_362' title='bbox 177 2417 224 2444; x_wconf 90' lang='lat' dir='ltr'><strong>per</strong></span> <span class='ocrx_word' id='word_1_363' title='bbox 238 2409 337 2442; x_wconf 88' lang='lat' dir='ltr'><strong>locum,</strong></span> <span class='ocrx_word' id='word_1_364' title='bbox 355 2411 400 2437; x_wconf 91' lang='lat' dir='ltr'><strong>ubi</strong></span> <span class='ocrx_word' id='word_1_365' title='bbox 417 2411 443 2438; x_wconf 94' lang='lat' dir='ltr'><strong>in</strong></span> <span class='ocrx_word' id='word_1_366' title='bbox 460 2411 567 2438; x_wconf 86' lang='lat' dir='ltr'><strong>sedibus</strong></span> <span class='ocrx_word' id='word_1_367' title='bbox 585 2411 715 2439; x_wconf 85' lang='lat' dir='ltr'><strong>sedebant</strong></span> <span class='ocrx_word' id='word_1_368' title='bbox 736 2419 832 2440; x_wconf 91' lang='lat' dir='ltr'><strong>omnes</strong></span> <span class='ocrx_word' id='word_1_369' title='bbox 851 2412 959 2446; x_wconf 89' lang='lat' dir='ltr'><strong>divites,</strong></span> 
     </span>
    </p>
   </div>
   <div class='ocr_carea' id='block_1_53' title="bbox 176 2452 960 2490">
    <p class='ocr_par' dir='ltr' id='par_1_53' title="bbox 176 2452 960 2490">
     <span class='ocr_line' id='line_1_53' title="bbox 176 2452 960 2490; baseline 0.006 -11"><span class='ocrx_word' id='word_1_370' title='bbox 176 2457 235 2480; x_wconf 86' lang='lat' dir='ltr'><strong>erat.</strong></span> <span class='ocrx_word' id='word_1_371' title='bbox 257 2452 369 2488; x_wconf 79' lang='lat' dir='ltr'><strong>Magnus</strong></span> <span class='ocrx_word' id='word_1_372' title='bbox 384 2462 492 2489; x_wconf 90' lang='lat' dir='ltr'><strong>quoque</strong></span> <span class='ocrx_word' id='word_1_373' title='bbox 515 2454 618 2488; x_wconf 87' lang='lat' dir='ltr'><strong>Draco,</strong></span> <span class='ocrx_word' id='word_1_374' title='bbox 637 2461 664 2482; x_wconf 83' lang='lat' dir='ltr'><strong>et</strong></span> <span class='ocrx_word' id='word_1_375' title='bbox 679 2455 738 2490; x_wconf 86' lang='lat' dir='ltr'><strong>ejus</strong></span> <span class='ocrx_word' id='word_1_376' title='bbox 758 2455 830 2484; x_wconf 84' lang='lat' dir='ltr'><strong>ﬁlius</strong></span> <span class='ocrx_word' id='word_1_377' title='bbox 843 2462 960 2490; x_wconf 71' lang='lat' dir='ltr'><strong>aegrotus</strong></span> 
     </span>
    </p>
   </div>
   <div class='ocr_carea' id='block_1_54' title="bbox 177 2499 958 2536">
    <p class='ocr_par' dir='ltr' id='par_1_54' title="bbox 177 2499 958 2536">
     <span class='ocr_line' id='line_1_54' title="bbox 177 2499 958 2536; baseline 0.006 -11"><span class='ocrx_word' id='word_1_378' title='bbox 177 2499 204 2525; x_wconf 94' lang='lat' dir='ltr'><strong>in</strong></span> <span class='ocrx_word' id='word_1_379' title='bbox 219 2506 251 2526; x_wconf 83' lang='lat' dir='ltr'><strong>eo</strong></span> <span class='ocrx_word' id='word_1_380' title='bbox 265 2499 334 2527; x_wconf 87' lang='lat' dir='ltr'><strong>loco.</strong></span> <span class='ocrx_word' id='word_1_381' title='bbox 350 2500 418 2527; x_wconf 80' lang='lat' dir='ltr'><strong>Cum</strong></span> <span class='ocrx_word' id='word_1_382' title='bbox 435 2504 524 2527; x_wconf 85' lang='lat' dir='ltr'><strong>autem</strong></span> <span class='ocrx_word' id='word_1_383' title='bbox 541 2501 721 2536; x_wconf 88' lang='lat' dir='ltr'><strong>Epiphanium</strong></span> <span class='ocrx_word' id='word_1_384' title='bbox 737 2502 880 2536; x_wconf 86' lang='lat' dir='ltr'><strong>vidissent,</strong></span> <span class='ocrx_word' id='word_1_385' title='bbox 896 2511 958 2530; x_wconf 90' lang='lat' dir='ltr'><strong>eum</strong></span> 
     </span>
    </p>
   </div>
   <div class='ocr_carea' id='block_1_55' title="bbox 178 2545 958 2583">
    <p class='ocr_par' dir='ltr' id='par_1_55' title="bbox 178 2545 958 2583">
     <span class='ocr_line' id='line_1_55' title="bbox 178 2545 958 2583; baseline 0.004 -11"><span class='ocrx_word' id='word_1_386' title='bbox 178 2545 335 2573; x_wconf 78' lang='lat' dir='ltr'><strong>irridebant.</strong></span> <span class='ocrx_word' id='word_1_387' title='bbox 351 2545 419 2573; x_wconf 87' lang='lat' dir='ltr'><strong>Cum</strong></span> <span class='ocrx_word' id='word_1_388' title='bbox 433 2554 497 2573; x_wconf 84' lang='lat' dir='ltr'><strong>vero</strong></span> <span class='ocrx_word' id='word_1_389' title='bbox 515 2548 758 2582; x_wconf 84' lang='lat' dir='ltr'><strong>appropinquasset</strong></span> <span class='ocrx_word' id='word_1_390' title='bbox 781 2548 958 2583; x_wconf 87' lang='lat' dir='ltr'><strong>Epiphanius,</strong></span> 
     </span>
    </p>
   </div>
   <div class='ocr_carea' id='block_1_56' title="bbox 176 2593 957 2629">
    <p class='ocr_par' dir='ltr' id='par_1_56' title="bbox 176 2593 957 2629">
     <span class='ocr_line' id='line_1_56' title="bbox 176 2593 957 2629; baseline 0.003 -10"><span class='ocrx_word' id='word_1_391' title='bbox 176 2596 203 2619; x_wconf 87' lang='lat' dir='ltr'><strong>et</strong></span> <span class='ocrx_word' id='word_1_392' title='bbox 216 2600 262 2620; x_wconf 91' lang='lat' dir='ltr'><strong>eos</strong></span> <span class='ocrx_word' id='word_1_393' title='bbox 275 2593 430 2624; x_wconf 86' lang='lat' dir='ltr'><strong>salutasset,</strong></span> <span class='ocrx_word' id='word_1_394' title='bbox 446 2600 526 2619; x_wconf 89' lang='lat' dir='ltr'><strong>manu</strong></span> <span class='ocrx_word' id='word_1_395' title='bbox 543 2594 628 2620; x_wconf 89' lang='lat' dir='ltr'><strong>tenuit</strong></span> <span class='ocrx_word' id='word_1_396' title='bbox 641 2599 771 2629; x_wconf 59' lang='lat' dir='ltr'><strong>mgrotum</strong></span> <span class='ocrx_word' id='word_1_397' title='bbox 795 2594 957 2628; x_wconf 81' lang='lat' dir='ltr'><strong>Draconem,</strong></span> 
     </span>
    </p>
   </div>
   <div class='ocr_carea' id='block_1_57' title="bbox 176 2636 957 2672">
    <p class='ocr_par' dir='ltr' id='par_1_57' title="bbox 176 2636 957 2672">
     <span class='ocr_line' id='line_1_57' title="bbox 176 2636 957 2672; baseline 0.001 -6"><span class='ocrx_word' id='word_1_398' title='bbox 176 2639 217 2667; x_wconf 84' lang='lat' dir='ltr'><strong>sic</strong></span> <span class='ocrx_word' id='word_1_399' title='bbox 230 2638 322 2666; x_wconf 75' lang='lat' dir='ltr'><strong>dicens</strong></span> <span class='ocrx_word' id='word_1_400' title='bbox 337 2646 344 2664; x_wconf 74' lang='grc' dir='ltr'><strong>ε</strong></span> <span class='ocrx_word' id='word_1_401' title='bbox 360 2636 457 2668; x_wconf 80' lang='lat' dir='ltr'><strong>Draco.</strong></span> <span class='ocrx_word' id='word_1_402' title='bbox 473 2642 501 2664; x_wconf 91' lang='lat' dir='ltr'><strong>tu</strong></span> <span class='ocrx_word' id='word_1_403' title='bbox 514 2645 621 2672; x_wconf 88' lang='lat' dir='ltr'><strong>quoque</strong></span> <span class='ocrx_word' id='word_1_404' title='bbox 634 2643 692 2666; x_wconf 89' lang='lat' dir='ltr'><strong>esto</strong></span> <span class='ocrx_word' id='word_1_405' title='bbox 710 2647 803 2666; x_wconf 87' lang='lat' dir='ltr'><strong>sanus.</strong></span> <span class='ocrx_word' id='word_1_406' title='bbox 819 2639 852 2667; x_wconf 87' lang='lat' dir='ltr'><strong>Et</strong></span> <span class='ocrx_word' id='word_1_407' title='bbox 866 2641 957 2667; x_wconf 84' lang='lat' dir='ltr'><strong>statim</strong></span> 
     </span>
    </p>
   </div>
   <div class='ocr_carea' id='block_1_58' title="bbox 177 2682 958 2718">
    <p class='ocr_par' dir='ltr' id='par_1_58' title="bbox 177 2682 958 2718">
     <span class='ocr_line' id='line_1_58' title="bbox 177 2682 958 2718; baseline 0.003 -7"><span class='ocrx_word' id='word_1_408' title='bbox 177 2691 239 2711; x_wconf 90' lang='lat' dir='ltr'><strong>cum</strong></span> <span class='ocrx_word' id='word_1_409' title='bbox 255 2683 378 2711; x_wconf 81' lang='lat' dir='ltr'><strong>oratione</strong></span> <span class='ocrx_word' id='word_1_410' title='bbox 387 2682 528 2718; x_wconf 76' lang='lat' dir='ltr'><strong>Epiphanii</strong></span> <span class='ocrx_word' id='word_1_411' title='bbox 545 2683 632 2712; x_wconf 86' lang='lat' dir='ltr'><strong>factus</strong></span> <span class='ocrx_word' id='word_1_412' title='bbox 647 2689 688 2712; x_wconf 90' lang='lat' dir='ltr'><strong>est</strong></span> <span class='ocrx_word' id='word_1_413' title='bbox 700 2693 792 2713; x_wconf 91' lang='lat' dir='ltr'><strong>sanus.</strong></span> <span class='ocrx_word' id='word_1_414' title='bbox 808 2685 894 2714; x_wconf 87' lang='lat' dir='ltr'><strong>Draco</strong></span> <span class='ocrx_word' id='word_1_415' title='bbox 909 2694 958 2713; x_wconf 91' lang='lat' dir='ltr'><strong>au-</strong></span> 
     </span>
    </p>
   </div>
   <div class='ocr_carea' id='block_1_59' title="bbox 177 2728 955 2766">
    <p class='ocr_par' dir='ltr' id='par_1_59' title="bbox 177 2728 955 2766">
     <span class='ocr_line' id='line_1_59' title="bbox 177 2728 955 2766; baseline 0.003 -10"><span class='ocrx_word' id='word_1_416' title='bbox 177 2733 229 2757; x_wconf 89' lang='lat' dir='ltr'><strong>tem</strong></span> <span class='ocrx_word' id='word_1_417' title='bbox 242 2748 250 2760; x_wconf 92' lang='lat'><strong>,</strong></span> <span class='ocrx_word' id='word_1_418' title='bbox 267 2733 294 2756; x_wconf 86' lang='lat' dir='ltr'><strong>et</strong></span> <span class='ocrx_word' id='word_1_419' title='bbox 310 2729 356 2764; x_wconf 88' lang='lat' dir='ltr'><strong>qui</strong></span> <span class='ocrx_word' id='word_1_420' title='bbox 378 2728 519 2763; x_wconf 90' lang='lat' dir='ltr'><strong>viderunt,</strong></span> <span class='ocrx_word' id='word_1_421' title='bbox 543 2736 638 2757; x_wconf 84' lang='lat' dir='ltr'><strong>omnes</strong></span> <span class='ocrx_word' id='word_1_422' title='bbox 663 2730 868 2766; x_wconf 90' lang='lat' dir='ltr'><strong>obstupuerunt.</strong></span> <span class='ocrx_word' id='word_1_423' title='bbox 887 2731 955 2758; x_wconf 86' lang='lat' dir='ltr'><strong>Cum</strong></span> 
     </span>
    </p>
   </div>
   <div class='ocr_carea' id='block_1_60' title="bbox 212 2827 473 2867">
    <p class='ocr_par' dir='ltr' id='par_1_60' title="bbox 212 2827 473 2867">
     <span class='ocr_line' id='line_1_60' title="bbox 212 2827 473 2867; baseline 0 -13"><span class='ocrx_word' id='word_1_424' title='bbox 212 2827 250 2863; x_wconf 75' lang='grc' dir='ltr'><strong>(α)</strong></span> <span class='ocrx_word' id='word_1_425' title='bbox 270 2827 349 2857; x_wconf 77' lang='lat' dir='ltr'><strong>DeeSl</strong></span> <span class='ocrx_word' id='word_1_426' title='bbox 363 2827 473 2867; x_wconf 66' lang='lat' dir='ltr'><strong>aliquid.</strong></span> 
     </span>
    </p>
   </div>
   <div class='ocr_carea' id='block_1_61' title="bbox 979 848 999 875">
    <p class='ocr_par' dir='ltr' id='par_1_61' title="bbox 979 848 999 875">
     <span class='ocr_line' id='line_1_61' title="bbox 979 848 999 875; baseline 0 0"><span class='ocrx_word' id='word_1_427' title='bbox 979 848 999 875; x_wconf 89' lang='grc' dir='ltr'><strong>Β</strong></span> 
     </span>
    </p>
   </div>
   <div class='ocr_carea' id='block_1_62' title="bbox 976 1529 997 1557">
    <p class='ocr_par' dir='ltr' id='par_1_62' title="bbox 976 1529 997 1557">
     <span class='ocr_line' id='line_1_62' title="bbox 976 1529 997 1557; baseline 0 0"><span class='ocrx_word' id='word_1_428' title='bbox 976 1529 997 1557; x_wconf 88' lang='lat' dir='ltr'><strong>C</strong></span> 
     </span>
    </p>
   </div>
   <div class='ocr_carea' id='block_1_63' title="bbox 1014 213 1803 252">
    <p class='ocr_par' dir='ltr' id='par_1_63' title="bbox 1014 213 1803 252">
     <span class='ocr_line' id='line_1_63' title="bbox 1014 213 1803 252; baseline 0.003 -12"><span class='ocrx_word' id='word_1_429' title='bbox 1014 214 1069 241; x_wconf 69' lang='grc' dir='ltr'><strong>Καὶ</strong></span> <span class='ocrx_word' id='word_1_430' title='bbox 1083 215 1115 241; x_wconf 77' lang='grc' dir='ltr'>σὺ</span> <span class='ocrx_word' id='word_1_431' title='bbox 1132 213 1188 247; x_wconf 79' lang='grc' dir='ltr'>οὖν,</span> <span class='ocrx_word' id='word_1_432' title='bbox 1213 215 1318 246; x_wconf 80' lang='grc' dir='ltr'>τέκνον.</span> <span class='ocrx_word' id='word_1_433' title='bbox 1343 215 1376 242; x_wconf 79' lang='grc' dir='ltr'><strong>τὰ</strong></span> <span class='ocrx_word' id='word_1_434' title='bbox 1392 215 1526 242; x_wconf 76' lang='grc' dir='ltr'><strong>ἀκόλουθα</strong></span> <span class='ocrx_word' id='word_1_435' title='bbox 1550 216 1604 242; x_wconf 74' lang='grc' dir='ltr'>ἀπὸ</span> <span class='ocrx_word' id='word_1_436' title='bbox 1618 217 1666 251; x_wconf 87' lang='grc' dir='ltr'>τῆς</span> <span class='ocrx_word' id='word_1_437' title='bbox 1683 217 1803 252; x_wconf 76' lang='grc' dir='ltr'><strong>σήμερον</strong></span> 
     </span>
    </p>
   </div>
   <div class='ocr_carea' id='block_1_64' title="bbox 1014 261 1805 297">
    <p class='ocr_par' dir='ltr' id='par_1_64' title="bbox 1014 261 1805 297">
     <span class='ocr_line' id='line_1_64' title="bbox 1014 261 1805 297; baseline 0 -10"><span class='ocrx_word' id='word_1_438' title='bbox 1014 261 1121 295; x_wconf 85' lang='grc' dir='ltr'>ἡμέρας</span> <span class='ocrx_word' id='word_1_439' title='bbox 1144 261 1363 297; x_wconf 79' lang='grc' dir='ltr'>ὐπομνημάτιζε.</span> <span class='ocrx_word' id='word_1_440' title='bbox 1381 261 1457 297; x_wconf 77' lang='grc' dir='ltr'>Ἔχει</span> <span class='ocrx_word' id='word_1_441' title='bbox 1474 262 1527 297; x_wconf 82' lang='grc' dir='ltr'><strong>γάρ</strong></span> <span class='ocrx_word' id='word_1_442' title='bbox 1545 271 1586 289; x_wconf 84' lang='grc' dir='ltr'><strong>σοι</strong></span> <span class='ocrx_word' id='word_1_443' title='bbox 1601 263 1614 288; x_wconf 81' lang='grc' dir='ltr'><strong>ὁ</strong></span> <span class='ocrx_word' id='word_1_444' title='bbox 1631 262 1696 293; x_wconf 79' lang='grc' dir='ltr'>Θεὸς</span> <span class='ocrx_word' id='word_1_445' title='bbox 1721 270 1805 297; x_wconf 65' lang='grc' dir='ltr'>προσ-η</span> 
     </span>
    </p>
   </div>
   <div class='ocr_carea' id='block_1_65' title="bbox 1017 305 1806 343">
    <p class='ocr_par' dir='ltr' id='par_1_65' title="bbox 1017 305 1806 343">
     <span class='ocr_line' id='line_1_65' title="bbox 1017 305 1806 343; baseline 0.003 -11"><span class='ocrx_word' id='word_1_446' title='bbox 1017 305 1103 333; x_wconf 80' lang='grc' dir='ltr'>θεῖναι</span> <span class='ocrx_word' id='word_1_447' title='bbox 1118 307 1213 342; x_wconf 83' lang='grc' dir='ltr'>χρόνον</span> <span class='ocrx_word' id='word_1_448' title='bbox 1228 308 1279 339; x_wconf 78' lang='grc' dir='ltr'>τῆς</span> <span class='ocrx_word' id='word_1_449' title='bbox 1291 307 1364 342; x_wconf 80' lang='grc' dir='ltr'>ζωῆς</span> <span class='ocrx_word' id='word_1_450' title='bbox 1374 308 1415 343; x_wconf 87' lang='lat' dir='ltr'><strong>&#39;(a)</strong></span> <span class='ocrx_word' id='word_1_451' title='bbox 1436 307 1606 342; x_wconf 72' lang='grc' dir='ltr'>Ἐπιῳανίου,</span> <span class='ocrx_word' id='word_1_452' title='bbox 1621 307 1700 334; x_wconf 83' lang='grc' dir='ltr'>τοῦτο</span> <span class='ocrx_word' id='word_1_453' title='bbox 1722 315 1806 342; x_wconf 86' lang='grc' dir='ltr'>προσ-</span> 
     </span>
    </p>
   </div>
   <div class='ocr_carea' id='block_1_66' title="bbox 1016 352 1803 389">
    <p class='ocr_par' dir='ltr' id='par_1_66' title="bbox 1016 352 1803 389">
     <span class='ocr_line' id='line_1_66' title="bbox 1016 352 1803 389; baseline 0.001 -11"><span class='ocrx_word' id='word_1_454' title='bbox 1016 353 1195 388; x_wconf 80' lang='grc' dir='ltr'>παραμένεις.</span> <span class='ocrx_word' id='word_1_455' title='bbox 1219 352 1299 379; x_wconf 85' lang='grc' dir='ltr'>Ἀλλὰ</span> <span class='ocrx_word' id='word_1_456' title='bbox 1324 353 1405 388; x_wconf 82' lang='grc' dir='ltr'>βλέπε</span> <span class='ocrx_word' id='word_1_457' title='bbox 1423 353 1460 388; x_wconf 83' lang='grc' dir='ltr'>μὴ</span> <span class='ocrx_word' id='word_1_458' title='bbox 1483 353 1633 389; x_wconf 77' lang='grc' dir='ltr'>ἀμελήσῃς,</span> <span class='ocrx_word' id='word_1_459' title='bbox 1657 352 1733 387; x_wconf 84' lang='grc' dir='ltr'><strong>κάγὼ</strong></span> <span class='ocrx_word' id='word_1_460' title='bbox 1747 352 1803 388; x_wconf 80' lang='grc' dir='ltr'><strong>γὰρ</strong></span> 
     </span>
    </p>
   </div>
   <div class='ocr_carea' id='block_1_67' title="bbox 1015 397 1808 433">
    <p class='ocr_par' dir='ltr' id='par_1_67' title="bbox 1015 397 1808 433">
     <span class='ocr_line' id='line_1_67' title="bbox 1015 397 1808 433; baseline 0 -10"><span class='ocrx_word' id='word_1_461' title='bbox 1015 398 1067 424; x_wconf 82' lang='grc' dir='ltr'><strong>ὑπὸ</strong></span> <span class='ocrx_word' id='word_1_462' title='bbox 1084 397 1151 424; x_wconf 86' lang='grc' dir='ltr'>Θεοῦ</span> <span class='ocrx_word' id='word_1_463' title='bbox 1166 397 1324 432; x_wconf 85' lang='grc' dir='ltr'>κινούμενος</span> <span class='ocrx_word' id='word_1_464' title='bbox 1335 397 1420 424; x_wconf 81' lang='grc' dir='ltr'>ταῦτα</span> <span class='ocrx_word' id='word_1_465' title='bbox 1432 398 1650 433; x_wconf 75' lang='grc' dir='ltr'>συνεγραφόμην.</span> <span class='ocrx_word' id='word_1_466' title='bbox 1665 397 1737 432; x_wconf 82' lang='grc' dir='ltr'>Ἐγὼ</span> <span class='ocrx_word' id='word_1_467' title='bbox 1750 398 1808 433; x_wconf 84' lang='grc' dir='ltr'><strong>γὰρ</strong></span> 
     </span>
    </p>
   </div>
   <div class='ocr_carea' id='block_1_68' title="bbox 1015 443 1807 479">
    <p class='ocr_par' dir='ltr' id='par_1_68' title="bbox 1015 443 1807 479">
     <span class='ocr_line' id='line_1_68' title="bbox 1015 443 1807 479; baseline 0.001 -11"><span class='ocrx_word' id='word_1_468' title='bbox 1015 443 1165 478; x_wconf 78' lang='grc' dir='ltr'><strong>πορεύομαι</strong></span> <span class='ocrx_word' id='word_1_469' title='bbox 1187 443 1235 479; x_wconf 87' lang='grc' dir='ltr'>τὴν</span> <span class='ocrx_word' id='word_1_470' title='bbox 1258 443 1332 475; x_wconf 78' lang='grc' dir='ltr'><strong>ὁδὸν,</strong></span> <span class='ocrx_word' id='word_1_471' title='bbox 1356 443 1446 475; x_wconf 81' lang='grc' dir='ltr'>καθὼς</span> <span class='ocrx_word' id='word_1_472' title='bbox 1462 445 1508 470; x_wconf 68' lang='grc' dir='ltr'>καὶ</span> <span class='ocrx_word' id='word_1_473' title='bbox 1529 445 1628 476; x_wconf 80' lang='grc' dir='ltr'>πάντες</span> <span class='ocrx_word' id='word_1_474' title='bbox 1650 445 1675 470; x_wconf 68' lang='lat' dir='ltr'><strong>ot</strong></span> <span class='ocrx_word' id='word_1_475' title='bbox 1690 443 1738 470; x_wconf 76' lang='grc' dir='ltr'>ἐπὶ</span> <span class='ocrx_word' id='word_1_476' title='bbox 1754 445 1807 479; x_wconf 85' lang='grc' dir='ltr'>τῆς</span> 
     </span>
    </p>
   </div>
   <div class='ocr_carea' id='block_1_69' title="bbox 1016 487 1808 525">
    <p class='ocr_par' dir='ltr' id='par_1_69' title="bbox 1016 487 1808 525">
     <span class='ocr_line' id='line_1_69' title="bbox 1016 487 1808 525; baseline 0.001 -10"><span class='ocrx_word' id='word_1_477' title='bbox 1016 489 1076 524; x_wconf 85' lang='grc' dir='ltr'>γῆς.</span> <span class='ocrx_word' id='word_1_478' title='bbox 1092 489 1183 516; x_wconf 81' lang='grc' dir='ltr'>Ταῦτα</span> <span class='ocrx_word' id='word_1_479' title='bbox 1196 489 1224 515; x_wconf 82' lang='grc' dir='ltr'><strong>δὲ</strong></span> <span class='ocrx_word' id='word_1_480' title='bbox 1236 489 1320 516; x_wconf 80' lang='grc' dir='ltr'>εἰπὼν</span> <span class='ocrx_word' id='word_1_481' title='bbox 1334 490 1461 525; x_wconf 76' lang='grc' dir='ltr'><strong>Ἰωάννης</strong></span> <span class='ocrx_word' id='word_1_482' title='bbox 1474 487 1549 516; x_wconf 76' lang='grc' dir='ltr'>εἶπεν</span> <span class='ocrx_word' id='word_1_483' title='bbox 1567 490 1636 525; x_wconf 77' lang='grc' dir='ltr'>πρός</span> <span class='ocrx_word' id='word_1_484' title='bbox 1650 498 1683 525; x_wconf 88' lang='grc' dir='ltr'><strong>με</strong></span> <span class='ocrx_word' id='word_1_485' title='bbox 1717 489 1808 516; x_wconf 81' lang='grc' dir='ltr'>Κάλε-</span> 
     </span>
    </p>
   </div>
   <div class='ocr_carea' id='block_1_70' title="bbox 1017 534 1807 572">
    <p class='ocr_par' dir='ltr' id='par_1_70' title="bbox 1017 534 1807 572">
     <span class='ocr_line' id='line_1_70' title="bbox 1017 534 1807 572; baseline 0.003 -12"><span class='ocrx_word' id='word_1_486' title='bbox 1017 535 1062 561; x_wconf 84' lang='grc' dir='ltr'>σόν</span> <span class='ocrx_word' id='word_1_487' title='bbox 1087 543 1131 569; x_wconf 84' lang='grc' dir='ltr'><strong>μοι</strong></span> <span class='ocrx_word' id='word_1_488' title='bbox 1151 534 1197 560; x_wconf 73' lang='grc' dir='ltr'>τὸν</span> <span class='ocrx_word' id='word_1_489' title='bbox 1222 535 1294 561; x_wconf 81' lang='grc' dir='ltr'>ὅσιον</span> <span class='ocrx_word' id='word_1_490' title='bbox 1318 535 1428 572; x_wconf 80' lang='grc' dir='ltr'><strong>Πατέρα</strong></span> <span class='ocrx_word' id='word_1_491' title='bbox 1450 535 1529 571; x_wconf 80' lang='grc' dir='ltr'>ἡμῶν</span> <span class='ocrx_word' id='word_1_492' title='bbox 1555 535 1722 570; x_wconf 69' lang='grc' dir='ltr'>Ἐπιφάνιον.</span> <span class='ocrx_word' id='word_1_493' title='bbox 1748 535 1807 562; x_wconf 78' lang='grc' dir='ltr'><strong>Καὶ</strong></span> 
     </span>
    </p>
   </div>
   <div class='ocr_carea' id='block_1_71' title="bbox 1016 581 1806 617">
    <p class='ocr_par' dir='ltr' id='par_1_71' title="bbox 1016 581 1806 617">
     <span class='ocr_line' id='line_1_71' title="bbox 1016 581 1806 617; baseline 0.004 -11"><span class='ocrx_word' id='word_1_494' title='bbox 1016 581 1177 617; x_wconf 79' lang='grc' dir='ltr'><strong>ἐπορεύθην,</strong></span> <span class='ocrx_word' id='word_1_495' title='bbox 1197 582 1244 608; x_wconf 79' lang='grc' dir='ltr'>καὶ</span> <span class='ocrx_word' id='word_1_496' title='bbox 1268 581 1385 608; x_wconf 77' lang='grc' dir='ltr'>ἐκάλεσα</span> <span class='ocrx_word' id='word_1_497' title='bbox 1406 582 1496 609; x_wconf 82' lang='grc' dir='ltr'>αὐτόν.</span> <span class='ocrx_word' id='word_1_498' title='bbox 1523 582 1696 614; x_wconf 80' lang='grc' dir='ltr'><strong>Εἰσελθόντος</strong></span> <span class='ocrx_word' id='word_1_499' title='bbox 1710 582 1738 609; x_wconf 87' lang='grc' dir='ltr'><strong>δέ</strong></span> <span class='ocrx_word' id='word_1_500' title='bbox 1753 582 1806 609; x_wconf 86' lang='grc' dir='ltr'><strong>αὐ-</strong></span> 
     </span>
    </p>
   </div>
   <div class='ocr_carea' id='block_1_72' title="bbox 1015 617 1806 664">
    <p class='ocr_par' dir='ltr' id='par_1_72' title="bbox 1015 617 1806 664">
     <span class='ocr_line' id='line_1_72' title="bbox 1015 617 1806 664; baseline 0.001 -11"><span class='ocrx_word' id='word_1_501' title='bbox 1015 627 1078 659; x_wconf 74' lang='grc' dir='ltr'>τοῦ,</span> <span class='ocrx_word' id='word_1_502' title='bbox 1093 625 1168 654; x_wconf 76' lang='grc' dir='ltr'>εἶπεν</span> <span class='ocrx_word' id='word_1_503' title='bbox 1190 628 1347 662; x_wconf 78' lang='grc' dir='ltr'>Ἐπιφάνιος</span> <span class='ocrx_word' id='word_1_504' title='bbox 1364 617 1430 663; x_wconf 56' lang='grc' dir='ltr'>τέρος</span> <span class='ocrx_word' id='word_1_505' title='bbox 1446 628 1586 664; x_wconf 77' lang='grc' dir='ltr'><strong>Ἰωάννην·</strong></span> <span class='ocrx_word' id='word_1_506' title='bbox 1602 628 1735 663; x_wconf 80' lang='grc' dir='ltr'>Ἀμελεῐς,</span> <span class='ocrx_word' id='word_1_507' title='bbox 1750 636 1806 663; x_wconf 82' lang='grc' dir='ltr'>φη-</span> 
     </span>
    </p>
   </div>
   <div class='ocr_carea' id='block_1_73' title="bbox 1018 673 1807 710">
    <p class='ocr_par' dir='ltr' id='par_1_73' title="bbox 1018 673 1807 710">
     <span class='ocr_line' id='line_1_73' title="bbox 1018 673 1807 710; baseline 0.003 -11"><span class='ocrx_word' id='word_1_508' title='bbox 1018 673 1070 706; x_wconf 81' lang='grc' dir='ltr'>σὶν,</span> <span class='ocrx_word' id='word_1_509' title='bbox 1087 673 1178 708; x_wconf 85' lang='grc' dir='ltr'>Πάτερ</span> <span class='ocrx_word' id='word_1_510' title='bbox 1196 673 1333 708; x_wconf 83' lang='grc' dir='ltr'>Ἰωάννης,</span> <span class='ocrx_word' id='word_1_511' title='bbox 1357 674 1403 700; x_wconf 78' lang='grc' dir='ltr'>τοῦ</span> <span class='ocrx_word' id='word_1_512' title='bbox 1424 673 1549 709; x_wconf 71' lang='grc' dir='ltr'>εὔχεσθαι</span> <span class='ocrx_word' id='word_1_513' title='bbox 1565 674 1635 710; x_wconf 82' lang='grc' dir='ltr'>ὑπὲρ</span> <span class='ocrx_word' id='word_1_514' title='bbox 1651 674 1698 701; x_wconf 82' lang='grc' dir='ltr'>τοῦ</span> <span class='ocrx_word' id='word_1_515' title='bbox 1715 675 1807 710; x_wconf 85' lang='grc' dir='ltr'>ἀμαρ-</span> 
     </span>
    </p>
   </div>
   <div class='ocr_carea' id='block_1_74' title="bbox 1016 716 1806 754">
    <p class='ocr_par' dir='ltr' id='par_1_74' title="bbox 1016 716 1806 754">
     <span class='ocr_line' id='line_1_74' title="bbox 1016 716 1806 754; baseline 0.003 -10"><span class='ocrx_word' id='word_1_516' title='bbox 1016 718 1101 744; x_wconf 85' lang='grc' dir='ltr'>τωλοῦ</span> <span class='ocrx_word' id='word_1_517' title='bbox 1117 718 1287 753; x_wconf 75' lang='grc' dir='ltr'>Ἐπιφανίου.</span> <span class='ocrx_word' id='word_1_518' title='bbox 1313 716 1395 744; x_wconf 77' lang='grc' dir='ltr'>Εἶπεν</span> <span class='ocrx_word' id='word_1_519' title='bbox 1411 718 1438 745; x_wconf 83' lang='grc' dir='ltr'><strong>δὲ</strong></span> <span class='ocrx_word' id='word_1_520' title='bbox 1454 719 1580 754; x_wconf 70' lang='grc' dir='ltr'>Ἰωάννης</span> <span class='ocrx_word' id='word_1_521' title='bbox 1601 719 1670 754; x_wconf 78' lang='grc' dir='ltr'>πρὸς</span> <span class='ocrx_word' id='word_1_522' title='bbox 1689 719 1806 753; x_wconf 79' lang='grc' dir='ltr'>Ἐπιφά-</span> 
     </span>
    </p>
   </div>
   <div class='ocr_carea' id='block_1_75' title="bbox 1017 761 1804 801">
    <p class='ocr_par' dir='ltr' id='par_1_75' title="bbox 1017 761 1804 801">
     <span class='ocr_line' id='line_1_75' title="bbox 1017 761 1804 801; baseline 0.001 -10"><span class='ocrx_word' id='word_1_523' title='bbox 1017 773 1088 791; x_wconf 84' lang='grc' dir='ltr'>νιον·</span> <span class='ocrx_word' id='word_1_524' title='bbox 1106 765 1220 800; x_wconf 83' lang='grc' dir='ltr'>Ποίησον</span> <span class='ocrx_word' id='word_1_525' title='bbox 1234 764 1326 800; x_wconf 82' lang='grc' dir='ltr'><strong>εὐχὴν,</strong></span> <span class='ocrx_word' id='word_1_526' title='bbox 1345 761 1367 791; x_wconf 82' lang='grc' dir='ltr'><strong>ὦ</strong></span> <span class='ocrx_word' id='word_1_527' title='bbox 1388 765 1488 800; x_wconf 83' lang='grc' dir='ltr'><strong>Πάτερ,</strong></span> <span class='ocrx_word' id='word_1_528' title='bbox 1507 764 1561 800; x_wconf 77' lang='grc' dir='ltr'><strong>ἔχω</strong></span> <span class='ocrx_word' id='word_1_529' title='bbox 1577 765 1631 801; x_wconf 79' lang='grc' dir='ltr'><strong>γὰρ</strong></span> <span class='ocrx_word' id='word_1_530' title='bbox 1645 765 1761 800; x_wconf 78' lang='grc' dir='ltr'>λαλῆσαί</span> <span class='ocrx_word' id='word_1_531' title='bbox 1777 775 1804 792; x_wconf 83' lang='grc' dir='ltr'><strong>τι</strong></span> 
     </span>
    </p>
   </div>
   <div class='ocr_carea' id='block_1_76' title="bbox 1017 808 1804 847">
    <p class='ocr_par' dir='ltr' id='par_1_76' title="bbox 1017 808 1804 847">
     <span class='ocr_line' id='line_1_76' title="bbox 1017 808 1804 847; baseline 0.003 -11"><span class='ocrx_word' id='word_1_532' title='bbox 1017 810 1085 845; x_wconf 83' lang='grc' dir='ltr'>πρὸς</span> <span class='ocrx_word' id='word_1_533' title='bbox 1099 811 1138 837; x_wconf 84' lang='grc' dir='ltr'><strong>σέ.</strong></span> <span class='ocrx_word' id='word_1_534' title='bbox 1162 811 1190 837; x_wconf 88' lang='grc' dir='ltr'><strong>Ὀ</strong></span> <span class='ocrx_word' id='word_1_535' title='bbox 1206 808 1252 837; x_wconf 82' lang='grc' dir='ltr'>οὖν</span> <span class='ocrx_word' id='word_1_536' title='bbox 1266 810 1424 845; x_wconf 77' lang='grc' dir='ltr'>Ἑπιῳάνιος</span> <span class='ocrx_word' id='word_1_537' title='bbox 1439 811 1565 846; x_wconf 79' lang='grc' dir='ltr'>ἐποίησεν</span> <span class='ocrx_word' id='word_1_538' title='bbox 1579 811 1627 847; x_wconf 79' lang='grc' dir='ltr'><strong>τὴν</strong></span> <span class='ocrx_word' id='word_1_539' title='bbox 1649 812 1741 846; x_wconf 79' lang='grc' dir='ltr'>εὐχήν.</span> <span class='ocrx_word' id='word_1_540' title='bbox 1757 811 1804 838; x_wconf 87' lang='lat' dir='ltr'><strong>El-</strong></span> 
     </span>
    </p>
   </div>
   <div class='ocr_carea' id='block_1_77' title="bbox 1014 855 1803 892">
    <p class='ocr_par' dir='ltr' id='par_1_77' title="bbox 1014 855 1803 892">
     <span class='ocr_line' id='line_1_77' title="bbox 1014 855 1803 892; baseline 0.003 -10"><span class='ocrx_word' id='word_1_541' title='bbox 1014 857 1117 882; x_wconf 81' lang='grc' dir='ltr'>πόντων</span> <span class='ocrx_word' id='word_1_542' title='bbox 1132 856 1160 882; x_wconf 77' lang='grc' dir='ltr'><strong>δὲ</strong></span> <span class='ocrx_word' id='word_1_543' title='bbox 1182 857 1289 883; x_wconf 78' lang='grc' dir='ltr'>πάντων</span> <span class='ocrx_word' id='word_1_544' title='bbox 1299 857 1328 883; x_wconf 87' lang='grc' dir='ltr'><strong>τὺ</strong></span> <span class='ocrx_word' id='word_1_545' title='bbox 1349 857 1443 892; x_wconf 82' lang='grc' dir='ltr'>Ἀμὴν,</span> <span class='ocrx_word' id='word_1_546' title='bbox 1459 855 1535 884; x_wconf 83' lang='grc' dir='ltr'>εἶπεν</span> <span class='ocrx_word' id='word_1_547' title='bbox 1548 858 1674 892; x_wconf 83' lang='grc' dir='ltr'>Ἰωάννης</span> <span class='ocrx_word' id='word_1_548' title='bbox 1687 857 1803 892; x_wconf 76' lang='grc' dir='ltr'>Ἐπιφα-</span> 
     </span>
    </p>
   </div>
   <div class='ocr_carea' id='block_1_78' title="bbox 1014 901 1805 938">
    <p class='ocr_par' dir='ltr' id='par_1_78' title="bbox 1014 901 1805 938">
     <span class='ocr_line' id='line_1_78' title="bbox 1014 901 1805 938; baseline 0.001 -10"><span class='ocrx_word' id='word_1_549' title='bbox 1014 902 1062 937; x_wconf 80' lang='grc' dir='ltr'><strong>νίῳ</strong></span> <span class='ocrx_word' id='word_1_550' title='bbox 1073 911 1079 918; x_wconf 92' lang='grc'><strong>·</strong></span> <span class='ocrx_word' id='word_1_551' title='bbox 1091 903 1220 936; x_wconf 85' lang='grc' dir='ltr'>Ἔγγισὸν</span> <span class='ocrx_word' id='word_1_552' title='bbox 1242 911 1297 938; x_wconf 85' lang='grc' dir='ltr'>μοι,</span> <span class='ocrx_word' id='word_1_553' title='bbox 1315 903 1416 938; x_wconf 84' lang='grc' dir='ltr'>Πάτερ.</span> <span class='ocrx_word' id='word_1_554' title='bbox 1431 903 1483 930; x_wconf 75' lang='grc' dir='ltr'><strong>Καὶ</strong></span> <span class='ocrx_word' id='word_1_555' title='bbox 1496 904 1607 938; x_wconf 75' lang='grc' dir='ltr'>ἤγγισεν</span> <span class='ocrx_word' id='word_1_556' title='bbox 1621 902 1703 938; x_wconf 84' lang='grc' dir='ltr'>αύτῷ.</span> <span class='ocrx_word' id='word_1_557' title='bbox 1720 901 1805 930; x_wconf 70' lang='grc' dir='ltr'>Εἶπεν</span> 
     </span>
    </p>
   </div>
   <div class='ocr_carea' id='block_1_79' title="bbox 1014 948 1802 984">
    <p class='ocr_par' dir='ltr' id='par_1_79' title="bbox 1014 948 1802 984">
     <span class='ocr_line' id='line_1_79' title="bbox 1014 948 1802 984; baseline 0.001 -10"><span class='ocrx_word' id='word_1_558' title='bbox 1014 949 1042 975; x_wconf 80' lang='grc' dir='ltr'>δὲ</span> <span class='ocrx_word' id='word_1_559' title='bbox 1051 948 1176 984; x_wconf 79' lang='grc' dir='ltr'>Ἰωάννης</span> <span class='ocrx_word' id='word_1_560' title='bbox 1187 949 1254 984; x_wconf 73' lang='grc' dir='ltr'>πρὸς</span> <span class='ocrx_word' id='word_1_561' title='bbox 1269 948 1427 982; x_wconf 70' lang='grc' dir='ltr'>Ἐπιφάνιον</span> <span class='ocrx_word' id='word_1_562' title='bbox 1440 957 1446 964; x_wconf 82' lang='grc'><strong><em>⁸</em></strong></span> <span class='ocrx_word' id='word_1_563' title='bbox 1463 949 1572 980; x_wconf 83' lang='grc' dir='ltr'>Ἐπίθες</span> <span class='ocrx_word' id='word_1_564' title='bbox 1582 948 1630 980; x_wconf 82' lang='grc' dir='ltr'><strong>τὰς</strong></span> <span class='ocrx_word' id='word_1_565' title='bbox 1643 949 1735 984; x_wconf 80' lang='grc' dir='ltr'>χεῖράς</span> <span class='ocrx_word' id='word_1_566' title='bbox 1753 958 1802 975; x_wconf 86' lang='grc' dir='ltr'><strong>σου</strong></span> 
     </span>
    </p>
   </div>
   <div class='ocr_carea' id='block_1_80' title="bbox 1014 994 1801 1030">
    <p class='ocr_par' dir='ltr' id='par_1_80' title="bbox 1014 994 1801 1030">
     <span class='ocr_line' id='line_1_80' title="bbox 1014 994 1801 1030; baseline 0.001 -10"><span class='ocrx_word' id='word_1_567' title='bbox 1014 995 1059 1021; x_wconf 70' lang='grc' dir='ltr'>ἐπὶ</span> <span class='ocrx_word' id='word_1_568' title='bbox 1074 995 1138 1026; x_wconf 83' lang='grc' dir='ltr'>τοὺς</span> <span class='ocrx_word' id='word_1_569' title='bbox 1153 994 1308 1030; x_wconf 80' lang='grc' dir='ltr'>ὀφθαλμούς</span> <span class='ocrx_word' id='word_1_570' title='bbox 1326 1004 1388 1029; x_wconf 75' lang='grc' dir='ltr'>μου,</span> <span class='ocrx_word' id='word_1_571' title='bbox 1413 996 1459 1021; x_wconf 68' lang='grc' dir='ltr'>καὶ</span> <span class='ocrx_word' id='word_1_572' title='bbox 1480 995 1604 1021; x_wconf 80' lang='grc' dir='ltr'>ἄσπασαί</span> <span class='ocrx_word' id='word_1_573' title='bbox 1627 1003 1677 1030; x_wconf 88' lang='grc' dir='ltr'>με,</span> <span class='ocrx_word' id='word_1_574' title='bbox 1693 995 1801 1029; x_wconf 79' lang='grc' dir='ltr'>Πάτερ·</span> 
     </span>
    </p>
   </div>
   <div class='ocr_carea' id='block_1_81' title="bbox 1016 1040 1804 1076">
    <p class='ocr_par' dir='ltr' id='par_1_81' title="bbox 1016 1040 1804 1076">
     <span class='ocr_line' id='line_1_81' title="bbox 1016 1040 1804 1076; baseline 0.001 -10"><span class='ocrx_word' id='word_1_575' title='bbox 1016 1040 1070 1067; x_wconf 79' lang='grc' dir='ltr'>ἰδοὺ</span> <span class='ocrx_word' id='word_1_576' title='bbox 1082 1040 1135 1076; x_wconf 82' lang='grc' dir='ltr'><strong>γὰρ</strong></span> <span class='ocrx_word' id='word_1_577' title='bbox 1148 1041 1274 1067; x_wconf 74' lang='grc' dir='ltr'>ἐκλείπω.</span> <span class='ocrx_word' id='word_1_578' title='bbox 1290 1041 1345 1067; x_wconf 70' lang='grc' dir='ltr'><strong>Καὶ</strong></span> <span class='ocrx_word' id='word_1_579' title='bbox 1362 1040 1495 1076; x_wconf 80' lang='grc' dir='ltr'>ἐπὲοηκεν</span> <span class='ocrx_word' id='word_1_580' title='bbox 1510 1041 1668 1075; x_wconf 81' lang='grc' dir='ltr'>Ἐπιφάνιος</span> <span class='ocrx_word' id='word_1_581' title='bbox 1681 1041 1727 1067; x_wconf 61' lang='grc' dir='ltr'><strong>ἐπὶ¹</strong></span> <span class='ocrx_word' id='word_1_582' title='bbox 1740 1042 1804 1073; x_wconf 80' lang='grc' dir='ltr'>τοὺς</span> 
     </span>
    </p>
   </div>
   <div class='ocr_carea' id='block_1_82' title="bbox 1014 1085 1804 1121">
    <p class='ocr_par' dir='ltr' id='par_1_82' title="bbox 1014 1085 1804 1121">
     <span class='ocr_line' id='line_1_82' title="bbox 1014 1085 1804 1121; baseline -0.001 -9"><span class='ocrx_word' id='word_1_583' title='bbox 1014 1086 1168 1121; x_wconf 65' lang='grc' dir='ltr'>ὀφθαλμούς</span> <span class='ocrx_word' id='word_1_584' title='bbox 1185 1086 1278 1117; x_wconf 71' lang='grc' dir='ltr'>αὐτοῦ,</span> <span class='ocrx_word' id='word_1_585' title='bbox 1292 1086 1338 1112; x_wconf 81' lang='grc' dir='ltr'>καὶ</span> <span class='ocrx_word' id='word_1_586' title='bbox 1353 1086 1494 1119; x_wconf 80' lang='grc' dir='ltr'>ἠσπάσατο</span> <span class='ocrx_word' id='word_1_587' title='bbox 1507 1085 1597 1112; x_wconf 79' lang='grc' dir='ltr'>αὐτόν.</span> <span class='ocrx_word' id='word_1_588' title='bbox 1614 1086 1669 1112; x_wconf 82' lang='grc' dir='ltr'><strong>Καὶ</strong></span> <span class='ocrx_word' id='word_1_589' title='bbox 1677 1085 1804 1121; x_wconf 79' lang='grc' dir='ltr'>Ἰωάννης</span> 
     </span>
    </p>
   </div>
   <div class='ocr_carea' id='block_1_83' title="bbox 1015 1131 1804 1167">
    <p class='ocr_par' dir='ltr' id='par_1_83' title="bbox 1015 1131 1804 1167">
     <span class='ocr_line' id='line_1_83' title="bbox 1015 1131 1804 1167; baseline -0.003 -8"><span class='ocrx_word' id='word_1_590' title='bbox 1015 1132 1168 1167; x_wconf 73' lang='grc' dir='ltr'>παρέδωκεν</span> <span class='ocrx_word' id='word_1_591' title='bbox 1197 1133 1227 1159; x_wconf 82' lang='grc' dir='ltr'>τὸ</span> <span class='ocrx_word' id='word_1_592' title='bbox 1250 1132 1375 1167; x_wconf 76' lang='grc' dir='ltr'>πνεῦμα·</span> <span class='ocrx_word' id='word_1_593' title='bbox 1404 1134 1450 1160; x_wconf 67' lang='grc' dir='ltr'><strong>καὶ</strong></span> <span class='ocrx_word' id='word_1_594' title='bbox 1486 1132 1623 1159; x_wconf 80' lang='grc' dir='ltr'>ἐπιπεσὼν</span> <span class='ocrx_word' id='word_1_595' title='bbox 1644 1131 1804 1165; x_wconf 74' lang='grc' dir='ltr'>Ἑπιφάνιος</span> 
     </span>
    </p>
   </div>
   <div class='ocr_carea' id='block_1_84' title="bbox 1015 1177 1802 1214">
    <p class='ocr_par' dir='ltr' id='par_1_84' title="bbox 1015 1177 1802 1214">
     <span class='ocr_line' id='line_1_84' title="bbox 1015 1177 1802 1214; baseline -0.001 -10"><span class='ocrx_word' id='word_1_596' title='bbox 1015 1178 1060 1204; x_wconf 77' lang='grc' dir='ltr'>ἐπὶ</span> <span class='ocrx_word' id='word_1_597' title='bbox 1074 1178 1119 1204; x_wconf 74' lang='grc' dir='ltr'>τοῦ</span> <span class='ocrx_word' id='word_1_598' title='bbox 1139 1178 1273 1214; x_wconf 72' lang='grc' dir='ltr'>τραχήλου</span> <span class='ocrx_word' id='word_1_599' title='bbox 1287 1179 1410 1205; x_wconf 77' lang='grc' dir='ltr'>Ἰωάννου</span> <span class='ocrx_word' id='word_1_600' title='bbox 1425 1178 1556 1205; x_wconf 80' lang='grc' dir='ltr'>ἔκλαυσεν</span> <span class='ocrx_word' id='word_1_601' title='bbox 1573 1178 1663 1210; x_wconf 75' lang='grc' dir='ltr'>αὐτὸν,</span> <span class='ocrx_word' id='word_1_602' title='bbox 1681 1177 1728 1204; x_wconf 68' lang='grc' dir='ltr'>καὶ</span> <span class='ocrx_word' id='word_1_603' title='bbox 1743 1177 1802 1203; x_wconf 70' lang='grc' dir='ltr'>ἐλυ-</span> 
     </span>
    </p>
   </div>
   <div class='ocr_carea' id='block_1_85' title="bbox 1015 1224 1647 1260">
    <p class='ocr_par' dir='ltr' id='par_1_85' title="bbox 1015 1224 1647 1260">
     <span class='ocr_line' id='line_1_85' title="bbox 1015 1224 1647 1260; baseline 0.002 -10"><span class='ocrx_word' id='word_1_604' title='bbox 1015 1224 1088 1259; x_wconf 78' lang='grc' dir='ltr'>πήθη</span> <span class='ocrx_word' id='word_1_605' title='bbox 1101 1224 1259 1258; x_wconf 77' lang='grc' dir='ltr'>Ἐπιφὰνιος</span> <span class='ocrx_word' id='word_1_606' title='bbox 1273 1225 1320 1251; x_wconf 72' lang='grc' dir='ltr'><strong>ἐπὶ</strong></span> <span class='ocrx_word' id='word_1_607' title='bbox 1337 1226 1368 1260; x_wconf 83' lang='grc' dir='ltr'><strong>τῇ</strong></span> <span class='ocrx_word' id='word_1_608' title='bbox 1387 1224 1497 1260; x_wconf 79' lang='grc' dir='ltr'>τελευτῇ</span> <span class='ocrx_word' id='word_1_609' title='bbox 1511 1224 1647 1251; x_wconf 76' lang='grc' dir='ltr'>Ἰωάννου.</span> 
     </span>
    </p>
   </div>
   <div class='ocr_carea' id='block_1_86' title="bbox 1049 1269 1803 1305">
    <p class='ocr_par' dir='ltr' id='par_1_86' title="bbox 1049 1269 1803 1305">
     <span class='ocr_line' id='line_1_86' title="bbox 1049 1269 1803 1305; baseline -0.001 -9"><span class='ocrx_word' id='word_1_610' title='bbox 1049 1271 1093 1296; x_wconf 88' lang='grc' dir='ltr'><strong>Μ’.</strong></span> <span class='ocrx_word' id='word_1_611' title='bbox 1122 1271 1190 1296; x_wconf 53' lang='lat' dir='ltr'><strong>um:</strong></span> <span class='ocrx_word' id='word_1_612' title='bbox 1222 1269 1268 1297; x_wconf 74' lang='grc' dir='ltr'><strong>οὖν</strong></span> <span class='ocrx_word' id='word_1_613' title='bbox 1291 1271 1448 1305; x_wconf 70' lang='grc' dir='ltr'>Ἐπιφάνιος</span> <span class='ocrx_word' id='word_1_614' title='bbox 1473 1270 1563 1296; x_wconf 84' lang='grc' dir='ltr'>πεσὼν</span> <span class='ocrx_word' id='word_1_615' title='bbox 1589 1271 1635 1296; x_wconf 73' lang='grc' dir='ltr'>ἐπὶ</span> <span class='ocrx_word' id='word_1_616' title='bbox 1659 1269 1803 1305; x_wconf 85' lang='grc' dir='ltr'>πρόσωπον</span> 
     </span>
    </p>
   </div>
   <div class='ocr_carea' id='block_1_87' title="bbox 1015 1314 1801 1350">
    <p class='ocr_par' dir='ltr' id='par_1_87' title="bbox 1015 1314 1801 1350">
     <span class='ocr_line' id='line_1_87' title="bbox 1015 1314 1801 1350; baseline 0 -10"><span class='ocrx_word' id='word_1_617' title='bbox 1015 1314 1060 1340; x_wconf 78' lang='grc' dir='ltr'>τοῦ</span> <span class='ocrx_word' id='word_1_618' title='bbox 1075 1314 1264 1349; x_wconf 74' lang='grc' dir='ltr'>παρακαλέσαι</span> <span class='ocrx_word' id='word_1_619' title='bbox 1280 1315 1324 1341; x_wconf 70' lang='grc' dir='ltr'><strong>τὸν</strong></span> <span class='ocrx_word' id='word_1_620' title='bbox 1340 1315 1415 1347; x_wconf 79' lang='grc' dir='ltr'>Θεὸν,</span> <span class='ocrx_word' id='word_1_621' title='bbox 1440 1316 1513 1347; x_wconf 75' lang='grc' dir='ltr'>ὅπως</span> <span class='ocrx_word' id='word_1_622' title='bbox 1527 1315 1701 1350; x_wconf 73' lang='grc' dir='ltr'>ἀντιλήψεται</span> <span class='ocrx_word' id='word_1_623' title='bbox 1717 1314 1801 1350; x_wconf 80' lang='grc' dir='ltr'>αύτῷ,</span> 
     </span>
    </p>
   </div>
   <div class='ocr_carea' id='block_1_88' title="bbox 1015 1357 1801 1396">
    <p class='ocr_par' dir='ltr' id='par_1_88' title="bbox 1015 1357 1801 1396">
     <span class='ocr_line' id='line_1_88' title="bbox 1015 1357 1801 1396; baseline 0.003 -12"><span class='ocrx_word' id='word_1_624' title='bbox 1015 1358 1187 1394; x_wconf 78' lang='grc' dir='ltr'>οἰκοδομῆσαι</span> <span class='ocrx_word' id='word_1_625' title='bbox 1199 1357 1272 1385; x_wconf 83' lang='grc' dir='ltr'>οἷκον</span> <span class='ocrx_word' id='word_1_626' title='bbox 1286 1359 1325 1395; x_wconf 81' lang='grc' dir='ltr'>τῷ</span> <span class='ocrx_word' id='word_1_627' title='bbox 1339 1360 1450 1394; x_wconf 80' lang='grc' dir='ltr'>ὀνόματι</span> <span class='ocrx_word' id='word_1_628' title='bbox 1465 1360 1545 1386; x_wconf 77' lang='grc' dir='ltr'>αὺτοῦ</span> <span class='ocrx_word' id='word_1_629' title='bbox 1560 1358 1604 1395; x_wconf 82' lang='grc' dir='ltr'><strong>(ἦν</strong></span> <span class='ocrx_word' id='word_1_630' title='bbox 1614 1360 1694 1395; x_wconf 78' lang='grc' dir='ltr'><strong>γάρή</strong></span> <span class='ocrx_word' id='word_1_631' title='bbox 1708 1360 1801 1396; x_wconf 82' lang='grc' dir='ltr'>πρώτη</span> 
     </span>
    </p>
   </div>
   <div class='ocr_carea' id='block_1_89' title="bbox 1015 1404 1802 1442">
    <p class='ocr_par' dir='ltr' id='par_1_89' title="bbox 1015 1404 1802 1442">
     <span class='ocr_line' id='line_1_89' title="bbox 1015 1404 1802 1442; baseline 0.003 -11"><span class='ocrx_word' id='word_1_632' title='bbox 1015 1405 1146 1440; x_wconf 80' lang='grc' dir='ltr'>ἐκκλησία</span> <span class='ocrx_word' id='word_1_633' title='bbox 1163 1406 1249 1441; x_wconf 78' lang='grc' dir='ltr'>μικρὰ</span> <span class='ocrx_word' id='word_1_634' title='bbox 1264 1406 1331 1442; x_wconf 78' lang='grc' dir='ltr'>πρὸς</span> <span class='ocrx_word' id='word_1_635' title='bbox 1343 1407 1406 1437; x_wconf 71' lang='grc' dir='ltr'>τοὺς</span> <span class='ocrx_word' id='word_1_636' title='bbox 1420 1406 1637 1442; x_wconf 73' lang='grc' dir='ltr'>εἰσερχομένους)</span> <span class='ocrx_word' id='word_1_637' title='bbox 1649 1415 1656 1422; x_wconf 86' lang='grc'><strong>·</strong></span> <span class='ocrx_word' id='word_1_638' title='bbox 1671 1406 1709 1438; x_wconf 82' lang='grc' dir='ltr'>ὡς</span> <span class='ocrx_word' id='word_1_639' title='bbox 1723 1407 1751 1433; x_wconf 82' lang='grc' dir='ltr'><strong>δὲ</strong></span> <span class='ocrx_word' id='word_1_640' title='bbox 1767 1404 1802 1442; x_wconf 83' lang='grc' dir='ltr'>ἦν</span> 
     </span>
    </p>
   </div>
   <div class='ocr_carea' id='block_1_90' title="bbox 1015 1451 1800 1487">
    <p class='ocr_par' dir='ltr' id='par_1_90' title="bbox 1015 1451 1800 1487">
     <span class='ocr_line' id='line_1_90' title="bbox 1015 1451 1800 1487; baseline 0.004 -12"><span class='ocrx_word' id='word_1_641' title='bbox 1015 1451 1060 1476; x_wconf 77' lang='grc' dir='ltr'>ἐπὶ</span> <span class='ocrx_word' id='word_1_642' title='bbox 1077 1451 1220 1486; x_wconf 77' lang='grc' dir='ltr'>πρόσωπον</span> <span class='ocrx_word' id='word_1_643' title='bbox 1233 1451 1358 1486; x_wconf 74' lang='grc' dir='ltr'>δεόμενος</span> <span class='ocrx_word' id='word_1_644' title='bbox 1370 1451 1416 1478; x_wconf 74' lang='grc' dir='ltr'>τοῦ</span> <span class='ocrx_word' id='word_1_645' title='bbox 1429 1451 1497 1478; x_wconf 75' lang='grc' dir='ltr'>Θεοῦ</span> <span class='ocrx_word' id='word_1_646' title='bbox 1514 1452 1578 1487; x_wconf 65' lang='grc' dir='ltr'>περὶ</span> <span class='ocrx_word' id='word_1_647' title='bbox 1589 1452 1637 1487; x_wconf 81' lang='grc' dir='ltr'>τῆς</span> <span class='ocrx_word' id='word_1_648' title='bbox 1648 1452 1742 1487; x_wconf 80' lang='grc' dir='ltr'>χρείας</span> <span class='ocrx_word' id='word_1_649' title='bbox 1754 1452 1800 1478; x_wconf 81' lang='grc' dir='ltr'>τοῦ</span> 
     </span>
    </p>
   </div>
   <div class='ocr_carea' id='block_1_91' title="bbox 1016 1496 1800 1533">
    <p class='ocr_par' dir='ltr' id='par_1_91' title="bbox 1016 1496 1800 1533">
     <span class='ocr_line' id='line_1_91' title="bbox 1016 1496 1800 1533; baseline 0.003 -11"><span class='ocrx_word' id='word_1_650' title='bbox 1016 1496 1090 1527; x_wconf 79' lang='grc' dir='ltr'>ναοῦ,</span> <span class='ocrx_word' id='word_1_651' title='bbox 1107 1496 1152 1523; x_wconf 75' lang='grc' dir='ltr'>τοῦ</span> <span class='ocrx_word' id='word_1_652' title='bbox 1166 1497 1232 1523; x_wconf 77' lang='grc' dir='ltr'>Θεοῦ</span> <span class='ocrx_word' id='word_1_653' title='bbox 1249 1497 1324 1533; x_wconf 81' lang='grc' dir='ltr'>φωνὴ</span> <span class='ocrx_word' id='word_1_654' title='bbox 1338 1497 1446 1532; x_wconf 81' lang='grc' dir='ltr'>ἐγένετο</span> <span class='ocrx_word' id='word_1_655' title='bbox 1459 1498 1525 1533; x_wconf 86' lang='grc' dir='ltr'>πρὸς</span> <span class='ocrx_word' id='word_1_656' title='bbox 1538 1498 1618 1524; x_wconf 83' lang='grc' dir='ltr'>αὐτόν</span> <span class='ocrx_word' id='word_1_657' title='bbox 1628 1507 1634 1512; x_wconf 89' lang='grc'>·</span> <span class='ocrx_word' id='word_1_658' title='bbox 1649 1497 1800 1532; x_wconf 72' lang='grc' dir='ltr'>Ἐπιφάνιε,</span> 
     </span>
    </p>
   </div>
   <div class='ocr_carea' id='block_1_92' title="bbox 1016 1541 1802 1577">
    <p class='ocr_par' dir='ltr' id='par_1_92' title="bbox 1016 1541 1802 1577">
     <span class='ocr_line' id='line_1_92' title="bbox 1016 1541 1802 1577; baseline 0.003 -10"><span class='ocrx_word' id='word_1_659' title='bbox 1016 1541 1108 1577; x_wconf 78' lang='grc' dir='ltr'>φησίν.</span> <span class='ocrx_word' id='word_1_660' title='bbox 1138 1541 1167 1569; x_wconf 84' lang='grc'><strong>’0</strong></span> <span class='ocrx_word' id='word_1_661' title='bbox 1188 1543 1217 1569; x_wconf 83' lang='grc' dir='ltr'>δὲ</span> <span class='ocrx_word' id='word_1_662' title='bbox 1239 1542 1397 1576; x_wconf 79' lang='grc' dir='ltr'>Ἐπιφάνιος</span> <span class='ocrx_word' id='word_1_663' title='bbox 1422 1543 1511 1569; x_wconf 77' lang='grc' dir='ltr'>εἰώθει</span> <span class='ocrx_word' id='word_1_664' title='bbox 1538 1542 1667 1575; x_wconf 79' lang='grc' dir='ltr'>πολλάκις</span> <span class='ocrx_word' id='word_1_665' title='bbox 1692 1543 1802 1570; x_wconf 83' lang='grc' dir='ltr'>ἀκούειν</span> 
     </span>
    </p>
   </div>
   <div class='ocr_carea' id='block_1_93' title="bbox 1015 1587 1800 1624">
    <p class='ocr_par' dir='ltr' id='par_1_93' title="bbox 1015 1587 1800 1624">
     <span class='ocr_line' id='line_1_93' title="bbox 1015 1587 1800 1624; baseline 0 -10"><span class='ocrx_word' id='word_1_666' title='bbox 1015 1588 1141 1623; x_wconf 82' lang='grc' dir='ltr'>τοιαύτης</span> <span class='ocrx_word' id='word_1_667' title='bbox 1155 1588 1246 1623; x_wconf 73' lang='grc' dir='ltr'>φωνῆς</span> <span class='ocrx_word' id='word_1_668' title='bbox 1257 1597 1263 1603; x_wconf 92' lang='grc'><strong>·</strong></span> <span class='ocrx_word' id='word_1_669' title='bbox 1290 1589 1326 1624; x_wconf 84' lang='grc' dir='ltr'>μὴ</span> <span class='ocrx_word' id='word_1_670' title='bbox 1340 1589 1483 1624; x_wconf 75' lang='grc' dir='ltr'>ταραχθεὶς</span> <span class='ocrx_word' id='word_1_671' title='bbox 1499 1587 1545 1615; x_wconf 85' lang='grc' dir='ltr'><strong>οὖν</strong></span> <span class='ocrx_word' id='word_1_672' title='bbox 1563 1587 1639 1616; x_wconf 80' lang='grc' dir='ltr'>εἶπεν</span> <span class='ocrx_word' id='word_1_673' title='bbox 1649 1597 1656 1603; x_wconf 89' lang='grc'><strong>·</strong></span> <span class='ocrx_word' id='word_1_674' title='bbox 1670 1588 1702 1614; x_wconf 88' lang='grc' dir='ltr'>Τί</span> <span class='ocrx_word' id='word_1_675' title='bbox 1718 1590 1800 1621; x_wconf 66' lang='grc' dir='ltr'>ἐστιν,</span> 
     </span>
    </p>
   </div>
   <div class='ocr_carea' id='block_1_94' title="bbox 1015 1632 1802 1669">
    <p class='ocr_par' dir='ltr' id='par_1_94' title="bbox 1015 1632 1802 1669">
     <span class='ocr_line' id='line_1_94' title="bbox 1015 1632 1802 1669; baseline 0.003 -11"><span class='ocrx_word' id='word_1_676' title='bbox 1015 1633 1029 1658; x_wconf 77' lang='grc' dir='ltr'>ὁ</span> <span class='ocrx_word' id='word_1_677' title='bbox 1047 1632 1112 1663; x_wconf 83' lang='grc' dir='ltr'>Θεός</span> <span class='ocrx_word' id='word_1_678' title='bbox 1136 1641 1204 1667; x_wconf 86' lang='grc' dir='ltr'>μου;</span> <span class='ocrx_word' id='word_1_679' title='bbox 1227 1633 1282 1660; x_wconf 73' lang='grc' dir='ltr'><strong>Καὶ</strong></span> <span class='ocrx_word' id='word_1_680' title='bbox 1302 1633 1382 1660; x_wconf 83' lang='grc' dir='ltr'>πάλιν</span> <span class='ocrx_word' id='word_1_681' title='bbox 1394 1642 1400 1648; x_wconf 94' lang='grc'><strong>·</strong></span> <span class='ocrx_word' id='word_1_682' title='bbox 1417 1633 1514 1668; x_wconf 77' lang='grc' dir='ltr'>Ἀρξαι</span> <span class='ocrx_word' id='word_1_683' title='bbox 1527 1634 1574 1660; x_wconf 70' lang='grc' dir='ltr'>τοῦ</span> <span class='ocrx_word' id='word_1_684' title='bbox 1593 1634 1743 1669; x_wconf 80' lang='grc' dir='ltr'>οἰκοδομεῖν</span> <span class='ocrx_word' id='word_1_685' title='bbox 1756 1634 1802 1660; x_wconf 71' lang='grc' dir='ltr'><strong>τὸν</strong></span> 
     </span>
    </p>
   </div>
   <div class='ocr_carea' id='block_1_95' title="bbox 1015 1676 1802 1714">
    <p class='ocr_par' dir='ltr' id='par_1_95' title="bbox 1015 1676 1802 1714">
     <span class='ocr_line' id='line_1_95' title="bbox 1015 1676 1802 1714; baseline 0.001 -10"><span class='ocrx_word' id='word_1_686' title='bbox 1015 1676 1097 1705; x_wconf 72' lang='grc' dir='ltr'>οἷκον.</span> <span class='ocrx_word' id='word_1_687' title='bbox 1119 1679 1148 1705; x_wconf 89' lang='grc' dir='ltr'><strong>Ὀ</strong></span> <span class='ocrx_word' id='word_1_688' title='bbox 1162 1679 1189 1705; x_wconf 83' lang='grc' dir='ltr'><strong>δὲ</strong></span> <span class='ocrx_word' id='word_1_689' title='bbox 1212 1678 1370 1713; x_wconf 68' lang='grc' dir='ltr'>Ἐπιφάνιος</span> <span class='ocrx_word' id='word_1_690' title='bbox 1389 1679 1490 1711; x_wconf 75' lang='grc' dir='ltr'>εὐθέως</span> <span class='ocrx_word' id='word_1_691' title='bbox 1511 1679 1548 1714; x_wconf 83' lang='grc' dir='ltr'>μὴ</span> <span class='ocrx_word' id='word_1_692' title='bbox 1568 1679 1703 1714; x_wconf 82' lang='grc' dir='ltr'>μελλήσας</span> <span class='ocrx_word' id='word_1_693' title='bbox 1726 1679 1802 1714; x_wconf 80' lang='grc' dir='ltr'>ἐξῆλ-</span> 
     </span>
    </p>
   </div>
   <div class='ocr_carea' id='block_1_96' title="bbox 1016 1725 1801 1761">
    <p class='ocr_par' dir='ltr' id='par_1_96' title="bbox 1016 1725 1801 1761">
     <span class='ocr_line' id='line_1_96' title="bbox 1016 1725 1801 1761; baseline 0.001 -11"><span class='ocrx_word' id='word_1_694' title='bbox 1016 1725 1071 1757; x_wconf 73' lang='grc' dir='ltr'>Θεν,</span> <span class='ocrx_word' id='word_1_695' title='bbox 1090 1726 1135 1752; x_wconf 69' lang='grc' dir='ltr'>καὶ</span> <span class='ocrx_word' id='word_1_696' title='bbox 1148 1725 1278 1761; x_wconf 80' lang='grc' dir='ltr'>ἐποίησεν</span> <span class='ocrx_word' id='word_1_697' title='bbox 1293 1726 1342 1760; x_wconf 86' lang='grc' dir='ltr'>τὴν</span> <span class='ocrx_word' id='word_1_698' title='bbox 1356 1725 1448 1761; x_wconf 76' lang='grc' dir='ltr'>εὐχὴν,</span> <span class='ocrx_word' id='word_1_699' title='bbox 1461 1725 1509 1752; x_wconf 80' lang='grc' dir='ltr'>καὶ</span> <span class='ocrx_word' id='word_1_700' title='bbox 1522 1726 1611 1752; x_wconf 82' lang='grc' dir='ltr'>πᾶσαν</span> <span class='ocrx_word' id='word_1_701' title='bbox 1623 1725 1671 1761; x_wconf 77' lang='grc' dir='ltr'><strong>τὴν</strong></span> <span class='ocrx_word' id='word_1_702' title='bbox 1687 1725 1801 1752; x_wconf 82' lang='grc' dir='ltr'>ἀκολου-</span> 
     </span>
    </p>
   </div>
   <div class='ocr_carea' id='block_1_97' title="bbox 1016 1768 1800 1806">
    <p class='ocr_par' dir='ltr' id='par_1_97' title="bbox 1016 1768 1800 1806">
     <span class='ocr_line' id='line_1_97' title="bbox 1016 1768 1800 1806; baseline 0 -10"><span class='ocrx_word' id='word_1_703' title='bbox 1016 1769 1089 1796; x_wconf 83' lang='grc' dir='ltr'>θείαν</span> <span class='ocrx_word' id='word_1_704' title='bbox 1104 1770 1150 1796; x_wconf 78' lang='grc' dir='ltr'>τοῦ</span> <span class='ocrx_word' id='word_1_705' title='bbox 1165 1770 1258 1802; x_wconf 76' lang='grc' dir='ltr'>τόπου,</span> <span class='ocrx_word' id='word_1_706' title='bbox 1273 1771 1320 1797; x_wconf 75' lang='grc' dir='ltr'>καὶ</span> <span class='ocrx_word' id='word_1_707' title='bbox 1333 1771 1503 1806; x_wconf 77' lang='grc' dir='ltr'>παρέστησεν</span> <span class='ocrx_word' id='word_1_708' title='bbox 1517 1770 1648 1804; x_wconf 83' lang='grc' dir='ltr'>τεχνίτας.</span> <span class='ocrx_word' id='word_1_709' title='bbox 1663 1768 1752 1796; x_wconf 80' lang='grc' dir='ltr'>ἹΙσαν</span> <span class='ocrx_word' id='word_1_710' title='bbox 1772 1770 1800 1796; x_wconf 78' lang='grc' dir='ltr'><strong>δὲ</strong></span> 
     </span>
    </p>
   </div>
   <div class='ocr_carea' id='block_1_98' title="bbox 1015 1815 1799 1852">
    <p class='ocr_par' dir='ltr' id='par_1_98' title="bbox 1015 1815 1799 1852">
     <span class='ocr_line' id='line_1_98' title="bbox 1015 1815 1799 1852; baseline -0.001 -10"><span class='ocrx_word' id='word_1_711' title='bbox 1015 1817 1037 1842; x_wconf 83' lang='lat' dir='ltr'><strong>oi</strong></span> <span class='ocrx_word' id='word_1_712' title='bbox 1051 1816 1188 1851; x_wconf 70' lang='grc' dir='ltr'><strong>⁴ἄρχοντες</strong></span> <span class='ocrx_word' id='word_1_713' title='bbox 1203 1817 1252 1851; x_wconf 86' lang='grc' dir='ltr'>τῆς</span> <span class='ocrx_word' id='word_1_714' title='bbox 1275 1816 1417 1852; x_wconf 81' lang='grc' dir='ltr'>οἰκοδομῆς</span> <span class='ocrx_word' id='word_1_715' title='bbox 1443 1817 1489 1843; x_wconf 80' lang='grc' dir='ltr'>τοῦ</span> <span class='ocrx_word' id='word_1_716' title='bbox 1510 1817 1584 1843; x_wconf 79' lang='grc' dir='ltr'>οἴκου</span> <span class='ocrx_word' id='word_1_717' title='bbox 1603 1815 1634 1848; x_wconf 82' lang='grc' dir='ltr'><strong>ξ’,</strong></span> <span class='ocrx_word' id='word_1_718' title='bbox 1650 1816 1697 1842; x_wconf 76' lang='grc' dir='ltr'><strong>καὶ</strong></span> <span class='ocrx_word' id='word_1_719' title='bbox 1712 1815 1799 1851; x_wconf 82' lang='grc' dir='ltr'>πλήθη</span> 
     </span>
    </p>
   </div>
   <div class='ocr_carea' id='block_1_99' title="bbox 1015 1859 1800 1897">
    <p class='ocr_par' dir='ltr' id='par_1_99' title="bbox 1015 1859 1800 1897">
     <span class='ocr_line' id='line_1_99' title="bbox 1015 1859 1800 1897; baseline 0.003 -11"><span class='ocrx_word' id='word_1_720' title='bbox 1015 1861 1099 1887; x_wconf 80' lang='grc' dir='ltr'>πολλὰ</span> <span class='ocrx_word' id='word_1_721' title='bbox 1123 1862 1162 1892; x_wconf 75' lang='grc' dir='ltr'><strong>εἰς</strong></span> <span class='ocrx_word' id='word_1_722' title='bbox 1185 1861 1234 1897; x_wconf 83' lang='grc' dir='ltr'>τὴν</span> <span class='ocrx_word' id='word_1_723' title='bbox 1259 1861 1359 1888; x_wconf 82' lang='grc' dir='ltr'>τούτων</span> <span class='ocrx_word' id='word_1_724' title='bbox 1381 1862 1542 1897; x_wconf 83' lang='grc' dir='ltr'>ὑπηρεσίαν.</span> <span class='ocrx_word' id='word_1_725' title='bbox 1568 1859 1656 1888; x_wconf 80' lang='grc' dir='ltr'>Ἦσαν</span> <span class='ocrx_word' id='word_1_726' title='bbox 1688 1862 1716 1888; x_wconf 82' lang='grc' dir='ltr'><strong>δὲ</strong></span> <span class='ocrx_word' id='word_1_727' title='bbox 1740 1862 1800 1888; x_wconf 83' lang='grc' dir='ltr'>τότε</span> 
     </span>
    </p>
   </div>
   <div class='ocr_carea' id='block_1_100' title="bbox 1017 1907 1799 1944">
    <p class='ocr_par' dir='ltr' id='par_1_100' title="bbox 1017 1907 1799 1944">
     <span class='ocr_line' id='line_1_100' title="bbox 1017 1907 1799 1944; baseline 0.001 -10"><span class='ocrx_word' id='word_1_728' title='bbox 1017 1907 1144 1942; x_wconf 80' lang='grc' dir='ltr'>’Έλληνες</span> <span class='ocrx_word' id='word_1_729' title='bbox 1155 1908 1184 1934; x_wconf 86' lang='grc' dir='ltr'><strong>ἐν</strong></span> <span class='ocrx_word' id='word_1_730' title='bbox 1198 1910 1230 1943; x_wconf 84' lang='grc' dir='ltr'><strong>τῇ</strong></span> <span class='ocrx_word' id='word_1_731' title='bbox 1248 1908 1323 1934; x_wconf 82' lang='grc' dir='ltr'>πόλει</span> <span class='ocrx_word' id='word_1_732' title='bbox 1345 1908 1466 1935; x_wconf 78' lang='grc' dir='ltr'>πλούσιοι</span> <span class='ocrx_word' id='word_1_733' title='bbox 1481 1908 1585 1944; x_wconf 80' lang='grc' dir='ltr'>ἄνδρες,</span> <span class='ocrx_word' id='word_1_734' title='bbox 1600 1909 1646 1935; x_wconf 74' lang='grc' dir='ltr'>ἐπὶ</span> <span class='ocrx_word' id='word_1_735' title='bbox 1662 1909 1799 1944; x_wconf 79' lang='grc' dir='ltr'>κυριεύσει</span> 
     </span>
    </p>
   </div>
   <div class='ocr_carea' id='block_1_101' title="bbox 1015 1953 1433 1988">
    <p class='ocr_par' dir='ltr' id='par_1_101' title="bbox 1015 1953 1433 1988">
     <span class='ocr_line' id='line_1_101' title="bbox 1015 1953 1433 1988; baseline 0.002 -10"><span class='ocrx_word' id='word_1_736' title='bbox 1015 1953 1161 1988; x_wconf 80' lang='grc' dir='ltr'>χρημάτων</span> <span class='ocrx_word' id='word_1_737' title='bbox 1173 1961 1201 1978; x_wconf 87' lang='grc' dir='ltr'>τε</span> <span class='ocrx_word' id='word_1_738' title='bbox 1215 1953 1262 1979; x_wconf 76' lang='grc' dir='ltr'>καὶ</span> <span class='ocrx_word' id='word_1_739' title='bbox 1277 1953 1433 1988; x_wconf 81' lang='grc' dir='ltr'>κτημάτων.</span> 
     </span>
    </p>
   </div>
   <div class='ocr_carea' id='block_1_102' title="bbox 1050 1996 1798 2033">
    <p class='ocr_par' dir='ltr' id='par_1_102' title="bbox 1050 1996 1798 2033">
     <span class='ocr_line' id='line_1_102' title="bbox 1050 1996 1798 2033; baseline -0.003 -8"><span class='ocrx_word' id='word_1_740' title='bbox 1050 1999 1118 2025; x_wconf 83' lang='lat' dir='ltr'><strong>MA’.</strong></span> <span class='ocrx_word' id='word_1_741' title='bbox 1143 1996 1196 2025; x_wconf 88' lang='grc' dir='ltr'>Ἦν</span> <span class='ocrx_word' id='word_1_742' title='bbox 1217 1998 1245 2025; x_wconf 81' lang='grc' dir='ltr'>δέ</span> <span class='ocrx_word' id='word_1_743' title='bbox 1273 2007 1314 2030; x_wconf 84' lang='grc' dir='ltr'><strong>τις</strong></span> <span class='ocrx_word' id='word_1_744' title='bbox 1335 1998 1499 2033; x_wconf 85' lang='grc' dir='ltr'>καλούμενος</span> <span class='ocrx_word' id='word_1_745' title='bbox 1521 1998 1650 2033; x_wconf 89' lang='grc' dir='ltr'>Δράκων·</span> <span class='ocrx_word' id='word_1_746' title='bbox 1676 1997 1749 2033; x_wconf 79' lang='grc' dir='ltr'>παρὰ</span> <span class='ocrx_word' id='word_1_747' title='bbox 1770 1997 1798 2023; x_wconf 72' lang='grc' dir='ltr'><strong>δὲ</strong></span> 
     </span>
    </p>
   </div>
   <div class='ocr_carea' id='block_1_103' title="bbox 1015 2039 1797 2078">
    <p class='ocr_par' dir='ltr' id='par_1_103' title="bbox 1015 2039 1797 2078">
     <span class='ocr_line' id='line_1_103' title="bbox 1015 2039 1797 2078; baseline -0.001 -9"><span class='ocrx_word' id='word_1_748' title='bbox 1015 2042 1148 2074; x_wconf 74' lang='grc' dir='ltr'>πλείστοις</span> <span class='ocrx_word' id='word_1_749' title='bbox 1162 2043 1269 2077; x_wconf 78' lang='grc' dir='ltr'>ἐλέγετο</span> <span class='ocrx_word' id='word_1_750' title='bbox 1283 2043 1296 2069; x_wconf 88' lang='grc' dir='ltr'>ὁ</span> <span class='ocrx_word' id='word_1_751' title='bbox 1312 2043 1406 2076; x_wconf 77' lang='grc' dir='ltr'>Μέγας</span> <span class='ocrx_word' id='word_1_752' title='bbox 1416 2043 1536 2078; x_wconf 88' lang='grc' dir='ltr'>Δράκων.</span> <span class='ocrx_word' id='word_1_753' title='bbox 1548 2039 1631 2074; x_wconf 77' lang='grc' dir='ltr'>υῦτος</span> <span class='ocrx_word' id='word_1_754' title='bbox 1646 2040 1718 2077; x_wconf 86' lang='grc' dir='ltr'>εἶχεν</span> <span class='ocrx_word' id='word_1_755' title='bbox 1732 2042 1797 2069; x_wconf 83' lang='grc' dir='ltr'>υἱόν·</span> 
     </span>
    </p>
   </div>
   <div class='ocr_carea' id='block_1_104' title="bbox 1014 2085 1799 2124">
    <p class='ocr_par' dir='ltr' id='par_1_104' title="bbox 1014 2085 1799 2124">
     <span class='ocr_line' id='line_1_104' title="bbox 1014 2085 1799 2124; baseline 0 -10"><span class='ocrx_word' id='word_1_756' title='bbox 1014 2089 1135 2115; x_wconf 80' lang='grc' dir='ltr'>ἐκαλεῖτο</span> <span class='ocrx_word' id='word_1_757' title='bbox 1148 2089 1175 2115; x_wconf 77' lang='grc' dir='ltr'><strong>δὲ</strong></span> <span class='ocrx_word' id='word_1_758' title='bbox 1191 2089 1237 2115; x_wconf 74' lang='grc' dir='ltr'>καὶ</span> <span class='ocrx_word' id='word_1_759' title='bbox 1253 2085 1329 2120; x_wconf 72' lang='grc' dir='ltr'>οὗτος</span> <span class='ocrx_word' id='word_1_760' title='bbox 1345 2089 1467 2124; x_wconf 84' lang='grc' dir='ltr'>Δράκων.</span> <span class='ocrx_word' id='word_1_761' title='bbox 1482 2086 1566 2120; x_wconf 68' lang='grc' dir='ltr'>Οὗτος</span> <span class='ocrx_word' id='word_1_762' title='bbox 1587 2089 1640 2115; x_wconf 81' lang='grc' dir='ltr'><strong>ἀπὸ</strong></span> <span class='ocrx_word' id='word_1_763' title='bbox 1659 2089 1799 2120; x_wconf 83' lang='grc' dir='ltr'>καύσωνος</span> 
     </span>
    </p>
   </div>
   <div class='ocr_carea' id='block_1_105' title="bbox 1014 2135 1798 2171">
    <p class='ocr_par' dir='ltr' id='par_1_105' title="bbox 1014 2135 1798 2171">
     <span class='ocr_line' id='line_1_105' title="bbox 1014 2135 1798 2171; baseline 0.001 -10"><span class='ocrx_word' id='word_1_764' title='bbox 1014 2135 1100 2161; x_wconf 75' lang='grc' dir='ltr'>δεινοῦ</span> <span class='ocrx_word' id='word_1_765' title='bbox 1121 2135 1220 2162; x_wconf 75' lang='grc' dir='ltr'>ἔπαθεν</span> <span class='ocrx_word' id='word_1_766' title='bbox 1234 2136 1283 2170; x_wconf 85' lang='grc' dir='ltr'>τὴν</span> <span class='ocrx_word' id='word_1_767' title='bbox 1298 2136 1387 2168; x_wconf 77' lang='grc' dir='ltr'>δεξιὰν</span> <span class='ocrx_word' id='word_1_768' title='bbox 1403 2136 1531 2171; x_wconf 77' lang='grc' dir='ltr'>πλευράν.</span> <span class='ocrx_word' id='word_1_769' title='bbox 1548 2136 1602 2162; x_wconf 69' lang='grc' dir='ltr'><strong>Καὶ</strong></span> <span class='ocrx_word' id='word_1_770' title='bbox 1617 2136 1700 2163; x_wconf 74' lang='grc' dir='ltr'>πολλὰ</span> <span class='ocrx_word' id='word_1_771' title='bbox 1717 2137 1731 2162; x_wconf 85' lang='grc' dir='ltr'>ὁ</span> <span class='ocrx_word' id='word_1_772' title='bbox 1748 2145 1798 2162; x_wconf 85' lang='grc' dir='ltr'>πα-</span> 
     </span>
    </p>
   </div>
   <div class='ocr_carea' id='block_1_106' title="bbox 1014 2182 1798 2218">
    <p class='ocr_par' dir='ltr' id='par_1_106' title="bbox 1014 2182 1798 2218">
     <span class='ocr_line' id='line_1_106' title="bbox 1014 2182 1798 2218; baseline 0.003 -11"><span class='ocrx_word' id='word_1_773' title='bbox 1014 2182 1066 2216; x_wconf 88' lang='grc' dir='ltr'>τὴρ</span> <span class='ocrx_word' id='word_1_774' title='bbox 1090 2182 1172 2208; x_wconf 74' lang='grc' dir='ltr'>αὐτοῦ</span> <span class='ocrx_word' id='word_1_775' title='bbox 1192 2183 1231 2214; x_wconf 87' lang='grc' dir='ltr'><strong>εἰς</strong></span> <span class='ocrx_word' id='word_1_776' title='bbox 1253 2182 1315 2213; x_wconf 74' lang='grc' dir='ltr'>τοὺς</span> <span class='ocrx_word' id='word_1_777' title='bbox 1341 2183 1447 2217; x_wconf 78' lang='grc' dir='ltr'>ἰατροὺς</span> <span class='ocrx_word' id='word_1_778' title='bbox 1463 2182 1707 2218; x_wconf 72' lang='grc' dir='ltr'>καταδαπανήσας,</span> <span class='ocrx_word' id='word_1_779' title='bbox 1724 2182 1798 2209; x_wconf 79' lang='grc' dir='ltr'>οὐδὲν</span> 
     </span>
    </p>
   </div>
   <div class='ocr_carea' id='block_1_107' title="bbox 1014 2226 1798 2263">
    <p class='ocr_par' dir='ltr' id='par_1_107' title="bbox 1014 2226 1798 2263">
     <span class='ocr_line' id='line_1_107' title="bbox 1014 2226 1798 2263; baseline 0.004 -11"><span class='ocrx_word' id='word_1_780' title='bbox 1014 2226 1136 2261; x_wconf 83' lang='grc' dir='ltr'>ὠνήσατο</span> <span class='ocrx_word' id='word_1_781' title='bbox 1161 2228 1209 2262; x_wconf 84' lang='grc' dir='ltr'>τῆς</span> <span class='ocrx_word' id='word_1_782' title='bbox 1235 2227 1338 2262; x_wconf 82' lang='grc' dir='ltr'>ὑγείας.</span> <span class='ocrx_word' id='word_1_783' title='bbox 1360 2229 1387 2254; x_wconf 88' lang='grc'><strong>’0</strong></span> <span class='ocrx_word' id='word_1_784' title='bbox 1404 2226 1450 2254; x_wconf 83' lang='grc' dir='ltr'>οὖν</span> <span class='ocrx_word' id='word_1_785' title='bbox 1476 2229 1570 2262; x_wconf 74' lang='grc' dir='ltr'>Μέγας</span> <span class='ocrx_word' id='word_1_786' title='bbox 1585 2229 1697 2263; x_wconf 69' lang='grc' dir='ltr'>Δράκων</span> <span class='ocrx_word' id='word_1_787' title='bbox 1715 2229 1798 2255; x_wconf 77' lang='grc' dir='ltr'>πολλὰ</span> 
     </span>
    </p>
   </div>
   <div class='ocr_carea' id='block_1_108' title="bbox 1014 2272 1797 2308">
    <p class='ocr_par' dir='ltr' id='par_1_108' title="bbox 1014 2272 1797 2308">
     <span class='ocr_line' id='line_1_108' title="bbox 1014 2272 1797 2308; baseline 0.003 -11"><span class='ocrx_word' id='word_1_788' title='bbox 1014 2272 1183 2298; x_wconf 83' lang='grc' dir='ltr'>ἐπεδείκνυεν</span> <span class='ocrx_word' id='word_1_789' title='bbox 1208 2272 1279 2298; x_wconf 79' lang='grc' dir='ltr'>κακὰ</span> <span class='ocrx_word' id='word_1_790' title='bbox 1303 2273 1370 2307; x_wconf 80' lang='grc' dir='ltr'>πρὸς</span> <span class='ocrx_word' id='word_1_791' title='bbox 1397 2273 1554 2308; x_wconf 68' lang='grc' dir='ltr'>Ἐπιφάνιον</span> <span class='ocrx_word' id='word_1_792' title='bbox 1581 2273 1624 2299; x_wconf 84' lang='grc' dir='ltr'><strong>διὰ</strong></span> <span class='ocrx_word' id='word_1_793' title='bbox 1646 2273 1731 2306; x_wconf 88' lang='grc' dir='ltr'>λόγων</span> <span class='ocrx_word' id='word_1_794' title='bbox 1753 2274 1797 2299; x_wconf 79' lang='grc' dir='ltr'><strong>καὶ</strong></span> 
     </span>
    </p>
   </div>
   <div class='ocr_carea' id='block_1_109' title="bbox 1014 2317 1794 2354">
    <p class='ocr_par' dir='ltr' id='par_1_109' title="bbox 1014 2317 1794 2354">
     <span class='ocr_line' id='line_1_109' title="bbox 1014 2317 1794 2354; baseline 0.003 -11"><span class='ocrx_word' id='word_1_795' title='bbox 1014 2317 1110 2353; x_wconf 79' lang='grc' dir='ltr'>ἔργων.</span> <span class='ocrx_word' id='word_1_796' title='bbox 1135 2318 1164 2344; x_wconf 84' lang='grc' dir='ltr'><strong>Ὀ</strong></span> <span class='ocrx_word' id='word_1_797' title='bbox 1180 2318 1208 2344; x_wconf 74' lang='grc' dir='ltr'><strong>δὲ</strong></span> <span class='ocrx_word' id='word_1_798' title='bbox 1220 2318 1377 2353; x_wconf 78' lang='grc' dir='ltr'>Ἐπιφάνιος</span> <span class='ocrx_word' id='word_1_799' title='bbox 1391 2319 1418 2345; x_wconf 77' lang='grc' dir='ltr'>εἴ</span> <span class='ocrx_word' id='word_1_800' title='bbox 1433 2327 1497 2345; x_wconf 82' lang='grc' dir='ltr'>ποτε</span> <span class='ocrx_word' id='word_1_801' title='bbox 1517 2318 1612 2345; x_wconf 81' lang='grc' dir='ltr'>τοῦτον</span> <span class='ocrx_word' id='word_1_802' title='bbox 1628 2318 1710 2354; x_wconf 83' lang='grc' dir='ltr'>ἐώρα,</span> <span class='ocrx_word' id='word_1_803' title='bbox 1723 2318 1794 2354; x_wconf 80' lang='grc' dir='ltr'>πρῶ-</span> 
     </span>
    </p>
   </div>
   <div class='ocr_carea' id='block_1_110' title="bbox 1013 2363 1798 2401">
    <p class='ocr_par' dir='ltr' id='par_1_110' title="bbox 1013 2363 1798 2401">
     <span class='ocr_line' id='line_1_110' title="bbox 1013 2363 1798 2401; baseline 0.001 -11"><span class='ocrx_word' id='word_1_804' title='bbox 1013 2373 1058 2396; x_wconf 88' lang='grc' dir='ltr'><strong>τος</strong></span> <span class='ocrx_word' id='word_1_805' title='bbox 1081 2363 1252 2400; x_wconf 83' lang='grc' dir='ltr'>προσεκύνει.</span> <span class='ocrx_word' id='word_1_806' title='bbox 1277 2365 1346 2391; x_wconf 84' lang='grc' dir='ltr'>Ποτὲ</span> <span class='ocrx_word' id='word_1_807' title='bbox 1371 2363 1417 2392; x_wconf 79' lang='grc' dir='ltr'>οὖν</span> <span class='ocrx_word' id='word_1_808' title='bbox 1440 2366 1598 2400; x_wconf 74' lang='grc' dir='ltr'>Ἐπιφάνιος</span> <span class='ocrx_word' id='word_1_809' title='bbox 1624 2365 1731 2401; x_wconf 88' lang='grc' dir='ltr'>παριὼν</span> <span class='ocrx_word' id='word_1_810' title='bbox 1754 2365 1798 2391; x_wconf 81' lang='grc' dir='ltr'><strong>διὰ</strong></span> 
     </span>
    </p>
   </div>
   <div class='ocr_carea' id='block_1_111' title="bbox 1013 2407 1796 2446">
    <p class='ocr_par' dir='ltr' id='par_1_111' title="bbox 1013 2407 1796 2446">
     <span class='ocr_line' id='line_1_111' title="bbox 1013 2407 1796 2446; baseline 0 -10"><span class='ocrx_word' id='word_1_811' title='bbox 1013 2409 1104 2442; x_wconf 77' lang='grc' dir='ltr'>τόπου,</span> <span class='ocrx_word' id='word_1_812' title='bbox 1130 2409 1168 2442; x_wconf 83' lang='grc' dir='ltr'><strong>ὡς</strong></span> <span class='ocrx_word' id='word_1_813' title='bbox 1188 2407 1258 2446; x_wconf 80' lang='grc' dir='ltr'>ἦσαν</span> <span class='ocrx_word' id='word_1_814' title='bbox 1279 2410 1397 2442; x_wconf 77' lang='grc' dir='ltr'>ἅπαντες</span> <span class='ocrx_word' id='word_1_815' title='bbox 1422 2412 1446 2437; x_wconf 88' lang='grc' dir='ltr'><strong>οί</strong></span> <span class='ocrx_word' id='word_1_816' title='bbox 1474 2411 1595 2438; x_wconf 83' lang='grc' dir='ltr'>πλούσιοι</span> <span class='ocrx_word' id='word_1_817' title='bbox 1617 2412 1646 2438; x_wconf 78' lang='grc' dir='ltr'><strong>ἐν</strong></span> <span class='ocrx_word' id='word_1_818' title='bbox 1666 2411 1704 2446; x_wconf 85' lang='grc' dir='ltr'>τῷ</span> <span class='ocrx_word' id='word_1_819' title='bbox 1724 2411 1796 2446; x_wconf 83' lang='grc' dir='ltr'>τόπῳ</span> 
     </span>
    </p>
   </div>
   <div class='ocr_carea' id='block_1_112' title="bbox 1013 2454 1794 2492">
    <p class='ocr_par' dir='ltr' id='par_1_112' title="bbox 1013 2454 1794 2492">
     <span class='ocr_line' id='line_1_112' title="bbox 1013 2454 1794 2492; baseline 0.004 -11"><span class='ocrx_word' id='word_1_820' title='bbox 1013 2455 1161 2491; x_wconf 84' lang='grc' dir='ltr'>καθήμενοι</span> <span class='ocrx_word' id='word_1_821' title='bbox 1175 2456 1221 2483; x_wconf 78' lang='grc' dir='ltr'>ἐπὶ</span> <span class='ocrx_word' id='word_1_822' title='bbox 1236 2456 1354 2483; x_wconf 88' lang='grc' dir='ltr'>σελλίων.</span> <span class='ocrx_word' id='word_1_823' title='bbox 1368 2454 1422 2483; x_wconf 86' lang='grc' dir='ltr'>Ἦν</span> <span class='ocrx_word' id='word_1_824' title='bbox 1435 2457 1463 2483; x_wconf 79' lang='grc' dir='ltr'><strong>δὲ</strong></span> <span class='ocrx_word' id='word_1_825' title='bbox 1478 2457 1523 2483; x_wconf 71' lang='grc' dir='ltr'><strong>καὶ</strong></span> <span class='ocrx_word' id='word_1_826' title='bbox 1539 2459 1553 2483; x_wconf 85' lang='grc' dir='ltr'>ὁ</span> <span class='ocrx_word' id='word_1_827' title='bbox 1565 2457 1659 2492; x_wconf 82' lang='grc' dir='ltr'>Μέγας</span> <span class='ocrx_word' id='word_1_828' title='bbox 1673 2457 1794 2492; x_wconf 77' lang='grc' dir='ltr'>Δράκων,</span> 
     </span>
    </p>
   </div>
   <div class='ocr_carea' id='block_1_113' title="bbox 1013 2501 1796 2538">
    <p class='ocr_par' dir='ltr' id='par_1_113' title="bbox 1013 2501 1796 2538">
     <span class='ocr_line' id='line_1_113' title="bbox 1013 2501 1796 2538; baseline 0 -10"><span class='ocrx_word' id='word_1_829' title='bbox 1013 2502 1059 2528; x_wconf 75' lang='grc' dir='ltr'><strong>καὶ</strong></span> <span class='ocrx_word' id='word_1_830' title='bbox 1083 2503 1097 2528; x_wconf 86' lang='grc' dir='ltr'>ὁ</span> <span class='ocrx_word' id='word_1_831' title='bbox 1119 2501 1176 2533; x_wconf 78' lang='grc' dir='ltr'>υἱὸς</span> <span class='ocrx_word' id='word_1_832' title='bbox 1197 2502 1276 2529; x_wconf 71' lang='grc' dir='ltr'>αὐτοῦ</span> <span class='ocrx_word' id='word_1_833' title='bbox 1296 2504 1310 2528; x_wconf 85' lang='grc' dir='ltr'>ὁ</span> <span class='ocrx_word' id='word_1_834' title='bbox 1328 2503 1448 2530; x_wconf 83' lang='grc' dir='ltr'>ἀσθενῶν</span> <span class='ocrx_word' id='word_1_835' title='bbox 1475 2504 1504 2530; x_wconf 84' lang='grc' dir='ltr'><strong>ἐν</strong></span> <span class='ocrx_word' id='word_1_836' title='bbox 1524 2503 1562 2538; x_wconf 84' lang='grc' dir='ltr'>τῷ</span> <span class='ocrx_word' id='word_1_837' title='bbox 1583 2504 1666 2538; x_wconf 80' lang='grc' dir='ltr'>τόπῳ.</span> <span class='ocrx_word' id='word_1_838' title='bbox 1689 2503 1731 2533; x_wconf 86' lang='grc' dir='ltr'>Ὧς</span> <span class='ocrx_word' id='word_1_839' title='bbox 1750 2501 1796 2528; x_wconf 68' lang='grc' dir='ltr'>οὖν</span> 
     </span>
    </p>
   </div>
   <div class='ocr_carea' id='block_1_114' title="bbox 1013 2547 1795 2582">
    <p class='ocr_par' dir='ltr' id='par_1_114' title="bbox 1013 2547 1795 2582">
     <span class='ocr_line' id='line_1_114' title="bbox 1013 2547 1795 2582; baseline -0.001 -8"><span class='ocrx_word' id='word_1_840' title='bbox 1013 2547 1067 2574; x_wconf 75' lang='grc' dir='ltr'>ἴδον</span> <span class='ocrx_word' id='word_1_841' title='bbox 1081 2548 1237 2582; x_wconf 77' lang='grc' dir='ltr'>Ἐπιφάνιον</span> <span class='ocrx_word' id='word_1_842' title='bbox 1248 2567 1256 2577; x_wconf 89' lang='grc'>.</span> <span class='ocrx_word' id='word_1_843' title='bbox 1275 2548 1429 2582; x_wconf 76' lang='grc' dir='ltr'>κατεγέλων</span> <span class='ocrx_word' id='word_1_844' title='bbox 1450 2548 1532 2574; x_wconf 76' lang='grc' dir='ltr'>αὑτοῦ</span> <span class='ocrx_word' id='word_1_845' title='bbox 1543 2557 1549 2563; x_wconf 69' lang='grc' dir='ltr'><strong>ε</strong></span> <span class='ocrx_word' id='word_1_846' title='bbox 1565 2549 1578 2575; x_wconf 77' lang='grc' dir='ltr'>ὁ</span> <span class='ocrx_word' id='word_1_847' title='bbox 1596 2548 1624 2574; x_wconf 85' lang='grc' dir='ltr'><strong>δὲ</strong></span> <span class='ocrx_word' id='word_1_848' title='bbox 1640 2547 1795 2582; x_wconf 69' lang='grc' dir='ltr'>Ἐπιφάνιος</span> 
     </span>
    </p>
   </div>
   <div class='ocr_carea' id='block_1_115' title="bbox 1013 2593 1795 2629">
    <p class='ocr_par' dir='ltr' id='par_1_115' title="bbox 1013 2593 1795 2629">
     <span class='ocr_line' id='line_1_115' title="bbox 1013 2593 1795 2629; baseline 0.001 -11"><span class='ocrx_word' id='word_1_849' title='bbox 1013 2593 1125 2627; x_wconf 76' lang='grc' dir='ltr'>ἐγγίσας</span> <span class='ocrx_word' id='word_1_850' title='bbox 1149 2595 1196 2620; x_wconf 74' lang='grc' dir='ltr'>καὶ</span> <span class='ocrx_word' id='word_1_851' title='bbox 1219 2594 1408 2629; x_wconf 84' lang='grc' dir='ltr'>προσκυνήσας</span> <span class='ocrx_word' id='word_1_852' title='bbox 1432 2594 1542 2626; x_wconf 80' lang='grc' dir='ltr'>τούτους</span> <span class='ocrx_word' id='word_1_853' title='bbox 1555 2615 1561 2625; x_wconf 85' lang='grc'>,</span> <span class='ocrx_word' id='word_1_854' title='bbox 1581 2594 1730 2628; x_wconf 78' lang='grc' dir='ltr'>ἐκράτησεν</span> <span class='ocrx_word' id='word_1_855' title='bbox 1750 2593 1795 2619; x_wconf 86' lang='grc' dir='ltr'>τὸν</span> 
     </span>
    </p>
   </div>
   <div class='ocr_carea' id='block_1_116' title="bbox 1013 2638 1792 2674">
    <p class='ocr_par' dir='ltr' id='par_1_116' title="bbox 1013 2638 1792 2674">
     <span class='ocr_line' id='line_1_116' title="bbox 1013 2638 1792 2674; baseline 0 -10"><span class='ocrx_word' id='word_1_856' title='bbox 1013 2638 1111 2673; x_wconf 83' lang='grc' dir='ltr'>μικρὸν</span> <span class='ocrx_word' id='word_1_857' title='bbox 1121 2639 1257 2673; x_wconf 74' lang='grc' dir='ltr'>Δράκοντα</span> <span class='ocrx_word' id='word_1_858' title='bbox 1274 2639 1327 2666; x_wconf 77' lang='grc' dir='ltr'><strong>ἀπὸ</strong></span> <span class='ocrx_word' id='word_1_859' title='bbox 1339 2639 1389 2674; x_wconf 77' lang='grc' dir='ltr'>τῆς</span> <span class='ocrx_word' id='word_1_860' title='bbox 1401 2639 1492 2674; x_wconf 75' lang='grc' dir='ltr'>χειρὸς</span> <span class='ocrx_word' id='word_1_861' title='bbox 1506 2639 1587 2665; x_wconf 79' lang='grc' dir='ltr'>αὐτοῦ</span> <span class='ocrx_word' id='word_1_862' title='bbox 1600 2639 1685 2670; x_wconf 75' lang='grc' dir='ltr'>οὕτως</span> <span class='ocrx_word' id='word_1_863' title='bbox 1698 2638 1792 2672; x_wconf 73' lang='grc' dir='ltr'>λέγων·</span> 
     </span>
    </p>
   </div>
   <div class='ocr_carea' id='block_1_117' title="bbox 1012 2684 1793 2720">
    <p class='ocr_par' dir='ltr' id='par_1_117' title="bbox 1012 2684 1793 2720">
     <span class='ocr_line' id='line_1_117' title="bbox 1012 2684 1793 2720; baseline 0 -10"><span class='ocrx_word' id='word_1_864' title='bbox 1012 2684 1134 2719; x_wconf 85' lang='grc' dir='ltr'>Δράκων,</span> <span class='ocrx_word' id='word_1_865' title='bbox 1146 2685 1222 2719; x_wconf 74' lang='grc' dir='ltr'>φησὶ,</span> <span class='ocrx_word' id='word_1_866' title='bbox 1233 2685 1311 2718; x_wconf 76' lang='grc' dir='ltr'>γενοῦ</span> <span class='ocrx_word' id='word_1_867' title='bbox 1324 2685 1370 2712; x_wconf 72' lang='grc' dir='ltr'>καὶ</span> <span class='ocrx_word' id='word_1_868' title='bbox 1385 2685 1466 2717; x_wconf 80' lang='grc' dir='ltr'>αὐτὸς</span> <span class='ocrx_word' id='word_1_869' title='bbox 1480 2684 1617 2720; x_wconf 83' lang='grc' dir='ltr'>ὑγιαίνων.</span> <span class='ocrx_word' id='word_1_870' title='bbox 1630 2686 1683 2712; x_wconf 77' lang='grc' dir='ltr'>Καὶ</span> <span class='ocrx_word' id='word_1_871' title='bbox 1695 2684 1793 2716; x_wconf 80' lang='grc' dir='ltr'>εὐθέως</span> 
     </span>
    </p>
   </div>
   <div class='ocr_carea' id='block_1_118' title="bbox 1013 2727 1791 2765">
    <p class='ocr_par' dir='ltr' id='par_1_118' title="bbox 1013 2727 1791 2765">
     <span class='ocr_line' id='line_1_118' title="bbox 1013 2727 1791 2765; baseline 0.004 -12"><span class='ocrx_word' id='word_1_872' title='bbox 1013 2727 1061 2754; x_wconf 75' lang='grc' dir='ltr'>σὺν</span> <span class='ocrx_word' id='word_1_873' title='bbox 1076 2728 1115 2763; x_wconf 84' lang='grc' dir='ltr'>τῷ</span> <span class='ocrx_word' id='word_1_874' title='bbox 1138 2728 1208 2763; x_wconf 84' lang='grc' dir='ltr'>λόγῳ</span> <span class='ocrx_word' id='word_1_875' title='bbox 1227 2730 1386 2757; x_wconf 69' lang='grc' dir='ltr'>Ἐπιιοανίου</span> <span class='ocrx_word' id='word_1_876' title='bbox 1406 2731 1512 2764; x_wconf 74' lang='grc' dir='ltr'>ἐγένετο</span> <span class='ocrx_word' id='word_1_877' title='bbox 1534 2729 1610 2765; x_wconf 81' lang='grc' dir='ltr'>ὑγιὴς</span> <span class='ocrx_word' id='word_1_878' title='bbox 1634 2731 1648 2756; x_wconf 82' lang='grc' dir='ltr'>ὁ</span> <span class='ocrx_word' id='word_1_879' title='bbox 1670 2730 1791 2765; x_wconf 81' lang='grc' dir='ltr'>Δράκων.</span> 
     </span>
    </p>
   </div>
  </div>
