1934 3029
215 153 248 179 τι)
854 154 883 182 S.
903 154 1075 183 EPINIANII
1098 155 1189 184 VITA.
1794 161 1830 190 80

211 212 239 238 δὲ
264 212 388 242 Συνέσιος
404 219 498 242 ουτως.
512 211 661 246 Ἐφωτὶσοη
687 211 715 237 δὲ
740 210 829 244 αὐτὸς,
852 211 898 238 καὶ
922 213 939 247 ἡ
960 212 1027 247 γυνὴ
1046 213 1139 245 αὑτοῦ,
1168 213 1215 240 καὶ
1242 213 1258 240 ό
1278 213 1335 246 υἰὺς
1358 215 1450 247 αὑτοῦ,
1474 215 1502 242 ὃν
1527 215 1636 252 ἤγειρεν
1658 216 1794 245 τεθνεῶτα
1813 218 1829 245 ό

211 259 378 292 Ἰζπιφάνιος.

246 305 336 333 XLIII.
356 306 423 333 Cum
442 305 589 340 aliquando
601 312 725 332 essemus
742 305 768 332 in
783 305 850 336 aede,
864 310 891 332 et
902 305 985 332 nullus

1079 304 1145 332 Ml".
1165 303 1235 330 Ποτὲ
1250 301 1297 331 οὖν
1311 303 1396 330 ὄντων
1407 303 1485 339 ἡμῶν
1496 305 1526 331 ὲν
1539 304 1578 340 τῷ
1592 305 1668 340 οίκῳ,
1683 305 1729 332 καὶ
1745 304 1828 340 μηδε-

210 358 283 379 esset
301 352 385 383 alius,
409 351 566 390 dixit.mihi
590 350 759 385 Epiphanius
778 358 785 376 :
804 350 855 377 Fili
880 349 991 386 Polybi,

211 397 340 431 quoniam
357 405 426 432 opus
445 397 526 424 habet
541 396 661 423 Ecclesia
675 396 833 431 presbytero
856 396 882 422 in
903 395 992 423 locum

212 443 300 471 Patris
315 443 401 471 nostri
416 442 530 470 Joannis
541 463 548 475 ,
565 442 624 470 \‘olo
635 463 642 474 ,
665 450 682 469 ο
707 442 742 469 lili
753 462 760 474 ,
781 446 809 468 ut
825 442 863 469 sis
878 442 903 469 in
921 441 992 469 illius

211 490 315 517 ordine.
331 489 397 516 Cum
414 497 464 524 ego
489 493 578 515 autem
602 496 633 515 ea
659 495 719 522 qum
746 488 906 515 dicebantur
921 494 992 522 aegre

211 536 321 567 ferrem,
337 539 365 562 et
378 535 465 562 verbis
479 534 603 569 plurimis
619 541 784 564 recusarem.
798 534 871 560 venit
885 537 992 567 tempus

210 581 347 613 ecclesia,
375 585 404 608 ut
424 580 545 607 divinum
567 579 719 606 faceremus
744 579 872 606 oﬂicium.
897 578 989 614 Ingre-

211 627 347 654 dientibus
369 633 435 654 vero
458 626 535 653 nobis
558 626 684 653 onmibus
707 633 768 653 cum
792 625 943 660 Epiphanio
963 626 991 652 in

211 672 364 705 ecclesiam,
380 672 406 698 in
419 672 509 698 animo
523 671 602 698 habui
614 670 754 706 aufugere,
762 671 911 706 presbyteri
921 678 991 698 onus

210 725 291 752 grave
306 725 366 744 esse
388 716 556 743 existimans.
581 715 696 749 Quando
711 721 801 743 autem
819 717 990 750 perveninms

209 763 243 789 ad
259 766 425 797 suggestum,
449 761 616 796 Epiphanius
633 769 675 788 me
691 769 772 788 manu
795 767 905 794 tenens,
922 762 991 789 dixit

210 806 275 833 mihi
290 815 297 832 :
310 806 387 833 illane
402 807 428 832 in
445 806 496 832 hoc
511 806 570 832 loco
582 813 668 840 usque
681 806 714 833 ad
728 811 845 841 tempus.
857 807 989 834 Admirati

208 857 281 885 sunt,
291 852 338 887 qui
352 852 424 879 hunc
438 859 590 879 sermonem
606 852 760 879 audierunt.
777 853 832 887 Ego
848 858 921 880 certe
935 861 989 881 non

209 898 283 933 potui
301 897 416 931 amplius
431 905 463 924 ex
478 905 511 924 eo
529 897 586 925 loco
603 898 697 932 pedem
721 897 822 929 levare,
850 899 894 925 sed
914 906 988 926 eram

209 943 290 971 veluti
313 942 409 970 ferreis
432 943 518 970 clavis
542 944 676 970 conﬁxus.
693 942 808 976 Quando
829 948 919 971 autem
938 944 989 972 fuit

1047 349 1091 380 νὸς
1112 349 1187 379 ὄντος
1206 348 1316 384 ἑτέρου,
1332 346 1407 376 εἶπεν
1426 350 1494 385 πρὸς
1512 350 1546 384 μὲ
1561 351 1575 377 ό
1589 350 1761 384 Ἐπιφάνιοςσ
1776 351 1828 378 τέ-

1046 402 1108 420 κνον
1122 393 1245 425 Πολύὸιε,
1261 394 1354 430 ἐπειδὴ
1369 396 1462 430 χρείαν
1478 395 1534 431 ἔχει
1556 396 1573 431 ὴ
1589 396 1737 431 Ἐκκλησία
1760 405 1825 432 πρε-

1047 440 1176 475 σϐυτέρου
1191 441 1231 472 είς
1246 439 1291 466 τὸν
1305 440 1386 468 τόπον
1409 441 1456 468 τοῦ
1476 442 1582 477 Πατρὸς
1600 442 1677 478 ἡμῶν
1691 442 1827 475 Ἰωάννου,

1046 485 1114 512 θέλω
1129 494 1169 518 σε,
1186 486 1291 518 τέκνον,
1306 484 1374 513 εἶναι
1388 487 1416 512 ὲν
1433 488 1464 522 τῇ
1480 487 1555 520 τάξει
1575 488 1688 514 ἐκείνου.
1703 487 1786 524 Ἐμοῦ
1799 489 1829 516 δὲ

1046 531 1151 567 βαρέως
1165 532 1292 567 φέροντος
1308 534 1353 560 ἐπὶ
1367 533 1422 565 τοῖς
1432 532 1614 568 λαλουμένοις,
1624 534 1670 560 καὶ
1682 543 1829 570 παραιτου-

1047 577 1125 612 μένου
1145 577 1191 603 ὲπὶ
1208 577 1343 609 πλείστοις
1366 578 1464 612 λόγοις,
1484 578 1599 612 ἔφθασεν
1623 579 1637 605 ό
1661 579 1755 615 καιρὸς
1777 580 1829 614 τῆς

1044 623 1199 658 ἐκκλησίας,
1217 623 1263 650 τοῦ
1280 625 1390 659 ποιῆσαι
1402 624 1433 650 τὸ
1451 624 1529 660 ἔργον
1544 625 1591 651 τοῦ
1605 625 1717 660 Κυρίου.
1735 625 1828 661 Ἦμῶν

1043 670 1071 697 δὲ
1087 671 1212 697 ἁπάντων
1234 671 1431 706 εἰσερχομένων
1449 671 1517 706 μετὰ
1536 672 1695 706 Ἐπιφανίου
1710 673 1756 698 ἐπὶ
1776 672 1828 707 τῆς

1044 715 1203 750 ἐκκλησίας,
1228 716 1305 750 ἔσχον
1329 716 1458 751 λογισμὸν
1484 716 1530 743 τοῦ
1553 717 1720 752 ἀποδρᾶσαι,
1745 717 1828 752 βάρος

1044 761 1191 796 ἡγούμενος
1215 761 1245 788 τὸ
1273 761 1380 796 φορτίον
1405 761 1451 787 τοῦ
1476 761 1671 797 πρεσϐυτέρου.
1694 762 1758 788 Ὅτε
1780 761 1827 789 οὖν

1043 807 1157 842 ἔφθασεν
1177 807 1224 834 ἐπὶ
1239 807 1269 833 τὸ
1291 807 1381 842 βῆμα.
1399 809 1536 842 κρατήσας
1555 816 1587 843 με
1603 807 1759 841 Ἐπιφάνιος
1777 808 1827 843 τῆς

1042 853 1145 889 χειρὸς,
1159 851 1236 879 εἶπεν
1256 853 1324 888 πρὸς
1338 853 1371 887 μέ
1381 861 1388 868 ·
1408 853 1479 880 Μένε
1495 854 1541 879 ἐπὶ
1561 853 1599 888 τῷ
1612 854 1686 889 τόπῳ
1699 853 1751 885 ἓως
1766 862 1827 880 και-

1031 899 1100 941 ὶροῦ.
1117 898 1270 931 Ἑξίσταντο
1298 898 1325 924 δὲ
1352 898 1451 930 πάντες
1475 900 1499 925 οἱ
1522 899 1665 930 ἀκούοντες
1685 899 1730 925 τὸν
1748 899 1826 933 λόγον

1041 944 1144 970 τοῦτον.
1159 943 1230 978 Ἐγὼ
1252 941 1297 970 οὖν
1310 944 1400 970 οὐκετι
1416 944 1550 980 ἠδυνήθην
1567 945 1695 979 κουφίσαι
1713 953 1764 979 μου
1779 944 1826 971 τὸν

207 989 339 1024 completa
364 992 419 1016 tota
441 989 646 1023 consequentia,
671 993 735 1016 tunc
762 989 836 1015 misit
853 996 937 1016 unum
957 998 985 1017 ex

1042 990 1108 1016 πόδα
1131 991 1163 1016 ὲκ
1191 989 1236 1016 τοῦ
1264 990 1364 1016 τόπου·
1388 990 1444 1016 ἀλλ’
1475 991 1549 1026 ήμην
1573 990 1610 1023 ὡς
1634 990 1827 1026 καθηλωμένος

206 1034 339 1065 diaeonis,
352 1038 379 1061 et
399 1041 441 1061 me
453 1034 529 1060 duxit
544 1033 577 1061 ad
600 1034 695 1066 altare,
710 1038 736 1060 et
752 1034 887 1061 ordinavit
907 1044 984 1070 pres~

211 1079 346 1114 hyteium.
373 1077 436 1105 Post
475 1078 596 1106 ecclesiae
620 1085 685 1105 vero
711 1078 907 1110 dimissionem,
934 1087 989 1114 prae

205 1129 279 1151 metu
304 1122 387 1150 cecidi
402 1123 429 1149 in
447 1123 561 1157 lectum,
579 1128 606 1151 et
637 1124 716 1152 valde
741 1125 768 1152 in
789 1125 901 1160 graban
914 1132 989 1153 eom-

206 1168 352 1204 primebar,
362 1169 448 1197 donec
459 1169 627 1205 Epiphanius
637 1170 775 1206 ingressus
787 1176 837 1203 est,
846 1177 872 1199 et
883 1172 986 1204 oravit;

205 1218 232 1240 et
247 1213 337 1240 statim
353 1213 469 1240 surrexi.

243 1351 333 1379 XLIV.
352 1353 504 1386 Aliquando
516 1357 606 1381 autem
623 1354 697 1381 venit
722 1354 831 1389 quidam
856 1355 987 1382 diaconus

207 1397 413 1433 lKerosonmis.
429 1404 456 1424 et
471 1399 638 1426 renuntiavit
659 1399 810 1434 Epiphanio
837 1401 870 1427 de
883 1400 987 1427 Joanne

205 1445 332 1479 episcopo
363 1444 618 1480 llierosolymitano,
636 1446 709 1480 quod
737 1451 810 1472 esset
837 1451 987 1476 avarus.et

206 1491 355 1518 includeret
370 1491 510 1525 pecunias,
522 1496 549 1518 et
564 1499 616 1518 non
641 1492 824 1526 suppeditaret
842 1492 985 1526 indigenti-

204 1533 265 1559 lis.
282 1532 455 1560 Ilabitaverat
467 1539 556 1561 autem
572 1533 616 1561 hic
638 1533 757 1562 Joannes
779 1535 806 1561 in
821 1534 986 1562 monasterio

206 1578 295 1612 mgni
313 1577 459 1605 Hilarionis
475 1587 481 1604 :
497 1587 553 1613 quo
570 1578 670 1605 factum
684 1584 735 1612 est,
758 1584 787 1606 ut
803 1588 856 1606 una
878 1587 986 1614 quoque

203 1631 265 1649 eum
275 1631 308 1650 eo
319 1623 446 1650 habitarit
457 1624 633 1658 Epiphanius.
643 1624 811 1659 Epiphanius
821 1626 911 1659 itaque
922 1626 986 1652 scri-

1043 1036 1111 1071 μετὰ
1125 1036 1182 1071 σιδή
1189 1045 1251 1071 ρων.
1265 1037 1328 1062 Ὅτε
1342 1036 1369 1062 δὲ
1386 1035 1528 1072 ἐπληρώθη
1547 1038 1621 1063 πᾶσα
1640 1038 1656 1072 ὴ
1671 1036 1825 1069 ἀκολουθία,

1041 1081 1100 1107 τότε
1115 1080 1271 1107 ἀπέστειλεν
1285 1081 1332 1107 ἕνα
1342 1081 1395 1107 τῶν
1407 1080 1546 1113 διακόνων,
1556 1081 1602 1107 και¹
1615 1080 1717 1116 ἤγαγέν
1732 1089 1765 1115 με
1781 1080 1826 1106 ἐπὶ

1040 1127 1086 1152 τοῦ
1098 1126 1299 1161 θυσιαστηρίου,
1316 1127 1362 1153 καὶ
1378 1126 1565 1162 ἐχειροτόνησὲ
1583 1135 1617 1162 με
1630 1126 1823 1162 πρεσϐύτερον·

1041 1172 1087 1198 καὶ
1107 1171 1176 1206 μετὰ
1191 1172 1240 1206 τὴν
1255 1171 1385 1198 ἀπόλυσιν
1405 1171 1454 1207 τῆς
1475 1171 1636 1207 ἐκκλησίας,
1662 1172 1717 1198 ἀπὸ
1743 1171 1825 1206 φόϐου

1041 1216 1124 1242 ἔπεσα
1144 1217 1191 1242 ἐπὶ
1215 1217 1263 1252 τῆς
1290 1216 1392 1251 κλίνης,
1419 1217 1466 1243 καὶ
1489 1217 1562 1252 ἤμην
1586 1217 1761 1251 συνεχόμενος
1779 1217 1828 1253 ἐπι

1041 1261 1189 1296 κραϐάτου.
1206 1261 1257 1292 ἓως
1272 1257 1302 1287 οὗ
1317 1259 1397 1295 ἦλθεν
1414 1260 1581 1294 Ἐπιιξάνιος,
1595 1261 1641 1287 καὶ
1658 1260 1767 1296 ηῠξατο,
1779 1261 1826 1288 καὶ

1040 1305 1138 1337 εὐθέως
1156 1305 1280 1339 ἀνέστην.

1075 1351 1139 1377 ilA’.
1157 1351 1224 1376 Τότε
1240 1350 1285 1376 οὖν
1304 1350 1340 1386 (ιι)
1362 1351 1524 1386 παρεγένετό
1537 1359 1578 1382 τις
1595 1351 1649 1377 ἀπὸ
1677 1351 1824 1387 Ἰεροσολύ-

1042 1405 1098 1430 μων
1116 1395 1247 1428 ὂιὰκονος,
1277 1396 1323 1421 καὶ
1346 1396 1511 1430 ἀπήγγειλεν
1537 1396 1686 1431 Ἐπιιρανίῳ
1711 1397 1745 1424 τὸ.
1761 1398 1825 1434 περὶ

1039 1441 1162 1467 Ἰωάννου
1178 1440 1224 1467 τοῦ
1242 1441 1392 1467 ἐπισκόπου
1413 1440 1603 1476 Ἰεροσολύμων
1615 1462 1622 1473 ,
1637 1442 1677 1468 ὅτι
1692 1443 1825 1479 φιλάργυ-

1041 1495 1096 1522 ρος,
1112 1487 1203 1521 φησὶν,
1221 1487 1304 1518 ἐστὶν,
1319 1487 1365 1512 καὶ
1377 1486 1412 1513 τὰ
1433 1487 1560 1522 χρήματα.
1583 1487 1763 1515 ὲναποχλείων
1779 1489 1824 1515 ἐν-

1038 1532 1174 1566 δεομένοις
1189 1532 1218 1558 οὺ
1236 1532 1359 1566 παρέχει.
1376 1530 1430 1558 Ἦν
1440 1532 1468 1558 δὲ
1487 1533 1501 1558 ό
1515 1532 1640 1568 Ἰωάννης
1656 1529 1733 1565 οὗτος
1746 1534 1823 1570 οἰκή-

1039 1585 1088 1608 σας
1101 1577 1130 1602 ὲν
1149 1576 1187 1611 τῷ
1208 1576 1380 1612 μοναστηρίῳ
1397 1576 1442 1602 τοῦ
1457 1576 1573 1611 μεγάλου
1603 1576 1764 1612 ἰλαρίωνος,
1785 1577 1824 1608 ὡς

1039 1622 1196 1656 Ἐπιφάνιος
1211 1621 1364 1657 συνῴκησεν
1376 1621 1459 1656 αὐτῷ.
1476 1621 1505 1647 '0
1519 1619 1728 1656 οὗνἘπιφάνιος
1742 1622 1824 1658 ἐγρα-

205 1669 257 1702 psit
270 1669 408 1703 epistolam
424 1669 457 1696 ad
481 1668 611 1696 Joannem
627 1670 660 1696 de
677 1671 861 1697 misericordia
884 1671 910 1697 in
927 1678 983 1702 eos,

1039 1666 1086 1700 ψεν
1102 1666 1246 1701 ἐπιστολὴν
1253 1665 1292 1700 τῷ
1302 1666 1422 1701 Ἰωάννῃ,
1433 1666 1556 1705 1591.105
1566 1667 1650 1693 ἐλεεῖν
1659 1667 1720 1698 τοὺς
1728 1667 1823 1702 χρείαν

202 1715 248 1749 qui
265 1715 394 1750 indigent.
408 1714 526 1742 Joannes
539 1720 627 1742 autem
644 1717 764 1750 epistolae
778 1717 878 1743 nullam
892 1717 985 1744 habuit

205 1761 346 1787 rationem.
365 1759 423 1788 Non
441 1761 476 1788 ita
500 1761 584 1788 multo
612 1766 673 1796 post
691 1765 811 1795 tempore
831 1762 898 1788 dixit
919 1763 984 1789 mihi

203 1804 370 1840 Epiphanius
387 1815 393 1832 :
410 1806 476 1841 Age.
496 1807 542 1838 liii,
555 1815 649 1834 eamus
672 1806 851 1840 Hierusalem,
876 1813 902 1834 ct
921 1816 983 1835 cum

203 1850 417 1882 adoraverimus,
446 1856 623 1878 revertemur.
651 1852 718 1878 Cum
741 1860 756 1879 e
780 1851 868 1887 Cypro
892 1858 982 1879 autem

204 1895 390 1927 solvissemus,
421 1896 606 1931 navigavimus
631 1897 780 1924 Caesari-am
801 1897 940 1936 ‘Pltiiippi;
958 1904 984 1925 el.

203 1940 277 1968 iﬂinc
285 1942 457 1968 ascendimus
471 1941 647 1969 Hierusalem.
662 1943 785 1976 Cumque
796 1945 895 1978 egressi
910 1953 983 1970 esse-

201 1994 264 2014 mus
277 1991 304 2013 et
319 1995 485 2018 oraSsetnus,
501 1988 673 2014 ascendimus
686 1988 710 2014 in
728 1989 923 2023 epis-topatum.
942 1989 983 2015 Vi-

201 2032 293 2066 ditque
309 2031 427 2059 Joannes
444 2031 636 2066 Epiphanium,
649 2038 675 2059 et
692 2041 789 2068 magno
810 2034 858 2060 fuit
871 2035 982 2062 atii-etus

201 2078 310 2110 gaudio.
323 2077 422 2104 Joanui
451 2082 540 2104 autem
554 2078 621 2105 dixit
638 2078 804 2113 Epiphanius
823 2088 828 2105 :
849 2080 885 2106 Da
905 2081 982 2112 mihi,

201 2123 289 2155 Pater,
302 2124 412 2150 dotnum
422 2123 454 2150 ad
467 2123 639 2150 manendum.
647 2123 776 2158 Dedilquc
785 2125 862 2152 nobis
872 2125 982 2152 domum

202 2169 421 2203 puleherrimmn.
453 2169 579 2202 Quotidie
608 2173 698 2196 autent
725 2170 838 2197 vocabat
864 2169 983 2198 Joannes

199 2213 383 2249 Epiphanium
401 2214 434 2240 ad
461 2221 595 2245 mensam,
612 2218 841 2249 sumptuososque
867 2216 941 2242 cibos
957 2221 984 2243 et

202 2265 282 2294 potus
300 2260 379 2286 nobis
401 2259 428 2285 in
455 2267 574 2286 mensam
600 2259 703 2286 ferebat
727 2259 912 2296 [multumque
937 2271 982 2289 ar-

202 2305 273 2338 genti
284 2304 475 2331 commutando
486 2304 612 2332 aﬂerebat
627 2305 652 2331 in
663 2305 812 2341 mensam];
825 2315 878 2342 quo
894 2308 982 2341 Iit-bat,

202 2355 232 2376 nt
251 2357 382 2384 pauperes
400 2357 453 2376 non
466 2354 557 2377 essent
569 2350 722 2384 participes.
739 2351 891 2386 Aliquando
920 2361 984 2380 vero

202 2396 270 2421 dixit
293 2394 389 2422 Joanni
406 2395 595 2430 Epipltantus:
615 2395 650 2422 Da
671 2397 747 2427 mihi,
767 2406 783 2424 o
803 2397 881 2424 I‘at.r
897 2397 981 2425 Joan-

202 2447 259 2471 nes,
275 2445 416 2474 argentum
443 2441 476 2467 ad
492 2448 572 2467 usum
598 2448 699 2467 Ineunt.
727 2440 797 2468 Sunt
811 2442 876 2468 mihi
891 2442 981 2469 alendi

200 2485 250 2511 viri
276 2484 384 2519 Cyprii;
409 2484 449 2512 eis
469 2485 603 2512 exhibebo
621 2486 791 2520 magniﬁcam
817 2487 855 2514 tui
876 2489 979 2522 argenti

200 2529 327 2564 speciem.
343 2529 434 2556 Prmbe
448 2538 527 2557 servo
545 2535 600 2562 tuo,
626 2539 687 2566 qua:
712 2536 777 2559 sunt
799 2533 980 2567 pulcherrima

200 2575 227 2601 in
241 2575 322 2601 domo
344 2579 399 2607 tua,
421 2575 453 2601 ad
473 2579 544 2601 tuam
569 2576 694 2609 gloriam,
719 2580 745 2604 et
766 2577 799 2604 de
822 2578 875 2605 tuis
899 2578 978 2606 factis

200 2620 345 2653 gIOriabor,
366 2624 396 2646 ut
419 2620 465 2654 qui
488 2620 538 2647 sim
562 2626 692 2656 perpetuo
718 2623 910 2651 monstrandus
937 2625 978 2652 di-

199 2667 264 2701 gito.
291 2665 445 2693 Memineris
472 2669 576 2692 tantum
605 2675 700 2694 eorum
727 2676 787 2702 qum
813 2668 926 2702 dantur;
951 2674 980 2696 et

200 2711 271 2746 quod
314 2713 437 2745 oportet,
478 2714 571 2745 postea
609 2712 656 2738 tibi
686 2712 822 2741 reddetur.
861 2713 980 2741 Joannes

199 2762 290 2785 autem
312 2756 439 2792 produxit
463 2756 578 2783 multum
609 2759 712 2793 argenti
739 2759 766 2787 in
792 2764 978 2794 conspectum.

231 2824 272 2861 (ιι)
289 2823 386 2860 lnterp.
403 2823 466 2860 legit
481 2823 555 2851 ποτέ.

1034 1713 1153 1747 ἔχοντας.
1175 1712 1203 1738 ὐ
1217 1712 1245 1738 δὲ
1261 1712 1385 1747 Ἰωάννης
1400 1712 1476 1738 οὐδὲν
1499 1713 1548 1747 τῆς
1570 1713 1713 1749 ἐπιστολῆς
1727 1714 1822 1749 ὲποίησ

1037 1767 1092 1784 σεν.
1108 1757 1185 1784 Μετὰ
1209 1757 1237 1783 δὲ
1249 1757 1342 1792 χρόνον
1355 1757 1384 1783 οὐ
1397 1757 1479 1784 πολὺν
1493 1756 1568 1784 εἶπεν
1580 1758 1737 1793 Ἑπιφάνιος
1755 1758 1822 1794 πρὸς

1037 1804 1085 1839 με’
1107 1803 1191 1839 Δεῦρο
1206 1803 1249 1838 δὴ,
1267 1803 1379 1835 τέκνον,
1406 1804 1602 1838 πορευσόμεθα
1625 1806 1663 1836 εἰς
1689 1805 1823 1841 Ἰερουσα-

1034 1849 1100 1884 λὴμ,
1114 1850 1162 1875 καὶ
1181 1850 1418 1884 προσκυνήσαντες
1444 1849 1620 1885 ἀναλύσωμεν
1656 1850 1822 1886 ’Δπάραντες

1033 1895 1060 1921 δὲ
1073 1895 1126 1921 ἀπὸ
1139 1894 1248 1929 Κύπρου
1263 1894 1472 1929 ἀπεπλεύσαμεν
1483 1895 1510 1921 ἐν
1523 1895 1673 1931 Καισαρείᾳ
1684 1897 1716 1931 τῇ
1729 1895 1823 1922 Φιλίπ-

1034 1949 1085 1966 που
1097 1949 1103 1955 ·
1118 1940 1245 1966 κάκεῖθεν
1264 1940 1398 1975 ἁνέϐημεν
1411 1941 1450 1972 εἰς
1468 1941 1656 1976 Ἰεροσόλυμα’
1671 1942 1717 1968 καὶ
1735 1942 1822 1969 ἒλοόνο

1034 1994 1079 2016 τες
1091 1986 1137 2012 καὶ
1151 1985 1292 2020 εὐξάμενοι
1307 1986 1442 2020 ἁνέϐημεν
1457 1987 1496 2017 εἰς
1522 1986 1552 2011 τὸ
1566 1987 1738 2013 ὲπισκοπείον
1748 1995 1755 2001 ·
1774 1987 1822 2014 καὶ

1034 2031 1088 2057 ἴδεν
1101 2030 1225 2064 Ἰωάννης
1239 2031 1283 2057 τον
1296 2031 1463 2065 Ἐπιφάνιον,
1482 2031 1526 2057 καὶ
1542 2031 1627 2066 ἐχάρη
1639 2032 1724 2066 χαρὰν
1736 2032 1821 2067 μεγά-

1034 2076 1093 2111 λην.
1110 2074 1194 2103 Εἶπεν
1207 2076 1235 2102 δὲ
1251 2077 1409 2110 Ἐπιφάνιος
1425 2076 1462 2112 τῷ
1482 2077 1593 2114 Ἰωάννῃ
1605 2086 1612 2093 ·
1637 2078 1686 2110 Ad;
1698 2087 1754 2113 μοι,
1768 2087 1821 2114 φη-

1035 2120 1087 2152 σὶν,
1101 2119 1184 2153 οἷκον,
1210 2122 1314 2153 τέκνον,
1341 2122 1387 2148 ἐπὶ
1399 2121 1428 2147 τὸ
1443 2123 1542 2156 μεῖναι.
1559 2123 1677 2150 Ἔδωκεν
1705 2124 1733 2150 δὲ
1754 2125 1820 2159 ἡμῖν

1036 2166 1177 2193 κάλλιστον
1190 2164 1272 2193 οἶκον.
1290 2167 1357 2194 Καθ’
1373 2167 1477 2203 ἡμέραν
1492 2166 1538 2194 οὖν
1554 2169 1568 2195 ό
1580 2169 1706 2204 Ἰωάννης
1727 2170 1819 2197 ἐκάλει

1035 2212 1081 2238 τὸν
1094 2213 1254 2247 Ἐπιῳάνιον
1268 2213 1313 2239 ἐπὶ
1329 2214 1477 2250 τραπέζης,
1489 2213 1535 2240 καὶ
1562 2213 1734 2241 πολυτέλειαν
1747 2215 1819 2251 βρω-

1037 2256 1127 2291 μάτων
1153 2258 1199 2283 καὶ
1213 2258 1340 2292 πομάτων
1353 2258 1446 2294 ἕςρερεν
1460 2259 1525 2294 ἡμῖν
1535 2260 1563 2285 ἐν
1575 2261 1608 2294 τῇ
1623 2260 1756 2296 τραπέζῃ,
1765 2260 1820 2287 τῶν

1035 2302 1062 2329 δὲ
1079 2303 1200 2338 πενήτων
1226 2303 1348 2338 ἀμοίρων
1367 2304 1460 2335 ὄντων,
1478 2305 1525 2331 καὶ
1539 2305 1592 2331 ἀπὸ
1615 2305 1726 2333 τούτων.
1752 2306 1820 2334 Doti

1035 2345 1081 2374 οὖν
1095 2344 1171 2374 εἶπεν
1186 2348 1343 2382 Ἐπιψάνιος
1359 2349 1425 2384 πρὸς
1440 2349 1580 2385 Ἰωάννην·
1597 2351 1645 2382 Δός
1654 2359 1709 2386 μοι,
1725 2351 1817 2387 φησιν,

1033 2389 1055 2418 ὦ
1073 2393 1162 2428 Πάτερ
1186 2392 1321 2429 Ἰωάννης,
1352 2394 1471 2430 ἄργυρον
1497 2395 1564 2430 πρὸς
1581 2395 1745 2432 ὑπηρεσίαν·
1765 2396 1819 2432 ἔχω

1032 2437 1086 2472 γὰρ
1103 2437 1200 2473 θρέψαι
1213 2438 1351 2474 Κυπρίους
1365 2439 1464 2474 ἄνδρας
1474 2448 1482 2455 ·
1496 2441 1634 2475 φαντάσω,
1660 2442 1727 2477 φησὶ
1738 2461 1746 2474 ,
1759 2441 1819 2468 τοὺ-

1031 2491 1093 2514 τονς
1105 2482 1144 2518 τῷ
1161 2483 1200 2518 σῷ
1209 2483 1342 2519 ἀργυρίῳ.
1358 2485 1397 2511 Τὰ
1405 2485 1458 2520 γὰρ
1472 2485 1678 2513 καλλιστεύοντα
1692 2488 1720 2514 ὲν
1730 2487 1769 2523 τῷ
1779 2487 1818 2524 σῷ

1031 2528 1097 2562 οἴκῳ
1111 2528 1213 2564 πάρεχε
1233 2528 1272 2563 τῷ
1293 2528 1378 2564 δούλῳ
1401 2538 1446 2556 σου
1464 2531 1531 2566 πρὸς
1543 2531 1620 2564 δόξαν
1637 2532 1686 2568 τὴν
1700 2533 1758 2567 σὴν,
1772 2533 1818 2560 καὶ

1031 2572 1127 2607 ἔσομαι
1140 2573 1314 2608 καυχώμενος
1328 2575 1373 2600 ἐπὶ
1389 2577 1444 2606 σοῖς
1471 2575 1561 2612 ἔργοις
1573 2585 1580 2592 ·
1605 2577 1684 2612 μόνον
1707 2578 1817 2613 μνήμην
1850 2582 1853 2587 ’

1031 2617 1116 2652 ἄπεχε
1135 2618 1188 2644 τῶν
1199 2617 1358 2654 διδομένων,
1380 2619 1427 2646 καὶ
1458 2620 1571 2656 ὕστερον
1590 2622 1680 2648 ἀποδῶ
1700 2622 1731 2648 τὸ
1747 2623 1816 2658 πρέ-

1033 2670 1093 2688 πον.
1115 2661 1144 2688 '0
1155 2662 1182 2689 δὲ
1199 2662 1324 2699 Ἰωάννης
1337 2666 1496 2700 παρήγαγεν
1508 2666 1578 2692 κατὰ
1589 2667 1733 2702 πρόσωπον
1741 2667 1817 2695 Ἑπι-

1034 2707 1129 2740 φανὶου
1149 2707 1231 2735 πολὺν
1255 2709 1382 2745 ἄργυρον.
1407 2709 1492 2738 Εἶπεν
1520 2712 1548 2738 δὲ
1563 2712 1721 2746 Ἐπιφὰνιος
1749 2713 1816 2750 πρὸς

1034 2752 1159 2788 Ἰωάννην
1175 2761 1181 2767 ·
1203 2755 1295 2781 Ἔστιν
1308 2764 1358 2789 σοι,
1373 2757 1464 2792 φησὶν,
1485 2758 1663 2793 ἀποκείμενος
1679 2760 1725 2786 καὶ
1739 2759 1816 2792 ἄλλος
