1934 3029
95 170 131 198 8‘!
750 163 779 190 s.
799 159 906 189 EPIPH.

962 158 973 187 l
990 160 1078 191 VITA.
1683 154 1719 180 8'.’

97 228 230 263 ἄργυρος,
247 223 269 252 ὧ
283 225 373 259 Πάτερ
384 232 390 257 ;
403 222 486 251 Εἶπεν
501 222 528 249 δὲ
545 221 670 255 Ἰωάννης
683 221 751 256 πρὸς
764 219 887 253 Ἑπιφά-
900 236 906 249 Α

964 218 990 245 ui
1018 218 1087 246 dixit
1112 217 1136 245 ei
1169 226 1176 245 :

100 279 172 299 νιον·
188 272 281 307 Ἀρκεῖ
294 278 335 296 σοι
347 270 415 301 τέως
427 265 503 300 οὗτος
519 268 586 303 πρὸς
602 267 649 302 σὴν
662 264 886 302 ὕπηρεσίαν,Πά-

99 325 160 352 τερ.
176 314 261 343 Εἶπεν
290 315 318 341 δὲ
343 314 501 348 Ἑπιφάνιος
526 313 592 348 πρὺς
617 312 763 347 Ἰωάννην·
783 312 886 345 ’Ἃγαγε

101 362 237 393 κάκεῖνον,
253 361 354 395 Πάτερ,
367 361 442 390 ὅπως
455 358 628 393 ξενισθῶμεν.
641 357 694 384 Τοῦ
706 357 734 384 δὲ
745 356 887 392 προσενέγ-

102 414 200 437 καντος
212 406 258 431 καὶ
273 405 319 431 τὸν
331 404 432 436 λοιπὸν,
445 402 520 431 εἶπεν
533 403 692 437 Ἐπιφάνιος
710 403 778 438 πρὸς
794 402 886 428 Ἰωάν-

103 459 170 486 νην·
182 451 232 483 Δός
248 460 292 487 μοι
307 451 342 477 τά
358 451 526 485 φαντάζοντα
541 451 603 481 τοὺς
622 449 788 485 ἐλευθέρους.
805 447 888 476 Εἶπεν

102 497 133 523 δὲ
148 497 274 532 Ἰωάννης
289 496 357 531 πρὸς
372 496 545 530 Ἐπιφάνιον·
564 496 687 522 Ἃπαντα
708 495 743 522 τὰ
756 495 889 529 τέρποντα

103 542 168 573 τοὺς
186 541 248 573 σοὺς
264 540 423 577 ἀνθρώπους
440 541 523 573 δέξαι,
541 541 588 568 καὶ
600 540 757 577 διακόνησον
771 541 834 572 τοὺς
851 540 888 576 (a)

105 587 149 612 ἐπ’
162 586 284 621 ἀρίστου.

142 632 209 659 ME’.
227 631 324 658 Λασὼν
337 632 366 658 δὲ
381 631 539 666 Ἐπιφάνιος
553 630 685 666 ἀργυρίου
700 629 781 665 ὁλκὴν
797 630 834 660 ὡς
848 639 891 665 χι-

107 676 171 703 λίων
183 676 365 703 πεντακοσίων
377 677 484 712 λιτρῶν,
501 675 686 711 ἐπορεύθημεν
701 676 747 701 ἐπὶ
761 675 805 702 τὸν
819 674 892 702 οἷκον

107 721 154 747 τὸν
167 721 276 748 δοθέντα
296 723 361 757 ἡμῖν
377 721 452 757 παρὰ
465 722 587 748 Ἰωάννου
603 721 649 747 ἐπὶ
672 721 702 747 τὸ
717 720 891 755 καταμένειν.

108 764 162 792 ’Ὴν
177 767 206 793 δέ
221 776 264 799 τις
279 767 499 803 άργυροπράτης,
519 767 656 802 Ἀστέριος
675 767 795 801 ὀνόματι.
809 762 893 797 Οὗτος

109 812 138 839 δὲ
150 810 183 848 ἦν
196 813 249 839 ἀπὸ
267 814 316 848 τῆς
337 813 444 848 Ῥώμης
459 812 502 839 διὰ
514 813 683 848 πραγμάτων
702 813 742 844 είς
763 812 894 847 Ἰερουσα-

110 858 176 894 λήμ.
194 858 294 885 Τοῦτον
308 858 560 894 προσκαλεσάμενος
572 858 737 891 Ἐπιφάνιος,
749 857 795 883 καὶ
806 855 894 888 δείξας

1214 217 1338 244 Habesne
1372 215 1473 250 aliquid
1508 213 1579 241 aliud
1615 211 1719 247 argenti

938 263 1100 298 repositum,
1112 271 1129 290 o
1142 262 1244 290 Pater?
1259 262 1332 289 Dixit
1347 265 1437 289 autem
1464 259 1582 287 Joannes
1602 257 1718 292 Epipha-

939 309 986 336 nio
1001 318 1009 336 :
1025 308 1082 336 Hoc
1094 308 1188 344 utique
1200 308 1233 335 ad
1247 313 1323 335 tuum
1340 314 1420 335 usum
1440 306 1488 334 tibi
1500 304 1624 336 sulliciet,
1640 312 1656 330 ο
1668 303 1719 329 Pa-

941 359 990 382 ter.
1005 354 1130 389 Dixitque
1146 353 1242 381 Joanni
1256 353 1423 388 Epiphanius
1439 361 1447 379 :
1464 351 1559 378 Adduc
1573 350 1638 376 illud
1653 356 1721 383 quo-

940 407 1003 434 que,
1019 398 1106 432 Pater,
1129 403 1159 426 ut
1174 398 1317 433 magniﬁce
1332 397 1509 432 accipiantur.
1521 395 1589 422 Cum
1599 394 1621 421 is
1632 399 1721 420 autent

941 445 1013 472 aliud
1026 452 1135 480 quoque
1151 444 1296 477 attulisset,
1313 443 1382 470 dixit
1406 441 1504 469 Joanni
1532 437 1697 474 Epiphanius
1714 447 1721 464 :

942 490 981 517 Da
991 491 1068 522 mihi.
1085 490 1281 525 queeingenuis
1296 489 1437 524 pulchram
1456 487 1576 522 praebent
1594 485 1722 520 speciem.

942 535 1015 562 Dixit
1029 533 1182 562 eiJoannes
1196 541 1203 560 :
1220 533 1318 568 Accipe
1334 540 1502 567 quaecunque
1522 535 1585 558 sunt
1607 530 1661 557 tuis
1676 529 1726 556 ho-

943 580 1062 608 minibus
1077 579 1258 612 delectationi,
1278 583 1306 605 et
1320 578 1359 605 eis
1377 583 1451 604 utere
1468 577 1494 603 in
1513 576 1636 611 prandio.

978 624 1058 651 XLV.
1075 624 1186 658 Accepit
1205 623 1297 657 itaque
1312 622 1479 657 Epiphanius
1499 621 1604 656 argenti
1621 619 1727 654 pondus

945 671 1052 699 circiter
1069 670 1198 696 librarum
1215 669 1287 696 mille
1303 668 1526 703 quingentarum,
1539 672 1566 693 et
1586 666 1684 693 ivimus
1700 666 1726 692 in

946 717 1068 749 domum,
1084 724 1145 749 qua:
1153 716 1215 743 data
1228 715 1308 742 nobis
1326 714 1414 741 fuerat
1425 723 1440 740 a
1455 713 1558 740 Joanne
1575 712 1608 739 ad
1621 719 1729 738 manen-

946 763 1021 790 dum.
1039 761 1103 789 Erat
1115 767 1204 788 autem
1216 761 1325 795 quidam
1338 759 1519 794 argentarius,
1534 757 1729 784 nomineAste-

947 809 1014 836 rius.
1033 807 1058 835 is
1074 807 1160 835 Roma
1179 812 1289 834 verterat
1303 805 1471 832 Hierusalem
1492 803 1592 838 negotii
1611 801 1730 829 obeundi

948 854 1045 889 gratia.
1057 854 1124 881 lium
1138 860 1200 880 cum
1216 851 1403 880 accersivisset
1419 849 1594 885 Epiphanius.
1608 853 1635 875 et
1647 847 1672 874 ei
1685 854 1729 874 os-

111 904 186 940 αὺτῷ
201 904 246 931 τὸν
259 893 388 940 ἄργυρον,
402 905 584 939 συμφωνήσας
596 912 625 929 τε
640 903 686 929 καὶ
708 904 821 938 ποιήσας
838 902 895 937 μετ’

961 900 1236 934 endissetargentum,
1246 906 1307 925 cuin
1319 906 1350 924 eo
1362 897 1530 927 convenit,et
1542 899 1648 929 paetum
1660 893 1730 926 iniit,

112 950 205 980 αὐτοῦ.
237 951 386 986 ὲπίπρασεν
405 950 479 985 αὐτῴ
492 949 581 976 λαϐὼν
607 950 673 984 παρ’
693 948 774 975 αὑτοῦ
787 948 817 974 τὸ
830 957 896 983 χρυ-

113 997 178 1023 σίον.
196 997 250 1023 Καὶ
266 997 297 1032 δὴ
311 996 399 1023 λαϐὼν
414 997 571 1030 Ἑπιφάνιος
587 997 617 1022 τὸ
639 996 758 1031 χρυσίον,
774 995 858 1022 νύκτα
867 1003 895 1021 τε

113 1044 160 1069 καὶ
175 1042 282 1078 ἡμέραν
296 1043 406 1069 διεδίδου
420 1044 475 1074 τοῖς
485 1043 579 1077 χρείαν
591 1042 707 1077 ἔχουσιν.
730 1041 854 1077 Ἠμερῶν
868 1041 897 1067 δὲ

113 1087 319 1122 διαγενομένων,
332 1085 407 1114 εἶπεν
423 1088 549 1123 Ἰωάννης
559 1088 626 1122 πρὸς
636 1087 793 1121 Ἐπιφάνιον
802 1095 809 1102 ·
819 1086 899 1112 Ἀπό-

114 1134 159 1166 δος
177 1142 221 1168 μοι
236 1134 281 1160 τὸν
293 1134 422 1169 ἄργυρον,
438 1134 466 1161 ὃν
484 1134 586 1169 ἐχρησά
599 1142 640 1160 σοι
655 1134 723 1169 πρὸς
737 1133 898 1168 ὑπηρεσίαν.

116 1176 200 1206 Εἶπεν
213 1179 242 1206 δὲ
259 1180 417 1214 Ἐπιφάνιος
431 1180 498 1214 πρὸς
513 1180 638 1215 Ἰωάννην
651 1188 658 1195 ·
684 1179 901 1215 Μακροθύμησον

117 1226 160 1252 ἐπ’
171 1225 242 1260 ἐμοὶ,
250 1225 353 1257 τέκνον,
367 1226 407 1252 ὅτι
417 1225 469 1260 ἔχω
481 1226 588 1260 Θρὲψοιι,
600 1226 646 1252 καὶ
658 1225 745 1252 πάντα
760 1225 900 1251 ἀποδώσω.

118 1271 202 1298 Πάλιν
233 1269 280 1298 οὖν
312 1271 422 1307 ἡμερῶν
446 1271 654 1306 διαγενομένων,
675 1270 752 1298 εἶπεν
776 1270 902 1305 Ἰωάννης

119 1316 187 1351 πρὸς
204 1317 372 1351 Ἐπιφάνιον,
391 1317 515 1343 ἑστώτων
529 1317 606 1352 ἡμῶν
620 1318 648 1343 ὲν
661 1317 699 1352 τῷ
712 1316 778 1351 ναῷ,
793 1317 858 1342 ὅπου
873 1317 903 1342 τὸ

121 1363 253 1397 σωτήριον
271 1361 348 1394 ξύλον
359 1362 501 1388 ἀπόκειται
512 1369 518 1375 ·
535 1362 588 1388 Καὶ
605 1361 655 1397 ήδη
671 1359 747 1387 εἶπόν
770 1369 826 1392 σοι,
851 1362 902 1393 ὃτι,

120 1407 232 1439 Ἀπόδος
247 1417 290 1443 μοι
301 1408 347 1435 τὸν
361 1409 488 1444 ἄργυρον,
503 1408 530 1434 ὃν
543 1408 645 1444 ἔχρησά
657 1417 706 1434 σοι.
723 1408 752 1435 '0
764 1406 810 1434 οὖν
827 1409 903 1434 Ἐπι-

122 1454 215 1487 φάνιος
230 1452 306 1481 εἶπεν
324 1454 362 1489 τῷ
375 1454 485 1490 Ἰωάννῃ
513 1455 581 1490 μετὰ
602 1455 715 1490 ἡσυχίας
725 1463 731 1469 ·
757 1453 840 1482 Εἰπὸν
852 1462 903 1486 σοι,

123 1499 224 1534 Πάτερ,
241 1500 281 1525 ὃτι
303 1499 435 1526 ἀποδώσω
452 1509 502 1526 σοι.
536 1501 563 1526 '0
593 1498 639 1527 οὖν
667 1499 794 1534 Ἰωάννης
819 1500 904 1535 θυμοῦ

123 1543 222 1570 πολλοῦ
252 1545 381 1580 πλησθεὶς
405 1545 550 1572 ἐπελάϐετο
571 1546 617 1572 καὶ
634 1547 783 1581 ἐκράτησεν
803 1547 852 1582 τῆς
865 1546 904 1572 δι-

124 1590 229 1622 πλοΐδος
241 1591 410 1626 Ἑπιφανίου,
424 1591 574 1626 συσφίγξας
601 1593 681 1619 αὑτὸν
704 1594 732 1619 ὲν
750 1593 835 1628 αὐτῇ,
861 1593 908 1620 καὶ

125 1635 198 1670 λέγει
217 1636 284 1671 πρὸς
299 1637 395 1663 αὐτόν·
413 1638 468 1664 Οὐκ
485 1638 592 1673 ὲξέρχῃ,
604 1639 633 1664 οὐ
648 1637 761 1674 καθέζῃ,
772 1639 821 1664 οὐκ
836 1639 909 1674 εἰρη-

125 1682 223 1714 νεύεις,
241 1683 293 1714 ἕως
304 1680 335 1709 οὗ
351 1683 397 1709 τὸν
420 1683 539 1719 ἄργυρον
566 1683 628 1719 δῷς,
654 1684 684 1710 ὃν
709 1685 816 1720 ἐχρήσω
844 1685 909 1720 παρ’

127 1726 205 1761 ἐμοῦ,
220 1726 330 1753 ὲπιθέτα
356 1727 514 1761 Ἐπιφάνιε·
541 1728 638 1760 ἀπόδος
653 1730 686 1764 τῇ
708 1729 856 1764 Ἧκκλησέᾳ
877 1729 910 1755 τὰ

127 1773 177 1807 τῆς
190 1772 362 1808 Ἐκκλησίας.
379 1773 441 1800 Ἐπὶ
461 1774 527 1800 πᾶσι
545 1774 574 1800 δὲ
586 1774 690 1806 τούτοις
712 1775 762 1800 οὐκ
775 1774 911 1809 ἐταράχθη

129 1818 304 1852 Ἐπιῳάνιος,
328 1819 384 1845 ἀλλ’
403 1817 436 1854 ἦν
465 1821 481 1855 ἡ
509 1819 578 1856 αὐτὴ
596 1821 760 1852 κατάστασις
780 1821 808 1846 ἐν
827 1820 910 1855 αὐτῷ.

132 1864 259 1898 Ἔμεινεν
272 1865 300 1890 δὲ
315 1865 440 1900 Ἰωάννης
463 1865 509 1891 δύο
525 1865 603 1901 ὡρῶν
633 1865 770 1902 διάστημα
795 1866 911 1902 κρατῶν,

133 1909 178 1934 καὶ
197 1909 344 1944 ἐνυϐρίζων
359 1909 405 1935 τὸν
427 1910 592 1944 Ἐπιφάνιον.
613 1911 747 1942 Ἅπαντες
766 1910 794 1936 δὲ
808 1911 832 1937 οἱ
845 1919 915 1945 παρ-

131 1954 248 1986 εστῶτες
261 1955 455 1990 ὲρῤᾳθύμησαν
466 1956 518 1982 ἀπὸ
532 1956 577 1982 τοῦ
591 1956 724 1987 ἵστασθαι,
742 1957 789 1983 καὶ
807 1956 915 1983 ἀκούειν

133 1998 187 2024 τῶν
200 1999 324 2036 σκληρῶν
342 2000 427 2034 λόγων
445 2000 490 2027 τοῦ
506 2001 637 2028 Ἰωάννου.
661 2001 689 2028 Ὀ
700 1999 747 2028 οὖν
758 2001 916 2035 Ἐπιφάνιος

137 2045 218 2080 μηδὲν
228 2046 399 2081 ἀδημονήσας
408 2047 573 2082 ἐνεφύσησεν
584 2049 623 2078 είς
637 2048 666 2073 τὸ
680 2048 822 2082 πρόσωπον
831 2048 919 2074 Ἰωάν-

136 2099 192 2122 νου,
210 2092 255 2118 καὶ
268 2093 436 2128 παραχρῆμα
451 2093 601 2129 ἐτυφλώθη,
610 2093 657 2119 καὶ
671 2093 750 2127 φόΰος
763 2093 859 2119 ἔπεσεν
872 2094 918 2119 ἐπὶ

138 2137 240 2169 πάντας
269 2139 331 2169 τοὺς
359 2139 547 2174 παρεστῶτας.
569 2139 598 2165 '0
613 2138 658 2166 οὗν
673 2139 798 2175 Ἰωάννης
824 2139 919 2165 ἔπεσεν

138 2183 184 2209 ἐπὶ
216 2184 362 2220 πρόσωπον
391 2185 562 2219 Ἐπιφανίου,
588 2185 661 2216 ὅπως
675 2185 785 2220 εὔξηται
799 2185 842 2211 ἵνα
857 2186 918 2212 ἀνα-

139 2229 233 2264 ϐλέψῃ.
249 2229 301 2255 Τοῦ
318 2230 346 2256 δὲ
358 2230 495 2264 λέγοντος·
510 2231 637 2262 Ἀπελθε,
655 2232 731 2267 φησὶ,
744 2232 789 2258 καὶ
801 2231 920 2267 προσκύ-

140 2283 219 2310 νησον
242 2275 288 2301 τὸν
303 2276 392 2311 τίμιον
415 2277 546 2312 σταυρὸν,
577 2277 624 2303 καὶ
643 2277 754 2313 παρέξει
771 2286 810 2304 σοι
826 2277 920 2305 τοῦτο·

139 2322 218 2352 αὐτὸς
231 2321 362 2356 ἐπέμενεν
376 2322 501 2357 δεόμενος
515 2322 684 2356 Ἑπιφανίου.
707 2323 734 2349 'U
754 2323 782 2349 δὲ
806 2323 923 2357 Ἐπιφὰ-

140 2377 195 2400 νιος
208 2369 315 2403 διδάξας
326 2369 430 2400 τοῦτον,
450 2368 583 2404 ἐπέθηκεν
601 2368 674 2403 αὐτῷ
690 2368 738 2403 τὴν
766 2370 854 2404 χεῖρα,
876 2369 923 2395 καὶ

141 2415 263 2451 ἡνεῴχοη
288 2415 395 2452 αὑτούό
419 2414 503 2446 δεξιὸς
516 2414 663 2449 ὀφθαλμός.
687 2415 714 2441 'U
737 2413 782 2442 οὖν
800 2415 925 2450 Ἰωάννης

142 2462 290 2498 παρεκάλει
300 2463 347 2488 καὶ
359 2461 428 2497 ὑπὲρ
441 2461 488 2488 τοῦ
505 2460 660 2496 ἀριστεροῦ,
677 2459 760 2487 Εἶπεν
772 2461 800 2487 δὲ
811 2462 926 2496 Ἐπιφά-

142 2516 198 2539 νιος
215 2509 283 2543 πρὸς
298 2508 424 2542 Ἰωάννην
438 2515 443 2523 ·
459 2507 515 2534 Οὐκ
541 2507 622 2542 ἐμὸν,
637 2507 712 2542 φησι,
738 2507 841 2539 τέκνον,
869 2507 926 2534 ἔστι

142 2554 230 2590 τοῦτο.
253 2554 282 2580 '0
297 2553 351 2588 γὰρ
366 2553 430 2584 Θεὸς
442 2553 571 2584 ἔκλεισεν,
589 2553 603 2578 ὁ
616 2553 682 2584 Θεὸς
690 2552 805 2588 ἡνέῳξεν
815 2562 821 2569 ·
835 2554 928 2588 ἐποίη-

950 946 1133 980 vendiditque,
1149 952 1216 972 auro
1230 945 1264 971 ab
1286 951 1319 970 eo
1333 947 1453 977 accepto,
1468 941 1540 976 quod
1555 946 1633 968 nocte
1648 944 1674 966 et
1688 939 1732 966 die

951 993 1090 1021 distribuit
1102 991 1256 1027 egentibus.
1270 989 1422 1023 lnterjectis
1435 992 1524 1015 autem
1548 987 1651 1020 aliquot
1673 985 1732 1013 die-

952 1040 1012 1072 bus,
1024 1038 1091 1066 dixit
1107 1037 1226 1064 Joannes
1254 1035 1403 1071 Epiphanio
1420 1043 1426 1060 :
1443 1033 1534 1061 Redde
1560 1033 1625 1059 mihi
1642 1038 1732 1058 meum

953 1091 1104 1120 argentum,
1123 1083 1195 1118 quod
1215 1082 1263 1109 tibi
1277 1082 1310 1109 ad
1339 1088 1417 1108 usum
1451 1079 1631 1106 commodavi.
1662 1076 1734 1104 Dixit
1765 1103 1767 1106 ,

953 1130 1050 1158 Joanni
1066 1129 1234 1164 Epiphanius
1255 1136 1262 1154 :
1281 1127 1441 1154 Patientiam
1460 1125 1486 1152 in
1507 1132 1550 1152 me
1563 1124 1640 1155 habe,
1655 1130 1671 1150 ο
1684 1122 1735 1149 Pa-

954 1182 1003 1204 ter.
1020 1174 1089 1202 Sunt
1103 1175 1174 1202 enim
1190 1174 1286 1205 adhuc,
1305 1180 1374 1208 quos
1391 1172 1462 1198 alam
1474 1190 1481 1202 ,
1509 1174 1536 1197 et
1563 1169 1654 1196 omnia
1676 1168 1736 1195 red-

955 1222 1028 1249 dam.
1047 1221 1114 1248 Cum
1127 1228 1192 1255 ergo
1205 1220 1263 1247 dies
1278 1219 1381 1253 aliquot
1396 1225 1491 1244 rursus
1506 1214 1735 1245 intercessissent,

956 1267 1024 1294 dixit
1039 1265 1158 1293 Joannes
1175 1265 1337 1300 Epiphanio,
1354 1271 1415 1291 cum
1440 1270 1563 1289 essemus
1576 1261 1603 1288 in
1627 1260 1736 1294 templo,

956 1314 1001 1340 ubi
1028 1313 1174 1347 repositum
1197 1317 1239 1338 est
1255 1311 1358 1346 lignum
1381 1309 1515 1336 salutare:
1534 1307 1594 1334 Jam
1605 1306 1659 1334 dixi
1679 1305 1737 1337 tibi,

956 1352 1047 1386 Redde
1059 1358 1124 1385 mihi
1139 1361 1290 1391 argentum,
1302 1355 1373 1390 quod
1389 1354 1436 1381 tibi
1453 1351 1664 1380 accommodavi.
1675 1349 1739 1384 Epi-

957 1404 1074 1439 phanius
1088 1409 1177 1430 autem
1194 1402 1289 1429 leniter
1304 1405 1330 1427 et
1344 1400 1445 1434 placide
1455 1398 1524 1426 dixit
1539 1397 1637 1425 Joanni
1650 1404 1657 1422 :
1679 1395 1739 1422 Dixi

957 1451 1017 1482 tibi,
1035 1449 1124 1480 Pater,
1142 1456 1184 1475 inc
1196 1455 1255 1475 esse
1270 1447 1448 1474 redditurum.
1475 1444 1594 1473 Joannes
1614 1449 1678 1470 vero
1702 1442 1741 1468 ira

958 1496 1054 1530 plenus
1071 1493 1257 1528 apprehendit,
1280 1497 1307 1519 et
1331 1491 1417 1518 tenuit
1427 1490 1571 1525 diploidem
1586 1488 1741 1524 Epiphanii,

960 1545 1047 1578 ipsum
1063 1543 1090 1569 in
1102 1550 1132 1569 ea
1147 1541 1348 1575 constringens,
1365 1539 1445 1573 eique
1460 1537 1529 1565 dixit
1542 1545 1547 1562 :
1571 1535 1631 1563 Non
1643 1535 1740 1566 exiliis,

961 1598 1014 1616 non
1031 1589 1147 1619 sedebis,
1169 1595 1222 1614 non
1241 1594 1304 1620 ages
1321 1585 1348 1612 in
1378 1591 1454 1620 pace,
1481 1584 1568 1611 donec
1591 1580 1742 1609 reddideris

961 1639 1113 1669 argentum,
1131 1633 1263 1667 itnpostor
1280 1629 1422 1665 Epiphani.
1451 1629 1487 1655 Da
1502 1631 1654 1663 argentum,
1669 1624 1743 1661 quod

963 1688 977 1706 ιι
992 1687 1034 1706 me
1049 1678 1176 1713 accepisti
1190 1677 1383 1708 connnodato;
1414 1675 1541 1702 Ecclesiae
1569 1673 1660 1706 redde,
1685 1679 1746 1707 quae

964 1731 1028 1754 sunt
1055 1725 1191 1752 Ecclesiae.
1215 1723 1382 1759 Epiphanius
1406 1729 1468 1750 vero
1483 1726 1545 1757 post
1573 1721 1631 1748 haec
1656 1720 1746 1748 omnia

964 1773 1140 1800 conturbatus
1156 1778 1208 1798 non
1223 1770 1284 1803 fuit,
1302 1769 1349 1797 sed
1365 1773 1426 1796 erat
1450 1767 1520 1795 idem
1547 1767 1574 1794 in
1592 1774 1625 1794 eo
1648 1769 1746 1793 status.

965 1819 1063 1847 Mansit
1079 1823 1169 1845 autem
1185 1816 1304 1844 Joannes
1315 1816 1403 1850 spatio
1420 1815 1536 1842 duarum
1553 1814 1683 1840 horarum
1709 1815 1748 1839 te-

966 1873 1035 1893 nens
1048 1869 1074 1893 et
1089 1864 1184 1899 injuria
1195 1863 1313 1890 alliciens
1324 1861 1518 1896 Epiphanium.
1530 1860 1672 1894 Quotquot
1684 1865 1748 1885 vero

968 1913 1091 1942 aderant,
1104 1909 1212 1937 tristitia
1229 1913 1293 1936 sunt
1306 1908 1406 1940 allecti,
1424 1915 1456 1934 eo
1471 1906 1544 1941 quod
1565 1906 1701 1936 adessent,
1723 1907 1750 1931 et

968 1957 1093 1984 audirent
1115 1962 1211 1990 aspera
1228 1954 1307 1981 verba
1333 1952 1457 1980 Joannis.
1479 1950 1645 1986 Epiphanius
1659 1953 1748 1976 autem

969 2002 1211 2032 nihilcommotus,
1233 1999 1341 2034 exspuit
1357 1998 1383 2024 in
1405 1997 1463 2032 ejus
1478 1997 1584 2028 l‘aciem,
1609 1999 1635 2021 ct
1659 1994 1750 2022 statim

970 2048 1020 2076 fuit
1033 2051 1194 2074 excaecatus.
1212 2045 1368 2079 Ceciditque
1385 2048 1472 2070 metus
1486 2049 1568 2076 super
1581 2048 1686 2073 omnes,
1704 2039 1750 2074 qui

972 2094 1093 2122 aderant.
1109 2091 1228 2118 Joannes
1239 2097 1303 2116 vero
1318 2095 1420 2123 pronus
1433 2086 1530 2114 cecidit
1544 2085 1576 2112 ad
1594 2084 1678 2119 pedes
1690 2083 1751 2118 Epi—

971 2138 1076 2174 phanii,
1092 2145 1184 2167 orans,
1199 2141 1228 2162 ut
1243 2135 1331 2162 visum
1349 2133 1490 2167 reciperet.
1503 2130 1541 2157 Eo
1555 2135 1644 2157 autem
1659 2129 1753 2156 dicen-

973 2173 1020 2212 te:
1038 2183 1120 2216 Vade,
1136 2187 1163 2210 et
1185 2189 1291 2209 crucetn
1314 2179 1396 2207 adora
1410 2176 1601 2207 venerandam,
1628 2181 1714 2209 caque
1727 2173 1753 2201 id

936 2247 959 2274 ι)
974 2230 1021 2257 tibi
1034 2228 1178 2264 praebebit;
1188 2225 1377 2262 perseverabat
1387 2225 1443 2258 ipse
1452 2229 1552 2257 rogans
1562 2220 1753 2255 Epiphanium.

975 2275 1143 2312 Epiphanius
1156 2281 1220 2301 vero
1233 2280 1294 2300 cum
1307 2279 1368 2298 eum
1380 2270 1527 2300 docuisset,
1543 2275 1653 2295 manum
1667 2266 1691 2293 ei
1704 2266 1754 2292 im-

975 2310 1077 2358 posuit,
1092 2325 1119 2347 et
1147 2322 1257 2354 apertus
1281 2317 1331 2344 fuit
1353 2316 1447 2346 dexter
1458 2315 1518 2348 ejus
1542 2312 1647 2340 oculus.
1664 2310 1760 2338 Oravil.

978 2357 1067 2397 autem
1083 2366 1201 2394 Joannes
1210 2364 1290 2392 etiam
1303 2371 1351 2398 pro
1363 2362 1484 2389 sinistro.
1498 2359 1623 2394 Dixitque
1639 2357 1755 2392 Epipha-

979 2416 1041 2443 nius
1052 2413 1149 2441 Joanni
1166 2421 1173 2438 :
1189 2411 1247 2438 Non
1264 2415 1305 2437 est
1318 2416 1419 2440 meum,
1439 2415 1455 2434 ο
1469 2406 1518 2433 ﬁli.
1538 2405 1610 2433 Deus
1628 2404 1699 2432 enim
1711 2411 1755 2431 oc-

979 2461 1069 2494 clusit,
1086 2460 1157 2486 Deus
1170 2457 1276 2493 aperuit
1290 2464 1297 2488 ;
1316 2455 1388 2486 fecit,
1402 2459 1432 2480 ut
1448 2452 1541 2484 voluit,
1555 2456 1585 2479 ut
1602 2451 1688 2478 simus
1701 2457 1756 2477 mo-

979 2507 1058 2535 desti.
1076 2505 1194 2532 Joannes
1209 2508 1299 2529 autem
1317 2499 1463 2533 castigatus
1476 2502 1502 2525 ct
1521 2496 1660 2524 convictus
1673 2503 1689 2522 a
1701 2494 1757 2521 vire

978 2556 1063 2590 justo,
1077 2551 1128 2578 fuit
1142 2553 1251 2577 sanctus
1268 2547 1294 2573 in
1315 2545 1452 2573 omnibus.

145 2585 189 2628 8w
201 2601 238 2632 ὠς
255 2585 396 2635 ἠθέλησεν,
410 2599 484 2630 ὅπως
511 2585 751 2635 σωφρονισθῶμεν..
776 2599 804 2625 ’0
828 2599 856 2625 δὲ
875 2585 1001 2636 Ἰωάννης
1027 2595 1180 2627 παιδευθεὶς
1206 2593 1252 2620 καὶ
1275 2590 1412 2626 ἐλεγχθεὶς
1436 2589 1488 2616 ὑπὸ
1510 2587 1623 2619 δικαίου,
1655 2585 1758 2620 ὲγένετι

145 2647 216 2678 ὃσιος
234 2647 262 2673 ἐν
276 2646 368 2672 πᾶσιν.

178 2693 254 2726 Μετ’.
273 2690 472 2726 Ἐξερχομένων
483 2689 510 2716 δὲ
523 2691 540 2724 ἡ
545 2689 602 2724 μῶν
618 2690 666 2725 τὴν
680 2690 756 2717 πόλιν
769 2710 776 2722 ,
793 2690 840 2717 τοῦ
863 2691 930 2717 ἁπο-

148 2737 261 2764 πλεῦσαι
284 2737 358 2772 ἡμᾶς
383 2736 412 2761 ὲν
438 2734 552 2769 Κύπρῳ,
583 2735 629 2761 δύο
648 2736 796 2770 ἐμπαῖκται
817 2734 887 2771 ἦσαν
901 2735 931 2761 ἐν

149 2782 232 2815 τόπῳ.
246 2782 299 2809 Τοῦ
311 2782 340 2809 δὲ
352 2782 510 2815 Ἐπιφανίου
522 2780 689 2815 παράγοντος
697 2781 741 2807 τὸν
749 2775 840 2813 τόπον,
855 2779 931 2807 εἶπεν

1017 2685 1110 2714 XLVI.
1122 2683 1205 2711 Nobis
1221 2689 1284 2709 vero
1295 2679 1439 2714 aliquando
1447 2677 1609 2706 exeuntibus
1620 2682 1635 2703 e
1644 2674 1753 2703 civitate

983 2739 1013 2762 ut
1028 2732 1216 2766 navigaremus
1234 2728 1260 2754 in
1277 2726 1408 2762 Cyprum.
1423 2728 1501 2751 erant
1529 2723 1584 2750 duo
1597 2721 1721 2748 illusores
1738 2720 1760 2746 ir

983 2786 1016 2806 eo
1030 2764 1103 2805 loco.—
1114 2775 1182 2801 Cum
1198 2777 1286 2799 autem
1313 2779 1359 2805 per
1377 2770 1486 2806 locum»
1497 2767 1624 2794 transiret
1648 2764 1761 2800 Epipha-

138 2843 150 2888 ³
185 2810 223 2853 (ά)
240 2818 320 2851 ΊὉύς.
339 2802 579 2853 ιπῖιιιοτὶ.ξςειιιιυιῖι
594 2802 738 2847 άῡὲὲῖξίιὶί
750 2802 906 2844 sagitta

961 2802 1116 2840 Et'rniin'SIra
1130 2810 1182 2837 illis
1199 2809 1224 2835 in
1240 2802 1360 2842 prandio.
1376 2805 1455 2831 Enn.
1469 2802 1589 2830 PATROL.
