1934 3029
202 154 238 184 95
849 155 878 183 ὃ.
901 154 986 181 EPIPI

1042 153 1073 180 lll
1095 153 1185 180 VlTA.
1799 153 1836 181 84

203 217 274 249 nius,
302 216 327 243 ci
342 216 410 243 dixit
425 224 496 243 unus
510 224 542 242 ex
562 216 687 242 duobus:
705 215 803 242 Sancte
822 219 913 249 pater,
933 222 986 241 vtse

1043 213 1112 248 πρὸς
1139 213 1219 240 αὑτὸν
1241 214 1254 239 ὁ
1271 211 1323 244 εἷς’
1341 214 1428 245 Ὄσιε,
1459 213 1544 248 φησὶ,
1572 211 1664 249 Πάτερ
1679 213 1833 248 Ἑπιιρὰινιεὶ

203 268 352 294 mortuum,
367 268 394 290 et
418 270 501 296 super
517 270 578 289 eum
596 262 677 296 injice
702 265 898 296 legumentum.
921 259 989 287 Cum

202 309 260 335 h:ec
275 316 342 344 ergo
355 308 489 336 audiisset
500 308 678 343 Epiphanius,
699 308 773 335 stetit
792 307 824 334 ad
846 306 989 338 orientem,

201 362 250 388 pio
273 361 382 382 mortuo
408 355 526 382 olfereus
543 355 706 382 oralionem.
736 353 860 388 Cumque
888 360 917 380 se
940 360 991 380 suo

200 400 322 427 exuisset
338 401 506 431 indumento,
533 400 649 435 projecit
674 400 708 427 ad
737 398 904 426 induendum
919 405 990 424 mor-

201 449 289 472 tuum.
306 445 359 474 lter
375 451 464 474 autem
481 446 595 474 faciente
610 446 773 482 Epiphanio.
787 446 809 474 is
821 446 868 480 qui
880 453 911 472 ea
928 452 990 471 ver.

201 491 235 518 ba
260 491 366 520 dixerat
379 514 387 525 ,
416 492 485 520 dixit
499 493 534 525 ei,
549 493 595 527 qui
611 500 641 520 se
655 498 793 520 mortuum
819 490 966 519 simulabat
981 498 988 515 :

201 537 298 574 Surge,
316 540 446 574 prmteriit
462 540 504 567 vir
519 540 595 567 rudis
613 544 639 567 et
656 539 792 566 indoctus.
811 538 878 565 Cum
899 537 923 564 is
939 544 989 564 au-

201 590 255 613 tem
270 594 323 613 non
333 587 519 621 responderet,
529 595 625 614 rursus
632 594 692 613 eum
705 586 828 612 vocabat.
841 584 989 618 Postquam

201 639 266 660 vero
282 633 547 661 auimadvertiteum
575 641 635 660 esse
660 637 811 662 mortuum,
839 628 990 664 dicitapud

202 680 390 711 seICurram.
415 685 442 707 et
473 681 572 715 hospiti
597 688 683 707 meam
700 679 788 710 dicam
815 678 931 711 culpam,
962 678 991 701 ut

201 731 263 750 cum
286 725 394 752 excitet.
412 724 464 758 Qui
480 733 530 753 nos
549 730 702 757 assecutus,
722 725 748 752 in
762 728 860 751 terram
881 720 988 751 cecidit,

201 777 302 804 rogans
317 770 511 806 Epiphanium.
528 773 591 799 etei
605 772 699 799 dicens
710 771 793 798 verba
808 767 964 804 hujusmodi
981 775 988 793 :

201 815 289 852 Rogo,
308 822 335 845 et
351 818 474 853 supplico
501 823 554 846 tute
577 818 734 853 paternitati
751 825 757 844 τ
777 817 817 844 fer
834 823 931 850 opem,
961 816 990 839 et

199 869 282 896 parce
292 867 392 890 nostra:
406 864 580 898 insipientim.
594 864 709 897 Quando
722 863 795 891 enim
808 867 834 889 te
848 868 908 888 sum
922 858 990 885 allo-

1045 257 1190 292 ὲπὶσκεψαι
1205 257 1250 283 τὸν
1268 257 1374 292 νεκρὸν,
1391 258 1439 284 καὶ
1460 257 1490 284 τὸ
1506 258 1637 293 κάλυμμα
1663 258 1740 294 ρίψον
1769 260 1836 294 προς

1043 300 1147 328 τοῦτον.
1170 302 1198 328 ὐ
1212 299 1257 328 οὖν
1273 302 1432 335 Ἐπιφάνιος
1447 301 1567 333 ἀκούσας
1581 302 1677 332 ταῦτα,
1693 302 1757 337 ἔστη
1769 302 1834 336 πώς

1044 347 1175 380 ἀνατολὰς
1189 348 1258 383 ὑπὲρ
1271 347 1368 383 νεκροῦ
1384 347 1434 383 τὴν
1443 348 1534 383 δέησιν
1549 348 1727 383 προσφέρων·
1745 349 1791 374 καὶ
1804 349 1836 383 δὴ

1043 393 1247 428 ἀποδυσάμενος
1267 393 1312 419 τὸν
1339 393 1498 428 ἐπενδύτην,
1526 393 1636 429 ἔρριψεν
1650 394 1718 428 πρὸς
1731 393 1833 420 ἔνδυσιν

1043 439 1090 466 τοῦ
1103 439 1259 471 τεθνεῶτος.
1275 439 1331 466 Τοῦ
1343 440 1372 466 δὲ
1383 440 1543 475 Ἐπιφανίου
1557 440 1606 476 τὴν
1619 441 1731 476 πορείαν
1744 449 1830 467 ποιου-

1045 486 1137 522 μένου,
1154 487 1235 522 φησὶν
1249 488 1263 513 ὁ
1277 487 1340 518 τοὺς
1353 487 1448 521 λόγους
1468 487 1588 523 λαλήσας
1607 487 1675 523 πρὸς
1695 487 1740 513 τὸν
1766 486 1831 513 πλα-

1045 532 1141 559 σθέντα
1159 533 1203 560 τὺν
1215 533 1330 560 θάνατον
1340 542 1346 549 ·
1357 534 1486 566 Ἀνάστα,
1500 534 1593 568 φησὶν,
1606 533 1806 568 ἀντιπαρῆλθεν
1821 534 1836 560 ὀ

1046 579 1163 615 ἰδιώτης.
1179 579 1232 606 Τοῦ
1248 580 1276 606 δὲ
1290 580 1436 614 ἀπόκρισιν
1454 580 1490 616 μὴ
1503 580 1621 612 διδόντος
1632 600 1639 611 ,
1656 580 1736 606 πάλιν
1750 588 1834 615 προσ-

1043 625 1176 652 εκαλεῖτο.
1213 625 1255 657 Ὦς
1281 626 1309 652 δὲ
1327 628 1481 662 προσέσχεν
1510 625 1605 652 τοῦτον
1627 625 1733 660 νεκρὸν,
1753 625 1836 660 φησὶν

1044 671 1112 706 πρὸς
1126 672 1221 698 ἑαυτὸν
1233 681 1239 686 ·
1253 672 1365 708 Δράμω,
1396 673 1444 699 καὶ
1467 672 1627 707 ἀπαγγείλω
1643 671 1681 706 τῷ
1704 671 1770 706 ξένῳ
1786 671 1836 706 τὴν

1044 718 1143 748 αἰτίαν⁷
1170 718 1243 749 ὅπως
1268 718 1363 744 τοῦτον
1379 718 1535 754 ἀναστήσει.
1561 718 1590 744 '0
1617 718 1645 744 δὲ
1665 717 1836 749 καταδιώξας

1045 763 1133 790 ὀπίσω
1144 763 1233 798 ἡμῶν,
1252 763 1348 790 ἔπεσεν
1366 765 1412 790 ἐπὶ
1435 763 1484 799 τὴν
1498 765 1551 799 γῆν
1577 764 1703 798 δεόμενος
1721 763 1838 796 Ἐπιφα-

1044 809 1111 840 νίου,
1126 809 1228 844 λέγων·
1242 809 1342 845 Δέομαι
1356 810 1403 836 καὶ
1420 809 1534 836 ἱκετεύω
1552 810 1601 842 τὴν
1625 810 1673 844 σὴν
1691 809 1836 845 πατρωσύ-

1044 863 1102 890 νην,
1117 854 1259 890 βοήθησον,
1273 856 1320 881 καὶ
1333 857 1424 890 φεῖσαι
1435 856 1483 890 τῆς
1498 855 1574 890 ἡμῶν
1589 854 1754 890 ἀφροσύνης.
1772 855 1836 881 Ὅτε

200 912 280 936 cutus
289 908 399 936 dicens:
412 909 496 936 Indue
509 914 658 943 mortuum,
670 910 730 944 ejus
742 916 877 937 consensu
886 915 945 935 sum
954 906 986 932 lo-

1046 901 1100 936 γὰρ
1115 901 1288 937 ἐφθεγξάμην
1302 902 1369 937 πρὸς
1387 902 1416 928 σὲ
1431 902 1534 936 λέγων,
1551 902 1712 928 Ἐπένδυσον
1732 901 1776 927 τὸν
1791 909 1835 927 τεο

199 959 280 982 cutus
297 963 304 981 :
332 962 450 990 cumtu
466 960 494 982 tu
510 963 563 982 non
580 956 659 991 longe
676 955 865 990 prmtcriisses,
888 954 990 981 allocu-

200 1007 244 1029 ιιιδ
256 1010 316 1029 sum
332 1010 422 1030 meum
436 1002 567 1033 amicum,
586 1006 612 1029 et
631 1002 657 1029 in
675 1010 708 1029 eo
724 1010 778 1029 nou
796 1006 856 1028 erat
868 1008 991 1032 VOX,D€C

200 1048 320 1075 auditus.
340 1048 392 1075 Sed
417 1056 478 1083 age,
492 1049 590 1083 inquit,
608 1048 688 1076 Pater
699 1069 706 1081 ,
719 1048 822 1076 suscita
837 1051 988 1078 mortuum,

199 1098 227 1121 ct
240 1102 323 1129 quam
339 1102 352 1121 a
366 1099 392 1121 te
405 1095 561 1130 accepimus
578 1096 709 1127 tunicam,
725 1103 785 1122 eam
802 1095 904 1129 accipe.
920 1093 990 1120 Dixit

200 1144 291 1167 autem
310 1138 479 1174 Epiphanius
497 1140 534 1171 ei.
557 1140 604 1174 qui
628 1140 790 1174 loquebatur
806 1148 812 1165 :
833 1138 924 1171 Vade,
940 1138 988 1170 ﬁli,

198 1191 227 1214 et
238 1186 321 1221 sepeli
341 1193 414 1213 eum.
430 1186 550 1213 Primum
569 1187 641 1214 enim
658 1190 700 1214 est
720 1192 855 1218 mortuus,
872 1189 898 1212 et
924 1190 989 1212 tunc

200 1233 251 1269 ipsi
280 1232 383 1268 petiisti
410 1233 612 1261 indumentum.
635 1234 703 1260 Cum
722 1238 811 1260 autem
829 1240 927 1260 rursus
943 1239 989 1259 ve-

199 1280 339 1307 nissemus
353 1279 518 1312 Caesaream,
533 1280 559 1307 in
572 1279 691 1316 Cyprum
707 1280 904 1314 navigavimus.
920 1278 987 1306 Fra-

200 1329 255 1353 ινεε
273 1331 337 1353 vero
354 1333 405 1353 nos
420 1332 481 1353 cum
496 1333 594 1360 magno
609 1326 709 1361 gaudio
723 1329 898 1360 exceperunt.

232 1456 337 1486 XLVII.
352 1457 417 1486 Erat
433 1463 523 1486 autem
542 1458 652 1494 quidam
669 1459 842 1494 legisperitus
866 1457 987 1492 Iudaeus,

198 1502 275 1534 Isaac
287 1506 409 1539 nomine,
423 1507 465 1533 vir
481 1506 554 1541 pius,
567 1511 594 1534 et
610 1507 655 1542 qui
681 1511 808 1534 accurate
822 1506 906 1542 legem
930 1514 988 1534 ser-

198 1553 280 1581 vabat
292 1552 452 1580 Mosaicam.
464 1553 489 1580 ls
504 1561 566 1580 cum
578 1558 699 1581 sectatus
709 1557 782 1581 esset
793 1553 986 1588 Epiphanium,

197 1604 225 1627 et
238 1600 373 1627 eatechesi
392 1599 489 1627 fuisset
513 1599 666 1632 institutus,
692 1603 734 1627 est
750 1600 785 1627 ab
799 1607 832 1627 eo
849 1599 987 1626 illumina-

198 1649 254 1675 tus.
271 1647 387 1674 Eramus
400 1651 490 1674 autem
503 1651 559 1674 tres
571 1646 645 1673 domi
662 1650 814 1673 manentes.

232 1693 349 1721 XLVIII.
361 1692 515 1728 Aliquando
544 1700 610 1720 vero
636 1700 698 1719 cum
727 1700 806 1719 soror
835 1690 943 1717 Arcadii
959 1694 987 1718 et

198 1740 310 1769 tlonorii
323 1740 518 1774 imperatorum
530 1743 685 1772 (egrotaret,
693 1742 766 1766 esset
775 1742 865 1766 autem
881 1737 985 1768 Romae.

198 1786 284 1813 audiit
296 1785 330 1813 de
346 1784 509 1820 Epiphanio,
536 1784 609 1819 quod
624 1783 697 1811 Deus
714 1791 763 1818 per
786 1791 849 1811 eum
877 1788 987 1811 sanaret

199 1837 325 1870 mgrotos.
340 1831 378 1859 Ea
391 1840 456 1867 ergo
471 1831 546 1858 misit
563 1831 590 1858 in
604 1831 735 1867 Cyprum.
748 1830 794 1866 qui
811 1829 926 1857 Romam
938 1831 986 1857 ad-

197 1879 329 1908 ducerent
351 1879 543 1914 Epipbanium.
571 1878 623 1911 Qui
652 1882 742 1905 autem
770 1877 848 1905 missi
867 1877 984 1908 fuerant,

197 1935 260 1954 eum
283 1927 310 1953 in
330 1926 449 1962 Cyprum
471 1925 671 1960 pervenissent,
687 1924 867 1952 ostenderunt
880 1924 985 1951 litteras

197 1973 362 2008 Epiphanio.
397 1971 461 1998 Erat
482 1979 547 1998 vero
561 1971 671 2006 quidam
702 1970 811 2005 gentilis
830 1970 870 1997 vir
897 1970 984 2002 dives,

199 2017 296 2054 lingua
311 2018 457 2046 admodum
475 2017 621 2052 impeditze.
647 2017 758 2044 nomine
779 2016 984 2044 Faustiniauus.

199 2062 222 2092 ls
238 2068 383 2099 exceperat
397 2064 472 2091 viros
485 2063 584 2090 missos
601 2063 633 2090 ad
653 2061 835 2097 Epiphanium
849 2082 856 2094 ,
877 2062 923 2096 qui
938 2063 985 2089 ad-

196 2110 359 2138 versabatur
373 2109 517 2137 admodum
546 2109 594 2136 illi.
610 2109 657 2136 His
679 2113 770 2136 autem
789 2108 894 2136 dicebat
910 2107 984 2135 Fau-

198 2157 350 2184 stinianus:
365 2155 436 2189 Quid
446 2155 510 2182 huic
520 2154 672 2190 imposlori,
682 2159 809 2189 tanquam
828 2154 893 2186 Deo,
907 2154 985 2181 adhi-

196 2200 268 2231 betis
290 2202 429 2230 animum?
454 2201 560 2237 Frigida
587 2201 659 2228 enim
691 2201 773 2228 verba
799 2201 940 2236 loquitur,
955 2205 983 2228 et

197 2250 266 2277 nihil
283 2250 355 2277 aliud
373 2259 379 2276 :
394 2253 435 2277 est
450 2253 540 2276 autem
557 2248 684 2283 pessimis
695 2247 828 2275 moribus.
859 2247 983 2281 Quodam

197 2302 262 2323 vero
273 2295 317 2323 die
328 2303 389 2323 cum
401 2295 509 2322 adesset
520 2292 701 2329 Epiphanius.
714 2300 860 2328 essentque
873 2293 984 2328 opifices

197 2346 341 2376 operantes
363 2341 390 2368 in
418 2341 545 2372 ecclesia.
561 2345 639 2367 erant
656 2340 737 2367 etiam
766 2339 821 2366 illic
846 2339 907 2372 viri,
936 2339 982 2374 qui

197 2386 273 2414 missi
288 2386 406 2417 fuerant,
418 2394 502 2421 prope
512 2385 704 2421 Epiphanium.
722 2384 787 2412 Erat
807 2389 897 2411 autem
912 2383 984 2411 Fau-

196 2432 333 2459 stiniauus
351 2439 460 2466 quoque
485 2437 561 2458 stans
587 2431 613 2458 in
639 2439 672 2458 eo
699 2431 767 2457 loco.
793 2429 861 2457 Cum
877 2437 910 2457 ex
927 2429 982 2456 alto

195 2484 260 2512 ergo
278 2474 421 2504 cecidisset
433 2484 505 2503 unus
530 2484 562 2503 ex
577 2475 796 2508 aediﬁcatoribus,
817 2479 843 2502 et
869 2475 982 2502 descen-

194 2523 279 2550 disset
293 2529 375 2556 supra
386 2527 468 2556 caput
480 2521 651 2550 Faustiniani
667 2534 672 2550 :
696 2523 742 2558 qui
758 2522 893 2550 ceciderat
918 2522 982 2557 qui-

195 2610 292 2640 l‘aeiem
326 2612 442 2645 cecidit,
461 2617 489 2640 et
513 2614 615 2641 mansit
645 2618 782 2642 mortuus.
813 2613 981 2649 Epiphanius

193 2664 286 2687 autem
302 2659 524 2694 appropinquans
539 2659 729 2692 Faustiniano,
740 2668 803 2687 eum
821 2659 908 2687 tenuit
925 2667 982 2686 ma-

193 2715 240 2740 nu,
258 2706 352 2733 dicens
368 2714 375 2732 :
395 2704 492 2741 Surge,
510 2705 558 2737 ﬁli,
586 2707 612 2732 in
636 2706 748 2734 nomine
766 2705 885 2738 Domini,
912 2705 981 2732 vade

193 2759 277 2778 sanus
291 2751 318 2778 in
331 2750 443 2779 domum
462 2755 548 2778 tuam.
579 2751 675 2778 Statim
693 2756 784 2779 autem
809 2751 938 2782 surrexit,
954 2756 982 2778 et

194 2796 241 2823 ivit
257 2796 284 2823 in
307 2795 418 2824 domum
433 2803 521 2823 suam.
540 2796 608 2823 Cum
624 2801 714 2823 autem
743 2797 891 2824 audivisset
912 2804 980 2823 uxm'

230 2897 267 2933 (τε)
292 2897 369 2934 Legit
385 2898 519 2934 interpres
532 2897 694 2933 Ἑπιεξανίῳ.

1045 947 1158 979 θνεῶτα,
1175 948 1245 974 κατὰ
1261 947 1368 974 σύνεσιν
1381 948 1485 974 ἐκείνου
1510 947 1687 982 ἐφθεγξάμην
1713 947 1776 979 τοὺς
1792 947 1837 973 λό-

1044 1002 1119 1028 γους,
1149 994 1197 1021 καὶ
1212 994 1413 1029 ἁντιπαρῆλθες
1426 995 1510 1029 ἡμᾶς,
1525 991 1547 1020 ὦ
1569 994 1669 1030 Πάτερ,
1695 994 1726 1020 οὐ
1756 993 1834 1024 πολὺ,

1045 1040 1123 1074 κάγὼ
1136 1040 1233 1074 λόγους
1247 1040 1365 1075 ἐλάλησα
1378 1040 1447 1076 πρὸς
1461 1041 1527 1075 ἐμὸν
1542 1041 1664 1075 ἑταῖρον·
1683 1040 1729 1066 καὶ
1737 1040 1786 1066 οὐκ
1802 1038 1837 1075 ἦν

1047 1088 1132 1122 φωνὴ,
1147 1087 1195 1114 καὶ
1210 1087 1260 1114 οὐκ
1270 1085 1303 1123 ἦν
1315 1087 1454 1123 ἀκρόασις.
1471 1086 1552 1113 Ἀλλὰ
1561 1087 1650 1122 δεῦρο,
1663 1087 1763 1122 Πάτερ,
1773 1086 1836 1113 ἀνά-

1047 1142 1146 1168 στησον
1161 1133 1206 1159 τὸν
1220 1133 1382 1169 τεθνηκότα,
1398 1134 1444 1160 καὶ
1458 1133 1503 1160 τὸν
1518 1132 1632 1168 χιτῶνα,
1644 1132 1673 1159 ὃν
1686 1132 1836 1167 εἰλήφαμεν

1044 1179 1120 1213 παρὰ
1137 1178 1196 1211 σοῦ,
1212 1178 1287 1205 λάϐε.
1305 1177 1390 1206 Εἶπεν
1404 1179 1431 1205 δὲ
1448 1178 1606 1212 Ἐπιιράνιος
1634 1177 1702 1213 πρὸς
1725 1177 1770 1203 τὸν
1789 1177 1836 1204 λα-

1042 1224 1140 1252 λοῦντα
1152 1234 1158 1240 ·
1178 1224 1307 1257 Ἀπελθε,
1325 1224 1429 1256 τέκνον,
1440 1224 1487 1250 καὶ
1503 1223 1587 1257 θάψον
1599 1223 1693 1249 τοῦτον
1706 1232 1713 1237 ·
1729 1222 1837 1257 πρῶτον

1040 1271 1095 1307 γὰρ
1108 1271 1253 1302 ἀπέθανεν,
1267 1271 1315 1297 καὶ
1328 1271 1387 1297 τότε
1396 1263 1499 1306 ᾔτησας
1506 1270 1550 1296 τὸν
1561 1270 1719 1305 ἐπενδύτην.
1734 1268 1834 1294 Κατε).-

1043 1317 1144 1344 θόντων
1155 1318 1182 1344 δὲ
1201 1317 1278 1353 ἡμῶν
1296 1317 1375 1344 πάλιν
1398 1318 1428 1342 ἐν
1452 1315 1606 1352 Καισαρείᾳ
1623 1315 1836 1350 ἀπεπλεύσαμεν

1041 1364 1070 1389 ὲν
1086 1363 1208 1399 Κύπρῳ,
1232 1364 1279 1390 καὶ
1304 1362 1469 1396 ἀπεδέξαντο
1495 1363 1569 1398 ἡμᾶς
1583 1362 1608 1388 οἱ
1634 1361 1744 1396 ἀδελφοὶ
1767 1361 1835 1397 μετὰ

1042 1410 1127 1444 χαρᾶς
1147 1410 1278 1444 μεγάλης-

1077 1458 1142 1484 ΜΖ¹.
1159 1455 1213 1484 Ἦν
1227 1458 1254 1484 δέ
1271 1466 1312 1489 τις
1324 1458 1434 1492 νομικὸς
1448 1457 1574 1488 Ἰουδαῖος
1585 1478 1591 1489 ,
1603 1456 1697 1483 Ἰσαὰκ
1711 1457 1833 1490 ὀνόματι,

1041 1506 1112 1541 ἀνὴρ
1125 1504 1252 1540 εὐλαϐὴς,
1264 1504 1311 1531 καὶ
1325 1505 1466 1538 φυλάττων
1481 1504 1525 1530 τὸν
1537 1504 1618 1538 νόμον
1629 1504 1676 1529 τὸν
1689 1502 1834 1529 Μίοσαῖκὸν

1043 1552 1111 1587 μετὰ
1135 1550 1288 1585 ἀκριϐείας.
1317 1547 1401 1581 Οὗτος
1429 1549 1641 1585 προσκυλληθεὶς
1671 1549 1832 1583 Ἐπιφανίῳ,

1041 1598 1088 1625 καὶ
1103 1597 1269 1632 κατηχηθεὶς
1287 1596 1333 1623 ὑπ’
1345 1595 1438 1625 αὑτοῦ,
1459 1595 1607 1631 ἐφωτίσθη.
1625 1594 1734 1630 Ἥμεθα
1747 1592 1793 1620 οὖν
1807 1594 1833 1619 ol

1040 1646 1114 1680 τρεῖς
1133 1644 1259 1679 μένοντες
1276 1644 1304 1669 ἐν
1315 1643 1381 1675 οἴκῳ
1394 1643 1444 1669 ἑνί.

1076 1691 1144 1716 Illll’.
1163 1689 1230 1715 Ποτὲ
1247 1685 1293 1715 οὖν
1306 1689 1322 1723 ἡ
1335 1687 1435 1722 ἀδελφὴ
1460 1687 1603 1723 ’Λρκαδῐου
1631 1686 1678 1713 καὶ
1704 1685 1833 1721 ὐνωρῑου

1040 1734 1094 1760 τῶν
1109 1733 1239 1769 βασιλέων
1266 1733 1351 1764 πάθος
1382 1732 1480 1767 ἔχουσα
1494 1730 1547 1768 (ἦν
1575 1732 1602 1758 δὲ
1629 1730 1699 1765 αὕτη
1717 1731 1763 1757 ἐπὶ
1780 1731 1831 1764 τῆς

1046 1779 1175 1815 Ῥώμης)
1195 1780 1309 1814 ἤκουσεν
1333 1779 1396 1813 περὶ
1419 1778 1579 1812 Ἐπιφανὶου
1592 1798 1599 1808 ,
1617 1778 1658 1804 ὅτι
1685 1777 1830 1812 θεραπεύει

1040 1826 1054 1851 ὁ
1069 1825 1134 1856 Θεὸς
1151 1825 1183 1850 δι’
1203 1824 1284 1850 αὑτοῦ
1305 1824 1367 1855 τοὺς
1380 1823 1570 1854 ἀσθενοῦντας.
1594 1822 1666 1857 Αὕτη
1700 1820 1746 1848 οὖν
1777 1822 1831 1848 ἁπ-

1040 1871 1161 1897 ἐστειλεν
1177 1871 1205 1896 ὲν
1214 1871 1246 1905 τῇ
1258 1869 1401 1905 Κυπρίων,
1414 1870 1526 1903 ἀγαγεῖν
1542 1868 1700 1902 Ἐπιφάνιον
1714 1868 1760 1894 ἐπὶ
1782 1868 1831 1901 τῆς

1046 1915 1164 1951 Ῥώμης.
1178 1915 1238 1942 Τῶν
1258 1915 1286 1942 δὲ
1303 1914 1514 1949 ἀπεσταλμένων
1533 1914 1760 1948 καταντησάντων
1784 1913 1831 1939 ἐπὶ

1039 1958 1156 1994 Κύπρῳ,
1170 1958 1314 1990 ἀπέδειξαν
1325 1958 1359 1985 τὰ
1371 1958 1522 1994 γράμματα
1535 1958 1704 1993 ὲτιισκοπείῳ
1718 1958 1766 1992 (a).
1778 1955 1831 1984 Ἦν

1039 2006 1067 2032 δέ
1083 2014 1124 2037 τις
1138 2005 1208 2040 ἀνὴρ
1224 2005 1324 2040 Ἕλλην
1344 2004 1481 2036 πλούσιος,
1497 2004 1598 2040 σφόδρα
1611 2003 1763 2039 μογιλάλος,
1784 2004 1831 2029 καὶ

1038 2051 1123 2086 ὄνομα
1154 2051 1235 2077 αὑτοῦ
1261 2051 1462 2079 Φαυστινιανός.
1485 2048 1569 2081 Οὗτος
1594 2049 1754 2081 ἐδεξιώσατο
1767 2049 1830 2080 τοὺς

1039 2097 1137 2131 ἄνδρας
1151 2097 1215 2128 τοὺς
1224 2096 1399 2132 πεμφθέντας
1414 2096 1482 2132 πρὸς
1494 2097 1668 2130 Ἐπιφάνιοψ
1685 2093 1718 2131 ἦν
1737 2095 1765 2122 δὲ
1783 2095 1830 2121 καὶ

1040 2144 1143 2179 σφόδρα
1169 2143 1357 2178 ἀντικείμενος
1381 2143 1544 2178 Ἐπιφανίῳ.
1569 2142 1680 2174 Τούτοις
1709 2142 1800 2175 ἔλεγεν
1815 2142 1830 2167 ὁ

1038 2190 1244 2221 Φαυστινιανός·
1275 2189 1319 2221 Τί,
1349 2189 1441 2224 φησὶν,
1465 2189 1622 2224 προσέχετε.
1649 2188 1687 2220 ὼς
1701 2187 1770 2222 Θεῷ,
1791 2187 1829 2222 τῷ

1039 2237 1166 2272 tetulit-511'];
1183 2237 1286 2271 Λόγους
1302 2236 1356 2271 γὰρ
1377 2235 1497 2271 ψυχροὺς
1512 2235 1597 2267 λαλεῖ,
1619 2235 1665 2261 καὶ
1684 2235 1759 2261 οὐδὲν
1771 2235 1829 2261 ἓτε-

1040 2291 1085 2319 ρον
1099 2291 1106 2299 ⁸
1121 2283 1250 2315 κάκιστός
1271 2284 1330 2309 ἐστι
1354 2282 1418 2318 περὶ
1434 2282 1497 2313 τοὺς
1510 2282 1616 2315 λόγους.
1643 2282 1689 2308 Ἑν
1720 2283 1768 2316 μιᾷ
1783 2280 1829 2308 οὖν

1038 2327 1130 2362 ἡμέρᾳ
1144 2327 1338 2362 ὲπιστήκοντος
1347 2327 1518 2361 Ἐπιφανῐου,
1529 2326 1566 2358 ὡς
1580 2325 1651 2362 ἦσαν
1664 2327 1688 2358 οἱ
1708 2328 1828 2361 τεχνῖται

1038 2374 1214 2409 ἐργαζόμενοι
1231 2374 1277 2400 ἐπὶ
1297 2373 1347 2408 τῆς
1367 2373 1526 2408 ἐκκλησίας,
1543 2371 1613 2408 ἦσαν
1630 2373 1678 2399 καὶ
1693 2373 1717 2399 οἱ
1734 2373 1828 2407 ἄνδρες

1036 2420 1060 2445 οἱ
1073 2420 1273 2455 ἀπεσταλμένοι
1287 2420 1371 2454 ἐγγὺς
1385 2419 1502 2450 ἑστῶτες
1530 2419 1703 2453 Ἐπιφανίου.
1731 2416 1785 2445 Ἦν
1799 2419 1828 2445 δὲ

1036 2465 1084 2492 καὶ
1099 2465 1289 2496 Φαυστινιανὺς
1304 2463 1389 2496 ἑστὼς
1406 2464 1452 2490 ἐπὶ
1465 2464 1512 2490 τοῦ
1532 2465 1626 2491 τόπου.
1647 2461 1695 2495 Εἷς
1711 2461 1757 2490 οὖν
1773 2464 1827 2489 τῶν

1036 2510 1183 2545 οἰκοδόμων
1195 2509 1284 2536 πεσὼν
1295 2510 1349 2536 ἀπὸ
1362 2509 1445 2543 ὕψους
1463 2508 1594 2544 μεγάλου,
1620 2509 1666 2535 καὶ
1682 2508 1826 2543 ἐρχόμενος

187 2569 266 2600 dem,
283 2567 352 2594 nihil
365 2567 430 2594 mali
449 2570 491 2594 est
513 2574 631 2602 paSSus:
660 2568 856 2596 Faustinianus
869 2575 933 2596 vero
954 2569 981 2595 in

1042 2556 1107 2583 κατὰ
1123 2556 1245 2591 κεφαλῆς
1260 2555 1463 2586 Φαυστινιανοῦ,
1477 2556 1491 2581 ὁ
1510 2556 1559 2590 μὲν
1579 2554 1668 2581 πεσὼν
1691 2554 1764 2581 οὐδὲν
1777 2562 1819 2580 κα-

1037 2602 1082 2628 κὺν
1095 2601 1206 2628 ἓπαθεψ
1223 2602 1237 2628 ὁ
1254 2601 1282 2628 δὲ
1296 2601 1490 2632 Φαυστινιανὸς
1500 2601 1596 2627 ἔπεσεν
1611 2601 1657 2627 ἐπὶ
1669 2600 1824 2635 πρόσωπον,

1036 2649 1083 2674 καὶ
1095 2647 1185 2683 ἔμεινε
1204 2647 1310 2683 νεκρός.
1326 2648 1456 2682 Ἑγγίσας
1476 2647 1504 2674 δὲ
1528 2646 1684 2680 Ἐπιφάνιος
1710 2647 1825 2672 Φαυστι-

1035 2693 1127 2727 νιανῷ,
1144 2693 1295 2728 ἐκράτησεν
1310 2693 1390 2720 αὐτὸν
1405 2693 1458 2719 ἀπὸ
1470 2692 1520 2726 τῆς
1534 2691 1624 2726 χειρὸς
1635 2690 1720 2724 λέγων
1729 2699 1735 2705 “
1748 2691 1817 2717 Ἀνά-

1036 2748 1097 2771 στα,
1113 2740 1216 2770 τέκνον,
1241 2740 1332 2774 φησὶν,
1348 2740 1377 2765 ἐν
1392 2739 1505 2774 ὀνόματι
1518 2738 1630 2773 Κυρίου,
1655 2737 1702 2764 καὶ
1725 2738 1824 2764 ἄπελθε

1036 2785 1163 2812 ὑγιαίνων
1181 2786 1209 2812 ἐν
1227 2781 1319 2820 τῷσῴ
1340 2784 1417 2812 οῗκω.
1436 2784 1543 2815 Εὐθέως
1568 2783 1596 2810 δὲ
1608 2783 1707 2819 ἀνέστη
1723 2784 1736 2808 ὁ
1752 2784 1823 2810 Φαυ-
