1934 3029
107 165 145 193 85
755 170 783 197 S.
806 169 977 199 EPlPHANll
999 172 1090 202 VITA.
1160 143 1165 150 '
1691 175 1726 204 86

111 224 256 258 στινιανὸς,
273 225 319 252 καὶ
334 226 469 262 ἐπορεύθη
483 228 522 258 είς
536 227 582 253 τὸν
597 224 670 253 οἶκον
683 227 777 254 αὑτοῦ.
800 226 895 253 Ἀκού⁸

955 229 1006 263 :jus
1035 229 1108 264 quod
1135 228 1236 258 factum
1255 231 1352 262 fuerat.
1369 231 1471 266 accepit
1493 231 1565 259 mille
1587 239 1726 264 nummos,

112 278 183 297 σασα
197 271 225 297 δὲ
238 272 253 307 ἡ
272 271 365 298 τούτου
381 273 449 308 γυνὴ
463 272 493 299 τὸ
508 273 627 306 γεγονὸς,
640 272 757 300 λαϐοῦσα
771 273 842 308 χίλια
853 282 895 299 νο-

113 316 236 351 μίσματα
251 317 438 352 προσήνεγκεν
451 318 612 354 Ἐπιφανίῳ.
627 317 711 346 Εἶπεν
731 319 758 345 δὲ
781 319 895 352 Ἐπιφά-

111 370 168 393 νιος
181 362 250 397 πρὸς
262 362 311 398 τὴν
326 365 460 397 γυναῖκα·
479 364 606 396 Ἀπελθε,
628 365 732 396 τέκνον,
754 364 798 396 δὸς
825 364 896 391 αὐτὰ

109 410 168 440 τοῖς
184 409 313 435 κοπιῶσιν
326 409 373 436 ἐπὶ
384 410 433 444 τῆς
444 409 600 445 ἐκκλησίας,
621 411 667 437 καὶ
680 410 750 444 ἕξεις
760 411 895 446 θησαυρὸν

111 453 188 489 παρὰ
202 453 241 489 τῷ
266 454 394 490 ’Υψίστῳ.
413 455 466 482 Καὶ
477 455 562 487 οὕτως
581 456 708 491 εποίησεν
719 457 736 492 ἡ
752 458 831 492 γυνή.

147 499 215 527 Μθι.
242 501 272 526 0i
289 498 336 527 οὖν
351 501 548 535 ἀπεσταλμένοι
571 502 647 538 παρὰ
672 502 726 528 τῶν
744 502 873 537 βασιλέων
886 522 893 534 ,

112 544 215 579 ἐπῆγον
229 545 274 571 τὸν
290 546 449 579 Ἐπιιράνιον
466 546 512 573 ἐπὶ
527 546 557 572 τὸ
579 547 670 573 πλέειν
696 547 743 573 ἐπὶ
759 547 807 582 τὴν
827 547 894 573 Ῥώ-

115 599 179 626 μην.
194 589 247 617 Ἦν
257 590 286 617 δέ
301 600 343 623 τις
362 591 489 627 κληρικὺς
506 592 559 618 ἀπὸ
571 592 702 627 ρητόρων,
719 592 837 627 τοῦνομα
849 593 895 618 Φί-

113 635 176 669 λων,
189 636 258 672 ἀνὴρ
270 637 351 669 ὅσιος.
362 638 447 672 Χρεία
457 638 485 664 δὲ
495 636 528 673 ἦν
542 638 587 664 ἐπὶ
593 639 642 673 τῆς
650 638 753 670 πόλεως
766 638 812 665 τοῦ
821 640 895 674 Καρ-

114 682 211 708 πασίου
228 682 337 709 καθίσαι
354 682 501 709 ἐπίσκοπον
514 684 559 710 ἐπὶ
569 683 616 710 τοῦ
627 683 732 719 θρόνου.
744 681 798 710 Ἦν
811 683 839 710 δὲ
851 680 895 710 οὗ·

113 735 160 758 τος
172 726 302 759 διάκονος.
321 728 422 755 Τοῦτον
431 727 478 755 οὖν
491 729 545 756 ἀπὸ
558 729 753 764 ἀποκαλύψεως
765 729 830 756 Θεοῦ
840 738 896 764 χει-

115 774 218 808 ροτονεῖ
231 773 378 800 ἐπίσκοπον
392 775 406 800 ὁ
418 774 575 809 Ἐπιφάνιος
601 775 647 801 ἐπὶ
670 775 716 801 τοῦ
740 775 834 810 θρόνου
846 775 895 811 τῆς

114 818 227 851 πόλεως,
249 819 296 845 καὶ
311 819 360 854 τῆς
382 819 542 854 Ἐκκλησίας
573 820 619 846 τοῦ
642 817 812 855 Καρπασίου.
831 820 895 846 Ὅτε

114 860 161 890 οὖν
177 860 248 897 εἶχεν
274 863 431 897 Ἐπιφάνιος
447 863 612 899 ἐπιδημῆσαι
641 865 687 890 ἐπὶ
699 864 748 899 τῆς
778 863 894 900 Ῥώμης,

947 279 975 302 et
988 275 1086 302 obtulit
1103 275 1263 310 Epiphanio.
1281 276 1332 310 Qui
1360 277 1385 304 ei
1398 277 1465 304 dixit
1482 285 1488 302 :
1505 277 1586 310 Vade,
1604 278 1668 310 ﬁlia,
1692 278 1724 305 da

946 328 997 348 eos
1012 321 1048 349 iis
1062 321 1108 356 qui
1122 322 1245 349 laborant
1256 323 1282 350 in
1299 323 1423 356 ecclesia,
1437 328 1463 350 et
1479 324 1589 351 habebis
1615 324 1728 352 thesau-

947 373 1008 393 rum
1023 367 1093 401 apud
1109 366 1288 395 Altissimum.
1310 367 1356 396 Sic
1370 373 1459 396 autem
1472 369 1536 396 fecit
1553 369 1661 396 mulier.

945 498 961 525 ’7
982 497 1076 525 XLIX.
1092 498 1143 532 Qui
1158 506 1221 527 vero
1233 499 1308 527 missi
1328 500 1436 527 fuerant
1452 501 1486 528 ab
1506 502 1725 536 imperatoribus,

948 545 1080 580 urgebam
1095 544 1288 580 Epiphanium,
1305 550 1335 572 ut
1352 546 1492 581 navigaret
1511 546 1635 574 Romam.
1664 547 1727 574 Erat

947 595 1038 618 autem
1053 590 1164 625 quidam
1177 598 1210 618 ex
1225 591 1382 618 oratoribus
1395 591 1521 623 clericus,
1538 591 1616 619 Philo
1638 593 1727 620 nomi-

947 644 993 669 ne,
1006 636 1048 663 vir
1064 640 1185 663 sanctus.
1199 635 1273 671 Opus
1299 641 1390 664 autem
1406 642 1475 670 erat,
1497 638 1523 664 in
1540 638 1648 665 civitate
1661 638 1721 666 Car-

947 680 1015 715 pasii
1031 680 1057 707 in
1072 681 1134 708 sede
1148 681 1282 708 collocare
1297 682 1464 716 episcopum.
1485 682 1610 718 .Eratque
1628 684 1651 711 is
1666 683 1723 710 dia-

948 734 1043 754 conus.
1058 725 1137 753 Hunc
1153 734 1218 761 ergo
1233 726 1280 754 Dei
1297 727 1459 755 revelatione
1473 728 1628 764 episcopum
1651 729 1723 756 ordi-

948 776 995 799 nat
1010 772 1177 807 Epiphanius
1190 774 1216 799 in
1231 773 1294 800 sede
1306 773 1424 800 civitatis
1439 778 1466 800 et
1482 773 1608 801 Ecclesiae
1623 774 1723 810 Carpa-

949 818 992 845 sii.
1001 818 1069 845 Cum
1084 825 1149 853 ergo
1159 822 1231 846 esset
1239 818 1350 845 Romam
1363 818 1537 853 profecturus
1547 820 1732 856 Epiphanius,’

949 865 1061 892 accersit
1073 865 1150 899 prius
1163 864 1265 892 dictum
1283 865 1422 892 Philonem
1436 866 1592 901 episcopum
1603 886 1610 898 ,
1627 867 1727 902 datque

116 909 323 944 μεταστέλλεται
334 910 380 936 τὸν
392 910 588 945 προειρημένον
603 910 707 936 Φίλωνα
724 910 767 936 τὸν
791 910 898 936 ἐπίσκο-

955 911 974 938 ai
990 911 1179 938 auctoritatem
1201 909 1328 938 Ecclesiae
1349 910 1524 942 Constantia.
1552 914 1582 938 ut
1606 912 1629 939 si
1647 911 1726 939 fuerit

115 963 176 987 πον,
193 955 240 982 καὶ
255 955 328 990 αὐτῷ
342 955 501 982 ἀποδίδωσιν
512 956 561 991 τὴν
575 956 717 982 αὺθεντίαν
726 956 776 991 τῆς
787 956 899 991 Ἐκκλη-

115 1001 175 1032 σίας
187 1002 236 1037 τῆς
256 1002 447 1033 Κωνσταντίας
459 1022 466 1033 ,
483 1002 558 1033 ὅπως
569 1002 602 1028 ἂν
614 1001 692 1038 χρεία
708 1003 820 1037 γένηται
834 1002 898 1037 κλη-

116 1047 209 1082 ρικῶν,
229 1047 309 1078 αὐτὸς
327 1047 519 1082 χειροτονήσει.
533 1046 631 1074 Λαϐὼν
644 1045 691 1074 οὖν
712 1049 726 1074 ὁ
741 1048 897 1082 Ἐπιφάνιος

115 1092 185 1126 ἐμὲ,
214 1091 261 1118 καὶ
276 1092 386 1124 Ἰσαὰκ,
412 1092 623 1128 ἀπεπλεύσαμεν
650 1094 690 1125 είς
711 1094 760 1128 τὴν
779 1093 895 1129 Ῥώμην,

115 1136 296 1164 Εἰσελθόντων
311 1137 339 1163 δὲ
363 1137 442 1172 ἡμῶν
461 1138 490 1164 ἐν
515 1139 549 1173 τῇ
566 1138 651 1169 πόλει.
679 1137 713 1174 ἦν
729 1138 824 1171 πένθος
852 1140 899 1166 καὶ

115 1184 229 1216 κοπετὸς
246 1184 330 1219 μέγας
343 1185 372 1211 ὲν
385 1184 424 1220 τῷ
438 1185 555 1220 ταμιείῳ
568 1185 607 1220 τῷ
626 1185 765 1221 βασιλικῷ.
779 1186 833 1221 Τῆς
845 1185 899 1222 γὰρ

115 1230 234 1265 ἀδελφῆς
243 1230 297 1257 τῶν
304 1230 435 1265 βασιλέων
449 1231 591 1268 Ἀρκαδίου
603 1232 652 1259 καὶ
668 1232 798 1267 Ὁνωρίου
814 1231 898 1263 πάθος

115 1275 229 1311 ἐχούσης
243 1276 289 1302 ἐπὶ
306 1276 353 1311 τὴν
366 1275 456 1308 δεξιὰν
469 1278 562 1313 χεῖρα,
591 1277 676 1303 πολλὰ
701 1278 861 1312 ποιήσαντες
874 1278 899 1303 oi

116 1321 204 1358 ίατροὶ
218 1321 293 1348 οὐδὲν
304 1321 448 1357 ὠφέλησαν
461 1322 573 1357 ταύτην.
589 1320 644 1349 ἿῙν
658 1323 686 1349 δὲ
701 1322 793 1349 λοιπὸν
815 1324 900 1355 πάθος

115 1366 336 1402 κατανεμόμενον
348 1367 398 1399 τὰς
415 1367 518 1403 σάρκας
533 1368 627 1404 αὐτῆς.
651 1369 716 1395 ’Δπδ
732 1368 830 1404 πολλῆς
854 1367 900 1396 οὖν

116 1410 232 1446 θλίψεως
257 1411 358 1446 ἐπῆγεν
371 1412 434 1443 τοὺς
459 1411 587 1446 βασιλεῖς,
602 1412 672 1447 λέγω
702 1413 732 1448 δὴ
762 1413 901 1448 Ἀρκάδιον

116 1457 163 1482 καὶ
184 1455 320 1492 Ὀνὼριον,
333 1457 408 1489 ὅπως
422 1457 603 1494 ἐπιτρέψωσιν
614 1458 697 1493 ἰατρῷ
715 1459 803 1486 δοῦναι
818 1460 900 1496 δηλη-

116 1502 209 1536 τήριον
224 1501 303 1538 αὐτῇ,
333 1502 407 1533 ὅπως
420 1502 464 1529 διὰ
487 1503 620 1539 συντόμου
646 1504 768 1540 παρέλθῃ
784 1505 829 1532 τὸν
845 1505 901 1541 βίον

115 1547 220 1574 τοῦτον.
240 1547 272 1573 Οἱ
295 1545 341 1574 οὖν
368 1549 558 1582 ἀπαγαγόντες
575 1550 648 1585 ἡμᾶς
664 1550 710 1576 ἐπὶ
723 1550 772 1586 τὴν
790 1551 899 1586 Ῥώμην

116 1593 251 1628 εἰσῆλθον,
272 1594 318 1620 καὶ
335 1595 506 1630 ἀπήγγειλαν
518 1597 574 1627 τοῖς
590 1595 754 1630 βασιλεῦσιν.
778 1597 859 1623 Αὐτοὶ
873 1597 901 1624 δὲ

118 1640 310 1675 ἐπιτρέπουσιν
323 1641 436 1668 εἰσιέναι
452 1641 497 1668 τὸν
517 1642 682 1676 Ἐπιφάνιον.
703 1642 732 1669 Ὁ
742 1643 770 1670 δὲ
789 1643 903 1678 Ἐπιφά-

117 1695 183 1718 νιος,
197 1686 235 1718 ὡς
248 1687 284 1722 μὴ
298 1687 428 1719 τοιούτοις
437 1687 590 1724 ἀνθρώποις
604 1687 804 1723 συντυγχάνων,
818 1689 903 1721 οὕτως

119 1731 245 1766 ἀτρόμως
257 1729 326 1758 εἶσιν
348 1733 378 1759 ὲν
401 1731 439 1767 τῷ
469 1731 584 1767 ταμιείῳ
605 1731 644 1767 τῷ
662 1731 810 1767 βασιλικῷ,
828 1732 903 1767 ἐγγί-

121 1785 170 1807 σας
183 1777 210 1803 δὲ
226 1778 281 1808 τοῖς
296 1777 459 1812 βασιλεῦσιν.
474 1775 529 1804 Ἦν
548 1778 576 1804 δὲ
594 1778 641 1804 καὶ
655 1779 671 1813 ὴ
683 1777 784 1813 ἀδελφὴ
803 1778 905 1804 τούτων

120 1823 304 1858 κατακειμένη
320 1824 366 1849 ἐπὶ
380 1823 429 1858 τῆς
443 1823 548 1858 κλίνης.

154 1869 195 1896 Ν.
216 1868 276 1895 Τῶν
289 1868 317 1895 δὲ
335 1868 464 1904 βασιλέων
485 1868 591 1895 ἰδόντων
615 1869 660 1896 τὸν
682 1869 848 1904 Ἐπιφάνιον,
862 1870 905 1897 ἀν·

121 1914 237 1948 έστησαν
254 1914 354 1947 εὐθέως
366 1915 420 1942 ἀπὸ
439 1914 494 1941 τῶν
511 1915 622 1951 θρόνων.
638 1912 721 1942 Εἶπεν
743 1916 772 1942 δὲ
790 1916 905 1950 Ἐπιφά-

121 1969 177 1992 νιος
189 1962 245 1992 τοῖς
261 1961 427 1995 βασιλεῦσιν·
440 1961 547 1997 Ταύτην
558 1962 607 1996 τὴν
619 1961 702 1997 τιμὴν
709 1961 804 1994 δίδοτε,
812 1962 904 1994 τέκνα,

122 2006 161 2041 τῷ
180 2006 321 2043 εὐεργέτῃ,
341 2007 387 2033 καὶ
402 2007 500 2042 ὄψεσθε
514 2008 563 2043 τὴν
576 2008 693 2043 ἀδελφὴν
708 2007 784 2043 ὑμῶν
798 2008 827 2034 ὲν
842 2007 906 2034 καλ-

122 2051 199 2087 λίστῃ
224 2052 315 2087 ὑγεία·
337 2053 374 2088 μὴ
393 2053 549 2083 πεποίοετε,
564 2053 655 2085 τέκνα,
674 2054 720 2080 ἐπὶ
740 2054 789 2089 τὴν
812 2053 907 2080 αὐθεν-

123 2098 192 2128 τίαν,
200 2099 246 2125 καὶ
254 2098 346 2125 ἔσεσθε
358 2098 552 2134 φυλαττόμενοι
561 2099 616 2126 ἀπὸ
623 2100 664 2126 Κυ
670 2100 737 2135 ρίου.
746 2099 807 2126 Ἐπὶ
814 2099 842 2126 δὲ
853 2101 908 2131 τοῖς

125 2143 213 2177 λόγοις
233 2144 390 2178 Ἐπιφανίου
407 2143 544 2175 ὲδίσταζον
566 2144 613 2170 καὶ
631 2145 807 2180 ἐταράττοντο
823 2145 846 2171 οἱ
861 2144 909 2180 βα-

125 2188 216 2220 σιλεῖς.
232 2186 314 2215 Εἶπεν
331 2188 359 2215 δὲ
380 2189 534 2223 Ἑπιφάνιος
550 2191 605 2220 τοῖς
628 2190 782 2224 βασιλεῦσιν
793 2198 799 2205 ’
817 2190 849 2216 Τί
871 2190 909 2216 δι-

949 964 1018 991 opus
1033 956 1138 984 clericis
1150 976 1158 989 ,
1188 956 1245 991 ipse
1259 956 1406 984 ordinaret.
1425 957 1537 992 Accepit
1551 961 1639 984 autem
1666 957 1724 992 Epi-

948 1002 1064 1037 phanius
1087 1010 1131 1030 me
1165 1004 1199 1037 et:
1216 1002 1301 1034 Isaac,
1335 1007 1362 1030 et
1388 1003 1502 1030 Romam
1530 1003 1725 1038 navigavimus.

948 1047 1013 1074 Erat
1026 1055 1089 1074 vero
1105 1055 1220 1082 magnus
1240 1047 1329 1074 luctus
1343 1051 1370 1074 et
1382 1047 1507 1081 planctus
1521 1047 1548 1074 in
1563 1048 1624 1074 aula
1644 1047 1727 1082 regia.

948 1093 1016 1120 Cum
1044 1094 1116 1121 enim
1137 1101 1217 1121 soror
1243 1093 1437 1128 imperatorum
1455 1093 1564 1122 Arcadii
1574 1098 1600 1121 et
1617 1093 1727 1121 Honorii

949 1138 1084 1165 laboraret
1101 1138 1128 1164 in
1142 1145 1224 1165 manu
1240 1138 1361 1171 dextera,
1379 1138 1463 1165 multa
1485 1138 1605 1166 fecerant
1619 1139 1727 1171 medici,

949 1191 1000 1211 nec
1012 1183 1037 1210 ei
1052 1183 1200 1218 quidquam
1214 1183 1381 1218 profuerant.
1397 1183 1508 1212 Morbus
1527 1189 1616 1212 autem
1626 1185 1682 1219 jam
1697 1185 1728 1212 de

950 1233 1046 1256 extero
1059 1228 1287 1264 depascebatejus
1298 1236 1403 1257 carnes.
1415 1229 1473 1257 Prae
1487 1230 1571 1257 multa
1587 1237 1648 1257 vero
1663 1230 1729 1257 uilli-

950 1275 1039 1302 ctione
1052 1273 1169 1301 instabat
1179 1273 1402 1308 imperatoribus,
1417 1274 1543 1306 Arcadio.
1559 1275 1669 1310 inquam
1680 1295 1687 1307 ,
1703 1280 1728 1302 et

950 1319 1080 1352 Ilonorio,
1092 1325 1121 1348 ut
1136 1321 1325 1355 permitterent
1342 1321 1447 1349 medico
1468 1322 1492 1349 ei
1507 1322 1571 1348 dare
1585 1329 1728 1353 venenum,

951 1369 981 1392 ut
991 1365 1106 1393 breviter
1121 1366 1204 1393 vitam
1217 1366 1316 1394 finiret.
1334 1367 1384 1400 Qui
1398 1375 1462 1402 ergo
1477 1375 1527 1394 nos
1545 1367 1658 1394 Romam
1681 1368 1729 1395 dea

950 1411 1092 1442 duxerant,
1108 1411 1223 1446 ingressi
1235 1417 1309 1444 sunt,
1321 1419 1347 1439 et
1362 1413 1552 1439 renuntiarunt
1563 1413 1728 1448 imperatori-

950 1455 1012 1483 bus.
1028 1455 1079 1490 lpsi
1101 1461 1191 1484 autem
1203 1457 1310 1491 jubent,
1325 1462 1354 1484 ut
1369 1456 1535 1491 ingrediatur
1551 1457 1729 1492 Epiphanius.

951 1500 1034 1528 Nobis
1047 1508 1111 1528 vero
1123 1502 1149 1528 in
1164 1502 1254 1528 aulam
1270 1502 1372 1536 regiam
1385 1502 1560 1536 intrantibus,
1573 1510 1669 1530 omnes
1684 1503 1730 1538 qui

951 1546 1063 1574 aderant
1086 1547 1239 1574 salutarunt
1258 1547 1446 1582 Epiphanium.
1480 1548 1532 1580 Qui
1557 1548 1669 1582 perinde
1701 1556 1733 1576 ac

953 1593 974 1620 si
989 1600 1041 1620 non
1058 1593 1125 1621 tales
1143 1594 1301 1621 conveniret
1320 1594 1455 1626 homines,
1479 1594 1611 1629 intrepide
1630 1595 1733 1630 ingres-

952 1646 999 1666 sus
1010 1643 1053 1666 est
1067 1639 1093 1666 in
1110 1639 1200 1666 aulam
1221 1639 1333 1674 regiam,
1350 1644 1378 1667 et
1401 1640 1627 1675 appropinquavit
1649 1641 1734 1675 impe-

953 1684 1098 1713 ratoribus.
1116 1683 1180 1712 Erat
1194 1688 1284 1712 autem
1302 1692 1396 1712 eorum
1419 1692 1498 1712 soror
1525 1685 1551 1712 in
1575 1685 1643 1712 lecto
1657 1693 1733 1712 recu-

954 1730 1033 1758 bans.

990 1866 1020 1893 L.
1051 1865 1118 1893 Cum
1133 1874 1195 1894 vero
1208 1866 1386 1901 imperatores
1400 1867 1532 1895 vidissent
1543 1867 1736 1903 Epiphanium,

955 1917 982 1940 et
998 1913 1122 1947 protinus
1145 1920 1160 1940 e
1173 1913 1283 1940 sedibus
1297 1913 1322 1940 ei
1335 1913 1561 1946 assurrexissent,
1581 1914 1651 1941 dixit
1672 1913 1735 1948 Epi-

957 1959 1074 1994 phanius
1095 1959 1306 1994 imperatoribus
1323 1968 1330 1986 :
1347 1957 1427 1987 Hunc
1448 1959 1591 1992 honorem,
1609 1959 1707 1995 inquit,
1721 1967 1737 1987 ο

958 2006 1016 2037 lilii,
1033 2005 1097 2033 date
1110 2005 1276 2033 benefactori
1290 2005 1356 2036 Deo,
1376 2010 1404 2032 et
1420 2005 1545 2033 videbitis
1558 2012 1678 2033 sororem
1692 2013 1734 2032 ve-

957 2056 1041 2079 stram
1066 2051 1093 2078 in
1121 2051 1222 2086 optima
1239 2051 1365 2078 sanitate.
1381 2050 1420 2078 Ne
1443 2051 1597 2084 confidatis,
1623 2051 1685 2082 ﬁlii,
1711 2051 1737 2078 in

958 2098 1109 2133 majestate,
1134 2101 1161 2125 ct
1174 2097 1401 2125 eonservabimini
1420 2105 1435 2124 a
1456 2097 1581 2125 Domino.
1604 2097 1738 2131 Quoniam

959 2148 1048 2171 autem
1062 2148 1172 2178 propter
1186 2143 1267 2171 verba
1291 2143 1436 2179 Epiphanii
1450 2143 1612 2170 dubitabant
1625 2147 1652 2171 et
1675 2151 1740 2171 con-

959 2189 1139 2217 turbabantur
1164 2189 1352 2224 imperatores,
1378 2189 1446 2216 dixit
1470 2189 1524 2216 illis
1551 2188 1739 2224 Epiphanius:

125 2235 245 2267 στάξε-ιε,
260 2235 352 2266 τέκνα,
368 2235 414 2261 ἐπὶ
431 2236 487 2267 τοῖς
501 2235 690 2270 λαλουμένοις;
709 2236 825 2270 Ὄψεσθε
840 2236 902 2263 Θεοί.

960 2235 1030 2268 Quid
1050 2235 1189 2267 dubitatis,
1222 2235 1280 2268 filii,
1305 2235 1339 2263 de
1368 2235 1401 2263 iis
1423 2243 1484 2270 qua:
1506 2235 1589 2263 dico?
1611 2234 1741 2264 Videbitis

124 2280 204 2316 χάριν
228 2280 272 2308 διὰ
296 2280 349 2307 τῶν
373 2280 554 2316 λαλουμένων.
564 2281 689 2315 Ἐγγίσας
705 2281 732 2308 δὲ
751 2281 906 2316 Ἑπιφάνιος

125 2327 172 2353 ἐπὶ
194 2327 242 2361 τῆς
266 2327 369 2362 κλίνης,
384 2327 447 2353 ἔνθα
461 2327 600 2354 κατέκειτο
616 2329 632 2362 ἡ
648 2327 749 2364 ἀδελφὴ
764 2328 817 2354 τῶν
832 2327 908 2362 βασι-

124 2371 201 2403 λέων,
216 2369 291 2398 εἷπεν
308 2372 375 2407 πρὸς
397 2372 481 2408 αὐτὴν
497 2372 606 2407 εὐμενεῖ
626 2372 665 2408 τῷ
686 2372 823 2408 προσώπῳ
834 2382 841 2388 ·
863 2373 908 2408 Μὴ

125 2415 243 2447 δίσταξε,
259 2415 363 2448 τέκνον,
380 2417 426 2443 ἐπὶ
439 2416 478 2452 τῷ
495 2416 591 2443 πάθει·
606 2417 651 2452 ἔχε
673 2417 722 2449 τὰς
737 2417 847 2449 ἐλπίδας
863 2418 909 2444 ἐπὶ

126 2461 192 2488 Θεὸν
207 2460 304 2494 ζῶντα,
317 2462 364 2489 καὶ
378 2462 430 2498 ὖψῃ
444 2463 492 2498 τὴν
507 2463 613 2498 ὑγίειαν
626 2464 658 2498 τῇ
674 2463 733 2498 ὥρᾳ
746 2463 831 2499 ταύτῃ
841 2471 847 2477 ·
865 2462 910 2489 πί-

128 2515 238 2535 στευσον
254 2507 292 2543 τῷ
307 2508 364 2543 Υίῷ
379 2508 426 2538 τοῦ
440 2509 506 2536 Θεοῦ
522 2510 561 2545 τῷ
575 2509 784 2544 ὲσταυρωμένῳ,
799 2510 844 2536 καὶ
862 2509 909 2545 ἔσῃ

128 2553 314 2590 περιπατοῦσα
328 2555 357 2580 ὲν
370 2556 402 2590 τῇ
418 2555 477 2591 ὥρᾳ
491 2555 587 2591 ταύτῃ.
606 2556 756 2586 Πέπαυται,
770 2555 847 2591 φησὶ,
865 2550 911 2582 ’τέ-ξ

128 2607 200 2630 κνον,
215 2600 230 2625 ὁ
242 2599 320 2631 πόνος
339 2599 385 2626 τοῦ
401 2599 525 2634 σώματός
541 2609 598 2628 σου.
614 2601 713 2634 Δόξαζε
730 2601 795 2628 Θεὸν
814 2601 859 2628 τὸν
873 2602 911 2628 δι-

129 2643 206 2670 δόντα
217 2643 267 2678 τὴν
281 2644 361 2680 χάριν
371 2654 378 2660 ·
396 2644 440 2679 ἔχε
453 2645 546 2672 τοῦτον
562 2647 632 2673 κατὰ
644 2646 705 2672 νοῦν
722 2645 911 2680 ἀδιαλείπτως,

131 2688 176 2716 καὶ
189 2689 262 2716 ἔσται
287 2699 326 2716 σοι
350 2692 438 2726 τεῖχος
454 2691 498 2718 τὸν
514 2691 620 2718 ἅπαντα
642 2691 747 2727 χρόνον.
764 2692 857 2719 Ταῦτα
875 2693 913 2719 ει-

132 2734 187 2761 πὼν
208 2735 365 2770 Ἐπιφάνιος
387 2737 538 2773 ἐκράτησεν
560 2737 609 2772 τῆς
635 2738 724 2773 χειρὸς
748 2738 843 2773 αὐτῆς,
867 2739 913 2765 καὶ

135 2780 284 2814 σφραγίσας
296 2782 381 2817 αὐτὴν
393 2782 493 2817 τρίτον,
507 2782 606 2815 εὐθέως
619 2783 764 2818 ἐκουφίσθη
791 2783 844 2810 τῶν
866 2784 914 2811 πό-

131 2832 194 2850 νων.
204 2825 311 2857 Ἰδόντες
334 2827 360 2853 δὲ
383 2829 408 2853 οἱ
430 2828 557 2862 βασιλεῖς,
574 2827 588 2854 ὃ
605 2829 730 2864 ἐποίησεν
749 2829 912 2862 Ἑπιφάνιος,

133 2869 297 2905 προσεκλίθη
321 2872 336 2906 ἡ
357 2873 428 2908 ψυχὴ
451 2873 538 2900 αὐτῶν
567 2874 613 2900 τοῦ
641 2875 749 2910 ἀγαπᾷν
764 2874 853 2907 αὑτὸν,
868 2877 914 2902 καὶ

961 2281 1009 2308 Dei
1027 2281 1141 2316 gratiam
1158 2289 1206 2316 per
1217 2288 1249 2308 ea
1261 2288 1322 2316 qua:
1334 2280 1471 2308 dicuntur.
1492 2281 1559 2308 Cum
1575 2286 1665 2307 autem
1677 2280 1738 2315 Epi-

961 2328 1078 2363 phauius
1091 2328 1336 2363 appropinquasset
1347 2328 1426 2360 lecto,
1438 2328 1464 2354 in
1478 2335 1532 2362 quo
1541 2327 1649 2362 jacebat
1663 2336 1744 2356 soror

962 2373 1168 2408 imperatorum,
1180 2373 1249 2400 dixit
1261 2373 1285 2400 ei
1309 2373 1383 2400 vultu
1401 2373 1455 2400 leni
1474 2378 1501 2400 et
1514 2372 1622 2408 placido
1635 2382 1641 2400 :
1659 2372 1696 2400 Ne
1710 2373 1744 2400 de

962 2418 1056 2445 morbo
1076 2417 1192 2449 dubites,
1212 2425 1228 2444 ο
1244 2417 1316 2444 lilia:
1336 2424 1416 2451 spera
1440 2417 1467 2444 in
1488 2417 1569 2444 Deum
1590 2418 1693 2450 vivum,
1717 2422 1745 2444 et

963 2463 1014 2491 hac
1035 2463 1102 2490 hora
1126 2463 1230 2491 videbis
1254 2463 1407 2490 sanitatem.
1425 2462 1511 2490 Crede
1526 2462 1596 2490 Filio
1619 2463 1677 2496 Dei,
1697 2464 1743 2499 qui

964 2509 1016 2537 fuit
1028 2509 1183 2541 cruciﬁxus,
1201 2514 1228 2536 et
1251 2509 1342 2536 statim
1363 2509 1526 2536 ambulabis.
1549 2509 1682 2541 Cessavit,
1705 2510 1745 2536 in-

964 2555 1033 2590 quit,
1055 2562 1071 2582 ο
1087 2554 1152 2586 filia,
1174 2554 1250 2582 dolor
1268 2554 1306 2581 tui
1323 2554 1489 2589 corpusculi.
1515 2553 1607 2582 Redde
1631 2554 1744 2589 gloriam

965 2601 1031 2633 Deo,
1049 2600 1095 2636 qui
1115 2600 1161 2627 dat
1175 2600 1306 2635 gratiam;
1321 2608 1384 2627 eum
1405 2600 1475 2627 habe
1498 2605 1628 2635 perpetuo
1646 2600 1673 2626 in
1690 2608 1747 2627 me-

966 2648 1062 2679 moria,
1075 2651 1103 2674 et
1115 2646 1166 2673 erit
1180 2646 1228 2673 tibi
1243 2654 1340 2674 murus
1357 2646 1432 2673 omni
1459 2651 1588 2680 tempore.
1605 2645 1673 2672 Cum
1690 2645 1746 2672 haac

965 2695 1067 2722 diceret
1093 2693 1271 2728 Epiphanius,
1293 2692 1378 2720 tenuit
1395 2699 1506 2719 manum
1523 2692 1697 2722 mulierculae,
1720 2696 1747 2718 ct

965 2748 1024 2768 eam
1045 2744 1087 2766 ter
1111 2739 1237 2775 signavit,
1259 2743 1284 2766 et
1307 2738 1379 2766 illico
1408 2739 1495 2766 levata
1525 2743 1567 2765 est
1596 2737 1744 2765 doloribus.

967 2785 1036 2812 Cum
1060 2789 1150 2811 autem
1176 2784 1308 2811 vidissent
1335 2783 1525 2818 imperatores,
1550 2783 1622 2817 quod
1647 2781 1748 2809 fecerat

968 2829 1147 2865 Epiphanius,
1173 2829 1330 2857 inclinatum
1352 2833 1393 2856 est
1409 2837 1457 2856 cor
1476 2836 1582 2859 eorum.
1609 2832 1639 2855 ut
1658 2827 1747 2862 ipsum

968 2876 1119 2911 diligerent,
1143 2876 1338 2911 audirentque,
1355 2880 1382 2903 et
1405 2876 1545 2903 crederent
1567 2874 1600 2901 iis
1621 2873 1749 2901 omnibus
