1934 3029
205 173 239 201 31
849 170 878 197 S.
898 169 1068 200 EPIPIIANH
1089 171 1178 200 VITA.
1789 180 1825 208 98

205 239 266 266 quae
281 230 316 258 ab
331 230 391 265 ipso
406 229 576 257 dicebantur.
591 228 786 264 Rogaruntque
797 227 986 263 Epiplianium,

1042 229 1161 262 ἀκούειν,
1177 232 1223 258 καὶ
1239 232 1377 260 πιστεύειν
1393 235 1458 261 πᾶσι
1469 236 1523 268 τοῖς
1534 235 1708 271 λαλουμένοις
1719 238 1765 264 ὑπ’
1776 239 1825 265 αὑ-

205 282 236 304 ut
261 276 355 303 Romae
370 283 432 303 cum
451 275 491 303 eis
517 280 683 306 versaretur.
701 280 728 302 et
749 279 822 302 esset
843 275 884 302 eis
903 275 930 302 in
943 283 991 310 pa-

207 328 287 350 trem.
311 321 478 357 Epiphanius
499 326 589 348 autem
613 325 699 348 totum
721 320 792 347 diem
814 321 991 355 imperatores

205 367 321 395 ducebat
334 367 452 394 assidue.

241 467 284 495 LI.
314 466 467 501 Aliquando
480 473 543 493 cum
561 465 647 492 ﬁlium
666 465 776 492 haberet
791 471 870 492 soror
883 471 989 496 eorum,

205 522 266 550 qua:
282 514 428 545 laborarat,
451 517 478 540 et
492 516 586 539 cnrala
606 510 694 538 fuerat
714 510 749 537 ab
770 509 930 545 Epiphanio,
945 517 990 538 ac-

206 561 272 588 cidit
287 564 317 587 ut
337 567 398 587 cum
415 560 439 587 is
465 563 634 594 mgrotasset,
663 561 787 584 mortuus
810 557 837 583 in
865 557 934 584 lecto
955 557 990 584 sil.

206 611 339 642 repertus.
358 605 421 633 Fuit
436 613 549 640 magnus
564 605 654 632 luctus
669 603 695 630 in
708 603 769 630 aula
782 603 987 638 imperatorum.

206 653 357 689 Epiphanio
373 657 463 679 autem
486 651 615 678 dixerunt
636 651 833 685 imperatores:
855 648 920 681 Ora,
939 648 989 675 Pa-

206 704 257 731 ter.
277 706 328 733 pro
347 697 459 730 infante,
490 702 520 724 ut
549 705 611 724 eum
647 696 744 723 reddas
769 703 865 723 sanum
897 695 988 722 matri.

205 743 279 770 Dixit
292 742 459 778 Epiphanius
473 751 479 769 ε
496 741 623 773 Creditis,
639 741 704 773 ﬁlii,
721 748 764 767 me
786 740 838 767 hoc
852 747 932 775 posse
953 739 990 767 fa-

205 789 295 818 cere?
324 789 457 816 Dixerunt
483 793 574 816 autem
607 788 809 822 imperatores:
834 785 988 819 Credimus,

205 836 278 872 quod
293 836 364 864 sicut
387 835 483 862 matris
497 834 556 869 ejus
572 834 698 861 morbum
719 832 829 868 iugasti,
853 832 889 859 ita
905 832 988 859 etiam

205 880 336 908 infantem
352 880 376 907 ei
392 880 483 906 vivum
497 879 640 914 praebebis.
655 877 728 905 Dixit
740 885 804 905 vero
820 876 988 912 Epiphanius

205 926 415 962 imperatoribus
432 935 439 953 :
458 925 486 952 Si
507 924 657 952 surrexerit
673 923 745 951 ﬁlius
761 923 863 951 sororis
881 928 987 954 vestrae,

205 972 368 1004 credetisne,
394 975 421 999 et
435 970 638 1006 baptizabimini
658 969 683 996 in
710 969 821 997 nomine
842 969 988 996 Crucilixi?

206 1019 339 1047 Dixerunt
363 1018 541 1052 imperatores
561 1016 735 1052 Epiphanio:
761 1015 789 1042 Si
814 1015 988 1043 suscitareris

205 1064 348 1097 infantem,
370 1071 421 1091 nos
441 1063 594 1095 credemus,
616 1067 643 1089 et
666 1061 875 1097 baptizabimur.
902 1061 987 1088 Acce—

205 1112 273 1138 dens
290 1115 380 1138 autem
405 1109 575 1144 Epiphanius
592 1109 625 1136 ad
647 1109 757 1140 lectum,
775 1108 801 1134 in
824 1114 879 1142 quo
898 1106 988 1133 infans

203 1157 310 1191 jacebat
325 1159 460 1187 mortuus,
474 1162 536 1182 cum
547 1159 632 1181 totum
644 1153 702 1187 ejus
715 1160 813 1187 corpus
821 1156 988 1179 contrectas-

205 1206 257 1234 set,
272 1206 299 1228 et
312 1209 373 1228 eum
388 1205 494 1227 orasset
518 1199 563 1234 qui
578 1198 724 1225 mortiﬁcat
739 1202 765 1225 et
776 1197 904 1228 vivitieat,
921 1196 988 1224 dixit

206 1255 290 1282 puero
304 1256 310 1273 :
328 1245 356 1272 In
369 1245 478 1272 nomine
492 1244 600 1271 Domini
611 1243 696 1271 nostri
712 1242 775 1270 Jcsu
788 1242 888 1269 Christi
900 1242 988 1269 cruci—

206 1293 251 1320 ﬁxi
270 1299 367 1327 surge;
390 1295 417 1318 et
433 1290 524 1318 statim
539 1297 606 1324 puer
633 1289 703 1316 sedit
717 1289 743 1315 in
760 1289 838 1315 lecto.
856 1288 924 1315 Cum
940 1295 988 1317 au-

205 1342 260 1363 tem
282 1334 415 1363 vidissent
441 1335 628 1368 imperatores,
656 1333 728 1368 quod
751 1332 919 1367 Epiphanius
940 1339 989 1366 per

205 1380 354 1408 orationem
364 1380 510 1408 suscitarat
521 1386 646 1413 puerum,
658 1376 986 1413 rogaruntEpiphanium,

209 1430 239 1453 ut
258 1425 487 1452 illuminarentur.
504 1424 581 1452 Tunc
599 1423 665 1451 dixit
684 1423 852 1458 Epiphanius
873 1423 988 1458 impera-

206 1472 331 1500 toribus:
356 1471 425 1499 Ecce
445 1471 573 1506 pietatem
596 1475 715 1498 vestram
732 1471 759 1497 in
782 1470 909 1498 omnibus
928 1477 988 1497 sus-

209 1518 280 1552 cipio
297 1528 303 1544 :
319 1517 390 1545 Deus
403 1523 445 1544 est
461 1518 545 1548 enim.
560 1517 606 1552 qui
625 1525 674 1544 vos
694 1516 726 1544 ad
745 1517 795 1544 hoc
807 1517 916 1544 excitat.
936 1516 987 1544 Sed

207 1564 260 1591 hoc
281 1572 335 1591 non
350 1571 461 1598 possum
482 1563 571 1591 facere
592 1563 698 1597 injussu
718 1563 836 1598 episcopi
859 1562 987 1590 Romanm

208 1608 344 1642 Ecclesiae,
361 1617 394 1635 ne
412 1609 490 1636 nobis
506 1605 650 1636 irascatur.
667 1609 817 1636 Accersunt
831 1609 921 1643 itaque
933 1609 986 1635 im-

207 1659 346 1689 peratores
372 1655 542 1689 episcopum,
574 1659 601 1681 et
622 1654 646 1681 ei
672 1654 762 1681 omnia
791 1659 985 1688 exposuerunt.

209 1700 360 1735 Episcopus
382 1705 471 1727 autem
487 1707 586 1734 magno
603 1699 654 1726 fuit
671 1699 782 1726 affectus
797 1699 906 1733 gaudio,
924 1707 986 1726 cum

208 1747 267 1773 hmc
282 1746 413 1773 audiisset
434 1746 468 1772 ab
485 1745 704 1780 imperatoribus,
723 1750 750 1771 et
775 1745 897 1779 permisit
925 1745 987 1780 Epi—

204 1790 315 1825 phanio,
331 1795 361 1817 ut
373 1790 522 1824 baptizaret
536 1794 562 1816 et
579 1790 766 1824 imperatores,
786 1794 813 1817 et
832 1797 926 1817 eorum
942 1797 986 1817 so-

205 1844 304 1868 rorem,
318 1840 345 1862 et
359 1835 443 1862 lilium
457 1836 527 1870 ejus,
547 1843 627 1870 quem
644 1835 786 1862 suseilavit
808 1835 985 1870 Epiphanius,

206 1891 268 1910 cum
280 1886 353 1910 esset
369 1886 503 1909 mortuus.

240 1929 291 1955 ιιι.
311 1929 377 1956 Cum
395 1929 509 1963 ingressi
529 1933 619 1956 autem
637 1933 728 1957 essent
742 1929 769 1956 in
785 1929 984 1963 baptisterium,

207 1979 237 2002 ut
249 1974 468 2002 illuminarentur
490 1974 524 2001 ab
541 1973 702 2009 Epiphanio,
720 1975 761 2001 eis
776 1974 850 2001 omni
865 1973 986 2000 exhibito

203 2021 367 2053 ministerio,
399 2020 537 2055 ingressus
560 2025 602 2047 est
631 2021 736 2055 primus
759 2019 914 2047 Arcadius:
939 2019 985 2053 qui

202 2067 311 2102 quidem
327 2071 390 2094 ante
410 2074 440 2094 se
464 2066 559 2093 habuit
580 2071 635 2093 tres
651 2066 724 2093 viros
744 2072 832 2094 vestes
849 2069 985 2101 gestantes

202 2113 342 2145 candidas,
359 2118 386 2140 et
399 2116 522 2140 tenentes
542 2112 734 2147 Epiphanium,
752 2120 835 2140 unum
850 2112 957 2146 quidem
970 2119 984 2138 a

203 2159 317 2192 dextris,
340 2164 367 2186 et
391 2167 475 2186 unum
494 2167 509 2186 a
523 2159 651 2186 sinistris.
666 2163 693 2186 et
708 2159 821 2185 alterum
848 2165 927 2192 pone.
960 2157 985 2184 Is

201 2211 291 2232 autem
309 2212 409 2240 magno
423 2205 520 2231 timore
536 2208 576 2231 est
589 2203 709 2234 aIIectus.
722 2203 908 2237 Cognovitque
922 2202 986 2237 Epi-

201 2250 320 2285 phanius
338 2257 370 2277 ex
387 2249 460 2276 vultu
479 2248 600 2280 Arcadii,
618 2247 690 2282 quod
711 2247 815 2274 viderat
837 2247 982 2277 visionem,
1000 2261 1023 2289 Β

201 2302 229 2324 et
244 2297 313 2324 dixit
335 2295 490 2330 imperatori
509 2304 516 2322 :
536 2295 651 2321 Attende
674 2293 732 2326 tibi,
762 2301 778 2320 ο
795 2293 843 2325 iiii,
860 2297 887 2319 ct
907 2299 982 2319 cave.

203 2343 313 2381 Solebat
332 2342 405 2369 enim
429 2341 598 2381 Epiphapius
620 2339 754 2366 nominent
776 2338 881 2364 mittere
901 2338 927 2363 in
941 2337 982 2371 pi-

202 2378 317 2421 scinam,
341 2388 429 2415 donec
456 2378 718 2421 aqua-turbaretur.
748 2384 893 2418 Postquam
919 2391 982 2410 vero

203 2434 254 2462 fuit
277 2433 445 2460 illuminatus
466 2432 610 2463 Arcadius,
634 2431 803 2458 illuminatus
828 2430 878 2457 fuit
900 2430 982 2457 etiam

202 2479 351 2510 Honorius,
366 2483 393 2505 ct
406 2479 529 2505 eamdem
553 2485 662 2512 quoque
686 2477 752 2503 \‘idit
775 2476 917 2503 visionem.
941 2475 993 2502 Si-‘

202 2525 304 2552 militer
311 2525 390 2551 etiam
403 2523 475 2551 ﬁlius
488 2523 589 2550 sororis
598 2530 703 2550 eorum.
717 2521 810 2557 [Jussu
819 2526 908 2548 autem
919 2520 982 2555 Epi—

202 2571 305 2607 phanii,
322 2569 428 2604 suscepi
440 2576 490 2604 ego
503 2569 647 2595 Arcadium
660 2576 693 2595 ex
708 2568 890 2602 baptismate;
910 2566 984 2593 lsaac

203 2622 268 2641 vero
288 2613 448 2645 Honorium,
473 2616 500 2639 et
521 2612 630 2646 quidam
651 2612 793 2639 eunuchus
812 2611 984 2639 Christianus

203 2666 227 2688 et
245 2649 317 2696 pius:
330 2659 414 2687 lilium
430 2659 533 2686 sororis
547 2666 652 2686 eorum.
673 2657 761 2693 Ipsam
777 2666 842 2685 vero
860 2665 982 2685 sororem

204 2706 357 2737 Procliann,
375 2712 435 2740 quae
451 2708 509 2732 erat
520 2712 589 2731 uxor
599 2704 680 2731 unius
695 2712 726 2731 ex
741 2703 885 2739 patriciis.]
903 2703 983 2730 Post-

205 2760 287 2787 quam
310 2757 399 2779 autem
426 2750 443 2776 ii
460 2749 569 2776 fuerunt
586 2750 740 2781 illuminati.
755 2754 856 2784 septem
877 2749 933 2776 dies
945 2748 981 2776 ibi

199 2801 302 2835 peregit
324 2797 490 2832 Epiphanius
515 2800 576 2830 post
599 2796 821 2822 illuminationcm
835 2816 842 2826 ,
866 2803 913 2822 eos
934 2795 982 2822 do-

205 2853 268 2873 cens
284 2845 317 2872 de
329 2844 500 2877 baptismate.
511 2842 657 2877 Postquam
673 2849 736 2869 vero
751 2847 838 2869 vestes
853 2842 981 2869 candida-

204 2897 252 2918 tas
267 2890 462 2925 deposuerunt,
478 2890 584 2918 duobus
605 2888 813 2922 imperatoribus
835 2889 901 2916 dixit
924 2889 980 2923 Epi-

1040 276 1088 303 τοῦ
1099 285 1106 292 ·
1120 278 1166 304 καὶ
1180 279 1349 313 παρεκάλουν
1361 280 1451 312 αὑτὸν,
1463 280 1532 307 ὥστε
1542 283 1658 308 συνεῖναι
1675 283 1766 315 αὐτοῖς
1778 285 1826 311 ἐπὶ

1040 322 1090 356 τῆς
1112 321 1229 358 Ῥώμης,
1247 324 1294 350 καὶ
1317 325 1437 358 γίνεσθαι
1458 326 1539 353 αὑτὸν
1553 328 1594 359 εἰς
1612 327 1784 364 πατέρα.Ἦν
1797 330 1826 356 δὲ

1047 366 1202 401 Ἐπιφάνιος
1216 369 1306 394 πᾶσαν
1319 369 1425 406 ἡμέραν
1443 370 1575 398 διδάσκων
1589 372 1687 404 αὐτοὺς
1702 374 1748 400 καὶ
1761 382 1826 409 στη-

1043 412 1132 446 ρίζων.

1075 459 1140 486 NA’.
1160 460 1228 486 Ποτὲ
1244 460 1309 494 γοῦν
1329 461 1386 488 υἱὸν
1402 461 1500 496 ἔχουσα
1517 463 1532 498 ἡ
1549 462 1648 499 ἀδελφὴ
1662 464 1750 491 αὐτῶν
1763 465 1779 500 ἡ
1794 463 1825 490 τὸ

1043 503 1129 535 πάθος
1150 505 1291 539 ἐσχηκυῖα,
1309 505 1356 531 καὶ
1372 506 1569 541 θεραπευθεῖσα
1581 508 1632 535 ὑπὸ
1655 509 1822 544 Ἐπιφανίου,

1041 548 1133 584 ἔτυχεν
1157 550 1250 576 τοῦτον
1268 551 1304 586 μὴ
1327 552 1539 588 ἁρῤωστήσαντα
1561 554 1705 590 εὑρεθῆναι
1730 556 1825 591 νεκρὸν

1041 595 1086 621 ἐπὶ
1098 595 1146 630 τῆς
1164 596 1273 631 κλίνης·
1291 597 1361 624 ὥστε
1376 599 1502 632 γενέσθαι
1527 600 1597 634 μέγα
1619 601 1716 632 πένθος
1735 602 1764 628 ἐν
1784 602 1825 637 τῷ

1042 641 1180 677 βασιλικῷ.
1206 641 1290 670 Εἶπον
1311 644 1339 671 δὲ
1361 646 1384 670 οἱ
1409 645 1528 679 βασιλεῖς
1551 646 1620 681 πρὸς
1646 647 1801 682 Ἐπιφάνιον
1815 657 1823 664 ⁸

1042 687 1201 723 Πρόσευξαι,
1226 689 1326 724 Πάτερ,
1356 691 1425 726 ὑπὲρ
1446 691 1492 717 τοῦ
1516 692 1632 724 παιδίου,
1652 694 1724 725 ὃπως
1745 694 1826 721 τοῦτο

1039 732 1144 768 ἀποδῷς
1157 732 1244 764 ζῶντα
1257 736 1288 770 τῇ
1304 735 1387 770 μητρὶ
1398 736 1489 762 αὑτοῦ.
1507 735 1589 763 Εἶπεν
1603 738 1630 763 δὲ
1648 739 1802 773 Ἐπιφάνιος
1815 748 1823 754 ·

1040 778 1094 804 Καὶ
1108 779 1248 806 πιστεύετε
1260 781 1300 807 ὅτι
1316 781 1432 816 δύναμαι
1445 781 1524 808 τοῦτο
1538 784 1664 819 ﬁatﬁat-at;
1681 785 1736 811 Καὶ
1748 782 1826 811 εἶπον

1040 823 1113 858 αὐτῷ
1124 824 1148 849 οἱ
1163 823 1280 858 βασιλεῖς
1290 833 1296 839 ·
1313 825 1478 860 Πιστεύομεν
1491 827 1531 852 ὅτι
1552 827 1590 858 ὡς
1602 827 1714 860 ὲδίωξας
1728 828 1758 854 τὸ
1773 829 1826 855 πά-

1043 868 1088 900 θος
1101 869 1154 896 ἀπὸ
1167 871 1215 906 τῆς
1233 871 1336 906 μητρὸς
1349 871 1395 897 τοῦ
1407 871 1522 903 παιδίου,
1536 872 1606 899 οὓτω
1623 874 1668 899 καὶ
1680 873 1710 899 τὺ
1720 874 1826 901 παιδίον

1004 904 1028 935 Β
1042 904 1271 952 παραστήσεις
1290 904 1372 952 μητρὶ
1389 917 1486 949 ζῶντα.
1503 916 1585 944 Εἶπεν
1600 918 1628 945 δὲ
1642 919 1731 951 αὐτοῖς
1748 919 1824 946 Ἐπι-

1043 963 1149 997 φάνιος·
1174 962 1236 989 Ἐὰν
1255 963 1356 998 ἀναστῇ
1372 964 1386 989 ὁ
1399 964 1455 994 υίὸς
1474 963 1524 998 τῆς
1543 964 1659 999 ἀδελφῆς
1675 965 1760 1000 ὑμῶν,
1776 974 1823 992 πι-

1043 1008 1149 1035 στεύετε
1163 1009 1209 1034 καὶ
1225 1008 1386 1044 βαπτίζεσθε
1402 1010 1442 1040 εἰς
1451 1009 1481 1035 τὸ
1495 1009 1579 1044 ὄνομα
1589 1010 1636 1037 τοῦ
1649 1011 1824 1047 ἐσταυρωμέ-

1041 1062 1101 1085 νου;
1121 1055 1152 1080 Οἱ
1171 1053 1289 1089 βασιλεῖς
1303 1053 1392 1081 εἷπον·
1415 1055 1476 1081 Ἐάν
1492 1057 1646 1093 ἀναστήσῃς
1665 1057 1709 1083 τὸν
1730 1057 1823 1090 παῖδα,

1040 1100 1120 1135 ἡμεῖς
1127 1099 1306 1135 πιστεύσομεν
1314 1101 1359 1126 καὶ
1366 1100 1560 1135 βαπτισόμεθα.
1570 1101 1695 1136 Ἑγγίσας
1701 1101 1746 1129 οὖν
1754 1104 1781 1130 Ἐ
1786 1113 1826 1130 πι-

1041 1146 1134 1180 φάνιος
1147 1146 1192 1172 ἐπὶ
1216 1146 1266 1181 τῆς
1286 1146 1380 1182 κλίνης
1401 1147 1448 1173 τοῦ
1472 1147 1588 1181 παιδίου,
1604 1149 1651 1175 καὶ
1672 1150 1824 1184 σφραγίσας

1041 1192 1121 1219 αὐτοῦ
1146 1192 1204 1219 ὅλον
1228 1193 1258 1219 τὸ
1283 1193 1371 1228 σῶμα,
1387 1194 1434 1220 καὶ
1457 1194 1672 1230 προσευξάμενος
1687 1195 1726 1230 τῷ
1740 1196 1822 1223 θανα-

1040 1238 1130 1265 τοῦντι
1146 1239 1192 1265 καὶ
1209 1238 1394 1273 ζωογονοῦντι,
1408 1238 1483 1266 εἶπεν
1500 1240 1567 1276 πρὸς
1575 1241 1621 1267 τὸν
1641 1241 1732 1268 παῖδα’
1748 1242 1825 1268 Ἀνά-

1041 1293 1108 1316 στα,
1133 1285 1243 1316 τέκνον,
1270 1286 1298 1312 ὲν
1324 1285 1362 1320 τῷ
1389 1286 1497 1320 ὀνόματι
1525 1286 1610 1322 Ἰησοῦ
1635 1287 1752 1322 Χριστοῦ
1777 1288 1823 1314 τοῦ

1040 1329 1256 1364 ἐσταυρωμένον.
1274 1330 1328 1356 Καὶ
1345 1330 1444 1362 εὐθέως
1467 1331 1481 1356 ὁ
1506 1333 1569 1363 παῖς
1594 1332 1752 1359 ἀνεκάθισεν
1777 1333 1824 1359 ἐπὶ

1040 1375 1088 1410 τῆς
1103 1375 1195 1410 κλίνης
1211 1376 1302 1402 αὑτοῦ.
1320 1376 1384 1403 Τότε
1401 1377 1592 1410 πιστεύσαντες
1605 1379 1628 1404 οἱ
1644 1378 1771 1414 βασιλεῖς,
1783 1379 1823 1405 ὅτι

1041 1420 1186 1455 ἀνέστησεν
1195 1421 1350 1455 Ἐπιφάνιος
1362 1421 1405 1448 διὰ
1417 1422 1567 1457 προσευχῆς
1577 1423 1622 1449 τὸν
1643 1423 1733 1453 παῖδα,
1752 1431 1823 1458 παρ-

1041 1466 1153 1493 εκάλουν
1170 1467 1250 1493 αὐτὸν
1264 1468 1336 1499 ὅπως
1349 1468 1459 1502 φωτίσει
1476 1468 1581 1500 αὐτούς.
1594 1466 1677 1496 Εἶπεν
1688 1469 1718 1501 δὲ
1733 1470 1821 1500 αὐτοῖς

1047 1512 1218 1547 Ἐπιφάνιος-
1238 1513 1302 1540 Ἰδοὺ
1328 1513 1359 1547 δὴ
1376 1514 1404 1539 ἐν
1420 1514 1502 1540 πᾶσιν
1529 1514 1694 1549 ἀποδέχομαι
1714 1514 1762 1549 τὴν
1782 1515 1823 1540 εύ-

1042 1559 1148 1584 σέϐειαν
1162 1558 1248 1593 ὑμῶν,
1271 1559 1337 1585 διότι
1354 1560 1368 1586 6
1380 1559 1446 1590 Θεός
1458 1560 1530 1586 ἐστιν
1544 1561 1558 1586 ὁ
1571 1561 1683 1596 ἐγείρων
1694 1561 1764 1595 ὑμᾶς
1778 1560 1822 1587 ἐπὶ

1039 1604 1126 1631 τοῦτο.
1144 1604 1216 1640 Πλὴν
1231 1605 1294 1639 παρ’
1310 1606 1458 1642 ἐπιτροπὴν
1478 1606 1524 1632 τοῦ
1545 1606 1693 1632 ἐπισκόπου
1715 1606 1823 1641 Ῥώμης

1040 1651 1069 1677 ού
1085 1650 1200 1686 δύναμαι
1213 1651 1290 1677 τοῦτο
1312 1651 1436 1686 ποιῆσαι·
1456 1653 1557 1687 μήποτε
1573 1652 1619 1679 καὶ
1635 1652 1739 1688 λυπηθῇ
1756 1653 1823 1688 πρὸς

1042 1697 1085 1732 μέ.
1104 1697 1135 1723 Οί
1158 1695 1204 1723 οὖν
1224 1697 1342 1732 βασιλεῖς
1364 1697 1463 1728 εὐθέως
1481 1697 1701 1732 μεταστέλλονται
1716 1698 1761 1724 τὸν
1774 1697 1822 1732 τῆς

1045 1743 1188 1778 Ῥωμαίων
1217 1743 1378 1778 Ἐκκλησίας
1399 1743 1563 1774 ἐπίσκοπον,
1590 1743 1635 1770 καὶ
1664 1743 1821 1778 ἐξηγοῦνται

1039 1789 1113 1822 αύτῷ
1138 1790 1273 1816 πάντα.’0
1293 1789 1321 1815 δὲ
1337 1789 1483 1820 ἐπίσκοπος
1498 1790 1580 1824 ἐχάρη
1601 1789 1688 1825 χαρὰν
1703 1790 1822 1825 μεγάλην

1040 1834 1158 1866 ἀκούσας
1179 1834 1252 1869 παρὰ
1269 1833 1322 1860 τῶν
1341 1834 1472 1868 βασιλέων
1493 1834 1589 1866 ταῦτα,
1606 1834 1652 1860 καὶ
1674 1833 1823 1869 ἐπέτρεψεν

1046 1880 1195 1915 Ἐπιφανίῳ
1211 1879 1338 1914 βαπτίσαι
1355 1880 1461 1911 αὐτούς.

1074 1926 1136 1953 NB’.
1162 1926 1205 1957 Ὠς
1220 1925 1248 1951 δὲ
1259 1925 1380 1960 εἰσῆλθον
1395 1926 1423 1951 ὲν
1439 1925 1477 1960 τῷ
1493 1924 1674 1960 φωτιστηρίῳ,
1686 1925 1758 1956 ὅπως
1772 1924 1820 1959 βα-

1039 1971 1185 1998 πτισθῶσιν
1200 1971 1251 1997 ὑπὸ
1265 1971 1431 2004 Ἑπιφανίου,
1448 1971 1493 1997 καὶ
1504 1971 1554 2004 τῆς
1565 1971 1652 2005 πάσης
1663 1970 1821 2002 ἀκολουθίας

1039 2017 1196 2052 γενομένης,
1221 2016 1344 2051 εἰσῆλθεν
1367 2016 1472 2052 πρῶτος
1501 2016 1639 2051 Ἀρκάδιος
1664 2016 1711 2042 καὶ
1735 2023 1820 2051 προσ-

1039 2064 1126 2098 ἐσχεψ
1140 2063 1187 2089 καὶ
1202 2063 1255 2090 ίδοὺ
1267 2064 1340 2098 τρεῖς
1352 2062 1447 2098 ἄνδρες
1457 2061 1552 2093 στολὰς
1566 2061 1665 2092 λευκὰς
1676 2062 1820 2097 φοροῦντες

1038 2109 1227 2144 παρεκράτουν
1250 2109 1294 2135 τὸν
1314 2109 1479 2142 Ἑπιφάνιον,
1496 2107 1544 2134 ’ἐνα
1563 2108 1594 2134 ὲκ
1607 2107 1699 2139 δεξιῶν
1715 2107 1761 2133 καὶ
1773 2107 1821 2134 ἕνα

1039 2154 1068 2186 ἐξ
1085 2154 1240 2190 εὐωνύμων,
1258 2153 1451 2180 ἀκολουθοῦντα
1464 2154 1492 2180 δὲ
1508 2154 1552 2179 τὸν
1567 2154 1658 2189 ἕτερον
1672 2153 1759 2179 ὀπίσω
1771 2154 1819 2179 αὑ-

1037 2200 1094 2228 τοῦ.
1108 2201 1164 2227 Καὶ
1177 2199 1294 2235 ἐφοϐήθη
1310 2199 1389 2234 φόϐον
1408 2199 1597 2234 μὲγαν.Ἔγνω
1607 2198 1654 2226 οὖν
1663 2199 1819 2232 Ἐπιφάνιος

1038 2246 1091 2273 ἀπὺ
1104 2247 1149 2273 τοῦ
1165 2246 1308 2283 προσώπου
1321 2246 1473 2281 Ἀρκαδίου,
1490 2246 1530 2272 ὅτι
1543 2246 1674 2272 ὀπτασίαν
1687 2245 1817 2281 ἑώρακεν·

1038 2293 1084 2319 καὶ
1096 2291 1172 2319 εἶπεν
1188 2293 1255 2328 πρὸς
1268 2292 1362 2318 αὐτόν·
1380 2292 1500 2327 Πρόσεχε
1522 2291 1636 2326 σεαυτῷ,
1653 2291 1758 2322 τέκνον,
1774 2291 1820 2318 καὶ

1037 2339 1083 2365 ἔσο
1096 2339 1246 2373 φυλάττων.
1261 2338 1357 2365 Εἰώθει
1372 2338 1400 2364 δὲ
1411 2337 1568 2372 Ἑπιιράνιος
1588 2337 1639 2369 ἕως
1653 2337 1775 2373 ταραχθῇ
1791 2337 1821 2363 τὸ

1038 2385 1119 2419 ὕδωρ,
1134 2384 1234 2420 μηδένα
1251 2384 1377 2419 ἐμϐαλεῖν
1397 2384 1436 2414 εἰς
1457 2384 1506 2418 τὴν
1528 2383 1727 2418 κολυμϐήθραν.
1745 2382 1820 2409 Μετὰ

1036 2430 1064 2456 δὲ
1087 2430 1116 2456 τὸ
1140 2429 1304 2464 φωτισθῆναι
1322 2428 1471 2464 ’Λρκάδιον,
1497 2429 1654 2463 εἰσήνεγκεν
1672 2428 1718 2454 xa‘t
1740 2426 1819 2453 Ὁνώ-

1038 2484 1106 2510 ριον,
1125 2475 1172 2502 καὶ
1184 2475 1232 2509 τὴν
1247 2474 1330 2510 αὐτὴν
1345 2473 1474 2500 ὀπτασίαν
1488 2474 1550 2500 ῐδεν.
1567 2474 1620 2500 Καὶ
1635 2473 1718 2504 οὕτως
1730 2473 1820 2499 λοιπὸν

1037 2521 1168 2557 κατῆλθεν
1184 2522 1197 2548 ὁ
1209 2521 1265 2552 υίὸς
1278 2521 1326 2556 τῆς
1339 2520 1453 2555 ἀδελφῆς
1464 2520 1561 2546 αὐτῶν.
1574 2520 1626 2546 Καὶ
1635 2519 1702 2554 αὕτη
1717 2521 1731 2554 ὴ
1743 2519 1818 2545 ἀδελ-

1039 2568 1075 2603 φὴ
1105 2567 1193 2594 αὐτῶν
1212 2567 1375 2602 Προκλιανὴ,
1389 2567 1450 2601 ἥτις
1465 2564 1498 2601 ἦν
1515 2566 1573 2597 ἑνὸς
1594 2566 1647 2592 τῶν
1670 2565 1819 2600 πατρικίων

1028 2614 1114 2648 ηγυνή.
1131 2613 1206 2639 Μετὰ
1219 2613 1246 2639 δὲ
1257 2613 1286 2638 τὸ
1297 2612 1475 2647 βαπτισθῆναι
1488 2612 1595 2643 αὐτοὺς,
1609 2611 1734 2646 ἐποίησεν
1745 2610 1819 2637 Ἑπι-

1036 2659 1130 2693 φάνιος
1143 2659 1191 2689 τὰς
1212 2658 1232 2690 ζ’
1250 2659 1355 2693 ἡμέρας
1369 2659 1426 2692 μετ’
1444 2658 1543 2688 αὐτῶν,
1564 2657 1694 2683 διδάσκων
1711 2656 1816 2688 αὐτούς.

1039 2705 1094 2731 Καὶ
1106 2705 1174 2739 μετὰ
1188 2705 1218 2731 τὸ
1234 2705 1344 2736 ἀλλάξαι
1360 2705 1458 2736 αὐτοὺς
1471 2704 1520 2736 τὰς
1543 2703 1721 2736 νεοφωτίστας
1740 2702 1818 2736 ἐσθῆ-

1035 2760 1095 2782 τας,
1114 2749 1189 2776 εἶπεν
1204 2751 1362 2786 Ἐπιφάνιος
1376 2752 1430 2782 τοῖς
1443 2751 1504 2777 δυσὶ
1519 2749 1687 2785 βασιλεῦσιν·
1704 2750 1816 2780 Μὲνετε,

1036 2796 1112 2832 φησὶ,
1127 2796 1230 2829 τέκνον,
1243 2798 1271 2823 ἐν
1287 2797 1460 2823 καταστάσει.
1474 2796 1560 2827 Λύκος
1572 2795 1625 2830 γὰρ
1638 2795 1715 2830 ὑμῶν
1729 2795 1817 2822 ούκὲτι

1027 2841 1173 2877 ¹κυριεύσει
1183 2851 1190 2858 ·
1205 2842 1310 2878 ἀπέδρα
1327 2842 1417 2877 ὀδύνη,
1431 2842 1477 2868 καὶ
1496 2841 1577 2876 λύπη.
1587 2841 1633 2868 καὶ
1649 2841 1797 2875 στεναγμός
1809 2849 1816 2855 ·

1035 2889 1126 2916 ἔσεσοε
1150 2889 1327 2925 προσέχοντες
1342 2891 1373 2924 τῇ
1391 2889 1545 2919 ἀναστάσει,
1560 2888 1606 2914 καὶ
1632 2887 1668 2922 μὴ
1691 2887 1817 2914 λυπεῖσθε
