1934 3029
201 145 237 171 89
838 139 866 167 S.
885 136 1056 166 EPIPHANH
1077 137 1169 168 VITA.
1789 140 1826 168 90

200 203 248 230 ἐπὶ
271 203 326 234 τοῖς
351 199 537 236 ὲξερχομένοις
559 199 613 226 ἀπὸ
634 198 708 225 τοῦδε
734 197 779 225 τοῦ
795 198 871 232 βίον·
889 197 914 223 οι
930 195 983 230 γὰρ

1036 196 1173 239 phani‘us:
1201 196 1306 224 Manete
1322 196 1459 232 deinceps,
1486 204 1502 224 ο
1527 197 1591 229 ﬁlii,
1618 197 1690 226 bono
1718 198 1824 226 animo.

201 246 310 284 Χριστῷ
326 245 519 275 πιστεύσαντες
531 243 646 279 Χριστὸν
660 242 826 271 ἐνεδύσαντο,
842 242 888 268 καὶ
905 240 985 267 αὑτὸν

203 292 296 328 βοηθὸν
305 291 421 326 ἔχουσιν.
430 289 530 316 Μέλλει
543 289 607 324 γὰρ,
619 297 655 324 φη
660 288 702 314 σὶν
709 287 757 322 (α),
768 287 798 313 τὸ
811 286 875 313 ποτὲ
882 285 986 312 ἀποθα-

201 338 280 366 νόντα
294 337 340 364 καὶ
355 335 517 367 ἀναστάντα,
529 334 645 361 λαϐόντα
668 334 717 370 τὴν
733 333 822 369 χάριν,
837 331 985 358 ἀπελεύσε-

203 383 263 410 σθαι
281 383 349 418 πρὸς
370 382 415 407 τὸν
439 381 561 416 Σωτῆρα.
579 380 627 406 καὶ
642 379 754 414 ὄψεσθαι
776 378 856 405 αὑτὸν
878 378 907 404 ὲν
920 376 984 411 δόξῃ

203 427 306 464 μεγάλῃ
321 426 477 462 παρακαλοῦ
483 435 560 462 μενον
574 425 619 452 ὑπ’
632 424 764 459 ἀγγέλων.
776 424 815 459 Τῇ
831 421 877 450 οὖν
887 422 982 454 ἔωθεν,

200 474 237 506 ὡς
252 472 286 510 ἦν
301 474 457 507 Ἐπιφάνιος
472 473 500 499 ἐν
515 472 554 508 τῷ
574 470 707 506 βασιλικῷ
720 470 835 505 ταμιείῳ
852 469 982 496 διδάσκων

199 521 262 552 τοὺς
277 519 406 555 βασιλεῖς,
430 518 526 545 εὐωδία
542 527 583 549 τις
599 517 705 551 ἐγένετο
719 517 748 542 ὲν
764 515 803 550 τῷ
827 515 902 550 μέσῳ
917 514 984 541 πάν-

200 574 253 593 των
276 565 365 600 ἡμῶν,
388 563 470 591 Εἶπεν
493 564 521 590 δὲ
548 563 706 597 Ἐπιφάνιος
729 562 785 593 τοῖς
809 560 981 596 βασιλεῦσιν·

199 609 388 640 Ἀναστάντες.
402 609 493 643 φησὶν,
518 607 641 639 εὔξασθε,
656 607 707 633 υίοὶ
724 606 772 632 τοῦ
790 603 943 641 φωτόςίἯν
955 604 983 631 δὲ

199 655 229 681 τὸ
244 654 348 681 παιδίον
363 654 558 689 κατακείμενον
572 653 617 678 ἐπὶ
642 652 691 687 τῆς
714 651 807 687 κλίνης
817 660 824 666 '
840 651 888 677 καὶ
904 651 982 685 ποιὴ-

201 708 296 732 σαντος
312 700 469 734 Ἐπιφανίου
481 699 531 735 τὴν
547 699 638 733 εὐχὴν,
654 698 772 733 ἥκουσαν
787 697 886 728 πάντες
906 698 930 723 οἱ
954 697 983 722 ὲν

198 745 237 780 τῷ
254 745 383 780 βασιλικῷ
400 745 514 780 ταμιείῳ
537 744 575 775 ὡς
590 743 668 778 ὄχλου
686 741 783 768 πολλοῦ
807 741 930 776 λέγοντος
952 740 983 766 τὸ

199 791 286 826 Ἀμήν
296 799 303 806 ·
317 791 362 816 καὶ
377 790 408 816 τὸ
421 790 560 825 παιδάριον
574 789 674 820 εὐθέως
690 788 846 824 παρέδωκεν
859 787 889 813 τὺ
903 786 982 814 πνεῦ-

201 845 248 871 μα.
263 836 426 871 Ἐμείναμεν
454 835 482 862 δὲ
500 834 629 861 -ὲνιαυτὸν
646 834 704 860 ὅλον
727 835 755 859 ἐν
774 832 877 868 Ῥώμῃ.
894 832 981 858 Πολλὰ

1039 240 1132 275 Lupus
1144 241 1217 268 enim
1232 241 1266 268 ad
1285 249 1335 269 vos
1354 249 1409 268 non
1427 241 1548 269 accedet.
1570 242 1643 269 Abiit
1672 243 1771 274 luctus,
1799 249 1825 270 et

1038 285 1126 317 dolor,
1144 289 1171 312 et
1194 286 1321 320 gemitus.
1348 285 1512 321 Exspectate
1536 286 1777 320 resurrectionem,
1800 293 1825 315 et

1038 331 1122 359 nolite
1133 332 1202 358 allici
1227 332 1336 360 tristitia
1361 332 1396 360 ob
1418 340 1476 366 eos,
1492 333 1540 367 qui
1554 340 1586 359 ex
1609 333 1661 360 hac
1675 333 1730 360 vita
1745 342 1825 361 cxce-

1037 378 1107 405 dunt
1130 389 1136 406 :
1157 378 1297 406 Christum
1316 378 1389 405 enim
1414 378 1555 411 habentes,
1580 379 1717 407 Christum
1732 381 1824 407 indue-

1043 427 1118 450 runt.
1137 422 1208 450 Puer
1224 423 1306 456 enim,
1337 423 1385 458 qui
1401 422 1453 450 fuit
1476 424 1623 458 aliquando
1645 430 1778 458 mortuus,
1797 429 1823 452 et

1037 469 1196 501 resurrexit,
1210 469 1267 504 jam
1285 474 1395 504 accepta
1412 470 1498 505 gratia
1519 470 1607 497 iturus
1624 477 1665 498 est
1680 472 1712 499 ad
1728 471 1823 499 Salva-

1039 520 1133 543 torem.
1156 515 1288 543 Videbitis
1301 516 1411 550 angelos
1426 523 1489 543 eum
1503 515 1530 542 in
1549 523 1645 551 magna
1660 516 1745 552 gloria
1758 525 1823 544 con-

1038 561 1131 588 solari.
1146 560 1224 588 Mane
1236 568 1311 596 ergo,
1333 568 1394 588 cum
1409 566 1481 588 esset
1494 561 1662 596 Epiphanius
1677 562 1777 590 docens
1796 563 1822 590 in

1037 603 1098 630 aula
1122 603 1327 638 imperatorum,
1355 604 1442 632 oritur
1465 606 1575 639 quidam
1600 607 1692 634 suavis
1708 606 1776 634 odor
1795 608 1821 634 in

1037 649 1127 677 medio
1149 650 1282 677 omnium.
1308 649 1379 678 Dixit
1397 655 1487 678 autem
1514 651 1682 686 Epiphanius
1704 653 1822 688 impera-

1037 696 1164 723 toribus:
1183 696 1301 731 Surgite,
1317 700 1403 728 orate,
1427 697 1474 723 lilii
1492 697 1571 724 lucis.
1596 697 1707 725 Jacebat
1733 704 1821 726 autem

1038 748 1104 776 puer
1117 741 1143 768 in
1157 741 1237 769 lecto.
1254 741 1323 769 Cum
1341 747 1431 770 autem
1454 742 1620 778 Epiphanius
1641 744 1748 772 fecisset
1763 753 1821 772 ura-

1037 787 1136 814 tionem
1151 807 1158 819 ,
1182 787 1328 815 audierunt
1344 796 1449 819 omnes,
1463 789 1510 823 qui
1526 794 1605 816 erant
1622 789 1649 816 in
1664 791 1725 818 aula
1738 791 1822 825 regia,

1036 833 1118 860 veluti
1134 834 1335 861 multitudinem
1350 835 1495 869 quamdam
1509 836 1655 868 dicentem,
1669 837 1766 863 Amen.
1783 837 1816 863 Et

198 882 227 908 δὲ
244 883 291 909 καὶ
307 882 374 909 ἄλλα
396 882 521 917 ἐποίησεν
538 883 552 908 ὁ
566 880 723 914 Ἐπιφάνιος
744 881 844 915 σημεῖα
865 879 910 905 ἐπὶ
932 878 982 913 τῆς

1036 886 1102 913 puer
1116 879 1206 906 statim
1221 880 1332 907 tradidit
1344 880 1482 914 spiritum.
1500 881 1649 909 Mansimus
1659 890 1722 909 vero
1735 890 1819 909 unum

204 927 376 963 Ῥώμης.Ὢς
392 926 419 953 δὲ
434 926 539 962 ἔκρινεν
554 927 709 960 Ἐπιφάνιος
721 924 851 951 ἀποπλεῖν
865 924 937 959 ἡμᾶς
954 925 983 950 ὲν

198 974 231 1008 τῇ
250 972 365 1008 Κύπρῳ,
383 970 457 998 εἶπον
471 972 495 998 οἱ
510 971 629 1006 βασιλεῖς
654 972 721 1006 πρὸς
735 969 892 1004 Ἐπιφάνιυν
903 978 909 984 ·
926 969 981 995 Λά-

199 1018 240 1050 ϐε,
267 1018 358 1053 φησὶν,
385 1015 408 1044 ὧ
432 1018 532 1052 Πάτερ,
555 1021 603 1052 τήν
627 1017 721 1052 χρείαν
739 1016 788 1050 τῆς
809 1014 982 1050 Ἐκκλησίας,

199 1065 271 1096 ὅπως
285 1064 415 1100 παρέχεις
427 1065 482 1095 τοῖς
495 1063 640 1098 δεομένοις.
656 1059 739 1088 Εἶπεν
761 1061 789 1087 δὲ
802 1061 893 1092 αὐτοῖς
908 1060 984 1086 Ἐπι-

199 1111 310 1145 φάνιος·
330 1111 434 1145 Ὑμεῖς,
456 1110 548 1139 τέκνα,
567 1110 666 1135 ποιεῖτε
687 1108 701 1134 ὂ
718 1107 892 1134 ἀπαιτεῖσθε·
907 1105 984 1140 κάγὼ

199 1156 284 1191 χαίρω
297 1156 342 1183 ἐπὶ
355 1157 387 1192 τῇ
401 1155 476 1190 ὑμῶν
491 1155 620 1181 ἐπιδόσει.
633 1154 709 1189 Ἐμοὶ
721 1153 749 1179 δὲ
767 1153 848 1187 βάρος
865 1152 902 1187 μὴ
915 1160 985 1186 παρ-

199 1201 283 1236 έχετε.
293 1202 322 1227 Ὀ
336 1201 390 1236 γὰρ
404 1201 470 1232 θεός
485 1209 535 1235 μου
554 1201 620 1226 πᾶσι
634 1199 721 1226 πάντα
735 1199 859 1234 παρέχει,
877 1197 983 1232 διατρέ-

199 1256 255 1281 φων
268 1247 371 1278 πάντας
387 1247 415 1272 ἐν
427 1246 494 1281 τῷδε
508 1246 546 1281 τῷ
564 1245 766 1280 βίῳ.Ἥνεγκαν
784 1244 811 1270 δὲ
825 1245 849 1270 οἱ
866 1243 984 1278 βασιλεῖς

199 1293 265 1320 πολὺ
284 1293 408 1328 χρυσίον·
426 1293 472 1319 καὶ
486 1292 535 1318 οὐκ
551 1291 658 1325 ἐδέξατο
671 1290 828 1324 Ἐπιφάνιος
841 1289 870 1322 ἐξ
882 1289 982 1320 αὐτῶν,

198 1339 264 1365 ἀλλὰ
281 1340 379 1373 ἄρτους
399 1337 505 1372 ὀλίγους
527 1337 605 1372 μόνον
618 1335 693 1363 εἶπεν
707 1336 794 1363 ἐλθεῖν
809 1337 848 1368 εἰς
866 1337 984 1372 μετάλη-

199 1388 243 1421 ψιν
255 1387 332 1422 ἡμῶν
345 1388 373 1412 ἐν
386 1385 424 1421 τῷ
437 1386 529 1421 πλοίῳ.
542 1385 709 1420 Ἀπὰραντες
724 1383 770 1411 οὖν
783 1385 836 1411 ἀπὸ
849 1384 899 1419 τῆς
917 1384 985 1410 Ῥώ-

200 1441 253 1468 μης
274 1432 360 1464 οὕτως
377 1433 583 1467 κατηντήσαμεν
596 1431 638 1457 διὰ
655 1434 679 1465 μ’
694 1430 804 1466 ἡμερῶν
823 1431 852 1456 ὲν
867 1429 983 1464 Κύπρῳ,

199 1480 245 1506 καὶ
259 1479 381 1511 ἐδέξαντο
398 1479 470 1515 ἡμᾶς
484 1480 507 1504 οῖ
523 1477 632 1513 ἀδελφοὶ
647 1477 715 1513 μετὰ
729 1477 816 1512 χαρᾶς
835 1476 966 1512 μεγάλης.

1036 931 1137 950 annum
1156 924 1258 952 Romaa.
1273 925 1358 952 Multa
1373 930 1463 952 autem
1484 926 1537 952 alia
1552 934 1661 961 quoque
1676 926 1769 955 Rontce
1781 928 1823 955 fe-

1035 970 1072 996 cit
1096 969 1274 1004 Epiphanius.
1296 970 1442 1006 Postquam
1468 979 1533 999 vero
1553 972 1672 999 decrevit
1694 974 1824 1009 navigare

1035 1015 1061 1042 in
1077 1014 1206 1049 Cyprum,
1234 1016 1411 1051 imperatores
1433 1017 1559 1044 dixerunt
1578 1017 1748 1052 Epiphanio:
1771 1020 1824 1046 Ac-

1035 1056 1105 1090 cipe,
1126 1056 1214 1089 Pater,
1231 1058 1257 1084 id
1275 1058 1347 1092 quod
1361 1063 1403 1085 est
1415 1059 1476 1085 usui
1495 1058 1632 1091 Ecclesiae,
1651 1065 1679 1087 ut
1700 1061 1822 1095 praebeas

1036 1102 1229 1137 indigentibus.
1249 1102 1322 1129 Dixit
1343 1107 1433 1130 autem
1460 1103 1627 1139 Epiphanius
1653 1106 1824 1140 imperatori-

1036 1148 1087 1175 bus
1102 1157 1108 1174 :
1124 1147 1189 1180 Vos,
1208 1148 1278 1180 filii;
1290 1149 1369 1176 facile
1383 1149 1408 1176 id
1434 1151 1506 1184 quod
1528 1158 1542 1178 a
1555 1151 1633 1178 vobis
1650 1153 1801 1186 postulatur
1815 1163 1822 1180 :

1036 1197 1062 1219 et
1077 1193 1181 1226 gaudeo
1205 1193 1239 1219 de
1255 1198 1344 1220 vestro
1362 1194 1540 1222 incremento.
1567 1195 1637 1228 Quid
1662 1205 1726 1224 vero
1752 1198 1820 1224 mihi

1036 1245 1106 1265 onus
1122 1238 1265 1272 praebetis?
1290 1239 1449 1274 Suppeditat
1469 1241 1535 1267 mihi
1559 1241 1641 1274 Dens,
1659 1244 1705 1277 qui
1727 1252 1823 1272 omnes

1036 1284 1083 1311 alit
1098 1285 1125 1311 in
1145 1286 1194 1312 hac
1208 1286 1271 1312 vita.
1291 1284 1452 1313 Obtulerunt
1474 1295 1540 1322 ergo
1557 1288 1735 1322 imperatores
1754 1291 1825 1317 mul-

1036 1334 1093 1357 tum
1115 1331 1185 1358 auri.
1215 1330 1267 1358 Sed
1296 1331 1364 1358 nihil
1388 1333 1493 1366 accepit
1519 1333 1697 1368 Epiphanius,
1728 1341 1824 1370 printer

1035 1383 1136 1410 paucos
1152 1384 1244 1410 panes,
1263 1381 1292 1403 ut
1304 1384 1353 1404 nos
1370 1385 1465 1405 omnes
1483 1378 1516 1405 iis
1532 1379 1557 1405 in
1572 1381 1680 1414 navigio
1695 1389 1817 1408 veseere-

1036 1429 1107 1447 mur.
1124 1421 1211 1448 Roma
1225 1427 1315 1449 autem
1330 1423 1455 1457 profecti,
1469 1424 1642 1457 pervenimus
1659 1425 1685 1452 in
1703 1425 1821 1462 Cyprum

1037 1465 1219 1500 quadraginta
1235 1465 1342 1499 diebus,
1358 1471 1385 1493 et
1400 1474 1449 1494 nos
1464 1469 1748 1502 susceperuntfratres
1761 1479 1822 1498 cum

1037 1519 1136 1544 magno
1155 1511 1264 1545 gaudio.

232 1555 294 1582 Nl".
316 1554 396 1585 Ἔθος
417 1553 445 1579 δὲ
468 1551 501 1589 ἦν
519 1553 668 1587 Ἐπιφανίῳ
685 1550 849 1596 ἐξέρχεςθαιν
871 1550 919 1582 τὰς
940 1559 983 1596 νυ-

1072 1555 1138 1584 Llll.
1162 1557 1221 1584 Mos
1232 1563 1321 1584 autem
1336 1562 1395 1585 erat
1412 1558 1563 1593 Epiphanio
1579 1565 1662 1587 noctu
1678 1561 1781 1596 ingredi
1796 1563 1822 1589 in

199 1609 265 1632 κτας
290 1601 318 1627 ὲν
342 1600 397 1630 τοῖς
421 1598 628 1634 κοιμητηρίοις,
655 1597 718 1623 ἔνθα
741 1596 776 1622 τὰ
795 1595 909 1630 λείψανα
931 1595 983 1621 τῶν

199 1646 283 1680 ἁγίων
308 1645 453 1680 μαρτύρων
478 1644 663 1674 κατάκεινται,
679 1643 725 1669 καὶ
750 1641 920 1677 παρακαλεῖν
939 1640 984 1666 τὸν

199 1692 264 1718 Θεὸν
288 1691 351 1726 περὶ
373 1690 431 1722 ἑνὸς
456 1690 571 1716 ἑκάστου
586 1689 640 1715 τῶν
656 1688 940 1723 ϐλιϐομένων.Ὢσπερ
955 1686 983 1712 δὲ

199 1738 273 1773 φίλος
296 1738 371 1773 φίλον
395 1735 572 1772 παρακαλῶν,
589 1735 652 1771 περὶ
665 1732 694 1760 οὗ
710 1734 873 1769 παρακαλεῖ,
888 1732 982 1759 τούτου

198 1785 340 1820 τυγχάνει·
354 1783 438 1815 οὕτως
448 1783 495 1809 καὶ
510 1783 524 1809 ὁ
537 1782 602 1813 Geo;
615 1781 648 1807 τὰ
661 1781 800 1816 αἰτήματα
814 1780 896 1807 αὑτοῦ
913 1788 984 1815 παρ-

200 1833 270 1866 εῖχεν
284 1829 367 1865 αὐτῷ.
382 1829 450 1856 Hortis
463 1828 528 1863 γοῦν
542 1827 622 1863 λιμοῦ
640 1827 757 1862 μεγάλου
774 1826 984 1861 γενομένου,καὶ

202 1877 239 1912 μὴ
253 1876 453 1912 εὑρισκομένων
467 1875 557 1910 ἄρτων
570 1874 617 1900 ἐπὶ
629 1873 679 1908 τῆς
694 1873 806 1909 ἀγορᾶς,
822 1871 856 1907 ἦν
871 1873 984 1899 Φαυστι-

200 1924 288 1956 νιανδς
311 1924 326 1950 ὁ
347 1923 518 1958 ἄσπλαγχνος
533 1922 623 1952 οἴκους
644 1920 757 1951 πολλοὺς
781 1921 894 1954 μεστοὺς
911 1919 983 1944 σίτου

200 1971 247 1998 καὶ
267 1970 364 2006 κριθῆς
386 1968 605 2004 ἠσφαλισμένους
619 1967 698 2002 ἔχων.
715 1962 799 1997 Οὗτος
823 1965 851 1991 δὲ
875 1964 984 2000 χρυσίον

200 2017 355 2052 λαμδάνων,
371 2016 499 2051 παρεῖχεν
513 2013 620 2048 ἑκάστῳ
633 2012 686 2039 τῶν
700 2012 833 2047 δεομένων
851 2012 924 2045 τρεῖς
940 2019 985 2045 μο-

199 2063 270 2094 δίους
283 2062 329 2089 τοῦ
343 2062 519 2097 νομίσματος.
533 2061 587 2086 Καὶ
601 2058 634 2095 ἦν
652 2058 736 2093 πολλὴ
754 2057 881 2088 στένωσις
904 2057 932 2082 ὲν
951 2057 982 2091 τῇ

200 2108 285 2135 πόλει.
300 2106 383 2134 Εἶπεν
397 2108 426 2133 δὲ
440 2107 599 2140 Ἐπιφάνιος
622 2105 690 2140 πρὸς
712 2102 918 2130 Φαυστινιανόν·
936 2102 985 2133 Δός

202 2163 256 2190 μοι,
274 2155 366 2189 φησὶν,
388 2151 411 2180 ὥ
428 2153 560 2188 βέλτιστε,
584 2153 655 2177 σῖτον
678 2150 745 2185 πρὸς
762 2149 907 2184 διατροφὴν
930 2148 983 2174 τῶν

200 2199 363 2236 ἀνθρώπων·
393 2199 470 2233 κάγὼ
497 2197 629 2225 ἀποδώσω
655 2205 696 2223 σοι
721 2196 752 2222 τὸ
780 2195 860 2230 χρέος
882 2194 984 2220 τούτων

201 2247 373 2273 ἁπάντων.’0
391 2245 419 2272 δὲ
439 2245 611 2279 ἄσπλαγχνος
635 2242 826 2272 Φαυστινιανὸς
849 2240 985 2272 τοιούτους
1000 2232 1022 2260 Ῑ)

203 2293 295 2327 λόγους
317 2292 406 2326 λέγειν
428 2291 529 2326 ἤρξατο
552 2289 716 2324 Ἐπιφανίῳ·
743 2286 870 2319 ¹Ἀπελθε,
896 2287 962 2322 φησὶ
976 2307 984 2318 ,

201 2338 390 2373 παρακάλεσον
407 2337 453 2364 τὴν
469 2337 545 2368 Θεὸν,
560 2336 588 2363 ὃν
604 2337 635 2363 σὺ
652 2335 730 2371 σέϐῃ,
748 2335 796 2361 καὶ¹
812 2334 924 2369 παρέξει
945 2342 985 2360 σοι

202 2386 272 2411 σῖτον
285 2384 352 2420 πρὸς
366 2383 513 2418 διατροφὴν
535 2382 590 2408 τῶν
612 2382 665 2408 σῶν
682 2381 815 2416 φίλων.’0
831 2379 895 2414 γοῦν
911 2380 986 2406 Ἐπι-

201 2429 293 2463 φάνιος
316 2428 429 2462 ἐξελθὼν
456 2429 484 2454 ὲν
511 2428 561 2463 μιᾷ
584 2427 661 2454 νυκτὶ
677 2428 705 2453 ἐν
721 2428 777 2458 τοῖς
798 2425 985 2462 κοιμητηρίοις

202 2476 349 2512 παρεκάλει
371 2475 416 2501 τὸν
437 2474 502 2501 Θεὸν
524 2474 570 2500 ἐπὶ
594 2473 625 2499 τὸ
645 2472 786 2508 διαθρέψαι
802 2473 906 2504 πάντας
923 2473 986 2504 τοὺς

201 2521 385 2555 στενομένους.
405 2517 459 2545 Ἦν
485 2519 514 2545 δὲ
538 2519 601 2550 ναὸς
626 2519 730 2550 ἐκεῖνος
759 2519 881 2553 ἀρχαῖος,
912 2517 985 2550 ὅστις

200 2566 322 2593 ἐκαλεῖτο
338 2565 398 2596 Διὸς
411 2564 572 2599 Ἀσφάλεια·
585 2564 671 2599 τούτῳ
685 2563 714 2590 δὲ
735 2563 774 2598 τῷ
795 2563 851 2598 ναῷ
874 2563 901 2589 εἴ
921 2571 985 2590 ποτε

200 2611 314 2646 ἦγγισέν
328 2619 370 2642 τις
383 2610 437 2636 τῶν
452 2609 612 2645 ἀνθρώπων,
631 2610 738 2644 ἐλέγετο
754 2609 855 2641 εὐθέως
869 2609 921 2635 ὑπὸ
938 2609 986 2635 θα-

201 2657 280 2683 νάτου
303 2654 551 2690 λαμὸάνεσθαι.¹Ως
572 2652 618 2680 οὖν
643 2652 676 2689 ἦν
689 2654 846 2688 Ἐπιφάνιος
859 2653 986 2688 δεόμενος

201 2701 246 2728 τοῦ
269 2701 336 2728 Θεοῦ
352 2700 422 2735 ὑπὲρ
444 2699 498 2726 τῶν
523 2699 696 2735 θλιϐομένων,
714 2699 790 2735 φωνὴ
811 2699 893 2726 αὐτοῦ
910 2699 987 2733 γέγο-

202 2755 243 2774 νεν
253 2756 259 2763 ·
276 2746 430 2781 Ἐπιφάνιε,
448 2746 524 2782 φησὶ,
539 2745 577 2781 μὴ
594 2745 779 2781 ταραχθῇς.ὐ
791 2745 820 2772 δὲ
835 2745 916 2780 φησίν
927 2753 933 2760 ·
951 2746 983 2773 Τί

1038 1605 1204 1635 cmmeteria,
1222 1604 1267 1631 ubi
1284 1605 1343 1631 sitae
1360 1611 1423 1633 sunt
1438 1606 1558 1640 reliquiae
1574 1612 1730 1634 sanctorum
1756 1617 1824 1636 mar-

1039 1651 1139 1682 tyrum,
1155 1652 1182 1674 et.
1199 1656 1296 1683 rogare
1316 1648 1400 1676 Deum
1416 1658 1463 1684 pro
1478 1658 1641 1685 unoquoque
1656 1660 1762 1685 eorum,
1777 1654 1823 1688 qui

1038 1693 1235 1728 aiﬂigebantur.
1259 1694 1291 1721 Et
1309 1696 1445 1730 quomodo
1476 1696 1564 1724 bonus
1592 1698 1697 1726 amicus
1722 1699 1823 1726 bonum

1037 1740 1156 1767 amicum
1173 1748 1282 1774 rogans,
1312 1749 1365 1767 non
1386 1740 1529 1768 fraudatur
1541 1751 1574 1770 co
1590 1744 1662 1778 quod
1681 1745 1766 1778 petit:
1788 1747 1823 1772 ita

1038 1787 1062 1814 si
1077 1788 1187 1821 quando
1201 1787 1223 1814 is
1241 1795 1256 1814 a
1269 1787 1323 1814 Deo
1336 1788 1438 1822 aliquid
1453 1788 1585 1822 petiisset,
1602 1790 1717 1824 praebuit
1729 1791 1754 1817 ei
1765 1798 1823 1817 om-

1038 1841 1087 1860 nes
1102 1833 1255 1867 petitiones.
1271 1833 1425 1869 Aliquando
1442 1835 1551 1870 quidem
1565 1843 1626 1862 cum
1640 1841 1713 1863 esset
1727 1844 1822 1871 magna

1039 1878 1135 1912 fames,
1150 1883 1176 1906 et
1190 1880 1266 1913 panis
1289 1888 1343 1907 non
1366 1880 1509 1908 alierretur
1530 1882 1556 1908 in
1569 1881 1670 1915 forum,
1685 1888 1743 1910 erat
1762 1884 1823 1917 qui-

1038 1925 1099 1953 dam
1116 1925 1308 1958 Faustiuianus
1321 1927 1527 1961 immisericors,
1537 1928 1583 1962 qui
1599 1929 1698 1956 multas
1710 1929 1821 1956 habebat

1037 1970 1133 1998 domos
1150 1972 1269 2004 clausas,
1291 1972 1385 2007 plenas
1408 1973 1509 2001 hordeo
1525 1978 1552 2001 ct
1575 1974 1721 2001 frumento.
1737 1974 1762 2002 Is
1779 1982 1816 2001 ac-

1037 2015 1141 2050 cipiens
1161 2024 1269 2049 aurum,
1297 2017 1378 2044 dabat
1401 2018 1512 2045 volenti.
1541 2017 1628 2046 Dabat
1658 2023 1747 2046 autem
1775 2027 1822 2054 pro

1038 2069 1150 2088 nummo
1167 2066 1222 2088 tres
1238 2069 1394 2095 mensuras,
1411 2064 1604 2099 quiyocantur
1617 2064 1711 2091 modii.
1726 2065 1817 2092 Erant-

1037 2113 1091 2140 que
1111 2110 1216 2141 magnze
1239 2108 1372 2142 angustia;
1390 2108 1417 2134 in
1441 2109 1560 2137 civitate.
1580 2109 1652 2136 Dixit
1676 2118 1740 2145 ergo
1762 2111 1822 2146 Epi-

1037 2152 1154 2186 phanius
1165 2151 1364 2181 Faustiniano:
1389 2153 1428 2180 Da
1443 2154 1523 2186 mihi,
1542 2162 1559 2182 o
1571 2157 1683 2189 optime,
1701 2155 1821 2183 frumen-

1037 2203 1094 2226 tum
1111 2199 1145 2226 ad
1161 2199 1273 2226 alendos
1290 2199 1427 2233 homines,
1446 2204 1474 2227 et
1491 2209 1506 2228 a
1522 2208 1566 2228 me
1587 2201 1704 2236 accipies
1725 2202 1821 2230 horum

1037 2244 1158 2271 omnium
1170 2244 1301 2271 debitum.
1317 2245 1513 2272 Inunisericors
1529 2251 1622 2273 autem
1647 2252 1674 2274 et
1690 2246 1822 2276 barbarus

1035 2295 1063 2317 et
1079 2290 1226 2317 sceleratus
1247 2290 1440 2318 Faustiniauus
1458 2291 1514 2318 haec
1530 2293 1611 2319 verba
1625 2292 1694 2320 dixit
1705 2293 1820 2329 Epipha-

1035 2335 1104 2362 nio:
1125 2335 1200 2370 Roga
1229 2335 1339 2366 Jesum.
1363 2344 1444 2371 quem
1467 2336 1544 2368 colis,
1568 2342 1597 2364 et
1621 2338 1750 2372 praebebit
1774 2331 1820 2366 tibi

1036 2381 1200 2408 frumentum
1226 2381 1260 2408 ad
1292 2381 1405 2409 alendos
1431 2387 1493 2409 tuos
1520 2383 1633 2410 amicos.
1654 2382 1821 2418 Epiphanius

1036 2426 1127 2460 itaque
1148 2434 1201 2453 una
1218 2430 1298 2453 nocte
1317 2426 1457 2461 ingressus
1477 2431 1519 2454 est
1533 2428 1689 2455 ctemeteria
1714 2434 1819 2457 sancto-

1036 2479 1096 2498 rum
1111 2476 1273 2506 martyrum,
1289 2477 1315 2499 et
1330 2472 1436 2507 rogavit
1457 2472 1554 2503 Deum.
1568 2478 1597 2500 ut
1609 2473 1686 2500 daret
1701 2473 1820 2502 frumen-

1036 2521 1093 2543 tqu
1109 2517 1152 2549 iis,
1171 2517 1217 2551 qui
1232 2522 1310 2545 erant
1326 2518 1427 2545 redacti
1442 2519 1469 2545 in
1485 2520 1636 2554 angustias.
1650 2519 1715 2547 Erat
1730 2524 1820 2548 autem

1036 2562 1165 2596 templum
1187 2563 1369 2599 obsignatum,
1392 2565 1464 2599 quod
1486 2566 1636 2594 vocabatur
1657 2566 1752 2594 Tutela
1772 2567 1820 2595 Jo-

1035 2608 1088 2636 vis.
1107 2608 1174 2636 Huic
1186 2610 1285 2644 templo
1299 2610 1323 2638 si
1343 2612 1452 2645 quando
1471 2612 1533 2646 quis
1547 2621 1581 2640 ex
1600 2613 1759 2641 hominibus
1772 2622 1820 2649 ap—

1035 2654 1254 2689 propinquasset,
1281 2664 1296 2683 a
1326 2657 1418 2684 multis
1447 2657 1597 2691 ferebatur,
1629 2660 1701 2694 quod
1734 2667 1821 2687 morte

1036 2700 1128 2727 statim
1155 2702 1346 2736 corriperetur.
1370 2703 1437 2730 Cum
1455 2711 1520 2739 ergo
1543 2703 1711 2739 Epiphanius
1734 2704 1820 2731 Deum

1036 2749 1127 2773 oraret
1143 2754 1193 2780 pro
1207 2747 1241 2774 iis
1261 2747 1309 2782 qui
1323 2748 1520 2784 aﬂligebantur,
1538 2749 1571 2776 ad
1595 2756 1657 2776 eum
1672 2757 1725 2776 vox
1749 2749 1820 2777 facta

238 2814 274 2850 (ιι)
284 2815 360 2852 Qua;
371 2814 625 2852 sequunturﬁragca
637 2823 669 2852 es
682 2814 777 2852 Latino
793 2815 951 2850 corrigenda
962 2817 983 2844 lt

1036 2818 1113 2845 modo
1130 2827 1136 2844 :
1154 2818 1189 2844 Th
1205 2818 1308 2845 παιδίον
1324 2818 1386 2845 ποτὲ
1401 2818 1536 2846 ἀπνθανὸν
1552 2817 1599 2844 καὶ
1621 2817 1752 2852 ἀναστὰν,
1767 2817 1816 2844 λα-

204 2849 249 2876 ϐὸν
265 2849 314 2883 τὴν
328 2851 440 2884 χάριν...
458 2850 504 2876 καὶ
517 2849 624 2882 Μιεσθε.
645 2849 722 2876 Em'r.
738 2849 857 2877 PA‘I’ROL.
