1934 3029
117 111 147 140 9|

766 114 795 142 S.
817 113 987 143 EPIPHANII
1008 113 1098 141 VITA.

1717 113 1748 141 9’1

116 174 169 201 est,
196 169 351 205 Epiphani,
387 170 524 206 inquiens.
556 171 726 207 Epiphanius
753 181 819 200 vero
842 173 899 200 nihi

963 172 1030 203 ἐστι,
1048 172 1149 208 Κύριε;
1166 172 1222 200 Καὶ
1245 170 1320 200 εἶπεν
1336 173 1404 209 πρὺς
1423 173 1521 200 αὐτόν’
1538 172 1656 199 Ἀπελθε
1671 174 1700 199 ὲν
1711 172 1746 208 τῷ

118 217 297 244 conturbatus
311 225 317 243 :
337 215 407 249 Quid
421 223 473 249 est,
488 217 602 244 Domine
613 218 625 244 ?
638 218 672 245 Et
683 219 752 245 dixit
770 218 794 246 ei
809 228 815 245 :
835 218 908 246 Vade

117 261 145 287 in
164 261 304 294 templum,
319 262 392 296 quod
406 267 518 290 vocatur
540 262 634 290 Tutela
648 262 734 295 Jovis,
757 268 784 291 et
801 264 909 291 solven-

117 314 160 334 tur
176 307 314 342 signacula
340 314 491 343 portarum,
505 314 532 337 et
554 311 678 338 invenies
698 312 814 338 multum
835 311 905 338 auri.

116 353 184 379 Cum
205 357 235 380 tu
253 354 279 381 id
295 356 443 388 acceperis,
464 363 524 383 eme
541 356 706 384 frumentum
725 362 751 384 et
774 357 905 385 hordeum

117 397 299 430 Faustiuiani,
323 405 349 427 et
365 400 399 427 da
424 400 580 428 alimentum
606 402 758 436 egentibus.
786 401 906 436 Epipha-

116 445 178 472 nius
196 450 287 473 autem
305 446 352 473 ivit
374 447 500 482 protinus
515 449 541 474 in
558 449 699 483 templum,
722 453 749 476 et
771 457 831 476 cum
855 448 906 476 fuit

115 498 200 525 prope
221 491 374 526 ingressum
402 494 506 527 templi,
530 495 620 521 statim
639 494 794 522 ceciderunt
816 495 906 530 signa-

115 535 188 567 cula,
206 540 230 563 et
246 542 331 571 portae
347 542 448 572 apertae
464 543 538 566 sunt.
559 539 702 574 Ingressus
712 548 777 567 vero
789 540 906 575 Epipha-

115 581 179 609 nius
197 582 298 609 invenit
317 583 434 610 multum
457 585 527 612 auri.
553 585 621 612 Cum
645 594 677 613 ex
692 594 725 614 eo
749 594 816 621 ergo
831 594 907 614 acce-

115 626 210 659 pisset,
233 627 306 654 dedit
329 627 520 661 Faustiniano,
538 635 564 657 et
584 631 653 658 dixit
670 641 676 658 :
707 632 806 666 Accipe
827 640 907 667 pecu-

114 672 200 704 niam,
219 677 245 699 et
269 673 302 701 da
320 675 386 701 mihi
401 675 578 703 frumentum.
600 677 634 704 At
653 685 752 705 avarus
777 683 805 705 et
821 679 906 706 scele-

114 724 174 747 stus
196 720 392 750 Faustinianus
414 731 482 751 auro
504 730 615 759 aceepto
640 723 807 752 frumentum
835 733 906 760 pra:-

114 766 174 794 buit
191 767 242 802 ipsi
265 776 313 803 per
336 770 440 797 modios
463 775 565 797 ternos.
585 770 754 806 Epiphanius
770 776 860 798 autem
878 771 904 798 id

114 813 228 846 praebuit
239 813 431 848 indigentibus.
446 814 506 842 Non
522 815 681 843 defecerunt
695 824 760 851 ergo
771 817 903 850 pecuniae,

113 859 201 886 donec
218 860 385 895 Epiphanius
407 862 474 889 emit
495 863 598 895 omnia,
619 871 680 897 quae
699 863 814 889 habebat
829 862 902 889 Fau-
920 856 941 883 Β

113 905 251 932 stinianus
274 906 308 933 ad
324 907 495 934 alimentum.
524 908 647 943 Implevit
670 913 760 935 autem
788 907 902 943 Epipha-

113 950 176 977 nius
194 951 294 979 multas
308 952 404 979 domos
420 952 556 980 frumento
570 958 597 981 et
613 954 724 986 hordeo,
741 954 814 989 quod
828 962 902 981 eme-

113 1000 188 1023 rata
214 995 414 1025 Faustiniano:
440 1004 466 1026 et
494 999 542 1026 toti
568 1000 671 1027 civitati
699 1000 899 1035 suppeditavit,

113 1042 171 1070 sive
186 1043 278 1077 potius
292 1042 364 1070 Deus
379 1052 428 1079 per
442 1044 634 1080 Epiphanium.

150 1100 218 1128 LIV.
233 1100 395 1128 Defeceruut
405 1107 494 1128 autem
507 1109 577 1130 esca:
588 1102 614 1129 in
628 1102 710 1130 domo
720 1103 901 1137 Faustiniani,

112 1155 140 1179 et
155 1151 225 1178 inter
236 1159 332 1179 omnes
347 1152 471 1180 homines
480 1153 560 1180 lautae
569 1159 647 1180 erant
656 1154 751 1188 epulae,
760 1159 787 1181 et
800 1163 904 1190 magna:

112 1204 243 1239 angustias
251 1203 278 1230 in
287 1204 369 1231 domo
377 1203 557 1231 Faustiniani.
566 1204 652 1233 Malus
665 1213 730 1232 vero
736 1210 763 1233 et
770 1205 904 1234 violentus

112 1258 140 1281 et
156 1254 354 1283 immisericors
374 1253 579 1288 Faustinianus,
595 1255 725 1290 probrum
740 1264 800 1283 esse
816 1260 902 1289 ratus,

112 1307 190 1335 cibos
205 1306 298 1334 domui
316 1314 372 1334 suae
392 1312 483 1341 petere
497 1307 531 1334 ab
546 1306 708 1342 Epiphanio,
721 1315 783 1334 cum
795 1315 841 1334 sex
856 1307 904 1334 ha—

112 1357 189 1385 beret
197 1357 306 1392 propria
316 1357 435 1392 navigia,
447 1357 499 1384 alia
508 1364 617 1392 quoque
627 1357 749 1392 quinque
757 1357 901 1384 conduxit:

111 1410 140 1434 et
163 1414 226 1434 cum
241 1406 361 1434 dedisset
383 1406 515 1441 pecunias
539 1405 664 1441 Longino
684 1406 768 1433 totius
795 1405 904 1433 familiae

113 1465 171 1485 sua:
194 1457 364 1489 ﬁdelissimo,
390 1457 466 1484 misit
478 1464 540 1484 eum
567 1457 600 1484 ad
618 1457 762 1485 emendum
777 1456 900 1484 frumen-

113 1513 183 1536 tum.
197 1509 238 1536 llli
252 1514 342 1536 autem
361 1516 422 1536 cum
442 1509 618 1544 navigassent
645 1509 672 1536 in
689 1509 856 1540 Calabriam,
877 1513 904 1535 et

113 1562 283 1590 frumentum
312 1562 369 1590 illic
398 1562 520 1597 aliasque
554 1563 658 1597 species
683 1563 824 1596 emissent,
844 1566 905 1597 post

113 1619 172 1642 tres
186 1621 295 1642 menses
310 1615 476 1650 adnavigant
497 1615 523 1642 id
538 1615 680 1643 habentes.
707 1615 823 1642 Centum
839 1622 904 1642 vero

113 1665 210 1692 stadiis
232 1665 313 1700 longe
329 1673 345 1693 a
370 1666 541 1697 Constantia,
562 1674 594 1693 ex
609 1666 724 1693 adverso
745 1666 814 1700 ejus,
830 1665 904 1700 quod

113 1719 215 1746 dicitur
234 1719 452 1752 Dianeuterium,
467 1721 555 1746 oritur
570 1720 597 1746 in
613 1719 683 1746 mari
701 1719 819 1746 maxima
835 1723 903 1746 tem-

113 1777 217 1808 pestas,
234 1777 262 1800 et
272 1776 407 1799 venerunt
419 1773 445 1799 in
456 1772 608 1807 periculum
625 1779 706 1799 naves
720 1771 901 1804 Faustiniani,

113 1825 174 1853 qme
195 1817 344 1845 aﬂ‘erebaut
366 1817 546 1850 frumentum,
566 1821 709 1852 totumque
734 1817 902 1844 frumentum

113 1872 190 1891 mare
205 1864 239 1891 ad
252 1864 329 1892 littus
348 1864 464 1899 impulit.
491 1864 559 1891 Cum
586 1864 643 1891 haec
670 1869 759 1891 autem
773 1863 903 1890 audiisset

112 1910 353 1942 Faustinianus,et
367 1910 459 1937 statim
477 1911 510 1937 ad
526 1917 600 1937 mare
615 1910 787 1943 accessisset,
798 1914 826 1936 et
837 1917 903 1936 oeu-

113 1958 147 1985 lis
162 1957 274 1985 vidisset
302 1964 364 1991 quae
383 1956 453 1984 facta
478 1956 597 1988 fuerant,
625 1956 778 1991 sepulcrum
800 1956 903 1984 habens

113 2013 144 2033 os
162 2013 242 2032 suum
262 2010 400 2040 apertum,
426 2005 516 2032 statim
551 2005 634 2040 coepit
659 2005 810 2032 sceleratus
829 2005 902 2032 blas-

112 2053 242 2087 phemare
259 2052 287 2079 in
311 2051 493 2084 Altissimum,
517 2055 545 2078 et
560 2052 669 2086 probris
685 2056 811 2086 appetere
838 2051 902 2086 Epi-

112 2098 256 2133 phanium,
275 2098 370 2125 dicens
389 2097 472 2125 verba
493 2097 669 2132 hujusmodi:
686 2096 735 2124 Hic
755 2105 850 2132 magus
875 2101 902 2124 et

113 2144 206 2180 praedo
226 2152 280 2171 non
296 2144 384 2171 solum
418 2144 446 2171 in
463 2148 534 2171 terra
562 2142 700 2170 malefacit
715 2143 807 2170 domui
835 2150 902 2169 meae

113 2191 187 2217 omni
205 2195 326 2225 tempore
340 2199 347 2223 ;
366 2190 414 2218 sed
431 2190 513 2217 etiam
529 2190 557 2216 in
582 2197 656 2216 mare
675 2190 784 2216 mittens
800 2189 901 2216 dmmo—

113 2245 173 2269 nes,
187 2236 322 2271 prohibet,
341 2243 375 2263 ne
389 2235 560 2270 ingrediatur
576 2235 612 2267 id,
637 2234 709 2269 quod
724 2238 766 2261 est
783 2234 845 2261 usui
861 2234 902 2260 fa-

112 2283 195 2310 miliae
211 2290 286 2310 meae.
302 2281 324 2309 0
338 2283 400 2317 quis
415 2287 513 2309 ventus
527 2281 619 2308 emisit
633 2281 706 2308 hunc
721 2283 875 2314 praedonem
889 2280 901 2306 ?

112 2331 237 2365 Cumque
251 2330 308 2357 haec
323 2330 447 2360 dixisset,
466 2334 492 2356 et
507 2329 585 2364 plura
606 2328 659 2360 his,
681 2328 729 2355 ivit
743 2328 770 2354 in
787 2327 898 2354 domum

112 2383 192 2403 suam
208 2374 338 2402 minitans
354 2373 517 2409 Epiphanio.
533 2373 634 2400 Omnes
649 2377 750 2406 autem,
761 2373 807 2407 qui
821 2377 900 2399 erant

112 2422 270 2457 congregati
288 2421 316 2448 in
346 2421 464 2453 civitate,
481 2421 532 2448 viri
548 2425 575 2447 et
607 2420 745 2452 mulieres,
760 2427 814 2446 una
836 2427 899 2446 cum

112 2468 170 2495 suis
185 2467 290 2499 liberis,
306 2466 471 2501 colligebant
484 2466 663 2498 frumentum,
690 2470 718 2492 et
734 2465 856 2492 ferebant
872 2466 900 2492 in

111 2514 210 2542 domos
223 2520 298 2544 suas,
315 2516 512 2547 congregantes
527 2515 676 2546 sumptum,
699 2511 769 2538 alius
790 2512 900 2546 quidem

112 2560 195 2587 unius
210 2559 285 2591 anni,
303 2558 372 2585 alius
395 2565 462 2584 vero
486 2557 603 2584 duorum
618 2564 763 2584 annorum.
779 2557 900 2584 Habebat

111 2613 177 2634 vero
189 2605 384 2633 Faustinianus
400 2611 526 2637 uxorem,
543 2611 604 2638 quae
621 2603 736 2630 faciebat
748 2604 819 2631 bona
835 2611 900 2638 ope-

111 2660 153 2679 ra.
171 2651 231 2687 lpsa
244 2658 319 2686 ergo,
332 2649 465 2677 insciente
473 2648 664 2681 Faustiniano,
684 2649 758 2676 misit
769 2649 810 2676 bis
825 2648 900 2676 mille

111 2705 241 2726 nummos
265 2696 428 2733 Epiphanio,
452 2700 483 2722 ut
499 2694 593 2722 domui
614 2694 673 2729 ejus
700 2695 830 2730 praeberet
848 2695 899 2722 ali-

112 2748 216 2772 menta.
234 2743 308 2771 Dixit
325 2749 416 2771 autem
432 2741 541 2769 mulieri
557 2741 727 2776 Epiphanius
742 2751 748 2768 :
768 2740 840 2768 Tene
850 2748 898 2776 pe-

112 2790 222 2819 cuniam
239 2792 267 2818 in
286 2791 368 2818 domo
380 2795 438 2823 tua,
460 2794 487 2817 et
501 2788 594 2824 accipe
615 2788 728 2820 cibaria,
743 2789 843 2823 quibus
858 2788 899 2814 iu-

111 2837 208 2873 diges:
230 2841 257 2866 et
280 2837 389 2873 quando
407 2841 479 2865 terra
505 2835 673 2871 produxerit.
703 2839 766 2862 tunc
790 2834 898 2868 reddes,

921 1536 942 1565 C

962 218 1017 253 ναῷ
1030 218 1068 254 τῷ
1082 218 1241 254 καλουμένῳ
1253 218 1313 250 Διὸς
1322 218 1475 253 Ἀσφάλεια,
1485 219 1532 245 καὶ
1548 219 1708 254 λυθήσονται
1721 219 1745 245 α¹

960 264 1014 291 τῶν
1028 264 1118 300 Θυρῶν
1135 265 1296 301 σφραγῖδες·
1315 265 1362 291 καὶ
1381 264 1508 292 εἰσελθὼν
1535 265 1661 301 εὑρήσεις
1681 274 1742 300 χρυ-

962 310 1018 336 σίον
1039 309 1120 336 πολύ·
1147 309 1226 336 τοῦτο
1242 310 1332 336 λαὸὼν
1354 310 1490 345 ἀγόρασον
1517 310 1576 337 ὅλον
1601 310 1646 336 τὸν
1676 311 1746 337 σῖτον

959 355 1163 387 Φαυστινιανοῦ,
1179 356 1227 382 καὶ
1253 356 1302 391 τὴν
1324 356 1430 392 κριθὴν,
1448 357 1496 383 καὶ
1511 356 1555 388 δὸς
1574 357 1676 391 τροφὴν
1693 358 1746 388 τοῖς

959 402 1104 437 δεομένοις.
1114 403 1142 428 '0
1159 402 1222 436 γοῦν
1239 403 1397 437 Ἐπιφάνιος
1416 402 1550 438 ἐπορεύθη
1571 403 1599 428 ὲν
1620 402 1659 438 τῷ
1674 399 1729 437 ναῷ

959 449 1007 475 καὶ
1031 449 1068 480 ὠς
1085 449 1197 484 ἤγγισεν
1214 449 1281 484 πρὸς
1297 449 1346 484 τὴν
1362 449 1464 476 εἴσοδον
1486 449 1532 475 τοῦ
1553 449 1628 481 ναοῦ,
1647 449 1745 480 εὐθέως

959 494 1059 521 ἔπεσαν
1075 496 1103 522 αἰ
1121 496 1276 531 σφραγῖδες,
1297 496 1344 522 καὶ
1360 497 1388 522 αἱ
1403 495 1483 531 θύραι
1499 495 1683 530 ἠνεῴχθησαν,
1702 495 1745 521 καὶ

959 541 1086 567 εἰσελθὼν
1101 542 1269 576 Ἐπιῳάνιος,
1286 539 1364 577 εὗρεν
1378 542 1488 577 χρυσίον
1506 541 1584 568 πολύ.
1594 540 1690 567 Λαϐὼν
1700 538 1745 567 οὖν

959 586 1035 618 αὐτὸ,
1051 586 1079 619 ἐξ
1092 587 1172 613 αὑτοῦ
1185 586 1306 614 ἐπεδίδου
1320 587 1360 621 τῷ
1374 587 1558 622 Φαυστινιανῴ
1572 587 1657 620 λέγων
1669 596 1675 602 ·
1697 587 1744 613 Λάι

959 633 1000 664 ϐε,
1015 634 1092 668 φησὶ,
1109 634 1246 669 χρήματα.
1261 633 1307 660 καὶ
1323 633 1367 665 δός
1385 642 1429 668 μοι
1445 635 1527 660 σῖτον.
1537 634 1565 659 '0
1576 633 1604 659 δὲ
1619 633 1741 669 φιλοχρή-

961 687 1017 713 μιον
1039 679 1085 705 καὶ
1108 679 1234 715 ἀλάστωρ
1249 679 1456 711 Φαυστινιανὸς,
1474 679 1617 714 δεχόμενος
1632 680 1662 705 τὸ
1679 688 1745 715 χρυ-

960 725 1026 755 σίον,
1045 727 1159 761 παρεῖχε
1173 725 1247 760 αὑτῷ
1258 726 1303 752 τον
1320 727 1400 756 σῖτον,
1419 725 1490 751 κατὰ
1502 725 1585 760 τριῶν
1599 726 1707 760 μοδίων.
1716 727 1744 752 '0

958 769 986 796 δὲ
1011 770 1168 804 Ἐπιφάνιος
1196 772 1324 806 παρεῖχεν
1350 772 1421 797 σῖτον
1447 770 1552 806 ἑκάστῳ
1574 770 1628 797 τῶν
1651 771 1745 806 χρείαν

959 815 1084 850 ἐχόντων,
1099 816 1145 842 καὶ
1167 816 1216 842 οὐκ
1240 816 1377 847 ἐξέλειπον
1391 815 1425 841 τὰ
1445 816 1581 851 χρήματα,
1596 816 1647 847 ἕως
1662 814 1692 843 οὗ
1707 816 1746 849 ἐξ-

955 861 1089 896 ηγόρασεν
1108 862 1195 888 πάντα
1219 862 1252 888 τὰ
1279 861 1421 897 βρώματα,
1444 862 1461 888 ἃ
1488 863 1639 897 συνήγαγεν
1653 863 1746 889 ὁΦαυ-

957 907 1099 938 στινιανὺς,
1118 908 1164 933 καὶ
1178 907 1294 942 ἔπλησεν
1305 908 1396 938 οἴκους
1411 908 1524 939 πολλοὺς
1538 908 1697 942 Ἐπιφὰνιος
1709 908 1745 935 σί-

955 961 1013 985 του,
1027 953 1072 979 καὶ
1087 953 1195 989 κριθῆς.
1209 953 1263 980 τῶν
1274 953 1481 989 ἀγορασϐἑντων
1496 953 1572 989 παρὰ
1584 955 1744 980 Φαυστινια-

956 999 1001 1026 νοῦ
1039 1000 1083 1026 καὶ
1106 1001 1236 1035 παρεῖχεν
1258 1000 1333 1035 πάσῃ
1347 1001 1380 1035 τῇ
1398 1000 1482 1033 πόλει,
1496 1000 1596 1035 μᾶλλον
1611 1000 1639 1027 δὲ
1653 1002 1666 1027 ό
1680 1001 1745 1033 Θεὸς

956 1046 989 1072 δι’
1002 1046 1174 1080 Ἐπιφανίου.

991 1103 1052 1129 ΝΔ’.
1064 1103 1119 1129 Καὶ
1131 1101 1164 1138 ἦν
1173 1103 1273 1138 εὐωχία
1285 1104 1366 1129 πᾶσιν
1375 1102 1536 1138 ἀνθρώποις,
1553 1103 1600 1129 καὶ
1615 1100 1649 1138 ἧν
1661 1103 1744 1138 πολλὴ

958 1153 1087 1185 στένωσις
1103 1154 1132 1180 ἐν
1144 1153 1182 1189 τῷ
1200 1154 1267 1189 οἴκῳ
1277 1154 1480 1181 Φαυστινιανοῦ.
1500 1155 1528 1180 Ὀ
1546 1153 1574 1180 δὲ
1598 1154 1682 1185 κακὸς
1699 1154 1744 1180 καὶ

958 1205 1043 1240 βίαιος
1057 1204 1248 1236 Φαυστινιανὸς
1259 1204 1402 1236 στενωθεὶς
1412 1205 1457 1231 διὰ
1470 1205 1518 1240 τῆς
1527 1204 1744 1240 φιλοχρηματίας

957 1255 1050 1288 αὐτοῦ,
1069 1255 1147 1290 ὕϐριν
1166 1254 1315 1290 ἡγούμενος
1338 1255 1413 1292 παρὰ
1435 1255 1592 1289 Ἑπιφανίου
1612 1254 1744 1290 βρώματα

957 1306 1067 1341 αἰτῆσαι
1081 1305 1119 1340 τῷ
1139 1305 1205 1340 οἴκῳ
1221 1306 1314 1337 αὑτοῦ,
1331 1306 1410 1333 πλοῖα
1435 1306 1503 1341 ἔχων
1517 1306 1583 1335 ἴδια,
1596 1304 1744 1340 ἐξεμισθώ-

958 1365 1023 1383 σατο
1035 1357 1082 1383 καὶ
1102 1356 1184 1392 ἕτερα
1196 1355 1286 1387 πέντε,
1304 1356 1350 1382 καὶ
1365 1355 1453 1387 δὼσας
1474 1355 1599 1390 Λογγίνῳ
1614 1356 1744 1390 χρήματα

956 1407 995 1443 τῷ
1015 1407 1166 1441 πιστοτάτῳ
1177 1406 1268 1439 αὐτοῦ,
1286 1407 1439 1433 ἐπέστειλεν
1452 1408 1480 1433 ἐν
1505 1406 1657 1442 Καλαῆρίᾳ,
1671 1407 1744 1438 ὅπως

957 1458 1060 1484 ἐκεῖθεν
1085 1458 1224 1493 ὠνήσηται
1250 1458 1322 1484 σῖτον
1339 1458 1407 1493 πρὸς
1422 1457 1570 1492 διατροφὴν
1594 1455 1639 1482 τοῦ
1669 1456 1743 1482 οἴκου

959 1510 1051 1537 αὐτοῦ.
1073 1509 1295 1537 Ἐκπλευσάντων
1308 1509 1337 1535 δὲ
1358 1509 1411 1535 τῶν
1434 1509 1543 1542 πλοίων,
1567 1509 1613 1535 καὶ
1637 1509 1744 1544 πληρω-

960 1562 1060 1589 θέντων
1075 1563 1149 1589 σίτου
1161 1563 1208 1588 καὶ
1229 1562 1329 1598 ἑτέρων
1354 1561 1442 1592 εἰδῶν,
1462 1561 1506 1588 διὰ
1534 1561 1743 1597 τετραμηνιαίου

956 1616 1050 1651 χρόνου
1064 1615 1276 1651 παραπλέουσιν,
1293 1614 1399 1650 ἔχοντες
1411 1615 1456 1641 τὸν
1473 1615 1554 1646 σῖτον,
1572 1614 1626 1640 ἀπὸ
1642 1617 1665 1649 ρ’
1678 1621 1743 1639 στα-

955 1667 1019 1693 δίων
1040 1667 1089 1702 τῆς
1111 1666 1319 1698 Κωνσταντίας,
1346 1667 1476 1703 ἄντικρυς
1502 1666 1550 1693 τοῦ
1577 1665 1743 1700 καλουμένου

955 1719 1159 1755 Διανευτηρίου.
1177 1720 1232 1745 Καὶ
1246 1719 1350 1753 γίνεται
1364 1719 1463 1754 λαίλαψ
1489 1720 1576 1755 μέγας
1595 1720 1624 1745 ὲν
1648 1720 1680 1754 τῇ
1696 1718 1744 1745 θα-

955 1771 1053 1807 λάσσῃ,
1071 1772 1118 1798 καὶ
1132 1771 1321 1798 ἐκινδύνευσαν
1340 1772 1483 1808 ἀμφότερα
1494 1772 1528 1798 τὰ
1539 1772 1617 1798 πλοῖα
1630 1773 1743 1798 Φαυστι-

955 1817 1045 1844 για.νοῦ
1059 1817 1092 1843 τὰ
1105 1817 1151 1843 τὸν
1180 1819 1251 1844 σῖτον
1277 1818 1382 1853 ἔχοντα.
1399 1819 1453 1844 Καὶ
1476 1817 1582 1844 ἅπαντα
1610 1818 1655 1845 τὸν
1671 1819 1742 1844 σῖτον

955 1863 1128 1899 ὲξέὃρασενή
1146 1863 1267 1891 θάλασσα
1280 1864 1326 1890 ἐπὶ
1341 1864 1386 1890 τὸν
1401 1864 1532 1898 αἰγιαλόν.
1549 1864 1602 1890 Τοῦ
1623 1864 1650 1890 δὲ
1673 1864 1743 1889 Φαυ-

956 1909 1089 1936 στινιανοῦ
1103 1909 1270 1942 ἀκούσαντος
1288 1910 1385 1941 ταῦτα,
1412 1910 1514 1941 εὐθέως
1540 1909 1672 1944 κατῆλθεν
1697 1909 1743 1935 ἐπὶ

954 1955 1004 1990 τὴν
1019 1954 1166 1987 θάλασσαν,
1185 1955 1231 1981 καὶ
1247 1955 1306 1981 κατ’
1317 1954 1471 1990 ὀφθαλμοὺς
1486 1954 1568 1980 αὐτοῦ
1586 1953 1645 1980 ἰδὼν
1659 1954 1692 1980 τὰ
1705 1963 1743 1987 γι-

954 2001 1065 2036 νόμενα,
1083 2001 1167 2036 τάφον
1180 2000 1352 2036 ἀνεῳγμένον
1379 2000 1448 2036 ἔχων
1464 2000 1495 2026 τὸ
1521 1999 1616 2026 ἑαυτοῦ
1641 1999 1740 2034 στόμα,

954 2047 1056 2082 ἤρξατο
1070 2046 1170 2078 εὐθέως
1183 2047 1352 2082 βλασφημεῖν
1367 2045 1413 2072 τὸν
1435 2045 1565 2080 Ὕψιστον
1584 2045 1598 2070 ὀ
1614 2045 1741 2072 κακοδαί-

956 2101 1024 2128 μων,
1055 2092 1102 2118 καὶ
1130 2092 1270 2128 ἐπιφέρειν
1295 2091 1421 2123 τοιαύτας
1451 2090 1543 2127 ὕϐρεις
1572 2089 1740 2125 Ἐπιφανίῳ·

961 2138 1036 2169 Ἰδοὺ,
1052 2138 1144 2172 φησὶν,
1156 2138 1170 2164 ὁ
1188 2138 1274 2173 μάγος
1299 2134 1375 2168 οὗτος
1398 2138 1445 2164 καὶ
1466 2137 1594 2172 ὲπιθέτης
1608 2137 1639 2163 οὐ
1663 2137 1741 2172 μόνον

955 2184 1000 2210 ἐπὶ
1017 2184 1066 2219 τῆς
1083 2184 1168 2219 ξηρᾶς
1184 2183 1235 2219 γῆς
1248 2183 1354 2218 ἐνεργεῖ
1375 2182 1413 2217 τῷ
1427 2181 1494 2217 οἴκῳ
1511 2191 1560 2217 μου
1585 2182 1626 2213 εἰς
1657 2181 1740 2212 κακὰ,

916 2218 941 2247 D
954 2229 1020 2257 ἀλλὰ
1046 2218 1098 2256 καὶ
1120 2218 1170 2256 νὲπὶ
1186 2229 1235 2264 τῆς
1252 2228 1388 2262 θαλάσσης
1413 2227 1542 2263 δαίμονας
1559 2226 1740 2259 ἀποστέλλων,

952 2275 1096 2304 διακωλύει
1111 2275 1240 2302 εἰσελθεῖν
1255 2275 1284 2301 τὸ
1299 2275 1345 2301 ἐπὶ
1363 2274 1485 2309 διακονίᾳ
1510 2273 1557 2300 τοῦ
1571 2273 1638 2308 ἐμοῦ
1654 2273 1740 2300 οἴκου.

953 2322 988 2349 Ὦ
1004 2324 1078 2354 ποῖος
1092 2322 1192 2357 ἄνεμος
1206 2321 1359 2356 ἐξέπεμψεν
1375 2320 1468 2347 τοῦτον
1485 2320 1530 2346 τὸν
1546 2319 1673 2355 ἐπιθέτην
1699 2321 1742 2346 ὲν-

952 2369 1053 2401 adfatim;
1067 2369 1159 2395 Ταῦτα
1170 2367 1264 2399 εἰπὼν,
1282 2367 1330 2394 καὶ
1344 2367 1454 2394 πλείονα
1476 2366 1588 2398 τούτων,
1606 2366 1740 2402 ἐπορεύθη

953 2416 983 2442 ὲν
997 2415 1037 2450 τῷ
1052 2415 1118 2450 οἴκῳ
1130 2413 1211 2440 αὑτοῦ
1224 2413 1418 2448 ἀπειλούμενος
1430 2412 1592 2448 Ἑπιφανίῳ.
1604 2413 1740 2444 ’Ἅπαντες

953 2462 981 2489 δὲ
1001 2463 1025 2488 οί
1042 2462 1070 2488 ὲν
1086 2462 1118 2496 τῇ
1135 2461 1211 2487 πόλει
1228 2459 1404 2494 συναχθέντες
1418 2460 1523 2494 ἄνδρες,
1545 2459 1592 2485 καὶ
1602 2460 1738 2493 γυναῖκες,

955 2507 1022 2543 μετὰ
1038 2508 1084 2534 καὶ
1096 2507 1149 2533 τῶν
1161 2506 1265 2533 ἑαυτῶν
1278 2506 1380 2532 τέκνων
1402 2504 1569 2538 ἐπεσὺναγον
1594 2504 1639 2530 τὸν
1654 2505 1738 2534 σῖτον,

953 2554 999 2581 καὶ
1010 2552 1175 2588 ἀπεκόμιζον
1190 2553 1230 2584 εἰς
1245 2552 1308 2584 τοὺς
1323 2552 1413 2583 οἴκους
1438 2550 1541 2578 ἑαυτῶν
1555 2572 1562 2583 ,
1579 2549 1738 2583 συνάγοντες

951 2599 982 2625 τὸ
997 2599 1102 2625 ἑαυτῶν
1117 2598 1257 2633 ἀνάλωμα,
1270 2597 1300 2629 ὃς
1313 2597 1362 2633 μὲν
1372 2596 1506 2629 ἐνιαυτοῦ,
1516 2596 1545 2628 ὃς
1559 2596 1587 2622 δὲ
1600 2595 1646 2621 δύο
1659 2594 1737 2622 ἑτῶν.

953 2642 1031 2680 Εἷχεν
1045 2645 1073 2671 δὲ
1088 2644 1278 2675 Φαυστινιανὸς
1293 2644 1308 2669 ὁ
1320 2642 1492 2677 κακοδαίμων
1507 2642 1622 2676 γυναῖκα
1633 2640 1738 2676 χρηστὰ

953 2691 1020 2728 ἔργα
1035 2680 1222 2719 ἐπιτελοῦσαν.
1238 2689 1312 2724 Αὕτη
1323 2688 1369 2716 οὖν
1382 2689 1469 2724 λάθρα
1480 2688 1526 2715 τοῦ
1544 2687 1640 2722 ἀνδρὸς
1653 2686 1738 2721 αὐτῆς

952 2738 1111 2766 ἀπέστειλεν
1138 2737 1256 2771 δισχίλια
1284 2737 1438 2771 νομίσματα
1466 2734 1630 2768 Ἐπιφανίῳ,
1663 2733 1739 2764 ὅπως

953 2784 1063 2819 παρέξει
1080 2782 1183 2818 τροφὰς
1195 2782 1233 2818 τῷ
1249 2783 1315 2816 οἴκῳ
1332 2782 1425 2816 αὐτῆς.
1441 2779 1524 2808 Εἶπεν
1539 2780 1566 2807 δὲ
1579 2779 1738 2813 Ἐπιφάνιος

954 2831 1018 2864 πρὸς
1039 2830 1086 2862 τὴν
1098 2830 1228 2861 γυναῖκα”
1248 2828 1350 2864 Κράτει
1366 2828 1398 2855 τὰ
1412 2827 1566 2863 νομίσματα
1595 2827 1623 2852 ἐν
1645 2824 1683 2860 τῷ
1700 2823 1738 2861 σῷ
