1934 3029
193 118 229 146 93
841 127 870 155 s.
889 127 1059 156 EPIPIIANII
1081 129 1171 156 Vl'l'A.
1782 128 1816 154 ﬁt

196 179 272 216 οἴκῳ,
290 181 336 208 καὶ
354 181 418 208 λάϐε
432 182 551 214 δαπάνας
567 184 595 210 ἐν
608 183 645 218 τῷ
657 185 723 220 οῐκῳ
737 183 775 220 σῷ
786 193 792 200 ·
807 185 854 211 καὶ
868 185 931 211 ὅταν
943 185 977 212 τὰ

1032 193 1093 220 qure
1112 185 1260 220 acceperis.
1275 184 1320 212 Sic
1333 190 1423 212 autem
1452 185 1516 213 fecit
1547 193 1618 214 uxor
1634 185 1814 213 Faustiniani.

196 226 310 261 ἐκφόρια
324 226 461 262 πληρώσει
473 228 489 263 ἡ
506 228 552 263 γῆ,
566 229 626 255 τότε
638 229 709 264 ἆπερ
722 229 825 261 ἔλαϐες,
840 230 977 266 παρέξεις.
996 231 1050 258 Καὶ
1066 231 1194 267 ἐποίησεν
1207 231 1241 266 τῇ
1257 230 1365 264 γυναικὶ
1378 229 1463 262 οὕτως
1479 231 1527 264 (a).

230 273 293 300 NE’.
307 271 360 299 ’Ἦν
373 274 401 300 δὲ
415 282 457 305 τις
472 273 594 305 διάκονος
606 276 634 301 ὲν
648 274 687 310 τῷ
704 276 879 311 ὲπισκοπείῳ,
896 276 977 302 Σαΰῐ-

1063 276 1118 303 LV.
1135 277 1199 303 Erat
1218 277 1244 303 in
1259 276 1413 311 episcopatu
1429 276 1538 310 quidam
1558 276 1699 309 diaconus,
1726 277 1816 303 nomi-

197 326 240 349 νος
261 319 391 353 ὀνόματι,
411 319 480 354 ἔχων
512 321 679 355 ἐπιτήδευμα
705 321 751 348 τοῦ
785 321 979 357 καλλιγράφου.

196 359 281 394 Οὗτος
295 364 381 398 πρᾶος
395 363 526 399 ὑπῆρχεν,
545 365 590 390 καὶ
607 364 679 400 ὀρθῷ
698 364 747 400 βίῳ
765 365 980 400 κεκοσμημένος.

198 405 285 444 Ἦμεν
303 409 331 435 δὲ
341 410 365 435 οἱ
377 410 476 442 πάντες
493 411 604 445 μοναχοὶ
617 411 644 437 ἐν
656 411 694 446 τῷ
707 412 872 446 ἐπισκοπείῳ
888 411 982 446 ὀγδοή-

199 462 294 480 κονταε
312 451 389 485 οὗτος
412 456 426 481 ὁ
442 455 553 487 Σαϐῖνος
567 456 711 490 διέπρεπεν
739 456 769 482 ὲν
796 457 877 482 πᾶσιν
905 456 980 490 ἡμῖν.

198 497 297 526 Τοῦτον
312 501 467 534 Ἐπιφὰνιος
479 502 642 537 κατέστησεν
654 503 771 529 ἐκδικεῖν
785 501 819 528 τὰ
833 502 982 537 πράγματα

197 546 247 581 τῆς
264 545 434 581 Ἐκκλησίας.
461 547 530 574 Ποτὲ
552 545 598 574 οὖν
625 547 671 574 δύο
684 548 788 583 ἀνδρῶν
815 547 981 583 κρινομένων

198 590 272 626 παρὰ
290 591 411 623 Σαϐίνου,
426 591 484 623 ἐνὸς
497 592 634 624 πλουσίου,
651 593 698 619 καὶ
721 592 778 624 ἐνὸς
797 592 923 627 πένητος,
948 590 981 626 ἦν

197 637 212 662 ὸ
223 637 347 669 πλούσιος
365 637 463 672 μᾶλλον
482 637 550 672 ἔχων
561 637 595 664 τὰ
610 638 702 665 δίκαια
715 638 785 674 ὑπὲρ
801 639 846 664 τὸν
867 638 980 673 πένητα.

199 682 251 709 Τοῦ
265 680 311 709 οὖν
326 683 482 718 Ἐπιφανίου
498 684 613 715 ἑστῶτος
629 684 658 710 ὲν
673 684 748 719 τόπῳ
759 683 918 719 ἀποκρύιξῳ,
936 684 982 710 καὶ

197 728 377 760 ὲπακούοντος
392 729 442 763 τῆς
458 729 544 764 δίκης,
569 730 683 764 ἤκουσεν
708 729 820 756 Σαϐίνου
846 729 982 760 ἐλεοῦντος

199 775 308 810 μᾶλλον,
326 775 372 801 καὶ
389 775 517 810 ῥέποντος
533 775 580 801 ἐπὶ
589 775 634 802 τὸν
646 775 750 811 πένητα
770 776 798 802 ὲν
821 777 855 810 τῇ
883 775 980 810 κρίσει.

203 819 232 846 ’0
246 819 310 853 γοῦν
324 820 480 854 Ἐπιᾳὰνιος
491 819 575 846 ἐλθὼν
587 820 616 846 ἐν
631 820 670 855 τῷ
687 821 772 855 μέσῳ,
788 818 862 846 εἶπεν
877 820 982 854 Σαϐίνῳ

197 866 308 901 εὐμενεῖ
322 866 361 901 τῷ
379 866 532 901 προσώπῳ·
554 866 682 898 Ἀπελθε,
707 866 801 893 τέκνον
813 886 819 897 ,
837 866 982 901 καλλιγρά-

197 921 252 947 φει,
269 913 315 939 καὶ
330 913 440 948 μνήμην
454 912 523 947 ἔχων
536 912 589 939 τῶν
606 912 684 939 θείων
700 912 825 947 Γραφῶν,
844 913 920 946 γίνου
936 912 980 938 τέ-

1035 330 1069 349 ne
1084 322 1212 353 Sabinus,
1225 322 1304 356 cujus
1316 321 1436 348 studium
1449 325 1507 348 erat
1520 321 1632 356 pulchre
1645 321 1773 348 scribere.
1792 321 1817 348 ls

1035 373 1093 395 erat
1110 367 1278 399 moderatus,
1306 371 1333 393 et
1358 370 1432 393 recta
1450 367 1503 393 vita
1532 367 1672 401 praeditus.
1700 366 1817 394 Eramus

1035 418 1125 440 autem
1141 414 1166 440 in
1185 413 1340 447 episcopatu
1355 420 1450 439 omnes
1478 412 1602 439 monachi
1628 413 1774 447 octoginta.
1793 413 1816 439 Is

1036 463 1100 483 vero
1116 456 1234 483 Sabinus
1250 456 1399 483 excellebat
1417 456 1487 483 inter
1502 463 1608 483 omnes.
1623 455 1691 483 Eum
1715 457 1817 484 consti-

1036 501 1087 528 tuit
1099 502 1266 536 Epiphanius
1281 502 1397 536 primum
1412 501 1546 534 ecdicum,
1562 502 1612 529 hoc
1623 507 1673 535 est,
1689 502 1815 530 defenso-

1036 554 1092 574 rem
1112 546 1250 574 Ecclesiae.
1268 547 1335 574 Cum
1353 554 1417 574 vero
1445 547 1591 581 aliquando
1618 547 1672 574 duo
1693 547 1816 574 homines

1035 592 1106 627 apud
1123 592 1252 619 Sabinum
1265 592 1368 627 judicio
1383 592 1588 626 contenderent,
1604 601 1675 620 unus
1688 593 1772 625 dives,
1789 597 1817 619 ct

1035 643 1107 662 unus
1122 643 1234 670 pauper.
1252 636 1347 663 melior
1366 639 1424 663 erat
1442 637 1533 664 divitis
1546 644 1638 669 causa,
1653 645 1733 671 quam
1748 645 1816 671 pau-

1034 682 1119 716 peris.
1134 681 1201 709 Cum
1220 683 1301 717 igitur
1314 682 1482 718 Epiphanius
1496 683 1602 710 occulto
1618 684 1645 710 in
1663 683 1722 710 loco
1741 687 1817 710 stans

1032 728 1164 763 judicium
1190 729 1312 761 audiret,
1340 729 1425 755 sensit
1452 728 1583 755 Sabinum
1616 729 1642 755 in
1669 736 1814 762 pauperem

1035 774 1122 808 magis
1142 775 1319 808 propendere,
1341 775 1454 809 ejusque
1470 775 1604 802 misereri.
1629 775 1697 801 Cum
1727 775 1817 808 itaque

1035 820 1061 847 in
1090 821 1209 848 medium
1245 821 1361 848 venisset
1388 821 1564 855 Epiphanius,
1590 821 1689 848 Sabino
1711 821 1817 855 placido

1035 868 1109 895 vultu
1129 868 1196 895 dixit
1211 876 1218 894 ε
1235 867 1319 900 Vade,
1335 868 1382 899 ﬁli,
1397 874 1424 895 et
1434 868 1522 896 scribe
1538 874 1626 902 recte;
1639 874 1665 896 et
1681 871 1816 894 memento

1035 914 1178 941 verborum
1201 914 1367 945 divinorum,
1395 919 1421 942 et
1453 915 1491 942 sis
1508 915 1642 950 perfectus
1660 917 1686 944 in
1702 917 1816 953 judicio,

198 959 268 990 λειος
280 958 343 993 περὶ
364 958 411 993 τὴν
422 958 499 994 δίκην
510 968 516 974 ·
530 959 576 985 καὶ
591 959 637 985 ἔσο
648 959 754 985 ἀκούων
770 959 816 985 τοῦ
838 959 981 994 εὐεργέτου

1036 965 1060 987 et
1078 960 1173 987 audias
1188 960 1386 988 benefactorem
1405 961 1571 996 loquentem,
1584 968 1611 990 et
1630 963 1791 992 dicentem"
1808 975 1814 992 ι

198 1005 429 1040 προσφωνοῦντος,
445 1007 491 1032 καὶ
501 1006 624 1040 λέγοντος
635 1014 642 1022 ⁸
656 1008 685 1033 Μ
689 1006 704 1040 ὴ
715 1007 852 1038 ἐλεήσεις
864 1006 982 1039 πτωχὸν

197 1050 230 1076 ἐν
243 1052 350 1085 κρίσει,
366 1052 562 1086 καὶμὴλάϐῃς
570 1053 732 1086 πρόσωπον
740 1052 902 1079 δυνάστου.
917 1051 982 1077 Ἀπὸ

196 1099 256 1124 τότε
272 1096 318 1124 οὖν
331 1098 488 1133 Ἐπιφάνιος
505 1099 570 1125 πᾶσι
584 1100 639 1130 τοῖς
654 1098 880 1133 προσερχομένοις
891 1097 981 1123 ἐδίκα-

197 1145 254 1177 ζεν.
278 1145 344 1171 Ἀπὸ
358 1145 413 1180 γὰρ
430 1146 536 1180 πρωῖας
561 1145 613 1176 ἕως
640 1145 714 1180 ὥρας
730 1145 826 1179 ἐνάτης
849 1144 981 1178 ἐπήκουεν

197 1190 250 1216 τῶν
262 1190 439 1226 κρινομένων,
453 1191 500 1217 καὶ
514 1191 568 1217 ἀπὸ
581 1191 677 1226 ἐνάτης
693 1191 744 1222 ἕως
756 1190 826 1225 πρωῒ
838 1190 888 1215 οὐκ
902 1189 982 1215 ἐθεω-

198 1237 270 1272 ρεῐτᾶ
283 1246 336 1263 τινι.
351 1237 404 1263 τῶν
420 1237 582 1272 ἀνθρώπων.

231 1282 303 1316 NG’.
317 1281 370 1308 Ἦν
388 1282 416 1309 δέ
442 1291 483 1314 τις
499 1282 552 1308 τῶν
570 1282 690 1316 ἀδελφῶν
706 1283 734 1308 εν
748 1281 786 1316 τῷ
803 1280 978 1314 ἐπισκοπείῳ,

197 1328 293 1364 ἰταμὸς
310 1328 348 1364 τῷ
361 1328 507 1364 προσώπῳ⁷
520 1328 618 1363 τέχνην
633 1327 701 1362 ἔχων
712 1327 759 1353 καὶ
772 1326 851 1358 αὐτὸς
870 1326 918 1362 τὴν
934 1324 981 1351 τοῦ

197 1375 381 1410 καλλιγρὰφου
392 1383 400 1391 ·
419 1375 464 1401 καὶ
474 1374 558 1409 ονομα
573 1374 646 1408 αὐτῴ
663 1373 809 1406 Ῥουφῖνος.
822 1369 904 1401 Οὗτος
919 1379 981 1397 συν-

196 1422 317 1456 απήγετο
348 1419 541 1454 Φαυστινιανῷ,
559 1419 604 1446 καὶ
622 1418 680 1445 καθ’
695 1418 802 1453 ἡμέραν
815 1417 907 1452 ὕϐρεις
918 1415 982 1442 πολ-

196 1466 246 1498 λὰς
260 1466 390 1501 ἐπέφερεν
401 1465 562 1500 Ἐπιφανίῳ.
588 1464 616 1490 Ὁ
631 1464 659 1489 δὲ
673 1463 830 1497 Ἐπιφάνιος
842 1463 910 1498 μετὰ
919 1464 982 1490 πολ-

197 1512 246 1547 λῆς
273 1513 424 1548 πραότητος
447 1510 620 1538 κατέστελλεν
634 1510 664 1536 τὸ
679 1510 778 1544 θράσος
801 1508 894 1535 αὐτοῦ.
928 1509 982 1535 Καὶ

197 1560 257 1586 καθ’
269 1559 395 1585 ὑπόθεσιν
405 1558 432 1584 δὲ
445 1556 638 1584 Φαυστινιανοῦ
655 1557 701 1582 καί
715 1556 853 1590 ἐνέργειαν
866 1555 913 1581 τοῦ
925 1555 983 1581 δαί-

199 1614 278 1641 μονος
293 1604 338 1632 τοῦ
353 1605 444 1635 αὐτοῖς
466 1602 649 1638 ἐνεργοῦντος,
677 1601 805 1637 ἐζήτησεν
822 1598 897 1632 οὗτος
914 1601 981 1627 ἀπο-

199 1652 301 1678 κτεῖναι
318 1649 363 1676 τὸν
376 1649 542 1682 Ἐπιφάνιον,
556 1647 717 1682 συνθέμενος
736 1646 929 1677 ψαυστινιανὸς
945 1646 984 1680 τῷ

202 1697 322 1733 μοναχῷ,
335 1696 422 1730 λέγων
435 1695 503 1730 πρὸς
518 1695 598 1722 αὑτὸν
614 1695 627 1721 6
643 1693 826 1728 κακοδαίμων,
840 1693 881 1719 ὅτι
894 1701 900 1707 ·
921 1692 984 1719 Ἐὰν

198 1742 370 1778 ἀποκτείνῃς,
389 1741 466 1777 φησὶ,
484 1740 577 1767 τοῦτον
592 1740 637 1766 τὸν
653 1739 789 1774 ὲπιθὲτην,
804 1739 835 1765 σὺ
848 1738 901 1774 ἔσῃ
918 1738 985 1765 καθ-

199 1789 298 1823 ήμενος
317 1787 364 1813 ἐπὶ
388 1786 434 1812 τοῦ
458 1785 563 1820 θρόνου.
585 1782 668 1815 Οὗτος
693 1784 721 1809 δὲ
745 1784 759 1809 ὁ
789 1783 927 1816 Ῥουφῖνος
951 1780 984 1817 ἧν

198 1833 310 1867 ἔσχατος
322 1831 445 1862 διάκονος
456 1830 504 1865 τῆς
520 1829 684 1864 Ἐκκλησίας
695 1837 701 1844 ·
715 1827 775 1855 ὅθεν
796 1828 876 1859 αὐτὸς
891 1827 985 1854 εἴωθεν

198 1878 358 1912 ἐπικοσμεῖν
371 1877 416 1903 τὸν
429 1876 522 1911 θρόνον
547 1875 593 1901 τοῦ
613 1875 773 1900 ἐπισκόπου.
790 1873 886 1900 Λαϐὼν
912 1872 957 1899 οὖν
971 1874 985 1899 ὁ

198 1924 301 1959 θρασὺς
316 1923 363 1950 καὶ
375 1922 481 1954 ἀλαζὼν
508 1922 644 1957 μάχαιραν
658 1920 747 1953 ὀξεῖαν
771 1919 867 1954 ἔθηκεν
891 1918 985 1954 ὀρθίαν

199 1970 245 1997 ἐπὶ
272 1970 302 1996 τὺ
328 1969 449 2004 κάθισμα
474 1968 521 1994 τοῦ
538 1967 643 2003 θρόνου,
668 1966 714 1993 καὶ
728 1965 820 1992 ἐπάνω
842 1965 943 2000 ταύτης
955 1964 986 1991 τὸ

200 2015 354 2050 ἔφάπλωμα
368 2014 415 2040 τοῦ
435 2014 540 2048 θρόνου.
557 2011 610 2038 Τοῦ
620 2012 648 2038 δὲ
660 2011 819 2045 Ἐπιφανίου
845 2010 985 2045 μέλλοντος

199 2061 334 2096 καθῆσθαι
351 2061 397 2086 ἐπὶ
408 2060 454 2086 τοῦ
471 2059 577 2095 θρόνου,
591 2056 667 2084 εἶπεν
681 2057 749 2092 πρὸς
766 2057 811 2082 τὸν
827 2057 858 2082 τὸ
880 2055 985 2091 ἕνεδρον

199 2108 364 2142 ποιήσαντα”
379 2105 474 2142 τΑρον,
492 2106 568 2141 φησὶ,
583 2105 688 2135 τέκνον,
704 2104 735 2130 τὸ
759 2103 906 2138 σκέπασμα
932 2102 986 2129 ἀπὸ

200 2153 246 2181 τοῦ
260 2153 364 2189 θρόνου.
378 2152 431 2178 Τοῦ
446 2152 474 2178 δὲ
483 2152 550 2187 προς
558 2151 602 2176 τὸν
614 2150 692 2184 λόγον
701 2149 859 2182 Ἐπιφανίου
873 2148 910 2183 μὴ
938 2149 986 2174 ἑπ-

200 2198 418 2230 ακολουθοῦντος,
427 2196 678 2230 λαϐὼνῈπιφάνιος
692 2195 722 2221 τὸ
736 2194 868 2229 κάλυμμα
879 2193 909 2220 τὸ
926 2194 986 2219 ἐπι-

200 2242 336 2269 καλύπτον
347 2242 396 2277 τὴν
418 2242 562 2277 μάχαιραν,
578 2240 682 2267 ’ἔπεσεν
696 2240 712 2275 ἡ
730 2239 852 2274 μάχαιρα
867 2239 908 2270 εἰς
923 2239 986 2270 τοὺς

199 2288 282 2320 πόδας
298 2288 437 2323 Ῥουφίνου
451 2287 497 2315 τοῦ
514 2287 576 2323 [μὴ]
588 2286 710 2313 διακόνου
721 2306 728 2317 ,
749 2286 796 2312 καὶ
812 2285 931 2321 ἐνεπάγη
945 2286 985 2317 εἰς
1000 2301 1022 2328 D

202 2334 245 2362 τὸν
273 2334 359 2366 δεξιὸν
387 2333 468 2361 αὑτοῦ
484 2333 561 2360 πόδα.
589 2330 713 2359 Εἷπενδὲ
735 2331 892 2366 Ἑπιφάνιος
915 2331 984 2366 πρὸς

206 2380 344 2414 Ῥουφῖνον
356 2387 365 2396 ·
389 2379 508 2411 Παῦσαι,
523 2379 600 2413 φησὶ,
613 2378 664 2412 τῆς
677 2376 788 2409 ἀταξίας
806 2385 863 2408 σου,
879 2377 982 2408 τέκνον,

202 2426 307 2460 μήποτε
321 2425 368 2452 καὶ
382 2425 568 2460 κινδυνεύσῃς,
585 2424 615 2450 οὐ
645 2423 714 2458 μετὰ
736 2422 842 2458 χρόνον.
872 2421 982 2455 Ἔξελθε

200 2470 290 2496 τοίνυν
303 2470 357 2497 ἀπὸ
370 2470 419 2504 τῆς
433 2469 580 2505 ἐκκλησίας
589 2476 597 2484 ’
608 2469 637 2495 οὐ
654 2469 706 2504 γὰρ
723 2465 748 2494 εῐ
768 2468 841 2500 ἄξιος
866 2463 982 2504 μεταλα-

202 2516 259 2542 ϐεῖν
285 2516 339 2542 τῶν
362 2515 439 2542 θείων
457 2515 622 2551 μυστηρίων.
644 2513 774 2546 Ἐξελθὼν
797 2514 825 2540 δὲ
846 2514 983 2548 Ῥουφῖνος

202 2561 255 2588 ἀπὺ
269 2561 319 2596 τῆς
331 2561 488 2596 ἐκκλησίας,
505 2560 624 2596 ἀπῆλθεν
643 2561 671 2587 ἐν
691 2559 730 2594 τῷ
743 2560 920 2596 ὲπισκοπείῳ,
937 2562 984 2588 καὶ

1036 1005 1101 1033 Noli
1123 1006 1240 1033 misereri
1264 1007 1388 1040 pauperis
1408 1007 1436 1033 in
1451 1009 1569 1042 judirio,
1585 1012 1610 1035 et
1634 1018 1667 1036 ne
1693 1012 1816 1045 respicias

1034 1059 1173 1085 personam
1201 1051 1323 1084 palemis.
1340 1052 1381 1078 Ab
1396 1060 1428 1079 eo
1444 1053 1534 1088 itaque
1557 1059 1677 1088 tempore
1690 1057 1817 1084 erunibus

1034 1097 1080 1131 qui
1107 1097 1249 1123 veniebant
1274 1097 1406 1132 judicium
1436 1099 1563 1126 reddebat
1591 1100 1766 1135 Epiphanius.
1792 1103 1814 1129 A

1035 1142 1168 1169 matutina
1198 1143 1269 1169 enim
1290 1151 1375 1177 usque
1397 1144 1430 1170 ad
1452 1145 1545 1171 horam
1565 1153 1664 1173 nonam
1692 1148 1818 1179 audiebat

1034 1196 1093 1219 eos,
1108 1188 1154 1223 qui
1172 1188 1369 1223 disceptabant.
1387 1190 1428 1217 Ab
1442 1190 1508 1217 hora
1524 1199 1587 1218 vero
1601 1199 1670 1220 nona
1687 1201 1772 1228 usque
1783 1195 1817 1221 ad

1034 1237 1140 1268 tempus
1157 1235 1318 1262 matutinum
1332 1243 1348 1262 a
1367 1236 1441 1262 nullo
1461 1237 1601 1264 videbatur
1618 1240 1746 1273 amplius.

1069 1279 1137 1305 LV].
1154 1278 1219 1306 Erat
1231 1284 1320 1307 autem
1341 1288 1374 1307 ex
1394 1279 1535 1314 fratribus,
1551 1281 1598 1316 qui
1622 1287 1700 1310 erant
1717 1283 1743 1310 in
1762 1284 1819 1319 epi-

1035 1329 1160 1360 scopatu,
1185 1326 1294 1360 quidam
1311 1326 1428 1354 Ruﬁnus
1442 1328 1561 1360 nomine,
1586 1328 1665 1364 cujus
1691 1337 1735 1357 ars
1759 1334 1818 1357 erat

1034 1375 1107 1397 recte
1120 1371 1251 1403 scribere,
1271 1372 1346 1398 vultu
1365 1372 1516 1407 impudens.
1533 1372 1592 1400 Una
1605 1381 1667 1400 cum
1678 1382 1711 1402 eo
1725 1374 1817 1402 insur-

1035 1417 1114 1451 gebat
1129 1416 1334 1450 Faustinianus,
1351 1423 1377 1445 et
1393 1419 1514 1452 quotidie
1539 1419 1630 1446 multis
1645 1421 1818 1448 contumeliis

1034 1461 1169 1488 alliciebat
1188 1461 1379 1496 Epiphaninm.
1398 1462 1564 1498 Epiphanius
1580 1472 1644 1491 vero
1663 1473 1725 1492 cum
1741 1474 1816 1493 sum-

1035 1515 1079 1533 ma
1095 1508 1303 1535 mansuetudine
1316 1508 1376 1542 ejus
1394 1509 1556 1544 reprimebat
1577 1510 1729 1539 audaciam.
1748 1511 1817 1547 Sug-

1034 1553 1155 1586 gestione
1174 1558 1264 1581 autem
1288 1554 1468 1587 Faustiniani,
1494 1560 1521 1582 et
1544 1555 1675 1583 daemonis
1705 1558 1753 1591 qui
1776 1558 1817 1586 eis

1035 1606 1113 1633 opem
1131 1599 1243 1631 ferebat,
1261 1600 1283 1627 is
1301 1601 1427 1635 quaesivit
1448 1601 1599 1630 interﬁcere
1625 1602 1815 1638 Epiphanium,

1034 1653 1096 1673 cum
1126 1645 1320 1674 Faustinianus
1336 1647 1392 1674 haec
1405 1648 1487 1674 verba
1503 1648 1664 1675 contulisset
1678 1656 1740 1676 cum
1757 1657 1816 1675 mo-

1036 1692 1133 1724 nacho,
1150 1697 1177 1719 et
1200 1692 1224 1719 ei
1241 1692 1342 1720 diceret
1359 1692 1531 1720 cacodzemon
1545 1703 1551 1720 :
1570 1693 1598 1720 Si
1616 1693 1725 1721 occidas
1743 1701 1814 1728 pra:-

1034 1738 1145 1771 doncm,
1165 1738 1272 1765 sedebis
1300 1746 1381 1773 supra
1407 1730 1545 1765 thronum.
1578 1738 1628 1766 Hic
1644 1744 1733 1766 autem
1761 1745 1815 1767 tam

1036 1784 1136 1815 audax,
1151 1788 1178 1810 et
1194 1787 1249 1810 tam
1267 1784 1400 1816 insolens,
1424 1789 1483 1811 erat
1507 1789 1659 1818 postremus
1685 1784 1817 1812 diaconus

1036 1828 1184 1856 Ecclesiae:
1207 1829 1239 1856 ad
1255 1837 1335 1864 quem
1357 1829 1509 1864 pertinebat
1527 1837 1625 1857 ornare
1644 1829 1771 1856 thronum
1788 1838 1819 1857 e-

1036 1875 1150 1909 piscopi.
1165 1875 1232 1902 Cum
1248 1883 1313 1902 vero
1327 1875 1444 1909 gladium
1465 1879 1573 1903 acutum
1588 1876 1737 1910 accepisset
1758 1883 1817 1903 sec—

1036 1921 1148 1953 leratus,
1163 1921 1253 1956 posuit
1265 1929 1326 1948 eum
1343 1925 1444 1948 tectum
1459 1921 1485 1948 in
1508 1929 1540 1948 eo
1555 1922 1625 1954 loco,
1641 1922 1688 1948 ubi
1709 1922 1817 1949 sedetur

1036 1974 1117 2000 supra
1133 1967 1271 1998 thronum,
1281 1971 1307 1994 et
1321 1974 1404 2001 supra
1417 1975 1478 1994 eum
1488 1972 1576 1994 vestes
1587 1967 1731 2002 stragulas.
1747 1967 1815 1994 Cum

1035 2012 1118 2046 igitur
1135 2012 1302 2046 Epiphanius
1323 2012 1356 2038 ad
1377 2012 1468 2039 sedem
1494 2013 1660 2043 ascenderet,
1686 2013 1755 2039 dixit
1778 2014 1814 2046 ei,

1035 2058 1081 2092 qui
1101 2057 1203 2084 fecerat
1230 2057 1469 2090 insidiaszTolle,
1499 2057 1546 2088 ﬁli,
1574 2057 1646 2085 sedis
1675 2063 1815 2092 legumen-

1035 2107 1103 2130 tum.
1119 2102 1187 2130 Cum
1203 2103 1226 2130 is
1241 2108 1330 2130 autem
1346 2111 1399 2130 non
1424 2108 1531 2138 pareret
1552 2104 1642 2131 verbis
1662 2102 1815 2137 Epiphanii,

1036 2150 1140 2184 accepit
1153 2149 1324 2184 Epiphanius
1339 2155 1533 2184 tegumentum,
1553 2149 1625 2183 quod
1642 2149 1744 2184 tegebat
1762 2149 1818 2183 gla-

1035 2195 1121 2222 dium.
1140 2195 1251 2222 Gladius
1266 2203 1329 2222 vero
1347 2195 1446 2222 cecidit
1461 2196 1488 2222 in
1504 2195 1584 2229 pedes
1602 2194 1691 2221 Ruﬁni
1718 2195 1818 2229 (caco-

1034 2241 1164 2268 dtemonis
1195 2241 1297 2276 potius,
1327 2241 1428 2276 quam)
1458 2241 1577 2272 diaconi,
1605 2244 1631 2267 et
1655 2241 1756 2268 inﬁxus
1777 2247 1818 2268 est

1035 2287 1095 2322 ejus
1119 2287 1180 2322 pedi
1207 2287 1328 2315 dextero.
1357 2286 1482 2322 Dixitque
1506 2287 1672 2322 Epiphanius
1698 2287 1816 2314 Ruﬁno:

1036 2334 1119 2362 Cessa
1137 2334 1274 2369 deinceps,
1292 2342 1309 2362 ο
1323 2334 1370 2367 ﬁli,
1389 2334 1423 2361 ab
1444 2334 1599 2367 insolentia,
1614 2341 1649 2361 ne
1672 2335 1764 2361 venias
1790 2334 1817 2361 in

1036 2381 1200 2416 periculum,
1217 2388 1270 2407 non
1285 2387 1347 2415 post
1361 2381 1470 2415 longum
1490 2385 1606 2415 tempus.
1623 2380 1671 2407 Exi
1690 2381 1772 2416 igitur
1784 2382 1818 2407 ab

1035 2426 1149 2453 ecclesia
1166 2435 1174 2459 ;
1195 2433 1283 2461 neque
1306 2426 1378 2453 enim
1396 2427 1495 2461 dignus
1517 2433 1547 2453 es
1567 2426 1758 2453 communione
1773 2434 1818 2453 sa-

1037 2479 1146 2500 crorum
1160 2473 1363 2507 mysteriorum.
1382 2472 1497 2499 Ruﬁnus
1520 2477 1610 2499 autem
1634 2480 1760 2507 egressus
1772 2480 1818 2499 ec-

1037 2518 1130 2550 clesia,
1150 2519 1176 2546 in
1190 2519 1358 2554 episcopium
1385 2519 1463 2551 abiit,
1480 2523 1507 2546 et
1522 2519 1548 2545 in
1562 2519 1631 2546 lecto
1651 2526 1680 2546 se
1704 2526 1817 2552 compo-

1038 2572 1115 2595 nens.
1129 2569 1190 2599 post
1203 2564 1320 2592 triduum
1335 2570 1458 2592 mortuus
1471 2569 1524 2592 est.

202 2608 258 2640 θεὶς
270 2608 365 2635 ἑαυτὸν
381 2608 427 2634 ἐπὶ
441 2607 489 2642 τῆς
506 2607 609 2642 κλίνης,
627 2606 695 2642 μετὰ
705 2609 779 2642 τρεῖς
794 2608 900 2643 ἡμέρας
920 2611 1066 2638 κατέλυσεν
1084 2612 1128 2638 τὸν
1142 2612 1208 2647 βίον.

239 2656 299 2682 NZ'.
316 2655 383 2681 Κατ’
396 2655 498 2680 ἐκεῖνον
508 2654 536 2680 δὲ
547 2654 593 2680 τὸν
606 2654 709 2689 καιρὸν,
723 2653 769 2680 τοῦ
786 2654 915 2689 βασιλέως
922 2657 985 2683 Θεο-

204 2700 303 2731 δοσίου,
331 2700 380 2726 οὐκ
397 2697 455 2725 οἶδα
475 2698 546 2725 κατὰ
563 2699 641 2724 ποίαν
656 2698 790 2734 πρόφασιν
818 2698 985 2733 ἀλγήσαντος

242 2765 263 2781 "
281 2765 367 2792 Exod.
384 2773 462 2796 χχιιι,
479 2765 512 2797 5',
529 2764 592 2791 [λίην.
611 2765 724 2796 xnx,15.

243 2841 280 2877 (ιι)
301 2841 375 2877 Legit
390 2842 519 2877 interpres
538 2842 583 2868 ml.
598 2842 750 2877 ἐποίησενῆ
764 2841 829 2876 γυνὴ
845 2840 940 2871 οὕτως.

1076 2659 1153 2687 LVII.
1174 2659 1226 2687 Per
1240 2659 1305 2687 illud
1319 2663 1425 2694 tempus
1440 2666 1501 2685 cum
1521 2657 1689 2685 Theodosius
1705 2657 1818 2690 impera~

1038 2711 1081 2734 tor
1095 2706 1186 2734 nescio
1205 2713 1258 2740 qua
1274 2705 1418 2733 occasione
1431 2704 1566 2732 laboraret
1578 2703 1700 2738 pedibus,
1716 2702 1818 2729 inferne
