1934 3029
145 157 181 185 95

783 156 810 183 S.
833 155 1004 182 EPlPllANll
1024 155 1114 184 VITA.

1729 154 1763 182 96

144 221 206 241 eum
228 221 242 240 a
268 213 381 249 genibus
403 213 503 241 invasit
524 214 666 250 paralysis.
687 214 824 249 iacuitque
846 214 872 241 in
893 214 917 240 le

977 215 1039 245 τοὺς
1053 214 1145 245 πόδας,
1161 213 1215 240 ἀπὸ
1240 213 1293 240 τῶν
1310 213 1430 247 γονάτων
1455 212 1502 239 καὶ
1529 211 1604 239 κάτω
1627 213 1764 249 παρελύθη

144 264 188 286 cto
203 263 304 293 septem
332 260 484 287 mensibus.
500 259 524 287 Is
545 260 577 287 ad
603 260 783 295 Epiphanium
800 261 875 288 misit
900 261 927 287 in

143 303 273 339 Cyprum,
288 309 318 331 ut
329 305 433 331 veniret
455 305 481 331 in
498 306 608 340 regiam,
628 310 656 332 et
669 314 746 340 opem
764 306 845 333 ferret
863 307 926 334 sibi.

141 349 211 376 Cum
231 350 255 376 ei
275 354 364 377 autem
384 350 580 382 occurrissent,
599 351 645 386 qui
670 351 744 378 missi
766 351 873 378 fuerant
893 353 928 379 ab

143 393 318 428 imperatore,
332 395 466 431 urgebant
480 395 672 430 Epiphanium,
691 402 721 424 ut
734 398 819 425 exiret
833 402 927 425 eterra

142 438 316 475 Cypriorum.
333 440 372 468 Ex
395 449 448 475 qua
469 449 530 468 cum
550 449 618 476 opus
638 447 711 469 esset
730 443 767 469 illi
789 443 926 478 navigare,

143 492 238 512 omnes
259 484 356 512 fratres
382 487 519 513 malebant
542 487 622 520 mori,
647 495 727 522 quam
752 490 853 523 privari
876 496 927 516 suo

143 535 230 564 patre.
244 530 312 558 Cum
333 531 350 558 ii
375 537 477 564 autem,
500 533 547 567 qui
566 533 640 560 missi
660 534 767 562 fuerant
788 535 822 562 ab
842 536 928 570 impe-

142 581 245 610 ratore,
267 577 443 606 sollicitarent
460 578 652 613 Epiphanium,
674 585 704 608 ut
724 581 880 608 ascenderet
899 582 926 609 in

143 622 257 657 regiam,
278 623 345 651 dixit
368 625 408 652 eis
431 624 597 660 Epiphanius
614 635 621 653 :
642 626 690 658 Ite,
706 634 723 653 ο
744 627 802 659 lilii,
821 628 855 654 ad
876 628 928 655 im-

142 673 294 702 peratorem
306 678 312 700 ;
326 676 376 704 ego
391 670 463 697 enim
480 677 541 705 post
556 679 605 698 vos
622 673 738 700 veniam.
753 673 821 700 Cum
833 674 850 700 ii
863 682 927 702 vero

142 714 284 742 dicerent:
303 715 342 742 Ne
366 716 524 750 indigneris,
541 726 557 744 ο
574 717 670 745 Pater:
695 719 736 746 sic
757 719 828 747 enim
847 720 928 755 jussit

142 760 305 795 imperator;
328 769 376 789 nec
399 770 545 796 possumus
562 764 641 791 aliter
667 763 766 797 facere,
796 773 830 793 ne
859 766 927 794 forte

142 806 284 833 veniamus
302 807 327 833 in
349 808 510 841 periculum,
533 809 650 836 maxime
676 818 737 837 cum
756 815 876 845 aegrotet,
900 816 928 838 et

141 855 218 879 tuum
235 852 378 879 adventum
395 859 542 887 exspectet,
557 862 573 881 0
593 854 691 882 Pater:
708 856 749 882 vix
766 864 924 890 persuasum

141 902 183 924 est
204 897 362 932 Epiphanio,
388 904 416 926 ut
441 907 501 926 cum
517 901 557 928 eis
586 901 734 935 navigaret.
759 902 925 936 Epiphanius

142 943 250 978 itaque,
269 945 402 972 accersito
419 946 624 981 religiosissime
647 947 774 982 episcopo
800 948 924 980 Philone,

139 990 223 1025 jussit
239 998 300 1017 eum
316 999 410 1019 curam
426 1000 519 1028 gerere
535 994 706 1021 necessitatis
721 994 923 1022 ecclesiasticas.

141 1035 303 1071 Congregati
322 1041 386 1064 sunt
399 1042 489 1065 autem
509 1046 605 1066 omnes
622 1039 715 1066 Patres
730 1044 756 1066 et
770 1039 879 1073 fratres,
898 1044 924 1068 et

140 1082 188 1116 qui
204 1083 337 1110 catechesi
357 1083 473 1111 instituti
494 1084 602 1111 fuerant
614 1085 648 1111 ab
664 1084 813 1119 Epiphanio
827 1095 834 1112 ε
855 1093 924 1120 quos

140 1134 236 1155 onmes
260 1128 348 1156 valere
377 1129 529 1164 jussimus,
561 1135 587 1157 et
614 1131 803 1165 navigavimus
827 1131 860 1158 ad
886 1138 925 1157 re-

140 1171 223 1205 giam.
252 1171 336 1199 Nobis
357 1178 448 1200 autem
473 1174 603 1208 ingressis
641 1175 921 1210 Constantinopolim,

140 1215 199 1249 ipse
217 1217 417 1252 ingrediebatur
431 1227 492 1246 cum
516 1227 622 1246 summa
641 1221 732 1255 quiete
748 1225 774 1248 et
790 1222 924 1256 tranquil-

140 1260 225 1293 litate,
250 1270 332 1296 quam
346 1264 505 1291 ostendebat
521 1265 659 1297 omnibus,
677 1266 778 1300 quibus
795 1274 922 1294 oecurre-

139 1305 195 1332 bat.
216 1305 281 1334 Erat
298 1307 380 1343 igitur
394 1307 564 1336 Theodosius
591 1309 738 1344 imperator
761 1317 852 1338 mulus
869 1320 923 1344 prae

139 1351 343 1387 dolore,jaeens
358 1353 384 1380 in
393 1354 473 1381 lecto.
483 1354 627 1389 Postquam
638 1360 727 1382 autem
737 1358 850 1384 accessit
859 1357 922 1392 Epi-

139 1397 254 1432 phanius
263 1399 295 1425 ad
304 1399 504 1434 imperatorem,
521 1402 666 1436 imperator
679 1403 746 1429 dixit
757 1403 921 1438 Epiphanio,

138 1440 253 1469 Preeare
265 1450 314 1477 pro
328 1452 382 1476 me,
393 1443 483 1477 Pater,
501 1451 530 1472 ut
545 1446 728 1474 benevaleam.
748 1447 820 1476 Dixit
832 1454 919 1476 autem

138 1487 322 1524 Epiphanius:
335 1490 395 1523 Fili,
409 1491 488 1519 crede
500 1491 648 1524 Crueilixo,
670 1499 697 1520 et
713 1494 825 1522 habebis
846 1495 920 1521 sani-

137 1538 230 1561 tatem.
246 1535 319 1563 Habe
329 1536 387 1563 sine
399 1537 600 1566 intermissione
608 1539 692 1566 Deum
707 1540 733 1567 in
745 1545 807 1567 voto
823 1545 880 1572 tuo,
894 1548 920 1568 et

137 1587 217 1607 omne
232 1581 332 1608 malmn
348 1582 386 1609 tui
401 1591 454 1609 non
472 1583 668 1611 dominabitur.
684 1585 811 1613 Miserere
823 1594 917 1613 eorum

136 1626 183 1661 qui
192 1626 356 1662 afﬂiguntur.
366 1635 393 1656 et
402 1628 532 1657 Dominus
541 1631 579 1657 tui
590 1631 772 1658 miserebitur.
783 1631 848 1659 Esto
859 1637 920 1659 tan-

137 1679 219 1706 quam
236 1680 292 1704 rex,
307 1673 352 1708 qui
366 1675 481 1702 honorat
499 1683 560 1702 eum
585 1676 630 1710 qui
643 1676 688 1703 dat
705 1677 728 1703 ei
745 1682 918 1711 potestatem.

140 1721 168 1744 et
180 1717 239 1753 ipse
253 1719 362 1753 adjiciet
377 1719 424 1746 tibi
441 1720 571 1755 majorem
592 1722 716 1756 gratiam.
739 1722 809 1749 Cum
829 1729 918 1750 autem

140 1762 308 1799 Epiphanius
323 1765 379 1793 haec
392 1766 505 1794 dixisset
518 1767 686 1801 imperatori.
701 1772 728 1795 et.
739 1769 762 1796 ei
772 1770 919 1804 appropin-

137 1815 260 1844 quasset,
274 1815 301 1838 et
316 1812 449 1846 tetigisset
461 1813 521 1848 ejus
534 1814 751 1849 pedes,eumque
761 1819 801 1842 ter
817 1816 920 1850 signas-

136 1859 187 1887 set,
202 1856 270 1883 dixit
286 1857 310 1884 ei
326 1867 332 1884 :
350 1857 411 1890 Fili,
423 1866 504 1893 surge
521 1867 536 1886 e
563 1859 644 1886 lecto.
670 1860 732 1887 llmc
754 1869 815 1888 eum
834 1861 919 1895 impe-

135 1906 212 1928 rator
228 1902 360 1930 audiisset
381 1904 414 1930 ab
429 1904 593 1938 Epiphanio,
610 1906 729 1933 surrexit
746 1914 761 1933 a
782 1907 853 1934 lecto
873 1915 919 1934 su-

137 1955 186 1982 pra
204 1949 297 1982 pedes,
314 1938 382 1976 nihil
396 1950 508 1977 omnino
524 1951 626 1978 habens
648 1952 723 1978 mali.
738 1951 812 1978 Dixit
827 1957 917 1980 autem

134 1993 282 2029 imperator
293 1994 443 2031 Epiphanio
458 2006 464 2023 :
483 1996 573 2029 Pater,
592 1998 657 2024 mihi
675 2006 782 2033 semper
803 1999 917 2033 jubeto,

133 2043 162 2066 et
181 2047 230 2075 ego
255 2045 300 2067 tua
311 2041 386 2075 jussa
403 2049 550 2077 exsequar.
565 2043 640 2070 Dixit
656 2042 824 2078 Epiphanius
839 2053 845 2071 :
862 2044 917 2071 lla-

134 2085 199 2113 beas
215 2086 261 2113 Dei
278 2088 358 2114 verba
379 2088 406 2115 in
420 2089 511 2116 animo
528 2094 592 2121 tuo,
609 2095 636 2116 et
651 2097 705 2116 non
722 2098 790 2124 opus
804 2091 916 2118 habebis

133 2130 295 2166 Epiphanio.
310 2133 379 2160 Cum
400 2134 457 2161 hanc
477 2139 583 2168 autem,
600 2140 628 2162 et
645 2135 687 2162 his
705 2136 782 2170 plura
797 2136 915 2170 impera-

132 2177 185 2204 tori
199 2178 311 2205 dixisset
326 2177 492 2213 Epiphanius
502 2199 509 2210 ,
523 2180 597 2206 venit
611 2185 717 2214 tempus
739 2175 858 2215 prandii.
873 2181 917 2208 Di-

934 1563 954 1591 C

978 259 1037 284 ὅλον
1051 259 1081 285 τὸ
1093 258 1174 294 μέρος
1189 259 1287 292 ἐκεῖνο,
1303 258 1350 284 καὶ
1362 255 1395 292 ἧν
1409 257 1534 292 κείμενος
1548 256 1594 282 ἐπὶ
1609 256 1656 291 τῆς
1671 257 1764 292 κλίνης

979 304 1174 339 ἑπταμηνιαῖον
1189 304 1294 339 χρόνον.
1316 299 1400 334 Οὗτος
1415 302 1573 329 ἀπέστειλεν
1591 301 1659 337 πρὸς
1688 303 1763 328 Ἐπι-

978 350 1072 384 φάνιον
1087 351 1132 376 ἐπὶ
1144 351 1194 385 τῆς
1212 349 1353 384 Κυπρίων,
1367 349 1439 379 ὅπως
1451 347 1548 383 ἀνέλθῃ
1562 347 1608 373 ἐπὶ
1621 347 1670 382 τὴν
1688 347 1764 381 βασι-

978 395 1037 421 λίδα
1047 395 1252 422 Κωνσταντίνου
1265 394 1341 421 πόλιν
1350 415 1357 423 .
1369 395 1442 425 ὅπως
1455 393 1581 428 βοηθήσει
1592 393 1762 428 ὀδυνωμένῳ.

978 441 1033 467 Καὶ
1046 441 1078 476 δὴ
1095 441 1319 476 καταντησάντων
1330 440 1383 466 τῶν
1397 439 1606 474 ἀπεσταλμένων
1626 438 1700 473 παρά
1716 438 1763 464 τοῦ

978 486 1119 522 βασιλέως,
1130 487 1275 513 διεκώλυεν
1286 487 1332 513 τὸν
1360 486 1517 520 Ἐπιφάνιον
1532 485 1562 512 τὸ
1584 485 1621 520 μὴ
1646 483 1762 517 ἐξελθεῖν

977 532 1031 559 ἀπὸ
1049 533 1097 568 τῆς
1113 532 1241 568 Κυπρίων
1256 534 1273 568 ἡ
1286 532 1374 567 θλίψις
1389 533 1436 558 καὶ
1445 532 1479 558 τὰ
1488 531 1593 566 δάκρυα
1611 530 1664 557 τῶν
1685 530 1760 557 ἀδελ-

977 578 1044 612 φῶν.
1064 578 1128 604 "(ita
1150 578 1204 614 γὰρ
1216 578 1339 610 ὲξέπλεεν
1355 578 1408 604 ἀπὸ
1421 578 1470 613 τῆς
1486 577 1629 612 Κυπρίων,
1644 577 1762 607 ἅπαντες

976 623 1001 648 οἱ
1014 622 1122 657 ἀδελφοὶ
1133 622 1245 649 θάνατον
1261 622 1485 658 προσεκαλοῦντο.
1497 622 1557 648 Τῶν
1574 621 1603 648 δὲ
1626 621 1762 648 ἀπεσταλ-

979 667 1066 702 μένων
1082 668 1157 702 παρά
1170 667 1216 695 τοῦ
1233 668 1365 703 βασιλέως
1378 668 1594 694 ὲπισπευδόντων
1615 667 1661 694 τὸν
1687 667 1762 694 Ἐπι-

977 712 1082 746 φάνιον,
1096 713 1170 745 ὅπως
1195 714 1292 749 ἀνέλθῃ
1313 714 1359 740 ἐπὶ
1373 714 1422 748 τὴν
1435 713 1570 749 βασιλίδα,
1591 713 1682 747 ἔλεγεν
1694 713 1762 748 πρὸς

977 760 1073 791 αὐτοὺς
1095 760 1252 794 Ἐπιφάνιος
1264 768 1270 774 ·
1289 759 1451 795 Πορεύεσθε,
1462 760 1555 791 τέκνα,
1569 759 1637 795 πρὸς
1648 759 1693 785 τδν
1713 759 1762 793 βα-

977 805 1064 836 σιλέα,
1085 805 1162 839 κάγὼ
1182 805 1334 841 πορεύομαι
1352 805 1515 832 κατόπισθεν
1537 804 1623 839 ὑμῶν.
1650 803 1709 830 Τῶν
1734 803 1763 829 δὲ

975 850 1123 884 λεγόντωψ
1139 851 1183 885 Μὴ
1191 851 1311 886 ὀργίζου,
1327 851 1426 886 Πάτερ,
1441 851 1481 877 ὅτι
1496 850 1618 881 κέλευσις
1631 849 1762 884 βασιλέως

979 896 1061 927 ἐστὶν,
1078 897 1125 923 καὶ
1140 897 1170 923 οὐ
1187 896 1324 931 δυνάμεθα
1342 896 1452 931 ποιῆσαι
1466 896 1562 928 ἄλλως,
1580 897 1682 931 μήποτε
1706 904 1762 921 κιν-

977 942 1158 977 δυνεύσωμεν,
1180 942 1295 978 μάλιστα
1313 944 1342 968 ἐν
1355 942 1494 978 ἀρρωστίᾳ
1518 942 1592 973 ὁντος
1618 942 1664 968 τοῦ
1687 942 1762 976 βασι·

978 987 1054 1019 λέως,
1066 989 1112 1015 καὶ
1127 989 1339 1023 προσδεχομένου
1352 988 1400 1024 τὴν
1415 989 1463 1023 σὴν
1474 988 1613 1022 ἀγγελίαν,
1628 987 1650 1014 ὦ
1660 988 1760 1023 Πάτερ·

980 1034 1054 1069 μόλις
1070 1035 1181 1061 ἔπεισαν
1194 1035 1239 1061 τὸν
1256 1035 1414 1068 Ἐπιφάνιον
1432 1034 1561 1060 ἀποπλεῖν
1577 1035 1635 1068 μετ’
1661 1033 1759 1060 αὐτῶν.

983 1081 1011 1106 ’0
1021 1081 1085 1115 γοῦν
1098 1081 1254 1115 Ἐπιφάνιος
1267 1081 1510 1116 μεταστειλάμενος
1527 1080 1573 1107 τὸν
1588 1079 1760 1114 θεοφιλέστα-

975 1135 1021 1152 τον
1033 1127 1179 1153 ἐπίσκοπον
1191 1126 1306 1158 Φίλωνα,
1323 1127 1471 1162 ἐπέτρεψεν
1487 1126 1560 1161 αὐτῷ
1572 1125 1619 1161 τὴν
1634 1125 1761 1160 φροντίδα

977 1171 1109 1197 ποιεῖσθαι
1126 1172 1174 1206 τῆς
1200 1172 1430 1206 ἐκκλησιαπικῆς
1457 1171 1561 1206 χρείας.
1586 1170 1761 1206 Συνήχθησαν

976 1215 1022 1242 οὖν
1044 1217 1162 1248 ἅπαντες
1172 1218 1195 1243 oi
1212 1218 1342 1252 Πατέρες,
1359 1218 1404 1244 καὶ
1429 1218 1547 1252 ἀδελφοὶ,
1564 1218 1612 1244 καὶ
1641 1225 1761 1252 κατηχη-

976 1262 1067 1294 θέντες
1082 1263 1158 1298 παρὰ
1172 1265 1344 1298 Ἐπιφανίου·
1362 1264 1544 1299 ἢσπασάμεθα
1571 1265 1702 1294 ἅπαντας,
1714 1262 1760 1289 καὶ

975 1309 1188 1344 ἀπεπλεύσαμεν
1205 1311 1250 1336 ἐπὶ
1274 1310 1323 1346 τὴν
1344 1310 1474 1345 βασιλίδα.
1505 1310 1686 1337 Εἰσελθόντων
1713 1307 1759 1336 οὖν

975 1355 1051 1390 ἡμῶν
1062 1356 1090 1382 ἐν
1104 1356 1307 1383 Κωνσταντίνου
1320 1356 1406 1388 πόλει,
1422 1355 1574 1391 ἀνηγγέλθη
1592 1355 1631 1390 τῷ
1655 1355 1760 1390 βασιλεῖ

974 1402 990 1436 ἠ
1005 1401 1138 1436 παρουσία
1151 1401 1319 1435 Ἐπιφανίου.
1331 1401 1384 1427 Τοῦ
1395 1401 1423 1427 δὲ
1439 1401 1570 1435 βασιλέως
1584 1401 1759 1431 κελεῡσαντος

974 1447 1086 1473 εἰσιέναι
1101 1448 1174 1482 ἡμᾶς
1191 1448 1218 1473 ἐν
1232 1449 1287 1479 τοῖς
1300 1447 1455 1482 βασιλείοις,
1477 1447 1582 1473 ἔϐαινεν
1602 1447 1759 1480 Ἐπιφάνιος

974 1493 1002 1519 ἐν
1015 1493 1099 1528 πολλῇ
1116 1495 1291 1520 καταστάσει.
1309 1492 1362 1520 7Hv
1381 1493 1409 1520 at
1433 1495 1448 1519 ὑ
1474 1493 1598 1528 βασιλεὺς
1619 1492 1759 1524 Θεοδόσιος

975 1540 1011 1575 μὴ
1024 1540 1170 1574 δυνάμενος
1196 1540 1311 1574 λαλῆσαι
1328 1540 1381 1566 ἀπὸ
1392 1539 1441 1574 τῆς
1458 1540 1611 1575 ἀλγηδόνος.
1634 1539 1758 1574 κείμενος

974 1586 1021 1611 ἐπὶ
1035 1586 1084 1620 τῆς
1105 1586 1209 1621 κλίνης.
1240 1587 1283 1617 Ὡς
1299 1584 1344 1613 οῦν
1361 1587 1471 1622 ἤγγισεν
1488 1586 1645 1620 Ἐπιφάνιος
1662 1585 1700 1620 τῷ
1714 1584 1758 1620 βα-

975 1631 1052 1663 σιλεῖ,
1068 1630 1143 1658 εἶπεν
1162 1634 1176 1658 ὁ
1189 1632 1314 1666 βασιλεὺς
1330 1633 1396 1668 πρὸς
1412 1632 1568 1665 Ἑπιφάνιον
1581 1640 1587 1646 ·
1607 1630 1688 1663 Εὖξαί
1701 1639 1756 1666 μοι,

973 1677 1073 1712 Πάτερ,
1088 1678 1162 1708 ὅπως
1177 1678 1299 1712 ὑγιαίνω.
1316 1675 1398 1703 Εἶπεν
1410 1677 1437 1703 δὲ
1456 1677 1613 1711 Ἐπιφάνιος
1629 1676 1668 1712 τῷ
1682 1676 1758 1711 βασι-

973 1722 1029 1748 λεῖ·
1055 1723 1178 1755 Πίστευε,
1204 1723 1308 1754 τέκνον,
1323 1723 1360 1758 τῷ
1387 1724 1596 1758 ἐσταυρωμὲνῳ,
1612 1723 1658 1749 καὶ
1687 1722 1757 1754 ἕξεις

971 1769 1074 1804 ταύτην
1092 1770 1279 1801 ἀδιαλείπτως.
1301 1770 1365 1804 Ἔχε
1389 1770 1434 1796 τὸν
1452 1770 1517 1796 Θεὸν
1535 1770 1603 1796 κατὰ
1623 1769 1694 1800 νοῦν,
1710 1769 1756 1796 καὶ

972 1816 1056 1842 κακὸν
1067 1816 1097 1842 οὗ
1112 1816 1250 1852 κυριεύσει
1269 1824 1325 1842 σου.
1344 1815 1421 1841 Γίνου
1445 1815 1568 1851 ἐλεήμων
1590 1817 1645 1846 τοῖς
1668 1814 1756 1841 θλιόο-

973 1861 1073 1895 μένοις,
1091 1862 1138 1887 καὶ
1154 1862 1202 1897 ἔσῃ
1222 1861 1372 1896 ἠλεημένος
1384 1862 1437 1888 ὑπὸ
1460 1861 1536 1888 Θεοῦ.
1554 1861 1631 1888 Γίνου
1654 1861 1690 1892 ὡς
1709 1861 1755 1895 βα-

972 1906 1062 1938 σιλεὺς
1076 1907 1162 1942 τιμῶν
1175 1908 1219 1934 τὸν
1233 1908 1312 1934 δόντα
1332 1917 1373 1934 σοι
1388 1908 1437 1943 τὴν
1456 1907 1578 1940 ἐξουσίαν
1589 1927 1596 1939 ,
1613 1908 1660 1934 καὶ
1675 1908 1755 1938 αὐτὸς

970 1952 1050 1979 δώσει
1065 1961 1105 1979 σοι
1121 1953 1229 1980 πλείονα
1245 1954 1335 1989 χάριν.
1350 1954 1405 1980 Καὶ
1430 1954 1516 1980 ταῦτα
1541 1953 1626 1980 εἰπὼν
1640 1953 1755 1987 Ἐπιφά-

970 2006 1025 2029 νιος
1037 1999 1075 2034 τῷ
1091 1999 1203 2033 βασιλεῖ,
1230 2000 1352 2033 ἐγγίσας,
1378 2000 1425 2026 καὶ
1450 2000 1587 2034 ἁψάμενος
1601 1999 1683 2025 αὑτοῦ
1699 1999 1753 2025 τῶν

971 2043 1068 2072 ποδῶν.
1092 2044 1138 2070 καὶ
1155 2044 1308 2079 σφραγίσας
1324 2045 1403 2071 αὑτὸν
1424 2045 1513 2079 τρίτον
1537 2043 1613 2070 εἶπεν
1639 2044 1753 2078 Ἐπιφά-

970 2097 1025 2120 νιος
1040 2089 1079 2124 τῷ
1095 2089 1214 2124 βασιλεῖ·
1229 2091 1355 2122 Ἀνάστα,
1374 2091 1477 2121 τέκνον,
1495 2091 1570 2126 φησὶ,
1582 2091 1631 2125 τῆς
1648 2090 1751 2126 κλίνης

970 2134 1106 2160 πέπαυται
1129 2135 1182 2170 γὰρ
1198 2135 1212 2160 ὁ
1238 2135 1317 2167 πόνος
1342 2136 1396 2162 ἀπὸ
1417 2136 1471 2162 τῶν
1487 2136 1583 2162 ποδῶν.
1611 2135 1703 2162 Ταῦτα
1725 2136 1753 2162 δὲ

968 2179 1086 2211 ἀκούσας
1101 2180 1115 2206 ὁ
1133 2180 1257 2215 βασιλεὺς
1273 2181 1373 2213 εὐθέως
1389 2182 1488 2217 ἀνέστη
1509 2182 1563 2208 ἀπὸ
1581 2182 1630 2216 τῆς
1644 2181 1750 2216 κλίνης,

133 2223 174 2249 xit
190 2231 253 2258 ergo
266 2223 432 2258 Epiphanius
443 2225 615 2260 imperatori:
633 2225 715 2254 Vade.
729 2226 776 2258 lili,
793 2227 825 2253 ad
842 2235 916 2253 men—

972 2225 1052 2260 μηδὲν
1064 2227 1146 2252 κακὸν
1161 2226 1228 2260 ἔχων
1239 2226 1285 2253 ἐπὶ
1300 2227 1361 2258 τοὺς
1379 2227 1459 2258 πόδας
1479 2227 1570 2254 αὐτοῦ.
1591 2225 1674 2253 Εἶπεν
1687 2227 1714 2254 δὲ
1737 2228 1751 2253 ό

133 2276 203 2301 sam,
214 2273 241 2295 et
255 2269 397 2297 benedices
410 2270 584 2298 benefactori.
603 2270 667 2298 Erat
684 2276 774 2298 autem
792 2271 914 2306 Epipha-

133 2314 195 2341 nius
207 2314 312 2348 lepidus
330 2320 356 2342 et
375 2316 507 2349 urbanus,
525 2321 552 2344 et
561 2317 662 2344 habens
680 2325 832 2345 sermonem
848 2325 915 2345 con-

133 2359 218 2386 ditum
242 2360 333 2388 divina
352 2362 448 2395 gratia.
472 2362 505 2389 Et
526 2363 635 2398 quando
652 2363 678 2390 in
697 2365 822 2391 morbum
845 2365 907 2399 qui-

133 2405 193 2432 dem
211 2405 302 2433 Romaz
318 2407 411 2435 incidit
423 2408 476 2434 ﬁlia
491 2408 647 2443 Theodosii,
663 2414 728 2437 tunc
744 2410 877 2437 Arcadius
889 2415 916 2438 et

133 2451 270 2480 Honorius
288 2451 397 2480 fuerunt
423 2453 524 2486 Romae,
550 2461 576 2482 et
586 2456 684 2483 versati
712 2461 774 2483 sunt
801 2465 863 2483 cum
882 2464 913 2484 ea

132 2497 214 2532 longo
233 2502 369 2532 tempore,
388 2501 518 2534 quoniam
532 2501 587 2528 illic
607 2507 666 2528 erat
682 2501 739 2529 viro
756 2503 912 2537 conjuncta.

133 2544 199 2571 Cum
228 2552 292 2572 vero
317 2545 448 2574 audiisset
465 2546 632 2575 Theodosius
662 2547 775 2575 Romam
807 2549 913 2577 venisse

131 2589 322 2625 Epiphanium,
337 2598 449 2619 curasse
472 2592 531 2626 ejus
556 2593 648 2626 ﬁliam,
660 2598 687 2620 et
700 2593 755 2620 lilio
768 2593 828 2627 ejus
843 2613 851 2625 ,
865 2594 911 2629 qni

131 2639 189 2663 erat
203 2640 342 2668 mortuus,
357 2637 439 2664 vitam
465 2638 631 2671 reddidisse,
654 2638 856 2673 Arcadiumque
886 2644 914 2666 et

130 2681 280 2709 Honorium
296 2687 391 2717 postea
418 2683 600 2715 illuminasse.
621 2692 718 2719 magna
734 2690 774 2711 est
798 2685 911 2712 ali‘eetus

130 2726 232 2754 lwtitia.
253 2726 313 2760 Quo
325 2727 426 2755 factum
437 2733 496 2760 est,
513 2733 543 2755 ut
557 2728 684 2763 deinceps
707 2729 740 2756 ad
762 2737 824 2756 eum
841 2729 912 2756 scri-

129 2771 214 2804 beret,
233 2777 362 2808 tanquam
387 2773 420 2801 ad
447 2777 566 2808 patrem.
583 2773 669 2801 Porro
684 2783 746 2801 eum
772 2782 820 2802 nos
836 2782 912 2802 esse-

129 2817 439 2854 musConstantinopoli,
451 2819 535 2847 Roma
544 2823 674 2846 venerunt
686 2819 818 2847 Awadius
826 2823 851 2846 et
861 2819 910 2847 llo~

131 2863 435 2898 norius,etlmlatisunt,
452 2866 522 2902 quod
536 2865 701 2893 invenissent
716 2865 907 2900 Epiphanium.

968 2270 1094 2306 βασιλεὺς
1102 2272 1169 2306 πρὸς
1181 2273 1351 2306 Ἐπιφάνιον·
1369 2273 1445 2299 Γίνου
1460 2282 1513 2308 μοι.
1524 2273 1624 2308 Πάτερ,
1633 2272 1751 2300 κελεύων

967 2315 1154 2348 ἀδιαλείπτως.
1177 2318 1223 2344 καὶ
1239 2319 1389 2353 γενήσομαι
1418 2319 1447 2344 ὲν
1467 2319 1549 2344 πᾶσιν
1573 2318 1750 2353 πληροφορῶν

967 2369 1007 2388 σε.
1021 2360 1103 2388 Εἶπεν
1114 2363 1142 2389 δὲ
1154 2362 1311 2397 Ἐπιφάνιος
1330 2363 1370 2398 τῷ
1387 2363 1507 2398 βασιλεῖ’
1537 2364 1601 2398 Ἔχε
1618 2364 1681 2394 τοὺς
1703 2363 1750 2390 τοῦ

966 2407 1032 2433 Θεοῦ
1043 2408 1137 2442 λόγους
1150 2410 1219 2435 κατὰ
1228 2409 1316 2444 ψυχήν
1329 2417 1385 2441 σου,
1399 2411 1444 2436 καὶ
1460 2410 1552 2444 χρείαν
1565 2409 1601 2444 μὴ
1619 2409 1664 2444 ἔχε
1675 2409 1750 2435 Ἑπι-

966 2456 1072 2488 φανίου.
1088 2456 1180 2482 Ταῦτα
1192 2457 1220 2483 δὲ
1232 2458 1316 2485 εἰπὼν
1337 2458 1496 2492 Ἐπιφάνιος
1519 2456 1558 2491 τῷ
1573 2456 1686 2491 βασιλεῖ,
1703 2455 1749 2482 καὶ

967 2499 1076 2527 πλείονα
1090 2501 1202 2533 τούτων,
1229 2501 1344 2535 ἔφθασεν
1361 2502 1457 2538 καιρὸς
1475 2501 1522 2528 τοῦ
1547 2502 1668 2537 ἀρίστου.
1695 2501 1749 2527 Καὶ

966 2544 1041 2572 εἶπεν
1057 2546 1213 2581 Ἐπιφάνιος
1229 2547 1267 2582 τῷ
1295 2547 1414 2582 βασιλεῖ·
1446 2547 1551 2580 Βάδιζε,
1568 2547 1661 2573 τέκνον
1672 2567 1678 2576 ,
1703 2546 1749 2572 ἐπὶ

964 2593 1113 2627 τραπέζης,
1125 2593 1171 2619 καὶ
1183 2594 1231 2628 ἔσῃ
1255 2594 1372 2627 εὐλογῶν
1395 2594 1441 2620 τὸν
1463 2593 1621 2629 εὐεργέτην.
1653 2590 1706 2618 Ἦν
1720 2592 1748 2618 δὲ

965 2639 1121 2673 Ἐπιφάνιος
1138 2640 1261 2675 χαρίεις,
1292 2640 1340 2666 καὶ
1367 2639 1512 2671 πολιτικὸς,
1536 2639 1646 2665 καὶτὸν
1670 2638 1748 2672 λόγον

964 2683 1033 2718 ἔχων
1045 2685 1195 2719 ὴρτυμένον
1211 2684 1249 2719 τῷ
1264 2685 1327 2720 θείῳ
1340 2685 1428 2712 ἆλατι.
1447 2685 1511 2711 Ὂτε
1523 2682 1568 2710 οὖν
1585 2683 1748 2718 περιέπεσεν

963 2730 979 2764 ἡ
995 2729 1116 2764 θυγάτηρ
1133 2729 1273 2756 Θεοδοσίου
1289 2731 1328 2761 εἰς
1339 2730 1369 2756 τὸ
1382 2730 1467 2760 πάθος
1482 2729 1528 2755 ἐπὶ
1552 2729 1601 2764 τῆς
1627 2728 1746 2763 Ῥώμης,

963 2776 980 2810 ἡ
997 2774 1097 2810 ἀδελφὴ
1122 2775 1263 2810 Ἀρκαδίου
1292 2775 1339 2802 καὶ
1363 2775 1506 2811 Ὁνωρίου,
1524 2775 1584 2801 τότε
1602 2775 1648 2801 καὶ
1671 2775 1746 2801 αὐτοὶ

963 2821 1142 2856 παρεγένοντο
1151 2821 1197 2848 ἐπὶ
1209 2823 1258 2856 τῆς
1271 2817 1391 2856 Ῥἶῦμης,
1406 2821 1452 2847 καὶ
1467 2820 1597 2856 ἐποίησαν
1613 2821 1746 2856 πενταετῆ

963 2867 1056 2902 χρόνον
1088 2867 1146 2901 μετ’
1173 2866 1266 2902 αὐτῆς,
1286 2867 1327 2893 ὅτι
1354 2867 1412 2893 ἐκεῖ
1428 2864 1462 2901 ἦν
1487 2865 1630 2900 ζευχθεῖσα
1658 2865 1744 2900 ἀνδρί.
