1934 3029
196 93 230 121 91
842 94 871 121 ε.
901 93 1072 121 ΕιιιιιιιΑΝιι
1093 94 1183 122 VITA.
1790 100 1827 127 gs

198 154 266 181 Τότε
289 151 335 181 οὖν
362 154 483 186 ἀκούσας
505 154 643 187 Θεοδόσιος
669 157 684 182 6
704 155 846 191 βασιλεὺς,
873 156 915 182 ὅτι
936 155 1101 190 παρεγένετο
1117 156 1274 190 Ἐπιφάνιος
1289 157 1334 184 ἐπὶ
1353 159 1403 194 τῆς
1425 157 1534 194 Ῥώμης
1547 180 1555 192 ,
1573 159 1622 186 καὶ
1643 157 1827 194 ἐθεράπευσεν

199 201 249 236 τὴν
277 200 414 236 θυγατέρα
432 201 525 232 αὑτοῦ,
544 202 591 228 καὶ
607 202 648 228 ὄτι
666 203 712 228 καὶ
724 202 769 228 τὸν
784 202 841 228 υἱὸν
868 201 953 236 αὐτῆς
977 202 1074 236 νεκρὸν
1098 202 1163 230 ὄντα
1187 203 1380 239 ὲζωοποίησεν,
1394 205 1441 231 καὶ
1454 206 1494 232 ὅτι
1515 205 1583 241 μετὰ
1603 204 1705 232 τούτων
1729 203 1827 237 ἐφώτι-

202 256 247 274 σεν
272 248 413 283 ’Λρκάδιον
430 249 478 275 καὶ
500 249 638 285 Ὀνώριον,
663 250 748 285 ἐχάρη
766 250 853 286 χαριὶυ⁸
879 249 1010 285 μεγάλην.
1031 249 1076 275 Διὸ
1089 250 1143 276 ὰπὸ
1160 251 1254 277 τούτου
1269 251 1388 288 ἔγραψεν
1404 252 1477 295 αὐτῷ
1487 252 1525 284 ὼς
1538 252 1630 288 πατρί.
1645 252 1689 283 Ὠς
1701 248 1826 286 οὖνῆμεν

199 294 245 320 ἐπὶ
265 295 314 329 τῆς
333 295 654 329 Κωνσταντινουπόλεως,
682 297 862 331 παοεγένοντο
890 295 1031 331 Ἀρκάδιος
1058 297 1106 322 καὶ
1137 296 1266 333 Ὁνώριος
1294 298 1347 325 ἀπὸ
1375 298 1425 333 τῆς
1455 297 1578 334 Ῥώμης,
1605 299 1652 325 καὶ
1688 298 1826 334 ἐχάρησαν

215 339 284 367 αρὰν
297 340 427 367 μεγάλην.

198 348 284 375 χαραν
297 348 427 375 μεγαλην.

231 384 296 412 Nll’.
330 387 459 420 Ἀγουσιν
484 387 512 414 δέ
531 396 601 419 τινες
619 388 688 414 κατὰ
703 390 829 414 κέλευσιν
844 387 890 414 τοῦ
910 388 981 423 βασι·

1073 384 1165 413 LVIII.
1183 385 1266 413 Jussu
1294 391 1385 414 autem
1415 385 1589 420 imperatoris
1615 385 1824 413 Faustinianum

197 429 264 462 λέως
279 431 472 457 Φαυστινιανὸν
484 433 537 459 ἀπὸ
558 433 608 467 τῆς
626 433 772 468 Κυπρίων,
801 435 847 461 ἐπὶ
868 434 985 469 λοιδορίᾳ

199 475 322 511 βασιλικῇ
340 478 561 514 κατηγορηθέντα
576 479 621 505 ἐπὶ
630 479 678 514 τὴν
692 480 829 514 βασιλίδα·
850 478 884 516 ἦν
896 480 924 507 δὲ
942 477 987 507 οὗ·

196 529 242 552 τος
255 522 457 557 φρουρούμενος
473 523 595 550 κελεύσει
612 525 659 550 τοῦ
684 525 824 559 βασιλέως.
852 525 987 557 Ἀκούσας

196 564 242 593 οὖν
264 567 350 594 ταῦτα
369 569 528 603 Ἐπιφὰνιος
553 571 734 605 παραγίνεται
757 572 802 598 ἐπὶ
823 572 868 598 τὸν
893 572 984 603 τόπον,

196 613 260 639 ἔνθα
270 612 303 649 ἦν
314 614 497 650 κρατούμενος
511 616 524 641 6
535 617 737 648 Φαυστινιανὺς,
757 618 803 644 καὶ
814 615 889 644 εἶπεν
900 618 982 653 αὐτῷ·

196 659 227 686 Ei
243 659 319 686 ἔστιν
339 669 390 691 σοι,
407 661 498 695 φησὶν,
514 658 536 687 ὧ
547 662 652 693 τέκνον,
673 663 790 698 λαλῆσαι
805 664 838 690 δι’
852 665 930 699 ἡμῶν
943 665 985 690 λό-

196 714 244 740 γον
261 706 298 741 τῷ
312 706 432 741 βασιλεῖ’
450 708 496 734 καὶ
520 708 569 744 ἔσῃ
597 709 781 744 ἀπολυόμενος
804 710 854 744 τῆς
871 712 985 745 συνοχῆς

195 751 307 787 ταύτης.
340 751 422 779 Εἶπεν
449 754 477 780 δὲ
514 755 708 787 Φαυστινιανὸς
745 755 784 791 τῷ
817 757 983 792 Ἐπιφανίῳ·

197 799 325 831 Ἀπελθε,
348 800 426 835 φησὶ,
455 801 539 827 πλάνε
554 821 561 831 ,
593 802 639 828 καὶ
664 803 807 830 ἀποπλάνα
824 803 921 838 ἄνδρας
937 805 984 830 ἀν-

195 844 390 878 ασφαλίστους·
407 847 453 872 καὶ
468 847 531 878 τοὺς
546 846 641 881 λόγους
652 848 761 880 τούτους
778 848 814 884 μὴ
828 848 902 875 λάλει
915 850 986 875 Φαυ-

196 891 333 927 στινιανῴ.
346 891 448 924 ἾΙλθες
464 893 581 920 ἐνταῦθα
592 895 745 930 ἐπιχαίρειν
763 904 807 930 μοι
818 895 907 929 λόγοις
918 904 924 910 ·
940 895 986 922 ἔσο

195 936 243 963 τοῦ
261 937 355 964 λοιποῦ
368 938 477 972 φεύγων
488 939 537 974 τὴν
550 940 694 975 Κυπρίων.
713 940 809 972 maga
839 942 885 967 ἐπὶ
899 941 984 967 Φοινί-

196 990 257 1017 κην,
271 983 318 1009 καὶ
331 983 381 1019 ἔσῃ
394 984 567 1020 κακοσχολῶν
577 985 765 1018 ἀδιαλείπτως.
784 987 827 1018 Ὠς
842 986 888 1013 οὖν
898 987 986 1014 ταῦτα

195 1026 271 1055 εἶπεν
284 1029 401 1065 ὑϐρίζων
416 1030 461 1056 τὸν
475 1030 632 1065 Ἐπιφάνιον
642 1032 844 1064 Φαυστινιανὸς,
863 1033 982 1069 παρέλα-

194 1073 241 1100 6ἐν
256 1083 288 1109 με
310 1075 484 1109 Ἐπιφάνιος·
500 1076 545 1102 καὶ
559 1076 747 1112 ἐπορεύθημεν
763 1079 791 1103 ἐν
805 1078 843 1113 τῷ
853 1078 984 1115 βασιλικῷ

194 1119 319 1154 ταμιείῳ,
337 1120 410 1152 ὅπως
427 1121 473 1146 ἐπὶ
486 1121 610 1153 συντάξει
627 1122 674 1148 τοῦ
692 1122 823 1157 βασιλέως
846 1124 981 1151 ἀποπλεύ-

195 1174 285 1201 σωμεν
301 1167 329 1192 ἐν
344 1168 376 1201 τῇ
390 1167 503 1202 Κύπρῳ.
521 1167 574 1193 Τοῦ
590 1166 635 1194 οὖν
654 1168 785 1203 βασιλέως
797 1170 985 1205 παρακαλοῦν-

193 1220 238 1243 τος
251 1213 418 1247 Ἐπιφὰνιον,
436 1214 510 1245 ὅπως
523 1214 657 1249 διατρίψει
673 1215 780 1250 ἡμέρας
789 1216 863 1247 τινὰς
876 1217 922 1243 ἐπὶ
934 1218 984 1252 τὴν

195 1258 329 1293 βασιλίδα.
346 1259 359 1284 6
376 1259 535 1293 Ἐπιφὰνιος
549 1259 642 1294 ἔλεγεν
657 1261 706 1296 τὴν
721 1261 811 1288 αἰτίαν
828 1262 877 1297 τῆς
902 1263 982 1298 ἐκδη-

197 1304 271 1338 μίας.
292 1305 347 1330 Καὶ
362 1305 466 1331 πάλινὸ
482 1304 608 1339 βασιλεὺς
629 1306 736 1333 ἔπεισεν
757 1307 915 1342 Ἐπιφάνιον
940 1308 984 1335 διὰ

192 1348 247 1375 τῶν
262 1349 355 1383 λόγων.
376 1350 415 1385 Τῇ
434 1348 480 1376 οὖν
507 1351 592 1377 ἕωθεν
617 1352 772 1387 εἰσέρχεταί
788 1361 830 1384 τις
859 1353 912 1380 τῶν
934 1354 982 1386 τὰς

193 1394 353 1429 ἀποκρίσεις
374 1395 506 1430 λεγόντων
523 1397 551 1422 ἐν
569 1396 608 1431 τῷ
625 1396 757 1433 βασιλικῷ
787 1399 912 1434 ταμιείῳ,
941 1400 982 1426 ὅτι

192 1441 383 1472 Φαυστινιανὸς
394 1441 407 1467 6
421 1441 588 1477 Κυπριώτης
599 1442 745 1470 κατέλυσεν
757 1443 802 1470 τὸν
816 1444 881 1479 βίον.
893 1445 984 1472 Ἀκού-

194 1495 242 1518 σας
259 1487 383 1514 δὲταῦτα
401 1488 557 1522 Ἐπιφάνιος
575 1489 725 1524 ἐπένθησεν
751 1491 796 1516 ἐπὶ
822 1492 982 1518 Φαυστινια-

192 1532 248 1560 νοῦ.
268 1532 413 1568 Ὴθέλησεν
423 1531 468 1560 οὖν
484 1536 498 1561 6
516 1534 642 1569 βασιλεὺς
656 1535 764 1563 ἅπαντα
779 1537 812 1563 τὰ
827 1537 983 1573 ὑπάρχοντα

192 1580 385 1611 Φαυστινιανοῦ
411 1581 450 1616 τῷ
479 1581 609 1617 βασιλικῷ
636 1583 821 1618 παραπέμψαι
846 1585 981 1619 ταμιείῳ·

194 1626 311 1661 μάλιστα
322 1627 363 1653 ὅτι
378 1627 409 1653 οὐ
426 1627 587 1654 κατέλειπεν
603 1628 713 1663 σπέρμα
729 1629 774 1654 ἐπὶ
794 1629 844 1664 τῆς
857 1630 918 1665 γῆς.
936 1628 982 1656 Εἴ-

193 1681 242 1698 πεν
255 1672 283 1698 δὲ
295 1672 451 1706 Ἐπιφάνιος
467 1672 534 1707 πρὸς
549 1673 675 1708 βασιλέα·
687 1675 767 1709 Ὅρα,
784 1675 860 1709 φησὶ,
877 1675 981 1706 τέκνον,

194 1717 230 1752 μὴ
250 1718 370 1752 ποιήσεις
382 1717 530 1752 ἁμαρτίαν.
539 1718 617 1744 Ἔστι
631 1718 686 1753 γὰρ
699 1719 767 1753 γυνὴ
788 1719 980 1746 Φαυστινιανοῦ

1039 432 1148 467 quidam
1159 432 1299 459 adducunt
1315 433 1341 459 in
1354 432 1467 467 regiam,
1482 437 1511 459 ut
1526 432 1573 466 qui
1583 436 1655 459 esset
1669 435 1823 463 accusatus,

1037 478 1110 513 quod
1131 478 1317 505 maledixisset
1334 477 1501 511 imperatori.
1519 476 1600 504 Jussu
1619 484 1685 511 ergo
1705 477 1823 511 impera-

1037 525 1105 552 toris
1134 525 1277 552 tenebatur
1305 525 1332 551 in
1357 524 1490 552 custodia.
1506 522 1585 556 Quod
1611 531 1672 550 cum
1694 522 1825 549 audiisset

1037 570 1218 605 Epiphanius,
1244 570 1317 597 vertit
1344 570 1371 596 in
1396 570 1499 602 locum,
1525 569 1552 596 in
1567 577 1622 604 quo
1649 569 1824 596 detinebatur

1036 614 1242 643 Faustinianus.
1261 615 1334 642 Dixit
1348 615 1430 650 igitur
1446 615 1615 650 Epiphanius
1628 614 1823 641 Faustiniano:

1036 661 1112 689 Licet
1131 662 1179 689 tibi
1204 670 1252 696 per
1264 670 1314 690 nos
1333 662 1409 696 loqui
1428 661 1603 696 imperatori,
1620 665 1647 688 et
1663 660 1824 688 liberaberis

1036 709 1070 736 ab
1087 709 1128 735 his
1143 708 1288 743 angustiis.
1302 708 1374 735 Dixit
1389 713 1480 735 autem
1495 708 1691 735 Faustinianus
1704 706 1822 741 Epipha-

1036 755 1082 781 nio
1098 763 1105 781 :
1124 754 1186 786 Abi,
1209 755 1298 789 plane,
1311 759 1338 781 et
1355 755 1480 781 homines
1506 754 1628 781 incautos
1646 753 1752 787 decipe,
1775 759 1824 779 nec

1037 800 1093 827 hzec
1118 800 1202 826 verba
1219 800 1329 835 loquere
1346 799 1534 827 Faustiniano.
1553 798 1655 826 Venisti
1678 797 1732 824 huc
1757 797 1824 823 mihi

1035 847 1127 874 verbis
1144 846 1299 879 insultans;
1323 846 1411 881 fugies
1438 846 1536 873 deinde
1561 845 1588 872 in
1605 844 1735 880 Cyprum.
1750 843 1824 870 'Vade

1037 893 1101 920 hinc
1116 893 1143 920 in
1164 892 1332 920 Phteniciam
1348 913 1356 925 ,
1371 897 1397 919 et
1415 892 1500 919 malos
1518 891 1576 919 dies
1595 898 1659 925 ages
1682 894 1823 924 perpetuo.

1037 938 1186 973 Postquam
1204 939 1263 966 hrec
1277 939 1344 966 dixit
1362 938 1389 965 in
1406 937 1588 972 Epiphanium
1604 936 1697 963 furens
1715 935 1823 962 Fausti-

1036 984 1143 1016 nianus,
1159 985 1263 1019 accepit
1278 992 1321 1011 me
1337 983 1516 1018 Epiphanius,
1533 988 1560 1011 et
1576 983 1675 1010 ivirnus
1689 982 1715 1009 in
1731 981 1822 1009 aulam

1037 1029 1222 1064 imperatoris,
1237 1034 1267 1056 ut
1282 1037 1372 1064 regem
1393 1029 1553 1064 juberemus
1569 1028 1671 1059 valere.
1684 1028 1823 1055 etiremus

1000 1062 1020 1090 Β
1036 1075 1064 1102 in
1076 1062 1208 1110 Cyprum.
1232 1062 1400 1110 Imperatore-
1413 1083 1476 1103 vero
1500 1080 1613 1110 rogante
1628 1074 1822 1109 Epiphanium,

1035 1126 1065 1149 ut
1080 1122 1183 1157 aliquot
1196 1122 1254 1149 dies
1269 1126 1423 1149 versaretur
1438 1121 1464 1148 in
1477 1122 1561 1156 regia,
1578 1120 1745 1155 Epiphanius
1758 1127 1824 1147 cau-

1035 1175 1093 1194 sam
1123 1175 1172 1194 cur
1204 1167 1338 1201 proﬁcisci
1370 1166 1449 1192 vellet.
1473 1165 1591 1193 dicebat.
1618 1166 1652 1192 At
1676 1165 1823 1200 imperator

1037 1220 1133 1239 rursus
1147 1212 1260 1239 retinuit
1279 1211 1472 1246 Epiphanium.
1488 1211 1566 1238 Mane
1593 1215 1684 1238 autem
1704 1210 1820 1245 ingredi-

1035 1263 1079 1285 tur
1089 1258 1199 1295 quidam
1211 1266 1243 1285 ex
1261 1258 1295 1285 iis
1308 1277 1314 1289 ,
1333 1258 1380 1292 qui
1393 1265 1524 1292 responsa
1538 1257 1669 1289 referunt,
1688 1257 1714 1284 in
1733 1257 1822 1284 aulam

1035 1305 1148 1339 regiam,
1162 1303 1470 1331 dicensFaustinianum
1480 1304 1608 1339 Cyprium
1617 1304 1699 1330 vitam
1709 1303 1822 1330 ﬁuiisse.

1034 1350 1103 1377 Cum
1116 1350 1173 1377 hate
1184 1350 1315 1377 audiisset
1327 1350 1509 1385 Epiphanius,
1524 1349 1594 1377 luxit
1605 1349 1822 1376 Faustinianum.

1035 1395 1159 1423 Decrevit
1174 1400 1264 1422 autem
1282 1396 1441 1431 imperator,
1454 1400 1484 1422 ut
1499 1395 1671 1423 deferrentur
1682 1395 1709 1421 in
1727 1395 1822 1422 iiscum

1034 1450 1204 1477 quaecunque
1229 1447 1307 1470 erant
1330 1441 1512 1474 Faustiniani,
1529 1442 1649 1468 maxime
1664 1441 1737 1476 quod
1759 1449 1821 1475 pro-

1035 1488 1087 1515 lem
1105 1496 1158 1515 non
1173 1489 1331 1523 reliquisset
1347 1497 1430 1523 super
1443 1495 1552 1516 terram.
1571 1487 1644 1514 Dixit
1665 1495 1730 1515 vero
1754 1487 1820 1520 Epi—

1035 1534 1153 1568 phanius
1178 1534 1335 1567 imperatori
1355 1543 1362 1562 :
1384 1534 1449 1561 Vide
1463 1555 1470 1565 ,
1484 1542 1501 1561 ο
1517 1534 1553 1560 lili
1565 1554 1572 1567 ,
1589 1541 1623 1561 ne
1648 1541 1753 1566 pecces.
1772 1532 1820 1560 Est

1034 1579 1106 1606 enim
1122 1587 1192 1606 uxor
1205 1579 1374 1607 Faustiniani
1390 1579 1473 1606 Deum
1486 1587 1518 1606 cx
1534 1579 1616 1606 corde
1639 1579 1743 1606 colens.
1758 1578 1820 1606 Cre-

1034 1624 1068 1651 de
1084 1624 1174 1651 verbis
1190 1624 1346 1659 Epiphanii,
1363 1629 1390 1651 et
1400 1624 1451 1651 erit
1464 1624 1510 1651 tibi
1533 1624 1618 1659 gratia
1633 1624 1704 1658 apud
1721 1624 1814 1652 Altissi

1035 1678 1121 1697 mum.
1134 1669 1212 1697 Tunc
1237 1670 1350 1696 tradidit
1376 1670 1524 1704 imperator
1546 1669 1736 1696 auctoritatem
1760 1669 1820 1704 Epi-

1036 1716 1137 1750 phanio
1153 1716 1180 1742 in
1195 1716 1323 1743 omnibus
1339 1716 1421 1742 rebus
1445 1714 1623 1743 Faustiniani.
1644 1715 1716 1743 Dixit
1731 1721 1820 1744 autem

193 1759 354 1786 θεοσεϐοὖσα
367 1760 419 1786 ἀπὸ
433 1761 554 1796 καρδίας.
569 1762 699 1797 Πείσθητι
710 1762 798 1797 λόγοις
812 1763 981 1799 Ἐπιφανίου,

1037 1762 1206 1798 Epiphanius
1232 1762 1390 1797 imperatori
1407 1771 1413 1789 :
1438 1761 1530 1789 Habeo
1548 1761 1653 1794 Deum,
1669 1770 1685 1789 0
1701 1762 1757 1795 fili,
1775 1763 1820 1797 qui

193 1804 238 1830 καὶ
255 1804 331 1830 ἔσται
348 1813 388 1831 σοι
401 1805 480 1840 χάρις
495 1806 572 1841 παρὰ
591 1806 728 1841 Ὑψίστου.
754 1809 819 1835 Τότε
833 1810 846 1836 6
858 1810 983 1844 βασιλεὺς

192 1850 338 1876 ἀποδίδωσι
349 1850 396 1886 τὴν
405 1851 548 1878 αὑθεντίαν
557 1853 645 1879 πᾶσαν
663 1854 816 1890 Ἐπιφανίῳ
831 1855 885 1883 τῶν
915 1865 984 1892 πρα-

192 1896 304 1931 γμάτων
314 1898 517 1926 Φαυστινιανοῦ.
533 1897 615 1926 Εἶπεν
627 1899 672 1927 οὖν
685 1901 843 1937 Ἐπιφάνιος
854 1912 922 1940 προς
937 1905 983 1932 τὸν

193 1942 320 1978 βασιλέα’
340 1944 413 1979 Ἐχω
428 1945 472 1971 τὸν
487 1945 563 1977 Θεὸν,
577 1946 682 1979 τέκνον,
707 1948 752 1974 τὸν
772 1949 927 1984 παρέχοντα
948 1951 982 1977 τὰ

192 1988 260 2024 πρὸς
273 1989 321 2025 τὴν
336 1990 444 2025 χρείαν,
463 1991 510 2017 καὶ
523 1991 611 2018 ταῦτα
623 1993 712 2020 πάντα
728 1994 797 2029 μετὰ
810 1995 922 2031 γνώμης
932 1996 982 2031 τῆς

193 2035 321 2068 γυναικὸς
336 2036 511 2072 ἀποδώσομεν
524 2039 580 2070 τοῖς
589 2038 738 2074 δεομένοις.
751 2040 845 2068 Ταῦτα
860 2042 982 2074 εἰπόντος

192 2080 361 2115 Ἐπιφανίου,
373 2080 449 2108 εἶπεν
462 2084 476 2109 6
495 2082 621 2117 βασιλεύς
631 2092 638 2100 ·
665 2083 779 2121 Αἴτησαι
790 2106 798 2118 ,
813 2087 912 2123 Πάτερ,
944 2084 981 2115 ὦν

192 2126 313 2162 χρῄζεις,
329 2128 375 2154 καὶ
387 2128 484 2164 ἔσομαι
499 2129 587 2161 διδοὺς
603 2130 633 2156 ὲν
653 2132 820 2167 προαιρέσει.
843 2131 926 2160 Εἶπεν
952 2135 981 2162 δὲ

191 2172 349 2207 Ἐπιφάνιος
363 2174 432 2209 πρὸς
446 2174 490 2201 τὸν
506 2175 617 2210 βασιλέα
630 2184 636 2190 ·
649 2176 772 2204 Φύλασσε
787 2179 870 2213 ἐμοὺς
885 2180 980 2214 λόγους

191 2219 378 2252 ἀδιαλείπτως,
395 2220 442 2246 καὶ
457 2220 501 2256 ἔχε
515 2229 560 2256 με,
577 2221 683 2254 τέκνον,
711 2223 781 2250 κατὰ
810 2224 898 2260 ψυχήν
921 2234 978 2254 σου.

191 2264 282 2291 Ταῦτα
312 2264 340 2292 δὲ
367 2265 490 2298 εἰπόντος
515 2267 686 2301 Ἐπιφανίου,
712 2269 873 2305 συνεξῆλθεν
888 2272 979 2306 ἡμῖνό

191 2311 316 2346 βασιλεὺς
332 2313 364 2339 ὲκ
380 2313 426 2340 τοῦ
440 2313 575 2348 ταμιείου,
590 2314 637 2341 καὶ
646 2314 830 2350 παρεκάλεσεν
841 2317 886 2343 τὸν
903 2317 979 2344 Ἐπι-

190 2358 284 2391 φάνιον
299 2359 372 2391 ὃπως
389 2360 469 2386 αὑτὸν
489 2359 641 2394 εὐλογήσει.
672 2361 727 2387 Καὶ
757 2362 872 2396 ποιήσας
895 2363 978 2400 εὐχὴν

1035 1808 1102 1835 mihi
1119 1808 1232 1843 praebet,
1251 1816 1312 1843 qua:
1326 1814 1389 1836 sunt
1400 1808 1554 1836 necessaria
1569 1818 1574 1835 :
1590 1809 1637 1835 sed
1658 1809 1716 1836 haec
1730 1809 1820 1836 omnia

1034 1861 1068 1880 ex
1101 1853 1175 1880 illius
1206 1854 1329 1880 mulieris
1358 1853 1493 1880 sententia
1514 1853 1641 1880 dabimus
1663 1854 1820 1889 egentibus.

1034 1898 1103 1926 Cum
1121 1899 1178 1926 haec
1206 1899 1290 1933 igitur
1311 1898 1471 1934 imperatori
1496 1898 1610 1926 dixisset
1630 1897 1799 1933 Epiphanius
1812 1919 1820 1932 ,

1034 1944 1183 1979 imperator
1197 1944 1267 1971 dixit
1281 1945 1305 1971 ci
1323 1953 1330 1971 :
1351 1943 1425 1976 Pete,
1441 1944 1531 1977 Pater,
1543 1952 1574 1972 ea
1590 1945 1691 1979 quibus
1705 1944 1820 1979 indiges,

1033 1993 1060 2017 et
1073 1997 1104 2017 ea
1119 1990 1244 2017 lubenter
1261 1990 1308 2017 tibi
1321 1990 1401 2018 dabo.
1419 1990 1578 2026 imperatori
1601 1990 1742 2025 respondit
1757 1990 1820 2025 Epi-

1033 2038 1152 2073 phanius
1168 2046 1174 2064 :
1193 2037 1327 2073 Perpetuo
1347 2046 1427 2066 serva
1451 2046 1528 2066 meos
1558 2046 1715 2071 sermones,
1730 2043 1758 2066 et
1776 2047 1819 2067 me

1032 2084 1113 2118 habe,
1129 2084 1177 2118 tili,
1194 2084 1220 2111 in
1237 2085 1331 2111 animo
1348 2088 1405 2112 tuo.
1421 2084 1490 2112 Cum
1501 2085 1559 2111 haec
1572 2084 1685 2111 dixisset
1701 2084 1819 2119 Epipha-

1032 2133 1104 2162 nlus,
1131 2138 1185 2158 una
1210 2130 1355 2158 nobiscum
1380 2138 1412 2158 ex
1443 2129 1504 2158 aula
1532 2137 1660 2165 egressus
1677 2134 1720 2157 est
1733 2130 1818 2165 impe-

1031 2181 1121 2209 rator,
1135 2181 1162 2204 et
1186 2177 1292 2212 rogavit
1302 2175 1497 2211 Epiphanium,
1515 2180 1544 2203 ut
1566 2175 1618 2203 sibi
1635 2175 1818 2203 benedicerct.

1031 2223 1155 2258 Cumque
1178 2223 1330 2250 orationem
1355 2223 1467 2250 fecisset
1481 2221 1660 2256 Epiphanius,
1678 2221 1819 2250 benedixit

1031 2269 1202 2304 imperatori,
1218 2275 1245 2297 et
1257 2278 1321 2297 eum
1338 2269 1476 2297 salutavit.
1491 2269 1524 2296 Et
1539 2277 1666 2297 reversus
1680 2274 1722 2296 est
1735 2269 1819 2304 impe-

1031 2321 1106 2344 rator
1127 2317 1155 2343 in
1170 2324 1235 2351 pace
1252 2317 1278 2343 in
1290 2316 1380 2343 aulam
1403 2322 1481 2342 suam
1499 2323 1506 2347 ;
1521 2322 1570 2342 nos
1582 2322 1646 2342 vero
1660 2314 1749 2349 spatio
1764 2322 1817 2342 uo-

1030 2370 1089 2389 vem
1104 2362 1209 2389 dierum
1221 2360 1409 2395 navigavimus
1421 2360 1448 2387 in
1463 2360 1592 2396 Cyprum,
1604 2364 1631 2387 et
1642 2359 1741 2388 fratres
1751 2368 1814 2388 cum

190 2404 347 2439 Ἐπιφάνιος
375 2406 521 2442 εὐλόγησεν
547 2406 593 2432 τὸν
613 2406 734 2441 βασιλέα,
763 2408 810 2434 καὶ
825 2409 978 2442 .ἡσπάσατο

1033 2416 1129 2444 magno
1145 2415 1195 2435 nos
1209 2408 1308 2443 gaudio
1316 2411 1482 2441 exceperunt
1497 2415 1505 2440 ;
1527 2406 1738 2443 invenimusque
1749 2415 1818 2435 uxoo

188 2450 279 2483 αὑτὸν,
296 2451 341 2477 καὶ
356 2451 525 2488 ὑπέστρεψεν
535 2453 550 2478 ὁ
565 2452 690 2487 βασιλεὺς
699 2454 728 2479 ἐν
743 2453 781 2489 τῷ
795 2455 911 2490 ταμιείῳ
924 2455 972 2481 αὒ-

188 2495 234 2522 τοῦ
250 2496 309 2531 μετ’
323 2497 443 2532 εἰρήνης.
466 2498 561 2533 Ἡμεῖς
577 2498 606 2525 δὲ
631 2498 664 2524 δι’
689 2499 766 2525 ἐννέα
782 2500 892 2535 ἡμερῶν
919 2502 973 2527 ἀπ-

187 2541 360 2576 επλεύσαμεν
374 2542 402 2568 ὲν
411 2541 525 2578 Κύπρῳ,
540 2543 586 2570 καὶ
598 2543 761 2576 ἀπεδέξαντο
772 2545 845 2579 ἡμᾶς
861 2545 886 2570 οἰ
898 2545 974 2572 ἀδελ-

188 2587 233 2621 φοὶ
250 2586 321 2622 μετά
342 2588 429 2623 χαρᾶς
447 2588 581 2624 μεγάλης·
598 2589 716 2624 εὕρομεν
734 2589 763 2616 δὲ
786 2590 838 2625 τὴν
857 2592 972 2624 γυναῖκα

186 2632 379 2659 Φαυστινιανοῦ
413 2632 562 2660 πενθοῦσαν
586 2635 650 2670 περὶ
683 2634 730 2661 τοῦ
754 2635 849 2671 ἀνδρὸς
877 2637 972 2671 αὐτῆς.

188 2678 241 2705 Καὶ
255 2679 468 2715 παρεμυθήσατο
485 2679 570 2715 αὐτὴν
597 2681 755 2715 Ἐπιφάνιος
772 2682 818 2708 ἐπὶ
847 2683 920 2718 πάσῃ
940 2685 973 2719 τῇ

187 2723 274 2758 θλίψει
287 2725 382 2760 αὐτῆς,
398 2725 445 2752 καὶ
456 2725 568 2761 ἐπείσθη
578 2727 634 2758 τοῖς
645 2726 733 2760 λόγοις
748 2727 841 2759 αὐτοῦ,
851 2729 897 2755 καὶ
906 2737 973 2765 παρ-

1030 2462 1086 2481 rem
1102 2454 1273 2481 Faustiniani
1296 2453 1434 2489 lugentem
1462 2453 1591 2481 maritum
1607 2460 1699 2481 suum.
1714 2452 1818 2482 Conso-

1026 2501 1099 2528 latus
1112 2505 1153 2528 est
1170 2500 1253 2535 igitur
1266 2507 1325 2527 eam
1340 2499 1509 2535 Epiphanius
1521 2499 1550 2526 in
1561 2503 1618 2526 tota
1630 2507 1678 2527 sua
1691 2499 1818 2527 aﬂlictio-

1028 2555 1071 2574 ne.
1091 2547 1158 2580 Qua:
1166 2547 1257 2582 paruit
1269 2545 1359 2574 verbis
1373 2545 1530 2581 Epiphanii,
1545 2545 1708 2581 rogavitque
1725 2545 1815 2577 illum,

1031 2599 1060 2621 ut
1077 2594 1155 2621 daret
1172 2593 1196 2621 ei
1216 2593 1242 2621 id
1262 2593 1335 2628 quod
1358 2597 1400 2621 est
1421 2593 1449 2620 in
1464 2593 1574 2621 Christo
1588 2592 1772 2628 signaculum,
1790 2597 1818 2620 et

1029 2640 1177 2675 baptizavit
1193 2647 1254 2667 eam
1266 2659 1274 2672 ,
1288 2643 1315 2666 et
1331 2639 1470 2667 ordinavit
1485 2647 1545 2667 eam
1561 2639 1746 2666 diaconissam
1763 2637 1816 2665 Ec-

1028 2685 1118 2713 clesiae
1133 2694 1140 2712 :
1158 2690 1186 2712 et
1203 2685 1294 2712 omnia
1311 2685 1372 2720 ejus
1387 2684 1457 2712 bona
1470 2692 1503 2712 ex
1520 2684 1655 2713 sententia
1669 2683 1814 2718 Epiphanii

1028 2731 1092 2758 data
1110 2735 1174 2758 sunt
1187 2731 1381 2766 indigentibus.

187 2770 313 2799 εκάλεσεν
338 2771 497 2808 Ἐπιιιςάνιον
524 2772 598 2805 ὅπως
616 2772 695 2799 δώσει
719 2773 787 2809 αὐτῇ
809 2773 859 2809 τὴν
883 2775 912 2801 ὲν
928 2775 1039 2811 Χριστῷ
1069 2776 1214 2812 σφραγῖδα.
1250 2777 1296 2804 καὶ
1320 2777 1455 2812 βαπτίσας
1489 2776 1582 2812 αὐτὴν,
1609 2775 1813 2812 ἐχειροτόνησεν
