1934 3029
106 100 140 127 99
759 98 789 126 S.
811 98 981 126 EPIPIIANll
1002 99 1091 127 VITA.

1684 94 1731 122 l00

107 154 190 190 αὐτὴν
204 154 326 181 διάκονον
339 163 387 189 της
398 154 580 189 ¹Εκκλησίας”
606 154 652 181 καὶ
678 152 712 190 ἦν
727 155 832 182 ἅπαντα
855 155 888 182 τὰ
908 157 1056 192 πράγματα
1080 157 1164 192 αὐτῆς
1181 157 1211 183 ὲν
1235 158 1269 192 τῇ
1294 156 1391 192 γνώμῃ
1421 154 1579 190 Ἐπιφανίου
1605 153 1731 188 διδόμενα

106 204 160 233 τοῖς
177 202 324 237 δεομένοις.

141 246 209 273 LIX.
227 247 379 281 Aliquando
391 251 482 274 autem
495 254 636 274 sermones
647 247 762 274 contulit
775 247 886 282 Epipha-

975 247 1038 274 ΝΘ’.
1057 247 1126 273 Ποτὲ
1140 243 1186 273 οὖν
1214 246 1330 281 συνῆρεν
1358 245 1453 279 λόγους
1479 244 1636 279 Ἐπιφάνιος
1662 243 1730 278 πρὸς

107 294 168 319 nius
188 300 251 320 cum
267 293 356 324 Aetio,
373 293 418 327 qui
434 297 492 319 erat
503 313 510 325 ,
526 297 556 319 ιιι
572 293 659 324 aiunt,
675 293 820 328 episcopus
837 294 889 321 Va-

107 338 328 364 lentinianorum.
349 337 488 372 Erantque
511 338 679 366 Constantia:
705 340 783 366 multi
808 340 890 375 hujus

107 383 228 410 lueresis.
242 384 309 410 Cum
325 384 407 418 igitur
425 384 517 411 multis
534 384 626 411 verbis
649 386 824 412 contenderet.
836 387 890 412 Ae—

108 429 173 460 tius,
189 434 216 456 et
241 430 275 456 de
290 429 430 456 Altissimo
448 430 548 457 multas
567 430 669 457 diceret
685 431 867 466 blasphemias
879 452 887 464 ,

106 475 175 501 dixit
191 475 214 501 ei
231 475 417 509 Epiphanius:
437 476 546 510 Accipe,
572 484 588 503 ο
614 477 696 510 impie
709 477 767 503 Aeli
780 498 786 510 ,
802 478 827 504 in
843 484 890 504 ore

107 524 154 546 tuo
182 521 350 554 repagulum,
373 525 400 547 et
415 528 468 547 non
491 521 610 555 loqueris
633 521 715 548 verba
734 522 889 548 insolentia.

106 567 173 594 Cum
187 567 304 601 primum
320 567 371 593 hoc
386 566 498 594 dixrssct
512 566 689 600 Epiphanius,
709 567 784 594 Aetio
800 574 831 594 os
841 566 891 594 fuit

106 614 286 646 obstructum,
309 618 336 639 et
362 613 396 640 ab
410 613 455 639 illo
475 613 519 640 die
543 621 596 639 non
613 613 701 647 potuit
717 614 835 648 amplius
849 613 890 640 lo-

105 660 163 694 qui.
185 658 253 685 Cum
283 664 371 685 autem
389 659 531 691 vidissent,
548 659 595 694 qui
613 662 690 685 erant
710 659 770 692 ejus
787 663 868 686 sectae
881 678 889 690 ,

106 704 178 739 quod
204 713 251 739 per
266 705 379 731 verbum
399 705 424 731 ei
445 713 477 732 os
499 705 681 732 obstruxisset
700 705 889 739 Epiphanius,

107 750 185 784 proni
209 757 305 777 omnes
328 750 502 783 ceciderunt,
523 756 551 778 et
564 751 736 778 anathemate
748 758 890 785 percusse-

106 801 171 822 runt
191 804 268 823 suam
293 796 461 831 religionem,
495 801 522 824 et
554 796 617 824 facti
637 800 701 824 sunt
730 796 889 824 orthodoxi.

106 841 207 870 Mansit
235 851 298 870 vero
326 843 421 870 Aetius
448 851 496 870 sex
516 843 613 870 diebus
634 850 687 869 non
715 843 890 877 loquens,et

107 892 222 922 septimo
243 889 286 916 die
300 889 382 916 vitam
395 889 476 916 ﬁniit.
493 889 575 916 Erant
590 894 681 916 autem
701 889 762 916 alia
779 896 889 923 quoque

106 934 230 968 plurima-
245 935 360 962 haereses
374 935 401 961 in
418 935 504 961 insula
519 933 693 969 Cypriorum,
711 935 753 962 ha:
765 935 888 967 scilicet,

106 978 277 1013 Ophitarum,
305 979 537 1011 Sabellianorum,
563 978 776 1012 Nicolaitarum,
802 979 890 1006 Simo-

106 1024 250 1050 nianorum
264 1029 291 1050 et
305 1023 589 1058 Carpocratianorum.
602 1023 639 1050 De
648 1024 690 1051 his
706 1024 814 1059 scripsit
827 1023 890 1059 Epi-

106 1071 223 1104 phanius
238 1070 380 1104 epistolam
391 1070 425 1096 ad
440 1060 626 1096 Theodosium
640 1076 843 1103 imperatorem,
858 1073 887 1096 ut

106 1115 301 1148 constitutione
319 1115 392 1149 regia
408 1123 456 1142 eos
470 1115 618 1150 expelleret
631 1123 664 1142 ex
683 1115 783 1142 insula.
800 1114 886 1142 Erant

105 1161 178 1187 cnim
195 1161 265 1188 inter
282 1169 329 1188 eos
347 1161 397 1188 viri
415 1161 524 1193 divites,
541 1161 641 1195 quibus
656 1161 784 1188 mandata
802 1160 891 1188 fuerat

105 1215 169 1233 (ιιι-ιι
197 1214 287 1233 rerum
314 1207 506 1241 publicarum;
533 1212 561 1234 ct
586 1207 775 1242 deprimebaut
794 1206 890 1233 ortho-

105 1256 201 1279 doxos.
215 1253 282 1279 Cum
298 1257 388 1279 autem
404 1253 554 1287 accepisset
574 1253 722 1287 imperator
736 1252 839 1279 litteras
854 1252 888 1279 ab

114 1298 274 1332 Epiphanio,
293 1299 401 1333 scripsit
415 1299 441 1325 ili
457 1299 528 1325 hanc
541 1299 656 1325 formam
674 1308 680 1325 :
698 1298 726 1325 Si
742 1299 804 1334 quis
815 1298 889 1326 Patri

105 1344 257 1378 Epiphanio
276 1345 405 1380 episeopo
421 1346 540 1380 regionis
556 1345 719 1380 Cypriorum
739 1353 791 1372 non
813 1350 890 1380 paret

105 1398 152 1424 per
181 1391 261 1417 verba
286 1391 376 1417 divina
390 1411 396 1422 ,
415 1396 495 1418 exeat
507 1399 540 1418 ex
558 1391 646 1418 insula
658 1411 666 1424 ,
686 1396 714 1418 et
727 1391 830 1419 habitet
845 1392 889 1419 ubi

110 1436 178 1464 velit.
193 1435 221 1463 Si
242 1436 288 1471 qui
305 1442 395 1463 autem
409 1436 583 1469 sunt.amici.
597 1441 622 1463 ct
639 1436 686 1463 ﬁlii
705 1437 887 1471 poenitentiae,

105 1487 132 1509 et
146 1482 312 1509 conﬁtentur
332 1483 471 1509 communi
487 1482 579 1514 Patri,
594 1482 682 1518 quod,
699 1491 760 1510 cum
773 1483 828 1509 sint
842 1483 888 1510 de-

105 1529 185 1563 cepti,
209 1529 292 1556 velint
310 1529 402 1556 venire
415 1529 448 1556 ad
466 1530 606 1556 veritatem
619 1550 626 1562 ,
642 1534 779 1562 maneant,
797 1535 825 1557 ut
842 1531 889 1557 do-

104 1579 217 1601 ceantur
232 1582 246 1601 a
261 1575 401 1601 communi
417 1574 506 1601 Patre.
519 1574 597 1607 Quod
611 1575 728 1602 edictum
740 1583 801 1602 eum
814 1580 886 1602 esset
900 1591 921 1619 ο

104 1628 119 1646 a
138 1619 269 1646 militibus
294 1619 424 1651 allatum,
449 1624 475 1646 et
494 1620 678 1653 publicatum,
697 1620 774 1647 multi
791 1629 825 1647 ex
845 1621 886 1648 eis

104 1666 279 1692 crediderunt
293 1665 453 1700 Epiphanio.
471 1665 525 1699 Qui
541 1673 606 1694 vero
629 1674 684 1694 non
699 1666 884 1699 crediderunt,

110 1712 199 1739 statim
215 1711 292 1746 ejecti
309 1716 417 1739 suntex
434 1712 534 1740 insula.

138 1845 193 1874 LX.
218 1845 282 1873 Erat
305 1851 396 1873 autem
419 1846 588 1874 Alexandriae
610 1846 720 1881 quidam
744 1847 886 1882 episcopus

104 1893 213 1919 nomine
230 1892 406 1926 Theophilus.
433 1892 457 1919 ls
474 1892 568 1919 habuit
593 1900 717 1928 magnam
743 1892 885 1927 Epiphanii

102 1939 238 1966 notitiam.
262 1938 345 1966 Erant
359 1946 424 1966 vero
444 1943 499 1965 tres
521 1938 619 1966 fratres
641 1939 819 1971 Alexandriae,
837 1939 885 1966 ﬁlii

103 1985 288 2017 lleraeleonis,
304 1985 350 2019 qui
368 1985 546 2018 imperaverat
559 1984 586 2011 in
599 1992 630 2011 ea
647 1985 765 2012 civitate.
779 1984 886 2012 Mortuo

102 2039 166 2058 νυνο
181 2036 256 2066 μοιΓο
270 2038 374 2063 eorum,
390 2035 444 2058 tres
461 2038 493 2057 ex
513 2038 646 2058 COIISEHSU
663 2031 807 2058 voluerunt
826 2039 887 2059 esse

103 2077 239 2104 monachi.
268 2076 320 2110 Qui
346 2077 457 2111 profecti
493 2077 521 2104 in
548 2076 740 2109 solitudinem,
767 2077 885 2112 quietem

102 2125 218 2159 agebant
234 2124 260 2151 in
276 2124 399 2155 silentio,
420 2129 447 2151 et
469 2124 581 2151 honesta
607 2124 660 2150 vita
677 2128 755 2151 erant
769 2124 883 2159 praediti.

102 2168 122 2194 li
136 2173 214 2196 erant
237 2169 313 2196 valde
328 2169 384 2195 uoti
401 2168 549 2203 Theophila
563 2168 731 2196 Alexandria:
746 2169 883 2204 episcopo.

103 2214 176 2247 Quos
193 2214 250 2249 ipse
266 2222 327 2241 cum
349 2213 443 2241 fraude
467 2215 573 2241 induxit
596 2215 623 2241 in
639 2215 788 2248 civitatem,
803 2221 885 2251 atque

942 292 1044 318 Ἀέτιον
1069 292 1115 318 τὸν
1138 291 1285 317 ἐπίσκοπον
1313 290 1367 317 τῶν
1390 285 1730 317 οὺαλεντινιανῶν.Ἧσαν

941 338 1030 374 πλήθη
1043 338 1088 364 ἐπὶ
1101 338 1151 373 τῆς
1166 337 1358 368 Κωνσταντίας
1369 338 1393 363 οἱ
1408 337 1457 372 τῆς
1471 336 1602 372 αἱρέσεως
1616 334 1728 369 ταύτης.

941 384 996 410 Καὶ
1008 383 1039 418 δὴ
1059 383 1195 414 πλείστοις
1220 383 1309 416 λόγοις
1334 381 1494 416 φιλονεικῶν
1518 382 1532 407 ὁ
1554 380 1668 411 Ἀέτιος,
1683 379 1729 404 καὶ

942 430 981 460 εἰς
996 428 1169 464 βλασφημίας
1186 428 1285 459 πολλὰς
1300 428 1362 464 περ)¹
1378 427 1423 454 τὸν
1441 426 1571 461 ’Ὕψιστον
1596 425 1728 456 ἐλθόντος,

942 472 1017 500 εἶπεν
1031 475 1189 509 Ἐπιφάνιος
1203 475 1271 509 πρὸς
1299 474 1396 500 αὐτόν’
1419 473 1503 504 Λάϐε,
1535 472 1627 507 φησιν,
1643 472 1729 498 Ἀέτιε

941 520 1147 552 δυσσεϐέστατε,
1162 520 1288 554 κατόχιον
1308 520 1354 545 ἐπὶ
1368 519 1407 554 τῷ
1426 518 1538 553 στόματί
1553 526 1609 547 σου.
1623 518 1669 544 καὶ
1680 517 1728 552 ἕση

944 566 981 601 μὴ
992 566 1080 592 λαλῶν
1094 567 1225 597 ἀτάκτους
1243 565 1347 599 λόγους.
1363 565 1416 591 Καὶ
1429 565 1529 595 εὐθέως
1542 566 1555 589 ὁ
1573 563 1673 594 Ἀέτιος
1684 563 1729 588 ἐπὶ

940 612 979 646 τῷ
993 613 1064 647 λόγῳ
1080 612 1241 646 Ἑπιφανίου
1268 611 1404 646 ἐφιμώθη,
1419 611 1465 637 καὶ
1492 610 1583 637 οὐκέτι
1610 608 1729 644 ήδυνήθη

942 659 1056 694 λαλῆσαι
1069 659 1147 693 λόγον
1166 659 1219 684 ἀπὸ
1232 659 1280 693 τῆς
1296 658 1402 693 ἡμέρας
1416 657 1534 692 ἐκείνης.
1548 656 1656 686 Ἰδόντες
1682 653 1728 681 οὖν
1767 682 1769 684 ,

941 705 966 730 οἱ
983 705 1031 739 τῆς
1047 704 1178 739 αἱρέσεως
1189 703 1282 734 αὑτοῦ,
1294 703 1385 729 eum
1398 702 1476 736 λόγου
1486 701 1622 736 ἐφίμωσεν
1637 700 1727 730 αὐτὸν,

943 750 1114 785 προσέπεσαν
1132 750 1250 780 ἅπαντες
1266 749 1427 784 Ἐπιιρανίιρ,
1455 747 1504 775 καὶ
1532 746 1728 781 ἀνεθεμάτισαν

942 796 990 831 τὴν
1012 795 1078 822 ἰδίαν
1093 795 1241 831 θρησκείαν
1259 795 1358 828 αὐτῶν,
1376 795 1423 821 καὶ
1440 794 1563 828 ἐγένοντο
1574 791 1707 828 ὀρθόδοξοι
1720 799 1727 806 ·

942 842 1048 877 ἔμεινεν
1059 842 1087 868 δὲ
1098 843 1112 868 ὁ
1125 841 1226 872 ’Δέτιος
1239 841 1267 874 ἒξ
1280 841 1387 876 ἡμέρας
1399 840 1435 876 μὴ
1449 839 1546 870 λαλῶν,
1558 839 1606 865 καὶ
1613 839 1646 873 τῇ
1655 837 1728 863 ἐϐδό-

944 896 981 924 μῃ
1006 887 1097 923 ἡμέρᾳ.
1119 887 1266 914 κατέλυσεν
1291 887 1335 914 τὸν
1353 887 1410 922 βίον
1426 886 1518 913 αὑτοῦ.
1534 883 1624 911 Ἦσαν
1640 883 1728 910 δὲκαὶ

941 933 1019 959 ἄλλαι
1035 932 1156 958 πλεῖσται
1168 931 1286 967 αἱρέσεις
1299 932 1327 957 ἐν
1339 932 1372 966 τῇ
1388 930 1518 965 Κυπρίων
1529 928 1615 964 χώρᾳ,
1627 926 1726 958 αἵτινές

940 979 1008 1005 εἰσιν
1026 975 1113 1005 αὖται’
1132 979 1169 1013 (ιι)
1189 978 1326 1012 Σοφισταὶ,
1348 977 1529 1009 mamma,
1556 973 1725 1005 Νικολαῖται,

940 1025 1112 1060 Σιμωνιανοὶ,
1144 1025 1347 1055 Βασιλειδιανοὶ,
1379 1021 1629 1059 Καρποκρατιανοί.
1659 1021 1727 1055 Περὶ

939 1071 1041 1097 τούτων
1063 1071 1222 1105 Ἑπιφάνιος
1246 1070 1363 1104 ἔγραψεν
1388 1069 1534 1104 ἐπιστολὴν
1559 1068 1598 1103 τῷ
1623 1066 1727 1102 βασιλεῖ

940 1117 1080 1152 Θεοδοσίῳ,
1106 1118 1180 1148 ὅπως
1210 1116 1264 1143 ἀπὸ
1286 1115 1435 1148 διατάξεως
1451 1115 1591 1150 βασιλικῆς
1615 1114 1726 1145 τούτους

939 1162 1028 1194 διώξει
1046 1163 1098 1197 τῆς
1115 1163 1207 1198 νήσου.
1221 1160 1311 1188 Ἦσαν
1326 1161 1379 1196 γὰρ
1394 1161 1489 1196 ἄνδρες
1505 1160 1626 1186 πλούσιοι
1639 1161 1667 1186 ἐν
1677 1160 1726 1186 αὺ-

939 1210 1006 1241 τοῖς,
1023 1209 1120 1240 οἵτινες
1135 1209 1181 1235 καὶ
1193 1208 1395 1234 ἐνεπιστεύοντο
1413 1208 1507 1242 χρείας
1521 1207 1662 1242 δημοσίας,
1679 1207 1727 1234 καὶ

941 1255 1097 1281 ὲταπείνουν
1113 1255 1176 1286 τοὺς
1193 1254 1359 1290 ὀρθοδόξους.
1376 1253 1528 1288 Δεξάμενος
1542 1249 1588 1279 οὖν
1617 1253 1631 1279 ὁ
1651 1253 1727 1287 βασι-

939 1302 1002 1333 λεὺς
1014 1302 1047 1329 τὰ
1063 1302 1214 1337 γράμματα
1239 1301 1315 1336 παρὰ
1343 1302 1514 1335 Ἐπιφανίου,
1539 1301 1586 1327 καὶ
1601 1300 1725 1334 ἐποίησεν

939 1346 1022 1373 τύπον
1037 1347 1165 1373 τοιοῦτον.
1184 1346 1217 1372 Εἴ
1225 1355 1266 1377 τις
1277 1345 1314 1381 τῷ
1333 1345 1419 1381 Πατρὶ
1441 1344 1592 1380 Ἐπιφανίῳ
1606 1343 1644 1379 τῷ
1667 1345 1726 1370 ἐπι-

945 1392 1038 1426 σκόπῳ
1060 1391 1109 1427 τῆς
1126 1391 1256 1427 Κυπρίων
1273 1390 1363 1426 χώρας
1381 1391 1429 1426 οὺχ
1451 1389 1582 1417 ὑπακούει
1609 1388 1651 1416 διὰ
1672 1389 1725 1415 τῶν

940 1438 1018 1464 θείων
1031 1437 1127 1472 λόγων,
1145 1437 1297 1472 ἐξερχὲσθω
1320 1437 1369 1471 τῆς
1383 1438 1477 1471 νήσου,
1504 1436 1551 1463 καὶ
1575 1437 1641 1462 ὅπου
1655 1435 1726 1461 θέλει

940 1484 1108 1510 κατοικείτω.
1125 1483 1156 1509 Εἰ
1181 1483 1210 1509 δέ
1227 1490 1297 1514 τινες
1319 1482 1390 1516 φίλοι
1407 1482 1481 1514 ὄντες
1507 1482 1554 1508 καὶ
1577 1482 1659 1508 τέκνα
1675 1481 1725 1516 τῆς

941 1530 1093 1565 μετανοίας,
1110 1530 1157 1555 καὶ
1180 1528 1354 1564 ὁμολογοῦσιν
1382 1528 1421 1563 τῷ
1446 1528 1528 1564 κοινῷ
1553 1528 1657 1563 Πατρὶ,
1685 1527 1725 1553 ὅτι

939 1575 1120 1610 πλανηθέντες
1139 1573 1289 1609 βουλόμεθα
1307 1575 1347 1605 εἰς
1369 1574 1417 1609 τὴν
1443 1573 1501 1600 ὁδὸν
1526 1573 1575 1608 τῆς
1598 1573 1725 1608 ἀληθείας

938 1620 1024 1646 ἐλθεῖν
1034 1629 1040 1636 ·
1063 1620 1231 1655 μεινάτωσαν
1244 1620 1289 1645 ἐπὶ
1302 1619 1352 1654 τῆς
1362 1621 1455 1655 νήσου,
1476 1619 1661 1654 διδασκόμενοι
1672 1619 1724 1644 ὑπὸ

936 1667 983 1693 τοῦ
997 1666 1085 1693 κοινοῦ
1100 1666 1214 1702 Πατρός.
1243 1666 1296 1692 ’1ὀῦ
1310 1664 1356 1692 οὖν
1371 1666 1456 1692 τύπου
1479 1666 1554 1701 παρὰ
1577 1673 1723 1700 στρατευο-

939 1714 1019 1749 μένου
1034 1713 1155 1744 ελθόντος
1166 1713 1212 1739 καί
1222 1712 1444 1747 ἐμφανισθέντος,
1457 1711 1548 1737 πολλοὶ
1559 1711 1723 1746 ἐπείσθησαν

937 1760 966 1792 ἐξ
979 1760 1067 1787 αὐτῶν
1088 1760 1249 1794 Ἐπιφανίῳ.
1278 1760 1309 1785 Ol
1324 1759 1352 1786 δὲ
1379 1760 1418 1795 μὴ
1443 1759 1597 1785 πεισθέντες
1622 1759 1723 1790 εὐθέως

937 1805 1102 1840 ἐδιώχθησαν
1119 1806 1150 1830 ἐκ
1167 1805 1216 1839 τῆς
1231 1805 1324 1839 νήσου.

971 1851 1007 1877 Ξ’.
1022 1848 1075 1876 7Hv
1091 1850 1119 1876 δέ
1140 1859 1181 1881 τις
1195 1851 1342 1882 ἐπίσκοπος
1358 1851 1386 1876 ὲν
1407 1849 1592 1885 Ἀλεξανδρείᾳ
1606 1848 1723 1884 τοῦνομα

936 1896 1073 1931 Θεόφιλος.
1103 1894 1186 1927 Οὗτος
1207 1893 1240 1930 ἦν
1263 1896 1291 1921 ἐν
1316 1895 1413 1929 γνώσει
1440 1895 1523 1930 πολλῇ
1554 1893 1719 1928 Ἐπιφανίου.

935 1940 1026 1969 τΙτίσαν
1046 1942 1073 1968 δὲ
1094 1943 1167 1977 τρεῖς
1183 1942 1292 1976 ἀδελφοὶ
1309 1942 1337 1968 ἐν
1358 1940 1558 1976 Ἀλεξανδρείᾳ,
1582 1941 1635 1966 υἱοὶ
1649 1940 1722 1974 γινό-

938 1997 1012 2023 μενοι
1032 1988 1228 2023 Ἡρακλέωνος,
1243 1987 1289 2014 τοῦ
1304 1987 1434 2023 ἄρξαντος
1454 1987 1500 2013 ἐπὶ
1513 1988 1560 2022 τῆς
1574 1987 1658 2022 αὐτῆς
1672 1986 1721 2012 πό-

936 2033 1013 2064 λεως.
1038 2033 1254 2068 Τελευτήσαντος
1275 2033 1303 2058 δὲ
1326 2032 1372 2058 τοῦ
1398 2032 1499 2067 πατρὸς
1521 2032 1624 2063 αὐτῶν,
1651 2031 1721 2058 κατὰ

937 2078 1043 2104 σύνεσιν
1059 2079 1083 2104 οἱ
1104 2079 1177 2113 τρεῖς
1201 2077 1391 2104 ἐϐουλεύσαντο
1415 2077 1538 2112 μονάσαι.
1553 2076 1607 2103 Καὶ
1623 2076 1654 2112 δὴ
1674 2085 1722 2102 πο-

937 2125 1077 2160 ρευθέντες
1095 2125 1124 2151 ἐν
1147 2126 1180 2159 τῇ
1198 2126 1302 2159 ἐρήμῳ,
1316 2121 1386 2159 ἦσαν
1403 2126 1431 2150 ἐν
1450 2123 1550 2159 ἡσυχίᾳ
1564 2123 1658 2158 πολλῇ,
1674 2123 1721 2149 καὶ

936 2171 986 2207 βίῳ
1009 2171 1139 2206 πρέποντι
1158 2171 1369 2206 κεκοσμημένοι.
1394 2167 1473 2196 οὗτοι
1488 2168 1557 2205 ἦσαν
1580 2170 1607 2196 ἐν
1621 2168 1720 2203 γνώσει

936 2218 1019 2253 πολλῇ
1035 2217 1155 2252 Θεοφίλῳ
1168 2217 1207 2252 τῷ
1219 2217 1359 2252 ἐπισκόπῳ
1370 2217 1419 2252 τῆς
1433 2216 1645 2251 Ἀλεξανδρείας.
1658 2216 1724 2242 Τού-

102 2261 169 2288 adeo
187 2261 283 2292 effecit,
304 2266 334 2288 ut
351 2261 386 2288 ibi
404 2266 516 2288 starent.
532 2260 607 2288 Fecit
621 2265 711 2288 autem
727 2269 760 2288 ex
777 2262 810 2288 iis
826 2270 882 2288 ma-

939 2272 995 2295 τους
1018 2263 1066 2299 μὲν
1085 2263 1212 2297 Θεόφιλος
1237 2263 1393 2297 εἰσήνεγκεν
1416 2262 1462 2288 ἐπὶ
1487 2262 1536 2296 τὴν
1560 2261 1635 2288 πόλιν
1653 2261 1721 2296 μετὰ

99 2307 187 2342 jorem
205 2307 361 2342 episcopum
384 2307 410 2333 in
427 2314 480 2334 una
503 2307 567 2334 urbe
590 2306 706 2342 Egypti.
724 2307 799 2334 Alios
822 2315 884 2334 vero

101 2354 165 2380 fecit
180 2353 309 2379 diaconos
331 2356 359 2378 et
378 2359 535 2379 oeconornos
552 2351 688 2379 Ecclesiae.
704 2352 770 2380 Cum
794 2359 884 2379 autem

102 2403 223 2432 tempore
248 2397 328 2424 trium
350 2405 483 2425 annorum
507 2397 621 2425 fuissent
636 2398 770 2425 meonomi
785 2397 885 2426 Eccle—

101 2445 159 2476 siae,
175 2443 378 2477 sensissentque
399 2451 431 2470 se
451 2451 511 2470 esse
525 2448 649 2470 mortuos
666 2443 750 2478 (quod
768 2444 800 2471 ad
816 2444 885 2471 divi-

101 2499 163 2518 nam
181 2489 311 2517 attinebat
335 2489 471 2524 gratiam),
489 2497 522 2516 ex
543 2497 677 2517 consensu
700 2489 754 2517 duo
769 2497 883 2524 rogave-

101 2542 166 2564 runt
180 2536 369 2570 Theophilum,
386 2539 416 2562 ut
430 2542 477 2562 eos
500 2535 564 2562 illuc
576 2535 731 2568 dimitteret,
746 2536 791 2562 ubi
809 2536 883 2569 prius

103 2582 268 2609 habitabant.
288 2581 338 2613 Qui
361 2587 423 2607 cum
440 2580 547 2607 illorum
565 2581 690 2614 precibus
714 2588 767 2607 nou
785 2582 884 2607 cessis-

102 2633 153 2660 set,
171 2628 250 2654 ambo
264 2627 302 2654 illi
320 2627 389 2654 inter
403 2635 432 2654 se
452 2626 638 2660 conspirantes
661 2626 794 2659 abierunt,
812 2631 838 2653 et
854 2627 881 2653 in

103 2674 275 2702 solitudinem
311 2676 501 2704 recesserunt,
533 2671 579 2698 ubi
609 2672 685 2706 prius
715 2671 880 2698 habitabant.

101 2720 279 2755 (Theophilus
289 2728 352 2748 vero
363 2727 409 2747 eos
421 2718 536 2746 triennio
546 2718 660 2752 privavit
670 2718 883 2753 communione.)

138 2809 176 2844 (α)
193 2810 324 2846 lnterprcs
336 2810 398 2846 legit
417 2808 532 2844 Ὀφῐται,
545 2807 615 2843 quod
635 2807 791 2843 probamus.

935 2310 1051 2345 ἀπάτης,
1073 2310 1119 2336 καὶ
1140 2309 1326 2344 ἡσφαλήσατο.
1346 2308 1486 2343 Ἐποίησεν
1502 2307 1530 2333 δέ
1546 2307 1591 2334 τὸν
1611 2307 1719 2342 μείζονα

934 2355 1023 2380 αὐτῶν
1038 2354 1184 2380 ἐπίσκοπον
1200 2354 1239 2385 είς
1260 2353 1322 2388 μίαν
1338 2353 1414 2379 πόλιν
1429 2353 1478 2387 τῆς
1492 2352 1640 2386 Αἰγύπτου·
1657 2352 1720 2383 τοὺς

934 2400 962 2426 δὲ
985 2400 1080 2431 ἄλλους
1103 2399 1229 2435 ἐποίησεν
1254 2399 1392 2430 διακόνους
1415 2399 1462 2425 καὶ
1487 2398 1645 2433 οἰκονόμους
1671 2398 1720 2432 τῆς

936 2446 1110 2481 Ἐκκλησίας.
1127 2445 1291 2480 Ποιήσαντες
1314 2445 1342 2471 δὲ
1366 2444 1569 2479 οἰκονομοῦντες
1594 2445 1642 2479 τὴν
1657 2444 1719 2470 Ἐκ-

937 2491 1050 2527 κλησίαν
1072 2492 1165 2527 τριετῆ
1188 2491 1297 2527 χρόνον,
1319 2491 1363 2518 καλ¹
1380 2490 1534 2526 αἰσθόμενοι
1551 2490 1662 2521 ἑαυτοὺς
1676 2498 1719 2516 νε-

936 2527 1101 2573 κρουμένους
1114 2538 1181 2573 πρὸς
1193 2538 1243 2574 τὴν
1256 2537 1348 2573 θεῖκὴν
1362 2539 1451 2573 χάριν,
1468 2537 1661 2568 καταλιπόντες
1670 2537 1719 2571 τὴν

935 2584 1060 2618 ἡσυχίαν,
1075 2585 1121 2610 καὶ
1140 2584 1208 2610 κατὰ
1230 2583 1335 2610 σύνεσιν
1357 2585 1381 2610 οἱ
1401 2583 1448 2610 δύο
1469 2582 1658 2618 παρεκάλεσαν
1675 2581 1719 2608 τὸν

935 2630 1072 2664 θεόφιλον,
1087 2631 1160 2662 ὅπως
1173 2630 1281 2662 τούτους
1295 2630 1423 2656 ἀπολύσει
1443 2630 1508 2656 ἔνθα
1531 2629 1559 2655 τὸ
1573 2628 1638 2664 πρὶν
1653 2636 1718 2654 κατ-

935 2678 1032 2711 ῴκουν.
1050 2678 1103 2704 Καὶ
1117 2678 1153 2712 μὴ
1168 2677 1286 2710 εἴξαντος
1303 2679 1335 2713 τῇ
1351 2678 1452 2704 τούτων
1465 2676 1648 2711 παρακλήσει,
1665 2675 1719 2702 πά-

935 2723 976 2748 λιν
992 2723 1014 2749 οἱ
1031 2722 1077 2748 δύο
1098 2723 1322 2759 ὁμοφωνήσαντες
1343 2723 1518 2759 ἀνεχώρησαν
1538 2723 1584 2749 καὶ
1599 2721 1718 2756 ἀπῆλθον
