1934 3029
162 125 210 152 101

818 127 845 153 S.
865 127 1033 154 EPIPIIANII
1054 128 1142 155 ViTA.

1736 130 1789 158 40'!

160 184 190 210 ὲν
208 184 241 219 τῇ
260 184 366 219 ἐρήμῳ,
381 183 446 210 ὅπου
462 183 492 210 τὸ
515 184 579 218 πρὶν
595 184 743 219 κατῴκουν.
767 185 795 210 ’0
820 183 865 211 οὖν
881 185 938 211 Θεό-

996 186 1119 220 Cumquc
1139 186 1254 213 multum
1278 191 1438 221 rogassent,
1456 191 1486 214 ut
1507 188 1558 215 sibi
1584 188 1787 222 permitteretur

150 229 236 263 ’φιλος
251 229 376 264 ἐποίησεν
387 230 496 260 τούτους
506 229 673 261 ὰσυνάκτους
688 230 733 256 καὶ
749 230 948 265 ἀκοινωνήτους

160 274 252 309 τριετῆ
277 274 381 309 χρόνον.
405 275 459 301 Καὶ
484 274 569 302 πολλὰ
593 275 850 310 παρακαλέσαντες,
877 275 947 302 ὥστε

161 321 369 355 συγχωρηθῆναι
389 321 480 352 αὐτοῖς
493 320 547 346 τῶν
561 320 641 347 θείων
659 321 816 356 μυστηρίων
831 320 948 355 μεταλα-

159 365 227 397 ϐεῖν,
244 367 274 392 οὐ
300 365 488 402 συνεχώρησεν
510 368 523 393 ὀ
542 366 670 401 Θεόφιλος
693 366 781 393 τοῦτο.
804 364 883 394 Οὗτοι
902 364 948 393 οὖν

158 413 373 446 ἀναγκασθέντες
395 413 508 448 ἀνῆλθον
524 414 569 440 ἐπὶ
592 414 641 449 τὴν
660 414 782 449 βασιλίδα
799 414 884 445 πόλιν,
902 414 948 440 καὶ

158 459 332 494 προσέπεσαν
346 459 457 496 Ἰωάννῃ
469 460 507 495 τῷ
519 459 633 494 ἐπίκλην
646 459 841 495 Χρυσοστὸμῳ,
861 460 889 485 '0
900 457 947 485 οὖν

158 504 294 539 Ἰωάννης,
321 504 414 540 μαθὼν
429 505 478 540 τὴν
494 505 597 537 αἰτίαν,
617 505 717 541 γράφει
735 505 802 541 προς
817 504 946 539 Θεόφιλον

157 549 314 584 ἐπιστολὴν,
336 550 501 585 παρακαλῶν
522 550 602 576 αὐτὸν
626 551 672 576 ἐπὶ
694 551 726 585 τῇ
743 550 874 576 ἀπολύσει
891 549 945 576 τῶν

157 593 204 620 δύο
215 594 346 628 ἀδελφῶν.
366 595 396 621 Ὀ
410 592 456 621 οὖν
467 595 593 629 Θεόφιλος
609 595 658 621 οὐκ
672 595 783 630 ἐπείσθη
799 595 837 630 τῷ
855 595 945 622 Ἰωάν-

157 648 190 676 νῃ
218 640 434 676 παρακαλοῦντι·
462 641 542 668 πάλιν
569 641 596 668 δὲ
618 642 650 668 ὲκ
673 641 798 676 δευτέρου
825 641 943 676 ἔγραψεν

999 231 1091 258 divina
1104 239 1211 258 sumere
1225 236 1406 263 sacramenta,
1421 232 1472 259 hoc
1483 241 1537 259 non
1550 233 1686 261 concessit
1697 232 1785 261 Theo-

999 277 1100 311 philus.
1120 276 1137 302 Ii
1162 280 1253 303 atttem
1275 277 1456 304 ascenderunt
1477 278 1504 304 in
1527 277 1638 312 regiam,
1652 282 1679 304 et
1695 279 1786 312 proci-

999 322 1098 349 derunt
1113 322 1145 348 ad
1161 321 1242 356 pedes
1257 321 1380 353 Joannis,
1393 328 1574 356 cognomento
1586 322 1783 358 Chrysostomi.

999 366 1117 394 Joannes
1134 374 1198 393 vero
1221 374 1282 394 cum
1307 368 1447 394 didicisset
1470 376 1592 398 causam,
1615 368 1710 395 scribit
1726 368 1784 402 epi-

999 413 1096 439 stolam
1124 412 1156 439 ad
1184 411 1376 446 Theophilum,
1401 421 1500 448 rogans
1527 422 1603 445 euut,
1633 419 1661 440 ut
1688 413 1785 441 fratres

999 457 1156 484 dimitteret.
1183 457 1347 492 Theophilus
1370 462 1459 484 autern
1484 457 1579 484 Joanni
1605 459 1710 492 roganti
1731 466 1784 484 non

997 504 1097 537 parttit.
1115 502 1214 529 lterum
1230 510 1295 536 ergo
1308 504 1416 538 scripsit
1432 503 1551 530 Joannes
1567 503 1784 530 adhortationem

997 548 1156 583 Theophilo,
1172 555 1198 576 et
1214 558 1261 576 ttec
1275 551 1314 577 sic
1330 550 1419 584 parttit
1438 558 1445 576 :
1468 549 1586 576 Joannes
1606 550 1695 584 itaque
1716 549 1783 576 libe-

996 595 1064 620 ravit
1080 595 1148 621 duos
1162 594 1288 622 fratresa
1303 595 1498 630 Segregalione.
1524 595 1623 622 Exorla
1653 601 1693 622 ρει
1720 602 1784 630 pro-

998 645 1088 674 pterea
1102 640 1237 668 discordia
1255 641 1324 668 inter
1336 641 1467 668 Joannem
1482 645 1508 668 et
1523 640 1712 675 Theophilum.

157 687 284 720 Ἶωάννης
307 687 470 722 παρακαλῶν
493 688 539 714 τὸν
562 687 700 722 Θεόφιλον,
715 689 761 714 καὶ
779 687 839 713 οὔτε
867 687 953 718 οὕτως
972 685 1083 720 ἐπείσθη
1108 686 1148 720 τῷ
1183 687 1304 724 Ἰωάννῃ.
1333 687 1399 713 Τότε
1430 687 1555 722 Ἰωάννης
1579 686 1712 713 ἀπέλυσεν
1735 685 1782 713 τοῦ

156 731 310 766 ἀφορισμοῦ
323 732 385 764 τοὺς
402 732 448 758 δύο
470 732 614 767 ἀδελφούς·
627 733 665 764 ὡς
683 734 715 759 ἐκ
734 732 828 759 τούτου
851 732 943 759 λοιπον
962 731 1067 765 ἐγένετο
1081 731 1152 767 λύπη
1171 733 1275 767 μεγάλη
1291 732 1391 767 μεταξὺ
1409 732 1536 766 Θεοφίλου
1551 733 1592 759 καὶ
1612 733 1745 760 Ἰωάννου.

191 780 251 807 ΞΝ.
268 780 334 807 Κατ’
357 781 459 807 ἐκεῖνον
479 780 508 806 δὲ
529 781 573 807 τὸν
595 781 688 816 καιρὸν
707 779 740 816 ῆν
765 780 945 815 συγκλητικός

156 834 198 856 τις
216 825 284 860 ἀνὴρ
305 825 416 859 ὀνόματι
435 825 618 859 Θεόγνωστος·
635 822 711 857 οὗτος
729 826 890 861 Χριστιανὸς
906 825 944 852 ὣν

156 869 229 906 εἶχεν
245 871 289 898 τὸν
314 871 395 905 φόῧον
409 870 455 897 τοῦ
474 870 541 897 Θεοῦ
560 870 756 902 ἀδιαλείπτως,
771 872 818 898 καὶ
830 870 942 905 ἀγαπώ-

159 925 237 952 μενος
248 908 304 942 tua
319 916 366 943 τοῦ
383 915 523 951 βασιλέως.
541 916 635 948 Ἄλλος
652 916 679 942 δέ
696 925 737 948 τις
753 914 786 952 ἦν
801 917 848 943 καὶ
861 916 942 948 αὐτὸς

155 962 206 998 τῆς
219 962 386 998 συγκλήτου,
408 962 545 998 Δωρόθεος
562 962 735 997 καλούμενος.
752 961 806 989 Ἦν
822 963 850 989 δὲ
865 960 942 994 οὗτος

157 1008 305 1043 ’Λρειανός.
320 1005 402 1040 Οὗτος
417 1008 604 1043 κατηγόρησεν
618 1007 799 1042 Θεογνώστου,
813 1008 853 1034 ὅτι
870 1008 942 1041 ὓϐρι-

157 1062 202 1080 σεν
216 1053 261 1080 τὸν
275 1054 397 1088 βασιλέα·
417 1054 463 1080 καὶ
477 1054 523 1080 δύο
539 1054 677 1090 μάρτυρας
689 1053 794 1088 ψευδεῖς
806 1055 942 1090 παρέστη-

157 1108 212 1131 σεν,
228 1101 274 1126 καὶ
297 1099 407 1135 ἤλεγξεν
425 1100 470 1126 τὸν
494 1100 664 1134 Θεόγνωστον
691 1100 760 1126 κατὰ
786 1101 940 1136 πρόσωπον.

161 1145 191 1172 Ὀ
206 1143 251 1172 οὖν
266 1146 390 1180 βασιλεὺς
404 1145 542 1177 Θεοδόσιος
557 1145 697 1172 ἐκέλευσεν
712 1145 757 1172 τὸν
771 1146 941 1179 Θεόγνωστον

156 1190 341 1227 ἐξορισθῆναι,
360 1192 407 1218 καὶ
432 1191 467 1217 τὰ
489 1192 637 1227 πράγματα
659 1192 740 1218 αὑτοῦ
764 1191 940 1227 δημευθῆναι.

157 1238 283 1272 Ἐμεινεν
298 1237 326 1264 δὲ
343 1239 375 1273 τῇ
399 1239 509 1272 γυναικὶ
530 1237 702 1272 Θεογνώστου
725 1237 753 1264 ἓν
769 1239 938 1274 προαστεῖον,

155 1283 185 1315 ἐξ
198 1280 227 1309 ei:
241 1283 290 1318 τὴν
305 1284 462 1318 ἀποτροφὴν
479 1281 560 1318 εἶχεν.
574 1283 764 1318 Ἐτελεύτησεν
778 1283 806 1309 δὲ
818 1282 940 1316 Θεόγνω-

157 1337 216 1360 στος
231 1329 268 1360 ὡς
280 1328 384 1364 ὑπῆγεν
397 1330 425 1355 ὲν
439 1329 542 1364 ἐξορίᾳ.
557 1329 611 1363 Τῆς
626 1327 671 1355 οὖν
688 1328 844 1364 βασιλίσσης
861 1329 941 1354 Εὺδω

155 1375 214 1408 ξίας
227 1375 386 1412 ἐξελθούσης
401 1377 465 1402 ποτὲ
480 1378 508 1402 ὲν
520 1375 560 1411 τῷ
573 1376 724 1411 προκένσῳ,
737 1375 776 1410 τῷ
791 1375 877 1410 καιρῷ
893 1375 940 1401 τοῦ

154 1422 300 1457 τρυγητοῦ,
316 1422 379 1448 ἔνθα
393 1420 426 1458 ἦν
441 1422 471 1448 τὸ
490 1423 649 1457 προαπεῖον
663 1422 712 1456 τῆς
732 1421 860 1455 γυναικὸς
874 1421 940 1448 Θεο-

154 1467 285 1502 γνὼστου,
302 1468 352 1494 οὐκ
368 1465 426 1494 οἶδα
448 1467 518 1494 κατὰ
539 1467 617 1494 ποίαν
638 1467 726 1493 αἰτίαν
739 1466 895 1493 εἰσελθοῦσα
910 1468 939 1493 ὲν

155 1513 192 1548 τῷ
215 1513 355 1548 ἀμπελῶνι
378 1512 427 1547 τῆς
449 1513 576 1547 γυναικὸς
599 1513 616 1548 ἡ
642 1512 783 1546 βασίλισσα
803 1512 973 1558 ἀπέτεμειιῦ

155 1559 202 1585 ἕνα
217 1558 322 1594 βότρυν.
345 1556 431 1585 Εἶπαν
453 1558 481 1584 δέ
497 1567 568 1589 τινες
583 1558 637 1584 τῶν
651 1557 832 1592 παρεστώτων
845 1558 876 1592 τῇ
892 1556 939 1591 βα-

155 1605 276 1640 σιλίσσῃ·
291 1605 439 1634 Δέσποινα.
454 1603 591 1639 ἁλλότριός
605 1604 678 1629 ἐστιν
693 1604 707 1629 ό
721 1601 850 1637 ἀμπελὼν
860 1622 867 1634 ,
879 1602 939 1628 ὅθεν

155 1650 289 1685 ἀπέτεμες
309 1650 355 1675 τὸν
372 1649 478 1684 βότρυν.
498 1649 578 1680 Ἐθος
592 1648 620 1675 δέ
638 1649 695 1675 ἐστι
715 1649 772 1679 τοῖς
787 1647 938 1682 βασιλεῦσιν

154 1696 201 1722 καὶ
220 1696 280 1726 ταῖς
303 1694 485 1729 βασιλίσσαις,
510 1694 562 1720 κᾶν
583 1694 651 1720 πόδα
672 1694 813 1727 ἐπενέγκοι
831 1694 871 1724 εἰς
890 1693 939 1728 τὴν

155 1740 306 1776 ἀλλοτρίαν,
321 1740 372 1767 κᾶν
390 1740 492 1776 καρπὸν
514 1739 590 1766 λάϐοι
605 1739 659 1766 ἀπό
677 1747 748 1770 τινος
765 1738 817 1765 τῶν
840 1739 939 1774 καρπί-

156 1796 212 1821 μων
235 1786 330 1819 ξύλων,
353 1785 452 1821 μηκέτι
468 1785 546 1812 ἄλλον
567 1785 628 1811 τινὰ
646 1784 825 1816 ὲξουσιάζειν,
849 1785 936 1820 ἀλλ’ἢ

154 1832 198 1858 τὸν
221 1831 343 1866 βασιλέα.
356 1831 508 1858 ’Λκουσασα
524 1831 556 1866 δὴ
576 1832 592 1866 ὴ
615 1831 683 1866 γυνὴ
700 1830 881 1864 Θεογνώστου,
897 1831 937 1857 ὅτι

154 1877 316 1911 ἀπεσπάσθη
340 1879 354 1904 ό
376 1878 460 1914 ἀγρὸς
484 1877 577 1912 αὐτῆς,
601 1877 719 1912 ἔγραψεν
739 1878 779 1908 εἰς
799 1877 936 1912 δίπτυχον,

153 1924 200 1949 καὶ
215 1923 373 1949 ἀπέστειλεν
397 1922 464 1958 πρὸς
491 1923 625 1957 Ἰωάννην.
644 1921 698 1949 Ἦν
717 1923 770 1958 γὰρ
787 1923 936 1958 ἀγαπώμε-

153 1977 197 1999 νος
221 1968 322 2002 σφόδρα
339 1967 390 1994 ὑπὸ
410 1968 456 1994 τοῦ
481 1967 611 2003 βασιλέως
634 1968 680 1994 καὶ
702 1968 749 2003 τῆς
767 1967 934 2004 βασιλίσσης.

153 2013 253 2040 Μαθὼν
269 2012 315 2039 οὖν
338 2013 423 2039 ταῦτα
445 2014 458 2039 ὁ
476 2013 602 2048 Ἰωάννης
619 2012 775 2040 ἀπέστειλέν
794 2013 838 2039 τὸν
858 2014 936 2048 ἁρχι-

153 2057 272 2084 διάκονον
287 2057 378 2088 αὑτοῦ,
394 2057 477 2092 ἄνδρα
489 2057 577 2091 λόγιον
590 2058 636 2084 καὶ
653 2058 725 2093 ὀρθῷ
739 2058 787 2093 βίῳ
801 2067 936 2094 κεκοσμη-

155 2102 242 2136 μένον.
260 2102 295 2128 Τὺ
311 2101 337 2127 δὲ
352 2101 437 2136 ὄνομα
457 2101 538 2128 αὑτοῦ
562 2101 682 2128 ἐκαλεῖτο
698 2101 824 2136 Εὒτδχος.
839 2101 935 2136 Εἰσῆλ-

153 2147 198 2173 θεν
213 2145 258 2174 οὖν
275 2146 393 2182 Εὕτυχος
413 2147 480 2181 πρὸς
494 2147 544 2182 τὴν
567 2147 731 2181 βασίλισσαν,
750 2148 797 2174 καὶ
810 2146 934 2182 διελέχθη

1034 779 1101 806 LXI.
1118 780 1180 807 Fuit
1202 785 1292 807 autem
1309 781 1454 815 aliquando
1477 780 1518 807 vir
1540 781 1649 815 quidam
1671 785 1780 808 senato-

997 825 1065 858 rius,
1085 826 1192 853 nomine
1208 825 1406 861 Theognoslus.
1426 825 1474 853 Hic
1491 834 1551 853 cum
1567 831 1638 853 esset
1652 826 1782 854 Christia-

959 861 979 889 Β
993 877 1062 903 ttus,
1087 870 1181 897 habuit
1204 871 1312 898 assidue
1335 871 1460 898 timorem
1482 870 1528 898 Dei
1554 876 1616 898 ante
1634 871 1738 903 acules,
1752 876 1781 898 et

993 915 1157 950 diligebatur
1180 917 1214 943 ab
1234 917 1405 951 imperatore.
1430 916 1494 943 Erat
1515 921 1605 943 autem
1628 917 1713 950 alius,
1731 918 1778 952 qui

993 961 1051 996 ipse
1067 969 1177 996 quoque
1191 967 1249 989 erat
1271 963 1374 990 ordinis
1398 963 1543 995 senatorii,
1560 962 1711 990 Dorotheus
1727 971 1778 990 tto-

993 1007 1077 1039 mine,
1101 1008 1230 1036 Arianus.
1256 1008 1280 1036 ls
1305 1010 1444 1036 accusavit
1466 1008 1679 1044 Theognostttm,
1705 1009 1778 1044 quod

993 1053 1184 1088 imperatorem
1212 1055 1346 1082 aﬂ'ecisset
1369 1054 1532 1082 contumelia
1561 1063 1567 1082 :
1596 1059 1623 1081 et
1652 1055 1778 1089 produxit

991 1098 1061 1124 duos
1089 1098 1172 1126 falsos
1200 1103 1302 1130 testes,
1329 1099 1376 1134 qui
1407 1104 1568 1134 przesentem
1603 1099 1778 1126 convicerunt

993 1143 1194 1179 Theognostum
1206 1166 1213 1177 ,
1229 1145 1300 1180 quod
1319 1145 1482 1172 contumelia
1501 1145 1635 1173 aﬂ'ecisset
1659 1145 1777 1180 impera-

993 1195 1091 1217 torem.
1112 1189 1261 1224 Imperator
1277 1191 1369 1225 itaque
1386 1192 1519 1218 Arcadius
1537 1191 1620 1225 jussit
1634 1190 1776 1225 Tlteogno-

993 1237 1064 1263 sttitn
1084 1235 1208 1269 relegari,
1224 1241 1250 1262 et
1265 1236 1336 1263 bona
1350 1236 1409 1270 ejus
1429 1236 1571 1271 publicari.
1585 1235 1669 1263 Uxori
1685 1240 1776 1263 autetn

992 1280 1157 1316 Theognosti
1173 1282 1273 1309 mansit
1288 1289 1370 1308 unum
1388 1282 1584 1315 suburbanum,
1600 1290 1633 1309 ex
1655 1289 1710 1316 quo
1725 1282 1776 1308 ha-

991 1327 1070 1354 bebat
1087 1327 1254 1354 alimentum.
1274 1327 1394 1355 Decessit
1410 1327 1610 1363 Tlteognostus,
1628 1336 1689 1355 cum
1705 1332 1777 1355 esset

991 1372 1018 1398 in
1042 1372 1148 1399 exsilio.
1174 1372 1296 1399 Eudoxia
1320 1377 1409 1399 autem
1435 1373 1581 1408 aliquando
1605 1380 1714 1408 egressa
1741 1373 1775 1399 ad

990 1418 1165 1449 vindemiam,
1184 1413 1245 1444 cum
1263 1425 1346 1452 prope
1366 1425 1424 1444 eam
1440 1423 1510 1445 esset
1527 1419 1680 1453 possessio,
1695 1423 1722 1445 et
1735 1418 1775 1444 vi-

991 1465 1025 1491 tis
1050 1463 1205 1490 suburbana
1224 1464 1317 1491 uxoris
1334 1463 1515 1499 Theognosti,
1541 1464 1633 1492 nescio
1656 1472 1775 1499 quanam

991 1510 1024 1536 de
1037 1517 1129 1541 causa,
1147 1517 1207 1536 cum
1224 1516 1332 1544 egressa
1347 1514 1418 1537 esset
1431 1509 1465 1537 de
1480 1510 1558 1537 vinea
1576 1517 1636 1542 sua,
1653 1510 1773 1545 ingressa

989 1559 1031 1581 est
1048 1554 1152 1581 vineam
1171 1555 1264 1582 uxoris
1281 1554 1454 1590 Theognosti,
1473 1560 1500 1582 et
1517 1556 1624 1583 botrum
1641 1557 1773 1584 exsecuit.

990 1599 1122 1626 Dixerunt
1138 1605 1227 1626 autem
1241 1600 1324 1634 aliqui
1341 1608 1372 1627 ex
1391 1601 1440 1634 iis,
1457 1601 1503 1635 qui
1519 1601 1682 1628 assistebant
1697 1610 1704 1627 :
1719 1600 1775 1629 Do—

991 1646 1074 1677 mina,
1090 1646 1200 1672 secuisti
1216 1645 1323 1673 botrum
1340 1646 1434 1673 alienae
1449 1646 1542 1673 vincat.
1559 1646 1617 1673 Mos
1631 1652 1673 1675 est.
1686 1647 1772 1682 impe-

989 1691 1127 1718 ratoribus
1143 1695 1170 1718 et
1193 1691 1420 1725 imperatricibus,
1437 1692 1459 1718 si
1478 1693 1520 1719 vel
1543 1692 1636 1726 pedem
1650 1692 1774 1720 intulerit

989 1736 1015 1763 in
1031 1742 1130 1763 terram
1157 1736 1291 1769 alienant,
1313 1742 1339 1763 et
1354 1737 1377 1764 si
1395 1737 1512 1764 fructum
1529 1738 1663 1772 acceperit
1676 1745 1709 1765 ex
1724 1738 1773 1764 ali-

988 1791 1043 1817 quo
1056 1790 1088 1810 ex
1105 1783 1138 1810 iis
1156 1791 1216 1817 qua:
1237 1782 1354 1810 fructum
1370 1783 1470 1814 ferunt,
1486 1788 1516 1810 ut
1540 1783 1630 1810 nullus
1653 1784 1722 1810 alius
1744 1784 1772 1811 in

987 1836 1018 1855 ea
1037 1831 1197 1862 potestatem
1222 1828 1328 1861 habeat,
1349 1829 1401 1856 nisi
1423 1829 1580 1864 imperator.
1596 1829 1662 1856 Cum
1683 1829 1773 1856 Theo-

988 1874 1077 1908 gnosti
1102 1878 1193 1901 autem
1219 1882 1287 1902 uxor
1311 1875 1457 1908 audiisset,
1480 1875 1552 1910 quod
1576 1883 1642 1902 suus
1659 1883 1723 1910 ager
1737 1876 1772 1902 ab

987 1928 1018 1947 ea
1035 1921 1071 1948 sit
1088 1921 1213 1953 avulsus,
1231 1921 1256 1947 id
1274 1921 1381 1955 scripsit
1405 1921 1432 1947 in
1449 1921 1643 1956 pugillaribus,
1657 1926 1683 1948 et
1697 1921 1772 1948 misit

987 1966 1020 1993 ad
1045 1965 1187 1994 Joannem.
1214 1966 1297 1994 Valde
1325 1966 1397 1993 enim
1426 1966 1567 1993 amabatur
1592 1966 1711 1994 Joannes
1736 1966 1771 1993 ab

987 2011 1149 2046 imperatore
1171 2017 1198 2039 et
1220 2012 1254 2039 ab
1270 2012 1449 2046 imperatrice.
1470 2012 1538 2039 Cum
1554 2012 1611 2039 ha=c
1631 2012 1770 2039 didicisset

986 2057 1114 2090 Joannes,
1133 2058 1208 2085 misit
1229 2065 1307 2085 suum
1323 2058 1558 2094 archidiaconutn,
1573 2058 1660 2084 virum
1677 2058 1770 2085 erudi-

987 2107 1054 2136 tmn,
1068 2107 1095 2130 et
1119 2108 1191 2130 recta
1215 2103 1268 2129 vita
1292 2103 1444 2137 praeditum.
1467 2102 1570 2129 Nomen
1595 2107 1684 2129 autem
1709 2102 1769 2137 ejus

985 2148 1134 2175 vocabatur
1149 2147 1297 2184 Eutychus.
1319 2148 1459 2184 ingressus
1474 2152 1563 2175 autem
1578 2147 1716 2184 Eutychus
1734 2149 1768 2175 ad

151 2194 218 2228 αὐτῇ
237 2192 306 2219 κατὰ
329 2192 376 2227 τὴν
393 2193 541 2228 ἐπιτροπὴν
556 2192 689 2219 Ἰωάννου.
705 2190 787 2219 Εἶπεν
806 2192 834 2218 δὲ
848 2192 864 2227 ἡ
884 2191 930 2226 βα-

990 2193 1204 2228 imperatricem,
1230 2201 1292 2221 cum
1322 2201 1352 2220 ea
1387 2193 1515 2220 disseruit
1537 2193 1616 2227 jussu
1643 2192 1764 2220 Joannis.

152 2239 258 2265 σὶλισσα
272 2239 338 2273 πρὸς
354 2239 398 2264 τὸν
417 2238 544 2273 Εὔτυχον,
562 2239 617 2264 ὅτι·
639 2239 728 2273 Νόμος
748 2239 821 2264 ἐστὶν
842 2234 932 2269 οὗτος·

150 2285 216 2310 ὅπου
241 2283 268 2309 δὲ
293 2283 426 2318 βούλεται,
441 2285 480 2315 εἰς
500 2283 581 2318 ἄλλην
605 2284 736 2318 ἐπαρχίαν
754 2283 849 2318 δίδωμι
865 2283 932 2318 αὐτῇ

150 2331 258 2366 χωρίον.
291 2330 420 2362 Ἑξελθὼν
445 2330 473 2356 δὲ
503 2331 518 2356 ὁ
545 2329 679 2364 Εὖτυχος,
706 2329 865 2364 ἀνήγγειλεν
894 2329 934 2364 τῷ

149 2376 262 2413 Ἰωάννῃ
281 2378 343 2408 τοὺς
361 2376 457 2410 λόγους
475 2377 524 2411 τῆς
546 2375 712 2410 βασιλίσπς.
734 2375 883 2410 Ἐπορεὺθη
904 2375 932 2401 δὲ

150 2423 276 2458 Ἰωάννης
299 2423 328 2449 ἐν
346 2422 384 2457 τῷ
398 2423 513 2458 ταμιείῳ
529 2421 568 2457 τῷ
583 2421 729 2456 βασιλικῷ,
745 2421 792 2448 καὶ
808 2419 883 2447 εἶπεν
899 2422 932 2456 τῇ

151 2469 307 2504 βασιλίσσῃ·
328 2469 439 2499 Ἀπόδος
460 2469 505 2494 τὸν
529 2468 612 2503 ἀγρὸν
629 2467 678 2502 τῆς
693 2468 790 2503 χήρας.
807 2465 890 2494 Εἶπεν
903 2467 932 2493 δὲ

149 2515 320 2551 ἡβασίλισσα
343 2514 381 2550 τῷ
400 2515 524 2550 Ἰωάννῃ·
543 2515 631 2546 Μάθε,
651 2514 751 2549 Πάτερ,
767 2514 816 2548 τὴν
831 2513 929 2545 αἰτίαν,

148 2561 194 2586 καὶ
204 2561 263 2586 τότε
277 2560 400 2594 ἑπάγαγε
415 2560 463 2595 τὴν
478 2560 632 2595 ἐπιϐουλὴν,
646 2560 678 2594 ἦν
690 2559 778 2593 λέγεις
788 2560 827 2586 ὅτι
839 2559 932 2595 ἐποίη-

149 2613 182 2630 σα
198 2605 230 2639 τῇ
247 2605 327 2639 χήρᾳ.
351 2602 433 2630 Εἶπεν
457 2604 485 2630 δὲ
504 2604 583 2631 πάλιν
598 2606 614 2639 ἡ
633 2604 775 2639 βασίλισσα
787 2604 826 2638 τῷ
840 2604 931 2631 Ἰωάν-

148 2657 197 2684 νῃ·
225 2649 270 2685 Μὴ
298 2649 418 2685 ἐλέγχειν
445 2650 504 2676 θέλε
532 2650 602 2677 κατὰ
628 2650 772 2686 πρόσωπον
800 2650 928 2684 βασιλεῖς.

148 2691 231 2720 Εἶπεν
246 2694 274 2720 δὲ
288 2694 430 2730 Ίωάννης-
445 2695 498 2720 Καὶ
514 2695 593 2721 πάλιν
605 2695 644 2721 σοὶ
659 2695 740 2729 λέγω·
760 2695 869 2726 Ἀπόδος
885 2696 930 2722 τὸν

147 2738 232 2773 ἀγρὸν
248 2739 297 2774 τῆς
309 2739 406 2775 χήρας.
423 2741 562 2772 Ἤκουσας
579 2740 636 2772 πῶς
651 2741 834 2775 στηλιτεύεται
850 2741 930 2774 Ἰεζά-

147 2784 205 2816 ϐελ,
225 2784 270 2810 καὶ
287 2785 368 2820 μέχρι
391 2786 510 2821 σήμερον
527 2786 578 2812 ὑπὸ
592 2786 640 2821 τῆς
663 2787 736 2819 θείας
759 2787 867 2822 Γραφῆς
880 2788 928 2814 δα-

147 2829 369 2859 κτυλοδεικτεῖται
382 2831 428 2858 ἐπὶ
441 2831 518 2866 κακῷ
532 2831 565 2858 δι’
576 2831 722 2865 ἀμπελῶνα
735 2833 807 2859 όσίου
822 2834 927 2867 ἀνδρός.

986 2238 1059 2265 Dixit
1081 2247 1146 2266 vero
1165 2239 1320 2274 imperatrix
1344 2239 1487 2274 Eutycho:
1505 2238 1566 2266 Htec
1585 2244 1627 2266 est
1653 2240 1694 2266 lex
1722 2248 1765 2267 re-

985 2285 1026 2318 gia
1045 2293 1050 2310 :
1067 2285 1221 2320 ubicunque
1240 2290 1330 2312 autem
1346 2285 1408 2312 velit
1423 2285 1449 2311 in
1468 2285 1519 2311 alia
1534 2285 1681 2319 provincia,
1697 2287 1767 2313 dabo

983 2331 1007 2357 ei
1026 2331 1166 2365 prtedium.
1180 2330 1312 2366 Egressus
1326 2330 1473 2366 Eutychus,
1486 2331 1656 2358 anttuntiavit
1668 2331 1766 2358 Joanni

983 2376 1065 2404 verba
1092 2372 1282 2412 imperatricis.
1302 2376 1350 2404 hit
1374 2381 1464 2403 autent
1490 2376 1609 2404 Joannes
1629 2377 1653 2404 in
1675 2378 1765 2405 aulam

983 2423 1095 2456 regiam,
1109 2427 1136 2450 et
1149 2423 1217 2450 dixit
1233 2422 1394 2457 imperatt'ici
1411 2432 1416 2449 :
1435 2422 1526 2450 Redde
1549 2428 1642 2458 agruln
1666 2424 1764 2451 viduae.

983 2466 1056 2494 Dixit
1071 2467 1168 2494 Joanni
1191 2467 1347 2502 imperatrix
1364 2476 1371 2494 :
1386 2466 1482 2500 Pater,
1505 2467 1578 2494 disce
1596 2475 1717 2498 causam,
1739 2473 1766 2495 et

982 2519 1046 2540 tuttc
1062 2513 1168 2540 intende
1189 2513 1303 2545 crimen,
1318 2514 1390 2547 quod
1407 2521 1450 2540 me
1465 2513 1535 2541 dicis
1549 2513 1719 2540 commisisse
1737 2513 1763 2540 in

982 2559 1100 2586 viduam.
1126 2558 1199 2586 Dixit
1224 2564 1313 2586 autem
1339 2567 1436 2587 rurstts
1460 2559 1577 2586 Joannes
1598 2568 1605 2586 :
1628 2559 1686 2586 Dixi
1704 2559 1764 2590 tibi,

982 2604 1072 2631 Redde
1087 2605 1167 2631 vitem
1186 2604 1283 2631 viduae.
1301 2604 1371 2631 Dixit
1389 2604 1545 2639 itnperatrix
1560 2603 1657 2632 Joanni
1672 2613 1678 2631 :
1691 2604 1763 2638 Noli,

980 2650 1059 2677 Patcr
1073 2649 1200 2682 Joannes,
1218 2650 1270 2677 noli
1285 2650 1324 2677 sic
1340 2657 1433 2677 coram
1448 2657 1562 2685 arguere
1575 2651 1762 2685 imperatores.

980 2695 1052 2722 Dixit
1076 2695 1218 2722 Joannes:
1241 2695 1345 2722 Rursus
1367 2696 1428 2723 dico
1453 2696 1501 2723 tibi
1527 2704 1533 2721 :
1553 2695 1644 2723 Redde
1668 2703 1763 2730 agrum

980 2741 1078 2768 viduze.
1096 2741 1237 2772 Audiristi,
1251 2746 1352 2775 quanta
1370 2746 1478 2768 notetur
1493 2741 1640 2776 ignominia
1652 2740 1761 2768 Jezabel

979 2792 1089 2821 propter
1114 2787 1229 2818 vineam,
1253 2791 1279 2813 et
1296 2794 1382 2821 usque
1406 2787 1433 2813 in
1460 2787 1619 2814 hodiernum
1645 2786 1715 2814 diem
1733 2786 1761 2814 in

981 2833 1082 2861 malum
1106 2833 1189 2868 digito
1215 2833 1390 2867 ostendatur,
1416 2839 1524 2868 propter
1542 2833 1647 2861 vineam
1674 2833 1762 2861 sancti
