1934 3029
151 119 201 148 M3

809 118 838 146 S.
859 118 1028 147 EPIPHANII
1046 120 1136 147 VITA.

1720 123 1770 151 104

150 177 199 203 viri
219 176 250 202 ”.
271 176 339 203 Cum
365 175 421 202 hmc
439 179 527 202 autem
552 174 586 202 ab
610 174 715 202 Joanne
733 175 865 202 audiissct
885 176 935 202 im-

995 177 1027 204 'H
1048 178 1076 205 δὲ
1101 178 1242 213 βασίλισσα
1268 177 1408 204 ἀκούσασα
1428 177 1514 204 ταῦτα
1540 177 1615 213 παρὰ
1635 178 1770 213 Ἰωάννου,

150 221 279 256 peratrix,
301 221 383 256 jussit
406 220 537 248 Joannem
559 220 619 254 ejici
640 228 673 247 ex
698 222 759 247 aula
784 221 866 256 regia.
883 221 935 254 Qui

150 275 287 300 egressus,
308 267 380 293 venit
398 267 422 293 in
444 266 597 294 ecclesiam.
619 265 689 293 Dixit.
712 271 801 293 autem
819 266 936 294 Joannes

151 313 272 347 Eutycho
291 320 298 337 :
318 311 432 344 Quando
450 312 553 338 venerit
570 311 727 346 imperatrix
742 312 769 338 in
781 312 934 345 ecclesiam,

151 359 242 392 accipe
256 363 355 388 tecum,
374 358 420 392 qui
435 358 482 384 tibi
501 358 628 389 serviant,
643 362 669 384 ct
684 362 722 384 sta
737 358 764 384 in
780 358 865 390 aditu,
881 366 936 392 quo

151 405 219 431 solet
236 403 339 439 ingredi
360 404 386 430 in
400 404 554 435 ecclesiam,
568 408 595 430 et
609 411 642 430 ne
656 403 729 430 sinas
746 411 805 430 eam
822 404 935 439 ingredi,

150 450 243 476 dicens
260 459 266 476 :
283 449 402 476 Joannes
424 448 525 483 jussit.
549 456 583 475 ne
608 449 788 484 ingredereris
808 449 834 474 in
852 449 937 475 eccle-

151 496 230 522 siam.
255 495 299 523 Sic
320 500 409 522 autem
438 495 500 522 fecit
517 495 666 530 Eutychus.
681 495 722 521 Ab
742 503 775 522 eo
792 503 856 530 ergo
869 500 938 522 tem-

152 548 218 575 pore
233 541 343 568 incitata
363 545 405 568 est
428 541 586 574 imperati-ix
604 541 734 568 adversus
746 540 889 572 Joannem,
907 545 937 568 ut

151 594 213 613 eum
230 587 345 614 mitteret
361 587 387 613 in
403 587 540 614 exsilium.

187 675 265 702 LXII.
283 677 350 703 Cum
377 681 468 703 autem
491 676 639 703 audivisset
661 675 846 711 Theophilus.
870 677 938 703 velle

153 724 351 757 impcratriccm
377 724 483 750 mittere
506 722 638 749 Joannem
660 723 686 749 in
711 723 835 750 exsilium
849 743 856 754 ,
885 723 939 750 hoc

153 770 209 804 ipse
224 777 333 804 quoque
347 769 500 796 mirandum
518 769 544 795 in
565 768 673 795 modum
691 773 732 795 est
755 769 936 795 machinatus.

153 815 267 849 Scripsit
291 815 371 849 igitur
398 815 565 849 Theophilus
589 815 622 841 ad
652 813 833 848 Epiphaniam
862 815 937 842 [ictas

152 861 256 887 litteras
277 861 407 887 adversus
429 859 577 891 Joannem,
598 860 669 894 quod
699 860 797 886 sentiat.
818 859 937 887 Joannes

151 906 262 937 eadem,
286 914 347 940 quae
369 905 508 940 Origenes.
533 905 604 932 Mota
628 906 708 940 igitur
723 911 763 932 est
781 907 937 940 impcralrix

152 952 185 978 ad
210 959 271 978 eum
298 951 458 978 mittendum
484 952 511 978 in
535 951 661 978 exsiliunt
685 960 691 978 :
717 952 937 986 Epiphaniusqne

152 997 206 1024 cito
222 997 335 1023 credidit
355 996 514 1031 Theophila.
541 995 684 1024 Nesciebat
709 997 779 1023 enim
797 997 937 1031 Theophi-

152 1043 208 1070 lum
223 1050 283 1070 esse
306 1042 403 1068 Joanni
429 1042 581 1069 inimicum.
597 1042 702 1070 Accidit
716 1050 798 1076 vero,
821 1049 850 1070 ut
875 1044 934 1078 Epi-

153 1089 268 1122 phanius
284 1088 362 1115 vellet
382 1089 461 1114 etiam
478 1096 526 1122 pro
539 1096 568 1114 re
584 1088 636 1115 alia
653 1088 779 1123 navigare
793 1089 826 1116 ad
843 1090 935 1116 urbem

151 1134 265 1169 regiam.
283 1133 352 1160 Cum
368 1140 456 1160 autem
473 1134 506 1160 de
528 1133 632 1161 Joanne
646 1134 793 1162 audivisset
809 1143 824 1162 a
848 1135 936 1163 Theo-

151 1181 236 1215 philo,
260 1180 344 1206 multo
368 1180 453 1215 magis
474 1180 578 1206 studuit
593 1187 626 1207 eo
642 1181 753 1213 venire,
776 1181 822 1208 sed
840 1189 892 1208 non
909 1187 938 1209 ut

151 1227 248 1253 Joanni
273 1225 454 1253 malefaccret.
478 1225 520 1252 Me
546 1226 626 1260 igitur
640 1228 742 1260 accepit
759 1232 785 1253 et
805 1227 897 1260 Isaac,
911 1232 937 1254 ct

152 1272 339 1307 navigavimus
353 1271 626 1306 Constantinopolim.
645 1271 730 1299 Porro
747 1280 808 1299 cum
825 1280 875 1300 nos
891 1281 937 1299 ve-

153 1319 289 1345 nissemus
305 1319 332 1344 in
349 1318 498 1349 civitatem,
517 1323 575 1345 erat
595 1319 627 1345 de
645 1318 749 1345 Joanne
764 1327 859 1353 magna
876 1327 936 1354 per-

152 1365 288 1395 turbatio,
311 1365 438 1400 qnoniam
466 1365 581 1392 multum
606 1365 749 1392 amabalur
774 1374 787 1392 ει
821 1366 934 1393 civibus.

151 1410 235 1438 Erant
250 1416 340 1437 autem
357 1411 479 1445 qutedam
497 1411 660 1438 monasteria
673 1417 699 1438 et
711 1412 849 1446 martyria,
864 1419 934 1446 quzc,

152 1457 215 1492 quia
242 1458 385 1491 capiebant
407 1464 530 1484 annonas
553 1458 587 1484 ab
606 1458 785 1492 impcratrice,
803 1457 934 1485 Joannem

986 224 1128 250 ἐκέλευσεν
1143 225 1225 251 αὺτὸν
1245 224 1409 259 ἐκϐληθῆναι
1425 224 1478 257 ἔξω
1497 223 1544 250 τοῦ
1566 223 1704 259 βασιλικοῦ
1725 235 1773 254 τα-

988 269 1085 304 μιείου.
1103 270 1157 296 Καὶ
1178 269 1209 304 δὴ
1232 269 1346 301 ἐξελθὼν
1369 269 1503 305 ἐπορεύθη
1528 270 1556 295 ἐν
1577 271 1610 304 τῇ
1629 271 1771 307 ἐκκλησίᾳ.

987 312 1070 340 Εἶπεν
1084 315 1111 341 δὲ
1130 314 1255 350 Ἰωάννης
1267 315 1334 349 πρὸς
1349 313 1477 349 Εὖτυχον·
1496 315 1580 341 Ὅταν
1596 317 1773 350 παραγίνεται

987 359 1003 394 η
1020 359 1163 394 βασίλισσα
1181 360 1209 385 ἐν
1220 361 1253 394 τῇ
1266 359 1407 394 ἐκκλησίᾳ,
1421 359 1485 386 λάϐε
1500 360 1567 395 μετὰ
1583 361 1696 387 σεαυτοῦ
1710 363 1773 394 τοὺς

987 405 1054 440 πρὸς
1070 405 1231 440 ὑπηρεσίαν,
1247 407 1295 431 καὶ
1309 404 1387 439 στῆθι
1409 406 1437 431 ἐν
1452 406 1486 440 τῇ
1501 406 1594 441 εἰσόδῳ
1606 426 1613 437 ,
1627 406 1690 432 ἔνθα
1709 407 1772 434 εἴω-

987 449 1032 475 θεν
1050 450 1174 476 εἰσιέναι·
1193 450 1295 485 καὶ-μὴ
1309 450 1392 486 ἐάσῃς
1407 450 1490 486 αὖτ’·ῆν
1510 451 1656 478 εἰσελθεῖν·
1675 452 1770 486 λέγων,

986 496 1027 522 ὃτι
1041 495 1167 530 Ἰωάννης
1187 496 1336 532 ἐπέτρεψεν
1356 496 1403 522 τοῦ
1423 496 1459 531 μὴ
1475 496 1606 523 εἰσελθεῖν
1621 498 1650 523 ὲν
1671 499 1704 534 τῇ
1727 499 1772 525 ἐκ-

987 541 1094 576 κλησίᾳ..
1109 542 1251 576 Ἐποίησεν
1272 542 1300 568 δὲ
1314 542 1399 573 οὓτως
1421 542 1548 577 Εὔτυχος.
1564 543 1631 569 Ἀπὸ
1651 543 1710 570 τότε
1725 542 1771 571 οὖν

987 587 1098 622 ἐκινήθη
1122 588 1138 622 ή
1165 586 1308 621 βασίλισσα
1333 587 1403 614 κατὰ
1423 588 1547 614 Ἰωάννου
1577 588 1624 615 τοῦ
1654 588 1771 623 ἐξορίσαι

987 632 1020 657 αὐ
1024 632 1067 658 τόν
1072 651 1078 658 .

1022 677 1081 704 EB’.
1101 677 1233 708 ’Λκούσας
1251 677 1279 704 δὲ
1295 677 1423 712 Θεόφιλος
1444 678 1485 704 ὅτι
1509 679 1525 714 ἡ
1548 677 1690 713 βασίλισσα
1709 679 1772 714 βού-

987 722 1061 748 λεται
1077 722 1195 758 ἐξορίσαι
1211 722 1256 748 τὸν
1270 723 1406 757 Ἰωάννην,
1420 723 1558 759 περισσῶς
1574 723 1772 756 κατεσκεύαζεν

988 768 1035 794 καὶ
1049 768 1137 799 αὑτός,
1154 768 1292 803 Ἔγραψεν
1304 767 1349 795 οὖν
1360 769 1488 804 Θεόφιλος
1499 770 1648 805 Ἐπιφανίῳ
1662 770 1772 796 πλεῖστα

988 812 1138 847 γράμματα
1152 813 1220 838 κατὰ
1237 813 1370 844 Ἰωάννου,
1392 814 1428 844 ῶς
1445 814 1485 840 ὅτι
1507 814 1632 848 Ἰωάννης
1653 815 1686 841 τά
1701 815 1771 850 Ὠρι-

988 857 1081 891 γένους
1098 859 1198 893 φρονεῖ.
1213 859 1266 884 Καὶ
1283 858 1394 894 ἐκινήθη
1411 861 1427 894 ή
1440 859 1581 893 βασίλισσα
1595 859 1640 885 τοῦ
1654 859 1772 895 ἐξορίσαι

989 903 1084 929 αὐτόν’
1099 905 1112 929 ὁ
1124 901 1169 930 οὖν
1184 904 1340 938 Ἐπιψάνιος
1355 905 1421 939 πρὸς
1437 905 1500 938 τόξὺ
1514 905 1625 940 ἐπείσθη
1640 905 1770 941 Θεοφίλῳ.

989 949 1045 975 Οὐκ
1060 950 1116 984 ᾔδει
1131 950 1158 976 δὲ
1180 950 1219 976 ὃτι
1234 949 1393 984 ἀπεχθιάζει
1408 951 1535 984 Θεόφιλος
1551 951 1617 986 πρὸς
1635 951 1768 986 Ἰωάννην.

988 996 1089 1031 Συνέϐη
1109 996 1137 1022 δὲ
1158 996 1192 1022 δι’
1207 997 1353 1029 ἀναγκαῖον
1375 997 1490 1031 πρᾶγμα
1512 996 1668 1031 Ἐπιφάνιον
1686 995 1772 1022 θέλειν

987 1042 1116 1068 ἀποπλεῖν
1139 1043 1185 1068 ἐπὶ
1210 1042 1258 1077 τὴν
1281 1041 1414 1076 βασιλίδα.
1431 1042 1563 1073 Ἀκούσας
1584 1042 1612 1068 δὲ
1629 1042 1676 1068 καὶ
1696 1041 1771 1077 παρὰ

987 1087 1117 1121 Θεοφίλου
1137 1087 1247 1114 τοιαῦτα
1271 1087 1334 1122 περὶ
1347 1087 1470 1114 Ἰωάννου
1487 1087 1618 1114 ἔσπευσεν
1632 1087 1713 1114 πλέον
1724 1086 1770 1114 τοῦ

987 1133 1124 1160 ἀνελθεῖν·
1149 1133 1197 1168 οὺχ
1220 1134 1262 1160 ἴνα
1286 1133 1410 1168 Ἰωάννην
1434 1132 1620 1167 κακοποιήσει,
1645 1131 1703 1158 ἀλλ’
1727 1131 1771 1158 ἵνα.

987 1180 1060 1214 αὐτῷ
1076 1179 1213 1214 βοηθήσει,
1231 1179 1326 1205 Λαϐὼν
1341 1177 1387 1205 οὖν
1402 1178 1452 1213 ἐμὲ
1470 1179 1516 1204 καὶ
1531 1178 1624 1204 Ἰσαὰκ
1636 1177 1773 1204 ἀπεπλεύ-

988 1229 1072 1256 σαμεν
1096 1223 1124 1248 ὲν
1142 1222 1344 1248 Κωνσταντίνου
1367 1222 1455 1249 πόλει.
1479 1222 1533 1248 Καὶ
1551 1221 1582 1256 δὴ
1600 1221 1773 1249 εἰσελθόντων

987 1269 1064 1304 ἡμῶν
1081 1270 1109 1295 ἐν
1122 1270 1155 1303 τῇ
1172 1269 1257 1300 πόλει,
1273 1266 1307 1304 ἦν
1330 1269 1461 1303 σύγχυσις
1483 1268 1587 1304 μεγάλη
1603 1268 1667 1303 περὶ
1682 1268 1773 1294 Ἰωάν-

986 1322 1042 1346 νου,
1057 1314 1124 1340 διότι
1139 1314 1206 1340 πολὺ
1219 1314 1345 1348 ἠγαπᾶτο
1367 1314 1493 1349 Ἰωάννης
1513 1314 1564 1340 ὑπὸ
1576 1313 1629 1341 τῶν
1643 1313 1770 1340 πολιτῶν.

986 1358 1074 1386 Ἦσαν
1088 1360 1116 1385 δέ
1131 1368 1191 1386 τινα
1207 1360 1375 1395 μοναστήρια
1388 1359 1435 1386 καὶ
1453 1359 1588 1395 μαρτύρια
1603 1359 1774 1394 λαμϐάνοντα

986 1405 1106 1437 ἁννώνας
1137 1406 1212 1440 παρὰ
1240 1406 1289 1440 τῆς
1316 1406 1484 1440 βασιλίσσης,
1505 1406 1542 1440 μὴ
1569 1405 1700 1440 δεχόμενα
1727 1404 1773 1432 τὸν

986 1443 1122 1484 Ἰωάννην.
1139 1450 1320 1476 Εἰσελθόντων
1341 1448 1387 1476 οὖν
1411 1450 1488 1485 ἡμῶν
1507 1452 1535 1476 ἐν
1557 1450 1598 1476 ἐνὶ
1620 1449 1674 1476 τῶν
1691 1458 1774 1484 μονα-

151 1503 263 1530 niinime
276 1503 451 1537 recipiebant.
466 1502 551 1529 Nobis
566 1507 654 1529 autem
670 1503 797 1538 ingreSsis
811 1504 836 1530 in
851 1512 934 1531 unum

988 1496 1104 1530 στηρίων
1121 1496 1277 1530 ἠνάγκασαν
1292 1495 1450 1530 Ἑπιφάνιον
1460 1516 1467 1527 ,
1481 1496 1554 1526 ὅπως
1577 1496 1770 1531 χειροτονήσει,

151 1555 183 1574 ex
198 1548 251 1574 illis
271 1548 453 1580 monasteriis,
469 1552 616 1582 coegerunt.
636 1547 826 1582 Epiphanium,
841 1553 869 1575 ut
887 1555 932 1574 or-

152 1592 257 1618 dinaret
270 1592 409 1626 (quoniam
428 1592 463 1619 ita
486 1600 554 1626 opus
571 1592 638 1627 erat)
657 1601 729 1624 eum,
745 1593 791 1627 qui
807 1598 934 1627 prtcessct.

153 1637 292 1671 responsis
315 1636 463 1664 Ecclesia}:
483 1638 553 1672 quod
572 1639 652 1665 etiam
676 1637 749 1665 fecit.
765 1639 874 1666 Audivit
887 1647 935 1666 au-

153 1687 205 1708 tem
230 1681 358 1714 Joannes.
383 1687 410 1709 et.
435 1683 511 1709 valde
537 1683 691 1710 succensuit
716 1682 883 1718 Epiphanio,
908 1689 935 1713 et

153 1728 262 1762 scripsit
278 1728 419 1762 epistolam
445 1728 478 1754 ad
504 1728 699 1763 Epiphanium,
721 1737 781 1764 qua:
797 1731 821 1757 ei
845 1731 935 1758 attulit

153 1772 314 1800 molestia‘m.
339 1773 469 1801 Similiter
492 1774 659 1809 Epiphanius
676 1783 783 1810 quoque
797 1777 935 1811 respondit

153 1818 186 1844 ad
201 1825 231 1845 ea
249 1826 308 1851 qum
331 1819 430 1853 scripta
447 1818 564 1846 fuerant.
582 1820 691 1847 Audivit
712 1826 801 1848 autem
819 1824 935 1856 impera-

153 1863 204 1889 trix
224 1862 355 1890 Joannem
381 1864 462 1891 irasci
479 1863 639 1899 Epiphanio.
655 1865 720 1898 Quae
740 1873 800 1893 cum
819 1868 935 1894 accersi—

153 1908 236 1936 vissct
254 1907 444 1943 Epiphanium,
464 1903 532 1936 diiit
552 1910 577 1937 ci
601 1919 607 1937 :
629 1910 708 1937 Pater
732 1911 875 1946 Epiphani,
892 1917 933 1940 to-

154 1957 211 1980 tum
236 1958 275 1980 est
298 1961 388 1980 meum
412 1953 596 1981 Romanorum
625 1955 778 1990 imperium,
800 1961 826 1982 et.
847 1962 934 1984 totum

153 1999 334 2026 sacerdotium
352 1998 546 2033 Ecclesiaruni,
568 2008 629 2034 qua:
651 2005 714 2028 sunt
737 2001 788 2028 sub
807 2010 867 2028 meo
885 2004 936 2029 im-

152 2044 237 2079 perio,
253 2048 294 2072 est
312 2050 398 2072 tuum.
416 2044 548 2078 Quoniam
563 2044 681 2073 Joannes
691 2067 698 2079 ,
713 2047 759 2081 qui
776 2052 817 2074 est
831 2048 935 2075 alienus

153 2095 168 2113 a
183 2087 313 2122 dignitate
337 2089 491 2120 sacerdotii,
509 2089 656 2116 insolenter
679 2098 707 2118 se
722 2093 790 2125 gerit
807 2092 935 2119 adversus

153 2133 340 2168 imperatores,
356 2138 383 2161 et
406 2134 499 2161 dicunt
513 2141 575 2162 eum
593 2135 692 2162 habere
717 2136 834 2170 aliquant
854 2137 934 2165 aliam

988 1542 1028 1568 ὅτι
1050 1541 1128 1576 χρεία
1148 1539 1192 1576 ἦν,
1217 1542 1263 1568 ἐπὶ
1278 1541 1328 1576 τὴν
1347 1540 1575 1576 ἐκκλησιαστικὴν
1593 1541 1697 1576 χρείαν.
1718 1540 1773 1567 Καὶ

987 1587 1065 1614 τοῦτο
1080 1590 1204 1622 ποιήσας,
1219 1588 1266 1614 καὶ
1283 1587 1402 1619 ἀκούσας
1414 1586 1541 1621 Ἰωάννης
1562 1586 1684 1622 ἐλυπήθη
1707 1587 1772 1620 σφό-

987 1632 1037 1667 δρα
1061 1632 1128 1667 πρὺς
1147 1632 1312 1666 Ἐπιφάνιον·
1332 1632 1378 1658 καὶ
1399 1632 1542 1667 ἐπιστολὴν
1568 1631 1685 1667 ἔγραψεν
1698 1633 1772 1658 Ἐπι-

988 1677 1075 1712 φανίῳ
1093 1677 1181 1712 λύπην
1200 1677 1346 1711 γεννῶσαν.
1369 1677 1485 1712 Ὁμοίως
1505 1678 1551 1703 καὶ
1565 1677 1721 1711 Ἐπιφάνιος
1734 1677 1772 1712 τῷ

987 1723 1098 1759 Ἰωάννῃ
1111 1723 1177 1758 πρὸς
1194 1723 1227 1749 τὰ
1238 1724 1387 1758 γραφέντα.
1404 1723 1537 1750 ἸΙκουσεν
1551 1722 1578 1749 δὲ
1596 1723 1612 1757 ὴ
1629 1723 1773 1757 βασίλισσα

987 1769 1027 1794 ὅτι
1046 1767 1164 1803 ἐλυπήθη
1177 1768 1304 1804 Ἰωάννης
1316 1768 1383 1804 πρὸς
1395 1768 1563 1802 Ἐπιφάνιον“
1580 1768 1626 1794 καὶ
1644 1768 1675 1803 δὴ
1693 1776 1773 1802 προσ-

987 1814 1157 1849 καλεσαμένη
1170 1814 1215 1841 τὸν
1226 1814 1382 1848 Ἐπιφάνιον
1399 1812 1475 1841 εἶπεν
1494 1814 1576 1849 αὐτῷ·
1594 1814 1684 1849 Πάτερ
1697 1814 1773 1840 Ἐπι-

988 1861 1076 1894 φάνιε,
1091 1861 1164 1887 πάσα
1179 1861 1194 1895 ἡ
1211 1859 1334 1894 βασιλεία
1348 1860 1401 1886 τῶν
1420 1860 1561 1895 Ῥωμαίων
1577 1860 1628 1895 ἐμή
1642 1860 1708 1886 ἐστι·
1725 1859 1773 1885 καὶ

988 1907 1063 1933 πᾶσα
1076 1907 1091 1941 ὴ
1108 1905 1240 1941 ἱερωσύνη
1256 1905 1309 1932 τῶν
1323 1905 1490 1941 Ἑκκλησιῶν
1506 1906 1560 1932 τῶν
1575 1906 1627 1932 ὑπὸ
1639 1906 1687 1940 τὴν
1704 1905 1772 1941 ἐμὴν

989 1951 1125 1986 βασιλείαν
1146 1953 1178 1987 σή
1194 1951 1277 1978 ἐστιν.
1299 1951 1406 1986 Ἐπειδὴ
1425 1951 1453 1977 δὲ
1472 1951 1598 1986 Ἰωάννης
1611 1971 1618 1983 ,
1635 1951 1773 1985 ἀλλότριος

988 1998 1037 2033 τῆς
1054 1996 1179 2029 εὐταξίας
1201 1997 1250 2032 τῆς
1273 1997 1422 2032 ἱερωσύνης
1440 1996 1496 2029 ὢν,
1519 1997 1643 2027 ἀτάκτως
1660 1996 1772 2031 φέρεται

989 2044 1058 2070 κατὰ
1086 2043 1233 2078 βασιλέων,
1260 2043 1305 2069 καὶ
1329 2043 1432 2078 αἵρεσίν
1460 2051 1521 2070 τινα
1547 2042 1670 2076 λέγουσιν
1692 2041 1773 2068 αὑτὸν

989 2088 1077 2124 ἔχειν,
1098 2088 1193 2115 τούτου
1218 2089 1296 2124 χάριν
1319 2089 1373 2114 ἀπὸ
1396 2088 1505 2124 ἡμερῶν
1529 2088 1633 2114 πολλῶν
1655 2088 1773 2114 κατακό-

989 2134 1084 2161 πτεταί
1101 2144 1151 2169 μου
1163 2135 1177 2160 ὁ
1193 2134 1320 2169 λογισμὸς
1334 2134 1397 2170 περὶ
1410 2134 1456 2160 τοῦ
1471 2135 1581 2169 ποιῆσαι
1594 2133 1712 2164 σύνοδον,
1727 2132 1774 2159 καὶ

153 2178 277 2206 haeresim
291 2178 398 2214 (prmter
411 2180 559 2214 nostram);
577 2188 608 2207 ea
624 2181 657 2208 de
674 2189 755 2209 causa
779 2183 870 2209 multis
887 2184 934 2211 ab-

989 2178 1082 2204 τοῦτον
1100 2179 1268 2214 ἐκκήρυκτον
1294 2179 1405 2214 ποιῆσαι
1427 2179 1476 2214 τῆς
1501 2178 1649 2214 ἱερωσύνης
1668 2179 1705 2210 ὡς
1724 2178 1773 2206 dv-

152 2224 216 2251 hinc
228 2224 324 2252 diebus
340 2225 366 2252 in
383 2225 474 2252 animo
490 2233 578 2258 verso,
595 2225 682 2253 facere
694 2227 727 2254 de
741 2234 773 2253 eo
790 2228 933 2262 synodum,

151 2275 178 2297 et
193 2277 255 2297 eum
279 2275 408 2306 tanquam
433 2271 572 2307 indignum
592 2273 718 2300 abdicare
738 2281 752 2300 a
768 2274 933 2306 sacerdotio;

152 2315 180 2342 in
197 2317 260 2344 sede
276 2322 364 2343 antem
389 2317 523 2345 collocare
536 2318 652 2353 aliquem
676 2319 774 2351 alium,
789 2319 834 2354 qui
851 2320 937 2354 possit

152 2362 274 2389 obtinere
291 2363 482 2396 sacerdotium,
498 2369 528 2392 ut
541 2373 632 2392 meum
651 2365 792 2400 imperium
808 2366 843 2393 sit
859 2367 936 2401 qnic-

152 2413 209 2435 tum
226 2407 253 2434 in
274 2408 411 2435 omnibus.
427 2409 496 2436 Cum
512 2410 668 2444 imperatrix
686 2411 742 2438 hmc
759 2411 858 2438 diceret
873 2410 936 2446 Epi-

152 2453 270 2488 phanio,
297 2453 337 2480 ira
360 2457 432 2486 tota,
450 2459 551 2488 quanta
573 2460 642 2488 erat,
658 2456 886 2483 commovebatur.
904 2456 934 2484 Ei

152 2506 216 2533 ergo
230 2505 326 2525 rursus
339 2498 407 2525 dixit
423 2509 429 2525 :
444 2499 512 2526 Cum
530 2504 575 2527 tua
591 2501 635 2527 hic
649 2501 684 2527 sit
698 2509 759 2528 eum
774 2501 827 2528 Deo
845 2507 934 2536 pater-

152 2544 235 2575 nitas,
259 2551 312 2569 non
335 2550 404 2578 opus
426 2549 483 2575 est,
507 2549 536 2571 ut
558 2545 619 2572 aliis
636 2545 760 2573 Patribus
783 2546 935 2574 molestiam

148 2589 338 2616 exhibeamus.
356 2587 408 2616 Sed
431 2597 511 2624 quem
536 2590 583 2617 tibi
601 2590 672 2618 Dens
688 2592 855 2624 revelavcrit,
872 2599 933 2619 eum

148 2634 196 2661 iac
222 2634 394 2668 episcopum;
414 2633 487 2662 hunc
513 2639 603 2662 autem
627 2637 729 2671 expelle
745 2637 780 2664 ab
805 2637 932 2665 Ecclesia.

148 2679 318 2715 'Jmperatrici
337 2684 427 2707 autem
444 2680 513 2708 dixit
533 2680 699 2716 Epiphanius
715 2691 722 2710 :
737 2683 818 2716 Audi,
836 2692 852 2711 o
869 2685 933 2718 tilia,

189 2759 211 2775 ³⁸
227 2758 260 2786 lll
277 2759 342 2795 Reg.
358 2767 416 2793 xxi,
432 2759 444 2786 ί
465 2767 525 2795 sqq.

184 2826 226 2861 (α)
240 2825 321 2854 Forte
339 2826 390 2862 leg.
409 2827 476 2862 μετὰ
493 2826 570 2853 Θεοῦ.
589 2826 666 2854 Enn.
682 2827 800 2854 PnnnL.

989 2224 1072 2257 ἀξιον,
1090 2224 1181 2259 ἕτερον
1196 2224 1223 2251 δὲ
1236 2224 1281 2251 τὸν
1297 2225 1443 2259 δυνάμενον
1455 2225 1614 2259 ἀντέχεσθαι
1628 2225 1677 2259 τῆς
1696 2225 1774 2260 [spur

989 2269 1071 2303 σύνης
1087 2270 1133 2295 ἐπὶ
1145 2269 1190 2296 τοῦ
1207 2270 1300 2305 θρόνου
1315 2269 1491 2304 καθεσθῆναι,
1507 2270 1581 2301 ὅπως
1594 2270 1611 2304 ἡ
1625 2269 1680 2304 ἐμὴ
1695 2269 1773 2303 βασι-

988 2315 1047 2342 λεία
1065 2317 1094 2342 ὲν
1111 2317 1193 2343 πᾶσιν
1213 2315 1357 2351 εἰρηνεύει.
1377 2316 1421 2347 Ὧς
1441 2315 1469 2342 δὲ
1491 2315 1576 2341 ταῦτα
1589 2315 1677 2341 ἐλάλει
1692 2316 1708 2350 ἡ
1726 2314 1774 2349 βα-

989 2361 1095 2387 σίλισσα
1109 2362 1178 2397 πρὸς
1193 2361 1360 2396 Ἐπιφάνιον,
1375 2361 1429 2387 ἀπὸ
1443 2360 1489 2387 τοῦ
1504 2360 1602 2388 πολλοῦ
1619 2360 1704 2395 θυμοῦ
1725 2360 1772 2395 ὂλη

989 2409 1172 2444 παρεκινεῖτο.
1196 2408 1279 2436 Πάλιν
1294 2406 1340 2434 οὖν
1364 2405 1439 2433 εἶπεν
1456 2407 1525 2442 πρὸς
1543 2407 1634 2433 αὐτόν’
1652 2406 1706 2441 Τῆς
1724 2405 1773 2440 σῆς

988 2453 1166 2490 πατρωσύνης
1181 2453 1264 2490 οὔσης
1288 2454 1356 2489 μετὰ
1370 2453 1435 2479 Θεὸν
1449 2452 1485 2488 (α)
1501 2452 1629 2483 ἐνταῦθα,
1644 2452 1673 2478 οὺ
1695 2451 1773 2487 χρεία

988 2498 1046 2525 ἐστὶ
1059 2498 1105 2525 καὶ
1126 2499 1189 2530 τοὺς
1205 2498 1314 2529 λοιποὺς
1329 2498 1452 2533 Πατέρας
1472 2498 1511 2529 είς
1532 2498 1615 2523 κόπον
1635 2496 1772 2532 ἐμϐαλεῖν.

989 2543 1060 2570 Ἀλλ’
1076 2544 1105 2570 ὃν
1118 2552 1158 2570 σοι
1172 2543 1187 2569 ὀ
1201 2543 1267 2574 Θεὸς
1279 2543 1476 2575 ἀποκαλύπτει,
1490 2543 1602 2578 ποίησον
1617 2542 1772 2573 ἐπίσκοπον,

988 2589 1035 2615 καὶ
1055 2587 1149 2614 τοῦτον
1173 2587 1270 2614 ἔκϐαλε
1292 2588 1342 2622 τῆς
1355 2587 1528 2623 Ἑκκλησίας.
1553 2585 1636 2613 Εἶπεν
1657 2587 1684 2612 δὲ
1703 2586 1774 2612 Ἐπι-

989 2633 1082 2667 ιράνιος
1096 2634 1164 2669 πρὸς
1185 2633 1233 2668 τὴν
1257 2633 1432 2668 βασίλισσαν·
1456 2632 1648 2665 ’Δνεξικάκως,
1665 2633 1772 2665 τέκνον,

987 2680 1102 2707 ἄκουσον
1115 2679 1161 2706 τοῦ
1178 2679 1225 2706 σοῦ
1240 2679 1356 2714 Πατρός.
1374 2677 1457 2706 Εἶπεν
1472 2679 1500 2706 δὲ
1516 2679 1534 2714 ἡ
1549 2678 1691 2718 βασίλισσα
1706 2677 1774 2713 πρὸς
