1934 3029
125 169 181 199 105

780 171 809 199 S.
830 169 998 198 EPIPHANII
1020 168 1111 198 VITA.

1706 171 1757 198 106

128 229 291 264 Επιφάνιον·
308 226 342 256 Εἴ
356 237 382 255 τι
397 228 502 255 κελεύει
517 228 534 264 ή
550 229 583 264 σὴ
601 230 771 265 πατροσύνη,
789 230 914 264 εὑάγγει-

977 229 1100 256 Iatienter
1127 234 1203 256 tuum
1234 229 1350 256 Patrem.
1376 226 1450 256 Dixit
1481 233 1571 256 autem
1599 229 1756 263 imper-atri:

128 276 174 303 λόν
192 284 248 311 μοι,
266 275 344 309 κάγὼ
365 274 527 310 θεραπεύσω
547 275 592 301 τὸν
610 275 675 311 ἐμὺν
698 276 816 312 Πατέρα.
835 275 919 304 Εἶπεν

128 322 157 349 δὲ
174 322 332 356 Ἐπιφάνιος
346 322 414 357 πρὸς
428 322 476 357 τὴν
494 322 662 356 βασίλισσαν·
675 322 707 349 Εἰ
726 323 774 357 μὲν
791 324 855 358 περὶ
870 323 919 357 τῆς

129 367 261 402 αἱρέσεως
285 366 319 403 ἧς
340 367 431 401 λέγεις
451 367 686 402 καταγινώσκεται
710 369 848 404 Ἰωάννης,
873 370 920 395 καὶ

129 413 283 447 ἐλέγχεται,
306 413 352 439 καὶ
375 413 424 448 οὐχ
444 413 570 448 ὁμολογεί
591 414 632 440 ὅτι
658 414 796 449 ἥμαρτεν,
813 413 921 445 ἀνάξιός

130 458 188 485 ἐστι
202 458 250 493 τῆς
265 458 425 494 ἱερωσύνης
443 459 491 485 καὶ
512 459 538 485 εἴ
551 468 577 485 τι
596 458 702 486 κελεύει
716 461 731 494 ἡ
751 459 827 494 ὑμῶν
844 459 920 492 ἐξου-

130 504 186 535 σία,
199 505 315 539 ποιήσω.
328 504 360 531 Ei
374 504 403 531 δέ
417 504 482 540 περὶ
495 504 545 540 τῆς
560 505 695 540 ὑμετέρας
709 505 813 541 ὕϐρεως
829 505 920 540 ζητεῖς

129 549 175 577 τὸν
188 550 316 586 Ἰωάννην
329 551 497 584 ἐξεώσασθαι
513 551 567 578 ἀπὸ
586 552 634 586 τῆς
655 552 829 586 Ἐκκλησίας,
843 553 857 578 ὁ
876 552 920 584 σος

130 596 290 630 Ἐπιφάνιος
312 597 353 628 εἰς
375 596 453 623 τοῦτο
476 597 506 623 οὑ
532 597 699 623 συναινέσει·
723 597 771 623 καὶ
793 597 919 632 μάλιστα,

130 641 224 668 τέκνον
234 662 240 673 ,
254 641 308 668 τῶν
323 641 457 677 βασιλέων
472 641 545 668 ἐστιν
567 641 725 677 ὑϐρίζεσθαι
746 644 792 669 καὶ
813 652 920 678 συγχω-

133 689 189 724 ρεῖν
202 696 210 703 ι
233 687 326 723 ἐπειδὴ
346 687 392 714 καὶ
415 687 494 722 ὑμεῖς
517 687 594 722 ἔχετε
615 687 727 722 βασιλέα
746 689 774 714 ἐν
796 689 920 723 οὐρανοῖς

131 729 153 766 ᾦ
167 732 290 768 συνήθως
304 732 486 768 ἁμαρτάνετε,
501 734 549 759 καὶ
572 733 683 769 ἀφίησιν
704 735 785 770 ὑμῖν,
807 735 853 761 ἐὰν
875 736 921 762 καὶ

132 779 210 814 ὑμεῖς
233 779 326 814 ἀφίετε
339 780 396 811 τοῖς
413 779 568 815 ὑϐρίζουσιν
591 780 680 815 ὑμᾶς·
696 781 785 812 καθὼς
803 781 876 816 λέγει
892 783 920 808 ἐν

130 825 189 856 τοῖς
201 823 378 859 Εὑαγγελίοις
389 833 396 840 ·
418 825 546 852 Γίνεσθε
560 826 744 860 οἰκτίρμονες
753 847 761 858 ,
776 827 816 859 ὡς
828 828 844 853 ό
859 829 919 854 Πα-

132 870 188 905 τὴρ
199 871 284 905 ὑμῶν
298 872 314 897 ό
326 871 361 897 ἐν
374 870 437 904 τοῖς
450 870 599 905 οὐρανοῖς.
611 869 695 898 Εἶπεν
705 871 732 898 δὲ
746 873 762 907 ή
778 871 921 907 βασίλισσα

132 917 201 953 πρὸς
227 917 402 951 Ἐπιφάνιον·
424 917 489 943 Ἐὰν
515 917 643 952 ἐμπόδιον
670 918 801 953 ποιήσῃς,
830 918 920 954 Πάτερ

131 963 289 997 Ἐπιφάνιε,
312 963 360 989 τοῦ
385 963 422 999 μὴ
444 962 619 998 ἐξορισθῆναι
643 963 689 990 τὸν
704 963 840 997 Ἰωάννην,
857 963 920 995 τοὺς

132 1010 211 1042 ναοὺς
226 1003 280 1036 τῶν
302 1009 419 1036 εἰδώλων
434 1010 534 1044 ἁνοίγω
544 1030 551 1041 ,
573 1010 620 1036 καὶ
636 1011 741 1045 ποιήσω
758 1012 920 1046 προσκυνεῖν

132 1056 195 1086 τοὺς
209 1055 381 1091 ἀνθρώπους·
396 1056 443 1081 καὶ
460 1056 565 1091 ποιήσω
579 1057 613 1083 τὰ
628 1056 728 1092 ἔσχατα
745 1057 851 1093 χείρονα
866 1057 921 1083 τῶν

132 1100 258 1136 πρώτων.
273 1102 327 1127 Καὶ
341 1100 379 1132 ὡς
389 1100 475 1127 ταῦτα
489 1101 578 1128 ἐλάλει
593 1102 660 1136 μετὰ
679 1103 800 1137 πικρίας,
817 1102 920 1138 δάκρυα

132 1146 243 1183 ἔρριψεν
260 1147 314 1173 ἀπὸ
330 1147 383 1173 τῶν
397 1147 544 1182 ὀφθαλμῶν
557 1148 650 1182 αὐτῆς.
667 1146 750 1175 Εἶπεν
763 1148 789 1174 δὲ
807 1148 922 1183 Ἐπιφά-

132 1201 201 1226 νιος·
221 1192 304 1228 Ἐγὼ,
318 1194 422 1225 τέκνον,
436 1193 523 1225 ἀθῶός
544 1195 602 1228 εἰμι
615 1194 663 1229 τῆς
678 1195 794 1230 κρίσεως
807 1195 920 1230 ταύτης.

167 1239 226 1266 ΞΡ.
242 1239 334 1266 Ταῦτα
354 1238 438 1266 εἰπὼν
453 1239 622 1273 Ἐπιφάνιος,
640 1240 792 1275 παρέλαδέν
811 1250 860 1276 με,
875 1243 922 1267 καὶ

133 1286 280 1321 ἐξήλθομεν
293 1285 340 1312 τοῦ
358 1286 496 1321 βασιλικοῦ
508 1287 642 1321 ταμιείου.
657 1285 711 1313 Ἦν
724 1287 752 1314 δὲ
765 1288 812 1314 καὶ
829 1287 922 1314 Ἰσαὰκ.

133 1332 161 1358 ἐν
175 1331 325 1367 ἀρρωστίᾳ,
347 1332 394 1359 καὶ
410 1332 460 1358 οὐκ
477 1332 600 1367 εξσῆλθεν
621 1333 679 1368 μεθ’
697 1333 775 1368 ἡμῶν
792 1334 859 1368 πρὸς
873 1334 921 1370 τὴν

135 1378 303 1413 βασίλισσαν.
320 1378 376 1405 Καὶ
391 1379 468 1414 φήμη
484 1379 624 1414 διέδραμεν
638 1379 685 1405 ἐπὶ
702 1380 791 1406 πᾶσαν
807 1380 856 1415 τὴν
872 1380 922 1406 πό·-

133 1423 185 1455 λιν,
213 1423 336 1458 λέγοντες
359 1425 416 1450 ὅτι·
438 1424 466 1450 Ὀ
496 1425 581 1459 μέγας
609 1425 698 1460 ἱερεὺς
717 1425 887 1459 Ἐπιφάνιος,
908 1427 922 1452 ὁ

134 1470 282 1500 ἐπίσκοπος
302 1469 352 1504 τῆς
377 1469 525 1506 Κυπρίων,
543 1470 668 1505 είσῆλθεν
685 1470 753 1505 πρὸς
776 1470 824 1506 τὴν
847 1471 923 1505 βασί-

134 1514 239 1545 λισσαν,
252 1514 300 1541 καὶ
313 1515 440 1550 ἐποίησεν
456 1515 504 1551 τὴν
520 1515 627 1551 ἑξορίαν
640 1515 685 1542 τοῦ
702 1515 819 1550 μεγάλου
833 1517 923 1543 Ἰωάν-

135 1568 191 1587 νου.
217 1561 309 1588 Ῥαῦτα
336 1561 364 1587 δὲ
393 1561 514 1593 ἀκούσας
541 1562 588 1588 καὶ
612 1562 723 1594 Ἰσαὰκ,
748 1563 852 1598 ἀπέδρα
870 1563 923 1589 ἀπὸ

135 1606 304 1641 Ἐπιφανίου,
319 1608 365 1633 καὶ
385 1606 514 1634 εἰσελθὼν
529 1609 558 1634 έν
576 1608 749 1643 μοναστηρίῳ
765 1609 924 1644 κατέμεινεν

135 1653 201 1685 ἐκεῖ,
218 1653 296 1689 ἡμῶν
316 1653 353 1689 μὴ
375 1653 494 1681 είδότων.
518 1654 573 1681 Καὶ
596 1652 630 1690 ἦν
645 1655 803 1689 Ἑπιφάνιος
820 1655 925 1683 πενθῶν

135 1701 183 1727 καὶ
197 1701 261 1736 περὶ
278 1700 371 1733 αὐτοῦ,
389 1701 436 1727 καὶ
454 1701 579 1736 δεόμενος
600 1700 646 1727 τοῦ
669 1701 747 1734 Θεοῦ,
763 1702 836 1733 ὅπως
853 1701 926 1737 αὑτῷ

135 1747 264 1782 γνωρίσει
278 1746 329 1773 ποῦ
352 1747 444 1773 Ἰσαὰκ
466 1747 624 1782 καταμένει.
645 1748 699 1774 Καὶ
718 1747 864 1783 ἐγνώρισεν
876 1748 925 1774 αὺ-

135 1792 191 1828 τῷ,
217 1794 264 1819 καὶ
289 1792 444 1828 ἀπήλθομεν
471 1792 538 1828 πρὸς
566 1793 658 1819 αὐτόν.
683 1794 737 1820 Καὶ
762 1794 924 1829 ἀπεστράφη

136 1839 229 1865 Ἰσαὰκ
248 1838 294 1865 τὸν
314 1838 489 1871 Ἐπιφάνιον,
505 1838 591 1873 λέγων
609 1839 664 1865 ὅτι·
680 1839 778 1866 υὺκέτι
796 1838 926 1875 βούλομαι

137 1885 206 1920 μετὰ
222 1885 269 1911 σοῦ
287 1883 371 1915 εἶναι,
388 1885 431 1911 διὰ
453 1885 502 1920 τὴν
517 1885 669 1920 ἁμαρτίαν,
687 1887 719 1920 ἢν
741 1886 871 1921 ἐποίησας
887 1887 926 1918 εἰς

136 1931 273 1966 Ἰωάννην.
299 1931 463 1966 Ποιήσαντες
489 1931 518 1957 δὲ
542 1932 572 1958 ἐν
593 1931 631 1966 τῷ
656 1932 829 1968 μοναστηρίῳ
852 1934 926 1968 τρεῖς

138 1977 253 2012 ἡμέρας,
271 1976 346 2012 μόλις
366 1977 473 2003 ἔπεισεν
492 1978 538 2004 τὸν
555 1977 662 2005 Ἰσαάκ·
676 1979 723 2005 καὶ
737 1978 866 2010 λαϐόντες
878 1979 927 2005 αὑ-

136 2023 182 2050 τὸν
197 2023 353 2059 ἐξήλθομεν.
368 2023 497 2059 Ἐπείσθη
511 2024 539 2050 δὲ
554 2024 601 2050 καὶ
624 2024 749 2060 Ἰωάννης
762 2025 802 2052 ὃτι
816 2025 927 2060 συνῄνε-

138 2080 183 2098 σεν
201 2071 248 2097 ἐπὶ
270 2072 303 2106 τῇ
327 2071 410 2098 αὑτοῦ
432 2071 525 2106 ἐξορίᾳ
547 2072 561 2097 ό
574 2071 743 2105 Ἐπιφάνιος.
762 2071 816 2098 Καὶ
837 2071 927 2098 λαϐὼν

136 2116 266 2152 δίπτυχον
280 2116 399 2152 ἔγραψεν
422 2116 588 2152 Ἐπιφανίῳ·
613 2117 756 2152 Ἐπιφάνιε
773 2117 847 2152 σοφὲ,
866 2126 928 2145 συν-

136 2163 236 2198 ῄνεσας
251 2163 297 2189 Mt
314 2165 345 2198 τῇ
360 2164 412 2198 ἐμῇ
429 2162 529 2199 ἐξορίᾳ.
543 2163 580 2189 Οὐ
592 2164 628 2198 μὴ
643 2163 807 2198 tumeth
822 2163 867 2189 ἐπὶ
880 2162 927 2189 τοῦ

138 2209 234 2244 θρόνου
250 2217 307 2235 σου.
327 2207 443 2244 Ὁμοίως
466 2208 495 2234 δὲ
515 2208 561 2234 καὶ
585 2208 741 2243 Ἐπιφάνιος
768 2208 928 2244 ἀντιγράφει

972 273 1123 309 Epiphanio
1141 283 1146 300 :
1161 275 1201 302 An
1215 280 1259 302 tua
1275 276 1426 310 paternitas
1439 275 1539 310 aliquid
1551 275 1655 310 jubeat,
1672 284 1744 303 enun

973 321 1020 352 tia,
1049 325 1075 348 et
1100 329 1151 356 ego
1179 322 1265 349 colam
1289 326 1316 349 et
1340 322 1491 349 observabo
1518 329 1607 348 meum
1637 321 1757 349 Patrem.

974 366 1046 393 Dixit
1070 366 1239 401 Epiphanius
1266 367 1430 402 imperatrici
1449 376 1456 393 :
1481 367 1510 394 Si
1527 368 1586 402 ejus
1598 387 1605 399 ,
1621 374 1702 401 quam
1717 368 1757 394 di-

972 409 1023 440 eis,
1041 410 1151 437 haeresis
1176 418 1238 438 rcus
1260 416 1316 443 est,
1333 416 1359 438 et
1376 412 1545 439 convincitur
1564 411 1692 441 Joannes.
1710 419 1758 439 nec

973 462 1002 481 se
1028 454 1126 482 fatetur
1144 463 1279 489 peccasse,
1296 456 1424 491 indignus
1446 462 1487 484 est
1502 456 1655 484 sacerdotio
1671 465 1678 482 :
1695 461 1722 484 et
1736 456 1758 484 si

973 501 1037 534 quid
1049 501 1127 535 jubet
1139 507 1259 529 vestrum
1283 502 1437 537 imperium,
1453 501 1534 530 faciet
1548 508 1636 530 vester
1652 511 1758 531 servus.

974 546 1002 573 Si
1027 552 1116 574 autem
1141 556 1190 582 pro
1213 553 1302 576 vestra
1324 548 1424 582 injuria
1440 549 1540 583 quaeris
1562 548 1694 576 Joannem
1712 558 1758 576 ex-

973 595 1072 629 pellere
1092 603 1124 622 ex
1142 595 1275 628 Ecclesia,
1291 604 1386 623 servus
1403 601 1465 624 tuns
1479 596 1645 631 Epiphanius
1667 597 1692 623 in
1709 596 1759 624 hoc

974 648 1027 667 non
1045 643 1218 669 assentietur.
1241 642 1290 670 Est
1313 647 1385 670 certe
1409 644 1527 670 maxime
1552 644 1759 678 imperatorum,

974 687 1072 721 injuria
1110 687 1178 715 allici
1210 694 1236 716 et
1257 689 1398 723 ignoscere
1426 698 1433 716 :
1464 689 1683 724 quandoquidem
1711 697 1760 716 vos

973 742 1083 768 quoque
1105 735 1209 761 habetis
1233 735 1423 769 imperatorem
1441 735 1468 762 in
1491 735 1577 767 ccelis,
1595 735 1761 762 cuiassidue

974 780 1103 814 peccatis,
1119 785 1146 808 et
1170 781 1193 808 is
1210 781 1286 808 vobis
1305 781 1419 808 remittit
1437 790 1443 807 :
1463 781 1510 816 qui
1528 781 1637 816 quidem
1652 781 1718 808 dicit
1732 781 1760 808 in

974 826 1127 862 Evangeliis
1142 837 1148 854 :
1168 827 1258 854 Estote
1273 828 1464 860 misericordes,
1487 829 1555 854 sicut
1571 827 1652 854 Pater
1666 833 1759 859 vester,

974 874 1070 908 quiest
1085 874 1112 900 in
1129 874 1200 900 malis
1219 874 1250 900 “.
1270 873 1344 901 Dixit
1356 879 1446 901 autem
1464 873 1621 908 imperati-ix
1642 873 1760 908 Epipha-

973 919 1019 946 nio
1035 927 1042 945 :
1060 919 1089 946 Si
1113 919 1197 947 fueris
1220 920 1422 955 impedimento,
1435 919 1515 946 Pater
1529 919 1672 954 Epiphani,
1689 927 1760 954 quo—

973 966 1065 993 minus
1079 966 1204 993 mittatur
1218 964 1337 993 Joannes
1354 966 1381 993 in
1404 967 1541 997 eXSilium,
1557 966 1676 1000 aperiam
1691 970 1760 993 tem-

974 1011 1016 1045 pla
1041 1010 1185 1041 idolorum.
1203 1015 1230 1038 et
1246 1010 1344 1038 faciam
1366 1017 1395 1038 ut
1411 1011 1535 1040 homines
1550 1020 1581 1039 ea
1597 1012 1719 1042 adorent.
1734 1017 1761 1039 et

974 1055 1073 1090 faciant
1086 1056 1179 1084 ultima
1192 1056 1283 1091 pejora
1298 1057 1444 1091 prioribus.
1458 1057 1582 1092 Cumque
1597 1058 1654 1085 haec
1665 1057 1761 1085 acerbe

974 1101 1086 1133 diceret,
1110 1110 1144 1129 ex
1167 1103 1227 1137 ejus
1241 1104 1328 1130 oculis
1352 1103 1471 1131 ﬂuebant
1495 1103 1628 1139 lacrymm.
1649 1104 1677 1130 Ei
1695 1112 1762 1131 vero

974 1147 1043 1173 dixit
1065 1147 1233 1182 Epiphanius
1251 1158 1258 1174 :
1277 1147 1334 1184 Ego
1354 1149 1474 1184 quidem,
1488 1157 1505 1176 o
1519 1149 1583 1181 filia,
1605 1157 1666 1177 sum
1682 1149 1762 1176 innm

975 1199 1040 1218 cens
1053 1192 1087 1218 ab
1104 1193 1154 1219 hoc
1167 1193 1281 1226 judicio.

1011 1237 1102 1264 LXIII.
1118 1238 1186 1265 Cum
1202 1239 1258 1265 haec
1271 1239 1384 1266 dixisset
1398 1238 1575 1274 Epiphanius.
1589 1239 1692 1274 accepit
1707 1248 1761 1273 me,

974 1289 1001 1311 et
1017 1285 1120 1319 egressi
1142 1293 1238 1313 sumus
1258 1294 1291 1315 ex
1315 1287 1376 1313 aula
1402 1287 1586 1321 imperatoria.
1602 1285 1763 1323 [Egrotabat

975 1336 1065 1359 autem
1083 1331 1168 1365 Isaac,
1183 1338 1210 1359 et
1225 1340 1277 1360 non
1298 1333 1438 1367 ingressus
1452 1338 1494 1361 est
1506 1333 1649 1360 nobiscum
1662 1333 1694 1360 ad
1711 1333 1763 1360 im-

975 1378 1146 1413 peratricem.
1171 1378 1294 1406 Pervasit
1313 1386 1378 1406 vero
1400 1379 1471 1406 fama
1492 1384 1541 1413 per
1561 1383 1645 1406 totam
1668 1379 1763 1406 civitas

975 1429 1041 1455 tem.
1055 1425 1203 1452 dicentium
1219 1433 1226 1451 :
1243 1424 1356 1459 Magnus
1366 1425 1492 1452 sacerdos
1507 1425 1685 1459 Epiphanius,
1707 1425 1763 1460 epi-

976 1478 1076 1505 scopus
1092 1471 1264 1506 Cypriorum,
1283 1471 1421 1505 ingressus
1444 1476 1485 1497 est
1500 1471 1533 1497 ad
1551 1471 1763 1505 imperatricem,

975 1519 1003 1542 et
1020 1515 1092 1548 fecit,
1107 1521 1136 1542 ut
1151 1516 1177 1542 in
1193 1516 1320 1542 exsilium
1337 1516 1490 1542 mitteretur
1503 1524 1618 1550 magnus
1633 1515 1762 1544 Joannes.

977 1560 1045 1587 Cum
1064 1561 1115 1588 hoc
1131 1565 1221 1588 autem
1245 1561 1394 1588 audivisset
1418 1561 1502 1594 Isaac,
1519 1561 1624 1597 aufugit
1648 1562 1682 1589 ab
1698 1561 1763 1597 Epi-

976 1606 1078 1641 phanio
1090 1627 1097 1639 ,
1123 1613 1150 1633 et
1172 1607 1312 1642 ingressus
1331 1611 1373 1634 est
1395 1608 1608 1640 monasterium,
1624 1608 1704 1636 nobis
1723 1609 1764 1636 in‘

976 1654 1136 1682 scientibus.
1154 1653 1237 1688 Egre
1252 1662 1315 1680 vero
1333 1653 1435 1681 ferebat
1448 1653 1627 1689 Epiphanius,
1642 1659 1669 1682 et
1680 1655 1764 1683 Deum

976 1700 1099 1735 rogabat,
1118 1705 1148 1727 ut
1165 1700 1188 1726 ei
1204 1700 1377 1735 signiﬁcaret,
1393 1701 1501 1727 ubinam
1517 1702 1663 1729 mansisset
1677 1701 1763 1730 Isaac.

977 1746 1054 1779 Quod
1071 1747 1094 1773 ei
1116 1747 1296 1781 signiﬁcavit,
1316 1751 1343 1773 et
1359 1747 1458 1774 ivimus
1479 1748 1511 1774 ad
1529 1748 1628 1782 ipsum.
1646 1748 1764 1776 Aversa-

978 1793 1057 1819 batur
1073 1797 1164 1819 autem
1184 1793 1257 1820 Isaac
1274 1793 1469 1827 Epiphaninm,
1484 1794 1577 1822 dicens
1596 1803 1603 1822 :
1621 1794 1690 1822 Nolo
1705 1803 1764 1822 am-

978 1839 1049 1872 plius
1071 1846 1132 1866 esse
1156 1843 1256 1870 tecum,
1279 1844 1386 1874 propter
1403 1844 1543 1874 peccatum
1557 1860 1564 1872 ,
1582 1840 1654 1874 quod
1676 1839 1766 1868 fecisti

977 1885 1004 1912 in
1017 1885 1159 1912 Joannem.
1176 1885 1244 1912 Cum
1269 1893 1318 1912 nos
1336 1891 1424 1912 autem
1443 1886 1470 1912 in
1488 1886 1654 1913 monasterio
1667 1886 1766 1914 fuisse-

978 1940 1039 1959 mus
1062 1937 1117 1959 tres
1134 1932 1202 1963 dies,
1227 1933 1269 1959 vix
1296 1933 1432 1966 persuasit
1453 1932 1538 1960 Isaac.
1561 1933 1621 1966 Quo
1644 1938 1765 1968 accepto,

977 1979 1078 2014 egressi
1112 1987 1219 2006 sumus.
1247 1980 1304 2005 Sibi
1330 1987 1439 2014 quoque
1466 1980 1602 2014 persuasit
1628 1979 1765 2013 Joannes,

978 2025 1051 2058 quod
1070 2024 1130 2060 ejus
1147 2024 1243 2051 exsilio
1259 2024 1355 2052 fuisset
1370 2032 1500 2052 assensus
1514 2024 1693 2059 Epiphanius.
1711 2026 1766 2053 Ac-

980 2076 1056 2105 cepta
1079 2071 1162 2105 igitur
1183 2072 1294 2102 charta,
1315 2072 1425 2105 scripsit
1447 2072 1479 2098 ad
1495 2071 1676 2106 Epiphanium
1693 2079 1699 2097 :
1716 2071 1766 2099 Sa-

979 2116 1056 2151 piens
1074 2116 1221 2151 Epiphani,
1242 2125 1372 2144 assensus
1397 2125 1426 2144 es
1449 2125 1509 2144 meo
1530 2117 1638 2144 exsilio.
1672 2117 1701 2144 In
1719 2122 1767 2144 tuo

980 2163 1079 2189 throno
1100 2170 1154 2189 non
1176 2163 1284 2190 sedebis
1306 2163 1433 2198 amplius.
1456 2163 1497 2190 Ad
1519 2162 1652 2190 Joannem
1676 2168 1767 2190 autem

981 2208 1121 2242 rescripsit
1146 2207 1315 2243 Epiphanius
1331 2216 1337 2233 :
1353 2208 1460 2235 Athleta
1486 2207 1598 2239 Christi,
1623 2207 1769 2235 verberare

137 2254 266 2290 Ἰωάννῃ·
286 2253 411 2289 Ἀθλητὰ,
436 2253 513 2289 δέρου
536 2254 582 2280 καὶ
597 2254 676 2280 νίκα·
692 2254 749 2280 ἀνθ’
769 2251 806 2280 ὧν
820 2254 848 2280 δὲ
870 2254 923 2280 ἐπί-

982 2258 1008 2281 et
1041 2254 1128 2281 vince.
1167 2253 1245 2286 Quod
1284 2260 1372 2281 autem
1408 2253 1563 2285 credidisti,
1600 2260 1643 2280 me
1672 2253 1769 2280 exsilio

139 2307 257 2330 στευσας
278 2299 319 2326 ὅτι
341 2298 396 2333 ἐγὼ
423 2300 554 2334 συνῄνεσα
575 2300 621 2326 ἐπὶ
644 2301 675 2334 τῇ
698 2299 805 2335 ὲξορίᾳ,
822 2300 867 2326 ἐπὶ
889 2300 927 2335 τῷ

137 2346 214 2381 τόπῳ
230 2343 252 2379 ᾧ
269 2345 436 2381 ἐξωρίσθης,
457 2345 487 2371 οὐ
507 2345 543 2381 μὴ
561 2345 675 2382 φθάσῃς.
691 2346 782 2373 Ταῦτα
799 2346 826 2372 δὲ
845 2345 928 2382 ἐγρα-

138 2390 186 2425 ulla,
212 2391 338 2425 ἀδελφοὶ,
361 2391 404 2417 ἵνα
429 2392 466 2426 μή
489 2400 530 2422 τις
555 2391 594 2426 τῷ
617 2391 769 2427 Ἐπιφανίῳ
789 2392 927 2428 ἐπιρρἱει

138 2436 222 2472 ψόγον
237 2437 300 2472 περὶ
324 2437 430 2463 τούτου.
451 2435 480 2463 ’0
502 2438 555 2472 γὰρ
571 2438 689 2464 τοσαῦτα
706 2438 776 2464 καλὰ
792 2438 928 2474 κατορθώ-

141 2491 190 2515 σας
207 2484 247 2515 εἰς
263 2483 389 2510 τοσοῦτον
410 2483 490 2518 βάθος
506 2484 598 2510 κακῶν
619 2482 691 2519 εἶχεν
709 2483 867 2516 κατελθείν;
883 2485 928 2520 Μὴ

140 2529 253 2562 γένοιτο.
270 2529 452 2556 Εἰσελθόντων
475 2529 501 2556 δὲ
526 2529 604 2565 ἡμῶν
621 2531 649 2556 ἐν
670 2530 708 2565 τῷ
726 2530 857 2565 βασιλικῷ
879 2538 928 2556 τα-

143 2575 230 2610 μιείῳ,
248 2576 410 2608 συνετάξατο
425 2575 581 2609 Ἐπιφάνιος
592 2577 648 2607 τοῖς
665 2576 818 2611 βασιλεῦσιν
834 2577 878 2602 ἐπὶ
890 2576 929 2611 τῷ

142 2621 309 2649 ἀποπλεῦσαι
324 2623 398 2658 ἡμᾶς
419 2624 464 2649 ἐπὶ
487 2623 536 2657 τῆς
559 2623 700 2658 Κυπρίων.
721 2620 884 2658 Ἐρωτηθεὶς
900 2622 929 2648 δὲ

142 2667 298 2702 Ίῦπιφάνιος
321 2668 396 2704 παρὰ
417 2668 557 2704 Ἀρκαδίου
575 2666 621 2695 τοῦ
638 2668 767 2703 βασιλέως
783 2667 822 2696 τὸ,
840 2668 929 2694 πόσων

143 2713 210 2739 ἐτῶν
225 2714 360 2749 ὑπάρχει,
384 2711 472 2740 εἶπεν·
492 2713 604 2740 Ἑκατὸν
621 2714 668 2740 καὶ
692 2713 773 2740 πέντε
789 2714 856 2740 ὲτῶν
872 2714 929 2748 εἰμι

143 2759 217 2795 παρὰ
232 2761 305 2795 τρεῖς
320 2759 418 2795 μῆνας.
440 2757 523 2791 Οὗτος
546 2760 592 2794 (ιι),
612 2759 704 2795 φησὶν,
718 2759 848 2795 ἑξήκοντα
860 2759 929 2786 ἐτῶν

180 2839 200 2854 ¹¹
220 2839 285 2866 Luc.
305 2847 341 2870 ιιι,
358 2840 393 2866 50

182 2906 218 2940 (τι)
237 2907 315 2933 Forte
329 2908 423 2939 οὕτως.

264 2963 399 2993 ΡΑτιιοι..
424 2963 482 2994 Gn.
507 2962 592 2994 XLI.

984 2304 1030 2327 tuo
1048 2299 1132 2327 fuisse
1169 2307 1332 2332 assensum,
1359 2299 1385 2325 in
1415 2299 1504 2325 locum
1535 2299 1569 2325 ad
1594 2306 1675 2334 quem
1692 2298 1768 2326 fuisti

982 2346 1132 2381 relegatus,
1147 2353 1201 2372 non
1220 2346 1320 2373 venies.
1339 2344 1401 2372 Haec
1426 2345 1534 2380 scripsi,
1558 2352 1575 2371 0
1602 2344 1716 2377 fratres,
1735 2353 1770 2372 ne

981 2392 1043 2426 quis
1071 2392 1122 2418 hoc
1146 2391 1274 2426 probrum
1300 2391 1421 2418 conferat
1446 2391 1473 2418 ill
1500 2389 1693 2425 Epiphanium.
1716 2389 1769 2423 Qui

981 2437 1053 2463 enim
1080 2441 1120 2463 tot
1145 2441 1172 2463 et
1195 2441 1268 2462 tanta
1295 2437 1365 2462 bona
1387 2437 1506 2466 fecerat,
1529 2439 1588 2462 erat
1609 2436 1636 2462 in
1663 2439 1768 2462 tantum

982 2482 1115 2508 malorum
1132 2482 1296 2516 profundum
1314 2481 1516 2508 descensurus?
1530 2480 1663 2515 Ingressis
1678 2485 1767 2507 anteiit

983 2528 1060 2555 nobis
1083 2528 1109 2553 in
1135 2527 1223 2553 aulam
1252 2527 1474 2562 imperatoriam,
1498 2527 1581 2561 jussit
1603 2526 1770 2561 Epiphanius

982 2573 1071 2600 valere
1099 2573 1291 2607 imperatores,
1318 2577 1348 2599 ut
1373 2573 1561 2607 navigaremus
1585 2572 1612 2598 in
1639 2571 1768 2606 Cyprum.

982 2620 1168 2654 Interrogatus
1190 2626 1254 2646 vero
1277 2618 1444 2653 Epiphanius
1462 2618 1495 2645 ab
1517 2617 1634 2644 Arcadio
1654 2618 1770 2651 impera-

984 2670 1058 2698 tore,
1073 2670 1139 2700 quot
1165 2673 1250 2692 annos
1275 2668 1346 2692 esset
1373 2669 1468 2695 natus,
1498 2663 1590 2690 dixit:
1608 2662 1721 2690 Centum
1744 2668 1770 2689 et

983 2711 1157 2746 quindecim,
1181 2715 1208 2737 et
1223 2715 1279 2738 tres
1300 2718 1418 2737 menses.
1437 2710 1483 2737 Sic
1502 2718 1592 2737 autem
1613 2710 1680 2736 dixit
1696 2718 1702 2735 :
1720 2708 1771 2735 Fui

983 2757 1137 2792 episcopus,
1154 2764 1215 2784 cum
1231 2763 1319 2783 essem
1337 2756 1476 2791 sexaginta
1493 2764 1580 2784 annos
1603 2760 1692 2783 natus.
1722 2753 1773 2782 Fui
