1934 3029
168 127 219 155 407

815 128 842 154 S.
865 126 1037 154 EPII'IIANII
1057 126 1146 153 Vl'l'A.

1741 124 1791 152 163

172 195 232 214 «ιρι-ο
258 187 284 215 in
307 187 464 223 episcopatu
491 188 686 223 quinquaginta
724 189 845 223 quinque
869 195 954 215 annos

1007 187 1136 222 ἐγινόμην
1149 187 1306 218 ἐπίσκοπος·
1319 186 1367 213 καὶ
1384 185 1437 221 ἔχω
1453 186 1482 212 ἐν
1499 187 1532 221 τῇ
1546 185 1680 220 ἐπισκοπῇ
1698 185 1782 220 πεντή

173 237 194 259 :t
210 237 264 260 tres
278 240 395 260 menses.
413 232 451 259 Eo
466 240 530 260 vero
544 233 603 267 die,
618 241 672 268 quo
696 233 746 260 fuit
763 234 839 261 nobis
859 241 954 260 ascen-

172 277 286 304 ,lendum
314 277 340 304 in
366 285 474 309 navem,
500 283 562 305 tunc
589 287 649 305 cum
673 279 860 314 interrogavit.
887 279 954 306 Cum

172 329 258 350 autem
274 323 300 349 in
317 331 413 350 navem
437 325 665 358 ascemlisscnius,
680 329 707 351 et
722 325 911 359 navigaremus
928 325 955 351 iu

171 367 298 404 Cyprum,
316 369 386 396 sedit
399 368 566 404 Epiphanius
588 370 615 396 in
632 377 752 397 concavo
764 371 852 402 navis,
866 374 893 397 et
907 378 956 397 nos

170 420 230 440 cum
252 421 295 441 eo.
313 413 431 449 Eratque
455 423 514 442 mos
530 414 680 450 Epiphanio
696 421 789 443 sancta
812 415 956 450 Evangelia

172 459 277 487 Assidue
290 465 381 488 tenere
396 461 422 488 in
439 461 574 489 manibus.
591 461 714 497 Cumque
726 467 765 490 ter
780 463 957 497 ingemuisset

170 509 195 532 et
215 504 345 539 ﬂevisset,
360 507 500 542 explicatis
516 508 680 542 Evangeliis,
698 513 724 535 et
746 509 780 536 iis
795 516 890 536 rursus
906 508 957 543 pli-

169 551 253 585 catis,
270 552 435 587 lacrytnalus
462 557 512 580 est.
527 553 648 588 Cumque
663 555 840 585 surrexisset.
853 554 955 587 oravit;

170 599 196 622 et
212 600 273 630 post
290 603 383 630 preces
407 605 502 624 rursus
521 598 590 624 sedit
605 598 632 625 in
650 606 771 626 concavo
789 599 884 625 navis:
902 605 957 626 cte-

171 641 261 676 pitque
277 642 341 669 llcre
354 646 378 669 et
393 643 471 670 nobis
485 643 575 670 dicere
591 653 598 670 ι

204 739 296 767 LXIV.
313 740 340 767 Si
358 749 400 768 me
421 741 532 776 diligitis
543 762 550 774 ,
565 750 582 769 ο
603 743 668 777 lilii,
685 744 810 771 mandata
827 753 885 772 mea
900 753 958 772 ser-

171 789 241 816 vate,
267 789 294 811 et
311 785 420 812 dilectio
438 785 485 813 Dei
501 788 622 815 manebit
648 788 674 814 in
698 788 784 815 vobis.
812 788 892 816 Scitis
910 797 957 824 per

170 834 236 864 quot
258 830 416 858 aﬂlictioues
432 833 544 860 transivi
562 834 589 860 in
607 834 658 861 hac
675 834 740 867 vita,
757 840 785 862 et
804 844 858 862 non
875 844 956 870 repu-

170 873 223 901 tavi
252 881 313 902 esse
335 875 417 903 ullam
445 877 615 904 alllictionem
639 886 645 904 :
672 879 719 906 sed
750 887 824 906 erant
851 888 956 916 semper

164 920 246 948 'Iaatus
261 921 288 948 in
307 921 351 955 iis,
368 931 429 958 quae
443 923 476 950 ad
493 923 578 951 Deum
594 925 738 959 pertinent,
764 931 790 953 et
814 926 887 954 Deus
902 936 955 954 non

171 973 213 994 me
235 966 394 1002 dereliquit,
421 968 468 996 sed
492 969 549 1004 ipse
573 977 616 997 me
639 970 757 998 servavit
777 971 811 998 ab
828 972 956 999 omnibus

163 1011 281 1047 maligni
308 1012 426 1040 insidiis.
451 1012 628 1048 Diligentibu:
659 1015 729 1042 enim
757 1015 841 1042 Deum.
867 1018 957 1044 omnia

162 1062 344 1093 *cooperantur
359 1059 387 1085 in
403 1059 498 1086 bonum
513 1061 546 1088 ".
564 1061 718 1096 Aliquando
741 1054 854 1095 antem,’
866 1071 883 1090 ο
907 1064 956 1090 lilii

171 1103 237 1132 mihi
253 1104 410 1136 desiderati,
432 1113 495 1133 cum
518 1113 568 1141 ego
591 1114 680 1134 essem
707 1108 733 1134 in
754 1109 812 1136 loco
837 1109 954 1141 deserto,

170 1156 197 1179 et
219 1150 328 1179 Christo
345 1159 440 1186 preces
457 1160 613 1188 peragerem
626 1173 633 1186 ,
652 1158 682 1181 ut
702 1153 831 1182 liberarer
845 1155 879 1182 ab
897 1164 957 1182 om-

171 1196 250 1224 nibus
262 1196 369 1224 insidiis
383 1197 542 1230 adversarii,
559 1206 602 1225 me
619 1199 718 1226 invasit
741 1200 886 1227 multitudo
904 1201 957 1228 da:-

170 1250 281 1271 monum
299 1244 367 1279 :qui
382 1252 444 1272 cum
466 1252 509 1272 me
521 1245 727 1279 dilacerassent,
743 1251 769 1273 et
785 1246 900 1281 pedibus
913 1255 956 1274 ar-

168 1290 330 1325 ripuissent,
346 1295 516 1319 attraxerunt
537 1292 564 1318 in
589 1297 700 1320 terram.
721 1292 848 1320 Nonnulli
865 1299 956 1321 autem

170 1344 204 1363 ex
226 1337 293 1371 ipsis
315 1337 382 1364 mihi
405 1338 498 1372 plagas
521 1345 630 1373 quoque
646 1338 805 1366 intulerunt.
822 1339 878 1366 lloc
892 1348 957 1368 vero

170 1382 293 1410 fecerunt
306 1383 374 1410 mihi
396 1383 489 1411 decem
503 1384 610 1411 diebus.
625 1383 680 1412 Nec
694 1386 811 1419 amplius
834 1386 887 1412 vidi
902 1386 958 1413 da:-

169 1435 278 1457 monem
302 1428 329 1456 in
354 1430 462 1464 propria
487 1437 602 1464 persona
626 1431 753 1458 omnibus
776 1431 872 1459 diebus
896 1433 958 1459 vita).

166 1475 310 1509 mee,,sed
324 1483 371 1510 per
383 1476 510 1503 homines
523 1477 549 1503 in
569 1484 611 1503 me
623 1484 702 1504 suam
715 1485 862 1505 exercuere
879 1478 958 1505 mali-

166 1520 235 1548 Iiam
253 1530 261 1548 :
274 1521 428 1556 cujusmodi
443 1522 509 1549 mihi
524 1522 594 1549 mala
607 1528 756 1550 evenerunt
777 1523 804 1550 in
817 1524 955 1551 Phoenicia
970 1531 990 1559 (ς

169 1566 204 1593 ab
220 1566 399 1594 insolentibus
419 1567 595 1601 Simonianis,
614 1570 704 1604 qualia
728 1569 754 1596 in
779 1569 897 1605 ngypto
921 1571 956 1597 ab

169 1610 318 1639 immundis
342 1611 494 1645 Gnosticis,
519 1613 608 1647 qualia
633 1614 659 1640 in
685 1613 774 1650 Cypro
799 1615 833 1641 ab
856 1615 956 1649 iniquis

170 1655 366 1685 Valentinianis
389 1661 416 1684 et
441 1658 501 1685 aliis
531 1658 687 1686 liceresibus.
719 1659 859 1686 Advertite
890 1668 955 1695 ergo

168 1703 301 1736 animum,
318 1711 334 1730 0
347 1703 394 1730 lilii
410 1704 473 1736 mei,
488 1710 515 1731 et
529 1705 620 1732 audite
638 1705 719 1732 verba
735 1705 878 1740 Epiphanii
894 1714 955 1740 pec-

169 1749 280 1776 catoris.
305 1748 438 1776 Pecunias
461 1757 494 1775 ne
516 1749 730 1784 concupiscatis,
753 1755 780 1776 ct
804 1751 894 1778 multae
912 1759 956 1785 pc-

168 1795 257 1822 euniae
285 1795 446 1830 adjicicntur
472 1796 558 1823 vobis.
583 1795 691 1823 Nullum
725 1797 860 1823 hominem
892 1797 955 1824 odio

169 1841 310 1873 habeatis,
332 1845 359 1868 et
374 1848 389 1868 a
407 1840 462 1867 Deo
479 1841 637 1876 diligemini.
654 1841 741 1869 Nolite
762 1841 837 1876 loqui
860 1842 956 1869 adver-

168 1894 217 1915 sus
233 1886 354 1919 fratrem,
377 1892 404 1914 et
424 1886 530 1914 aﬁ'ectio
554 1887 655 1914 diaboli
674 1887 749 1914 vobis
764 1895 817 1914 non
833 1888 956 1915 domina-

169 1933 253 1961 bitur.
274 1932 443 1960 Aversemini
468 1941 563 1960 omnes
585 1933 712 1965 haereses,
736 1938 863 1969 tanquam
886 1934 955 1962 feras

169 1979 263 2014 plenas
287 1986 391 2006 veneno
417 1979 568 2006 mortifero.
595 1978 632 2006 De
653 1980 753 2014 quibus
775 1979 855 2006 etiam
879 1981 955 2008 vobis

169 2024 269 2052 tradidi
293 2025 319 2051 in
339 2024 431 2057 libris,
447 2024 493 2059 qui
514 2025 684 2059 appellantur
698 2025 827 2052 Panaria.
842 2026 956 2054 Averse-

168 2069 247 2103 mini,
260 2074 287 2097 et
304 2073 398 2096 cavete
411 2076 425 2095 a
450 2069 542 2096 mundi
558 2069 714 2104 voluptate,
736 2078 795 2105 qua:
817 2078 915 2105 corpus
928 2075 955 2098 et

169 2119 286 2142 mentem
305 2121 412 2148 semper
425 2114 525 2142 titillat.
540 2113 707 2148 Experimini
721 2123 781 2142 eam
801 2124 861 2144 esse
877 2116 955 2143 Sata-

167 2167 209 2187 nae
223 2159 418 2187 accessionem.
443 2158 519 2193 Smpe
533 2163 623 2186 autem
644 2160 685 2187 vel
707 2168 789 2189 carne
810 2162 954 2196 quiescen-

1006 241 1088 259 κοντα
1110 232 1190 259 πέντε
1216 232 1263 266 ἑτη
1286 232 1361 267 παρὰ
1386 233 1461 267 τρεῖς
1489 232 1584 266 μῆνας.
1609 232 1682 266 Αὺτῇ
1708 231 1735 256 δὲ
1758 231 1789 266 τῇ

1006 279 1106 314 ἡμέρᾳ,
1131 279 1158 304 ἐν
1223 278 1335 313 εἴχαμεν
1364 277 1483 304 ἀνελθεῖν
1506 278 1534 303 ἐν
1560 276 1598 312 τῷ
1622 276 1716 311 πλοίῳ,
1733 277 1791 303 τότε

1006 325 1085 351 αὑτὸν
1100 324 1285 360 ἐπηρώτησεν.
1313 324 1481 351 Ανελθὸντων
1493 324 1521 350 δὲ
1531 323 1609 358 ἡμῶν
1619 324 1647 349 ἐν
1659 323 1698 358 τῷ
1711 323 1792 358 πλοίῳ

1006 371 1140 406 ὲκαθέσθη
1168 371 1326 404 Ἐπιφάνιος
1346 371 1374 396 ἐν
1399 372 1431 406 τῇ
1454 370 1530 405 κοίλῃ
1555 370 1602 396 τοῦ
1627 370 1730 402 πλοίου,
1748 369 1792 396 καὶ

1007 418 1086 452 ἡμεῖς
1103 417 1161 451 μετ’
1184 417 1276 443 αὑτοῦ.
1297 417 1378 448 Ἔθος
1401 416 1429 442 δὲ
1448 414 1482 452 ἧν
1505 416 1656 450 Ἐπιφανίῳ
1673 416 1705 442 τὰ
1729 417 1791 449 ἆγια

1006 462 1161 496 Εὑαγγέλια
1185 463 1295 498 κρατεῖν
1317 462 1495 493 ἀδιαλείπτως
1513 463 1541 488 ὲν
1557 463 1615 492 ταῖς
1636 462 1727 496 χερσὶν
1743 461 1792 488 αὐ-

1006 508 1063 534 τοῦ.
1079 508 1134 534 Καὶ
1147 507 1179 542 δὴ
1193 508 1284 543 τρίτον
1301 507 1432 539 στενάξας
1453 508 1499 534 καὶ
1512 507 1658 542 δακρύσας,
1673 506 1792 534 ἀναπτύο

1008 555 1056 588 ξας
1068 563 1096 581 τε
1114 554 1148 581 τὰ
1164 555 1228 588 ἅγια
1244 554 1408 588 Εὐαγγέλια,
1422 555 1469 580 καὶ
1487 553 1566 579 πάλιν
1581 553 1683 585 πτύξας
1698 553 1793 580 ἔκλαυ-

1008 609 1064 634 σεν,
1090 601 1136 627 καὶ
1161 601 1287 636 ἐποίησεν
1305 601 1397 635 εὐχὴν,
1414 600 1461 626 καὶ
1475 601 1542 635 μετά
1562 600 1610 634 τὴν
1634 601 1714 635 εὐχὴν
1731 601 1794 627 ἐκά-

1007 646 1081 673 θισεν
1095 647 1141 674 ἐπὶ
1154 647 1204 682 τῆς
1217 647 1310 682 κοίλης
1323 647 1370 672 τοῦ
1391 646 1494 677 πλοίου,
1510 647 1556 672 καὶ
1575 646 1675 682 ἤρξατο
1691 646 1794 672 κλαίειν

1008 693 1054 719 καὶ
1066 692 1154 727 λέγειν
1169 693 1236 728 πρὸς
1251 693 1324 727 ἡμᾶς
1335 699 1342 706 ⁵

1047 739 1105 765 ΞΔ’.
1123 738 1186 765 Ἐὰν
1200 739 1325 772 ἀγαπᾶτέ
1344 747 1388 774 με,
1407 738 1498 774 φησὶν,
1511 735 1533 764 ὦ
1548 738 1640 766 τέκνα.
1653 737 1702 769 τὰς
1721 739 1795 764 ἐντο-

1007 783 1055 814 λάς
1073 791 1123 818 μου
1147 783 1302 818 τηρήσατε“
1320 785 1367 809 καὶ
1381 784 1398 818 ἡ
1415 784 1507 818 ἀγάπη
1529 783 1575 809 τοῦ
1589 783 1655 809 Θεοῦ
1676 783 1749 818 μένει
1765 785 1794 809 ἐν

1008 829 1081 864 ὑμῖν.
1104 829 1207 864 Ὑμεῖς,
1229 830 1320 863 φησὶν,
1343 829 1489 855 ἐπίστασθε
1505 830 1548 856 διὰ
1572 830 1662 855 πόσων
1679 829 1793 864 θλίψεων

1006 874 1112 909 διῆλθον
1125 875 1153 899 ἐν
1169 874 1234 909 τῷδε
1251 874 1289 909 τῷ
1304 875 1369 910 βίῳ,
1386 876 1433 901 καὶ
1446 875 1494 910 οὐχ
1508 876 1654 911 ἡγησάμην
1666 875 1793 910 οὐδεμίαν

1007 919 1105 954 θλίψιν,
1131 919 1198 945 ἀλλὰ
1214 919 1330 946 πάντοτε
1352 920 1427 955 ήμην
1453 920 1554 954 χαίρων
1579 919 1646 954 προς
1662 919 1706 945 τὸν
1728 919 1793 945 Θεὸν

1006 965 1179 996 ἀποϐλέπων,
1202 966 1249 992 καὶ
1269 967 1283 992 ὁ
1299 966 1365 997 Θεὸς
1388 967 1437 992 οὐκ
1462 966 1654 1000 ἐγκατέλειπεν
1673 974 1720 1000 με’
1736 966 1792 992 ἀλλ’

1006 1011 1087 1041 αὑτός
1101 1019 1134 1046 με
1155 1008 1189 1045 ἦν
1205 1010 1392 1045 διαφυλάττων
1415 1011 1469 1037 ἀπὸ
1484 1012 1575 1043 πάσης
1590 1011 1732 1045 ἐπιϐουλῆς
1746 1011 1792 1037 τοῦ

1007 1057 1136 1092 πονηροῦ.
1162 1055 1225 1088 Τοῖς
1252 1057 1306 1091 γὰρ
1332 1057 1491 1090 ’ἀγαπῶσιν
1517 1057 1570 1083 τὸν
1598 1058 1671 1084 Θεὸν
1696 1058 1793 1084 πάντα

1006 1103 1147 1137 συνεργεῖ
1158 1105 1201 1136 εἰς
1217 1103 1249 1130 τὸ
1263 1103 1384 1136 ἀγαθόν.
1401 1103 1469 1128 [locs
1484 1101 1544 1133 οὖν,
1562 1103 1643 1128 τέκνα
1661 1104 1720 1137 ἐμοὶ
1743 1113 1792 1129 πε-

1007 1150 1149 1185 ποθημένα
1159 1172 1166 1182 ,
1182 1151 1256 1182 ὄντος
1273 1159 1322 1185 μου
1346 1151 1374 1175 ἐν
1398 1149 1472 1184 τόπῳ
1487 1151 1626 1185 ὲρημικῷ,
1640 1151 1686 1176 καὶ
1701 1151 1791 1176 ἐπιτε-

1007 1195 1115 1227 λοῦντὸς
1132 1205 1182 1231 μου
1199 1197 1248 1231 τὴν
1263 1196 1354 1231 δέησιν
1367 1195 1406 1230 τῴ
1421 1196 1539 1231 Χριστῷ,
1552 1196 1625 1227 ὅπως
1638 1196 1727 1230 ῥυσθῶ
1739 1196 1793 1221 ἀπὸ

1007 1242 1096 1276 πάσης
1110 1242 1255 1277 ἐπιϐουλῆς
1267 1242 1313 1268 τοῦ
1331 1241 1533 1276 ἀντικειμένου,
1548 1243 1647 1276 ἐπέστη
1665 1250 1708 1276 μοι
1725 1242 1779 1277 πλῆ

1008 1286 1053 1318 θος
1066 1287 1216 1328 δαιμόνων,⁶
1235 1288 1282 1314 καὶ
1296 1287 1527 1323 διασπαράξαντές
1552 1297 1585 1323 με
1607 1288 1652 1314 ἐπὶ
1664 1289 1713 1323 τὴν
1730 1289 1792 1323 γῆν,

1007 1333 1054 1360 καὶ
1067 1333 1194 1365 λαϐόντες
1209 1334 1262 1360 ἀπὸ
1280 1334 1333 1360 τῶν
1349 1334 1446 1366 ποδῶν,
1462 1334 1584 1371 διέσυρον
1599 1336 1644 1361 ἐπὶ
1665 1335 1712 1370 τὴν
1730 1336 1793 1369 γῆν.

1008 1379 1085 1410 Τινὲς
1104 1379 1132 1405 δὲ
1157 1379 1186 1412 ἐξ
1210 1379 1298 1406 αὐτῶν
1326 1380 1374 1406 καὶ
1395 1380 1501 1415 πληγὰς
1524 1381 1712 1416 προσήνεγκαν
1738 1390 1792 1416 μοι.

1007 1423 1093 1450 Τοῦτο
1117 1423 1145 1450 δὲ
1171 1424 1302 1460 ἐποίησάν
1328 1433 1372 1460 μοι
1397 1425 1442 1451 ἐπὶ
1465 1425 1579 1460 δεκάτην
1602 1426 1724 1461 ἡμέραν·
1748 1427 1794 1453 καὶ

1007 1470 1099 1497 ἔκτοτε
1125 1470 1217 1497 οὐκέτι
1250 1471 1470 1506 αὑτοπροσώπως
1495 1471 1650 1506 ἐθεασάμην
1681 1472 1794 1507 δαίμονα

1008 1517 1097 1548 πάσας
1118 1517 1167 1548 τὰς
1189 1517 1293 1552 ἡμέρας
1310 1517 1360 1552 τῆς
1375 1517 1447 1552 ζωῆς
1464 1526 1525 1552 μου,
1540 1518 1606 1544 ἀλλὰ
1620 1518 1652 1544 τὰ
1670 1519 1794 1554 πονηρῶν

1007 1561 1159 1596 ἀνθρώπων
1179 1562 1341 1588 ἐπετέλεσαν
1365 1562 1414 1597 τὴν
1441 1562 1507 1588 ἰδίαν
1528 1563 1616 1589 αὐτῶν
1640 1564 1738 1590 κακίαν
1755 1565 1794 1595 εἰς

1007 1607 1066 1642 ἐμέ.
1082 1606 1132 1633 Οἷά
1147 1617 1191 1643 μοι
1208 1608 1279 1634 κακὰ
1295 1608 1391 1642 συνέϐη
1409 1610 1437 1635 ἐν
1450 1609 1558 1644 Φοινίκῃ
1574 1609 1647 1644 παρὰ
1659 1610 1713 1635 τῶν
1728 1610 1794 1636 ἀτα-

1007 1661 1079 1679 κτων
1096 1653 1280 1688 Σιμωνιανῶν³
1300 1655 1337 1679 ἐν’
1349 1653 1488 1689 Αἰγύπτῳ,
1510 1654 1584 1689 παρὰ
1604 1655 1658 1680 τῶν
1674 1655 1794 1690 ἀκαθάρ-

1006 1707 1060 1724 των
1075 1698 1248 1726 Γνωστικῶν·
1271 1697 1314 1725 οἷα
1337 1699 1366 1725 ἐν
1390 1699 1494 1734 Κύπρῳ
1517 1700 1591 1735 παρὰ
1611 1701 1664 1727 τῶν
1687 1701 1795 1736 ἀνόμων

1007 1744 1235 1772 Οὑαλεντινιανῶν
1259 1746 1304 1771 καὶ
1324 1745 1378 1771 τῶν
1396 1745 1496 1772 λοιπῶν
1510 1747 1650 1781 αἱρέσεων.
1667 1747 1794 1782 Ἐπιστὴ-

1008 1798 1071 1816 σατε
1094 1790 1140 1816 τδν
1165 1791 1225 1817 νοῦν
1248 1791 1333 1826 ὑμῶν,
1357 1788 1378 1817 ᾧ
1401 1792 1493 1822 τέκνα,
1521 1792 1566 1818 καὶ
1592 1792 1725 1819 ἀκούσατε
1748 1794 1794 1820 τὸν

1006 1835 1084 1870 λόγον
1108 1836 1266 1870 Ἐπιφανίου
1291 1836 1337 1862 τοῦ
1362 1837 1534 1872 ἀμαρτωλοῦ.
1560 1838 1605 1872 Μὴ
1628 1839 1794 1873 ἐπιθυμηταὶ

1007 1881 1121 1916 γένησθε
1141 1882 1300 1917 χρημάτων,
1316 1882 1362 1908 καὶ
1386 1883 1470 1908 πολλὰ
1491 1884 1622 1918 χρήματα
1643 1885 1793 1919 προστεθή-

1007 1936 1082 1954 σεται
1102 1928 1175 1963 ὑμῖν.
1190 1929 1234 1964 Μὴ
1251 1930 1384 1964 μισήσητε
1405 1929 1492 1955 πάντα
1503 1929 1658 1964 ἄνθρωπον,
1678 1931 1724 1957 καὶ
1736 1931 1794 1958 ἐσε-

1007 1973 1053 2000 σθε
1074 1973 1250 2009 ἀγαπώμενοι
1274 1974 1326 2000 ὑπὸ
1352 1974 1398 2000 τοῦ
1421 1974 1498 2001 θεοῦ.
1522 1975 1567 2010 Μὴ
1590 1975 1794 2011 καταλαλήσητι

1006 2019 1136 2053 ἁδελςὺν,
1159 2020 1204 2045 καὶ
1227 2019 1312 2051 πάθος
1340 2019 1490 2046 διαϐολικὺν
1512 2021 1542 2046 οὑ
1564 2020 1694 2056 κυριεύσῃ
1717 2021 1792 2056 ὑμῖν.

1006 2064 1221 2099 ’Λποστρὲφεσθε
1243 2065 1332 2096 πάσας
1353 2065 1401 2097 τὰς
1424 2066 1552 2101 αἱρέσεις,
1574 2067 1611 2097 ὡς
1630 2066 1710 2102 Θηρὶα
1725 2067 1794 2102 μετὰ

1007 2110 1047 2137 ἰοῦ
1070 2111 1228 2146 θανασίμου.
1253 2107 1319 2146 Περὶ
1341 2108 1378 2137 ὧν
1406 2111 1453 2138 καὶ
1480 2112 1626 2147 ἐγγράφως
1648 2112 1793 2148 παρέδωκα

1006 2156 1068 2191 ὑμῖν
1086 2157 1113 2182 εν
1133 2157 1189 2188 τοῖς
1204 2157 1303 2191 βίϐλοις
1324 2159 1379 2189 τοῖς
1404 2157 1607 2192 ὲπιλεγομένοις
1623 2159 1792 2193 Har-aptate.

168 2210 205 2238 te,
228 2212 306 2233 mens
330 2205 500 2233 incautorum
527 2206 616 2240 turpia
638 2207 817 2241 apprehendit
838 2208 952 2236 visione.

1007 2203 1220 2238 Ἀποστρέεξεσθε
1235 2204 1281 2229 καὶ
1297 2204 1538 2239 παραφυλάττεσθε
1556 2205 1609 2231 ἀπὸ
1627 2205 1676 2239 τῆς
1696 2205 1792 2240 ἡδονῆς

167 2251 282 2285 Quando
296 2259 360 2279 vero
375 2259 453 2279 mens
474 2256 567 2279 nostra
589 2257 630 2279 est
653 2253 742 2280 sobria
753 2273 760 2285 ,
775 2258 801 2280 ct
814 2253 862 2281 Dei
878 2262 952 2281 sem-

166 2305 215 2332 per
226 2297 307 2324 habet
320 2298 500 2330 memoriam,
513 2302 578 2325 tunc
600 2297 679 2326 facile
701 2299 840 2326 inimicum
856 2307 953 2334 possu-

167 2350 229 2371 mus
249 2349 431 2378 prosternere.
449 2343 518 2371 Cum
543 2345 601 2372 haec
619 2349 646 2372 et
673 2345 715 2372 his
738 2345 814 2379 plura
840 2347 955 2373 dixisset

166 2387 350 2423 Epiphanius,
368 2389 494 2417 onlnibus
511 2390 557 2424 qui
575 2394 653 2417 erant
672 2390 698 2417 in
714 2392 775 2418 navi
802 2392 953 2424 accersitis,

167 2432 235 2460 dixit
248 2432 289 2460 eis
307 2440 314 2458 :
333 2432 445 2467 Oportet
460 2442 519 2467 nos,
536 2442 552 2461 0
568 2434 665 2462 fratres
676 2455 683 2465 ,
700 2435 762 2462 totis
785 2436 887 2464 viribus
909 2444 953 2463 ro-

167 2485 232 2514 gare
254 2477 399 2512 benignum
420 2483 448 2506 et
460 2479 619 2506 clementem
646 2479 742 2512 Deum,
765 2485 794 2508 ut
815 2489 864 2508 nos
889 2489 953 2508 con-

166 2527 265 2557 servet,
282 2527 310 2551 et
333 2531 414 2550 nemo
437 2529 527 2558 pereat
542 2532 574 2552 ex
601 2525 652 2556 iis,
667 2525 714 2560 qui
739 2530 803 2553 sunt
822 2527 849 2552 in
874 2535 951 2554 nave.

166 2569 215 2597 Est
238 2569 311 2596 enim
335 2568 427 2597 futura
450 2570 477 2597 in
502 2571 571 2598 mari
595 2578 693 2606 magna
717 2575 870 2606 tempestas.
900 2571 952 2600 Sed

166 2620 251 2643 estote
269 2615 340 2642 bono
354 2616 446 2642 animo
463 2625 469 2642 :
487 2616 561 2644 nulla
577 2617 648 2644 enim
665 2616 774 2645 alﬂictio
795 2618 888 2645 labore
904 2626 952 2653 op-

166 2661 264 2696 primet
280 2661 364 2688 ullum
388 2668 421 2688 ex
448 2662 491 2694 iis,
507 2663 555 2697 qui
578 2667 642 2689 sunt
664 2663 691 2689 in
711 2663 782 2690 navi.
804 2662 869 2696 Quae
890 2671 951 2691 cum

165 2706 289 2739 dixisset,
303 2707 372 2734 dixit
385 2708 452 2735 mihi
467 2716 473 2733 :
493 2707 543 2734 Fili
559 2707 664 2743 Polybi.
678 2707 737 2735 Dixi
754 2710 777 2736 ei
792 2717 799 2735 :
815 2710 886 2742 Quid
899 2714 950 2742 est,

165 2751 263 2780 Pater?
286 2752 359 2781 Dixit
379 2753 424 2781 ille
448 2754 539 2781 milii:
562 2753 590 2781 Si
618 2755 835 2790 navigaverimus
865 2763 952 2791 usque

201 2839 222 2856 η
240 2838 319 2869 Rom.
339 2848 398 2875 vui,
417 2840 464 2868 9.8.

1005 2248 1051 2274 τοῦ
1067 2249 1179 2283 κάσμου,
1192 2250 1241 2283 τῆς
1255 2249 1525 2285 ὑπογαργαλιξούσης
1538 2250 1581 2276 ἀεὶ
1598 2250 1628 2276 τὸ
1648 2250 1727 2286 σῶμα
1746 2251 1794 2277 καὶ

1005 2295 1050 2320 τὸν
1061 2295 1199 2329 λογισμόν.
1220 2295 1316 2330 Ἔχετε
1337 2297 1444 2330 πεῖραν,
1462 2296 1502 2322 ὅτι
1519 2296 1659 2332 προσθήκη
1676 2296 1733 2322 ἐστὶ
1744 2296 1792 2322 τοῦ

1006 2340 1121 2366 Σατανᾶ..
1136 2340 1267 2372 Πολλάκις
1280 2341 1334 2376 γὰρ
1352 2342 1397 2368 καὶ
1411 2342 1460 2376 τῆς
1478 2342 1578 2377 σαρκὸς
1592 2343 1790 2378 ἡσυχαζούσης,

1004 2387 1017 2412 ὀ
1034 2386 1163 2421 λογισμὸς
1180 2387 1234 2413 τῶν
1252 2387 1458 2420 ἀνασφαλίστων
1480 2388 1667 2422 πεφάντασται
1681 2389 1744 2424 περὶ
1759 2390 1792 2415 τὰ

1005 2433 1113 2468 αἰσχρὰ.
1136 2433 1219 2459 Ὅταν
1239 2433 1267 2459 δὲ
1288 2434 1301 2460 ὁ
1322 2434 1383 2465 νοῦς
1400 2434 1478 2469 ἡμῶν
1499 2435 1590 2469 νήφει,
1612 2435 1658 2461 καὶ
1680 2436 1791 2470 μνήμην

1004 2479 1059 2514 ἔχει
1073 2480 1116 2506 ἀεὶ
1128 2480 1174 2506 τοῦ
1194 2480 1272 2511 Θεοῦ,
1290 2480 1410 2515 εὐχερῶς
1428 2480 1630 2509 καταπαλαῖσαι
1654 2480 1790 2515 δυνάμεθα

1003 2525 1049 2551 τοῦ
1075 2525 1181 2561 ἐχθροῦ.
1200 2526 1292 2552 Ταῦτα
1317 2525 1400 2552 εἰπὼν
1418 2525 1586 2560 Ἐπιφανιος,
1612 2527 1658 2552 καὶ
1682 2526 1790 2552 πλείονα
1816 2536 1820 2541 “

1003 2570 1114 2604 τούτων,
1128 2571 1380 2606 προσκαλεσάμενος
1394 2571 1517 2603 ἅπαντας
1526 2573 1589 2603 τοὺς
1601 2573 1630 2598 ἐν
1642 2571 1680 2607 τῷ
1694 2572 1789 2607 πλοίῳ,

1003 2614 1079 2643 εἶπεν
1105 2617 1174 2652 πρὸς
1197 2617 1294 2649 αὐτούς
1308 2626 1314 2633 ·
1339 2618 1399 2654 Χρὴ
1423 2618 1507 2653 ἡμᾶς,
1532 2618 1650 2652 ἀδελφοὶ,
1674 2618 1703 2650 ἐξ
1727 2618 1791 2653 ὅλης

1005 2663 1095 2698 ἰσχύος
1115 2663 1241 2699 δεηθῆναι
1263 2664 1308 2691 τοῦ
1328 2663 1520 2700 φιλανθρώπου
1536 2663 1614 2696 Θεοῦ,
1637 2664 1712 2695 ὅπως
1736 2664 1791 2690 δια-

1004 2709 1084 2735 σώσει
1099 2709 1181 2744 ἡμᾶς,
1197 2711 1244 2736 καὶ
1264 2710 1357 2746 μηδεὶς
1374 2710 1427 2736 τῶν
1442 2711 1471 2736 ἐν
1489 2709 1527 2744 τῷ
1541 2709 1626 2744 πλοίῳ
1638 2705 1788 2736 ἀπολεῖται.

1003 2755 1101 2782 Μέλλει
1114 2755 1169 2791 γὰρ
1181 2755 1284 2783 κλύδων
1299 2756 1420 2790 γίνεσθαι
1438 2756 1532 2791 μέγας.
1550 2755 1620 2782 Ἀλλ’
1635 2755 1789 2790 εὐθυμεῖτε-
