1934 3029
104 157 160 184 109

758 150 787 178 S.
809 149 982 177 EPIPHANII
1006 148 1096 176 Vl'l’A.

1683 145 1735 172 Ηο

104 213 218 249 οὐδεμία
231 213 284 248 γὰρ
299 212 386 246 θλίψις
402 211 557 246 καθάψηται
579 211 687 237 πάντων
702 211 730 236 ἐν
745 210 782 245 τῷ
799 210 893 244 πλοίῳ.

955 207 1146 239 Ioustantiam,
1161 213 1240 233 mane
1263 210 1365 241 septem
1388 205 1445 233 dies
1466 205 1492 232 in
1509 205 1626 236 civitate,
1645 209 1671 232 et
1686 213 1735 233 na—

105 259 161 285 Ka‘t
177 257 262 285 ταῦτα
281 256 374 285 εἰπὼν,
391 254 466 282 εἶπεν
481 256 549 290 πρὸς
576 256 622 290 με’
647 256 746 282 Τέκνον
770 254 892 281 Πολῦϐιε.

104 303 190 331 Εἶπον
205 303 234 330 δὲ
249 302 317 338 πρὸς
333 302 424 329 αὐτόν’
438 301 470 328 Τί
482 301 551 332 ἐστι,
567 301 673 336 “deep;
690 298 773 327 Εἶπεν
785 300 812 326 δὲ
828 300 895 334 πρὸς

104 352 152 387 μέ·
167 350 232 377 Ἐὰν
247 349 464 384 ἀποπλεύσωμεν
487 349 533 374 ἐπὶ
546 346 814 383 τὴιηΚωνσταντίαν,
826 346 896 372 ἑπτὰ

105 397 213 433 ἡμέρας
236 395 347 431 ποίησον
370 395 416 421 ἐπὶ
441 395 488 430 τῆς
513 394 625 426 πόλεως,
644 395 691 420 καὶ
718 393 833 419 πλεῦσον
857 394 896 423 είς

105 443 253 476 Αἴγυπτον,
274 441 321 466 καὶ
335 440 429 467 ἄνελθε
447 440 487 470 είς
499 438 547 474 τὴν
564 439 619 465 ἄνω
633 438 764 473 Θηὸαἳδα,
778 438 825 464 καὶ
839 437 898 463 ποί-

106 481 187 524 μᾶινε
200 486 234 513 τὰ
248 486 372 522 πρόϐατα
387 485 434 512 τοῦ
449 484 578 520 Χριστοῦ.
597 483 678 510 Ἀλλὰ
691 483 807 518 πρόσεχε
821 491 899 509 σεαυ-

105 533 156 568 τῷ,
172 533 277 560 τέκνον.
303 529 529 567 Διαμαρτύρομαί
553 538 593 556 σοι
611 528 656 556 τόν
672 537 701 555 τε
724 527 836 564 οὐρανὸν
853 528 900 554 καὶ

105 579 158 613 τὴν
175 578 237 613 γῆν,
252 577 289 613 μὴ
304 577 415 612 ποίησαι
429 575 525 606 ἄλλως
544 572 605 600 ἐπεὶ
624 574 670 600 ἐὰν
685 573 748 606 τοὺς
762 574 844 609 ἐμοὺς
857 574 899 599 λό-

106 633 172 658 γους
188 623 366 658 παραποιήσῃ
382 621 427 648 καὶ
443 621 481 656 μὴ
495 620 641 656 πορευθῇς,
656 617 779 654 ἀπωλείᾳ.
794 619 899 650 ἀπολεῖ,

107 671 156 697 καὶ
168 671 208 702 είς
225 669 313 705 μάτην
324 667 484 704 γενήσονταί
496 676 537 693 σοι
547 667 635 694 πάντα
648 666 699 692 ὅσα
710 665 896 700 ᾠκοδόμησας,

106 715 155 742 καὶ
172 714 221 751 ἔσῃ
242 715 351 750 ἀχρεῖος
371 713 459 740 ἔναντι
478 712 587 739 πάντων
609 710 769 746 ἀνθρώπων.
783 710 849 737 Ἐὰν
870 709 897 736 δὲ

107 761 228 796 ἀκούσῃς
248 761 302 787 τῶν
319 759 392 795 ἐμῶν
406 759 503 794 λόγων,
519 759 566 785 καὶ
585 758 705 793 φυλάξῃς
727 758 776 793 τὴν
789 757 898 793 ἐντολὴν

947 255 1007 288 viga
1025 253 1051 280 in
1071 253 1228 288 (Egyplum,
1249 259 1275 280 et
1299 253 1415 280 ascende
1431 253 1458 278 in
1477 252 1645 286 superiorem
1665 252 1736 279 ἸῚιο-

949 300 1065 331 baidem,
1090 304 1117 326 et
1141 308 1221 334 pasce
1244 308 1306 327 oves
1332 299 1445 327 Christi.
1471 299 1523 327 Sed
1549 300 1657 327 attende
1676 300 1735 331 tibi.

949 346 998 372 lili.
1015 345 1111 373 i‘eslor
1130 345 1177 372 tibi
1195 345 1293 372 cmlum
1317 350 1343 372 ct
1367 350 1477 377 terram,
1492 353 1526 373 ne
1540 345 1617 372 aliter
1641 344 1735 372 facias.

949 390 1017 418 Nam
1035 391 1057 418 si
1071 399 1130 417 mea
1146 391 1226 417 verba
1248 391 1406 426 neglexeris,
1420 395 1447 418 et
1469 399 1524 418 non
1544 391 1694 425 perrexeris
1710 391 1737 417 in

950 437 1117 471 superiorem
1145 431 1326 468 Thebaidem,
1349 437 1473 471 peribis:
1496 440 1523 463 et
1548 435 1649 462 frustra
1671 443 1688 463 a
1713 440 1739 462 te

951 483 1025 513 lient.
1048 491 1218 517 qmecunque
1238 483 1436 511 mdilicaveris:
1456 486 1483 510 et
1498 482 1553 509 eris
1574 482 1678 509 Inutilis
1693 489 1740 509 co-

951 535 1009 554 ram
1023 529 1120 562 quovis
1136 529 1255 556 homine.
1275 527 1328 555 Sed
1352 529 1375 556 si
1398 536 1458 556 mea
1472 528 1553 555 verba
1567 519 1697 561 audieris,
1713 532 1740 556 et

952 573 1063 600 Domini
1085 574 1241 601 mandatum
1261 574 1434 607 custodieris,
1452 574 1525 609 quod
1544 574 1610 601 mihi
1627 575 1740 601 manda-

952 621 991 647 vit
1010 619 1090 648 Iesus
1111 621 1248 653 Christus,
1265 620 1350 649 Filius
1366 621 1423 653 Dei,
1439 621 1493 648 eris
1516 620 1672 648 benedictus
1693 629 1740 648 eo-

953 673 1011 693 ram
1029 667 1088 701 ipso
1102 667 1229 694 omnibus
1246 667 1353 694 diebus.
1373 667 1440 700 Quae
1462 675 1524 694 cum
1548 667 1671 698 dixisset,
1697 675 1740 693 me

952 717 995 740 est
1010 714 1153 748 amplexus
1171 723 1178 741 ε
1201 714 1387 749 convertitque
1406 722 1559 742 sermonem
1583 714 1617 741 ad
1643 714 1739 746 Isaac,

953 766 979 786 et
997 759 1035 786 ait
1049 769 1056 786 :
1077 759 1152 788 Isaac
1165 761 1211 788 liii.

108 807 224 842 Κυρίου,
239 807 273 842 ἣν
290 805 440 833 ἐνετείλατό
457 814 501 841 μοι
523 804 627 839 Ἰησοῦς
647 805 764 840 Χριστὸς
778 825 786 834 .
806 805 820 830 ὁ
836 803 901 836 Υἱὸς
918 805 966 831 τοῦ
980 806 1057 836 Θεοῦ.
1074 807 1123 844 ἔσῃ
1136 807 1317 844 εὐλογημένος
1333 807 1448 834 ἐνώπιον
1468 807 1549 835 αὐτοῦ
1572 807 1662 840 πάσας
1691 808 1741 839 τὰς

108 855 226 891 ἡμέρας.
249 855 304 881 Καὶ
322 854 408 881 ταῦτα.
431 853 515 880 είπὼν
536 853 604 888 πρὸς
629 852 673 888 μὲ,
695 852 838 886 ἠσπάσατό
855 861 898 887 με.
918 846 972 879 Κῖίι
995 855 1156 891 ἀποκριθεὶς
1182 856 1250 891 πρὸς
1286 855 1380 882 Ἰσαὰκ
1412 854 1488 882 εἶπεν
1518 855 1607 892 αὐτῷ·
1639 856 1741 883 Τέκνον

108 898 213 929 Ἰσαάκ.

145 947 244 974 ΞΕ’.Ὀ
260 947 288 974 δὲ
303 944 378 973 εἷπεν
389 955 396 962 ⁴
413 944 444 972 Τί
459 946 528 978 ἔστι,
544 946 654 982 Ηάτερ;
669 946 723 973 Καὶ
736 943 813 972 εἶπεν
824 946 899 972 Ἐπι-

985 945 1066 973 LXV.
1087 946 1113 974 ls
1128 951 1218 974 autem
1233 947 1302 975 dixit
1318 948 1343 975 ei
1357 957 1363 975 :
1379 947 1449 981 Quid
1465 952 1517 981 est,
1534 947 1636 975 Pater?
1652 947 1686 974 Et
1698 947 1740 975 di-

110 993 224 1028 φάνιος·
239 992 294 1019 Καὶ
309 992 352 1023 σὺ,
365 991 470 1021 τέκνον,
486 989 614 1026 μένεὲπὶ
631 988 681 1026 τῆς
697 990 900 1023 Κωνσταντίας,

109 1039 163 1070 ἓως
180 1037 212 1065 ἂν
226 1038 364 1072 ἐπιτραπῇ
389 1045 430 1063 σοι
455 1036 573 1071 βαδίζειν
595 1037 645 1072 τὴν
661 1036 719 1063 ὁδὸν
738 1036 793 1062 τῶν
805 1035 844 1071 (a)
861 1035 902 1061 δι-

110 1084 208 1111 καίων.
223 1083 315 1110 Ταῦτα.
337 1083 421 1110 εἰπὼν
436 1083 594 1117 Ἐπιφάνιος
610 1082 678 1118 πρὸς
695 1082 797 1113 Ἰσαὰκ,
812 1082 902 1116 ἠσπά-

113 1139 180 1157 σατο
203 1130 250 1156 καὶ
271 1130 354 1157 αὐτόν
365 1138 371 1144 ·
388 1130 436 1157 καὶ
461 1128 718 1165 προσκαλεσάμενος
732 1129 795 1160 τοὺς
810 1137 902 1154 ναυτι-

111 1176 177 1207 κοὺς
203 1175 337 1207 ἅπαντας,
353 1172 428 1201 εἶπεν
453 1176 561 1207 αὐτοῖς·
587 1175 632 1210 Μὴ
658 1174 790 1210 θροεῖσθε,
809 1173 902 1201 τέκνα.

111 1222 227 1257 Κίνησιν
250 1221 302 1256 γὰρ
327 1222 344 1256 ὴ
371 1221 493 1248 θάλασσα
515 1222 622 1256 ποιήσει
647 1220 755 1256 πολλήν.
773 1219 844 1246 Ἀλλ’
858 1219 903 1246 εὕ-

113 1268 193 1304 χεσθε
208 1266 248 1303 τῷ
261 1267 330 1303 Θεῷ,
345 1268 391 1294 καὶ
405 1267 486 1299 αὐτὸς
503 1266 630 1303 βοηθήσει
647 1264 776 1301 ὑμῖν.Ἧν
786 1265 815 1292 δὲ
831 1265 904 1291 ἐνδε-

113 1315 183 1350 κάτη
199 1314 258 1349 ὥρα.
272 1313 321 1349 τῆς
332 1313 448 1349 ἡμέρας,
464 1314 508 1340 ὅτε
523 1312 609 1340 ταῦτα
619 1312 736 1344 ἐδίδαξεν
747 1311 821 1346 ἡμᾶς
831 1311 904 1337 Ἐπι-

114 1360 218 1394 φάνιος.
243 1357 325 1385 Εἶπεν
342 1358 370 1385 δὲ
385 1358 425 1385 ἐνὶ
439 1357 494 1385 τῶν
509 1358 629 1385 ναυτῶν·
647 1358 692 1393 Μὴ
710 1356 835 1393 πείραζε,
860 1357 905 1383 ἵνα

115 1405 154 1440 μὴ
169 1404 329 1441 πειρασθῇς.
346 1404 414 1440 Περὶ
423 1404 452 1431 δὲ
467 1403 586 1440 δυο-μους
599 1403 673 1439 ἡλίου
687 1403 791 1437 γίνεται
805 1403 905 1438 λαίλαψ

116 1451 204 1486 μέγας
216 1451 245 1476 ὲν
256 1451 289 1485 τῇ
304 1450 436 1486 θαλάσσῃ.
452 1451 508 1476 Kal.
523 1447 558 1485 ἦν
575 1448 732 1483 Ἐπιφάνιος
748 1449 776 1475 ἐν
793 1450 826 1484 τῇ
849 1449 905 1475 κοί-

114 1495 149 1532 λῃ
171 1494 218 1521 τοῦ
243 1494 333 1521 πλοίου
355 1494 482 1526 ἀπλώσας
506 1494 556 1525 τὰς
576 1495 671 1529 χεῖρας
695 1493 788 1524 αὑτοῦ,
802 1493 850 1519 καὶ
871 1493 906 1519 τὰ

115 1540 270 1575 Εὑαγγέλια.
287 1540 376 1566 ἔκειτο
389 1541 434 1566 ἐπὶ
447 1539 477 1566 τὺ
495 1539 592 1575 στῆθος
607 1538 700 1570 αὑτοῦ,
714 1539 761 1565 καὶ
773 1538 905 1573 οίὸφοαλ-

117 1586 163 1621 μοὶ
177 1585 260 1612 αὑτοῦ
275 1585 452 1621 ἀνεῳγμένοι,
467 1585 513 1612 καὶ
530 1585 606 1620 φωνὴ
620 1583 702 1611 αὑτοῦ
717 1585 767 1611 οὐκ
779 1584 904 1619 ἠκούετο.

121 1631 217 1667 Ἦμεῐς
231 1631 259 1658 δὲ
273 1632 373 1663 πάντες
383 1631 457 1666 φόϐῳ
470 1631 579 1666 μεγάλῳ
589 1630 761 1666 συνεχόμενοι
776 1629 905 1656 ὑπενοοῦ-
919 1623 940 1651 C

118 1685 178 1712 μεν,
193 1677 234 1703 ὅτι
251 1677 294 1704 διὰ
317 1677 362 1703 τὸν
388 1677 468 1703 σάλον
491 1676 541 1710 τῆς
569 1675 706 1710 θαλάσσης
718 1676 733 1702 ὁ
747 1675 904 1709 Ἑπιφάνιος

116 1722 297 1758 προσεύχεται
312 1722 350 1757 τῷ
362 1722 565 1757 Θεῷ.”Εμεινεν
581 1721 610 1748 δὲ
625 1721 639 1747 ὁ
658 1721 761 1747 κλύδων
775 1721 822 1747 δύο
837 1719 905 1756 ὴμέ-

118 1776 168 1804 ρας
183 1768 230 1794 καὶ
242 1767 289 1794 δύο
303 1767 413 1798 νύκτας.
429 1767 482 1793 Καὶ
494 1768 528 1802 τῇ
544 1767 623 1802 τρίτῃ
638 1766 729 1802 ἡμέρᾳ
742 1764 817 1792 εἶπεν
830 1766 906 1792 Ἐπι-

117 1813 210 1848 φὰνιος
225 1813 294 1848 πρὸς
313 1813 346 1848 μέ
356 1821 362 1828 ·
377 1812 479 1839 Τέκνον
496 1813 620 1844 Πολύϐιε,
633 1812 749 1848 λάλησον
761 1812 829 1848 πρὸς
844 1813 906 1844 τοὺς

116 1859 271 1890 ναυτικοὺς,
289 1858 336 1885 καὶ
349 1857 495 1892 ἁψάτωσαν
509 1857 586 1891 ξύλα,
600 1858 647 1884 καὶ
659 1858 848 1892 ποιησάτωσαν
860 1859 906 1885 ἀν-

117 1905 242 1942 θρακίαν.
261 1906 315 1933 Καὶ
339 1906 405 1933 λάϐε
431 1906 568 1942 θυμίαμα,
591 1907 637 1933 καὶ
663 1906 819 1942 προσάγαγε
844 1903 904 1933 ὧδε.

117 1953 172 1980 Καὶ
188 1953 303 1987 ἐποίησα
319 1951 404 1984 οὕτως
414 1961 420 1967 ·
445 1951 490 1978 καὶ
507 1952 681 1988 προσήγαγον
694 1951 778 1986 αὐτῷ.
797 1952 851 1978 Καὶ
867 1950 906 1978 εἴ·

118 2005 170 2025 πεν
184 1999 252 2034 πρὸς
268 1998 302 2033 μέ
312 2006 318 2012 ·
336 1998 405 2024 Βάλε
428 1997 458 2024 τὸ
483 1997 607 2033 θυμίαμα
623 1996 668 2024 ἐπὶ
684 1997 732 2032 τὴν
746 1997 905 2033 ἀνθρακίαν.

118 2044 174 2071 Καὶ
188 2044 282 2071 ἔϐαλα.
306 2045 362 2071 Καὶ
377 2042 453 2070 εἶπεν
463 2052 470 2058 ·
486 2041 617 2076 Εὖξασοε,
634 2044 726 2070 τέκνα.
742 2044 796 2070 Καὶ
812 2044 907 2079 ἐποίη-

120 2098 165 2116 σεν
181 2089 263 2125 εὐχὴν
288 2089 326 2121 ὡς
350 2090 484 2116 ἀνέκειτο.
500 2089 554 2115 Καὶ
571 2089 639 2123 μετὰ
655 2089 704 2124 τὴν
719 2089 800 2124 εὐχὴν
816 2090 903 2123 ἠσπά-

120 2142 185 2162 σατο
199 2135 282 2170 ἡμᾶς,
300 2135 346 2162 καὶ
361 2133 436 2162 εἶπεν
448 2145 454 2150 ·
473 2134 606 2167 Σώζεσθε,
621 2135 702 2161 τέκνα
713 2135 748 2160 ·“ὁ
768 2135 822 2170 γὰρ
832 2136 908 2162 Ἐπι-

119 2182 213 2216 φάνιος
234 2182 325 2208 οὐκέτι
340 2182 411 2218 ὑμᾶς
434 2182 528 2216 ὄψεται
547 2182 576 2207 ὲν
590 2180 658 2216 τῷδε
676 2181 714 2216 τῷ
728 2182 786 2216 βίῳ.
800 2182 852 2209 Καὶ
866 2182 908 2208 εὐ-

119 2227 187 2260 θέως
198 2227 355 2263 παρέδωκεν
372 2228 402 2254 τὸ
427 2226 551 2262 πνεῦμα·
578 2227 625 2253 καὶ
641 2228 811 2263 παραχρῆμα
824 2228 907 2254 ἔπαυ-

119 2283 165 2300 σεν
181 2275 195 2300 ό
210 2273 313 2300 κλύδων
327 2274 376 2309 τῆς
388 2273 534 2307 Θαλάσσης.

155 2320 220 2353 Ξζῗ.
241 2320 295 2346 Καὶ
310 2319 486 2349 ἐπιπεσόντες
499 2319 545 2344 ἐπὶ
557 2318 602 2344 τὸν
613 2317 746 2353 τράχηλον
757 2317 839 2344 αὑτοῦ
849 2317 904 2352 ἐγώ

118 2375 147 2393 τε
159 2367 205 2393 καὶ
216 2367 309 2393 Ἰσαὰκ
321 2366 492 2401 ὲκλαύσαμεν
507 2365 621 2400 πικρῶς,
637 2364 684 2390 καὶ
699 2363 793 2395 σκότος
807 2364 904 2390 ἔπεσεν

119 2413 165 2439 ἐπὶ
176 2413 237 2444 τοὺς
254 2411 409 2446 ὀφθαλμοὺς
434 2411 508 2446 ἡμῶν
526 2412 555 2437 ὲν
570 2411 604 2446 τῇ
618 2410 678 2445 ὥρᾳ.
696 2409 798 2445 ἐκείνῃ.
813 2407 859 2441 Εἷς
875 2409 904 2436 δὲ

117 2457 171 2484 τῶν
192 2457 307 2487 ναυτῶν,
323 2452 345 2490 ᾧ
367 2453 443 2482 εἶπεν
457 2455 613 2490 Ἔπιφάνιος
638 2455 677 2481 ἔτι
698 2454 761 2487 ζῶν,
779 2455 836 2481 ὅτι·
859 2453 904 2489 Μὴ

119 2503 242 2538 πείραζε,
258 2503 300 2528 ἵνα
318 2503 356 2537 μὴ
371 2501 531 2537 πειρασθῇς,
548 2502 665 2537 ἔδραμεν
683 2501 758 2536 παρὰ
774 2501 836 2531 τοὺς
854 2500 904 2526 πό-

117 2549 165 2580 δας
177 2547 345 2582 Ἐπιφανίου,
359 2547 406 2573 καὶ
418 2546 557 2581 ἠϐουλήθη
569 2545 743 2580 ἀποκαλύψαι
757 2545 786 2571 τὸ
798 2545 904 2580 ἱμάτιον

118 2593 199 2620 αὐτοῦ
218 2593 282 2620 ἰδεῖν
301 2594 325 2619 εί
344 2592 527 2628 ὲμπερίτομός
551 2591 672 2618 ὲστιν.”0
691 2591 720 2617 δὲ
735 2591 902 2625 Ἐπιφὰνιος,

117 2638 154 2669 dx;
174 2636 208 2673 ἧν
230 2638 326 2673 νεκρὸς
342 2637 478 2672 κείμενος,
494 2637 626 2670 κουφίσας
647 2636 692 2662 τὸν
716 2635 802 2668 δεξιὸν
826 2635 904 2665 πόδα,

120 2683 217 2710 ἔδωκεν
230 2682 304 2718 αὐτῷ
316 2683 355 2714 είς
367 2682 398 2709 τὸ
412 2682 567 2717 πρόσωπον,
578 2683 624 2708 καὶ
639 2682 749 2718 ἔρριψεν
759 2681 840 2708 αὑτὸν
853 2680 906 2707 ἀπὸ

118 2728 165 2764 τῆς
179 2729 272 2763 κοίλης
293 2727 340 2755 τοῦ
362 2728 454 2754 πλοίου
470 2728 516 2754 ὲπὶ
532 2728 580 2764 τὴν
606 2727 742 2764 πρύμνην,
754 2728 801 2754 καὶ
815 2727 905 2762 ἔμεινε

119 2774 223 2810 νεκρός.
232 2775 374 2802 Ἑποίνσεν
385 2774 413 2801 δὲ
426 2774 472 2801 δύο
486 2774 592 2810 ἡμέρας
607 2775 730 2810 κείμενος
747 2774 850 2810 νεκρός.
865 2773 904 2808 Τῇ

155 2850 194 2884 (a)
212 2849 312 2886 lnterp.
328 2850 391 2887 legit
405 2851 546 2877 Κιττιέων.

955 993 996 1020 xit
1017 991 1184 1027 Epiphanius
1199 1002 1205 1019 :
1223 993 1263 1019 Tu
1289 1001 1408 1028 quoque,
1423 993 1471 1026 ﬁli,
1487 1000 1566 1020 mane
1591 995 1617 1020 in
1632 993 1742 1020 civitate

954 1039 1167 1071 C’onstantiensi,
1183 1039 1270 1067 donec
1292 1039 1415 1074 jubearis
1442 1040 1511 1067 inire
1535 1040 1606 1066 viam
1625 1039 1740 1067 Cittien-

954 1085 1036 1112 sium.
1054 1085 1119 1119 Quae
1134 1093 1195 1113 cum
1210 1085 1376 1120 Epiphanius
1390 1085 1505 1114 dixisset
1521 1085 1608 1118 Isaac,
1622 1093 1684 1113 eum
1700 1091 1742 1114 est

954 1132 1078 1159 similiter
1100 1132 1266 1167 complexus.
1283 1130 1387 1159 Nautas
1401 1139 1511 1167 quoque
1532 1139 1628 1159 omnes
1650 1140 1742 1160 accer-

954 1186 1029 1212 sens,
1044 1179 1113 1206 dixit
1126 1178 1166 1205 eis
1182 1187 1188 1204 :
1203 1177 1291 1205 Nolite
1315 1178 1486 1210 conturbari,
1501 1185 1518 1204 o
1540 1178 1597 1205 lilii.
1614 1177 1741 1213 Magnum

953 1225 1027 1252 enim
1042 1230 1143 1252 motum
1158 1223 1238 1251 faciet
1252 1231 1343 1251 mare:
1357 1223 1405 1251 sed
1421 1224 1551 1251 attendite
1565 1223 1630 1255 Deo,
1645 1228 1672 1252 et
1685 1224 1743 1258 ipse

954 1269 1032 1297 vobis
1045 1269 1113 1297 feret
1125 1277 1216 1304 opem.
1233 1268 1298 1296 Erat
1320 1274 1410 1296 autem
1435 1268 1501 1296 hora
1516 1269 1569 1296 diei
1586 1268 1742 1300 undecima.

955 1317 1064 1352 quando
1078 1316 1136 1344 haec
1151 1324 1201 1344 nos
1218 1315 1311 1344 docuit
1324 1315 1503 1350 Epiphanius.
1522 1314 1596 1342 Dixit
1613 1322 1678 1342 vero
1696 1315 1742 1342 uni

955 1371 989 1390 ex
1001 1362 1092 1390 nautis
1109 1371 1116 1389 :
1130 1361 1191 1390 Noli
1207 1366 1323 1393 tentare,
1342 1369 1376 1388 ne
1394 1366 1421 1388 tu
1436 1361 1557 1388 tenteris.
1572 1360 1652 1388 Circa
1666 1367 1744 1387 occa-

955 1413 1014 1432 sum
1033 1410 1122 1432 autem
1137 1405 1202 1433 solis
1220 1405 1272 1432 fuit
1288 1412 1385 1440 magna
1398 1405 1470 1432 venti
1488 1404 1603 1439 procella
1620 1405 1648 1431 in
1662 1404 1742 1431 mari.

956 1451 1123 1486 Epiphanius
1146 1459 1213 1478 vero
1230 1455 1288 1479 erat
1312 1452 1338 1478 in
1365 1451 1457 1478 intima
1476 1455 1550 1486 parte
1566 1451 1643 1477 navis
1655 1450 1744 1486 passis

956 1497 1099 1530 manibus;
1116 1501 1142 1524 et
1157 1497 1216 1531 ejus
1232 1497 1332 1531 pectori
1351 1497 1478 1531 imposita
1493 1501 1571 1524 erant
1585 1496 1743 1532 Evangelia,

956 1549 984 1571 et
997 1547 1075 1570 erant
1089 1543 1174 1577 aperti
1187 1543 1247 1577 ejus
1266 1543 1348 1576 oculi,
1363 1547 1390 1570 et
1403 1551 1454 1570 vox
1471 1542 1531 1577 ejus
1546 1551 1601 1570 non
1613 1543 1744 1571 audieba-

957 1596 1010 1618 tur.
1034 1589 1088 1617 Nos
1111 1594 1202 1617 autem
1218 1596 1312 1617 omnes
1328 1596 1426 1624 magno
1444 1593 1517 1616 metu
1534 1589 1634 1620 ali‘ecti,
1649 1589 1744 1617 existi-

956 1637 1099 1663 mabamus
1125 1635 1306 1670 Epiphanium
1325 1635 1409 1662 Deum
1423 1643 1503 1662 orare
1517 1639 1627 1670 propter
1641 1639 1744 1670 tempe-

957 1687 1054 1710 statem
1079 1682 1174 1709 maris.
1193 1681 1291 1708 Mansit
1314 1686 1404 1708 autem
1430 1681 1475 1708 illa
1503 1686 1650 1716 tempestas
1673 1682 1744 1709 duos

957 1730 1015 1757 dies
1027 1734 1055 1756 et
1067 1729 1136 1756 duas
1152 1733 1255 1755 noctes.
1271 1727 1363 1755 Tertio
1379 1736 1444 1755 vero
1458 1727 1502 1755 die
1517 1728 1585 1755 dixit
1601 1728 1668 1755 mihi
1682 1728 1744 1762 Epi-

957 1775 1073 1810 phanius
1098 1784 1104 1801 :
1129 1773 1179 1800 Fili
1206 1773 1310 1809 Polybi.
1333 1773 1469 1808 Respondi
1492 1781 1542 1808 ego
1570 1783 1577 1801 :
1597 1773 1668 1806 Quid
1691 1778 1742 1807 est,

957 1821 1057 1849 Pater?
1084 1821 1116 1848 Et
1138 1821 1206 1848 dixit
1221 1821 1286 1847 mihi
1303 1829 1309 1847 :
1325 1820 1373 1848 Dic
1389 1820 1490 1851 nautis.
1508 1824 1536 1847 ut
1548 1820 1699 1848 accendant
1713 1821 1744 1847 li-

957 1876 1020 1904 gna,
1035 1873 1062 1896 et
1075 1867 1176 1895 faciant
1190 1867 1334 1898 carbones,
1351 1872 1378 1894 ct
1391 1867 1485 1902 accipe
1498 1866 1629 1899 suilitum,
1643 1872 1669 1894 et
1679 1867 1744 1894 all‘er

958 1915 1022 1941 huc.
1038 1914 1071 1941 Et
1084 1914 1122 1941 sic
1143 1914 1204 1941 feci.
1220 1912 1272 1946 Qui
1297 1913 1385 1940 dixit:
1401 1912 1462 1945 Fili,
1491 1913 1606 1941 admove
1621 1913 1743 1948 propius.

957 1961 990 1987 Et
1003 1960 1118 1987 admovi.
1137 1960 1170 1987 Et
1184 1960 1252 1987 dixit
1271 1960 1336 1986 mihi
1356 1969 1362 1986 :
1379 1959 1442 1987 Jace
1458 1959 1575 1987 suliitum
1591 1967 1673 1994 super
1685 1967 1732 1986 car

958 2007 1065 2034 bouem.
1095 2006 1127 2033 Et
1139 2006 1202 2040 jeci.
1221 2005 1254 2032 Et
1265 2006 1334 2032 dixit
1350 2014 1356 2032 :
1372 2004 1463 2037 Orate,
1483 2005 1538 2032 lilii.
1558 2005 1590 2032 Et
1606 2005 1668 2032 fecit
1681 2013 1744 2032 ora-

958 2053 1059 2080 tionem
1081 2052 1116 2079 ita
1135 2057 1160 2080 ut
1187 2052 1370 2079 recumbebat.
1388 2051 1422 2078 Et
1443 2056 1503 2086 post
1519 2052 1669 2078 orationem
1693 2059 1744 2078 nos

957 2103 1000 2126 est
1018 2099 1186 2133 complexus,
1204 2098 1296 2125 dicens
1313 2107 1320 2125 :
1339 2098 1411 2124 Salvi
1427 2103 1521 2129 estote,
1543 2097 1600 2124 lilii.
1626 2097 1745 2132 Epipha-

959 2144 1020 2171 nius
1042 2144 1115 2170 enim
1138 2151 1191 2170 non
1204 2151 1253 2170 vos
1276 2143 1392 2177 amplius
1407 2143 1507 2170 videbit
1524 2143 1549 2169 in
1566 2143 1617 2170 hac
1629 2143 1694 2169 vita.
1711 2141 1744 2169 Et

959 2190 1049 2216 statim
1066 2189 1175 2216 tradidit
1188 2189 1322 2223 spiritum.
1341 2188 1492 2223 Statimque
1508 2188 1626 2215 cessavit
1641 2193 1744 2222 tempc-~

958 2242 1014 2264 stas
1029 2243 1122 2262 maris.

994 2314 1084 2341 LXVI.
1104 2314 1237 2341 Cadentes
1260 2318 1348 2340 autem
1372 2320 1453 2346 super
1468 2311 1567 2339 collum
1583 2312 1643 2346 ejus
1654 2319 1704 2346 ego
1717 2317 1745 2338 et

957 2360 1042 2392 Isaac,
1062 2367 1155 2386 amare
1178 2359 1310 2386 llevimus.
1327 2358 1544 2392 Cecideruntque
1567 2357 1688 2384 tenebrat
1716 2357 1745 2384 in

958 2412 1067 2434 nostros
1083 2406 1178 2433 oculos
1203 2405 1249 2432 illo
1273 2403 1326 2431 die.
1344 2402 1420 2430 Unus
1436 2410 1501 2430 vero
1526 2411 1558 2430 ex
1580 2404 1682 2436 nautis,
1698 2404 1744 2431 cui

958 2451 1064 2478 dixerat
1089 2450 1255 2485 Epiphanius
1279 2449 1368 2476 adhuc
1387 2449 1465 2476 vivus
1481 2457 1487 2475 :
1504 2447 1563 2475 Noli
1580 2453 1695 2482 tentare,
1710 2458 1745 2477 ne

958 2498 1085 2529 tcnteris;
1098 2503 1211 2524 currens
1221 2495 1255 2523 ad
1270 2495 1352 2530 pedes
1367 2494 1527 2530 Epiphanii,
1536 2495 1622 2523 voluit
1636 2498 1745 2531 aperire

957 2548 1058 2571 vestem
1075 2542 1228 2577 Epiphanii,
1243 2547 1271 2569 et
1285 2541 1376 2569 videre
1399 2549 1433 2568 an
1458 2546 1531 2569 esset
1550 2542 1742 2570 circumcisus.

958 2588 1124 2624 Epiphanius
1139 2593 1240 2620 autem,
1259 2592 1287 2614 ut
1297 2587 1404 2622 jaccbat
1419 2593 1554 2619 mortuus,
1569 2588 1680 2616 dextero
1692 2595 1742 2622 pe-

957 2636 990 2662 de
997 2635 1113 2665 sublato,
1122 2642 1184 2661 eum
1195 2634 1304 2669 impegit
1313 2634 1340 2660 in
1350 2634 1458 2665 faciem,
1469 2634 1567 2668 etjecit
1578 2642 1639 2661 eum
1656 2642 1743 2668 usque

958 2681 991 2708 ad
1005 2689 1120 2716 puppem
1134 2680 1221 2711 navis,
1240 2685 1268 2708 et
1281 2681 1381 2708 mansit
1401 2680 1484 2707 biduo
1496 2684 1632 2708 mortuus.
1649 2680 1743 2709 Tertio

957 2737 1022 2756 vero
1045 2728 1099 2760 die,
1122 2732 1211 2755 nautae.
1224 2727 1270 2761 qui
1288 2735 1351 2754 eum
1365 2727 1518 2761 portabant,
1533 2729 1654 2754 tulerunt
1679 2734 1742 2753 eum

957 2782 1041 2809 prope
1051 2773 1243 2808 Epiphanium.
1255 2772 1401 2808 POstquam
1414 2778 1504 2800 autem
1519 2775 1742 2807 posuerunteum
