1934 3029
196 170 242 200 HI

844 173 872 200 S.
895 171 1065 199 EPIPHAN'II
1087 173 1177 209 VlTA.

1777 172 1832 198 ΗΞ

193 229 228 257 ad
244 229 326 264 pedes
341 228 412 264 ejus,
425 233 452 256 et
469 228 556 263 tetigit
568 236 626 261 e05,
641 229 732 256 statim
750 231 878 256 surrexit.
896 230 927 256 Et
943 239 972 258 cc

1038 228 1084 257 οὖν
1099 231 1176 268 τρίτῃ
1189 231 1280 267 ἡμέρα
1301 232 1420 267 ἤνεγκαν
1436 232 1516 258 αὐτὸν
1531 231 1714 267 βαστάσαντες
1729 232 1753 257 οἰ
1767 231 1831 258 vai-

193 276 260 303 cidit
281 275 364 302 timor
385 282 468 309 super
491 282 596 306 omnes,
612 274 658 308 qui
676 280 754 301 erant
777 276 803 302 in
825 275 897 302 navi.
915 276 983 302 (lum

194 329 246 349 nos
266 325 355 348 autem
380 321 586 355 navigassemus
613 320 800 347 Constantiam
824 322 858 347 ad
881 321 982 354 loctttn,

194 355 240 402 q‘ui
255 368 355 395 dicitur
370 366 584 398 Dianeuterium,
600 367 703 401 egressi
718 371 783 394 sunt
798 372 887 394 nautae
903 376 918 394 e
935 376 983 394 na-

194 413 232 445 vi.
246 418 273 440 et
296 413 462 440 circnierunt
486 417 571 439 totam
591 412 739 445 civitatem,
756 419 783 440 et
797 413 984 440 clamaverunt

195 468 257 487 cum
271 459 377 493 magnis
390 459 518 486 vocibus:
529 458 584 485 Viri
597 458 705 490 fratres.
720 460 766 494 qui
780 459 846 486 viris
855 459 983 494 frequen-

193 509 248 532 tem
263 504 394 531 habitatis
411 503 660 531 Constantieusium
676 505 823 536 civitatem,
840 505 982 532 descendi-

193 554 219 576 te
234 549 267 575 ad
289 556 364 575 mare
383 549 409 576 in
429 549 529 580 locum,
545 549 592 583 qui
610 549 709 576 dicitur
728 549 939 581 Diancuterium,
956 556 982 576 et

190 594 306 626 accipite
324 595 452 629 reliquias
465 595 552 622 sancti
577 600 605 622 et
630 596 708 630 longe
726 597 874 623 beatissimi
893 597 981 624 Patris

194 640 281 667 nostri
296 639 450 674 Epiphanii.
464 640 545 667 Fiuiit
557 641 630 669 enim
647 641 730 668 vitam
743 641 981 669 humanatn.Tunc

191 685 300 720 quidem
316 685 473 713 ceciderunt
489 686 606 714 tenebrae
621 694 704 721 super
715 687 868 714 universam
884 688 979 715 civita-

186 736 256 764 ’tcm,
270 735 299 758 et
321 738 351 758 se
376 731 502 758 manibus
525 736 648 759 tenentes
664 731 833 760 descendunt
848 733 979 766 ad-mare,

190 785 319 813 magnum
342 778 480 812 planctum
505 777 657 806 aﬂerentes.
677 779 729 806 Sed
752 787 848 807 omnes
871 787 980 814 quoque

192 823 286 851 rustici
298 823 443 851 veniebant
456 823 482 850 in
494 824 699 859 civitatetn,per
712 830 796 851 totam
812 824 881 851 viam
895 824 981 852 [lue-n-

190 876 231 898 tes
264 870 403 906 lacrymis.
431 869 564 902 Quocirca
605 874 661 898 tres
693 878 803 905 qucque
830 870 905 903 caeci,
932 871 979 905 qui

1037 285 1081 303 ται
1097 278 1179 312 ἐγγὺς
1194 278 1364 312 Ἐπιφανίου.
1374 279 1417 310 Ὠς
1432 278 1460 304 δὲ
1474 278 1574 314 ἔθηκαν
1587 278 1668 304 αὐτὸν
1685 277 1758 312 παρὰ
1766 277 1832 308 τοὺς

1038 322 1121 354 πόδας
1142 323 1236 354 αὑτοῦ,
1251 323 1340 358 ἥψατο
1359 323 1413 350 τῶν
1439 324 1526 350 ποδῶν
1552 323 1645 353 αὑτοῦ,
1659 323 1706 349 καὶ
1729 322 1831 353 εὐθέως

1038 369 1153 404 ἀνεστη-
1180 370 1227 396 καὶ
1253 369 1334 404 φόϐος
1357 370 1454 396 ἔπεσεν
1479 370 1525 396 ἐπὶ
1548 371 1653 401 πάντας
1667 369 1731 400 τοὺς
1745 369 1774 395 ὲν
1791 368 1830 403 τῷ

1037 414 1131 450 πλοίῳ.
1147 415 1401 443 Καταπλευσὰντων
1414 416 1441 443 δὲ
1454 416 1532 452 ἡμῶν
1547 417 1574 442 ἐν
1590 415 1766 450 Κωνσταντίᾳ
1783 414 1828 440 ἐπὶ

1036 461 1074 496 τῷ
1094 462 1168 498 τόπῳ
1181 462 1340 497 καλουμένῳ
1357 462 1550 498 Διανευτηρίῳ.
1566 461 1676 496 ἐξῆλθον
1693 461 1718 486 οἱ
1732 459 1818 486 ναίτα

1037 507 1090 533 ἀπὺ
1105 507 1151 534 τοῦ
1170 508 1272 541 πλοίου,
1290 509 1337 535 καὶ
1351 508 1509 534 ἐκύκλωσαν
1532 508 1579 542 τὴν
1604 508 1679 533 πόλιν
1697 507 1740 533 καὶ
1760 506 1830 541 μετὰ

1037 553 1132 588 φωνῶν
1158 555 1284 589 μεγάλων
1311 554 1443 590 ἔκραζον·
1462 553 1574 589 Ἀνδρες
1589 553 1706 587 ἀδελφοὶ.
1729 553 1753 579 οἱ
1779 552 1830 587 τὴν

1036 600 1201 635 πολύανδρον
1227 601 1392 636 μητρόπολιν
1415 599 1603 627 Κωνσταντίαν
1628 598 1828 630 κατοικοῦντες,

1036 647 1191 679 κατέλοετε,
1210 647 1301 683 φησὶν,
1315 648 1362 674 ἐπὶ
1385 647 1434 683 τῆς
1451 647 1588 682 θαλάσσης
1603 648 1631 673 ἐν
1648 646 1686 681 τῷ
1702 647 1777 681 τόπῳ
1789 645 1829 681 τῷ

1036 693 1195 728 καλουμένῳ
1209 693 1403 729 Διανευτηρίῳ,
1418 695 1463 720 καὶ
1479 694 1574 720 λάϐετε
1590 694 1620 720 τὸ
1636 694 1727 728 τίμιον
1738 693 1828 727 λείψα-

1036 747 1080 764 νον
1096 738 1142 764 τοῦ
1163 739 1236 765 ὁσίου
1261 739 1368 774 Πατρὺς
1384 739 1462 774 ἡμῶν
1475 739 1646 774 Ἐπιφανίου.
1672 738 1828 765 Κατέλυσεν

1035 785 1089 819 γὰρ
1112 784 1157 811 τὸν
1179 785 1348 820 ἀνθρώπινον
1370 786 1435 821 βίον.
1455 786 1522 812 Τότε
1534 786 1566 821 δὴ
1584 786 1678 816 σκότος
1693 785 1828 811 ἐπέπεσεν

1034 832 1081 857 ἐπὶ
1105 832 1195 858 πᾶσαν
1219 831 1268 867 τὴν
1293 832 1380 863 πόλιν,
1396 833 1443 858 καὶ
1461 833 1572 863 ἑαυτοὺς
1594 831 1826 866 χειραγωγοῦντες

1035 877 1202 912 κατήρχοντο
1213 878 1259 904 ἐπὶ
1273 878 1323 912 τῆς
1337 878 1486 913 θαλάσσης,
1503 877 1616 904 κοπετὸν
1633 877 1718 913 μέγαν
1733 876 1823 904 ποιού-

184 921 267 944 erant
291 916 318 943 itt
341 917 470 951 ραι-αξοὶο,
485 924 546 951 quae
569 916 720 951 appellatur
737 915 823 948 Torti,
849 924 878 944 se
894 917 934 944 sic
951 917 974 944 in

1032 932 1116 958 μενοι.
1127 923 1207 950 Ἀλλὰ
1221 925 1268 951 καὶ
1287 925 1361 951 πᾶσα
1383 926 1400 961 ἡ
1415 925 1544 961 ἀγροικία
1570 926 1736 961 κατεσύρετο
1750 926 1778 952 ὲν
1791 926 1825 960 τῇ

185 962 261 990 viam
283 962 476 997 conjecerunt;
496 969 546 989 nec
567 962 639 989 ullus
660 963 742 990 dabat
755 962 794 990 eis
813 970 934 996 manum,
951 967 981 990 ut

184 1009 271 1037 citius
294 1009 419 1036 venirent
445 1009 471 1035 in
496 1009 646 1036 civitatem.
665 1008 738 1035 Dixit
752 1013 842 1035 autem
858 1016 930 1036 unus
946 1016 978 1037 ex

188 1055 230 1082 eis
243 1054 354 1082 nomine
361 1054 525 1082 Prosechius
540 1063 547 1082 :
564 1054 650 1090 Digne
662 1054 709 1082 Dei
726 1059 820 1082 sancte
833 1054 978 1090 Epiphani,

189 1102 232 1129 fac
244 1108 295 1128 nos
309 1101 440 1136 aspicere,
454 1106 484 1129 ut
498 1109 549 1129 nos
562 1109 671 1137 quoque
695 1102 841 1130 adoremus
855 1108 915 1130 tuas
930 1109 977 1129 ve-

188 1146 322 1175 nerabiles
347 1147 488 1182 reliquias.
513 1146 547 1174 Et
567 1147 659 1175 statim
684 1152 864 1183 aspexeruut;
885 1152 913 1174 et
937 1147 979 1174 in-

186 1192 274 1226 gressi
284 1192 311 1219 in
322 1193 470 1226 civitatem,
483 1193 633 1220 adorarunt
645 1193 813 1220 venerandas
826 1193 914 1220 sancti
927 1193 979 1220 Pa—

186 1238 236 1265 tris
251 1238 380 1273 reliquias
397 1247 404 1266 :
419 1243 446 1266 et
459 1239 659 1266 annuntiarunt
678 1240 704 1267 id
726 1240 798 1274 quod
820 1241 861 1268 eis
884 1241 911 1268 in
934 1240 978 1269 via

185 1288 324 1311 evenerat.
337 1283 500 1319 Quicunque
511 1288 601 1311 autem
615 1285 770 1316 audierunt,
786 1285 870 1313 Deum
881 1286 976 1314 lauda-

186 1333 260 1361 runt,
276 1329 325 1364 qui
341 1329 375 1357 iis
391 1329 438 1364 qui
455 1337 485 1357 se
499 1334 564 1357 sunt
579 1330 664 1365 digni,
680 1331 779 1365 praebet
792 1331 866 1358 talia.

1030 968 1116 1001 πόλει,
1129 969 1162 996 τὰ
1186 970 1290 1004 δάκρυα
1317 971 1377 998 καθ’
1393 971 1451 998 ὁδὸν
1476 971 1648 1006 ἐπιχέοντες·
1671 971 1742 998 ὥστε
1767 972 1824 1003 καὶ,

1028 1015 1111 1050 τριῶν
1127 1015 1234 1049 τυφλῶν
1248 1016 1333 1043 ὄντων
1349 1017 1377 1043 ἐν
1392 1017 1523 1053 παροικίᾳ
1545 1017 1724 1053 ἐπιλεγομένη
1740 1018 1824 1052 Στορ-

1028 1062 1110 1096 τυκῇ,
1125 1062 1154 1088 ὲν
1179 1063 1212 1097 τῇ
1309 1063 1421 1094 ἑαυτοὺς
1439 1063 1622 1098 ἐμϐαλόντων,
1638 1064 1723 1095 οὐδεὶς
1741 1063 1823 1090 ἐπιδί-

1028 1104 1074 1132 δου
1090 1105 1195 1138 τούτοις
1212 1108 1299 1142 χεῖρα,
1316 1108 1390 1139 ὅπως
1403 1108 1496 1142 τάχιον
1509 1109 1704 1143 συμψῦάτωτιν
1719 1109 1766 1135 ἐπὶ
1775 1109 1824 1144 τὴν

1029 1150 1123 1177 πόλιν*
1142 1149 1218 1178 εἶπεν
1230 1152 1258 1178 δὲ
1274 1153 1306 1179 ἐκ
1318 1153 1372 1179 τῶν
1385 1154 1467 1188 τριῶν
1484 1155 1498 1180 ὁ
1521 1153 1561 1186 εἷς
1585 1155 1711 1189 ὀνόματι·
1736 1155 1823 1190 Προσ-

1028 1196 1099 1231 έχιος
1109 1206 1115 1212 -
1128 1197 1206 1231 ’Ἃγιε
1217 1198 1264 1225 τοῦ
1276 1199 1354 1230 Θεοῦ,
1365 1200 1420 1226 ὄσιε
1429 1201 1580 1234 Ἐπιφάνιε,
1590 1201 1699 1235 ποίησον
1708 1200 1822 1227 ἀναϐλέ-

1028 1240 1087 1274 ψαι,
1105 1241 1178 1273 ὅπως
1201 1243 1246 1269 καὶ
1261 1244 1341 1278 ἡμεῖς
1359 1246 1592 1280 προσκυνήσωμεν
1615 1245 1645 1272 τὸ
1666 1246 1757 1280 τίμιόν
1774 1254 1821 1272 σου

1029 1285 1163 1321 λείψανον.
1184 1288 1238 1314 Καὶ
1259 1289 1360 1321 εὐθέως
1380 1291 1539 1326 ἀνέϐλεψαν,
1555 1291 1601 1318 καὶ
1617 1292 1781 1323 εἰσελθόντες
1793 1293 1823 1318 ἐν

1028 1333 1061 1368 τῇ
1076 1333 1151 1360 πόλει
1164 1335 1370 1371 προσεκύνησαν
1388 1337 1417 1363 τὸ
1439 1337 1527 1373 τίμιον
1541 1337 1664 1372 λείψανον
1684 1338 1731 1364 τοῦ
1748 1338 1822 1365 ὁσίου

185 1374 308 1411 Πατρός·
325 1375 496 1411 ἀπήγγειλαν
514 1376 542 1403 δὲ
559 1376 589 1403 τὸ
606 1377 712 1412 συμϐὰν
727 1378 820 1410 αὐτοῖς
843 1378 913 1405 κατὰ
935 1378 984 1414 τὴν
1003 1379 1072 1406 ὁδόν,
1101 1380 1278 1414 Ἀκούσαντες
1291 1383 1319 1409 δὲ
1332 1383 1460 1416 ἅπαντες,
1479 1384 1604 1417 ἐδόξαζον
1618 1385 1664 1412 τὸν
1680 1385 1746 1412 Θεὸν
1775 1386 1821 1411 τὸν

186 1421 298 1447 τοιαῦτα
310 1421 466 1457 παρέχοντα
477 1423 534 1454 τοῖς
549 1423 634 1454 ἀξίοις
651 1423 744 1450 αὐτοῦ.

221 1465 324 1493 LXVII.
346 1466 501 1496 llonoril‘tce
509 1475 574 1509 ergo
588 1476 602 1495 e
616 1470 677 1496 navi
693 1470 819 1497 tollentes
833 1470 973 1506 reliquias,

184 1512 394 1539 introduxerunt
407 1513 433 1539 in
449 1513 603 1540 ecclesiam.
618 1513 711 1549 Ibique
727 1516 826 1542 mansit
841 1521 894 1543 tres
904 1517 971 1549 dies,

1063 1471 1120 1497 ΞΖ’.
1143 1472 1174 1497 Ἀ
1180 1480 1274 1507 ραντες
1285 1470 1331 1500 οὖν
1343 1474 1397 1501 ἀπὸ
1413 1475 1459 1501 τοῦ
1474 1476 1567 1502 πλοίου
1580 1476 1610 1503 τὸ
1624 1476 1759 1510 λείψανον,
1773 1487 1820 1514 με-

1027 1518 1061 1543 τὰ
1087 1518 1187 1553 πολλῆς
1216 1519 1298 1554 τιμῆς
1330 1521 1492 1556 εἰσήνεγκαν
1519 1524 1559 1554 εἰς
1587 1523 1636 1559 τὴν
1662 1525 1818 1559 ἐκκλησίαν.

183 1565 273 1593 neque
287 1558 469 1593 sepeliebatur
484 1565 594 1594 propter
609 1568 734 1595 magnam
758 1563 972 1590 contentionem.

1029 1563 1139 1598 Ἔμεινε
1155 1564 1183 1590 δὲ
1198 1566 1272 1600 τρεῖς
1285 1566 1402 1601 ἡμέρας,
1421 1568 1467 1594 καὶ
1487 1568 1536 1594 οὐκ
1555 1568 1696 1602 ἐθάπτετο,
1712 1571 1756 1597 διὰ
1771 1570 1820 1606 τὴν

184 1602 287 1636 Quarto
303 1608 395 1630 autem
410 1603 454 1630 die
467 1604 556 1639 ipsum
571 1605 597 1631 in
613 1605 714 1638 loculo,
726 1607 805 1634 mellc
818 1607 972 1642 superfuso,

182 1653 405 1682 composuerunt.
425 1648 608 1684 [Cogitabam
629 1652 702 1678 enim
724 1659 786 1679 eum
809 1654 924 1688 sepelire
947 1655 972 1681 in

183 1692 323 1728 ecclesia.]
349 1692 437 1720 Mansi
451 1701 515 1721 vero
529 1701 632 1729 septem
647 1696 705 1722 dies
720 1696 746 1723 in
761 1697 875 1725 ecclesia
891 1706 974 1733 prope

182 1739 312 1774 reliquias
328 1748 335 1766 :
351 1743 379 1766 et
402 1746 436 1766 ne
459 1740 499 1766 sic
520 1741 628 1774 quidem
656 1746 698 1769 cst
717 1743 848 1777 sepultus.
870 1744 974 1772 Octavo

183 1786 274 1820 itaque
288 1785 341 1818 die,
364 1793 437 1817 cum,
454 1790 483 1813 ut
497 1786 616 1821 iusserat
639 1793 751 1816 sanctus
763 1789 856 1823 Pater,
876 1799 973 1818 navem

182 1831 359 1863 invenissem,
374 1839 435 1866 quae
452 1832 605 1867 trajiciebat
628 1834 654 1860 in
680 1834 840 1870 .Egyptum,
863 1837 973 1864 ascendi

181 1876 209 1903 in
223 1876 392 1910 superiorem
407 1876 582 1910 Thebaidem,
597 1884 624 1906 et
638 1880 725 1907 mansi
741 1889 813 1908 anno
826 1889 890 1908 uno.
903 1881 972 1909 Cum

181 1926 272 1950 autem
299 1922 477 1950 descenderet
500 1932 617 1959 magnus
639 1924 799 1960 Heraclcon,
816 1935 918 1963 praeses
932 1933 974 1956 to-

181 1968 236 1996 tius
251 1965 372 2004 ngypti,
390 1967 580 1998 Rhinocurura
605 1971 685 2006 (eam
699 1973 771 1999 enim
785 1973 878 2001 urbem
894 1975 972 2001 [tabi-

181 2014 282 2049 tabat),
298 2019 325 2042 et
352 2015 485 2043 audiisset
511 2024 554 2044 me
578 2016 664 2045 fuisse
690 2018 854 2054 discipulum
882 2021 972 2056 magni

181 2060 338 2096 Epiphanii,
355 2069 399 2089 me
412 2062 549 2090 nolentem
563 2065 655 2098 rapuit
667 2072 715 2100 per
731 2066 841 2097 milites,
857 2066 970 2102 imposi-

180 2111 294 2142 tutnque
311 2108 415 2135 camelo
432 2108 556 2136 dromadi
580 2110 677 2138 detulit
699 2111 900 2140 Rhinocurura.
917 2113 973 2141 Ac-

180 2153 246 2180 cidit
261 2159 363 2187 autem,
383 2161 412 2183 ut
429 2157 574 2191 epist-opus
593 2157 702 2184 illorum
716 2158 869 2186 decederet.
886 2159 972 2188 Fecit-

180 2207 234 2234 que
249 2205 279 2227 ut
291 2201 434 2230 ordinarer
445 2203 590 2238 episcopus
606 2202 872 2233 thinocururorum.

181 2297 424 2335 Epistolafolybii
437 2300 563 2335 episcopi,
580 2301 692 2328 ciuitatis
710 2301 923 2330 Rhinocururum
936 2305 970 2331 ad

301 2333 429 2361 Sabinum
445 2333 595 2370 episcopum
616 2337 853 2365 Constantianam.

214 2420 330 2448 Domino
358 2422 385 2449 iu
417 2422 473 2449 Deo
498 2423 663 2454 venerando,
689 2424 771 2459 digno
802 2425 967 2456 sacerdotio,

180 2472 274 2493 sancto
290 2465 363 2494 Patri
389 2466 490 2494 Sabino
514 2470 642 2503 episcopo
669 2469 787 2496 civitatis
803 2469 969 2497 Constantini

179 2511 272 2546 tlypri,
289 2510 417 2547 Polybius
432 2517 560 2546 peccator
576 2513 602 2539 in
619 2511 735 2540 Domino
756 2514 880 2541 salutem.
898 2515 968 2550 Magi

180 2555 327 2590 singularis
341 2557 446 2591 gratim,
462 2557 501 2583 vel
515 2563 661 2592 antequam
674 2559 751 2586 stella
763 2560 803 2586 eis
822 2559 965 2587 Dominum

179 2602 370 2636 signiﬁcasset,
397 2602 543 2637 participes
566 2604 639 2637 facti,
658 2604 760 2632 vadunt
785 2604 966 2640 Hierusalem,

178 2653 260 2683 atque
277 2647 447 2682 Butltlchctn,
461 2650 494 2676 ad
516 2650 684 2678 adorandum
707 2652 845 2679 caelestem
876 2661 965 2688 regem

178 2693 315 2721 Christum
334 2694 477 2721 Dominuttt
495 2701 628 2723 nostrum.
648 2696 706 2724 Nisi
723 2698 795 2724 enim
813 2699 832 2724 ii
850 2697 967 2726 fuissent

178 2739 255 2774 prius
278 2739 425 2776 participes
448 2740 547 2768 divinae
570 2741 745 2776 cognitionis,
762 2742 810 2771 Dei
832 2744 965 2773 visionem

215 2838 253 2879 (tt)
273 2839 360 2883 χει-ιη
374 2840 507 2883 interpres
520 2840 598 2883 quasi
613 2841 708 2883 legerit
720 2842 780 2883 μέλι
792 2843 925 2883 ¹βαλόντες
936 2845 965 2871 ἐν

180 2875 262 2909 σορῷ.
272 2875 339 2908 Qua:
353 2875 482 2904 autem'in
497 2875 572 2904 testu
588 2875 685 2905 Latino
699 2875 777 2907 uncis
791 2875 962 2912 inclusimus,

1026 1608 1125 1644 πολλὴν
1150 1610 1315 1643 φιλονεικίαν
1339 1611 1437 1638 αὐτῶν.
1455 1613 1494 1648 Τῇ
1517 1611 1564 1640 οὖν
1587 1614 1705 1651 τετάρτῃ
1727 1616 1819 1652 ἡμέρα

1028 1654 1095 1690 μέλη
1114 1655 1239 1690 βαλόντες
1256 1657 1284 1683 ἐν
1300 1657 1407 1693 Σκυρίῳ
1425 1659 1462 1693 (ο)
1477 1659 1572 1686 ἔϐαλον
1587 1661 1677 1687 αὐτόν.
1689 1657 1819 1697 Ἐποίησα

1025 1699 1053 1725 δὲ
1068 1699 1122 1733 ἐγὼ
1136 1702 1184 1730 τὰς
1199 1699 1220 1733 ζ’
1236 1702 1342 1736 ἡμέρας
1359 1704 1389 1728 ὲν
1400 1705 1433 1738 τῇ
1447 1704 1581 1741 ἐκκλησίᾳ
1597 1706 1670 1741 παρά
1681 1706 1712 1733 τὸ
1724 1700 1818 1735 λείιῐια-

1026 1752 1070 1770 νον
1081 1754 1088 1760 ·
1105 1746 1150 1771 καὶ
1164 1746 1225 1772 οὐδὲ
1237 1747 1322 1779 οὕτως
1333 1749 1430 1785 ἐτάφη.
1450 1750 1487 1785 Τῇ
1502 1748 1548 1777 οὖν
1560 1752 1640 1788 ὀγδόῃ
1660 1752 1752 1789 ἡμέρᾳ
1768 1763 1817 1780 κα-

1025 1789 1059 1816 τὰ
1073 1791 1122 1826 τὴν
1137 1791 1172 1827 (b)
1189 1792 1234 1819 τοῦ
1259 1793 1332 1820 ὁσίου
1349 1795 1456 1831 Ila-cpe;
1471 1793 1549 1832 εὗρον
1565 1798 1657 1824 πλοῖον
1678 1799 1816 1835 διαπερῶν

1025 1837 1065 1868 εἰς
1080 1837 1225 1871 Αἴγυπτον,
1243 1839 1290 1865 καὶ
1311 1840 1430 1868 ἀνελθὼν
1452 1842 1621 1875 ἀπέπλευσα,
1639 1845 1685 1871 καὶ
1703 1846 1817 1880 ἀνῆλθον

1025 1883 1065 1914 εἰς
1077 1883 1125 1918 τὴν
1137 1884 1193 1910 ἄνω
1206 1885 1336 1920 Θηϐαΐδα,
1353 1887 1399 1913 καὶ
1413 1888 1530 1924 ἐποίησα
1544 1890 1675 1917 ἐνιαυτόν.
1687 1892 1740 1918 Καὶ
1751 1901 1817 1918 κατ-

1025 1928 1171 1963 ερχόμενος
1197 1931 1210 1956 ὁ
1238 1931 1324 1965 μέγας
1347 1932 1513 1968 Ἡρακλείων
1530 1936 1544 1962 ὁ
1558 1936 1650 1972 ἄρχων
1669 1938 1719 1973 τῆς
1733 1939 1817 1973 Αἰγύ-

1025 1983 1091 2001 πτου
1113 1975 1160 2002 ἐπὶ
1179 1977 1409 2015 Ῥινοκουρούρων
1422 1981 1471 2015 τὴν
1487 1982 1562 2008 πόλιν
1579 1981 1632 2018 (ἦν
1646 1984 1700 2020 γὰρ
1716 1986 1762 2012 καὶ
1777 1987 1817 2012 οἰ-

1025 2021 1118 2066 κήτωρ
1132 2022 1217 2058 αὐτῆς
1229 2024 1250 2057 ),
1268 2024 1388 2057 ἀκούσας
1412 2026 1453 2053 ὅτι
1477 2028 1601 2065 μαθητὴς
1621 2030 1754 2066 ἐγενόμην
1768 2031 1815 2058 τοῦ

1025 2065 1142 2100 μεγάλου
1157 2067 1325 2101 Ἐπιφανίου,
1342 2070 1379 2105 μὴ
1400 2069 1521 2102 θέλοντός
1540 2081 1600 2107 μου,
1613 2073 1658 2100 διὰ
1676 2065 1816 2111 ¹στρατιωη

1023 2110 1077 2137 τῶν
1093 2111 1216 2147 ἥρπασεν
1232 2122 1276 2148 με,
1294 2114 1340 2140 καὶ
1363 2115 1409 2141 ἐπὶ
1423 2115 1623 2152 δρομοκαμήλῳ
1640 2117 1813 2151 ἐπικαθίσας,

1024 2156 1192 2190 κατήνεγκεν
1205 2165 1238 2192 με
1249 2158 1288 2190 εἰς
1306 2158 1524 2196 Ῥινοκούρουρα.
1543 2161 1644 2198 Συνέὺη
1656 2162 1684 2189 δὲ
1698 2162 1742 2190 τὸν
1753 2164 1814 2189 ἐπί-

1024 2209 1123 2228 σκοπον
1139 2203 1185 2229 τὸν
1197 2204 1255 2230 ἐκεῖ
1268 2204 1435 2240 τελευτῆσαι,
1448 2207 1494 2233 καὶ
1509 2208 1637 2243 ἐποίησέν
1649 2217 1683 2244 με
1696 2218 1815 2245 χειροτο-

1024 2245 1136 2281 νηθῆναι
1147 2248 1295 2276 ἐπίσκοπον
1310 2250 1359 2285 τῆς
1370 2251 1534 2287 Ἐκκλησίας
1555 2254 1794 2291 Ῥινοκουρούρων.

1027 2312 1186 2354 Ἐπιστολὴ
1209 2316 1360 2354 Πολυϐίου
1387 2318 1557 2354 ἐπισκόπου
1583 2321 1699 2354 πόλεως
1719 2322 1813 2349 Ῥινο-

1054 2350 1225 2385 κουρούρων
1241 2351 1316 2385 πρὸς
1329 2353 1457 2380 Σαϐῖνον
1473 2355 1643 2382 ἐπίσκοπον
1655 2350 1814 2384 Κιῖινσταν-

1056 2384 1130 2416 τιας.

1055 2437 1149 2472 Κυρίῳ
1173 2437 1326 2475 θεοτιμήτῳ
1340 2441 1408 2477 ἀξίῳ
1424 2443 1474 2478 τῆς
1488 2444 1648 2480 ἱερωσύνης,
1671 2446 1740 2481 ἁγίῳ
1754 2447 1811 2472 Πα-

1019 2483 1063 2519 τρὶ
1077 2484 1218 2520 ὲπισκόπῳ
1241 2486 1346 2522 Σαϐίνῳ
1370 2487 1473 2520 πόλεως
1488 2490 1680 2523 Κωνσταντίας
1694 2492 1743 2526 τῆς
1757 2493 1811 2518 Κύ-

1019 2537 1099 2562 πρου,
1126 2529 1255 2561 Πολύϐιος
1277 2531 1439 2568 ἁμαρτωλὸς
1467 2536 1495 2560 ὲν
1524 2537 1619 2572 Κυρίῳ
1648 2538 1810 2573 χαίρειν.οΞ

1020 2574 1100 2609 μάγοι
1124 2575 1172 2610 τῆς
1196 2576 1306 2611 χάριτος
1330 2581 1462 2614 μετεῖχον,
1481 2581 1552 2615 λέγω
1573 2582 1604 2618 δὴ
1631 2583 1684 2618 πρὸ
1705 2583 1751 2610 τοῦ
1765 2584 1810 2611 τὸν

1017 2619 1119 2654 ἀστέρα
1143 2621 1234 2652 αὐτοῖς
1272 2624 1462 2658 καταμηνῦσαι
1487 2626 1536 2662 τὴν
1560 2626 1653 2662 βαδίαν
1677 2628 1810 2655 ποιεῖσθαι

1017 2663 1064 2690 ἐπὶ
1087 2666 1273 2702 Ἰερουσαλὴμ,
1290 2668 1336 2694 καὶ
1356 2670 1384 2695 ἐν
1407 2670 1529 2706 Βηθλεὲμ
1553 2673 1599 2698 ἐπὶ
1624 2674 1808 2709 προσκυνήσει

1016 2709 1063 2735 τοῦ
1087 2712 1206 2746 μεγάλου
1227 2712 1359 2747 βασιλέως
1380 2716 1469 2751 Ἰησοῦ
1492 2718 1610 2753 Χριστοῦ
1636 2719 1683 2746 τοῦ
1705 2721 1810 2756 Κυρίου

1018 2757 1105 2791 ἡμῶν,
1120 2758 1150 2784 Εἰ
1169 2758 1206 2793 μὴ
1229 2759 1284 2794 γάρ
1306 2758 1378 2796 εἶχον
1399 2763 1476 2789 αὐτοὶ
1502 2763 1667 2798 Θεογνωσίαν
1681 2767 1711 2792 τὸ
1732 2766 1807 2802 πρὶν,

1016 2846 1042 2873 in
1056 2846 1149 2873 Graeco
1163 2847 1272 2876 desunt.
1295 2849 1373 2876 Eutr.
1390 2849 1511 2878 Parum“

1054 2882 1090 2917 (1))
1110 2883 1190 2909 Κατὰ
1203 2884 1268 2911 τήν.
1292 2886 1393 2920 δυμυιυ
1409 2887 1530 2922 ἐντολήν.
1552 2887 1593 2914 ιιι.
