1934 3029
197 104 248 133 “5
709 105 737 132 S.
754 105 925 132 EPIPIIANII
942 104 1031 132 ACTA
1051 96 1300 133 BOLLANDIANA'.
1762 106 1816 134 H6

196 164 326 200 reliquias
339 164 426 200 sancti
437 168 464 191 et
473 164 543 191 beati
560 164 648 192 Patris
663 165 748 192 nostri
759 169 787 192 et
800 166 918 199 episcopi
932 165 1084 200 Epiphanii,
1100 170 1127 192 et
1145 173 1206 192 cum
1222 166 1295 192 omni
1315 166 1416 192 honore
1431 173 1476 193 eas
1494 165 1519 192 in
1535 173 1566 192 eo
1576 165 1635 192 loco
1652 166 1813 199 deposuere.

234 199 327 226 LXXI.
348 199 427 235 Mane
443 204 534 227 autem
554 200 645 226 statim
660 200 830 227 venerandus
844 200 942 231 Draco,
954 199 1095 227 accersitis
1109 201 1236 228 omnibus
1252 201 1357 228 clericis
1377 209 1438 228 cum
1465 201 1558 227 multis
1573 200 1815 235 patribusfamilias

197 235 327 266 civitatis,
343 234 441 271 obtulit
458 242 551 271 preces
569 235 736 271 imperatori.
751 235 825 262 Missi
840 243 905 262 vero
919 239 986 271 sunt
999 239 1055 271 tres
1069 235 1170 267 clerici,
1184 240 1211 261 et
1226 239 1281 271 tres
1296 236 1514 271 patresfamilias.
1532 234 1579 262 Exi
1594 235 1700 262 clericis
1716 237 1741 262 in
1757 236 1815 270 pri-

199 271 252 297 mis
269 269 444 296 honorandus
458 269 575 296 Sabinus
589 270 729 302 diaconus,
745 275 773 297 et
788 271 905 297 maxime
918 270 1093 297 honorandus
1106 271 1237 297 diaconus
1255 269 1356 298 Paulus
1377 271 1556 298 consobrinus
1570 270 1708 302 Draconis,
1725 269 1815 297 etho-

199 305 338 340 norandus
352 304 480 331 diaconus
496 304 672 332 Athanasius.
689 304 727 331 Ex
742 306 863 339 patribus
876 310 966 332 autem
982 305 1098 332 familias
1113 305 1276 333 reverendus
1291 306 1428 333 Marianus
1451 306 1533 333 frater
1554 305 1669 340 Synesii,
1691 310 1716 332 et
1738 313 1815 332 reve-

200 341 301 367 rendus
313 339 431 375 Jpaunes
446 340 505 373 ejus
518 340 709 370 consobrinus,
723 345 750 367 et
766 340 838 367 ﬁlius
852 340 993 372 Draconis,
1009 341 1054 374 qui
1070 340 1127 374 ipse
1142 348 1250 375 quoque
1264 342 1411 368 vocabatur
1427 341 1521 371 Draco.
1536 345 1562 367 et
1573 339 1653 374 Quem
1668 340 1713 366 Dei
1727 341 1814 374 gratia

199 375 306 401 curavit
321 374 488 410 Epiphanius
504 383 518 401 a
535 375 629 401 morbo
644 375 815 410 gravissimo.
830 375 862 401 Hi
878 380 967 402 autem
982 375 1089 402 iverunt
1110 375 1137 402 in
1152 374 1292 403 ’civitatem
1315 377 1426 410 regiam,
1440 382 1466 403 et
1480 376 1635 402 obtulerunt
1649 383 1741 409 preces
1760 376 1814 402 im-

199 409 493 445 peratorislutperator
514 417 581 445 vero
601 409 744 443 Arcadius,
763 419 824 437 cum
840 418 933 444 preces
958 411 1107 445 accepisset
1129 416 1156 437 et
1179 411 1295 445 legisset,
1311 409 1389 438 valde
1407 419 1505 445 magno
1518 411 1609 437 dolore
1630 415 1670 437 est
1690 410 1814 442 allectus,

200 444 273 480 quod
287 452 303 472 e
317 444 371 470 vita
385 445 546 480 excessisset
562 444 731 478 Epiphanius
746 455 754 480 ε
767 450 794 472 et
812 446 881 472 dixit
896 446 935 472 eis
957 446 1003 480 qui
1023 444 1119 479 preces
1144 446 1194 473 sibi
1207 444 1374 472 ’obtulerant
1389 455 1395 474 :
1413 446 1507 473 Sedete
1529 446 1554 472 itt
1581 446 1630 480 hac
1653 445 1719 471 urbe
1741 445 1814 480 regia

200 479 381 513 quadraginta
393 479 461 512 dies,
475 485 505 506 ut
518 479 623 513 lugeam
640 487 729 506 meum
744 479 863 512 Patrem,
879 485 906 507 et
922 479 971 507 vos
986 481 1090 507 mittam
1106 481 1131 507 in
1146 488 1221 514 pace.
1240 480 1278 507 llli
1294 486 1382 508 autem
1399 481 1439 507 sic
1459 481 1587 508 fecerunt.
1603 479 1634 506 Et
1649 480 1716 506 luxit
1731 479 1816 507 Area-

201 514 264 541 dius
281 514 427 550 imperator
440 519 539 540 sancta:
555 514 692 541 memorite
704 519 807 549 patrem
821 521 943 543 nostrum
957 521 983 542 et
994 516 1151 550 episcopum
1164 515 1342 550 Epiphaniqu
1355 516 1532 550 quadraginta
1549 515 1616 550 dies.
1628 514 1693 541 Post
1710 515 1814 542 luctum

201 555 292 575 autem
313 549 375 575 fecit
390 549 622 582 constitutionem,
638 554 665 576 et
679 551 754 577 misit
775 559 836 577 cum
853 551 893 578 eis
911 550 998 577 virum
1013 549 1271 584 pium’militantem.
1288 549 1397 577 nomine
1413 551 1569 577 Maximum.
1589 549 1613 576 Is
1630 550 1743 577 habebat
1758 550 1816 584 spi-

201 584 284 610 ritum
302 584 481 620 immundum.
498 584 566 620 Cum
579 584 608 620 rii
634 589 722 611 autem
746 585 933 620 pervenissent
947 585 1144 620 Constantiam,
1162 586 1252 612 statim
1266 585 1398 612 Maximus
1419 589 1529 620 accepta
1552 584 1754 615 constitutione,
1771 585 1816 611 iu-

201 626 311 652 gressus
325 623 366 645 est
380 619 407 645 in
422 619 521 650 louum,
540 619 586 645 ubi
610 624 673 646 sttnt
688 620 782 654 positae
796 620 917 654 reliquie:
931 620 1018 647 sancti
1041 619 1129 647 Patris
1144 621 1241 647 nostri.
1254 620 1377 653 Cumque
1391 619 1493 654 pronus
1508 619 1648 646 cecidisset
1662 619 1688 646 in
1705 619 1814 651 faciem,

201 657 228 679 et
242 660 337 687 preces
348 654 487 690 posuisset
502 662 583 690 supra
599 654 716 685 thecam,
731 655 798 682 dixit
817 664 824 682 :
839 655 893 682 Deo
907 655 988 688 digne
1003 660 1095 682 sancte
1107 654 1250 689 Epiphani,
1263 656 1366 690 expelle
1380 664 1393 680 a
1412 663 1455 682 tne
1475 655 1623 689 malignum
1635 655 1770 688 spiritum,
1786 658 1816 682 et

201 692 268 715 tunc
281 688 399 725 aperiam
418 688 488 725 hanc
504 689 820 725 formatantscriptnram
832 698 893 716 cum
912 697 1009 725 magna
1025 688 1171 724 gratiarum
1189 688 1304 717 actione:
1322 690 1473 724 Statimque
1485 688 1551 716 exiit
1565 690 1720 716 imtnuudus
1733 689 1816 723 spiri-

201 728 245 759 tus
260 723 563 759 arhlaximoLManeque
580 723 717 758 patefacta
730 725 780 751 fuit
794 725 926 759 scriptura
943 723 1057 751 formata
1073 726 1100 752 in
1113 725 1173 751 loco
1188 726 1306 759 publico,
1320 731 1346 752 et
1360 723 1455 752 omnes
1476 729 1614 758 propterea
1638 731 1733 758 magna
1751 728 1816 751 sunt

201 758 290 795 alfecti
305 758 407 785 latitia.
423 758 557 795 Fortualte
571 764 660 795 autem
674 759 816 795 scripturae
835 758 888 786 vim
911 760 1001 795 insero
1024 760 1050 786 in
1073 768 1132 787 mea
1148 758 1272 794 epistola,
1289 768 1369 795 quam
1386 761 1418 787 ad
1435 764 1551 795 vestram
1573 759 1651 795 mjtto
1663 760 1814 795 pietatem;

201 800 263 827 qua:
284 793 310 820 in
326 801 405 820 versu
417 793 541 829 secundo
556 794 594 820 sic
607 793 737 821 continet.
759 794 803 822 Sic
820 795 892 821 enim
906 794 972 821 dicit
988 795 1136 829 imperator
1153 793 1286 822 Arcadius
1298 793 1336 822 'de
1353 800 1446 822 sancto
1469 794 1550 829 Patre
1566 803 1572 821 :
1588 794 1666 829 Eum,
1684 795 1730 828 qui
1748 794 1817 821 vixit

201 835 284 862 supra
296 833 402 856 nostras
416 828 497 864 leges,
512 829 640 855 nolumus
650 829 744 864 jacere
757 830 948 856 convenienter
968 830 1068 856 nostris
1093 830 1207 864 legibus.
1225 829 1294 857 Ecce
1309 838 1384 864 ergo,
1399 838 1415 856 o
1430 833 1522 857 sancte
1542 828 1620 855 Pater
1633 828 1735 863 Polybi,
1754 828 1816 855 uni-

200 870 306 899 versam
323 863 556 899 consequentiam,
572 871 633 897 quze
645 863 696 891 fuit
714 869 768 893 tam
784 864 872 891 verbis
887 872 967 898 quam
986 864 1074 896 lactis,
1093 863 1205 899 exposui
1225 870 1320 892 vestrae
1337 863 1406 899 apud
1422 864 1506 899 Deum
1524 864 1661 890 honoratae
1674 869 1701 891 et
1714 868 1816 890 sancta}

200 898 298 934 animae
312 905 360 932 per
372 898 486 931 litteras,
501 906 560 932 qua:
573 906 588 934 a
603 899 681 934 nobis
697 900 786 926 missae
801 904 864 927 sunt
879 907 926 933 per
939 898 1281 927 venerandum’diaconum
1297 898 1449 934 Calippum.
1462 898 1536 926 Habe
1551 904 1640 926 autent
1657 902 1815 933 perpetuam

200 932 254 959 mei
270 933 428 960 memoriam
447 933 472 959 in
489 934 543 960 tuis
556 933 588 959 ad
603 933 686 960 Deum
702 932 886 966 orationibus,
898 939 991 961 sancte
1008 933 1097 962 Pater.
1115 934 1203 961 Tuum
1225 942 1289 962 vero
1302 932 1426 962 sanctum
1443 935 1544 962 clerum
1569 941 1628 960 meo
1644 932 1754 961 nomine
1769 939 1816 960 sa.

198 967 285 998 lutare
299 967 428 1002 digneris,
437 975 453 994 ο
467 968 546 1002 digne
558 969 721 1002 sacerdotio,
730 975 824 996 sancte
839 969 926 996 Pater.
936 967 989 996 Ora
1002 976 1052 1003 pro
1064 978 1117 1001 me,
1131 977 1147 997 ο
1161 970 1202 996 vir
1215 970 1331 997 maxime
1342 969 1407 1006 pie.]

528 1101 776 1181 ACTA
846 1103 924 1179 S.
986 1104 1473 1181 EPIPHANII

689 1234 853 1264 AUCTORE
870 1236 903 1263 R.
920 1237 950 1265 P.
973 1237 1052 1265 DAN.
1069 1237 1318 1266 PAPEBROCHIO.

213 1044 1815 1059 "——_-—u————————~———~

521 1315 592 1346 (Acta
602 1319 740 1341 sanctorum
751 1316 864 1342 Bolland.
873 1335 879 1346 ,
891 1317 947 1342 Maii
968 1321 1027 1343 tom.
1040 1318 1083 1348 ill,
1096 1318 1136 1343 die
1149 1318 1186 1348 l2,
1198 1325 1222 1348 p.
1233 1318 1271 1343 56.
1285 1318 1407 1349 Venetiis,
1418 1318 1497 1351 1758.)

448 1445 564 1474 CAPUT
583 1445 728 1473 PRIMUM.
993 1452 1109 1482 Αμιιρα
1140 1444 1294 1479 appellant)
1331 1444 1403 1479 quod
1438 1443 1503 1471 olim
1534 1445 1734 1480 palriarcbium
1754 1445 1816 1475 fuit.

196 1501 291 1531 Cultus
307 1502 378 1537 apud
399 1500 504 1528 Grtccos
524 1506 550 1528 et
569 1501 692 1528 Latinos.
714 1502 775 1529 Vita
794 1503 840 1530 sub
861 1504 984 1530 ementita

348 1537 540 1571 discipulorum
556 1538 659 1564 nomine
674 1537 827 1572 compilata.

235 1583 261 1610 1.
280 1581 400 1613 Salamis
420 1583 500 1618 Cypri
525 1582 599 1617 (nam
623 1583 674 1610 alia
697 1583 779 1620 hujus
802 1584 920 1611 nominis
942 1590 983 1612 est

196 1629 286 1656 insula
298 1634 325 1657 et
341 1629 405 1657 urbs
423 1630 495 1656 circa
518 1629 647 1664 Atticam)
668 1629 828 1656 Constantia
843 1631 985 1657 dicebatur

197 1675 355 1711 licronymi
374 1679 462 1707 aetate,
489 1679 517 1701 ut
539 1675 577 1701 ait
599 1675 658 1709 ipse
680 1675 706 1702 in
734 1676 866 1710 epitaphio
890 1675 985 1703 Paulae

196 1722 277 1757 epist.
300 1721 345 1748 27.
366 1720 444 1748 Nunc
466 1724 612 1754 utrumque
636 1728 734 1748 nomen
749 1721 839 1752 desiit,
866 1726 893 1748 et
914 1722 984 1748 dun-

197 1771 273 1795 taxat
286 1766 446 1802 oppidulum
460 1765 516 1793 l‘cre
530 1765 650 1792 dirutttm
665 1770 799 1800 superest,
818 1767 889 1801 quod
904 1766 984 1794 Vete-

196 1822 255 1844 rem
270 1812 464 1847 Famagustam
480 1817 579 1839 vocant
595 1812 700 1844 incolae,
716 1817 860 1847 postquam
878 1821 910 1840 ex
922 1813 983 1848 ejus

195 1859 285 1886 ruinis
302 1865 373 1885 nova
397 1857 525 1890 surrexit,
545 1865 605 1892 qua:
621 1857 710 1884 adhuc
732 1857 805 1892 regia
821 1862 872 1890 est,
892 1866 976 1893 regno

195 1905 260 1932 licet
285 1903 420 1930 exstincto
445 1902 496 1929 sub
519 1901 668 1929 Turcaruut
697 1903 848 1938 tyrannide.
877 1902 977 1930 Eadem

197 1949 359 1985 metropolis
386 1947 483 1976 insulae
497 1948 581 1975 totius
609 1948 670 1980 luit,
698 1953 725 1975 et
753 1949 853 1976 saeculo
879 1948 980 1976 Christi

196 2001 295 2032 quarto
307 1995 466 2030 episcopum
489 1994 583 2022 habuit
609 2004 617 2019 t
638 1994 667 2021 S.
687 1994 878 2029 Epipltauium,
894 2003 974 2029 quem

195 2051 252 2070 non
274 2042 362 2070 solum
382 2042 445 2069 vitae
464 2042 636 2069 conversatio
660 2041 795 2069 illustrem
812 2042 847 2068 ob
867 2043 980 2070 virtutes

196 2089 329 2121 reddidit;
350 2095 445 2115 verum
466 2087 548 2117 etiam
576 2087 720 2119 miracula,
746 2095 807 2122 qua:
832 2088 913 2121 Deus,
933 2089 982 2116 ho-

1071 1491 1099 1517 2.
1120 1489 1228 1517 Etenim
1249 1489 1331 1516 etiam
1351 1488 1662 1524 Constantinopolitante
1677 1491 1814 1526 Ecclesiae,

1038 1544 1114 1572 aeque
1139 1543 1171 1562 ac
1190 1535 1239 1562 toti
1261 1533 1365 1561 Orienti
1381 1533 1433 1562 fuit
1453 1535 1479 1561 in
1503 1536 1621 1563 maxima
1644 1537 1818 1565 veneratione

1036 1582 1221 1618 Epiphanius;
1243 1581 1321 1615 cujus
1349 1581 1460 1616 synaxis
1483 1581 1530 1616 (ut
1547 1582 1646 1609 habent
1667 1582 1767 1610 Menara
1782 1583 1816 1610 ad

1037 1629 1110 1655 hunc
1125 1627 1159 1654 12
1176 1626 1257 1661 Maii)
1276 1627 1302 1653 itt
1319 1628 1393 1662 regia
1414 1626 1458 1654 illa
1479 1627 1544 1654 urbe
1560 1637 1569 1653 t
1587 1628 1774 1656 celebrabatur
1789 1629 1816 1655 in

1036 1673 1207 1700 sanctissima
1220 1672 1280 1706 ejus
1293 1671 1349 1698 aede
1364 1681 1374 1696 ι
1394 1679 1440 1698 seu
1459 1671 1569 1703 sacello,
1588 1680 1598 1696 ι
1616 1680 1677 1706 quae
1690 1677 1732 1700 est
1745 1673 1816 1701 intra

1035 1717 1164 1752 templum
1190 1716 1282 1744 Sancti
1309 1715 1488 1750 Philemonis,
1515 1726 1525 1742 ι
1550 1718 1639 1751 quod,
1657 1717 1763 1746 Codino
1789 1719 1817 1747 in

1036 1763 1189 1799 Originibus
1211 1762 1513 1797 Constantinam/itania
1540 1767 1693 1795 attestaute,
1722 1772 1732 1789 ί
1763 1762 1816 1791 Eu-

1034 1810 1132 1837 doxius
1160 1809 1332 1836 Constantini
1357 1808 1446 1843 Magni
1470 1809 1602 1843 patricius
1622 1814 1650 1836 et
1673 1809 1816 1843 praefectus

1034 1855 1165 1882 condidit.
1186 1865 1195 1880 ›
1215 1854 1319 1882 Colitur
1335 1859 1424 1880 autent
1440 1854 1475 1880 ibi
1489 1859 1515 1880 et
1525 1854 1589 1881 alibi
1603 1854 1631 1882 S.
1648 1854 1816 1889 Epiphanius

1034 1901 1148 1928 solemni
1168 1901 1251 1927 totius
1264 1900 1315 1927 diei
1333 1899 1438 1932 Ollicio,
1464 1903 1602 1929 communi
1623 1903 1731 1937 quidem
1753 1911 1816 1931 cum

1035 1945 1063 1973 S.
1089 1946 1225 1973 Germano
1248 1946 1402 1980 patriarcha
1422 1946 1742 1982 Constantinopolitano;
1768 1948 1815 1976 sed

1034 1992 1219 2027 principaliori
1234 1992 1294 2019 loco
1307 2001 1314 2019 ε
1329 1993 1466 2027 quomodo
1480 1987 1560 2020 etiam
1578 1999 1689 2021 notatur
1705 1995 1732 2021 itt
1751 1995 1816 2030 ligu-

1034 2039 1101 2066 ratis
1114 2039 1304 2066 Rutheuorum
1327 2047 1373 2066 seu
1392 2039 1546 2066 llloscorum
1567 2040 1748 2069 Kalcudariis.
1765 2041 1815 2069 So-

1035 2085 1090 2112 lutn
1107 2090 1195 2112 autem
1213 2085 1288 2113 illum
1302 2090 1404 2120 spectat
1418 2094 1507 2113 canon
1525 2088 1678 2122 sacer,|ltoc
1688 2088 1732 2116 die
1748 2096 1817 2123 prte-

194 2142 264 2162 uore
276 2134 353 2162 illum
369 2133 474 2160 allicere
487 2133 592 2165 volens,
609 2133 668 2167 ipso
692 2133 781 2160 adhuc
798 2135 943 2168 superstite
956 2141 982 2162 et
998 2136 1018 2163 B
1034 2131 1150 2166 εονὶριιιε
1169 2131 1219 2158 SUb
1235 2132 1285 2158 hac
1301 2131 1497 2159 acroslichide:

194 2184 258 2214 post
271 2179 374 2206 obitum
391 2179 450 2213 ejus
465 2177 559 2205 edidit.
579 2177 686 2204 Mortuo
702 2179 774 2205 enim
788 2179 845 2210 illo,
863 2179 889 2206 id
905 2181 979 2214 quod

194 2225 298 2252 viventi
315 2232 370 2251 non
382 2223 540 2257 contigerat,
556 2223 589 2250 atl
601 2223 757 2257 sepulcrum
771 2224 830 2261 ejus
843 2225 980 2252 daemones

196 2270 347 2299 etiamnum
372 2268 472 2304 fugari,
502 2273 526 2295 et
543 2269 629 2296 morbi
652 2269 762 2304 qutdam
778 2270 868 2297 curari
882 2270 979 2297 dicun-

195 2320 251 2343 tur.
280 2325 289 2341 ι
306 2316 346 2342 lta
367 2315 414 2343 lib.
441 2323 467 2342 vt
488 2314 560 2341 Hist.
582 2315 685 2346 cedes”
708 2323 768 2350 cap.
788 2315 833 2348 27,
857 2316 980 2344 [Iern-ias

196 2361 378 2393 Sozomenus,
401 2361 461 2399 ipso
481 2362 560 2396 cujus
577 2361 710 2396 principio
728 2362 772 2388 ille
789 2362 856 2388 obiit
878 2363 978 2389 saeculo

195 2407 292 2441 quittto
303 2407 413 2434 ﬂoreus.
430 2406 498 2434 Hine
519 2407 631 2440 factum,
649 2409 718 2435 sicut
733 2409 854 2443 synodus
869 2409 978 2437 Niczeua

195 2460 216 2480 tt
236 2452 335 2480 saeculo
361 2452 462 2479 Christi
487 2459 583 2480 octavo
605 2453 751 2485 celebrata,
777 2459 828 2480 act.
854 2454 870 2480 6
889 2454 977 2488 docet,

195 2497 269 2532 quod
285 2506 295 2523 ι
314 2497 443 2532 templum
456 2498 649 2525 dedicaverunt
667 2499 693 2525 in
712 2499 874 2534 Cypriorum
889 2499 977 2527 insula

195 2543 255 2577 ejus
274 2541 411 2576 discipuli,
436 2547 626 2576 nuncupantes
648 2542 713 2569 illttd
739 2543 859 2576 ejusdem
888 2542 977 2570 Patris

194 2588 341 2619 vocabulo,
357 2591 384 2616 et
405 2595 468 2615 cum
491 2587 584 2614 multis
606 2587 668 2615 aliis
686 2588 844 2616 titularibus
862 2587 977 2623 picturis

194 2633 342 2669 imaginem
359 2633 419 2667 ejus
439 2632 468 2659 in
487 2632 545 2666 ipso
564 2632 743 2665 collocarunt,
763 2643 772 2659 ι
795 2633 904 2669 qualent
921 2634 977 2661 sci-

194 2680 258 2709 licet
279 2679 369 2706 videre
389 2678 451 2705 licet
475 2682 537 2705 ante
562 2685 654 2713 opera,
675 2678 786 2706 Petavio
811 2685 904 2708 nostro
926 2688 976 2707 cu-

194 2729 273 2756 rante
296 2725 368 2753 edita
392 2733 402 2750 t
430 2731 462 2753 ex
488 2729 644 2758 pervetusto
670 2725 788 2759 quodam
818 2726 977 2761 exemplari,

195 2769 267 2803 quod
289 2773 377 2797 exstat
413 2769 440 2795 in
481 2768 784 2804 Constantinopolitano
822 2771 980 2804 antiquissi-

195 2823 241 2846 mo
270 2815 446 2850 monasterio,
477 2814 542 2844 Sula
574 2814 646 2843 dicto
671 2815 770 2852 (vulgo
790 2816 825 2844 τὰ
847 2815 881 2850 ἒξ
907 2817 980 2853 μάρ-

1102 2177 1261 2211 Ὲπιφανίου
1280 2177 1310 2203 τὸ
1327 2177 1405 2209 κῦδος
1420 2177 1521 2212 ἔπλησε
1538 2178 1630 2213 χθόνα.

1104 2222 1212 2249 Terram
1230 2223 1335 2256 replevit
1350 2222 1492 2257 Epiplmnii
1509 2224 1598 2250 decus.

1034 2269 1114 2298 Solus
1125 2269 1206 2295 etiam
1224 2268 1268 2295 hic
1280 2268 1306 2295 in
1325 2268 1504 2302 Epltemeride
1517 2270 1628 2296 metrica
1643 2270 1813 2304 nominatur,

1031 2320 1057 2343 et
1068 2315 1177 2349 quidem
1197 2319 1326 2348 tauquattt
1343 2316 1392 2340 hac
1403 2314 1447 2340 die
1459 2319 1602 2342 mortuus:

1066 2361 1112 2396 Τῇ.
1124 2360 1169 2386 δύο
1179 2360 1226 2387 καὶ
1237 2360 1338 2396 δεκάτῃ
1349 2360 1508 2393 Ἐπιφάνιον
1526 2360 1608 2396 μόρος
1621 2358 1703 2389 εἷλεν.

1068 2405 1153 2433 Statu:
1167 2405 1210 2432 lea:
1225 2405 1316 2432 mortis
1331 2405 1451 2431 duodena
1469 2404 1635 2439 Epiplmm‘on
1646 2407 1743 2440 aufert.

1032 2452 1110 2480 Certe
1128 2452 1169 2478 vel
1185 2457 1249 2478 tunc
1262 2451 1317 2477 fato
1336 2458 1385 2477 suo
1402 2450 1514 2477 iunctus
1531 2456 1583 2483 est,
1604 2452 1645 2478 vel
1660 2452 1687 2479 in
1704 2461 1753 2480 sua
1768 2460 1814 2480 ee-

1031 2498 1114 2525 clesia
1133 2502 1194 2532 post
1210 2501 1324 2524 mortem
1342 2497 1476 2531 sepultus,
1505 2497 1576 2524 haud
1596 2497 1642 2524 diu
1670 2503 1813 2533 antequam

1033 2543 1063 2570 b‘.
1076 2542 1195 2570 Joannes
1211 2541 1437 2576 Chrysostotnus,
1452 2542 1486 2569 de
1505 2550 1558 2577 quo
1575 2543 1657 2576 infra,
1675 2551 1691 2570 a
1710 2545 1813 2580 synodo

1032 2589 1065 2617 ad
1084 2589 1220 2622 Quereum
1240 2588 1431 2623 deponeretur,
1448 2588 1521 2623 quod
1546 2588 1647 2616 factum
1665 2597 1727 2617 esse
1740 2590 1813 2617 circa

1031 2633 1271 2669 mensemJulium
1288 2634 1351 2661 anni
1364 2633 1417 2660 405
1428 2641 1461 2661 ex
1477 2633 1608 2667 Palladio,
1625 2634 1812 2670 Chrysostomi

1031 2684 1109 2708 actus
1126 2680 1272 2710 scribente,
1293 2684 1411 2707 constat.

1066 2726 1093 2753 5.
1110 2725 1218 2753 Graecos
1233 2725 1289 2752 cito
1303 2725 1399 2752 imitati
1413 2729 1478 2752 sunt
1493 2724 1593 2755 Latini,
1606 2733 1723 2760 qttorum
1742 2727 1814 2754 anti-

1032 2771 1182 2806 quissimus
1199 2771 1269 2798 Beda
1287 2771 1313 2798 in
1330 2778 1381 2798 suo
1391 2771 1464 2805 quod
1483 2779 1515 2798 ex
1529 2776 1591 2798 octo
1606 2779 1673 2799 mss.
1689 2772 1813 2799 dedimus

1033 2818 1151 2854 genuino
1188 2816 1395 2855 Martyrologio,
1431 2822 1491 2853 post
1525 2819 1813 2848 commemorationem
