1934 3029
132 103 183 130 M7

628 102 656 131 S.
673 101 849 130 EPIPHANII
878 101 969 130 ACTA
988 102 1239 132 BOLLANDIANA.

1712 111 1766 140 “8

136 162 187 189 SS.
206 160 284 189 Nerei
306 165 332 188 et
354 161 479 193 Achillei,
505 161 593 196 primo
619 161 681 189 loco
706 162 921 193 nominatornm,
938 161 961 189 A
977 160 1124 194 hemiticis,
1139 170 1213 190 anno
1225 163 1295 190 1554
1306 162 1394 190 allatze
1411 163 1512 192 fuerint
1536 165 1563 193 in
1592 165 1763 201 Bohemiam,

131 215 196 234 mox
210 207 296 238 addit,
316 217 325 233 ι
348 207 376 234 S.
396 207 427 234 P.
443 206 476 233 N.
498 206 641 242 Epiphanii
658 208 779 242 episcopi
800 207 891 243 Cypri.
909 217 918 233 ι

134 253 226 280 Secuti
247 254 304 280 Ado
329 257 355 280 ct
377 252 530 285 Usuardus,
552 254 677 280 ultimum
702 256 840 285 eumdem,
863 258 925 288 post

134 303 249 326 caeteros
264 300 371 326 Scilicet
387 300 446 334 ejus
454 300 506 327 diei
524 304 671 336 martyres,
693 300 852 327 locaverunt
873 301 924 328 hac

134 343 192 371 fere
216 345 321 379 phrasi.
340 354 350 369 ε
368 345 446 379 Apud
460 345 577 380 Cyprum
597 345 626 373 S.
644 345 675 373 P.
692 345 724 372 N.
741 345 895 380 Epiphanii,
912 355 921 371 ι

134 389 264 424 additque
285 390 344 417 Ado
362 400 371 416 ι
393 391 539 417 Salamina:
559 391 690 425 episcopi.
710 401 719 417 ι
739 390 842 418 Horum
855 391 923 418 alio-

134 444 252 470 rumque
268 436 452 471 posteriorum
472 436 593 472 vestigiis
609 437 745 464 inhaerens
760 436 923 464 hodiernum

134 480 357 516 Martyrologium
369 481 522 508 Romanum
538 483 679 516 sequentia
693 481 773 508 verba
785 482 924 509 recitanda

135 529 263 564 proponit
280 538 286 555 :
310 538 319 555 ‹
341 528 486 555 Salamina!
502 529 528 555 in
545 528 635 564 Cypro
655 528 684 556 S.
705 528 850 563 Epiphanii
864 528 924 563 epi—

137 574 223 608 scopi.
246 574 291 608 qui
318 574 462 608 multiplici
476 574 632 601 eruditione
645 577 674 601 et
692 581 835 601 sacrarum
851 573 924 600 litte-

135 627 229 646 rarum
252 620 367 647 scientia
382 620 528 652 excellens,
553 620 616 647 vita:
639 627 748 655 quoque
768 621 924 653 sanctitate,

136 669 195 696 zelo
217 669 358 696 catholica
378 668 457 700 ﬁdei,
486 668 673 695 muniﬁcentia
695 668 722 695 in
742 676 876 703 pauperes
898 672 926 695 et

135 715 237 742 virtute
252 715 447 743 miraculorum
465 715 569 742 exstitit
586 714 774 742 admirandus.
793 724 802 740 ι

172 762 199 789 ι.
217 761 293 789 Sitne
311 761 400 789 adhuc
415 761 514 796 aliquis
530 761 590 796 ejus
605 761 695 789 cultus
715 759 861 787 Salamina
874 768 923 788 su-

137 816 197 842 per,
212 813 260 836 aut
279 808 390 843 vestigia
412 808 529 843 sepulcri
552 808 616 835 olim
640 812 695 835 tam
720 807 828 840 famosi,
850 807 923 834 haud

137 853 217 881 facile
239 853 352 880 dixero:
370 853 499 880 credibile
520 858 562 880 est
579 861 640 880 cum
661 852 772 880 fortuna
796 853 848 881 loci
869 860 922 880 ρω-
941 841 962 868 Β

137 905 195 926 tera
217 908 326 934 quoque
343 907 403 927 esse
424 900 521 934 partim
542 900 766 935 abolita,partim
789 899 924 933 Famagu-

138 951 208 972 stant
222 946 370 978 translata;
389 946 433 972 ubi
448 945 530 972 etiam
549 946 602 973 hoc
620 950 741 980 tempore
757 954 771 973 a
791 946 924 973 Christia-

138 993 181 1019 nis
202 992 299 1018 fcstum
318 991 378 1026 ejus
395 991 554 1019 solemniter
574 992 629 1027 agi,
654 992 755 1019 indicio
778 996 829 1023 est,
851 992 924 1027 quod

139 1037 260 1064 Thomas
273 1037 444 1068 Porcaccius,
465 1038 491 1064 in
506 1045 557 1065 suo
573 1037 610 1064 De
624 1038 719 1064 insulis
733 1038 826 1065 mundi
839 1039 925 1072 [amo-

139 1083 254 1108 rim-ibus
272 1081 366 1109 italico
383 1089 482 1116 opere,
498 1087 561 1109 ante
578 1090 665 1109 annos
686 1083 795 1109 circiter
814 1088 924 1109 centum

140 1128 256 1162 primum
272 1127 356 1160 edito,
370 1127 473 1154 scribat
488 1135 550 1162 pag.
567 1127 619 1154 150
634 1127 762 1155 editionis
776 1127 924 1159 Patavinae,

141 1183 151 1198 ι
167 1173 324 1207 speluncam
349 1173 385 1199 ibi
411 1173 516 1206 haberi,
544 1173 571 1200 in
596 1181 678 1207 quam
704 1172 733 1200 S.
757 1172 925 1207 Epiphanius

142 1218 308 1253 pmnitentia:
320 1225 402 1245 causa
415 1218 512 1245 solitus
534 1225 595 1245 sese
610 1217 691 1244 fuerit
701 1218 823 1252 recipere
841 1226 847 1244 :
864 1225 926 1252 quae

141 1265 234 1291 eadem
251 1264 277 1290 in
293 1263 433 1298 pervigilio
446 1262 509 1290 festi
529 1263 634 1290 stillare
647 1263 742 1298 incipit
756 1270 855 1297 aquam
872 1264 926 1290 ela-

141 1317 197 1336 ram
218 1309 423 1343 limpidamque,
447 1316 534 1343 neque
556 1316 587 1335 ea
608 1308 720 1336 stillatio
739 1309 820 1335 ﬁnem
846 1308 926 1335 habet

142 1359 203 1381 ante
220 1355 298 1381 tinem
313 1355 366 1382 diei
384 1355 524 1389 sequentis
543 1364 550 1381 :
566 1355 638 1381 hanc
652 1359 741 1381 autem
756 1362 856 1389 aquam
872 1362 927 1381 ma-

142 1409 193 1436 gna
208 1409 269 1428 cum
295 1401 440 1429 devotione
462 1409 478 1429 a
511 1402 602 1428 multis
622 1401 723 1436 excipi,
748 1401 926 1435 adhiberique

142 1448 245 1475 utiliter
266 1448 299 1475 ad
319 1448 476 1475 morborum
501 1447 661 1475 curationes
687 1447 818 1474 divinitus
841 1447 927 1481 impe—

142 1496 252 1522 trandas
266 1503 313 1530 per
327 1495 423 1522 merita
438 1495 593 1530 Epiphanii.
615 1505 625 1521 ι
639 1495 696 1522 Sub
709 1495 788 1530 cujus
806 1496 925 1528 nomine,

145 1542 172 1568 in
188 1541 288 1569 boreali
310 1547 387 1576 parte
406 1542 512 1573 insulae,
531 1542 601 1569 inter
621 1541 760 1569 Nicosiam
777 1547 803 1569 et
824 1542 929 1569 Cerau—

143 1587 214 1618 nias,
234 1586 369 1621 hodieque
388 1587 502 1614 habetur
517 1588 594 1615 vicus
614 1588 695 1623 vulgo
707 1587 800 1615 Sancti
813 1588 930 1623 Pip/imu'

143 1633 250 1665 dictus;
274 1641 329 1668 quo
350 1633 410 1661 loco
441 1634 525 1661 fuisse
544 1635 685 1669 templum,
709 1635 735 1661 in
756 1634 864 1662 Niemna
888 1643 932 1670 sy-

144 1680 216 1706 nodo
244 1681 427 1711 nominatnm.
451 1680 517 1707 mihi
547 1681 708 1715 persuadeo,
732 1686 844 1716 propter
870 1682 931 1715 eius

143 1727 328 1755 celebritatem
347 1729 411 1755 olim
428 1733 531 1755 tantam
551 1721 815 1762 ut'promontorium
833 1729 865 1755 ad
881 1729 932 1756 Ce-

144 1772 266 1803 raunias,
280 1773 360 1807 vulgo
372 1773 479 1800 Cerines
499 1781 659 1804 excurrens,
680 1780 779 1800 nomen
805 1773 874 1800 idem
893 1777 932 1800 te-

144 1823 208 1845 neat
223 1819 250 1844 in
266 1818 402 1845 lnsularia
424 1818 562 1845 Benedicti
583 1817 713 1852 Burdoni,
729 1825 830 1845 excuso
845 1817 932 1845 Vene-

145 1864 189 1892 tiis
204 1872 277 1891 anno
290 1864 368 1892 1547.

183 1911 210 1938 5.
227 1913 316 1944 Atque
331 1911 394 1938 hinc
419 1911 611 1938 verosimiliter
626 1910 759 1945 conjicere
778 1911 865 1946 possit
881 1911 931 1938 ali—

144 1959 217 1994 quis.
235 1958 277 1985 vel
293 1966 392 1992 corpus
409 1958 451 1986 vel
466 1961 568 1992 partem
590 1957 736 1984 notabilem
756 1958 879 1992 corporis
899 1965 932 1985 eo

144 2005 303 2032 translatam
332 2003 418 2031 fuisse
442 2004 609 2038 aliquando,
634 2003 716 2038 idque
747 2003 931 2030 celebritatem

146 2051 205 2078 loco
217 2050 322 2078 dedisse
339 2054 384 2076 :et
406 2050 447 2076 vel
476 2049 539 2076 hinc
555 2050 597 2076 vel
618 2057 650 2076 ex
680 2048 767 2076 ruinis
787 2048 933 2076 Salamina;

145 2096 314 2130 deportatum
331 2094 415 2122 fuisse
434 2093 627 2126 Beneventum,
643 2094 872 2129 quemadmodum
888 2101 933 2120 as-

146 2142 213 2169 serit
227 2141 332 2169 Marius
349 2142 382 2169 de
399 2142 494 2176 Vipera
511 2142 544 2168 de
561 2141 663 2168 sanctis
680 2140 880 2167 Beneventanis
896 2139 930 2166 ad

981 211 1008 234 et
1034 207 1132 234 Carolo
1157 207 1192 234 lV
1222 209 1379 243 imperatori
1410 216 1578 244 przesentata:
1602 220 1617 240 a
1644 212 1764 241 Protiwa

979 252 1141 281 Swihowski
1155 253 1306 289 Segniensi,
1315 254 1374 282 viro
1386 256 1456 290 apud
1469 256 1604 285 Bohemos
1618 259 1718 287 illustri
1731 267 1764 286 ac

977 299 1042 334 regii
1064 300 1228 334 sanguinis:
1253 310 1262 326 ι
1280 309 1340 335 qua:
1362 302 1458 329 notitia
1482 311 1556 331 nunc
1578 304 1697 339 primum
1720 313 1764 333 rc-

983 350 1070 380 perta,
1086 346 1112 372 in
1129 346 1222 374 Diario
1242 346 1386 382 Pragensis
1404 348 1531 376 Ecclesia:
1552 350 1641 378 adhuc
1655 350 1764 379 deside-

977 395 1063 417 ratur.

1014 436 1041 462 6.
1058 435 1148 463 Vitam
1165 437 1236 471 ejus,
1249 438 1307 472 jam
1329 439 1395 466 olim
1419 440 1614 475 conscriptam,
1639 441 1666 469 in
1692 449 1760 470 mss.

980 480 1118 509 Vaticanis
1135 482 1236 510 Graecis
1252 485 1414 519 reperimus,
1427 486 1499 513 unde
1513 494 1574 513 eam
1590 486 1687 515 Latine
1701 488 1764 515 red-

978 530 1062 557 ditam
1078 531 1182 565 primus
1196 532 1282 559 edidit
1296 532 1475 568 Lipomanus,
1492 534 1591 562 deinde
1608 533 1718 568 Surius,
1732 543 1765 564 ac

977 576 1095 611 denique
1109 577 1248 611 Petavius,
1267 578 1300 605 ad
1317 579 1419 607 calcem
1437 580 1503 607 tomi
1519 579 1551 614 II,
1569 580 1661 608 addito
1681 581 1764 608 etiam

976 627 1104 651 contextu
1121 623 1225 657 Grmco,
1247 625 1335 660 qualis
1351 626 1377 653 in
1400 626 1527 654 Medicam
1550 627 1623 663 regis
1639 627 1765 655 Francia;

977 677 1029 696 ms.
1053 669 1253 703 inveniebatur,
1268 679 1350 706 quem
1367 676 1393 698 et
1415 680 1466 700 nos
1487 672 1551 700 inde
1566 673 1765 708 transcriptum

978 723 1180 750 acceperamus.
1203 716 1239 743 Ea
1264 722 1346 745 testes
1368 722 1395 745 et
1415 724 1541 746 auctores
1568 718 1677 754 prmfert
1696 719 1765 746 duos

976 762 1037 796 ejus
1058 762 1227 797 discipulos;
1247 764 1337 799 primo
1358 763 1503 796 Joannem,
1524 765 1604 799 quasi
1629 765 1674 792 hic
1694 765 1766 792 inter

977 807 1036 842 ejus
1050 808 1200 843 discipulos
1219 809 1247 836 in
1267 810 1434 837 monasterio
1451 817 1534 843 unus,
1553 817 1586 838 ac
1604 810 1764 845 peregrina-

978 855 1083 881 tionum
1107 853 1245 882 variarum
1265 863 1357 883 comes
1378 855 1535 883 individuus
1555 862 1643 890 usque
1664 856 1690 882 in
1711 854 1765 891 Cy-

978 910 1057 937 prum
1073 902 1215 937 scripserit
1233 909 1264 929 ea
1280 909 1341 936 quae
1358 906 1485 928 sanctum
1504 900 1607 928 viderat
1619 900 1764 928 facientem

981 947 1121 980 miracula,
1137 954 1224 982 usque
1238 947 1264 973 in
1275 947 1350 973 diem
1366 954 1421 981 quo
1434 945 1517 981 capit
1527 951 1679 973 extremum
1691 946 1765 981 ipse-

979 997 1035 1020 met
1046 997 1178 1027 aagrotare
1196 1000 1203 1018 :
1221 992 1320 1019 deinde
1335 992 1489 1027 Polybium,
1502 991 1546 1019 cui
1564 992 1634 1018 idem
1646 990 1766 1020 Joannes

979 1039 1127 1065 moriturus
1139 1039 1308 1073 conscriptas
1321 1045 1335 1064 a
1353 1045 1382 1065 se
1403 1038 1514 1065 chartas
1530 1037 1682 1070 tradiderit,
1699 1045 1765 1073 pre-

979 1085 1082 1119 cipiens
1096 1089 1127 1111 ut
1147 1092 1208 1119 qua;
1231 1089 1467 1118 consequerentur
1488 1083 1630 1111 mandaret
1647 1083 1766 1117 litteris;

980 1130 1196 1165 promittensquc
1218 1130 1385 1165 adjiciendos
1411 1129 1435 1156 ei
1463 1136 1551 1156 annos
1573 1129 1646 1162 vitae,
1663 1133 1693 1157 ut
1710 1134 1769 1159 toto,

979 1181 1101 1212 tempore
1117 1180 1286 1211 permaneret
1302 1176 1374 1211 apud
1391 1175 1575 1211 Epiphanium
1592 1184 1599 1202 :
1619 1176 1665 1211 qui
1683 1176 1766 1203 etiam

980 1221 1110 1257 Polybius
1143 1222 1205 1249 loco
1230 1221 1346 1249 Joannis
1376 1222 1411 1248 ab
1442 1221 1595 1256 Epiphanio
1627 1221 1769 1250 ordinatus

979 1269 1129 1304 presbyter,
1152 1276 1280 1303 eumque,
1296 1273 1323 1295 et
1338 1267 1452 1295 Romam
1472 1271 1499 1294 et
1519 1267 1562 1295 bis
1577 1266 1766 1295 Constantino-

980 1315 1062 1350 polim
1074 1319 1101 1342 et
1115 1315 1247 1342 aliorsum
1262 1314 1421 1347 comitatus,
1440 1319 1579 1342 mortuum
1596 1314 1731 1341 revexerit
1741 1313 1768 1341 in

980 1362 1118 1398 Cyprum;
1135 1366 1162 1388 et
1179 1362 1243 1395 quia
1257 1368 1374 1396 corpore
1391 1361 1452 1396 ejus
1471 1361 1561 1388 adhuc
1585 1360 1721 1396 insepulto
1735 1368 1767 1388 ex

982 1414 1108 1441 suprema
1134 1407 1194 1441 ejus
1219 1406 1359 1433 voluntate
1385 1405 1524 1441 profectus
1549 1406 1577 1432 in
1602 1404 1767 1432 Thebaidem

982 1453 1018 1480 ibi
1033 1458 1144 1488 coactus
1164 1452 1249 1480 fuerit
1279 1453 1431 1480 subsistere
1456 1452 1545 1479 factus
1569 1451 1767 1478 Rhinocoruris

981 1498 1136 1533 cpiscopus,
1154 1502 1216 1532 post
1226 1505 1328 1524 annum
1346 1505 1432 1524 unum
1450 1501 1499 1524 aut
1515 1497 1634 1531 amplius
1649 1497 1767 1530 scripse-

982 1545 1017 1570 rit
1033 1544 1066 1570 ad
1084 1543 1228 1578 Epiphanii
1249 1550 1437 1571 successorem
1456 1542 1599 1575 Sabinum,
1621 1542 1655 1569 ab
1677 1549 1768 1576 eoque

981 1589 1088 1623 petierit
1101 1590 1133 1616 de
1150 1590 1231 1617 modo
1243 1594 1269 1616 et
1281 1593 1405 1624 tempore
1419 1589 1566 1624 sepulturae.
1577 1588 1712 1623 praedicta:
1723 1596 1768 1624 per

981 1635 1085 1661 litteras
1110 1634 1207 1662 instrui
1223 1643 1231 1661 :
1247 1639 1330 1669 atque
1355 1635 1392 1661 ita
1415 1643 1479 1662 cum
1510 1634 1605 1663 Sabini
1634 1641 1768 1669 responso

984 1681 1078 1708 finitur
1092 1689 1122 1708 ea
1140 1680 1211 1707 Vita.

1017 1726 1125 1753 Utinam
1146 1734 1177 1754 ea
1206 1726 1246 1754 sic
1266 1730 1296 1753 ut
1323 1726 1516 1762 praeferuntur,
1535 1727 1602 1755 Acta
1632 1731 1726 1755 essent
1740 1734 1771 1755 ac

981 1773 1094 1807 scripta.
1109 1772 1168 1800 Non
1191 1772 1349 1799 doleremus
1364 1773 1392 1799 in
1415 1773 1462 1800 tali
1486 1772 1544 1799 Vita
1568 1773 1636 1800 nihil
1658 1772 1770 1800 omnino

981 1827 1052 1851 esse,
1070 1819 1144 1854 quod
1160 1823 1220 1846 tuto
1244 1819 1319 1847 credi
1337 1819 1434 1853 possit,
1449 1819 1495 1846 sed
1511 1819 1585 1846 omni
1603 1819 1656 1846 ﬁde
1667 1819 1770 1854 dignis-

982 1867 1051 1893 sima
1074 1866 1163 1894 forent
1190 1867 1308 1902 singula,
1331 1874 1420 1902 neque
1442 1865 1522 1893 facile
1541 1866 1647 1900 uspiam
1672 1870 1720 1892 aut
1739 1865 1771 1893 ab

983 1912 1098 1946 ipsumet
1115 1912 1268 1947 Epiphanio
1284 1917 1332 1940 aut
1347 1920 1362 1940 a
1377 1920 1530 1940 coaevorum
1546 1916 1689 1939 auctorum
1703 1910 1770 1942 aliq-

984 1966 1044 1984 rum
1072 1958 1182 1992 scriptis
1205 1959 1396 1985 invenirentur
1411 1958 1578 1992 discrepare.
1605 1955 1684 1984 Nunc
1707 1964 1771 1984 vero

984 2002 1111 2039 plurimis
1129 2002 1194 2029 Acta
1212 2010 1243 2030 ea
1259 2011 1320 2030 esse
1333 2002 1457 2030 conferta
1476 2002 1627 2029 mendaciis
1647 2001 1771 2036 judicare

983 2053 1096 2084 cogetur
1113 2057 1175 2075 cum
1193 2048 1323 2080 Barouio,
1339 2050 1372 2076 ad
1387 2056 1432 2076 an.
1449 2048 1502 2075 572
1519 2055 1595 2074 num.
1616 2046 1677 2079 108,
1697 2046 1771 2081 quis-

984 2095 1045 2129 quis
1058 2102 1118 2121 eam
1132 2095 1280 2122 contulerit
1290 2102 1352 2122 cum
1365 2094 1434 2121 infra
1446 2093 1633 2129 proponendis
1647 2092 1772 2122 censuris

985 2148 1033 2167 seu
1058 2140 1311 2174 observationibus;
1338 2149 1400 2168 nam
1420 2141 1518 2177 ipsam,
1531 2139 1586 2174 jam
1609 2139 1708 2173 saepius
1721 2137 1771 2166 La-

146 2188 220 2215 hunc
235 2188 317 2220 diem,
332 2187 426 2215 Oﬂicio
443 2187 542 2223 duplici
558 2193 699 2223 propterea
713 2191 847 2220 notatum,
862 2187 929 2214 alle—
947 2201 970 2229 D
986 2186 1053 2218 tine,
1069 2187 1152 2214 semel
1171 2187 1253 2214 etiam
1272 2186 1365 2214 Graec
1389 2193 1529 2217 excusant,
1546 2184 1686 2216 recndere,
1712 2188 1771 2211 tan<

145 2242 213 2269 gans
233 2243 242 2260 α
257 2233 477 2270 Martyrologium
493 2242 545 2261 ms.
563 2234 705 2268 antiquum
723 2234 749 2260 in
766 2233 929 2261 bibliotheca

146 2274 334 2307 Beneventa-na
352 2280 498 2311 exsistens,
522 2280 657 2315 signatum
680 2288 706 2306 n.
729 2279 781 2306 178
800 2280 852 2307 sub
863 2287 931 2314 pra:-

147 2325 218 2352 dicta
232 2326 275 2352 die
290 2335 297 2353 :
313 2334 368 2361 quo
383 2335 447 2353 vero
475 2332 596 2362 tempore
614 2328 725 2354 allatura
752 2328 787 2355 sit
808 2336 860 2354 non
883 2328 922 2354 ad~

148 2371 225 2404 verti,
252 2380 261 2395 ›
285 2371 453 2406 signiﬁcans.
479 2372 560 2399 Plura
589 2373 622 2400 de
643 2373 820 2407 reliquiarum
846 2378 933 2399 tanta-

147 2425 207 2443 rum
225 2417 355 2452 qnalitate
379 2422 406 2445 et
431 2418 606 2446 veneratione
634 2418 764 2445 hodierna
792 2418 933 2452 cupientes

147 2463 262 2494 discere,
278 2463 383 2491 litteras
406 2463 440 2491 ad
462 2464 567 2499 collegii
596 2464 660 2492 istic
685 2465 772 2492 nostri
798 2469 932 2492 rectorem

147 2509 283 2540 dedimus,
306 2509 386 2544 cujus
411 2517 590 2545 responsum,
614 2511 744 2538 hactenus
766 2511 866 2538 frustra
886 2518 934 2537 ex-

148 2559 311 2589 spectatum,
334 2555 357 2582 si
378 2556 526 2590 aliquando
542 2557 718 2591 accipiamus,
734 2558 856 2584 notitiam
870 2557 932 2584 inde

149 2601 275 2628 haustam
298 2609 352 2629 non
376 2601 559 2630 invidebimus
579 2604 624 2637 pio
649 2603 754 2630 lectori.
770 2603 880 2631 Interim
901 2612 934 2631 ex

148 2647 261 2680 cpistola
290 2647 401 2674 Thomas
427 2648 460 2674 de
488 2648 643 2676 Czccborod
672 2650 792 2685 episcopi
819 2649 935 2676 Saman-

150 2690 267 2716 dricnsis
280 2691 460 2726 ejusdemque
473 2691 618 2727 Pragensis
631 2694 737 2726 decani,
760 2695 794 2721 ad
818 2702 861 2721 me
881 2695 933 2721 sub

149 2735 230 2762 ﬁnem
246 2737 308 2763 anui
320 2736 386 2764 1677
403 2739 471 2764 datae
483 2746 599 2773 suggero
610 2747 616 2771 ;
627 2740 699 2774 quod
712 2749 721 2765 ‹
734 2740 831 2775 aliqua:
843 2750 852 2765 ι
863 2741 936 2775 ejus-

151 2781 212 2808 dem
242 2790 251 2807 I
279 2783 308 2810 S.
343 2783 487 2819 Epiphanii
512 2785 637 2820 reliquae,
662 2794 716 2813 una
739 2795 800 2814 cum
824 2787 936 2815 brachio

153 2827 183 2856 S.
198 2827 304 2858 Thecla:
316 2835 343 2858 ct
355 2831 441 2867 capite
458 2831 539 2860 unius
560 2839 594 2859 ex
616 2831 809 2862 lunoceutibus
826 2833 932 2862 Bethle-

985 2237 1042 2260 tum
1056 2232 1243 2265 ntrefellatur,
1257 2240 1346 2268 operae
1364 2232 1480 2267 pretium
1506 2239 1559 2258 non
1587 2235 1639 2258 est.
1661 2229 1771 2257 Tolera-

986 2287 1048 2306 mus
1059 2279 1168 2314 quidem
1193 2279 1268 2306 Vitas
1294 2279 1320 2305 in
1342 2279 1392 2316 hoc
1412 2285 1494 2313 opere
1514 2277 1626 2309 multas,
1640 2277 1705 2304 dum
1720 2284 1772 2304 me—

985 2325 1068 2352 liores
1089 2332 1143 2352 non
1169 2329 1325 2359 suppetunt,
1348 2324 1432 2351 iizevis
1458 2323 1623 2358 quandoque
1644 2323 1773 2357 gravibus

985 2380 1111 2406 aspersas
1129 2379 1264 2406 :quarum
1280 2375 1406 2398 auctores
1423 2370 1572 2402 credimus,
1589 2370 1660 2396 bona
1677 2377 1772 2405 quam-

985 2418 1038 2449 vis.
1058 2418 1172 2445 nimium
1190 2423 1280 2444 tamen
1297 2416 1414 2450 simplici
1429 2416 1483 2442 fide
1500 2416 1644 2442 mandasse
1662 2415 1772 2448 litteris,

985 2472 1046 2500 quae
1063 2465 1140 2499 plura
1155 2468 1217 2499 post
1232 2463 1331 2490 saecula
1344 2463 1443 2498 partim
1457 2470 1490 2490 cx
1503 2462 1701 2489 vetustioribus
1712 2470 1772 2488 mo-

985 2511 1144 2542 numentis,
1176 2510 1274 2544 partim
1307 2517 1341 2536 ex
1373 2509 1546 2544 popularium
1578 2508 1774 2536 traditionibus

986 2557 1177 2591 compilarunl.
1191 2555 1244 2583 Sed
1258 2563 1305 2582 eas
1321 2555 1439 2590 amplius
1453 2555 1525 2582 ferre
1545 2562 1599 2581 non
1613 2561 1771 2589 possumus,

986 2611 1047 2638 quae
1069 2603 1138 2629 mala
1160 2602 1214 2629 ﬁde
1232 2602 1390 2628 nominibus
1401 2601 1498 2628 alienis
1518 2601 1677 2636 suppositze,
1697 2604 1772 2626 tanto

987 2649 1101 2684 gravius
1115 2648 1256 2675 oll‘endunt
1268 2648 1300 2674 ad
1313 2647 1367 2674 veri
1384 2647 1501 2682 falsique
1512 2647 1658 2674 discrimen
1671 2646 1772 2672 excrci-

987 2701 1072 2722 tatum
1094 2696 1232 2726 lectorem,
1245 2698 1350 2729 quanto
1374 2695 1482 2729 turpius
1504 2693 1649 2728 imponunt
1665 2691 1771 2725 simpli-

986 2742 1117 2770 cioribus.
1134 2741 1201 2769 Cum
1221 2741 1293 2768 enim
1313 2740 1366 2767 illis
1384 2745 1497 2767 eatenus
1517 2739 1562 2775 pia
1587 2742 1694 2771 aptetur
1716 2744 1771 2765 cre-

987 2788 1102 2819 dulitas.
1113 2791 1247 2822 quatenus
1262 2786 1333 2813 nulla
1347 2786 1373 2812 in
1389 2785 1558 2814 contrarium
1571 2787 1661 2811 onstat
1674 2786 1769 2809 aucto-

989 2834 1055 2862 ritas
1071 2834 1172 2861 ccrlior
1183 2833 1224 2861 vel
1241 2832 1313 2860 ratio
1329 2831 1471 2860 dubitandi
1488 2829 1671 2867 prmgnantior
1687 2836 1694 2856 τ
1711 2828 1771 2856 istis
