1934 3029
147 76 199 102 119

658 75 686 102 S.
705 74 878 103 EPIPHANH
903 75 993 102 ACTA
1013 75 1264 107 BOLLANDIANA.

1718 81 1774 110 120

147 132 215 161 nihil
235 135 295 160 tuto
320 131 452 165 creditur,
475 132 528 160 nisi
547 133 620 168 quod
650 135 761 162 aliunde
794 136 935 163 invenitur
950 139 971 166 A
988 138 1196 172 exprobrarent,
1213 146 1246 166 ac
1266 146 1359 166 secum
1381 139 1497 166 invicem
1516 139 1661 166 illudentes
1677 140 1713 167 ita
1730 141 1775 168 lo—

148 178 306 207 testimonio
329 178 416 214 magis
435 179 534 206 idoneo
556 180 758 208 confirmatum.
783 181 877 216 Itaque
901 183 934 210 iis

147 232 209 261 quae
219 224 275 252 dixi
289 224 364 252 Actis
384 225 507 257 omissis,
526 233 558 253 ea
575 227 703 262 colligere
719 229 864 264 aggredior
873 237 934 263 quae

149 271 207 306 ipse
221 270 255 298 de
279 278 308 298 se
328 278 415 305 pauca
432 271 512 304 satis.
530 272 609 307 plura
632 281 694 308 quae
719 274 764 301 alii
789 275 935 302 indubitati

148 316 297 351 scriptores
309 321 465 352 suggerent.

454 363 570 391 CAPUT
590 364 622 392 ll.

151 406 226 436 Casii
239 407 413 450 adolescentis
426 410 611 450 monachatus,
622 412 682 438 vitae
693 418 758 439 retas
774 418 798 439 et
814 413 936 448 quaedam

385 452 413 470 ιη
427 451 579 480 episcopatu
593 451 675 481 gesta.

186 499 214 527 7.
241 499 385 535 Epiphanii
416 502 533 536 patriam
563 503 818 539 institutionemque
844 505 937 533 adole-

151 545 254 575 scentis
271 545 440 574 Sozomenus
453 547 571 582 explicat
589 548 636 576 lib.
654 557 680 576 vt
697 558 756 584 cap.
772 550 817 581 52,
838 550 883 577 ubi
904 551 938 578 de

152 591 296 621 monachis
312 591 463 621 Palaestina
481 594 607 629 loquens,
627 603 637 620 ι
654 594 693 622 Ex
713 603 819 628 eorum,
838 597 937 632 inquit,

152 644 268 667 numero
281 636 333 664 fuit
348 637 510 673 Hesychius,
526 638 674 668 Hilarionis
690 641 808 674 sodalis;
831 647 858 669 et
875 642 938 678 Epi-

153 683 282 721 phanius,
300 683 347 719 qui
363 689 457 718 postea
473 683 620 713 Salaminis
639 686 665 713 in
685 686 775 722 Cypro
792 689 938 724 episcopus

154 727 215 758 fuit.
225 727 259 755 Et
274 727 425 764 Hesychius
440 730 549 765 quidem
568 730 596 758 in
619 731 714 759 eodem
733 740 788 767 quo
808 734 939 769 magister

154 774 213 803 loco
229 775 437 810 philosophatus
456 782 513 810 est;
529 776 698 812 Epiphanius
717 786 782 806 vero
796 779 874 814 juxta
889 780 939 807 Be-

155 821 300 851 sanducem
325 821 426 855 vicum,
447 823 475 849 in
505 823 646 850 territorio
670 823 940 860 Eleutheropolitano

155 866 247 899 iitum,
263 873 298 895 ex
311 874 367 901 quo
392 872 470 894 ortus
493 866 591 895 fuerat.
614 866 667 900 Qui
690 875 752 895 cum
772 872 807 895 ab
829 869 940 897 ineunte

155 911 337 941 adolescentia
354 919 368 938 a
383 912 618 947 praestantissimis
640 913 781 940 monachis
797 913 940 942 institutus

154 958 262 992 fuisset,
276 958 391 993 ejusque
418 959 456 986 rei
480 966 563 986 causa
592 959 639 986 diu
672 964 793 987 moratus
815 965 888 988 esset
911 961 939 987 in

156 1003 288 1039 (Egypto,
319 1004 345 1030 in
372 1004 523 1032 monastica
556 1004 728 1040 philosophia
745 1006 940 1034 celeberrimus

154 1050 267 1078 exstitit.
289 1059 298 1075 ι
314 1050 354 1077 Ac
372 1050 491 1084 primum
507 1050 616 1085 quidem
639 1051 846 1086 disciplinarum
869 1053 941 1080 litte-

155 1096 289 1126 rariarum
310 1103 394 1123 causa
416 1096 528 1131 petitam
550 1097 584 1123 ab
615 1105 648 1124 eo
670 1097 836 1133 Egyptum,
859 1103 941 1133 atque

154 1141 222 1172 adeo
238 1141 265 1168 in
281 1140 390 1168 fortuna
404 1141 517 1168 minime
531 1141 605 1168 tenui
623 1147 728 1175 natum,
746 1143 811 1169 tnihi
827 1151 941 1178 persna-

154 1188 201 1216 det
221 1188 289 1223 ipse,
306 1189 334 1215 in
360 1188 431 1215 libro
446 1187 484 1215 De
505 1188 658 1221 Iliensibus,
679 1189 778 1216 haeresi
791 1189 826 1216 26
843 1190 888 1217 ubi
908 1190 942 1217 de

154 1232 292 1262 Gnosticis
312 1240 407 1268 agens,
429 1233 538 1268 inquit:
561 1243 570 1258 ι
596 1234 629 1260 Et
649 1242 709 1266 nos,
727 1234 893 1269 charissimi,
912 1237 939 1263 in

155 1279 226 1307 hanc
243 1278 369 1306 haeresim
383 1274 540 1310 incidimus,
552 1284 579 1306 et
593 1287 627 1306 ex
642 1279 760 1315 ipsumet
773 1288 879 1313 eorum,
892 1281 940 1316 qui

155 1325 225 1352 hanc
251 1325 361 1359 proprie
381 1329 408 1351 et
427 1332 460 1351 ex
478 1324 605 1352 instituto
628 1329 755 1357 tractant,
773 1334 819 1353 ore
836 1334 868 1353 ac
881 1334 941 1353 ma-

155 1371 265 1407 gisterio
280 1371 442 1403 didicimus;
466 1381 475 1397 ι
497 1371 591 1406 utique
612 1371 771 1406 priusquam
789 1374 941 1400 monachus

155 1422 241 1450 esset;
255 1422 282 1445 et
297 1425 360 1445 cum
382 1418 471 1444 adhuc
495 1418 548 1445 alia
572 1418 673 1450 omnia,
696 1427 813 1453 quorum
838 1419 942 1446 scilicet

155 1471 237 1493 causa
251 1464 279 1490 in
294 1463 441 1499 IEgyptum
462 1469 584 1496 venerat,
603 1465 693 1491 studia
712 1469 842 1492 tractaret
860 1473 941 1500 :qua:

156 1515 247 1541 autem
262 1511 315 1538 alia
330 1518 412 1545 quam
432 1510 584 1537 litterariai
605 1518 668 1538 cum
693 1510 886 1538 Gnosticorum
908 1511 942 1538 li—

157 1556 234 1590 bros,
250 1556 411 1592 priusquam
438 1556 608 1591 perniciosos
621 1564 682 1584 esse
695 1562 799 1589 nosset,
821 1557 943 1585 studiose

157 1610 172 1634 β
194 1610 223 1630 se
240 1602 324 1631 lectos
341 1602 468 1629 fateatur.
492 1601 544 1635 Qui
570 1610 635 1630 vero
652 1602 686 1629 ad
708 1603 761 1630 hoc
775 1604 943 1637 peregrinari

158 1648 263 1683 juvenis
278 1653 354 1676 extra
372 1649 488 1683 patriatn
510 1649 609 1683 potuit,
626 1656 798 1684 consequens
813 1653 854 1676 est
871 1655 899 1677 ut
915 1650 943 1677 in

158 1695 243 1730 patria
258 1695 385 1722 credatur
401 1694 529 1722 habuisse
552 1699 679 1730 parentes
714 1696 780 1723 satis
800 1697 944 1731 opulentos

159 1741 191 1768 ad
207 1741 334 1768 alendum
351 1748 462 1775 peregre
484 1741 567 1767 illium
578 1762 585 1773 ,
605 1741 745 1776 probeque
759 1741 942 1775 Christianos,

159 1795 190 1817 ex
206 1794 324 1822 quorum
342 1787 514 1814 institutione
536 1794 596 1814 eam
619 1788 702 1814 traxit
722 1787 892 1815 castimonia:
906 1793 945 1816 te-

159 1834 253 1867 nenda:
269 1834 464 1866 constantiam,
485 1842 546 1869 quae
564 1835 653 1869 ipsum
676 1835 796 1862 servavit
816 1835 944 1870 impollu-

159 1884 216 1907 tum
237 1879 306 1906 inter
324 1878 465 1906 illecebras
486 1883 513 1906 et
536 1879 633 1906 sordes
656 1878 859 1907 Gnosticorum.
886 1879 946 1915 Ipse

159 1924 297 1960 quomodo
313 1931 360 1952 eas
374 1924 492 1952 evaserit
503 1924 568 1951 loco
580 1924 636 1959 jam
651 1925 734 1952 citato
751 1925 791 1952 sic
810 1925 944 1959 explicat:

194 1972 221 1998 8.
245 1980 255 1996 ι
273 1970 313 1997 Ad
329 1970 515 2006 magisterium
532 1970 668 1998 haereseos
690 1971 764 1998 illius
782 1976 947 2005 comparata:

160 2016 334 2051 deceptaeque
349 2016 490 2049 mulieres,
510 2024 564 2043 non
580 2017 669 2044 solum
691 2017 845 2044 istiusmodi
866 2017 946 2045 nobis

160 2070 302 2090 sermones
326 2063 488 2098 injecerunt.
504 2063 550 2090 sed
572 2063 694 2098 insuper,
721 2063 855 2099 Egyptian:
873 2064 947 2092 illius

160 2109 272 2144 perditae
285 2116 317 2136 ac
332 2109 508 2144 nequissimae
528 2109 636 2136 feminze
652 2110 750 2141 instar,
767 2100 828 2144 qme
841 2118 948 2145 coquo-

160 2163 222 2183 rum
235 2155 366 2189 principis
380 2162 449 2183 uxor
464 2159 534 2187 erat,
550 2155 681 2189 petulanti
702 2164 752 2183 nos
771 2161 870 2184 conatu
885 2164 947 2191 per-

160 2201 280 2234 trahere,
303 2203 360 2228 tum
384 2208 446 2228 cum
470 2200 575 2227 florenti
601 2201 690 2228 adhuc
712 2206 792 2228 aetate
811 2209 947 2234 essemus,

161 2255 296 2283 aggresste
309 2252 382 2275 sunt.
399 2247 500 2275 Verum
519 2247 542 2274 is
564 2247 611 2282 qui
634 2247 809 2274 sanctissime
829 2247 948 2282 Josepho

163 2300 220 2321 tum
242 2294 338 2326 astitit,
356 2293 437 2322 nobis
460 2301 569 2329 quoque
595 2298 693 2328 praesto
722 2293 788 2326 fuit;
814 2299 842 2320 et
875 2294 949 2321 hunc

162 2341 264 2376 ipsum,
281 2340 328 2376 qui
349 2341 425 2368 illum
443 2348 477 2368 co
499 2341 526 2368 in
546 2341 667 2375 periculo
691 2340 825 2374 liberavit,
850 2341 948 2376 implo-

162 2391 267 2419 rantes,
290 2387 354 2414 licet
380 2386 484 2422 indigni
513 2395 545 2414 ac
573 2392 650 2414 tanto
675 2387 808 2415 beneﬁcio
830 2388 949 2422 impares

163 2440 300 2464 essemus,
313 2433 438 2467 ejusdem
460 2433 625 2468 benignitate
640 2441 672 2463 ac
686 2433 874 2461 misericordia
888 2440 950 2467 per-

163 2478 284 2505 niciosas
300 2478 408 2505 illarum
424 2485 522 2506 manus
538 2478 696 2514 cﬁ‘ugimus,
719 2487 752 2506 ac
774 2479 950 2506 sanctissimo

165 2522 221 2550 Deo
235 2523 443 2558 gratulatorium
462 2531 571 2551 carmen
593 2524 752 2556 cecinimus,
768 2528 798 2551 ut
820 2525 845 2551 id
867 2532 949 2551 usur—

165 2577 230 2606 pare
249 2570 347 2597 merito
360 2577 519 2604 possemus:
540 2570 683 2599 Cantemus
700 2571 822 2603 Domino,
839 2571 951 2606 gloriose

164 2616 235 2646 enim
254 2616 441 2651 magniﬁcatus
458 2620 508 2646 est.
528 2625 622 2651 equum
637 2621 661 2643 et
678 2625 841 2644 ascensorem
857 2616 952 2651 dejecit

164 2663 193 2691 in
219 2670 292 2690 mare
320 2661 427 2697 (Exod.
443 2669 482 2694 ιι,
505 2662 542 2697 l).
568 2661 662 2697 Neque
682 2663 754 2690 enim
777 2663 903 2690 similiter
923 2667 954 2690 ut

166 2707 211 2739 ille
226 2707 381 2742 patriarcha
390 2707 414 2735 vi
423 2707 542 2742 quadam
555 2708 664 2736 virtutis
675 2716 707 2735 ac
717 2708 830 2743 justitiaz
841 2714 952 2739 nostrae.

167 2752 213 2785 sed
233 2752 295 2780 fuso
307 2754 340 2781 ad
361 2753 446 2781 Deum
464 2754 566 2789 gemitu
586 2754 646 2788 ejus
668 2762 763 2782 sumus
779 2755 954 2782 miseratione

168 2799 277 2835 servati,
295 2799 362 2834 Cum
378 2800 458 2835 etiam
473 2801 538 2833 mihi
556 2805 646 2838 pestes
664 2801 717 2831 illar
734 2809 781 2841 per
803 2801 952 2835 ludibrium

955 810 977 837 Β

962 2169 985 2197 D

986 189 1136 219 querentur
1153 194 1160 212 :
1181 184 1257 212 llunc
1270 187 1398 219 juvenem
1415 192 1525 212 servare
1546 193 1600 211 non
1621 186 1774 219 potuimus.

987 231 1033 257 sed
1053 231 1079 257 in
1098 231 1224 259 manibus
1243 232 1374 266 principis
1390 231 1479 266 perire
1498 231 1623 258 sivimus.
1633 230 1699 258 Nam
1712 240 1776 267 quise

987 275 1074 303 forma
1094 277 1164 303 inter
1179 277 1239 304 illas
1255 277 1411 304 liberaliore
1426 281 1467 304 est
1478 296 1486 309 ,
1508 278 1679 312 semetipsam
1700 279 1777 305 velut

986 329 1076 350 escam
1095 327 1176 357 atquc
1191 323 1347 350 illecebram
1363 323 1468 358 objicit,
1483 327 1513 350 ut
1525 331 1594 358 quos
1610 324 1636 350 in
1650 324 1773 352 fraudem

988 369 1047 402 ipsa
1063 368 1214 402 pellexerit,
1236 376 1290 395 non
1304 376 1352 395 eos
1370 368 1515 404 proﬂigare
1538 377 1571 396 ac
1592 369 1714 403 perdere,
1725 369 1775 397 sed

987 414 1092 448 eripere
1109 414 1249 441 dicatur...
1265 415 1299 441 Et
1312 419 1390 442 erant
1408 422 1483 447 sane,
1498 423 1558 450 qua:
1581 419 1637 442 tum
1657 416 1699 443 his
1711 423 1775 443 ver-

988 458 1085 485 borum
1100 458 1295 486 blandimentis
1314 467 1346 486 ac
1366 460 1511 487 lenociniis
1533 461 1690 493 utebantur,
1713 469 1777 488 cor-

989 504 1076 538 poris,
1105 512 1161 539 quo
1187 505 1220 531 ad
1242 505 1412 539 peccandum
1440 505 1635 539 abutebantur,
1661 511 1775 534 venusta

988 557 1050 576 cum
1063 549 1159 583 primis
1172 550 1278 584 specie;
1291 550 1338 576 sed
1352 549 1508 577 misericors
1529 550 1600 578 Deus
1613 551 1648 578 ab
1664 551 1775 578 illarum

989 595 1161 630 improbitate
1181 603 1232 622 nos
1252 595 1362 630 eripuit,
1390 596 1458 622 adeo
1484 600 1514 623 ut
1536 597 1690 630 (postquam
1713 595 1776 623 illo-

989 648 1049 667 rum
1067 640 1151 668 libros
1166 641 1329 676 perlegimus
1347 646 1374 668 et
1388 641 1420 668 ad
1440 642 1564 669 veritatis
1587 642 1775 677 cognitionem

989 685 1110 712 animum
1124 686 1343 720 adjecimus,nec
1351 687 1458 714 abducti
1471 687 1615 714 velearum
1639 687 1776 716 illecebris

989 732 1059 766 capti
1072 739 1178 764 sumus;
1195 732 1241 759 Sed
1258 731 1402 766 ell‘ugimus
1413 732 1531 767 tandem)
1548 741 1609 760 mox
1621 733 1653 760 ad
1668 733 1777 769 episco-

991 784 1050 812 pos,
1065 777 1110 812 qui
1123 777 1150 804 in
1164 777 1210 804 illo
1230 778 1290 804 loco
1309 783 1396 809 erant,
1412 778 1519 805 deferre
1536 779 1732 812 studuerimus,
1749 783 1779 807 et

991 830 1087 849 eorum
1100 822 1230 850 hactenus
1243 823 1332 857 ignota
1346 823 1456 850 nomina
1471 824 1497 850 in
1510 823 1632 852 Ecclesia
1641 825 1776 860 detegere.

991 867 1030 895 Ex
1040 876 1095 902 quo
1107 868 1208 894 factum
1224 873 1276 899 est,
1291 873 1320 895 ut
1331 869 1470 903 octoginta
1484 869 1540 896 fere
1552 870 1640 904 capita
1651 870 1779 897 exsulare

987 914 1063 948 jussa
1080 922 1095 941 a
1109 914 1174 941 lolio
1188 914 1330 949 spinisque
1341 915 1399 942 suis
1415 918 1588 950 repnrgatam
1604 915 1698 942 urbem
1713 915 1778 943 reli-

990 960 1108 996 querint.
1130 969 1140 985 ι
1276 991 1279 995 ι

1026 1006 1052 1033 9.
1075 1007 1210 1034 Caeterum
1225 1007 1372 1041 spurcitias
1384 1006 1458 1034 illius
1472 1007 1609 1034 haereseos
1624 1007 1779 1034 lectioneet

991 1060 1129 1085 sermone,
1138 1060 1191 1079 non
1207 1057 1295 1079 autem
1311 1055 1338 1078 et
1347 1059 1397 1078 usu
1409 1051 1544 1086 cognitas,
1556 1052 1653 1079 iterum
1665 1051 1780 1078 iterum-

990 1106 1043 1132 que
1057 1102 1171 1125 testatur
1186 1097 1354 1132 Epiphanius
1366 1097 1402 1124 ita
1417 1105 1585 1132 prosequens
1603 1107 1610 1124 :
1625 1107 1635 1123 ι
1651 1097 1779 1125 Ostendi—

991 1151 1053 1170 mus
1072 1151 1153 1170 unam
1167 1143 1240 1170 illam
1251 1152 1283 1171 ex
1300 1144 1334 1170 iis
1350 1143 1499 1170 hmresibus
1507 1150 1579 1176 esse,
1592 1143 1626 1170 de
1640 1150 1695 1178 qua
1708 1142 1778 1171 certi

990 1189 1182 1223 cxploratique
1205 1189 1306 1224 aliquid
1324 1189 1420 1216 afferre
1441 1196 1602 1223 pommus;
1621 1196 1674 1216 non
1694 1196 1727 1216 ex
1742 1196 1777 1216 eo

991 1235 1063 1269 quod
1076 1234 1241 1269 gesserimus
1254 1235 1303 1269 ipsi
1314 1235 1429 1270 (avertat
1439 1235 1490 1262 hoc
1500 1243 1515 1262 a
1524 1235 1603 1262 nobis
1611 1234 1681 1262 Deus
1689 1235 1719 1269 l),
1731 1234 1780 1262 sed

992 1288 1025 1306 ex
1039 1288 1071 1307 eo
1083 1281 1155 1314 quod
1171 1281 1205 1308 ab
1216 1281 1249 1308 iis
1262 1286 1388 1308 accurate
1403 1281 1561 1314 didicimus,
1577 1281 1624 1316 qui
1644 1281 1717 1307 illam
1730 1287 1781 1307 no-

991 1325 1035 1352 bis
1048 1326 1213 1359 persuadere
1229 1325 1330 1353 frustra
1351 1327 1506 1358 voluerunt,
1524 1330 1551 1353 et
1570 1330 1730 1360 conceptam
1745 1325 1781 1352 de

991 1377 1085 1398 nostro
1098 1371 1182 1398 exitio
1198 1379 1272 1406 spem
1293 1372 1400 1406 penitus
1429 1371 1588 1406 abjeceruut
1602 1380 1610 1404 ;
1635 1379 1698 1398 cum
1715 1371 1782 1398 insi-

992 1416 1043 1443 dia:
1057 1424 1152 1444 omnes
1175 1424 1207 1444 ac
1231 1416 1353 1448 fraudes,
1380 1425 1449 1452 quas
1477 1418 1509 1445 ad
1542 1417 1660 1445 infelicis
1683 1417 1782 1444 anima:

993 1469 1095 1490 nostra:
1113 1463 1262 1498 perniciem
1278 1467 1332 1491 tam
1345 1463 1396 1497 ipsi
1413 1471 1495 1498 quam
1510 1464 1557 1498 qui
1572 1464 1598 1490 in
1622 1464 1691 1498 ipsis
1710 1464 1782 1491 inest

994 1509 1120 1536 diabolus
1147 1509 1294 1537 machinati
1319 1509 1443 1543 fuerant,
1470 1510 1554 1537 irrita:
1578 1515 1659 1544 atque
1685 1510 1781 1537 inanes

994 1556 1178 1589 exstitissent;
1200 1561 1228 1583 ut
1250 1557 1301 1584 hoc
1316 1565 1331 1584 a
1347 1556 1448 1584 Davide
1466 1557 1568 1584 dictum
1592 1556 1783 1584 accommoda-

994 1602 1100 1629 tissime
1125 1610 1260 1637 usurpare
1284 1603 1439 1638 possimus,
1465 1603 1579 1638 Sagitta:
1608 1602 1781 1638 paruulorum

995 1648 1075 1682 facta:
1090 1653 1151 1674 sunt
1166 1648 1251 1683 plaga
1269 1657 1361 1675 eorum
1376 1648 1465 1683 (Psal.
1486 1656 1564 1682 ant,
1583 1648 1621 1684 8),
1639 1653 1709 1682 etc.;
1723 1653 1782 1676 tum

994 1693 1072 1724 illud,
1091 1693 1263 1720 Conuertelur
1278 1694 1355 1721 labor
1373 1702 1462 1720 eorum
1475 1694 1502 1720 in
1517 1699 1596 1729 caput
1612 1695 1739 1729 ipsorum,
1756 1697 1782 1720 et

994 1740 1121 1775 iniquitas
1133 1748 1224 1767 eorum
1236 1741 1264 1766 in
1275 1741 1397 1767 uerticem
1413 1741 1530 1774 ipsorum
1545 1739 1680 1766 descendet
1692 1738 1782 1775 (Psal.

993 1794 1044 1818 vn,
1060 1786 1114 1821 Π).
1128 1785 1211 1821 lgitur
1227 1786 1458 1820 quemadmodum
1473 1785 1514 1812 sic
1529 1793 1579 1812 nos
1598 1785 1624 1812 in
1641 1784 1717 1813 illum
1738 1791 1783 1812 er-

996 1840 1086 1860 rorem
1111 1832 1289 1863 incurrimus,
1317 1835 1348 1858 ut
1370 1831 1444 1858 illius
1467 1839 1565 1858 noxam
1586 1830 1781 1865 eil‘ugeremus;

997 1886 1117 1913 eumque
1143 1878 1260 1905 simulac
1285 1877 1402 1912 legimus
1423 1877 1594 1910 damnantes,
1613 1877 1681 1904 salvi
1701 1882 1783 1911 atque

997 1925 1148 1952 incolumes
1164 1923 1348 1958 prmtergressi
1370 1931 1467 1950 sumus
1481 1932 1487 1950 :
1504 1923 1540 1950 ita
1562 1927 1597 1956 te,
1613 1922 1738 1957 quisquis
1751 1930 1782 1950 es

997 1971 1044 2005 qui
1061 1970 1112 1997 ista
1127 1970 1204 2004 legis.
1222 1969 1375 2001 hortamur,
1395 1973 1424 1995 nt
1444 1969 1512 1996 lecta
1534 1969 1636 2004 pariter
1655 1976 1688 1996 ac
1707 1968 1783 1995 dam-

997 2021 1061 2043 nata
1085 2015 1232 2048 transilias,
1261 2023 1295 2042 ne
1321 2015 1347 2042 in
1375 2020 1531 2049 serpentum
1556 2014 1689 2049 ejusmodi
1711 2014 1784 2042 velut

999 2062 1181 2096 improbitatis
1198 2061 1335 2096 quoddam
1353 2061 1429 2088 virus
1445 2061 1565 2094 incidas;
1584 2069 1616 2088 ac
1635 2061 1657 2088 si
1674 2060 1783 2095 quando

999 2108 1113 2136 forsitan
1129 2116 1160 2136 ex
1175 2108 1225 2135 hac
1243 2112 1399 2142 serpentum
1421 2107 1514 2135 schola
1534 2108 1688 2143 quempiam
1702 2107 1784 2134 otl‘en-

999 2155 1083 2186 deris,
1109 2155 1199 2182 subito
1224 2155 1325 2188 lignum
1348 2155 1424 2187 illud,
1445 2155 1519 2190 quod
1542 2155 1621 2182 nobis
1638 2163 1653 2182 a
1671 2154 1784 2182 Domino

999 2205 1186 2236 comparatum
1201 2205 1244 2227 est
1254 2205 1281 2227 ct
1295 2200 1320 2227 in
1331 2208 1386 2235 quo
1397 2200 1522 2228 Christus
1539 2200 1636 2228 aﬂixus
1649 2205 1702 2230 est,
1717 2200 1785 2226 arri-

998 2248 1068 2283 pias.
1089 2257 1098 2273 ι
1115 2247 1253 2274 Hactenus
1266 2246 1447 2281 Epiphanius.
1462 2254 1494 2274 ex
1511 2247 1612 2282 quibus
1627 2247 1694 2274 satis
1709 2253 1785 2273 vero-

1000 2294 1088 2322 sitnile
1104 2293 1178 2320 reddi
1191 2298 1329 2328 putamus,
1343 2293 1415 2328 quod
1439 2293 1518 2320 initio
1541 2293 1608 2325 dixi,
1628 2300 1701 2324 eutn,
1724 2301 1784 2319 curn

999 2341 1027 2367 in
1059 2340 1211 2375 periculum
1241 2340 1312 2366 istud
1339 2339 1444 2372 incidit,
1473 2338 1661 2366 Christianum
1691 2338 1784 2371 fuisse,

1000 2392 1074 2415 caste
1087 2395 1119 2414 ac
1130 2387 1226 2422 pudice
1239 2395 1253 2413 a
1271 2386 1435 2413 Christianis
1448 2386 1605 2420 parentibus
1617 2386 1762 2412 educatum
1774 2393 1783 2412 :

1001 2439 1112 2469 apparet
1122 2434 1204 2460 etiam
1221 2433 1336 2460 necdum
1352 2432 1452 2460 saeculo
1466 2432 1650 2463 renuntiasse,
1667 2431 1700 2458 de
1729 2438 1782 2465 quo

1001 2480 1082 2507 talem
1098 2487 1173 2511 spem
1190 2479 1241 2506 sibi
1264 2480 1400 2505 tinxerant
1422 2477 1564 2510 Gnostici;
1588 2481 1683 2505 contra
1704 2484 1783 2512 quarti

1001 2534 1064 2553 eum
1087 2526 1167 2552 nobis
1194 2524 1381 2552 commentitia
1409 2524 1475 2551 Acta
1500 2527 1707 2558 repraesentant,
1731 2521 1785 2548 Ju-

1002 2572 1090 2600 dmum
1108 2579 1141 2598 ex
1154 2570 1266 2602 Judteis,
1279 2570 1367 2605 iisque
1387 2569 1537 2597 rusticanis
1560 2573 1587 2596 et
1611 2568 1783 2603 pauperibus,

1003 2622 1030 2644 et
1049 2618 1126 2652 prius
1141 2617 1168 2643 in
1184 2616 1272 2651 patria
1290 2623 1340 2643 sua
1361 2615 1537 2647 monachum,
1557 2621 1638 2649 quam
1660 2613 1723 2641 inde
1741 2620 1786 2648 pe-

1003 2662 1064 2689 dem
1078 2662 1194 2689 etlerret.

1041 2707 1083 2735 10.
1100 2707 1200 2734 Eadem
1220 2711 1358 2740 asserunt,
1377 2707 1467 2741 ipsum
1488 2706 1558 2732 inter
1583 2703 1786 2731 valedicendum

1005 2755 1205 2788 interrogatum
1220 2753 1254 2780 ab
1270 2752 1435 2787 imperatore
1455 2751 1572 2778 Arcadio
1593 2760 1601 2775 ι
1619 2753 1686 2784 quot
1702 2756 1786 2778 annos

1007 2805 1077 2834 esset
1093 2803 1185 2833 natus,
1203 2798 1389 2836 respondisse,
1406 2802 1515 2830 centum
1531 2801 1558 2826 et
1573 2794 1743 2836 quindecim,
1761 2797 1786 2827 et
