1934 3029
166 103 218 131 121

672 102 701 129 S.
718 101 891 129 EPIPHANII
911 102 1002 128 AC'lA
1022 102 1275 128 llULLANDIANA.

1738 103 1791 128 122

164 166 224 188 tres
248 166 365 187 menses.
391 168 401 184 ι
425 158 470 186 Sic
491 161 580 185 autem
597 158 701 186 dixisse
717 168 724 186 :
741 168 751 184 ‹
771 159 822 186 Fui
844 159 950 194 episco-
965 160 986 186 A
1000 159 1094 192 liaris;
1111 159 1183 193 quod
1197 165 1284 193 usque
1301 158 1356 189 ille,
1370 157 1462 185 nimia:
1475 165 1533 185 suae
1550 157 1716 185 celebritatis
1726 165 1788 193 per-

164 214 230 241 pus,
249 213 310 233 cum
333 212 420 232 essem
443 212 529 232 annos
542 204 682 240 sexaginta
704 210 804 238 natus;
831 205 870 233 l'ui
890 212 954 232 vero

164 253 196 279 in
217 252 373 286 episcopatu
389 251 585 285 quinquaginta
605 251 727 286 quinque
749 258 836 278 annos
856 255 883 278 et
898 255 954 278 tres

164 305 286 325 menses.
312 306 321 322 ι
346 296 398 324 Sed
420 296 447 323 in
471 304 606 324 annorum
627 305 742 325 numero
769 297 865 325 vitium
891 305 954 325 esse

166 344 276 378 aliquod
296 351 376 370 nemo
392 343 566 374 dubitaverit.
590 344 678 378 primo
694 343 758 378 quia
769 343 953 378 Hieronymus

166 396 240 415 anno
257 387 309 415 592
335 388 369 415 de
387 387 540 422 Epiphanio
559 388 693 420 scribens,
720 389 746 416 id
769 394 820 421 est,
847 389 953 416 decimo

163 437 230 462 ante
245 433 304 468 ejus
320 437 435 460 mortem
450 441 532 466 anno,
548 435 647 461 asserit
667 443 677 460 ι
694 435 721 461 in
737 438 860 462 extrema
873 439 953 462 aetate

165 481 242 507 varia
264 479 354 506 adhuc
371 479 469 507 cudere
487 480 635 514 opuscula;
661 490 670 507 ι
694 480 766 515 quod
784 488 865 508 nemo
890 486 952 516 apte

164 526 330 553 intellexerit
348 526 381 553 de
405 526 514 554 homine
538 531 648 554 centum
671 531 700 554 ct
723 527 844 562 quinque
865 534 952 555 annos

164 570 385 599 natm-Secundo
399 572 463 607 quia
478 580 611 599 annorum
628 578 736 600 centum
752 578 779 601 et
792 573 951 608 quindecim

164 625 270 649 senem,
286 625 367 644 nemo
382 618 473 646 credet
492 618 552 652 ejus
569 618 655 646 fuisse
675 619 788 653 vigoris.
814 624 843 648 ut
868 619 893 647 ei
917 619 951 646 li-

164 663 257 692 buerit
270 663 536 698 Constantinopolim
557 664 695 700 navigare.
720 664 813 693 Tertio
836 665 899 700 quia
923 665 951 692 in

163 709 287 744 Dialogo.
304 709 350 744 qui
364 710 397 736 de
412 708 473 736 Vita
486 708 515 736 S.
525 709 641 737 Joannis
661 709 852 746 Chrysostomi
862 716 952 739 exstat

163 757 218 784 sub
231 756 340 783 nomine
351 755 472 786 Palladii,
484 756 562 789 quasi
578 763 612 783 ex
624 763 752 784 sermone
761 757 855 785 habito
872 758 951 786 Sozi-

164 802 205 830 mi
222 801 303 836 Papa:
318 805 451 836 tempore,
472 801 498 828 id
516 806 558 829 est
579 810 651 829 anno
674 802 737 836 Δ118,
766 803 836 830 inter
861 803 950 832 Palla-

1006 207 1098 235 taasus,
1117 203 1188 231 circa
1204 211 1305 230 annum
1330 203 1381 230 5ϋο
1402 202 1524 238 profugit
1540 203 1566 230 in
1582 203 1741 238 Egyptum.
1757 211 1790 231 ac

1003 249 1122 284 denique
1140 249 1168 276 in
1183 249 1302 285 Cyprum
1318 255 1367 276 "an.
1394 248 1446 275 561
1469 249 1524 275 ubi-
1536 256 1597 276 cum
1617 250 1685 276 mori
1698 250 1788 277 cunti-

1003 296 1086 330 gisset
1107 295 1255 322 Salaminis
1276 295 1447 330 episcopum.
1468 295 1539 322 haud
1560 295 1681 322 mirabor
1707 295 1729 323 si
1755 304 1789 323 ex

1004 341 1154 369 Hilarionis
1178 341 1295 368 consilio
1322 341 1477 375 postulatus
1499 349 1514 368 e
1537 340 1681 368 Palaestina
1707 341 1790 368 fuerit

1003 386 1173 422 Epiphanius
1187 396 1194 414 ς
1208 387 1253 422 qui
1271 388 1401 415 libentius
1416 395 1486 414 onus
1500 387 1572 415 istud
1583 387 1734 421 admiserit,
1755 395 1790 415 ne

1002 433 1166 460 Arianorum
1193 438 1365 468 grassantem
1395 434 1447 461 sub
1467 433 1591 466 ,Valentc
1617 434 1789 469 tyrannidem

1002 483 1126 513 spectare
1141 484 1168 506 et
1193 479 1327 506 sustinere
1353 484 1506 514 cogeretur,
1528 484 1555 507 et
1580 480 1644 514 quia
1669 484 1789 508 veterem

1004 525 1154 559 spiritualis
1179 524 1243 552 vitae
1267 524 1431 559 magistrum
1459 529 1506 552 aut
1529 525 1634 552 socium
1655 525 1691 552 ibi
1717 530 1790 553 esset

1002 574 1168 604 reperturus,
1185 574 1213 597 et
1227 576 1259 596 eo
1270 570 1358 603 quoad
1371 569 1473 596 viveret
1486 568 1631 597 fruiturus.
1651 569 1726 597 Vixit
1740 578 1789 598 au-

1001 619 1055 643 tem
1068 614 1189 642 Hilarion
1214 623 1300 650 usque
1323 615 1356 642 ad
1382 623 1485 641 annum
1508 615 1596 642 aetatis
1617 615 1663 647 80,
1686 615 1789 643 Christi

1002 660 1064 692 572,
1080 661 1189 695 quando
1204 670 1214 685 ι
1230 660 1263 687 de
1273 660 1333 694 ejus
1346 660 1473 688 laudibus
1490 660 1598 688 brevem
1615 661 1759 695 epistolam
1776 670 1785 686 ι

1002 707 1073 733 idem
1089 706 1255 741 Epiphanius
1266 716 1275 732 ι
1289 704 1410 741 scripsit,
1424 715 1433 731 ›
1445 707 1551 734 sicutin
1567 706 1627 733 Vita
1640 706 1788 734 Hilarionis

1001 756 1116 780 testatur
1137 751 1166 779 S.
1190 751 1393 788 Hieronymus:
1409 760 1442 779 ex
1463 753 1542 787 cujus
1567 753 1648 780 etiatn
1672 753 1788 788 epistola

1001 797 1046 830 61,
1060 798 1095 825 ad
1110 798 1314 825 Pammachium
1331 798 1475 831 discimus,
1490 799 1564 834 quod
1578 807 1611 826 eo
1633 808 1643 825 ι
1667 804 1788 832 tempore

163 847 242 874 dium
278 845 529 880 Helenopolitanum
565 847 724 882 episcopum
759 847 950 884 Chrysostomi
968 840 988 868 Β
1002 853 1057 880 quo
1072 848 1159 871 totum
1175 844 1326 878 Orientem,
1343 851 1456 880 excepto
1479 853 1548 880 papa
1574 846 1723 873 Athanasio
1744 852 1788 874 at-

162 893 328 928 discipulum
341 898 369 920 et
378 893 552 920 Theodorum
570 893 700 921 Romana:
718 894 846 922 Ecclesiae
861 896 952 924 diaco-

164 947 243 972 num,
258 939 369 973 dicitur,
383 939 455 974 quod
472 939 640 974 Epiphanius
651 949 661 965 ι
677 941 787 975 triginta
800 949 846 969 sex
865 949 951 970 annos

164 983 294 1012 Ecclesiae
318 983 438 1019 praefuit,
464 984 514 1011 sub
534 984 650 1013 Damaso
671 990 698 1013 et
719 985 833 1022 Syricio,
856 996 866 1012 ι
883 995 951 1022 quo—

163 1038 225 1057 rum
242 1031 318 1065 prior
331 1038 404 1057 anno
420 1030 473 1057 558
488 1031 580 1065 cmpit,
605 1031 673 1059 alter
698 1040 770 1060 anno
791 1032 843 1060 598
859 1033 950 1062 desiit.

163 1075 312 1103 Numerum
328 1080 419 1103 autem
437 1083 572 1103 annorum
593 1076 628 1103 '55
653 1076 757 1112 integre
776 1078 948 1112 expletorun

161 1130 225 1149 cum
240 1122 319 1149 initio
337 1122 401 1149 anni
416 1121 450 1149 56
464 1122 487 1149 si
512 1126 615 1155 teneas,
637 1127 735 1150 caetera
759 1124 832 1151 haud
846 1125 950 1152 incont-

162 1168 244 1195 mode
259 1176 322 1195 cum
349 1168 464 1195 veritate
483 1168 653 1201 consistent;
673 1169 710 1196 ita
735 1173 765 1196 ut
786 1170 875 1197 aetatis
893 1177 950 1198 sum

161 1221 234 1241 anno
249 1213 283 1241 96
305 1213 404 1241 obierit
426 1218 549 1245 sanctus.
574 1214 718 1249 solumque
733 1223 765 1242 ex
792 1216 843 1242 levi
867 1216 949 1244 unius

162 1259 260 1286 litterae
273 1266 378 1292 errore,
392 1267 447 1293 quo
460 1262 495 1285 νε¹
510 1259 650 1293 scripserit
664 1259 764 1294 aliquis
778 1268 826 1294 pro
838 1260 874 1286 λε’
890 1268 949 1295 per-

161 1304 260 1332 ductus
288 1304 370 1331 fuerit
390 1304 519 1332 Actorum
543 1309 640 1331 auctor
666 1305 691 1331 in
719 1306 853 1333 calculum
881 1307 949 1334 adeo

161 1350 372 1377 exorbitantem.
401 1349 447 1377 Sic
471 1358 536 1377 vero
561 1350 614 1377 dici
638 1351 740 1385 poterit
767 1351 947 1386 Epiphanius,

161 1402 236 1422 anno
255 1395 308 1422 568
329 1395 451 1427 ineunte,
468 1395 556 1423 factus
577 1395 733 1431 cpiscopus,
755 1401 782 1423 et
805 1405 878 1424 attno
897 1398 949 1425 508

162 1446 252 1469 natus.
270 1441 306 1467 De
320 1448 375 1476 quo
390 1441 455 1468 dum
472 1441 498 1467 in
517 1440 634 1475 Synopsi
656 1442 689 1468 ad
706 1442 869 1469 Ancaratum
889 1444 949 1478 ejus

162 1487 272 1522 legitur,
288 1487 360 1522 quod
377 1496 386 1512 ι
408 1487 522 1522 primum
541 1489 684 1516 monastici
707 1488 823 1516 instituti
845 1491 949 1517 exerci-

163 1533 292 1560 tationem
308 1533 335 1559 in
355 1531 472 1567 Egypto
487 1533 617 1567 suscepit,
636 1533 727 1568 ibique
739 1533 773 1560 ad
788 1534 948 1561 vicesitnum

162 1585 250 1612 usque
266 1578 354 1606 aetatis
365 1586 467 1606 annum
485 1579 646 1613 permansit,
663 1580 751 1607 donec
771 1581 802 1608 ad
824 1580 950 1608 Eleuthe-

163 1623 344 1659 t‘opolitanam
362 1626 499 1659 regionem
513 1633 638 1653 reversus
658 1626 854 1654 monasterium
874 1626 900 1653 in
916 1635 949 1654 ea

162 1670 294 1703 condidit,
316 1680 326 1696 ι
344 1670 425 1697 datur
441 1671 554 1705 intelligi
572 1679 644 1698 anno
666 1671 719 1698 529
743 1672 895 1699 excessisse
916 1680 950 1699 ex

163 1715 291 1751 Egypto,
309 1716 432 1751 adeoque
448 1724 502 1744 non
517 1717 594 1744 valde
610 1717 720 1753 longum
732 1718 818 1746 fuisse
830 1723 948 1753 tempus,

162 1770 218 1797 quo
232 1762 269 1789 ibi
286 1763 357 1790 inter
370 1764 519 1791 monachos
531 1764 631 1792 vixisse
643 1765 764 1799 potuerit
780 1774 787 1792 :
802 1769 828 1792 et
844 1764 950 1792 denun-

162 1809 303 1836 tiationem
319 1809 391 1836 illam
409 1809 613 1842 Gnosticorum,
627 1811 762 1845 episcopis
777 1811 950 1839 Alexandriae

162 1856 333 1891 congregatis
345 1855 458 1888 factam,
471 1860 533 1891 apte
548 1855 642 1883 referri
655 1864 735 1891 posse
747 1857 773 1884 in
786 1856 948 1885 Ianuarium

162 1902 227 1929 anni
247 1902 309 1935 5'26,
331 1903 440 1937 quando
462 1908 570 1929 mortuo
590 1903 619 1930 S.
637 1902 793 1930 Alexandro
807 1905 946 1939 episcopo,

162 1947 195 1974 ad
228 1954 415 1974 successorem
450 1946 479 1973 S.
510 1947 690 1974 Athanasium
724 1948 946 1976 substituendutn

162 1993 347 2020 convenerunt
360 1993 490 2027 episcopi.
510 1991 565 2020 Nec
587 1993 659 2020 enim
680 1993 788 2020 videtur
802 1995 948 2022 convenire

161 2043 192 2065 ut
201 2038 311 2065 biennio
322 2039 403 2065 citius
416 2038 441 2065 id
462 2038 559 2067 fecisse
579 2039 696 2071 dicatur,
714 2043 778 2073 pttta
797 2047 869 2067 anno
882 2040 945 2074 5‘24,

162 2085 272 2119 quando
288 2085 450 2119 prtesidente
464 2084 548 2112 Hosio
565 2085 734 2112 Cordubensi
749 2086 885 2114 celebrata
904 2093 946 2116 est

162 2131 282 2167 synodus
306 2131 500 2162 Alexandrina.
522 2136 586 2158 tunc
614 2132 686 2159 enim
717 2140 852 2160 annorum
877 2134 947 2162 dun-

163 2181 237 2203 taxat
250 2176 366 2204 sedecim
381 2176 540 2204 adolescens
557 2172 663 2204 fuisset.

202 2222 242 2249 11.
258 2220 293 2248 Ut
308 2227 337 2248 ut
351 2222 395 2253 sit,
412 2222 502 2248 statim
523 2226 585 2256 post
609 2222 683 2249 illam
702 2222 945 2258 denuntiationem,

164 2268 275 2295 dimissa
288 2267 462 2299 Alexandria,
477 2275 599 2294 eremum
615 2268 726 2303 petitam
744 2269 778 2296 ab
795 2269 947 2304 Epiphanio

163 2314 255 2341 nullus
280 2313 374 2341 dubito
399 2322 405 2339 :
428 2321 490 2340 cum
514 2318 603 2340 autent
628 2314 651 2341 is
677 2314 756 2341 rediit
783 2314 809 2342 in
839 2314 945 2350 Syriam

160 2359 284 2394 iunxisse
299 2367 329 2386 se
339 2359 427 2393 potuit
440 2358 469 2386 S.
484 2358 627 2391 llilarioni,
641 2360 674 2386 de
689 2368 744 2394 quo
755 2360 828 2387 circa
844 2368 945 2388 annum

162 2406 223 2438 5H,
238 2406 303 2433 illuc
320 2405 446 2432 similiter
458 2405 493 2432 ab
510 2404 637 2440 IEg-yptia
657 2406 708 2433 sub
727 2406 846 2433 Antonio
866 2415 945 2434 exer-

162 2451 291 2478 citatione
303 2458 424 2483 reverso,
438 2451 533 2478 scribit
551 2450 735 2486 Hieronymus
755 2452 781 2478 in
796 2451 856 2486 ejus
877 2452 944 2485 Vita,

161 2497 234 2532 quod
260 2501 323 2531 post
346 2497 382 2524 22
406 2497 562 2524 solitudinis
583 2505 697 2529 annum,
725 2497 752 2524 id
777 2502 819 2525 est
843 2506 945 2525 annum

162 2543 260 2571 Christi
276 2542 339 2576 525,
360 2551 369 2568 ‹
383 2543 416 2570 de
430 2542 507 2578 Syria
520 2547 546 2570 et
559 2542 677 2578 :Egypto
692 2542 726 2570 ad
743 2551 805 2570 eum
822 2545 946 2572 certatim

161 2590 252 2625 populi
266 2589 451 2622 conﬂuebant,
469 2589 506 2616 ita
525 2593 554 2616 ut
575 2589 652 2616 multi
673 2590 699 2617 in
723 2590 863 2617 Christum
887 2598 946 2618 cre~

162 2636 264 2668 derent,
283 2640 310 2663 et
325 2643 355 2663 se
367 2635 517 2663 monachos
531 2635 734 2670 proﬁterentur.
755 2646 764 2662 »
781 2635 883 2664 Horum
899 2645 946 2664 au-

162 2687 214 2709 tem
231 2681 366 2709 crescenti
386 2688 502 2709 numero
522 2681 613 2716 potuit
636 2689 666 2709 se
684 2682 808 2717 junxisse
830 2682 946 2717 Epipha—

163 2727 241 2761 nius;
258 2728 347 2762 potuit
358 2727 453 2760 etiam,
470 2735 533 2754 mox
547 2731 577 2754 ut
588 2727 667 2755 rediit
682 2728 709 2754 in
719 2728 836 2762 patriam
853 2729 944 2755 vicum

163 2773 297 2808 recepisse
313 2781 354 2806 se,
375 2773 493 2801 similem
516 2778 627 2801 acturus
647 2773 743 2804 vitam,
761 2777 788 2800 et
806 2773 946 2801 nihilomi-

165 2825 215 2849 nus
230 2818 361 2850 tlilarioni
380 2818 518 2859 frequenti
534 2819 740 2851 conversatione
754 2819 839 2849 fuisse
862 2818 944 2850 fami-

1001 899 1054 926 que
1065 890 1190 923 Paulino,
1205 891 1368 917 Arianorum
1389 896 1471 926 atque
1485 891 1716 919 Eunomianorum
1731 893 1787 919 lue-

1001 939 1071 966 resis
1085 938 1250 973 possidebat,
1267 939 1376 973 quando
1395 938 1515 965 Joannes
1532 948 1542 964 ι
1561 938 1650 966 adhuc
1666 939 1787 973 privatus

1001 986 1106 1020 (contra
1121 992 1201 1019 quem
1220 989 1311 1019 postea
1331 984 1609 1020 Ilierosolymitanum
1627 986 1785 1020 episcopum

1000 1031 1100 1066 scripta
1118 1030 1249 1066 Epistula)
1266 1031 1292 1058 in
1314 1031 1365 1058 lidc
1385 1030 1565 1058 dissimulans
1583 1031 1622 1058 vel
1645 1031 1785 1062 vacillans.

1002 1086 1013 1102 ι
1031 1076 1252 1104 Occidentalibus
1268 1080 1293 1103 et
1311 1076 1338 1103 in
1356 1076 1445 1103 ntedio
1462 1076 1559 1104 exsilio
1579 1077 1784 1105 confessoribus

1002 1121 1051 1149 SS.
1078 1121 1209 1157 Dionysio
1231 1120 1445 1153 Mediolanensi,
1470 1121 1588 1148 Eusebio
1612 1120 1786 1155 Vercellensi,

999 1172 1026 1196 et
1043 1167 1170 1195 Lucifero
1193 1167 1359 1199 Calaritano,
1383 1175 1437 1194 non
1462 1168 1699 1199 communicabat;
1723 1169 1787 1203 Epi-

999 1213 1117 1248 phanius
1138 1213 1180 1240 vel
1198 1213 1339 1248 presbyter
1363 1213 1389 1238 in
1412 1213 1577 1239 monasterio
1598 1213 1631 1239 ab
1652 1212 1786 1248 Eutychio

999 1260 1160 1287 audiebatur
1194 1259 1296 1295 (magni
1330 1259 1422 1293 utique
1450 1259 1569 1286 nominis
1592 1259 1695 1293 aliquo,
1723 1266 1786 1286 cum

999 1305 1113 1339 epistola
1129 1304 1180 1332 sub
1202 1312 1302 1331 annum
1325 1304 1376 1331 596
1399 1304 1573 1335 scriberetur,
1596 1304 1723 1339 episcopo
1740 1308 1787 1332 aut

999 1350 1106 1380 abbate,
1124 1349 1239 1377 necdum
1265 1353 1355 1376 tamen
1377 1349 1485 1375 aliunde
1515 1349 1591 1383 noto)
1623 1350 1666 1376 vel
1692 1353 1787 1385 postea

998 1396 1142 1430 episcopus
1157 1395 1249 1431 Cypri,
1267 1403 1282 1422 a
1298 1394 1410 1422 Valente
1428 1403 1482 1421 non
1503 1397 1685 1429 tangebatur:
1703 1400 1787 1422 tanta!

999 1442 1071 1469 enim
1091 1442 1275 1469 venerationis
1295 1449 1402 1475 semper
1422 1441 1483 1471 fuit.
1502 1446 1531 1468 ut
1552 1447 1696 1476 regnantes
1727 1442 1784 1469 Ine-

1000 1487 1077 1514 retici
1099 1486 1276 1522 ignominiam
1299 1494 1377 1513 suam
1399 1490 1527 1520 putarent
1551 1486 1573 1513 si
1596 1487 1675 1513 talem
1698 1486 1787 1515 virum

999 1537 1239 1568 persequerentur.
1279 1542 1288 1558 ι
1323 1532 1439 1560 Exsules
1475 1536 1566 1559 autem
1600 1532 1725 1559 vixerunt
1758 1534 1787 1560 in

999 1577 1109 1605 Oriente
1132 1578 1307 1605 confessures
1329 1577 1451 1612 praedicti
1470 1577 1504 1605 ab
1518 1585 1589 1605 anno
1604 1578 1656 1605 555
1671 1578 1705 1605 ad
1723 1578 1786 1611 562,

999 1629 1026 1651 ct
1037 1623 1137 1650 Valens
1152 1623 1320 1650 orthodoxos
1340 1627 1383 1650 est
1403 1627 1563 1658 persecutus
1581 1623 1615 1650 ab
1639 1631 1711 1650 anno
1733 1623 1788 1651 566

999 1670 1033 1696 ad
1052 1669 1115 1696 575.
1136 1669 1214 1696 Unde
1239 1669 1354 1704 intelligi
1378 1669 1469 1701 datur,
1494 1677 1548 1696 non
1573 1673 1678 1696 tantum
1704 1677 1786 1704 quam

999 1716 1105 1751 integra
1122 1719 1181 1743 toto
1197 1715 1244 1742 illo
1269 1720 1390 1750 tempore
1406 1715 1489 1742 fuerit
1507 1715 1650 1750 Epiphanii
1670 1715 1741 1743 fama
1760 1720 1787 1743 et

999 1760 1153 1794 veneratio;
1166 1761 1212 1788 sed
1227 1761 1309 1787 etiam
1324 1760 1396 1795 quod
1413 1760 1468 1795 jam
1493 1760 1556 1787 inde
1577 1760 1611 1787 ab
1627 1761 1704 1787 initio
1723 1767 1786 1795 per-

999 1808 1158 1840 secutionis,
1177 1814 1192 1834 a
1206 1807 1369 1834 Constantio
1384 1807 1532 1839 suscitataa,
1545 1806 1686 1842 presbyter
1704 1806 1787 1834 fuerit

998 1857 1184 1881 consecratus.

1033 1910 1077 1937 12.
1093 1909 1180 1938 Porro
1193 1910 1226 1937 de
1243 1914 1338 1937 mutua
1356 1910 1428 1937 inter
1444 1913 1556 1937 sanctos
1579 1908 1744 1935 Hilarionem
1758 1913 1786 1937 et

997 1955 1177 1992 Epiphanium
1192 1955 1378 1983 familiaritate
1395 1955 1511 1982 habetur
1536 1954 1652 1989 insignis
1666 1954 1744 1982 locus
1757 1955 1785 1982 in

997 2002 1094 2030 libellis
1108 2002 1145 2029 De
1167 2001 1226 2029 Vita
1242 2006 1267 2028 et
1282 2001 1404 2028 doctrina
1420 2006 1444 2028 et
1461 2001 1619 2035 perfectione
1631 2004 1784 2026 sanctorum

997 2048 1122 2081 Patrum,
1135 2056 1204 2083 quos
1233 2052 1303 2075 teste
1332 2048 1475 2082 Sigeherto
1500 2046 1625 2081 Pelagius
1651 2046 1785 2074 diaconus

996 2094 1128 2121 Romanae
1147 2092 1274 2121 Ecclesiae
1286 2093 1425 2120 transtulit
1437 2093 1470 2120 de
1485 2092 1578 2120 Graeco
1592 2092 1619 2119 in
1643 2091 1782 2125 Latinum,

997 2139 1098 2174 quique
1122 2139 1148 2165 in
1171 2138 1236 2165 Vitis
1250 2137 1372 2173 ιΡαινιιπι
1393 2137 1473 2165 editis
1494 2145 1510 2164 a
1529 2141 1625 2164 nostro
1643 2135 1784 2163 Heribcrto

962 2185 983 2213 D
998 2183 1143 2212 Rosweido
1160 2184 1206 2211 lih.
1227 2192 1243 2210 v
1270 2183 1442 2211 constituunt
1460 2192 1467 2209 :
1484 2182 1521 2209 ibi
1547 2182 1619 2209 cnitn
1637 2182 1729 2209 libello
1751 2189 1783 2209 ιιι

999 2236 1074 2255 num.
1089 2227 1122 2255 15
1136 2228 1175 2255 sic
1195 2228 1315 2263 legitur:
1332 2237 1342 2253 ‹
1360 2227 1432 2254 Misit
1451 2227 1598 2261 aliquando
1615 2226 1784 2261 Epiphanius

997 2274 1141 2309 episcopus
1152 2273 1267 2309 Cyprius
1286 2274 1319 2301 ad
1342 2273 1468 2300 abbatem
1484 2272 1661 2306 llilarionem,
1683 2281 1784 2307 rogans

997 2327 1059 2346 eum
1082 2323 1109 2346 et
1133 2320 1236 2351 dicens,
1256 2318 1322 2346 Veni
1346 2323 1376 2345 ut
1393 2326 1443 2345 nos
1466 2318 1617 2352 videamus,
1636 2323 1782 2354 antequam

997 2364 1030 2391 de
1046 2371 1159 2398 corpore
1177 2371 1318 2390 exeamus.
1340 2362 1391 2396 Qui
1417 2370 1479 2390 cum
1500 2363 1638 2390 venissent
1657 2363 1689 2390 ad
1713 2363 1783 2390 invi-

997 2416 1066 2441 cem,
1096 2408 1324 2436 manducantibus
1354 2408 1393 2435 eis
1414 2414 1527 2435 aJatum
1553 2412 1596 2435 est
1623 2408 1657 2435 de
1686 2408 1782 2436 avibus

996 2453 1136 2488 quiddam,
1151 2454 1224 2487 quod
1240 2457 1336 2480 tenens
1358 2453 1503 2487 episcopus
1516 2454 1590 2480 dedit
1602 2453 1693 2480 abbati
1710 2453 1783 2480 Hila-

996 2499 1078 2526 rioni.
1093 2498 1127 2525 Et
1142 2499 1207 2526 dicit
1222 2499 1259 2525 illi
1273 2506 1355 2525 senex
1373 2507 1379 2524 :
1398 2498 1509 2534 ignosce
1525 2499 1602 2531 mihi,
1616 2498 1706 2530 Pater,
1717 2499 1782 2534 quia

996 2553 1031 2573 ex
1045 2553 1100 2579 quo
1115 2545 1205 2578 accepi
1222 2544 1345 2571 habitum
1362 2544 1444 2571 istum
1459 2552 1510 2571 non
1526 2544 1689 2572 manducavi
1703 2544 1782 2579 quid-

996 2598 1079 2626 quam
1096 2591 1228 2618 occisum.
1245 2589 1278 2627 Et
1290 2590 1359 2617 dixit
1369 2591 1393 2617 ei
1408 2590 1593 2626 Epiphanius:
1608 2590 1663 2625 Ego
1678 2596 1780 2623 autem,

995 2644 1030 2664 ex
1042 2643 1097 2672 quo
1117 2636 1208 2670 accepi
1231 2636 1355 2663 habitum
1373 2636 1466 2668 istum,
1483 2644 1537 2663 non
1554 2636 1645 2664 dimisi
1662 2636 1780 2671 aliquem

996 2681 1125 2714 dormire,
1141 2681 1188 2716 qui
1204 2681 1319 2708 habebat
1338 2681 1441 2716 aliquid
1457 2681 1600 2708 adversum
1619 2689 1678 2714 me;
1694 2688 1782 2716 neque

996 2735 1047 2762 ego
1061 2727 1178 2755 dormivi
1194 2728 1296 2754 habens
1320 2727 1580 2761 aliquid‘atlversus
1600 2727 1729 2761 aliquem.
1747 2726 1782 2755 Et

995 2773 1064 2801 dicit
1075 2773 1100 2801 ei
1119 2780 1214 2805 senex,
1229 2771 1342 2808 Ignosce
1356 2773 1433 2806 mihi,
1454 2773 1517 2807 quia
1539 2777 1584 2800 tua
1607 2773 1780 2800 conversatio

996 2819 1085 2857 major
1097 2823 1138 2848 est
1155 2825 1226 2849 mea.
1249 2827 1258 2845 ι
1279 2818 1369 2855 Atque
1387 2819 1420 2847 ad
1436 2819 1506 2848 hanc
1521 2818 1650 2857 mitigata:
1665 2818 1699 2846 ab
1714 2817 1779 2847 Eoi-
