1934 3029
151 99 203 128 ίῖδ

667 103 697 131 S.
724 101 898 131 EPIPHANII
912 101 1002 129 ACTA
1023 100 1274 129 BOLLANDIANA.

1732 102 1786 132 £25

150 158 252 193 phanio
276 158 446 186 austeritatis
473 159 675 187 excusationem
699 160 782 187 etiam
815 163 939 195 spectat,
957 160 977 188 A
992 159 1028 185 sit
1038 159 1216 193 Epiphanius,
1232 159 1271 186 sic
1287 158 1356 186 etde
1371 165 1422 185 suo
1437 157 1646 186 Bethlehcmico
1667 163 1784 188 testatur

149 204 220 238 quod
233 204 260 231 in
278 212 329 231 ms.
353 204 540 240 Ultrajectino.
558 214 590 232 ex
614 205 681 233 Vitis
701 206 826 238 Patrum,
848 206 941 233 nescio

148 249 221 276 unde
245 254 395 284 sumptum,
418 251 504 286 reperi
530 251 570 278 sic
600 256 785 279 annotatum:
809 261 817 277 ε
837 252 938 279 Factus

147 296 292 330 episcopus
304 297 392 324 voluit
407 297 446 324 uti
462 297 557 324 eadem
574 297 687 330 duritia,
707 299 778 325 sicut
790 298 816 324 in
834 305 938 330 eremo,

147 341 194 369 sed
210 349 263 369 non
280 343 368 377 potuit
383 348 429 371 :et
441 351 523 371 orans
541 345 667 378 qumsivit
678 352 692 370 a
707 344 773 376 Deo,
789 344 811 371 si
829 348 939 378 propter

146 388 332 422 episcopatum
353 389 512 417 recessisset
532 390 566 416 ab
582 398 614 418 eo
635 391 722 425 gratia
740 389 798 416 Dei.
815 389 938 424 Respon-

146 441 207 460 sum
224 438 265 461 est
281 439 371 461 autem
396 435 420 461 ei
445 436 518 470 quod
539 444 604 468 non,
629 436 692 470 quia
718 437 761 470 pia
788 436 937 463 intentione

145 487 239 507 curam
269 481 407 516 suscepit;
429 482 474 509 sed
497 483 560 517 quia
583 487 647 509 tunc
666 483 774 517 quando
795 483 822 510 in
838 483 936 510 solitu-

145 526 208 553 dine
221 526 283 559 fuit,
300 527 370 555 Deus
396 533 454 555 erat
474 529 526 556 sibi
550 530 676 564 proprius
698 530 818 564 adjutor,
839 530 866 556 in
885 538 935 557 sae-

144 573 205 599 culo
217 577 307 600 autent
326 574 408 600 etiam
434 574 559 601 homines
586 576 799 602 auxiliabantur.
825 576 870 603 Sic
888 576 935 603 lilii

143 619 226 646 israel
247 625 410 654 receperunt
426 628 525 647 manna
548 621 573 647 in
597 621 715 655 deserto,
733 630 876 657 quousque
889 630 935 650 ve-

143 665 234 692 nirent
248 665 274 691 in
292 670 392 692 terram
411 667 612 700 promissionis.
638 677 647 692 ι

179 711 223 737 l5.
242 711 347 738 Colitur
365 711 394 739 S.
416 711 537 739 Hilarion
558 713 589 739 2i
608 712 733 740 Octobris
751 722 758 740 :
777 718 883 741 utvero
896 715 930 742 ad

142 764 205 784 eum
227 756 374 784 identidem
405 758 564 785 recurrebat
587 759 739 793 discipulus
759 767 825 786 suus
846 759 932 795 liesy-

144 803 233 835 chius,
249 811 368 838 eutnque
383 803 416 830 de
434 809 506 831 statu
522 809 579 832 tum
599 806 759 832 monasterii
771 806 813 833 sui
836 806 863 832 in
881 805 931 833 Pa-

141 849 248 876 lmstina
265 853 321 876 tum
341 850 537 884 discipulorum
557 850 657 878 ibidem
674 851 831 878 relictorum
850 859 930 879 cura-

141 894 188 922 bat
220 895 334 922 edocere
360 904 366 921 :
391 896 427 923 ita
455 904 505 924 nec
534 904 630 932 segnes
662 897 773 924 fuerunt
802 898 929 933 discipuli

140 939 286 975 Epiphanii
314 941 341 968 in
363 941 479 969 fovenda
508 948 603 970 mutua
627 951 689 970 cum
722 951 772 971 suo
799 945 929 979 magistro

139 987 397 1019 communicatione,
411 995 472 1015 cum
492 988 536 1015 hic
554 989 671 1016 abesset.
684 989 778 1024 itaque
796 990 822 1017 in
840 990 929 1017 libello

139 1039 178 1058 In
194 1032 257 1059 dicti
275 1032 371 1067 Operis
387 1041 413 1059 n.
433 1033 449 1060 6
462 1034 514 1060 tale
537 1035 601 1068 quid
618 1035 773 1062 invenitur:
791 1045 799 1060 ί
818 1035 928 1063 Manda-

140 1082 197 1104 tum
213 1084 253 1105 est
270 1083 370 1106 sanetm
386 1080 525 1106 memoria:
550 1079 703 1115 Epiphanio
726 1082 856 1116 episcopo
875 1082 929 1117 Cy—

139 1124 211 1158 prio,
239 1125 274 1151 ab
303 1125 400 1152 abbate
427 1126 585 1152 monasterii
611 1126 653 1152 sui
681 1127 755 1160 quod
783 1127 877 1153 habuit
901 1128 927 1154 in

139 1170 282 1197 Palaestina
302 1179 307 1196 :
330 1170 400 1203 Quia
413 1171 585 1198 orationibus
602 1172 656 1198 tuis
678 1180 732 1198 nou
758 1173 927 1207 negieximus

139 1216 272 1251 regulam,
294 1216 340 1243 sed
366 1224 427 1242 cum
449 1217 633 1244 sollicitudine
651 1217 783 1250 Tertiam,
804 1217 926 1252 Sextam,

139 1260 256 1292 Nonatn,
278 1265 359 1295 atrtue
383 1260 526 1295 Vesperant
549 1262 730 1290 celebramus.
754 1263 800 1291 ille
825 1268 927 1297 autem,

138 1307 341 1340 reprehendens
358 1314 432 1339 eum,
451 1307 590 1334 mandarit
603 1308 628 1334 ei
647 1317 654 1335 :
673 1308 788 1337 Constat
811 1317 859 1337 vos
879 1318 929 1337 va—

138 1359 202 1379 care
216 1351 250 1378 ab
274 1352 397 1378 oratione
419 1353 526 1380 eteteris
557 1353 647 1386 horis;
671 1362 733 1381 eum
763 1361 853 1382 autem
881 1357 929 1390 qui

139 1405 218 1424 verus
245 1403 287 1424 est
311 1398 473 1429 monachus.
504 1403 612 1433 oportet
636 1399 695 1426 sine
724 1400 929 1428 intermissione

139 1450 219 1469 orare
243 1447 289 1469 aut
311 1448 384 1470 certe
408 1443 522 1478 psallere
546 1444 572 1470 in
597 1445 679 1472 corde
705 1453 766 1472 suo.
788 1455 797 1470 ι
825 1445 928 1473 Revisit

138 1488 210 1516 haud
240 1489 321 1516 dubie
355 1490 552 1517 monasterium
581 1491 647 1518 illud
675 1499 755 1519 suum
781 1492 927 1526 aliquando

138 1534 317 1570 Epiphanius,
350 1536 459 1570 quando
479 1536 728 1564 ecclesiasticorutn
755 1538 925 1573 negotiorum

138 1589 220 1609 causa
239 1582 264 1608 in
289 1581 460 1609 Palrestinam
479 1583 599 1610 excurrit
616 1592 622 1610 :
640 1584 686 1611 sed
706 1583 765 1618 ejus
790 1585 829 1612 rei
853 1585 926 1611 nulla

138 1628 263 1663 estapud
291 1629 417 1663 probatos
447 1629 594 1664 scriptores
621 1630 765 1657 memoria.
790 1630 925 1663 Quantam

137 1679 228 1701 autem
246 1679 303 1701 tum
318 1674 352 1701 ila
369 1683 530 1708 excurrens,
549 1681 606 1702 tum
630 1680 710 1703 antea
732 1677 759 1703 in
781 1677 926 1705 Palasstina

137 1720 241 1752 vivens,
260 1720 398 1755 collegerit
411 1721 544 1749 absoluta:
559 1722 738 1757 perfectionis
753 1722 864 1755 famam,
882 1724 925 1751 in-

137 1767 221 1800 telligi
238 1771 326 1802 potest
341 1775 373 1794 ex
387 1767 501 1801 epistola
517 1767 609 1794 Acacii
622 1772 648 1794 et
662 1768 737 1795 Pauli
754 1769 925 1804 presbytero-

137 1820 198 1839 rum
215 1818 241 1838 et
257 1811 536 1838 archimandritarum
555 1812 582 1838 in
598 1812 758 1847 lecsyria,
777 1821 837 1848 qua:
856 1822 926 1849 prae—

137 1856 228 1892 ﬁgitur
243 1856 359 1884 Panario
370 1862 397 1885 et
413 1859 452 1885 sic
464 1858 559 1892 incipit
572 1866 578 1883 :
592 1868 600 1883 ‹
615 1858 724 1886 Pietatis
737 1860 846 1894 quidem
863 1865 925 1894 true,

137 1903 228 1936 Pater,
254 1908 380 1938 aspectus
402 1904 459 1939 ipse
487 1905 554 1932 satis
575 1913 636 1932 esse
658 1910 773 1939 poterat,
798 1907 845 1941 qui
875 1914 925 1935 nos

138 1950 327 1984 spirituaiibus
354 1951 528 1978 sermonibus
553 1951 684 1985 implevit,
712 1959 743 1979 ac
765 1956 820 1978 tam
842 1953 926 1980 vehe-

138 2003 214 2023 mens
240 1996 278 2023 tui
297 1996 375 2023 nobis
391 1997 558 2023 desiderium
580 1998 689 2031 indidit,
714 2003 858 2033 postquam
879 2004 925 2028 tuo

137 2043 221 2070 semel
239 2042 290 2069 frtri
307 2048 452 2077 conspectu
468 2043 556 2070 licuit.
578 2043 678 2071 Verum
702 2046 832 2079 quoniam
857 2054 926 2082 prae-

136 2088 179 2114 via
197 2088 323 2123 discipuli
335 2087 435 2115 Christi
449 2088 521 2115 fama
541 2089 688 2116 verborum
703 2091 762 2125 cjus
779 2091 927 2120 factorum-

137 2141 190 2168 que
199 2134 376 2168 fragrantiam
392 2134 493 2169 ubique
509 2135 648 2169 praedicat.
661 2137 735 2171 angit
748 2145 799 2164 nos
813 2142 840 2165 et
849 2138 924 2165 solli-

995 205 1187 241 Hieronymns,
1215 205 1280 233 illuc
1301 212 1363 232 eum
1388 205 1546 238 accessisse,
1565 215 1575 230 ι
1592 213 1654 233 cum
1671 216 1681 232 ι
1697 206 1734 234 ibi
1748 207 1784 235 ab

992 252 1088 278 ardore
1104 251 1185 279 febris
1204 261 1213 277 ε
1234 252 1398 286 respirasset
1415 260 1424 276 ι
1445 250 1473 278 S.
1487 251 1582 283 Paula,
1604 261 1613 277 ε
1642 257 1669 279 et
1682 253 1783 280 medici

991 298 1189 332 persuaderent
1215 299 1250 324 ob
1275 297 1452 324 refectionem
1477 297 1600 332 corporis
1626 297 1690 325 vino
1711 305 1782 333 opus

990 352 1051 371 esse
1064 344 1138 370 tenui
1150 349 1177 371 et
1195 351 1286 378 parco,
1304 351 1338 370 ne
1356 351 1454 377 aquam
1473 343 1570 371 bibens
1585 344 1610 370 in
1633 344 1782 380 hydropem

989 394 1158 422 verteretur;
1172 394 1198 416 et
1213 396 1263 424 ego
1278 388 1348 415 ciam
1362 388 1469 416 beatum
1484 397 1580 424 papam
1595 390 1778 425 Epiphanium

989 430 1133 470 rogarem,
1147 440 1176 462 ut
1193 443 1253 462 eam
1270 439 1404 468 moneret,
1420 435 1477 462 imo
1491 436 1667 470 compelleret
1682 436 1777 464 vinum

988 482 1092 509 bibere.
1115 492 1123 508 ι
1146 482 1246 509 Aderat
1272 489 1337 516 ergo
1363 482 1400 508 ibi
1423 486 1479 508 tum
1503 481 1672 517 Epiphanius
1693 491 1700 509 :
1724 490 1779 517 quo

989 533 1078 555 autem
1104 536 1232 556 successu
1256 528 1476 555 commendatum
1502 528 1552 554 sibi
1573 528 1688 555 cilicium
1707 528 1779 563 apud

987 573 1100 600 Paulam
1111 574 1207 609 egerit,
1220 574 1395 608 prosequitur
1413 574 1483 601 idem
1504 574 1697 609 Hieronymus,
1713 582 1779 601 con-

986 619 1098 646 tinuans
1108 619 1250 653 epistolam
1262 618 1296 644 27
1309 619 1343 645 ad
1358 618 1445 653 ﬁliam
1464 618 1556 646 Paula.-
1581 618 1754 646 Eustochium
1766 627 1777 646 :

989 675 998 691 ε
1015 666 1072 697 illa,
1089 665 1186 699 inquit,
1206 669 1236 691 ut
1250 669 1308 691 erat
1331 665 1451 700 prudens
1479 669 1506 692 et
1528 665 1635 693 solertis
1663 665 1776 700 ingenii,

985 711 1070 738 sensit
1085 711 1208 742 insidias,
1224 715 1252 738 et
1267 711 1423 742 subridens,
1443 718 1532 738 meum
1555 718 1616 738 esse
1639 711 1712 746 quod
1731 711 1777 740 ille

984 757 1096 788 diceret,
1111 756 1258 784 intimavit.
1272 757 1342 790 Quid
1363 758 1460 791 plura?
1481 765 1543 785 eum
1564 758 1661 786 beatus
1684 759 1777 794 ponti-

984 803 1028 830 fcx
1046 807 1108 838 post
1125 803 1211 830 multa
1226 803 1399 830 hortamenta
1415 804 1516 831 exisset
1543 803 1626 837 foras,
1642 805 1774 839 quaerenti

982 849 1048 875 mihi
1068 848 1131 883 quid
1147 848 1259 883 egisset,
1286 849 1428 883 respondit
1445 858 1452 876 :
1468 848 1584 876 Tantum
1608 849 1721 884 profeci,
1745 854 1776 877 ut

982 893 1041 920 serti
1059 893 1162 920 homini
1179 901 1248 928 pene
1267 894 1445 926 persuaserit,
1466 902 1500 921 ne
1525 895 1619 922 vinum
1641 895 1741 922 bibam.
1761 905 1772 922 ι

981 939 1082 966 Eadem
1098 939 1125 965 in
1149 939 1262 973 epistola
1281 939 1378 966 iterum
1401 939 1546 975 Epiphanii
1563 941 1686 968 meminit
1706 940 1771 968 Hie-

982 991 1127 1018 ronymus,
1141 992 1191 1011 nec
1206 984 1268 1011 sine
1279 985 1670 1013 commendatione‘monastiei
1686 990 1773 1013 status

984 1029 1064 1055 abeo
1079 1030 1104 1056 in
1122 1029 1212 1065 Cypro
1224 1031 1376 1066 propagati.
1391 1031 1459 1058 Cum
1475 1031 1547 1058 enim
1559 1032 1683 1064 dixisset,
1699 1032 1774 1067 quod

980 1080 1074 1102 sancta
1097 1076 1142 1102 illa
1169 1076 1248 1102 vidua
1273 1076 1487 1112 Hierosolymam
1510 1077 1653 1111 navigans,
1675 1087 1685 1104 ‹
1711 1083 1773 1113 post

981 1120 1105 1148 Rhodum
1134 1126 1162 1148 et
1187 1121 1296 1157 Lyciam
1328 1123 1435 1149 tandem
1465 1123 1533 1151 vidit
1559 1123 1698 1159 Cyprum,
1726 1124 1772 1151 ubi

981 1168 1067 1195 sancti
1081 1173 1107 1195 et
1122 1168 1286 1195 venerabilis
1308 1169 1452 1203 Epiphanii
1478 1170 1592 1202 pedibus
1613 1170 1766 1204 provoluta,

980 1212 1072 1240 decem
1094 1213 1173 1240 abeo
1187 1213 1284 1240 diebus
1308 1218 1412 1241 retenta
1433 1219 1489 1247 est;
1511 1223 1563 1241 non
1588 1215 1614 1241 in
1642 1215 1769 1242 refectio-

980 1267 1052 1291 nem,
1072 1264 1101 1286 ut
1125 1259 1171 1286 ille
1196 1260 1391 1292 arbitrabatur,
1411 1261 1458 1288 sed
1483 1261 1510 1288 in
1533 1269 1603 1296 opus
1622 1261 1668 1288 Dei
1686 1270 1692 1288 :
1715 1271 1724 1288 ι
1742 1267 1773 1290 ut

981 1305 1033 1332 hoc
1048 1305 1138 1339 reipsa
1159 1306 1328 1340 comprobet.
1348 1315 1358 1331 ‹
1378 1307 1480 1338 omnia,
1504 1307 1602 1343 inquit,
1626 1308 1698 1336 illius
1719 1308 1772 1336 loci

980 1352 1145 1378 monasteria
1166 1351 1299 1385 lustrans,
1316 1357 1399 1387 prout
1421 1354 1519 1388 potuit,
1537 1354 1677 1388 refrigeria
1694 1362 1772 1382 sum-

979 1400 1076 1430 ptuum
1089 1396 1221 1424 fratribus
1240 1397 1395 1432 dereliquit,
1411 1405 1481 1433 quos
1505 1406 1582 1425 amor
1611 1399 1697 1427 sancti
1720 1400 1771 1427 viri

979 1442 1013 1469 de
1026 1447 1082 1469 toto
1098 1443 1162 1470 illuc
1177 1443 1243 1470 orbe
1263 1444 1442 1471 conduxerat.
1465 1454 1474 1470 ι
1497 1444 1562 1471 Erat
1577 1449 1668 1472 autem
1683 1454 1773 1474 annus

980 1489 1033 1516 584
1047 1489 1156 1524 quando
1172 1489 1223 1516 hoc
1237 1490 1360 1524 contigit,
1373 1491 1413 1517 uti
1427 1490 1462 1517 26
1476 1490 1599 1518 Januarii
1622 1492 1655 1518 ad
1683 1491 1772 1518 Vitam

977 1533 1008 1561 S.
1025 1534 1121 1561 Paulw
1139 1535 1258 1563 diximus
1287 1544 1294 1562 :
1315 1536 1386 1570 apud
1407 1544 1489 1571 quam
1508 1537 1578 1564 idem
1600 1537 1629 1564 S.
1652 1537 1771 1573 Epipha-

977 1579 1040 1607 nius
1059 1579 1152 1607 Romie
1165 1585 1223 1606 erat
1240 1581 1393 1616 hospitatus
1405 1589 1479 1608 anno
1489 1582 1552 1615 582,
1570 1583 1680 1617 quando
1694 1592 1768 1617 eum,

976 1632 1038 1652 cum
1062 1625 1164 1652 sanctis
1191 1620 1307 1653 Paulino
1333 1627 1505 1654 Antiochcno
1530 1633 1558 1655 et
1585 1628 1761 1665 Hieronymo,

980 1680 989 1696 ‹
1018 1670 1132 1698 Romam
1157 1672 1343 1699 ecclesiastica
1379 1675 1463 1701 traxit
1490 1675 1656 1707 necessitas,
1687 1685 1696 1701 I
1728 1676 1767 1703 uti

977 1717 1059 1744 etiam
1077 1717 1174 1745 scribit
1191 1717 1373 1753 Hieronymus
1389 1719 1417 1745 in
1428 1719 1521 1746 eadem
1541 1719 1601 1746 Vita
1614 1720 1643 1748 S.
1657 1720 1767 1754 Paulw;

977 1762 1078 1790 addens
1097 1763 1171 1798 quod
1187 1763 1245 1790 hate
1261 1773 1270 1789 ι
1292 1771 1388 1790 eorum
1410 1772 1525 1792 accensa
1546 1765 1702 1799 virtutibus,
1722 1775 1770 1802 per

977 1812 1115 1836 momenta
1138 1810 1252 1844 patriam
1269 1810 1395 1837 deserere
1411 1811 1563 1846 cogitabat;
1588 1821 1641 1840 non
1658 1813 1767 1845 domus.

977 1863 1031 1882 non
1043 1855 1202 1889 liberorum,
1214 1863 1268 1882 non
1282 1855 1401 1888 familiae,
1416 1865 1470 1884 non
1485 1858 1700 1892 possessionum,
1714 1867 1768 1887 non

977 1902 1094 1936 alicujus
1109 1903 1148 1929 rei
1167 1910 1227 1936 quae
1244 1903 1277 1930 ad
1301 1903 1430 1930 saeculum
1450 1903 1565 1938 pertinet
1584 1912 1705 1939 memor;
1721 1913 1767 1933 so-

976 1948 1056 1983 laque
1072 1949 1094 1975 si
1109 1949 1162 1976 dici
1177 1953 1268 1984 potest
1281 1954 1308 1976 et
1323 1950 1494 1983 incomitata,
1512 1951 1545 1977 ad
1565 1959 1687 1979 eremum
1700 1952 1768 1979 Pau-

976 1994 1065 2021 iorum
1090 1999 1172 2030 atque
1194 1995 1377 2023 Antoniorum
1399 2004 1511 2032 pergere
1533 1998 1666 2031 gestiebat
1684 2008 1691 2025 :
1707 2003 1769 2026 tan-

977 2041 1093 2075 demque
1107 2047 1200 2068 exacta
1214 2041 1314 2075 hieme,
1336 2048 1428 2077 aperto
1444 2043 1524 2075 mari,
1543 2043 1719 2072 redeuntibus
1734 2045 1767 2072 ad

976 2087 1107 2114 ecclesias
1124 2095 1189 2114 suas
1201 2088 1347 2122 episcopis,
1362 2092 1389 2115 et
1402 2088 1461 2122 ipsa
1478 2094 1539 2115 voto
1552 2096 1613 2116 cum
1628 2090 1668 2117 eis
1680 2097 1712 2118 ac
1721 2091 1768 2118 de-

978 2133 1078 2160 siderio
1095 2133 1242 2167 navigavit.
1259 2143 1268 2159 ι
1288 2133 1355 2160 Tatn
1371 2133 1465 2161 edicax
1480 2135 1550 2169 apud
1567 2143 1627 2163 eam
1649 2135 1700 2164 fuit
1715 2137 1767 2165 ho-

137 2182 214 2212 citat,
240 2185 270 2207 ut
290 2180 362 2207 illius
387 2188 438 2208 nos
460 2181 634 2208 sermonibus
657 2186 684 2208 et
708 2183 796 2210 sensis
815 2183 923 2218 explere

981 2179 1055 2214 spitis
1068 2179 1284 2213 sanctissitnipia
1292 2180 1474 2208 conversatio.

137 2225 306 2254 stndeamus.
326 2225 424 2252 Coram
442 2226 525 2260 igitur
542 2227 685 2258 adeuntes,
703 2236 753 2262 par
773 2234 832 2255 erat
851 2229 923 2263 ejus,

138 2278 198 2305 quat
210 2271 235 2297 in
253 2275 277 2297 to
299 2271 411 2305 perinde
436 2276 518 2306 atque
543 2276 570 2298 tn
594 2273 726 2306 apostolis
752 2278 803 2305 est,
831 2275 926 2308 gratiae

136 2316 329 2342 communione
351 2315 490 2350 perfundi.
519 2316 571 2344 Sed
591 2324 654 2344 cum
676 2318 728 2345 iter
755 2319 820 2346 illud
845 2320 924 2348 nobis

135 2363 259 2396 corporis
285 2363 415 2396 aegritudo
429 2367 455 2389 et
472 2363 589 2397 languor
611 2363 852 2392 intereiuserit.....
868 2366 926 2400 pie-

137 2413 218 2434 tatem
235 2412 307 2434 tuam
325 2409 498 2435 vehementer
512 2417 672 2441 exoramus,
692 2415 720 2437 ut
737 2418 829 2438 eorum
847 2411 925 2439 nobis

137 2453 355 2480 communionem
372 2461 406 2480 ne
426 2454 558 2487 invideas,
577 2463 638 2489 quae
652 2455 678 2482 iu
694 2460 718 2482 te
735 2461 799 2483 sunt
822 2464 836 2483 a
863 2455 924 2483 Sai-

137 2503 229 2525 vatore
242 2497 350 2524 collata.
367 2496 472 2524 Etenitn
490 2506 542 2524 non
566 2506 617 2525 nos
640 2499 690 2534 ipsi
712 2500 812 2532 soltnn,
831 2500 878 2526 sed
899 2503 925 2527 et

138 2544 257 2571 universi
275 2543 321 2577 qui
347 2543 503 2574 audierunt,
522 2551 620 2570 novum
638 2549 663 2571 te
682 2545 834 2578 apostolum
853 2552 924 2580 prte-

138 2597 288 2624 conemque
311 2589 486 2620 conlilentur,
510 2596 525 2615 a
547 2588 656 2617 Christo
676 2591 753 2617 nobis
775 2591 825 2618 hac
846 2596 925 2618 aelate

138 2634 311 2670 productum,
327 2634 401 2660 velut
429 2634 544 2660 alterum
569 2635 715 2668 quemdam
736 2635 879 2667 Joannem,
896 2641 926 2663 ut

138 2689 170 2707 ea
185 2680 345 2715 praeciperes
361 2687 422 2714 qua:
439 2680 571 2707 Servanda
589 2686 654 2708 sunt
672 2682 714 2712 iis.
736 2682 782 2716 qui
806 2683 832 2708 in
859 2683 924 2710 illud

140 2725 212 2759 quod
241 2725 408 2759 arripuimus
434 2725 580 2752 sanctioris
607 2727 668 2753 vita:
700 2727 866 2754 curriculum
895 2736 924 2755 se

139 2771 316 2798 commisero
355 2780 365 2797 ι

179 2815 223 2844 lt.
239 2815 275 2844 Ut
291 2821 381 2845 autem
397 2816 443 2845 illa
462 2817 628 2846 monasteria
645 2817 672 2845 in
687 2817 834 2854 Ctelesyria
856 2819 924 2848 invi-

1275 2236 1389 2263 CAPUT
1411 2237 1454 2265 ill.

975 2281 1139 2308 Libet-alitus
1156 2281 1303 2317 Epiphmtii
1318 2291 1380 2317 erga
1404 2290 1530 2317 pauperes
1550 2292 1560 2310 .'
1583 2289 1684 2312 mutum
1699 2285 1767 2313 inter

1034 2325 1093 2342 eum
1109 2323 1132 2343 et
1148 2316 1279 2344 Joannem
1298 2317 1571 2353 liicrosolgmimnum
1582 2320 1704 2354 querelm.

1011 2363 1055 2389 ’15-
1072 2362 1100 2389 Si
1116 2370 1168 2397 qua
1181 2363 1325 2390 lidesesset
1338 2364 1580 2399 pseudepigraphis
1597 2365 1625 2392 S.
1644 2365 1764 2401 Epipha-

977 2408 1014 2434 nii
1027 2408 1112 2439 Actis,
1128 2408 1272 2435 dicendum
1288 2408 1366 2441 foret,
1385 2409 1541 2437 ordinatum
1561 2411 1646 2439 fuisse
1661 2413 1765 2446 episco-

976 2461 1052 2488 pum,
1069 2458 1180 2488 propter
1196 2454 1391 2481 reveiationem
1404 2455 1437 2482 de
1455 2463 1488 2482 eo
1504 2456 1604 2483 factam
1619 2456 1647 2484 S.
1662 2456 1764 2492 Pappo,

975 2499 1103 2533 episcopo
1116 2499 1225 2534 Cytrim,
1238 2501 1333 2534 quinto
1348 2508 1363 2526 a
1376 2500 1513 2528 Salamina
1523 2502 1662 2536 milliaria,
1679 2510 1765 2529 anuo-

976 2553 1036 2572 rum
1056 2546 1254 2580 quinquaginta
1272 2546 1430 2581 episcopatu
1447 2552 1474 2574 et
1494 2548 1676 2576 confessionis
1700 2556 1763 2576 cnm

976 2590 1084 2617 Gelasio
1110 2590 1320 2619 Salaminiorum
1339 2593 1466 2627 episcopo
1486 2593 1568 2621 obitae
1589 2595 1675 2629 gloria
1697 2602 1764 2629 prte-

976 2637 1093 2668 ceiienti,
1110 2637 1153 2664 cui
1178 2639 1357 2672 metropolita:
1382 2640 1445 2666 novi
1468 2640 1685 2675 designationem
1707 2641 1765 2676 epi-

976 2683 1050 2717 scopi
1062 2683 1150 2709 eaeteri
1166 2684 1347 2718 provinciales
1361 2687 1567 2713 commiserant.
1579 2686 1617 2714 De
1630 2686 1658 2713 S.
1673 2686 1764 2721 Pappo

977 2729 1084 2764 quidem
1101 2730 1169 2756 satis
1189 2735 1305 2762 constat,
1325 2739 1386 2758 eutn
1403 2733 1483 2759 hodie
1502 2740 1612 2767 quoque
1625 2734 1696 2767 apud
1712 2733 1764 2768 Cy-

976 2775 1051 2810 prios
1067 2775 1117 2801 coli
1135 2782 1185 2809 pro
1198 2780 1305 2810 saneto,
1329 2781 1382 2804 sub
1406 2778 1521 2813 ejusque
1541 2778 1652 2805 nomine
1675 2778 1763 2806 adhuc

977 2828 1088 2849 manere
1103 2821 1232 2856 oppidum
1246 2823 1318 2857 quod
1333 2823 1392 2857 ejus
1405 2824 1470 2852 olim
1496 2824 1549 2852 fuit
1568 2824 1761 2860 episcopatus:
