1934 3029
160 144 213 172 125

656 144 685 171 S.
703 143 872 171 EPIPIIANII
894 143 1256 171 ACTA‘BOLLANDIANA.

1736 142 1788 168 ﬁt}

162 204 233 230 diem
255 203 338 230 annui
363 203 452 231 cultus
476 203 565 230 adhuc
591 203 754 238 ignoramus
777 209 804 230 et
825 208 951 237 optamus
966 205 988 232 Α
1004 203 1102 236 salvat,
1122 203 1236 230 alterum
1255 206 1356 232 autem,
1375 201 1438 235 quia
1457 204 1483 227 et
1505 200 1562 234 ipse
1576 206 1631 226 non
1650 198 1786 226 modicam

163 249 270 276 discere
284 257 290 275 :
306 249 339 275 de
361 248 468 276 Gelasio
482 249 546 275 alibi
569 249 634 275 nihil
656 244 785 283 legimus;
811 256 899 283 neque
918 253 948 275 ut

163 302 227 321 vere
244 293 456 321 Salaminiorum
477 296 620 330 cpiscopus
641 294 734 326 fuerit,
760 295 783 321 ei
809 295 949 322 credimus

164 341 330 368 successisse
354 341 551 376 Epiphanium;
570 341 617 369 sed
634 342 726 376 potius
752 341 879 373 Auxibio,
902 341 949 376 qui

165 386 235 413 inter
259 386 372 421 Cyprios
397 387 537 421 episcopos
561 387 704 414 duodecim
732 387 839 422 (habuit
860 391 948 413 autem

166 432 254 458 insula
270 431 418 459 universim
435 433 603 467 episcopales
620 433 699 460 sedes
716 433 883 468 quindecim)
900 440 951 458 no-

167 478 288 505 minatur
301 486 316 505 a
331 478 359 505 S.
377 479 525 505 Athanasio
539 480 651 513 primus.
668 487 762 506 eorum
776 479 822 514 qui
840 478 952 514 synodi-

167 532 226 552 cam
241 525 410 552 Sardicensis
425 526 612 552 conciliianno
623 526 674 552 547
681 526 865 560 subsignanth
877 529 952 560 post-

166 578 200 597 ea
226 571 426 605 approbarunt;
443 571 579 600 autillius.
603 571 625 598 si
640 572 709 598 alius
719 571 950 605 quisintercessit,

170 616 330 643 successori.
351 616 390 643 Eo
408 621 528 650 tempore
540 622 659 651 coeperat
672 617 760 643 insula
778 624 836 642 cum
861 616 891 643 S.
906 615 953 641 lii-

171 662 276 689 larione
293 663 443 689 monachos
457 662 538 688 etiam
553 670 634 689 nosse
648 671 655 689 :
669 662 797 689 credibile
812 666 902 688 tamen
913 666 955 688 est

171 707 206 734 ab
215 707 356 742 Epipltanii
367 707 536 734 institutione
544 712 570 733 et
581 715 644 734 cura
659 707 784 741 pleraque
791 714 886 733 eorum
896 713 954 732 mo—

172 753 355 780 nasteriorum
372 758 459 779 erecta
473 752 630 786 directaque
641 752 735 782 fuisse,
747 759 862 786 quorum
872 758 954 785 supra

172 799 363 827 meminimus:
380 799 447 825 adeo
466 802 496 825 ut
514 798 610 825 merito
628 798 768 832 scripserit
787 797 956 824 Sozomenus

172 845 206 872 de
221 844 373 879 Epiphanio
388 844 435 871 lib.
455 852 559 878 Vt,cap.
578 844 623 876 3'2,
636 844 706 878 quod
725 853 734 868 ι
757 843 784 869 in
806 843 955 869 monastica

173 890 315 925 disciplina
333 889 526 916 celeberrimus
541 889 644 916 exstitit
654 893 681 914 et
696 887 829 923 (Egyptiis
843 892 870 914 et
880 887 962 913 Palae-

174 935 277 967 stiniis,
289 935 437 969 etdenique
445 935 552 970 Cypriis
565 934 635 968 apud
645 942 714 968 quos
722 935 823 961 electus
837 938 916 961 estut
932 933 959 960 in

176 981 318 1016 metropoli
344 980 427 1008 totius
442 981 537 1008 insula:
550 981 734 1015 episcopatum
748 979 958 1006 administraret.

212 1027 257 1054 16.
276 1026 345 1054 Dum
358 1027 431 1054 hunc
447 1031 561 1061 gereret,
578 1035 587 1050 ε
609 1025 693 1052 multa
710 1025 747 1052 illi
768 1025 898 1052 miracula
913 1025 962 1051 tri-

176 1072 310 1104 buuntur,
322 1079 355 1099 ex
371 1072 471 1107 quibus
486 1071 553 1098 illud
568 1071 600 1098 ad
615 1071 741 1098 notitiam
756 1075 879 1098 nostram
900 1077 962 1105 per-

177 1119 262 1152 vertit,
278 1128 288 1144 ι
307 1118 396 1153 inquit
409 1118 479 1146 idem
501 1117 670 1144 Sozomenus
690 1117 737 1144 lib.
759 1124 808 1148 vlt,
833 1124 892 1151 cap.
915 1116 961 1144 27.

181 1174 191 1190 ε
208 1164 277 1191 Cum
292 1164 411 1191 liberalis
428 1169 500 1191 esset
515 1171 577 1198 erga
592 1171 736 1198 pauperes,
760 1163 806 1197 qui
832 1163 873 1189 vel
894 1170 964 1189 nau-

179 1210 266 1245 fragio
284 1211 325 1238 vel
340 1211 393 1237 alio
416 1210 544 1245 quopiam
567 1217 632 1236 casu
657 1209 690 1236 ad
714 1209 832 1243 inopiam
860 1209 962 1236 redacti

178 1262 280 1290 essent,
300 1257 429 1292 quoniam
446 1256 589 1284 facultates
606 1263 670 1283 suas
680 1256 735 1290 jam
750 1255 852 1290 pridem
869 1263 963 1282 onmes

180 1303 379 1337 absumpserat,
404 1302 524 1329 ecclesiae
538 1302 617 1329 bonis
631 1302 676 1328 ubi
696 1309 762 1336 opus
785 1305 843 1328 erat
860 1301 964 1335 prolixe

180 1357 247 1376 usus
262 1352 323 1376 est:
340 1352 400 1375 erat
416 1352 505 1375 autem
524 1348 728 1383 opulentissima
752 1348 812 1381 ejus
837 1347 962 1374 ecclesia.

181 1394 257 1421 Multi
271 1394 343 1422 enim
356 1401 389 1421 ex
404 1395 492 1421 variis
508 1394 630 1428 partibus
647 1394 732 1426 Orbis,
755 1393 801 1428 qui
816 1401 882 1427 opes
901 1400 966 1420 suas

182 1439 209 1467 in
226 1441 284 1475 pios
312 1447 377 1467 usus
402 1440 557 1474 impendere
580 1439 735 1472 studebant,
755 1445 783 1466 et
807 1440 966 1473 superstites

183 1485 241 1520 ejus
263 1486 386 1514 ecelesim
398 1494 444 1514 eas
458 1485 658 1520 impendebant,
675 1490 702 1512 et
720 1486 866 1512 morientes
879 1484 966 1511 eidem

184 1531 575 1568 relinquebant.Conlidebant
591 1532 662 1558 enim
688 1532 773 1563 illum,
803 1535 896 1566 utpote
922 1531 968 1566 qui

184 1577 286 1612 probus
301 1577 472 1612 dispensator
487 1576 590 1611 Deique
605 1577 812 1604 amantissimus
830 1582 911 1609 esset,
925 1583 969 1603 res

185 1625 219 1651 ab
229 1624 295 1658 ipsis
312 1624 425 1651 donatas
442 1632 474 1650 ex
490 1624 610 1658 ipsorttm
629 1623 763 1650 sententia
777 1631 810 1650 ac
829 1623 967 1650 voluntate

185 1675 371 1705 erogaturum.
395 1669 518 1702 Quodam
548 1669 630 1704 igitur
654 1675 773 1704 tempore
796 1676 857 1696 cum
878 1675 972 1703 pauca),

186 1716 332 1743 admodum
362 1716 484 1751 pecuniae
515 1719 707 1749 superessent,
743 1715 819 1742 aiunt
851 1714 972 1742 ecclesiae

187 1769 361 1789 mconomum
391 1762 590 1792 SUCCeﬂSlliSSC,
616 1769 734 1796 eumque
758 1765 888 1795 tanquam
908 1767 973 1795 1)Γο-

187 1808 279 1843 digum
292 1799 498 1843 reprehendisse
512 1817 518 1834 :
534 1807 610 1834 illum
628 1815 703 1838 vero,
723 1814 757 1834 ne
776 1811 832 1834 tum
850 1807 971 1841 quidem,

188 1855 222 1882 de
246 1854 323 1881 solita
352 1861 415 1889 erga
444 1861 574 1888 pauperes
603 1852 789 1880 munificentia
822 1853 971 1881 remisisse.

189 1899 322 1927 Omnibus
341 1905 431 1926 autem
456 1899 635 1933 consumptis,
657 1903 768 1933 repente
793 1900 886 1926 nescio
912 1899 975 1934 quis

190 1947 223 1974 ad
239 1947 406 1978 cubiculum,
434 1946 460 1972 in
483 1953 538 1980 quo
563 1945 678 1980 degebat
704 1952 874 1977 ceconomus,
897 1952 975 1971 acce-

190 1994 268 2023 dens,
285 2000 395 2020 saccum
411 1992 437 2019 in
454 2000 509 2027 quo
525 1992 602 2018 multi
623 1995 702 2018 erant
723 1991 798 2017 aurei
822 1990 925 2017 nummi
948 1990 975 2016 in

192 2048 290 2067 manus
302 2040 327 2066 ei
343 2039 463 2066 tradidit.
481 2039 603 2072 Cumque
621 2046 671 2065 nec
689 2038 711 2065 is
735 2037 781 2072 qui
800 2037 912 2064 dederat
927 2044 977 2063 nec

194 2087 217 2113 is
234 2086 281 2121 qui
295 2086 407 2113 miserat
428 2090 596 2116 nosceretur,
614 2084 804 2118 videreturque
825 2083 921 2118 merito
936 2083 978 2109 in—

195 2134 284 2160 solens
300 2131 501 2166 quemquamin
518 2135 593 2158 tanta
609 2129 884 2165 pecunitelargitione
895 2128 978 2156 latere

194 2180 272 2211 velle,
281 2184 337 2206 tum
347 2187 411 2206 vero
421 2178 540 2205 universi
549 2178 575 2205 id
587 2177 634 2204 Dei
646 2184 715 2211 opus
727 2175 975 2210 essejudicarunt.»

232 2226 274 2252 l7.
290 2225 329 2252 Ita
355 2224 539 2255 Sozomenus,
565 2227 696 2256 tanquam
727 2222 780 2248 hoc
809 2215 1017 2256 alterumqueb

197 2281 259 2300 mox
275 2271 473 2306 subjiciendum
483 2270 570 2296 solum
580 2269 706 2296 distincte
715 2267 852 2302 cognitum
862 2266 980 2300 habens;

198 2319 310 2354 proinde
325 2318 395 2345 nihil
415 2317 505 2344 sciens
519 2316 552 2343 de
566 2314 762 2342 commentitiis
779 2313 832 2340 illis
853 2321 885 2340 ac
904 2321 980 2339 inen-

198 2364 352 2392 dacissimis
377 2363 463 2394 Actis,
482 2362 509 2389 in
533 2361 634 2396 quibus
651 2365 706 2386 tum
731 2359 783 2385 alia
808 2359 891 2385 multa
907 2358 984 2384 valde

200 2410 348 2446 singularia
364 2409 548 2440 continentur,
561 2411 618 2433 tum
634 2406 678 2432 illa
699 2405 758 2439 ipsa
770 2404 825 2431 duo
838 2403 917 2438 longe
934 2403 983 2430 ali-

200 2462 241 2484 ter
257 2459 418 2488 narrantur;
434 2453 508 2489 quod
524 2453 595 2480 idem
621 2451 755 2478 aecidisse
779 2450 885 2476 videtur
906 2448 983 2476 alteri

202 2502 231 2530 S.
250 2500 393 2536 Epiphanii
407 2499 491 2531 facto,
505 2499 584 2533 cujus
604 2497 631 2524 in
653 2496 714 2523 Vita
732 2495 762 2522 S.
780 2494 893 2522 Joannis
912 2494 986 2521 Elae-

202 2546 359 2582 mosynarii,
372 2553 388 2571 a
411 2544 491 2571 nobis
505 2543 570 2570 data
589 2542 624 2569 25
642 2540 776 2572 Januarii,
794 2540 831 2566 ita
861 2538 986 2566 meminit

201 2601 309 2623 coaavus
321 2591 420 2619 Joanni
436 2589 574 2622 Leontius,
591 2587 741 2622 Neapoleos
753 2586 833 2622 Cypri
843 2586 986 2620 episcopus

202 2639 302 2667 saeculo
312 2645 361 2670 vn,
377 2644 406 2663 n.
422 2635 468 2667 55,
483 2641 607 2665 narrans,
625 2633 698 2667 quod
715 2631 872 2659 S.Joannes
887 2641 896 2656 ι
915 2631 988 2658 dicc—

205 2687 251 2714 bat
264 2691 381 2718 semper,
400 2681 473 2716 quod
493 2684 585 2715 posset
610 2679 719 2714 aliquis,
742 2677 891 2704 intentione
907 2676 988 2703 dandi

209 2729 384 2766 pauperibus,
402 2725 557 2761 exspoliare
571 2724 680 2756 divites,
695 2728 724 2751 et
739 2723 827 2758 ipsum
843 2723 925 2750 etiam
941 2722 989 2756 hy-

205 2775 385 2812 pocamisium
401 2773 436 2800 ab
456 2771 496 2799 eis
512 2771 641 2798 benevole
656 2769 774 2801 auferre,
794 2773 820 2796 et
833 2768 950 2795 maxime
966 2767 989 2794 si

206 2825 271 2849 sunt
284 2818 369 2854 aliqui
385 2814 617 2844 immisericordes
636 2818 662 2841 et
682 2814 767 2841 avari.
789 2813 848 2840 Duo
868 2813 941 2840 enim
956 2819 989 2839 ex

207 2866 259 2894 hoc
273 2865 403 2898 lucratur,
423 2869 507 2891 unum
522 2860 632 2902 quidem
648 2859 854 2901 quiamanimas
880 2858 990 2887 illorum

1007 249 1069 276 inde
1084 248 1236 275 mercedem
1257 247 1346 274 habet.
1361 247 1457 273 Attulit
1477 250 1566 272 autem
1584 245 1617 272 ad
1642 244 1789 271 credulita-

1004 299 1058 321 tem
1075 294 1150 320 verbi
1167 297 1194 320 ct
1206 292 1392 320 testimonium
1404 299 1497 323 verax,
1510 291 1582 326 quod
1595 290 1666 318 circa
1686 289 1714 317 S.
1727 289 1791 325 Epi-

1007 340 1136 375 phanium
1152 344 1179 366 et
1200 338 1331 365 Joannem
1362 339 1517 372 episcopum
1539 336 1790 371 Hierosolymorum

1006 385 1109 412 factum
1125 389 1167 412 est
1182 394 1189 412 :
1206 385 1344 419 quomodo
1362 383 1391 410 S.
1405 382 1571 417 Epiphanius
1585 389 1632 416 per
1647 386 1731 408 artem
1748 386 1791 419 tn-

1006 432 1038 458 lit
1049 436 1188 465 argentum
1204 418 1378 465 patriarchae,
1393 428 1518 455 videlicet
1531 427 1644 454 Joannis
1656 418 1790 461 cjusdeni,

1006 482 1032 503 et
1056 477 1128 503 dedit
1155 476 1307 508 egentibus.
1341 485 1349 499 ι
1377 474 1436 500 Alia
1469 477 1543 500 certe
1575 477 1634 499 arte
1665 472 1792 498 utebatur

1008 523 1036 550 S.
1052 522 1170 550 Joannes
1183 521 1431 556 Eleemosynarius,
1459 519 1523 545 dum
1544 518 1689 545 identidem
1707 517 1794 544 dona-

1007 574 1049 595 tas
1065 568 1136 594 ultro
1155 568 1187 594 ad
1208 575 1274 594 sttos
1288 574 1356 594 usus
1375 566 1415 592 vel
1431 565 1512 592 etiam
1530 563 1629 599 petitas
1642 568 1730 590 vestes
1744 571 1794 589 no—

1008 622 1066 645 vas,
1081 614 1221 641 vendendo
1236 621 1268 640 ac
1279 613 1395 647 pretium
1406 610 1596 638 distribuendo
1609 611 1634 636 in
1648 617 1792 644 pauperes,

1011 670 1020 686 ‹
1040 660 1160 687 suaviter
1176 659 1254 694 quasi
1271 658 1453 684 vindemiabat
1476 656 1620 690 opuletttos
1636 655 1759 682 homines
1781 664 1791 680 ›

1008 713 1072 740 erga
1086 713 1116 731 se
1134 703 1270 731 beneficos
1290 712 1296 729 :
1315 710 1396 737 quam
1421 709 1474 736 qua
1499 708 1566 728 usus
1594 700 1706 735 fingitur
1730 699 1794 734 Epi-

1009 750 1138 786 phanius,
1156 749 1202 784 qui
1225 753 1416 783 argenteorum
1436 754 1577 778 vasorum,
1599 746 1672 772 velut
1690 745 1723 773 ad
1746 746 1795 773 ho-

1009 798 1109 831 spitum
1131 795 1312 831 quorumdam
1339 793 1529 820 tractationem
1553 796 1649 819 mutuo
1671 796 1795 827 accepto—

1011 850 1082 873 rum,
1105 850 1113 866 ι
1140 840 1245 875 pondus
1270 839 1399 866 librarum
1431 838 1505 864 mille
1530 838 1756 872 quingentarum,
1782 846 1793 863 ι

976 884 996 910 Β
1012 888 1099 914 inscio
1115 881 1225 914 domino
1248 884 1400 911 vendiderit
1416 883 1631 917 erogaveritque,
1652 891 1683 909 ac
1700 888 1795 917 postea

1013 935 1038 961 in
1059 932 1178 968 episcopi
1196 932 1229 959 de
1250 931 1351 966 injuria
1370 930 1420 957 sibi
1444 929 1513 956 facta
1538 929 1678 964 querentis
1699 929 1795 956 faciem

1012 988 1160 1016 exspuens,
1178 986 1240 1006 eum
1256 976 1441 1005 excaecaverit.

1048 1028 1092 1054 l8.
1113 1025 1179 1052 Tam
1193 1024 1264 1051 enim
1283 1021 1496 1050 circumstantia:
1521 1028 1559 1048 ea:
1583 1020 1657 1047 falsae
1675 1027 1734 1047 esse
1756 1020 1799 1046 vi-

1013 1075 1121 1105 dentur,
1135 1080 1216 1108 quam
1232 1072 1304 1107 quod
1327 1071 1398 1098 idem
1420 1070 1550 1100 Joannes,
1570 1073 1678 1104 recepto
1701 1068 1799 1096 deinde

1015 1120 1047 1147 ad
1063 1126 1156 1154 preces
1173 1117 1316 1152 Epiplianii
1330 1117 1389 1144 visu
1413 1117 1495 1143 unius
1511 1115 1596 1142 solius
1615 1115 1697 1145 oculi,
1724 1124 1732 1140 I
1752 1122 1799 1141 ca-

1017 1165 1134 1199 stigatus
1151 1167 1177 1190 et
1208 1163 1351 1189 convictus
1373 1169 1387 1188 a
1410 1161 1470 1188 viro
1489 1161 1564 1195 justo
1591 1160 1642 1187 fuit
1672 1159 1800 1194 deinceps

1015 1215 1126 1237 sanctus
1141 1210 1167 1236 in
1187 1209 1323 1236 omnibus.
1346 1217 1355 1234 θ
1376 1207 1431 1234 lloc
1447 1215 1513 1235 sane
1529 1208 1561 1234 de
1587 1214 1619 1234 eo
1641 1214 1694 1234 non
1715 1206 1801 1234 sensit

1016 1256 1194 1291 Epiphanius,
1217 1255 1327 1289 quando
1347 1254 1379 1280 ad
1409 1254 1544 1284 enuntiem,
1573 1253 1606 1279 de
1629 1252 1801 1287 Origcnianis

1016 1300 1156 1327 erroribus
1175 1299 1246 1334 apud
1272 1307 1301 1325 se
1324 1303 1494 1333 suspectum,
1520 1303 1547 1325 et
1572 1298 1708 1325 immerito
1732 1297 1802 1324 indi—

1016 1351 1143 1382 gnantem
1160 1346 1224 1380 quia
1243 1344 1272 1371 S.
1287 1344 1443 1380 Hieronymi
1464 1344 1587 1376 fratrem,
1608 1343 1798 1370 Paulinianum

1017 1392 1181 1420 monachum
1203 1391 1261 1426 ipse
1280 1391 1467 1426 presbyterum
1487 1390 1635 1421 ordinarat,
1658 1390 1800 1424 epistolam

1018 1439 1136 1473 scripsit.
1149 1445 1229 1472 quam
1246 1437 1280 1463 ab
1295 1437 1410 1471 ipsomet
1436 1435 1464 1463 S.
1487 1435 1651 1471 Hieronymo
1671 1436 1802 1463 habemus

1019 1483 1166 1511 Latinitate
1180 1483 1319 1515 donatam,
1332 1482 1383 1509 hoc
1392 1482 1525 1517 principio
1540 1490 1547 1509 :
1563 1491 1571 1507 ι
1586 1481 1732 1516 Oportebat
1741 1488 1803 1512 nos,

1020 1529 1204 1561 dilectissime,
1215 1528 1358 1555 clericatus
1370 1527 1472 1554 honore
1489 1535 1543 1554 non
1563 1527 1637 1554 abuti
1657 1527 1692 1553 ob
1710 1534 1806 1560 super-

1021 1575 1103 1608 biam,
1128 1574 1174 1601 sed
1198 1574 1321 1602 custodia
1344 1574 1535 1601 mandatorum
1558 1572 1604 1599 Dei
1629 1577 1655 1599 et
1675 1572 1807 1599 observa-

1021 1621 1095 1648 tione
1108 1620 1269 1655 dignissima
1293 1620 1344 1647 hoc
1365 1627 1425 1647 esse
1444 1619 1516 1654 qttod
1539 1618 1690 1645 dicimur...
1708 1617 1806 1644 Audivi

1020 1668 1092 1694 enim
1112 1667 1184 1702 quod
1200 1672 1305 1694 tumeas
1317 1671 1412 1693 contra
1430 1673 1490 1697 nos,
1506 1669 1533 1692 et
1552 1663 1691 1695 irascaris,
1707 1667 1735 1690 et
1752 1663 1806 1690 mi-

1021 1714 1116 1741 niteris
1143 1713 1261 1740 seriberc
1287 1713 1313 1739 in
1340 1717 1479 1739 extremos
1503 1711 1569 1738 lines
1597 1714 1708 1737 terrae...
1733 1707 1807 1735 Nihil

1022 1757 1071 1785 tibi
1082 1758 1234 1788 nocuimus,
1252 1757 1318 1784 nihil
1336 1757 1442 1791 injuria:
1456 1755 1582 1789 fecimus,
1597 1755 1664 1781 nihil
1677 1755 1808 1781 violenter

1022 1805 1195 1832 extorsimus.
1212 1803 1241 1830 ln
1255 1804 1420 1831 monasterio
1435 1803 1562 1834 fratrum,
1580 1807 1607 1829 et
1628 1801 1742 1828 fratrum
1765 1807 1809 1834 pe-

1022 1851 1206 1885 regrinorum,
1228 1850 1274 1882 qui
1294 1849 1439 1884 provincia:
1463 1853 1516 1876 tua;
1540 1848 1608 1874 nihil
1630 1847 1767 1878 deberent,
1782 1850 1810 1872 et.

1024 1900 1132 1931 propter
1156 1900 1277 1923 nostram
1304 1895 1463 1929 parvitatem
1488 1898 1513 1921 et
1538 1893 1651 1924 litteras,
1678 1900 1746 1927 quas
1775 1891 1809 1918 ad

1025 1951 1072 1969 eos
1083 1943 1179 1970 crebro
1195 1941 1357 1972 direximus,
1377 1949 1410 1967 ne
1427 1940 1584 1967 viderentur
1602 1939 1719 1974 quadam
1733 1937 1810 1965 duri-

1026 1987 1062 2014 tia
1076 1992 1104 2015 et
1118 1986 1284 2014 conscientia
1299 1990 1391 2012 nostra
1409 1985 1527 2018 antiqua:
1547 1983 1609 2010 fidei
1633 1982 1667 2009 ab
1690 1981 1811 2008 Ecclesia

1027 2033 1159 2067 separari,
1179 2032 1365 2059 ordinavimus
1376 2031 1532 2062 diaconutn,
1548 2034 1575 2056 et
1593 2032 1736 2063 postquam
1759 2027 1811 2053 tri-

1028 2078 1153 2105 nistravit
1168 2084 1264 2104 rursus
1280 2075 1468 2110 presbyterum
1485 2081 1586 2107 :supcr
1604 2080 1658 2106 quo
1678 2071 1813 2098 debueras

1028 2122 1174 2158 gratulari,
1202 2121 1354 2155 intelligens
1375 2119 1448 2153 quod
1479 2119 1515 2145 ob
1539 2117 1585 2144 Dei
1611 2117 1736 2143 timorem
1762 2116 1813 2142 hoc

1030 2176 1125 2196 sumus
1139 2167 1228 2194 facere
1239 2165 1431 2200 compulsi.....

1066 2214 1111 2241 19.
1129 2222 1137 2238 ι
1159 2214 1226 2240 Cum
1246 2212 1318 2239 enim
1339 2210 1466 2237 vidissem
1492 2207 1556 2242 quia
1581 2206 1726 2233 multitudo
1750 2214 1813 2233 san-

1032 2265 1138 2288 ctorum
1155 2258 1268 2285 fratrum
1290 2258 1316 2284 in
1339 2255 1505 2284 monasterio
1521 2253 1693 2285 consisteret,
1710 2256 1737 2278 et
1752 2259 1815 2278 san-

1033 2306 1068 2333 cti
1091 2304 1240 2340 presbyteri
1258 2302 1438 2337 Hieronymus
1463 2308 1495 2326 ac
1518 2297 1686 2330 Vincentius,
1707 2301 1817 2332 propter

1033 2350 1226 2378 verecundiam
1240 2353 1267 2376 et
1284 2347 1474 2377 humilitatem,
1498 2344 1594 2371 nolens
1607 2342 1698 2369 debita
1713 2342 1816 2369 nomini

1035 2405 1085 2425 suo
1099 2403 1225 2424 exercere
1241 2393 1385 2425 sacrificia,
1408 2397 1435 2418 et
1459 2390 1583 2417 laborare
1609 2388 1637 2415 in
1666 2389 1716 2415 hac
1741 2393 1818 2422 parte

1036 2441 1180 2470 ministerii
1197 2448 1258 2475 qua:
1270 2438 1486 2466 Cln-iStianorum
1510 2434 1647 2469 pratcipua
1669 2433 1744 2460 salus
1760 2437 1818 2465 est;

1036 2487 1158 2516 invenire
1169 2490 1258 2512 autem
1272 2488 1298 2510 et
1310 2480 1550 2516 comprehendere,
1567 2479 1613 2514 qui
1629 2483 1655 2506 te
1677 2478 1727 2513 (eo
1744 2477 1818 2512 quod

1037 2541 1118 2569 grave
1129 2539 1198 2559 onus
1214 2528 1358 2557 sacerdotii
1371 2527 1453 2554 nollet
1473 2524 1622 2560 suscipere)
1639 2532 1710 2559 saepe
1733 2523 1820 2558 fugie-

1038 2579 1093 2611 bat,
1109 2586 1158 2605 nec
1173 2577 1244 2603 alius
1258 2575 1320 2610 quis
1336 2574 1529 2608 episcoporum
1543 2571 1622 2599 facile
1643 2577 1705 2598 eum
1720 2569 1820 2603 reperi-

1038 2630 1079 2652 ret
1095 2623 1179 2658 (unde
1191 2626 1217 2649 et
1233 2622 1300 2650 satis
1319 2612 1434 2647 miratus
1449 2626 1510 2646 sutn
1527 2616 1665 2652 quomodo
1680 2616 1821 2650 dispensa-

1040 2670 1113 2697 tione
1126 2668 1171 2695 Dei
1191 2668 1224 2695 ad
1243 2675 1292 2694 nos
1304 2667 1409 2693 venerit
1432 2673 1494 2693 cum
1519 2663 1641 2692 diaconis
1665 2660 1822 2688 monasterii

1039 2723 1068 2746 et
1084 2716 1189 2744 caeteris
1203 2715 1343 2746 fratribus,
1364 2718 1394 2740 ut
1409 2713 1475 2739 mihi
1495 2711 1672 2741 satisfaceret,
1693 2708 1756 2742 quia
1778 2715 1822 2734 ne-

1040 2764 1098 2792 scio
1113 2762 1177 2798 quid
1192 2762 1322 2788 adversus
1335 2768 1383 2787 eos
1399 2759 1533 2786 habebam
1551 2755 1677 2787 tristitize)
1689 2761 1764 2786 cum,
1779 2752 1822 2779 in-

1042 2817 1135 2846 quam,
1157 2807 1340 2835 celebraretur
1360 2805 1471 2832 collecta
1488 2803 1515 2830 in
1536 2800 1650 2830 ecclesia
1670 2799 1740 2826 villae
1763 2805 1823 2833 qua

1043 2859 1084 2885 est
1100 2854 1176 2887 iusta
1196 2851 1390 2881 monasterium
1410 2852 1555 2889 nostrum;
1573 2846 1744 2881 ignorantem
1761 2850 1824 2873 cum
