1934 3029
114 95 168 124 127

631 98 659 124 S.
673 96 848 125 EPIPHANH
863 97 952 124 ACTA
974 97 1224 126 BOLLANDlANA.

1694 97 1746 123 1‘28

114 160 143 182 et
157 153 258 182 nullam
274 155 384 191 penitus
407 155 552 184 habentem
569 158 755 193 suspicionem
773 166 820 193 per
834 158 904 185 Inul-
919 161 942 189 Α
959 159 1121 194 indignatio,
1137 168 1186 187 nec
1198 159 1300 186 frustra
1321 159 1457 187 movearis
1474 168 1480 185 :
1499 163 1526 185 et
1550 157 1623 185 aliud
1651 157 1747 184 dolens

114 206 157 228 tos
170 201 300 229 diaconos
312 203 478 237 apprehendi
490 204 637 238 jussimus,
648 209 675 231 et
689 205 773 232 teneri
787 212 819 232 os
833 204 904 239 ejus,

115 255 150 273 ne
164 246 354 276 forteliberari
376 258 405 278 se
423 251 538 285 cupiens
561 251 702 285 adjuraret
724 259 775 278 nos
793 259 840 286 per
860 259 908 278 no-

116 300 178 319 men
196 293 298 321 Christi
317 304 323 321 :
351 300 378 322 et
401 296 519 330 primum
544 297 689 324 diaconum
709 297 906 328 ordinavimus,

116 346 301 373 proponcmes
317 341 341 368 ei
362 341 489 369 timorem
507 342 554 370 Dei
575 352 581 369 :
597 343 675 370 valde
691 343 790 378 quippe
804 343 908 370 obnite-

117 384 208 418 hatur,
225 386 364 422 indignum
379 396 409 415 se
425 396 484 416 esse
497 394 665 417 contestans.
683 389 734 416 Vix
753 397 818 424 ergo
832 397 907 416 com-

118 431 237 463 pulimus
254 440 316 459 eum
340 438 368 460 et
386 434 552 468 persuadere
576 436 716 469 potuimus
744 435 908 462 testimoniis

117 474 323 510 Scripturarum
344 483 371 506 et
388 479 579 506 mandatorum
603 480 662 507 Dei.
685 479 719 506 Et
741 488 803 507 cum
826 480 908 507 mini-

117 525 217 548 straret
238 522 264 549 in
290 523 394 551 sanctis
407 524 559 556 sacriﬁciis,
583 533 680 553 rursus
705 533 780 558 eum,
805 524 908 559 ingenti

117 566 275 594 difﬁcultate
292 573 367 596 tento
391 577 438 596 ore
457 570 527 605 ejus.
552 571 741 598 ordinavimus
766 571 908 606 presbyte-

118 620 192 645 rum,
208 618 235 641 et
251 614 345 642 iisdem
363 616 463 648 verbis,
489 617 589 651 quibus
614 621 693 644 antea
718 625 906 649 suaseramus,

117 658 276 693 impulimus
292 664 321 687 ut
347 661 454 688 sederet
481 661 508 688 in
532 662 627 689 ordine
655 663 814 698 presbyteri.
845 662 909 690 Post

117 704 176 732 haec
204 706 365 740 scripsimus
393 707 426 734 ad
459 713 570 735 sanctos
605 709 779 744 presbyteros
814 717 909 736 mona-

117 751 192 778 sterii
205 756 231 778 et
247 757 358 780 caeteros
372 753 516 785 fratres,et
530 755 732 789 increpavimus
745 763 804 787 eos,
822 763 908 790 quare

117 805 171 824 non
185 798 360 833 scripsissent
373 807 455 834 super
468 808 501 828 eo
522 802 594 836 (cum
609 806 671 828 ante
688 809 789 828 annum
808 802 908 829 multos

961 213 1013 231 non
1031 210 1057 232 te
1071 211 1161 232 vertas
1172 206 1205 233 ad
1223 206 1287 238 alia,
1313 210 1342 232 ut
1361 205 1489 240 peccandi
1511 205 1683 232 occasionem
1706 204 1748 230 in—

960 251 1068 278 venisse
1080 251 1206 284 videaris,
1224 252 1296 286 quod
1311 251 1447 286 Propheta
1459 251 1584 278 devitans
1601 249 1745 276 Dominum

960 302 1097 331 precatur,
1114 298 1229 325 dicens:
1248 297 1310 324 Non
1330 297 1442 324 declines
1454 305 1499 324 cor
1508 304 1594 322 meum
1615 296 1643 321 in
1671 294 1747 321 verba

960 342 1071 368 malitia:
1107 343 1141 368 ad
1170 343 1334 369 excusandas
1364 342 1545 369 excusationes
1575 340 1602 366 in
1633 340 1747 374 peccatis

959 387 1048 422 (Paul.
1064 396 1125 421 CXL,
1139 388 1176 422 4).
1191 398 1200 413 ι
1217 387 1320 423 Nempe
1334 388 1443 415 dolebat
1457 386 1601 416 Joannem,
1615 385 1686 420 quod
1699 393 1748 420 pro

965 433 1138 469 Origeuiame
1155 434 1265 461 lueresis
1288 434 1447 462 defensione
1462 433 1560 460 fuisset
1580 432 1615 459 ab
1632 431 1749 466 Epipha-

960 482 1007 508 nio
1022 486 1183 516 correptus;
1200 486 1226 508 et
1241 488 1273 508 ea
1291 481 1324 508 de
1337 488 1418 507 causa
1433 479 1597 506 dissidentes
1610 478 1644 505 ab
1655 485 1688 504 eo
1701 476 1747 511 qui

960 525 1129 561 Hieronymo
1150 527 1326 554 adhaerebant
1349 526 1509 558 monachos,
1527 526 1585 560 ipse
1608 524 1670 552 'suis
1692 523 1750 558 epi-

961 571 1040 599 stolis
1056 572 1223 606 monitisque
1243 572 1385 598 roboraret
1405 571 1438 598 ad
1457 570 1639 598 constantiam
1658 570 1684 596 in
1703 577 1748 595 re-

961 618 1100 653 pudiando
1128 618 1269 653 Origene;
1299 626 1385 652 eaque
1419 617 1452 644 de
1483 624 1567 644 causa
1598 619 1710 642 vexatos
1733 622 1748 641 a

961 663 1066 692 Joanne
1087 664 1276 692 consolaretur
1292 669 1373 698 atque
1382 663 1500 698 juvaret.

995 711 1041 738 21.
1053 710 1086 737 Et
1102 711 1154 738 hoc
1166 715 1218 742 est,
1232 718 1288 745 quo
1304 710 1403 746 stylum
1424 709 1505 736 vertit
1520 707 1698 742 Epiphanius,
1711 705 1748 732 ita

960 763 1130 791 prosequens
1145 760 1263 790 coeptant
1278 755 1422 789 epistolam
1443 763 1450 780 ε
1465 762 1475 778 ‹
1494 753 1561 780 lllud
1574 759 1685 787 quoque
1698 758 1749 777 au-

961 801 1040 829 diens
1065 802 1216 828 admiratus
1238 808 1310 833 sum,
1336 799 1407 835 quod
1437 799 1559 833 quidam,
1589 798 1636 832 qui
1662 796 1750 824 solent

117 851 213 870 eormn
234 845 311 878 queri
330 846 480 879 audissem,
500 855 550 874 cur
569 855 622 873 non
646 847 776 874 liab'erent
792 847 838 881 qui
856 847 907 874 sibi
926 837 946 864 Β
962 849 1035 875 ultro
1048 849 1172 883 citroque
1192 853 1301 883 portare
1316 847 1499 876 rumusculos,
1521 850 1547 872 et
1563 844 1606 871 bis
1619 851 1678 878 quat
1699 850 1750 869 au—

117 889 225 916 Domini
239 897 410 918 sacramenta
428 892 604 925 conficerent,
619 897 646 920 et
661 893 737 920 illum
749 901 844 920 omnes
857 901 908 920 suo

116 942 262 970 poscerent
289 937 464 971 testimonio,
495 943 523 965 et
547 939 677 974 grandem
707 939 852 966 utilitatem
881 940 907 966 in

116 981 255 1008 communi
279 983 439 1009 monasterii
461 984 638 1020 testarentur)
662 992 758 1019 quare,
784 984 906 1018 inquam,

116 1032 182 1055 tunc
197 1034 304 1061 reperta
321 1029 525 1063 opportunitate
545 1037 599 1056 non
618 1030 794 1064 scripsissent
815 1030 906 1062 nobis,

117 1081 206 1108 neque
221 1082 303 1109 super
317 1075 489 1102 ordinatione
502 1076 563 1110 ejus
577 1076 680 1111 aliquid
707 1076 905 1110 poposcissent.

117 1120 180 1148 Hmc
191 1121 227 1148 ita
248 1127 308 1149 acta
334 1125 408 1154 sunt,
434 1126 463 1149 ut
489 1123 594 1149 locutus
621 1130 697 1154 sum,
721 1123 747 1149 in
776 1122 908 1150 cbaritate

116 1167 230 1200 Christi,
244 1175 324 1202 quam
342 1174 366 1194 lc
374 1176 435 1203 erga
451 1169 613 1202 parvitatem
631 1176 718 1195 meam
734 1168 835 1196 habere
849 1177 908 1196 cre-

117 1214 214 1240 debam
228 1223 235 1240 :
250 1222 410 1248 quanquam
429 1215 455 1241 in
475 1215 643 1242 monasterio
669 1215 864 1247 ordinaverint,
881 1220 908 1242 et

117 1266 172 1287 non
190 1259 215 1286 in
231 1259 358 1294 parocbia
374 1267 435 1294 qum
448 1260 495 1287 tibi
512 1261 632 1295 subjecta
650 1260 742 1287 sit.....
760 1259 831 1293 Quid
843 1268 908 1294 ergo

117 1306 166 1333 tibi
185 1307 272 1333 visum
292 1311 335 1333 est
354 1306 393 1334 sic
417 1307 535 1341 graviter
562 1307 745 1334 intumescere
767 1311 794 1333 et
810 1307 907 1342 jactari

117 1358 214 1380 contra
233 1361 283 1380 nos
299 1361 348 1387 pro
364 1361 446 1388 opere
467 1352 525 1383 Dei,
541 1353 613 1387 quod
639 1353 664 1379 iu
686 1353 906 1387 :edilicationem,

117 1405 145 1428 et
156 1408 210 1427 non
225 1400 252 1427 in
266 1400 479 1427 destructionem
495 1400 608 1426 fratrum
626 1399 726 1426 factum
741 1401 800 1426 est?
824 1409 833 1426 ι

154 1446 201 1475 20.
222 1445 361 1473 Hactenus
380 1445 562 1480 Epiphanius,
585 1445 652 1479 ipsis
671 1445 714 1472 his
733 1446 823 1472 verbis
842 1445 908 1472 satis

117 1492 324 1527 indicans,jam
345 1497 402 1518 tum
419 1497 557 1526 receptum
582 1491 608 1517 in
624 1491 746 1518 Ecclesia
767 1491 863 1522 fuisse,
879 1496 909 1518 ut

117 1539 285 1569 monasteria
303 1539 398 1565 saltent
415 1538 506 1572 aliqua
529 1538 620 1572 (quale
635 1543 693 1564 erat
710 1538 906 1565 monasterium

118 1586 147 1614 S.
165 1584 308 1620 Epiphanii
322 1593 331 1609 ο
348 1584 424 1618 juxta
439 1583 625 1610 Besanducem
638 1583 739 1614 vicum,
756 1583 782 1609 in
799 1584 909 1610 territo-

117 1632 160 1660 rio
179 1630 461 1664 Eleutlieropolitano,
477 1639 486 1654 ι
503 1629 576 1664 quod
597 1629 631 1656 ab
650 1629 741 1663 inopia
764 1637 909 1664 aquarum,

121 1688 131 1706 ‹
153 1677 325 1713 Spanydrion
339 1685 348 1701 ›
359 1676 524 1710 appellatum
541 1675 637 1703 scribit
653 1675 889 1710 pseudo-Joannes
902 1696 909 1708 ,

117 1725 164 1753 Ibi
175 1722 396 1754 factaordinatio,
410 1726 438 1748 et
449 1722 564 1749 alterum
581 1731 590 1746 ι
613 1722 817 1757 peregrinorum
831 1731 840 1747 ι
853 1730 911 1748 mo-

120 1771 274 1798 nachorum
291 1769 318 1796 in
339 1768 590 1800 Bethlebem,unde
599 1767 776 1794 Paulinianus
791 1768 825 1794 ad
846 1767 910 1801 Epi-

118 1818 250 1853 phanium
265 1816 388 1848 venerat)
407 1819 531 1848 exempta
550 1818 727 1840 censerentur
750 1816 784 1840 ab
801 1813 912 1840 ordina-

118 1864 154 1892 rii
168 1862 360 1898 iurisdictione
379 1871 385 1889 :
403 1862 439 1888 ita
453 1866 482 1888 ut
498 1861 657 1896 quicunque
669 1862 817 1896 cpiscopus
837 1862 863 1888 in
877 1862 910 1889 iis

119 1913 224 1945 posset,
239 1909 262 1936 si
283 1912 436 1943 rogaretur,
458 1907 525 1941 ipsis
554 1907 696 1934 monachis
722 1915 817 1934 sacros
843 1916 911 1935 con-

119 1956 191 1983 ferre
203 1955 323 1983 ordines.
344 1953 435 1988 Pergit
448 1961 531 1988 porro
544 1953 716 1987 Epiphanius
733 1962 864 1982 excusare
881 1962 911 1982 se

119 2002 218 2030 Joanni
251 2001 293 2029 his
320 2000 409 2028 verbis
437 2009 443 2026 :
468 2010 477 2024 ι
502 1999 555 2027 Sed
585 2005 613 2027 et
640 2000 706 2027 illud
737 2001 913 2028 vehementer

120 2049 272 2076 admiratus
298 2055 358 2075 sum
384 2047 458 2082 quod
488 2047 557 2073 meis
587 2047 695 2073 locutus
722 2054 752 2074 es
783 2048 935 2080 clericis;’

121 2103 247 2123 asserens
261 2099 288 2121 te
306 2102 354 2129 per
382 2098 507 2120 sanctum
530 2094 716 2127 presbyterum
741 2098 768 2120 et
787 2094 912 2121 abbatem

121 2142 318 2169 monachorum
331 2140 492 2173 Gregorium
510 2139 655 2166 mandasse
671 2140 749 2171 mihi,
765 2147 798 2166 ne
815 2148 912 2174 quem-

120 2197 204 2224 quam
232 2188 407 2219 ordinarem;
435 2191 461 2213 et
485 2193 535 2221 ego
556 2186 693 2220 pollicitus
716 2186 766 2213 sim
799 2186 907 2214 dicens:
926 2199 948 2226 ι)

120 2234 249 2270 Nunquid
265 2233 375 2269 juvenis
397 2241 457 2260 sum
484 2237 530 2259 aut
557 2240 675 2259 canones
702 2233 817 2267 ignoro?
839 2233 910 2260 Audi

121 2281 204 2316 igitur
219 2281 360 2307 veritatem
374 2279 401 2306 in
425 2286 552 2306 sermone
574 2279 633 2310 Dei,
654 2287 697 2306 me
723 2287 771 2306 nec
793 2279 845 2306 hoc
860 2288 911 2306 au—

121 2327 206 2360 disse,
223 2335 272 2354 nec
286 2334 378 2358 nosse,
404 2335 454 2353 nec
470 2326 550 2353 istius
570 2325 706 2353 sermonis
733 2326 842 2360 penitus
866 2334 910 2353 re-

121 2374 240 2402 cordari.
260 2372 420 2408 Suspicatus
440 2381 500 2400 sum
524 2381 558 2399 ne
580 2372 695 2399 forsitan
717 2372 787 2399 inter
814 2373 911 2405 multa,

121 2420 202 2456 quasi
225 2421 320 2452 homo,
343 2420 445 2447 oblitus
471 2427 578 2452 essem;
602 2424 629 2446 et
649 2420 684 2446 ob
707 2420 776 2447 hanc
800 2428 912 2447 causam

122 2470 247 2494 sanctum
270 2464 431 2499 Gregorium
457 2465 612 2491 sciscitatus
629 2472 701 2497 sum,
726 2469 752 2491 et
773 2464 910 2491 Zenonem

122 2511 313 2548 presbyterum
326 2511 374 2545 qui
388 2518 450 2537 cum
461 2517 493 2536 eo
510 2514 562 2537 est.
585 2509 604 2536 Ε
624 2511 724 2544 quibus
741 2510 825 2537 abbas
841 2509 909 2537 Gre-

123 2559 218 2595 gorius
232 2556 384 2592 respondit,
401 2563 429 2583 se
452 2557 503 2583 hoc
528 2556 635 2590 penitus
657 2557 794 2589 ignorare.
818 2556 911 2583 Zenon

123 2610 215 2632 autem
229 2604 308 2635 dixit,
323 2602 386 2637 quia
400 2610 461 2629 cum
478 2602 501 2628 ei
519 2603 660 2637 presbyter
679 2601 801 2629 Ruﬂinus
820 2603 912 2629 nescio

122 2659 181 2686 qme
196 2650 250 2678 alia
272 2648 430 2676 transitorie
441 2648 609 2682 loqueretur,
622 2648 703 2675 etiam
721 2649 772 2675 hoc
786 2647 887 2675 dixerit
902 2657 910 2675 :

121 2696 242 2724 Putasne
255 2694 551 2731 aliquosordinaturus
565 2698 606 2721 est
620 2699 732 2721 sanctus
745 2694 912 2729 episcopus?

123 2748 150 2770 et
168 2743 282 2778 hujusce
296 2742 403 2770 stetisse
417 2747 571 2768 sermOuem
589 2749 595 2767 ς
617 2748 666 2776 ego
689 2744 780 2766 autem
793 2740 911 2778 Epipha-

124 2789 187 2816 nius
206 2796 256 2816 nec
276 2788 367 2816 audivi
395 2787 554 2823 quidquam,
583 2793 634 2814 nec
655 2786 794 2821 respondi.
823 2786 909 2819 Unde,

132 2834 319 2869 dilectissime,
340 2842 393 2863 non
410 2838 436 2862 te
454 2832 601 2870 praeveniat
617 2831 704 2867 furor,
726 2839 776 2860 nec
798 2837 911 2868 occupet

961 898 1070 925 dierunt
1087 904 1193 931 semper
1211 895 1320 928 addere,
1347 900 1375 921 ut
1393 894 1519 922 tristitias
1535 898 1562 920 et
1583 893 1657 918 rixas
1680 891 1750 917 inter

962 942 1060 969 fratres
1077 942 1225 974 concitent,
1245 947 1271 968 te
1290 948 1399 976 quoque
1423 940 1602 967 turbaverunt
1623 944 1650 964 et
1674 936 1752 962 dixe—

962 993 1037 1021 runt,
1056 988 1126 1023 quod
1143 988 1169 1014 in
1185 988 1322 1019 oratione,
1341 987 1451 1021 quando
1463 985 1604 1012 offerimus
1618 982 1750 1010 sacrificia

963 1032 1029 1066 Deo,
1062 1033 1199 1060 soleamus
1227 1040 1276 1067 pro
1309 1037 1333 1059 te
1362 1032 1463 1062 dicere,
1490 1030 1620 1061 Domine,
1653 1032 1750 1062 praesta

961 1078 1060 1106 Joanni
1079 1084 1108 1106 ut
1125 1085 1197 1106 recte
1217 1079 1321 1106 credat.
1337 1077 1398 1104 Noli
1418 1085 1467 1104 nos
1490 1077 1516 1103 in
1534 1081 1639 1103 tantum
1657 1080 1752 1108 putare

961 1126 1091 1157 rusticos,
1119 1130 1148 1152 ut
1175 1125 1227 1152 hoc
1254 1131 1307 1151 tam
1336 1129 1429 1158 aperte
1455 1124 1545 1150 dicere
1569 1121 1749 1156 potuerimus.

962 1172 1124 1206 Quanquam
1140 1173 1212 1198 enim
1230 1171 1281 1197 hoc
1297 1171 1324 1197 in
1345 1170 1426 1197 corde
1449 1177 1509 1196 meo
1527 1175 1635 1202 semper
1658 1174 1749 1198 orem;

963 1224 1065 1250 tamen,
1087 1223 1117 1246 ut
1143 1218 1302 1252 simpliciter
1323 1217 1419 1249 fatear,
1441 1223 1581 1250 nunquam
1605 1215 1631 1241 in
1648 1214 1751 1239 alienas

963 1273 1044 1292 aures
1057 1265 1169 1300 protuli,
1187 1273 1220 1291 ne
1235 1269 1260 1291 te
1277 1264 1384 1291 viderer
1398 1263 1472 1296 parvi
1492 1262 1616 1296 pendere,
1634 1260 1752 1287 dilectis-

963 1312 1041 1338 sime.
1069 1310 1184 1344 Quando
1204 1316 1293 1337 autem
1316 1309 1512 1344 complevimus
1532 1308 1695 1339 orationrm,
1708 1314 1752 1333 se-

962 1357 1081 1385 cundum
1098 1357 1179 1384 ritum
1195 1356 1398 1392 mysteriorum,
1414 1360 1442 1382 ct
1462 1362 1511 1390 pro
1522 1354 1650 1381 omnibus
1665 1359 1692 1379 et
1702 1360 1751 1387 pro

962 1407 987 1430 te
1001 1410 1110 1438 quoque
1125 1403 1254 1433 dicimus,
1268 1401 1379 1429 Custodi
1405 1400 1479 1427 illum
1497 1400 1543 1434 qui
1560 1399 1689 1434 praedicat
1706 1405 1751 1423 ve-

962 1449 1085 1482 ritatem;
1103 1449 1144 1475 vel
1158 1454 1242 1480 certe,
1259 1447 1299 1474 Tu
1318 1451 1426 1481 praesta,
1449 1445 1573 1475 Domine.
1593 1449 1619 1471 et
1632 1443 1751 1474 custodi,

962 1500 992 1522 ut
1012 1495 1056 1522 ille
1078 1494 1191 1521 verbum
1220 1493 1349 1528 praedicet
1380 1492 1501 1519 veritatis
1524 1501 1530 1518 :
1549 1492 1618 1518 sient
1643 1490 1752 1518 occasio

961 1541 1095 1567 sermonis
1112 1548 1141 1567 se
1153 1540 1254 1572 tulerit,
1272 1544 1300 1566 et
1328 1539 1453 1566 habuerit
1472 1538 1559 1565 oratio
1580 1544 1751 1572 consequen-

961 1587 1037 1613 tiam.
1075 1585 1246 1620 Quapropter
1272 1586 1386 1613 obsecro
1422 1590 1456 1617 te,
1497 1584 1684 1615 dilectissime,
1726 1586 1754 1609 et

960 1631 1106 1658 advolutus
1124 1631 1241 1666 pedibus
1254 1631 1308 1658 tuis
1330 1638 1438 1665 precor,
1453 1636 1551 1665 praesta
1573 1628 1639 1655 mihi
1652 1633 1680 1655 et
1692 1627 1752 1658 tibi,

961 1682 990 1704 ut
1004 1677 1130 1710 salveris,
1147 1678 1228 1705 sicuti
1243 1677 1374 1711 scriptum
1393 1681 1444 1709 est,
1464 1683 1478 1702 a
1499 1675 1674 1710 generatione
1691 1681 1752 1708 pcr-

964 1732 1038 1750 versa
1055 1723 1163 1760 (nauli.
1181 1731 1248 1756 xvn,
1265 1723 1317 1758 l6),
1336 1728 1364 1750 et
1379 1722 1474 1750 recede
1488 1723 1522 1749 ab
1538 1721 1634 1748 haeresi
1656 1720 1753 1755 Orige-

961 1771 1003 1797 nis
1025 1775 1053 1797 et
1077 1778 1091 1796 a
1117 1770 1223 1798 cunctis
1250 1770 1419 1800 haeresibus,
1450 1768 1636 1796 dilectissime.
1669 1766 1753 1793 Video

961 1817 1031 1844 enim
1049 1817 1121 1852 quod
1138 1821 1249 1851 propter
1264 1817 1334 1843 hanc
1345 1823 1455 1842 causam
1472 1815 1561 1842 omnis
1574 1819 1664 1841 vestra
1682 1813 1754 1839 indi-

961 1863 1054 1897 gnatio
1081 1864 1216 1890 concitata
1239 1862 1283 1894 sit,
1310 1862 1383 1897 quod
1410 1861 1560 1888 dixerimus
1583 1860 1673 1892 vobis,
1695 1859 1754 1886 Arii

962 1915 1077 1944 patrem,
1093 1909 1237 1944 Origencm
1252 1909 1367 1941 scilicet,
1385 1913 1412 1935 et
1425 1908 1540 1935 aliarum
1554 1908 1693 1934 hmreseon
1708 1913 1753 1932 ra-

962 1958 1050 1985 dicem
1071 1964 1097 1986 et
1121 1963 1262 1994 parentem
1286 1957 1399 1985 laudare
1421 1966 1474 1984 non
1498 1957 1613 1984 debetis.
1630 1956 1662 1983 Et
1690 1963 1752 1983 cum

963 2013 1011 2032 vos
1025 2012 1132 2032 orarem
1148 2013 1181 2032 ne
1200 2005 1237 2031 ita
1252 2004 1392 2037 erraretis,
1413 2008 1440 2031 et
1461 2010 1601 2030 monerem
1616 2011 1623 2035 ;
1644 2007 1755 2029 contra-

963 2051 1083 2083 dixistis,
1099 2057 1126 2078 et
1142 2059 1185 2078 me
1201 2051 1234 2078 ad
1250 2051 1388 2078 tristitiam
1407 2055 1489 2085 atque
1504 2050 1536 2077 ad
1553 2051 1688 2085 lacrymas
1704 2048 1753 2075 ad-

963 2097 1090 2129 duxistis,
1111 2104 1165 2124 non
1183 2097 1271 2124 solum
1289 2101 1378 2123 autent
1399 2104 1452 2129 me,
1471 2096 1519 2123 sed
1540 2100 1566 2123 et
1577 2095 1754 2129 alios-pluri-

964 2150 1023 2169 mos
1038 2143 1188 2170 catholicos
1212 2142 1260 2177 qui
1286 2143 1443 2169 intererant.
1466 2141 1531 2169 Inde
1556 2146 1586 2168 ut
1620 2141 1751 2175 intelligo,

963 2187 1021 2214 haec
1031 2191 1073 2214 est
1088 2188 1178 2214 omnis
1194 2187 1346 2222 indignatio
1372 2191 1400 2214 et
1421 2187 1471 2214 iste
1488 2186 1566 2214 furor
1584 2192 1631 2213 :et
1651 2186 1753 2213 idcirco

964 2233 1170 2260 comminamini
1182 2233 1255 2268 quod
1271 2233 1384 2260 mittatis
1396 2233 1540 2260 adversum
1553 2239 1596 2259 me
1611 2231 1751 2266 epistolas,

969 2284 999 2306 ut
1014 2280 1067 2306 huc
1083 2280 1203 2312 illucque
1219 2287 1309 2307 sermo
1324 2285 1415 2306 vester
1429 2279 1584 2311 discurrat;
1602 2284 1629 2305 et
1644 2282 1754 2313 propter

963 2327 1149 2354 defensionem
1166 2327 1300 2353 brereseos
1317 2326 1461 2353 adversum
1480 2333 1523 2352 me
1538 2325 1600 2352 odia
1617 2325 1753 2351 suscitati-

963 2377 1013 2404 tes,
1033 2373 1160 2407 rumpitis
1176 2373 1335 2400 charitatem
1354 2380 1435 2407 quam
1448 2372 1474 2398 in
1492 2371 1570 2398 vobis
1595 2371 1752 2400 habuimus,

964 2419 991 2445 in
1008 2423 1111 2446 tantum
1126 2423 1156 2445 ut
1168 2418 1285 2446 feceritis
1297 2426 1346 2445 nos
1361 2418 1443 2445 etiam
1460 2417 1647 2452 pmnitentiam
1660 2424 1751 2451 agerc,

965 2471 1050 2499 quare
1074 2463 1215 2490 vobiscum
1237 2463 1542 2494 connnunicaverimus,
1569 2463 1604 2489 ita
1626 2461 1752 2497 Origcnis

963 2517 1071 2536 errores
1081 2513 1107 2536 et
1119 2510 1245 2544 dogmata
1258 2506 1443 2536 defendentes.
1454 2508 1621 2543 Simpliciter
1637 2509 1750 2543 loquor:

963 2563 1013 2582 nos
1037 2556 1187 2582 secundum
1210 2555 1283 2590 quod
1308 2555 1439 2589 scriptum
1465 2559 1508 2582 est
1531 2554 1638 2590 (Matth.
1663 2563 1690 2586 v,
1717 2554 1752 2581 29

964 2607 1048 2636 sqq.),
1067 2609 1115 2628 nec
1136 2601 1216 2627 oculo
1234 2605 1329 2628 nostro
1346 2601 1495 2635 parcimus.
1515 2606 1544 2627 ut
1561 2608 1615 2627 non
1639 2600 1752 2627 effodia-

965 2656 1026 2675 mus
1041 2656 1114 2680 cum,
1133 2648 1156 2675 si
1174 2656 1225 2675 nos
1247 2648 1488 2680 scandalizaverit;
1506 2655 1556 2674 nec
1576 2647 1679 2679 manui,
1703 2654 1751 2674 ne-

966 2703 1019 2730 que
1034 2694 1094 2729 pedi
1115 2694 1137 2721 si
1158 2693 1237 2721 nobis
1263 2693 1419 2720 scandalum
1438 2693 1541 2720 fecerit.
1557 2693 1589 2720 Et
1612 2701 1658 2720 vos
1674 2700 1750 2727 ergo,

963 2742 1020 2768 sive
1035 2740 1117 2768 oculi.
1131 2740 1188 2767 sive
1202 2748 1310 2771 manus,
1336 2740 1393 2767 sive
1417 2740 1498 2775 pedes
1514 2739 1632 2773 fueritis,
1651 2739 1752 2766 similia

964 2787 1161 2816 sustinebitis.»

999 2833 1045 2861 22.
1064 2832 1155 2867 Pergit
1177 2831 1274 2860 deinde
1295 2839 1326 2860 cx
1347 2831 1426 2860 libris
1449 2831 1518 2866 Περὶ
1544 2830 1645 2866 ἀρχῶν
1666 2830 1752 2866 expli-
