1934 3029
172 175 224 201 129
687 168 716 194 S.
734 165 904 194 EPll’llANll
934 164 1026 193 ACTA
1048 162 1294 191 BOLLANDIANA.
1748 158 1800 187 130

172 237 246 261 care,
257 236 339 264 quam
357 228 468 255 minimc
479 225 597 254 ferenda:
612 226 755 253 catholicis
774 225 887 252 auribus
906 226 960 251 sint
975 227 996 254 Α
1011 223 1087 250 daret
1104 222 1193 248 velum
1212 226 1293 256 atque
1316 223 1442 246 mutaret.
1465 218 1541 252 Quod
1562 225 1624 246 cum
1648 218 1798 252 audissem,

173 274 374 310 propositiones
401 273 524 308 qtuedam
553 272 690 306 Origenis,
718 271 780 298 istic
795 274 960 302 -eontenta:;
1014 277 1057 296 me
1072 269 1199 296 daturqu
1219 275 1279 294 esse
1299 266 1436 301 pollicitus
1459 273 1540 292 sum:
1557 265 1695 300 paululum
1709 269 1800 294 autem

174 320 299 355 quamvis
324 320 423 355 inquit,
445 329 454 344 ι
484 318 552 346 nihil
573 318 639 344 mihi
662 317 797 352 subripuit
819 315 961 351 Origenes,
1013 323 1154 342 morarum
1170 314 1259 340 fuitin
1284 313 1383 344 medio,
1407 312 1471 339 dum
1492 319 1585 346 qumro
1608 312 1740 346 optimum
1754 320 1801 339 ve-

175 375 226 394 nec
242 366 269 392 in
285 373 345 392 mea
360 363 535 400 generatione
563 363 624 396 fuit,
652 370 702 390 nec
726 367 836 397 propter
856 362 963 397 aliquas
1014 362 1070 389 lum
1084 369 1134 396 pro
1150 369 1183 388 eo
1201 361 1316 390 mittere,
1334 359 1487 386 arbitrabar
1502 359 1574 385 enim
1588 359 1621 386 de
1633 358 1723 394 Cypro
1733 359 1800 386 mihi

176 419 219 439 res
233 410 327 438 mundi
351 415 399 437 aut
424 409 608 436 hmreditatem
630 408 722 435 odium
746 408 878 435 adversus
900 415 962 434 eum
1014 415 1074 435 esse
1090 407 1262 434 mittendum.
1274 405 1352 432 Nunc
1368 409 1460 432 autem
1473 404 1534 431 misi
1548 405 1620 439 quod
1632 405 1708 439 potui
1723 412 1801 439 repe-

174 464 334 492 pugnasque
347 455 470 490 suscepi;
491 456 536 483 sed
567 455 607 489 (ut
623 454 784 489 simpliciter
803 453 900 488 fatear)
915 454 964 481 do-
1019 454 1090 486 rire;
1109 457 1136 481 et
1152 461 1247 488 precor
1262 457 1291 478 ut
1306 451 1403 485 jubeas
1421 451 1596 486 presbyteros
1611 449 1734 484 ejusdem
1750 450 1802 478 loci

176 503 231 535 leo,
253 507 280 529 et
299 501 377 528 valde
400 501 490 533 doleo,
517 500 612 527 videns
638 500 770 535 plurimos
796 500 922 531 fratrum,
937 504 965 527 et
1015 500 1154 534 suscipere
1167 499 1254 525 velum
1276 506 1290 524 a
1310 498 1396 524 latore
1409 497 1482 531 quod
1494 503 1509 523 a
1528 496 1607 524 nobis
1622 496 1734 523 missurn
1746 500 1801 528 est;

175 555 270 575 eorum
286 547 423 582 prmeipue
439 547 486 581 qui
503 547 701 581 professionem
720 546 821 572 habent
838 554 892 573 non
913 546 965 572 mi-
1014 551 1042 573 et
1060 546 1189 579 deinceps
1205 544 1350 578 przeeipere
1367 543 1393 569 in
1416 542 1536 570 Ecclesia
1551 542 1653 569 Christi
1668 542 1803 577 ejusmodi

176 593 290 624 "illlam.
310 591 376 619 ειίιι
396 591 509 626 gl'adum
525 599 635 625 Quoque
652 591 796 619 sacerdotii
814 591 964 617 maximum
1016 593 1085 624 vela,
1101 600 1160 626 qua:
1175 594 1269 617 contra
1287 590 1446 623 religionem
1465 593 1587 616 nostrain
1603 593 1678 620 sunt,
1690 596 1744 616 non
1757 597 1804 624 ap-

176 642 368 673 pervencruut,
391 637 450 672 ejus
465 636 690 670 persuasionibus
703 636 842 670 deceptos,
861 640 887 662 et
902 643 965 670 per-
1016 638 1107 673 pendi.
1120 647 1128 663 ›
1143 637 1281 663 Hactenus
1293 635 1417 670 epistola,
1433 635 1511 670 cujus
1523 636 1545 662 si
1563 640 1635 662 recte
1648 634 1804 669 expendun-

177 683 335 711 versissima
363 683 487 710 doctrina
513 682 590 709 cibos
617 681 703 708 factos
727 689 787 708 esse
813 681 925 708 diaboli.
952 689 962 706 ι
1017 688 1061 710 tur
1079 683 1172 714 verba,
1188 682 1277 708 velum
1300 681 1372 708 istud
1388 680 1533 707 discissum
1551 679 1635 708 fuisse
1652 680 1803 716 apparebit,

177 729 298 757 Conatur
313 729 394 764 igitur
410 737 425 756 a
443 729 583 763 sequendo
600 733 627 755 et
651 727 820 755 defendendo
839 726 964 762 Origene,
1018 734 1070 753 non
1083 725 1146 760 quia
1158 733 1221 752 vere
1238 734 1246 750 ε
1259 724 1376 751 habebat
1389 724 1535 759 imaginem
1547 723 1650 751 Christi
1665 725 1704 752 vel
1717 725 1804 751 sancti

178 775 314 802 monendo
328 795 334 807 ,
360 774 506 807 hortando,
530 773 697 808 increpando
721 772 852 800 Joannem
878 780 966 807 quan-
1017 771 1177 806 cujusdam;
1201 780 1210 796 ι
1227 771 1274 798 sed
1287 770 1362 805 quia,
1378 777 1441 797 cum
1460 770 1571 797 haberet
1588 770 1702 805 elligiem
1716 770 1806 797 homi-

178 826 235 849 tum
252 821 278 848 in
291 829 320 848 se
330 825 390 848 erat
408 820 565 847 abducere:
583 824 641 846 tum
657 819 690 846 ad
703 819 745 846 sui
762 818 966 846 excusationem
1017 818 1061 845 nis
1083 817 1236 851 cujnspiatn
1263 816 1381 850 profani,
1406 821 1452 842 aut
1472 816 1542 843 forte
1567 816 1657 843 adhuc
1678 816 1804 848 viventis,
1835 844 1842 850 ,

179 867 277 894 iterum
292 867 434 899 relabitur,
452 866 618 900 exponitque
630 865 742 898 factum,
757 864 831 900 quod
853 868 880 891 et
897 864 966 891 insi-
981 896 999 900 _
1018 871 1167 899 appensum
1182 863 1244 890 istic
1259 867 1316 889 erat
1336 871 1345 887 ‹
1361 861 1440 896 quasi
1456 861 1558 889 Christi
1577 866 1625 888 aut
1649 862 1734 889 sancti
1755 870 1805 889 cu-

178 920 260 948 gnem
286 912 346 947 ejus
371 912 461 939 zelum
484 896 614 944 ostendit,
632 911 665 945 ,in
696 896 817 938 cavendo
835 917 868 937 eo
890 910 965 937 omni
981 896 1123 944 Bjtis‘dam
1143 917 1149 934 :
1173 919 1183 934 ι
1200 916 1262 943 quae
1277 907 1403 942 exceptio
1418 907 1578 934 orthodoxa:
1602 907 1664 935 lidei
1685 908 1804 943 regulam

178 959 251 994 quod
265 963 346 985 rectze
359 957 501 992 religionis
515 956 626 991 pnritati
644 956 917 991 quantulumcunque
930 954 968 981 vi-
1016 964 1050 983 ex
1065 955 1203 983 contrario
1220 955 1321 981 lirmat.

179 1004 294 1031 debatur
308 1004 460 1030 adversari.
477 1002 530 1030 Sed
547 1002 617 1029 idem
646 1002 681 1029 ab
706 1002 892 1030 ieonomacliis
917 1001 968 1027 ho-
1316 1009 1432 1038 CAPUT
1453 1009 1497 1037 ιγ,

180 1049 282 1077 diernis
296 1049 414 1084 pessime
436 1049 602 1094 intellectum
620 1048 750 1082 arripitur
769 1052 866 1074 contra
885 1054 969 1081 expo-
1019 1058 1168 1094 Prop/wn“,
1180 1057 1296 1089 donum;
1314 1057 1462 1094 Amorgum
1477 1060 1500 1082 ει
1518 1056 1584 1082 mm
1599 1055 1636 1082 De
1657 1056 1802 1083 Ιηετεείθηε

180 1095 307 1122 sitionem
342 1094 504 1129 imaginum.
534 1092 562 1120 lu
594 1094 644 1120 hoc
672 1097 764 1120 autem
787 1097 898 1127 apparet
921 1099 969 1118 eos
1075 1092 1079 1094 ‘
1353 1092 1477 1126 scriptus.

181 1141 269 1176 magis
288 1148 350 1168 esse
368 1141 480 1167 insanos
500 1139 638 1167 veteribus
658 1139 853 1171 irouomachis,
875 1139 970 1165 adver-
1053 1139 1098 1165 24.
1108 1137 1228 1165 Plurima
1241 1137 1270 1164 S.
1283 1136 1437 1172 Epiphanii,
1450 1140 1513 1163 ante
1531 1141 1557 1163 et
1570 1140 1632 1170 post
1645 1141 1804 1170 susceptum

181 1195 229 1214 ius
244 1195 313 1222 quos
336 1186 472 1214 Nicwnum
491 1194 510 1212 ll
530 1185 676 1212 concilium
699 1185 765 1220 egit.
788 1183 855 1212 Nam
879 1184 917 1216 hi,
935 1184 969 1211 ad
1019 1183 1807 1221 episcopatum,miraculacontinenturinActis,subnemi-

181 1239 258 1259 suam
284 1232 408 1259 hmresiin
438 1230 583 1266 Epiphanii
616 1230 726 1257 nomine
751 1230 947 1257 obarmandam
961 1248 970 1260 ,
1020 1241 1054 1260 ne
1064 1232 1178 1260 Joannis
1191 1236 1217 1259 et
1231 1230 1336 1266 Polybii
1349 1229 1506 1265 productis;
1523 1230 1569 1258 sed
1583 1230 1657 1263 talia,
1673 1233 1702 1256 ut
1712 1237 1806 1256 eorttm

181 1286 236 1304 non
251 1282 315 1304 sunt
329 1277 408 1304 abusi
425 1284 458 1304 eo
473 1275 545 1311 quod
559 1275 685 1309 sequitur
701 1274 784 1308 facto,
801 1275 848 1302 sed
860 1274 971 1301 allinxe-
1020 1278 1157 1313 plerisque
1173 1277 1252 1304 tidem
1268 1277 1379 1312 deroget
1391 1276 1576 1308 Sozomeuus,
1589 1283 1691 1310 negans
1707 1275 1807 1302 viventi

182 1327 245 1350 runt
262 1327 356 1350 sancto
368 1323 513 1357 quamdam
528 1321 561 1348 ad
577 1320 760 1348 Theodosium
777 1321 970 1356 imperatorem
1022 1325 1168 1360 contigisse
1184 1328 1212 1350 ut
1223 1323 1360 1350 daemones
1385 1322 1491 1357 fugaret
1512 1327 1539 1350 et
1557 1322 1667 1349 morbos
1690 1325 1807 1348 curaret.

181 1370 336 1404 epistolam,
354 1369 381 1396 in
399 1368 478 1403 cujus
496 1368 550 1395 line
568 1368 610 1395 sic
628 1367 653 1395 ei
676 1367 831 1402 scripsisset
849 1377 855 1394 ι
874 1376 882 1392 ι
902 1366 971 1400 Quia
1023 1370 1070 1397 llis
1081 1378 1146 1405 ergo
1160 1369 1360 1404 praetermissis,
1379 1368 1452 1403 quod
1465 1368 1553 1395 solum
1566 1369 1593 1395 in
1608 1368 1682 1395 dicto
1699 1372 1809 1394 auctore

183 1415 323 1442 tuultoties
345 1415 452 1441 locutus
474 1421 534 1441 sutn
550 1421 613 1440 cum
634 1413 831 1440 comministris
847 1414 924 1445 meis,
943 1418 973 1440 ut
1023 1416 1102 1443 nobis
1117 1420 1252 1450 superest,
1269 1414 1430 1447 referamus,
1447 1415 1606 1441 narratione
1623 1413 1695 1441 haud
1714 1421 1809 1448 parum

184 1462 358 1488 aui'crt‘entur
373 1461 517 1496 imagines,
529 1466 656 1494 receptus
670 1467 723 1486 non
741 1468 799 1487 smn
814 1460 847 1486 ab
861 1460 912 1493 eis,
926 1467 974 1488 ne-
1024 1462 1141 1494 diversa,
1159 1461 1193 1488 ab
1204 1469 1234 1488 ea
1249 1469 1302 1495 qua
1321 1460 1391 1487 idem
1409 1460 1572 1487 miraculum
1593 1460 1620 1486 in
1642 1459 1718 1487 Actis
1742 1468 1810 1494 pne-

183 1515 237 1542 que
259 1507 356 1534 audire
381 1515 476 1535 vocem
498 1515 587 1534 meam
611 1506 707 1533 saltem
730 1506 870 1541 paululum
899 1506 973 1541 passi
1024 1507 1104 1534 dictis
1120 1511 1287 1534 recensetur.
1301 1505 1389 1532 Verba
1406 1505 1551 1533 Sozomeui
1565 1506 1611 1532 lib.
1624 1513 1672 1538 vn,
1689 1513 1748 1540 cap.
1764 1505 1810 1539 9.7,

184 1558 257 1581 sunt.
275 1564 283 1579 ι
298 1552 375 1581 Hanc
391 1561 457 1581 vero
472 1553 617 1587 epistolam
640 1562 649 1577 ‹
671 1551 740 1578 falso
756 1553 969 1586 suprascriptam
986 1572 1006 1587 ρ
1026 1553 1083 1580 11ωο
1098 1556 1162 1579 sunt
1177 1561 1184 1579 :
1206 1561 1214 1577 ι
1233 1552 1312 1579 Aliud
1325 1556 1455 1587 prieterca
1477 1552 1548 1586 quod
1571 1552 1603 1579 de
1626 1552 1671 1579 illo
1695 1552 1810 1579 referti:

184 1599 236 1626 dici
247 1599 368 1634 quidem,
380 1599 427 1626 sed
439 1607 493 1626 non
505 1606 565 1626 esse
575 1598 727 1633 Epiphanii,
742 1608 750 1623 ι
763 1606 840 1632 asque
849 1606 880 1624 ac
890 1598 971 1624 aliam
990 1598 1005 1601 '
1025 1605 1241 1626 commemorare
1258 1598 1335 1625 libet.
1352 1598 1380 1625 ω
1393 1598 1503 1632 quidem
1518 1598 1552 1624 ab
1572 1598 1732 1625 admirando
1745 1598 1811 1626 Grc-

184 1644 213 1672 in
225 1653 278 1680 qua
291 1645 456 1679 scripsisset,
472 1654 480 1669 ι
497 1643 535 1671 Ne
546 1644 683 1670 inducatis
698 1643 832 1678 imagines
847 1643 874 1669 iu
887 1643 974 1670 eccle~
1024 1643 1112 1679 gorio,
1125 1643 1171 1678 qui
1187 1642 1436 1671 Neocaesariensem
1454 1644 1537 1671 etiam
1565 1644 1634 1671 rexit
1648 1643 1811 1676 Ecclesiam,

185 1691 251 1723 sias,
275 1698 364 1725 neque
386 1690 413 1717 iu
435 1690 591 1717 cmmeteria
611 1694 780 1721 sanctorum,
810 1688 858 1716 sed
887 1697 974 1723 neque
1026 1695 1131 1725 gestum
1145 1697 1207 1718 esse
1220 1690 1312 1724 accepi
1328 1694 1355 1717 et
1373 1690 1491 1718 libenter
1513 1691 1613 1723 credo;
1634 1691 1680 1718 sed
1698 1699 1752 1718 non
1772 1691 1811 1717 id-

186 1737 213 1764 iu
235 1737 346 1764 domum
370 1743 561 1767 communem;
583 1744 593 1761 ι
612 1742 674 1762 cum
699 1735 790 1762 multis
811 1734 975 1762 ostendisset
1026 1737 1100 1764 circo
1114 1736 1272 1764 incredibile
1285 1736 1371 1763 videri
1392 1737 1472 1764 debet
1491 1737 1561 1764 idem
1578 1744 1687 1772 quoque
1710 1737 1812 1764 factum

185 1782 309 1818 synodus
330 1786 383 1809 act.
400 1781 427 1814 6,
443 1789 472 1808 se
492 1781 600 1816 quidem
624 1790 632 1806 ι
647 1785 771 1808 sanctum
792 1780 900 1807 Patrem
925 1780 975 1807 do-
1025 1783 1060 1810 ab
1072 1781 1241 1818 Epiphanio;
1260 1790 1349 1817 neque
1373 1783 1445 1810 enim
1469 1783 1544 1810 solus
1560 1782 1657 1810 Petrus
1673 1784 1813 1818 apostolus

186 1833 290 1856 olorem
314 1827 442 1855 Ecclesia:
462 1827 604 1854 catholicae
630 1834 720 1858 nosse,
746 1827 974 1860 conscriptionetu
1026 1832 1164 1855 mortuum
1197 1828 1232 1855 ab
1264 1828 1358 1855 inferis
1386 1828 1578 1860 resusritavit;
1608 1836 1700 1855 rerum
1730 1829 1812 1856 etiam

186 1881 252 1902 vero
270 1883 279 1899 ι
297 1873 416 1908 abjicere
432 1873 530 1900 iterum
545 1873 689 1907 prolitetur
703 1882 709 1899 :
722 1873 784 1907 quia
805 1881 814 1897 ι
829 1872 887 1899 haec
903 1880 976 1899 Inen-
1025 1873 1144 1901 Joannes
1159 1873 1186 1900 in
1200 1874 1269 1901 urbe
1281 1873 1401 1908 Epheso,
1413 1879 1439 1901 et
1451 1873 1568 1908 Philippi
1583 1874 1644 1902 ﬁliae
1657 1873 1812 1910 Hierapoli;

188 1920 265 1948 dacis
281 1919 441 1947 assertionis
466 1919 631 1953 conscripta,
657 1926 716 1953 quae
742 1924 837 1946 contra
859 1926 974 1946 venera-
1027 1921 1192 1956 multosque,
1215 1925 1270 1947 tam
1289 1929 1321 1948 ex
1343 1920 1465 1955 antiquis
1483 1928 1565 1955 quant
1588 1928 1621 1947 ex
1639 1927 1738 1947 nostra:
1755 1929 1812 1947 me-

187 1965 256 1993 biles
271 1965 403 2000 imagines
423 1969 498 1996 sunt,
512 1965 639 1992 dicuntur
663 1964 975 1999 quidemaquibusdatn
1027 1967 1120 1994 moria:
1143 1966 1195 2001 piis
1219 1966 1388 1999 hominibus,
1420 1966 1514 1993 cadent
1542 1974 1728 2001 saepenumero
1750 1975 1813 2001 ges-

985 1575 1006 1601 ϐ

189 2011 219 2040 S.
235 2011 378 2047 Epiphauii
391 2019 460 2044 esse,
485 2011 532 2038 sed
549 2011 624 2038 nullo
637 2011 717 2038 modo
732 2014 807 2038 sunt.
824 2020 832 2036 ι
1026 2014 1095 2041 sisse
1111 2014 1304 2048 comperimus.
1319 2012 1346 2040 Id
1363 2016 1464 2046 autem,
1481 2013 1554 2048 quod
1568 2014 1657 2040 dicere
1671 2014 1812 2048 proposui,

224 2059 268 2085 25.
284 2058 375 2093 Ipsum
392 2065 473 2092 porro
492 2057 593 2084 factum
605 2077 613 2090 ,
643 2057 722 2092 cujus
747 2057 892 2084 occasione
915 2057 978 2084 hazc
1028 2059 1183 2094 hujusmodi
1201 2063 1254 2086 est.

189 2104 272 2137 dicta,
291 2103 435 2131 audiamus
454 2103 571 2138 propriis
593 2103 653 2137 ejus
677 2102 778 2130 verbis.
799 2112 808 2128 ε
830 2101 975 2136 Praeterea,
1062 2104 1106 2131 25.
1125 2114 1134 2130 ε
1152 2104 1210 2132 Duo
1222 2105 1332 2140 quidam
1350 2104 1549 2136 mendici,cum
1565 2103 1746 2139 Epiphaniuin
1769 2111 1814 2132 ve-

189 2150 294 2185 inquit,
319 2149 411 2177 audivi
440 2148 575 2184 quosdam
602 2156 774 2176 murmurare
802 2152 897 2175 contra
921 2156 976 2181 me,
1028 2149 1145 2177 nieutem
1159 2149 1364 2182 observassent,
1377 2154 1405 2176 ut
1420 2149 1482 2184 plus
1496 2149 1618 2184 pecunia:
1632 2149 1666 2176 ab
1680 2158 1713 2176 eo
1722 2157 1814 2176 emun-

190 2195 255 2231 quia
267 2194 377 2230 quando
392 2194 474 2221 simul
497 2193 676 2229 pergebamus
689 2193 723 2220 ad
738 2197 862 2220 sanctum
885 2193 976 2220 loeutn
1029 2200 1132 2230 gerent,
1151 2195 1220 2222 alter
1232 2195 1342 2230 quidem
1354 2203 1460 2227 eorum,
1474 2203 1556 2229 super
1568 2195 1657 2222 solum
1673 2201 1813 2228 extensus,

189 2242 238 2276 qui
257 2245 370 2268 vocatur
382 2239 486 2272 Bethel,
505 2243 534 2266 ut
551 2239 588 2266 ibi
603 2239 743 2266 collectam
757 2243 846 2266 tecum
858 2246 891 2266 ex
902 2246 978 2265 more
993 2242 1015 2270 Ι)
1030 2247 1137 2268 mortuo
1155 2241 1253 2268 similis
1270 2241 1373 2276 jacuit;
1389 2241 1457 2268 alter
1474 2248 1540 2268 vero
1560 2248 1644 2275 prope
1660 2246 1737 2268 stans
1757 2241 1815 2276 plo-

190 2286 377 2314 ecelesiastico
397 2284 525 2317 facerem,
543 2289 570 2312 et
593 2285 729 2312 venissem
754 2285 787 2311 ad
808 2285 899 2311 villam
915 2291 976 2319 qua:
1031 2287 1119 2318 rabat,
1132 2287 1214 2314 simul
1228 2287 1329 2314 sodalis
1347 2287 1389 2314 sui
1411 2291 1526 2314 mortem
1548 2287 1709 2319 lamentans,
1734 2288 1815 2314 simul

191 2331 292 2359 dicitur
312 2331 477 2364 Anablatha,
493 2330 676 2364 vidissentque
694 2329 730 2356 ibi
756 2330 913 2364 przeteriens
934 2329 954 2355 lt

1051 2338 1176 2368 gestatem
1194 2341 1270 2361 suam
1289 2341 1418 2368 querens,
1432 2333 1504 2368 quod
1529 2333 1603 2360 illum
1624 2334 1739 2368 sepelire
1761 2341 1814 2361 non

192 2384 304 2404 cernam
335 2377 474 2404 ardenlem
488 2397 496 2409 ν
524 2380 551 2403 ει
575 2375 785 2409 ίιιῑθηόἕθδεθηι
815 2374 876 2409 (Illis
901 2374 978 2401 locus
1031 2383 1131 2412 posset.
1148 2377 1318 2413 Epiphanius
1335 2386 1410 2410 vero,
1428 2379 1528 2414 jacenti
1543 2378 1663 2412 requiem
1685 2386 1816 2414 appret-a-

192 2428 275 2455 esset,
290 2422 501 2457 didicissemque
514 2429 574 2449 esse
587 2421 741 2452 ecclesiam,
752 2424 780 2447 et
791 2420 935 2447 intrassem
951 2424 980 2446 ut
1030 2428 1085 2454 tus,
1101 2431 1161 2458 qua:
1186 2423 1220 2450 ad
1246 2423 1414 2457 sepulturam
1437 2423 1590 2450 necessaria
1611 2428 1690 2450 erant
1707 2424 1815 2450 mendi.

193 2476 317 2502 orarem;
354 2467 445 2496 inveni
478 2467 513 2494 ibi
541 2467 631 2494 velum
668 2466 788 2501 pendens
818 2466 845 2492 in
876 2465 980 2492 foribus
1030 2469 1102 2496 canti
1118 2469 1239 2499 donavit,
1261 2469 1391 2503 uentique
1406 2468 1496 2495 dixit:
1514 2468 1587 2496 Cura
1607 2469 1774 2503 sepulturam
1790 2473 1817 2496 et

193 2514 314 2548 ejusdem
331 2514 463 2546 ecclesiae,
484 2514 599 2540 tinctum
622 2518 703 2547 atque
723 2512 872 2546 depictum,
890 2515 917 2538 et
931 2511 980 2538 ha-
1031 2516 1138 2550 plorare
1149 2515 1252 2547 desine,
1273 2515 1309 2542 illi
1323 2523 1330 2547 ;
1343 2521 1430 2549 neque
1444 2514 1517 2542 enim
1535 2515 1562 2542 in
1578 2516 1707 2550 praesenti
1724 2523 1816 2543 resur.

195 2561 262 2588 bens
274 2560 432 2595 imaginem,
447 2559 526 2594 quasi
540 2559 641 2585 Christi
655 2558 696 2585 vel
712 2557 801 2585 sancti
817 2557 958 2591 cujusdam

1052 2567 1074 2588 et
1087 2570 1093 2587 :
1105 2561 1177 2595 quod
1190 2569 1253 2588 vero
1267 2560 1366 2588 accidit
1381 2560 1537 2588 inevitabile
1549 2569 1581 2588 ac
1595 2569 1708 2596 prorsus
1721 2570 1815 2588 neces-

195 2614 245 2633 nec
261 2606 334 2633 enim
355 2605 423 2632 satis
444 2604 556 2632 memini
579 2604 657 2638 cuius
678 2604 768 2638 imago
794 2601 885 2630 fuerit.
911 2602 980 2630 Cum
1031 2607 1145 2638 sarium,
1157 2607 1183 2633 id
1199 2606 1262 2634 forti
1276 2607 1368 2634 animo
1381 2606 1522 2634 ferendum
1537 2613 1587 2635 est.
1601 2607 1634 2634 Et
1647 2607 1816 2642 Epiphanius

195 2659 260 2687 ergo
277 2651 328 2678 hoc
340 2650 480 2682 vidissem,
503 2650 530 2676 in
546 2649 660 2676 ecclesia
681 2648 793 2680 Christi,
817 2653 912 2675 contra
936 2655 958 2674 al

1052 2653 1140 2680 nidem
1158 2653 1201 2680 his
1215 2653 1296 2680 dictis
1309 2653 1455 2681 abscessit.
1475 2652 1542 2680 Cum
1561 2658 1650 2680 autem
1668 2661 1815 2688 nemoqam

196 2698 351 2725 ειυτίιὸῑθηι
372 2695 586 2730 δεΐίβῐυτπυιην
609 2695 727 2721 hominis
748 2694 863 2729 Ρθιιάθνο
885 2693 981 2728 ίιιιεεὶ-
1033 2699 1060 2726 in
1077 2703 1225 2734 conspectu
1240 2705 1322 2732 esset,
1340 2700 1480 2728 mendicus
1499 2705 1578 2727 stans
1593 2699 1728 2734 jacentem
1751 2700 1817 2734 pede

197 2751 276 2776 nem;
296 2742 363 2770 scidi
379 2741 445 2769 illud
459 2745 487 2768 et
508 2741 594 2776 magis
615 2741 677 2768 dedi
701 2740 844 2767 consilium
861 2739 982 2767 custodi-
1033 2745 1140 2780 pulsare
1152 2745 1243 2780 ρωρῇι,
1269 2745 1383 2772 laudans
1401 2747 1473 2781 quod
1493 2751 1631 2773 mortuum
1653 2746 1759 2779 egregie
1778 2745 1817 2771 εί-

198 2789 248 2817 hus
261 2789 383 2824 eiusdem
398 2788 461 2821 loti.
477 2793 505 2815 ιη
522 2794 668 2822 Ρθυυετεω
685 2791 822 2814 πηοτιυυηὶ
839 2793 872 2813 ὓο
888 2786 982 2815 ουνοι·
1032 2791 1182 2819 mutasset:
1201 2795 1238 2824 et,
1252 2791 1350 2826 Surge,
1372 2792 1477 2826 inquit;
1500 2799 1535 2818 ex
1559 2791 1650 2818 labore
1673 2796 1718 2818 tuo
1743 2791 1816 2818 hunc

198 2841 291 2863 vereut
321 2840 349 2863 et
372 2835 508 2863 eﬂ‘errent.
534 2834 628 2869 Illique
654 2839 747 2862 contra
778 2839 981 2862 murmurantes
1032 2839 1123 2866 laetum
1145 2839 1328 2874 transigemus
1354 2839 1435 2866 diem.
1456 2838 1508 2865 Sed
1530 2847 1591 2866 cum
1621 2839 1665 2866 ille
1688 2843 1817 2873 perpetuo

198 2880 335 2914 dixerunt,
350 2880 378 2907 Si
389 2880 513 2908 scindere
525 2879 768 2913 volueral,justum
780 2885 849 2914 erat,
863 2885 894 2908 ut
907 2881 981 2909 aliud
1031 2884 1144 2919 jaceret,
1161 2888 1188 2912 et
1203 2884 1290 2913 nihilo
1301 2885 1362 2920 plus
1378 2892 1429 2912 nec
1450 2885 1613 2912 clamantem
1636 2885 1751 2918 audiret.
1765 2891 1817 2912 nec
