1934 3029
118 140 169 166 1M

623 134 653 160 ὃ.
672 132 843 159 EPIPHANII
866 131 956 158 AUIA
971 129 1224 155 BULLALVDIANA.

1697 124 1750 150 152

121 199 186 227 totis
206 196 311 224 viribus
344 198 502 223 monentem
531 195 660 226 sentiret;
685 193 795 220 concito
821 199 904 220 cursu
919 193 944 222 Α
959 191 1127 218 mnnionem.
1147 189 1262 223 Scripsit
1290 187 1383 222 itaque
1413 187 1446 214 de
1471 186 1514 213 his
1537 185 1745 220 archiepiscopo

121 245 278 280 episcopum
301 247 454 272 assecutus.
484 240 606 267 fraudem
633 239 775 266 amborum
800 237 909 265 confes“

122 298 181 324 sus,
191 290 355 324 ploransque
365 292 392 316 et
404 287 494 315 crines
507 286 637 313 vellicans
653 285 759 315 orabat,
772 288 802 310 ut
816 283 908 310 socius

122 336 157 364 ad
174 335 257 362 vitam
271 337 456 362 revocaretur.
473 331 574 358 Verum
588 330 756 365 Epiphanius
769 329 908 356 hominem

123 382 237 414 dimisit,
251 382 377 408 hortatus
393 383 423 406 ut
442 379 466 405 id
483 377 556 412 quod
571 377 707 404 acciderat
724 384 802 410 aequo
816 375 909 402 animo

123 427 228 456 ferret:
247 434 301 453 non
319 426 391 453 enim
418 425 565 452 dissolvere
583 423 668 450 voluit
695 421 767 449 Deus
792 421 817 448 id
837 420 910 456 quod

124 474 226 502 factum
241 472 338 506 fuerat,
363 471 526 506 persuadere
543 470 656 496 omnino
677 469 769 495 volens
792 467 911 494 homini-

125 520 186 552 bus,
201 527 248 546 eos
259 519 304 553 qui
319 526 348 546 se
366 519 434 545 tales
451 517 570 551 praebent
587 523 651 550 erga
675 514 792 542 famulos
813 514 909 548 ipsius,

125 566 177 600 ipsi
192 564 238 599 qui
249 564 340 591 omnia
356 563 432 590 audit
444 570 476 589 ac
492 562 565 588 videt
579 560 702 587 fraudem
721 565 837 587 struere.
864 568 873 584 ι

161 610 205 637 26.
233 609 383 644 Prophetiae
401 615 481 642 porro
503 607 604 633 donum
627 606 653 632 in
678 604 839 639 Epiphanio,
858 611 912 638 quo

125 655 233 683 occulta
247 658 275 681 et
288 660 388 679 arcana
405 652 545 686 pervidere
559 650 691 677 divinitus
707 650 731 676 ei
743 657 814 683 saepe
829 649 913 676 daba-

127 706 181 733 tur,
200 700 302 727 indicat
318 699 361 726 illa
380 698 541 732 signiﬁcatio
563 705 634 724 vera=
657 696 753 723 mortis
773 696 843 729 ejus,
866 695 913 730 qui

127 753 186 774 eam
204 745 333 772 simulare
344 744 476 771 duntaxat
489 742 650 770 credebatur
671 749 686 768 a
701 741 786 774 socio,
809 749 871 768 cum
889 740 913 768 ei

127 792 210 818 dixit:
227 800 236 816 ι
258 789 351 824 Neque
373 789 443 816 enim
468 789 495 815 in
517 788 641 823 praesenti
661 791 794 822 resurget.
815 796 824 812 ι
841 786 914 813 Idem

128 838 229 865 donum
247 836 336 871 primo
361 843 394 862 ex
414 834 554 862 communi
572 833 655 865 fama,
683 833 779 860 deinde
805 833 913 868 propria

128 883 294 918 experientia
313 886 482 917 agnoverunt
497 881 553 907 duo
573 880 622 912 illi,
635 881 668 907 de
684 880 784 914 quibus
794 879 916 906 narravit
931 877 951 904 Β

129 937 210 957 senex
221 929 331 963 quidam
347 928 375 954 in
395 926 459 954 Vitis
474 926 597 958 Patrum,
610 926 701 953 libello
717 934 760 959 xy,
776 934 852 952 num.
869 925 914 959 88,

130 975 275 1009 interprete
290 974 407 1008 Pelagio,
421 973 464 1000 his
478 973 567 1000 verbis
585 981 592 999 :
610 981 620 998 ι
639 972 698 999 Duo
714 972 824 1007 quidam
838 975 917 998 erant

129 1020 274 1048 saeculares
288 1018 423 1054 religiosi;
439 1023 466 1046 et
479 1018 665 1053 colloquentes
689 1025 794 1049 secum,
813 1015 917 1052 egressi

130 1070 205 1098 sunt,
221 1070 248 1093 et
263 1065 327 1092 facti
338 1069 403 1092 sunt
424 1064 561 1091 monachi.
585 1063 799 1090 Emulationem
825 1067 916 1089 autem

130 1111 262 1138 habentes
287 1110 364 1138 vocis
393 1109 570 1144 evangelica,
599 1110 646 1136 sed
674 1116 728 1135 non
765 1108 916 1135 Secundum

131 1157 286 1188 scientiam,
312 1159 503 1183 castraverunt
528 1163 558 1182 se
587 1155 665 1190 quasi
692 1159 804 1189 propter
836 1162 918 1189 regna

131 1202 276 1230 caelorum.
302 1202 424 1229 Audiens
448 1206 539 1228 autem
564 1200 787 1234 archiepiscopus
809 1207 919 1226 excom-

132 1248 282 1276 municavit
297 1255 355 1275 eos.
373 1247 411 1274 llli
437 1252 537 1279 autent,
561 1251 687 1281 putantes
704 1246 768 1280 quia
789 1246 857 1272 bene
881 1245 919 1272 fe-

133 1294 246 1324 cissent,
264 1293 396 1327 indignati
413 1297 477 1319 sunt
498 1296 593 1319 contra
612 1299 686 1322 etim,
702 1291 822 1317 dicentes
842 1300 848 1316 ε
864 1289 919 1317 Nos

135 1343 244 1374 propter
259 1347 340 1373 regna
353 1339 485 1366 caelorum
502 1337 683 1364 castravimns
697 1344 757 1369 nos,
776 1341 802 1363 et
815 1336 858 1363 hic
873 1344 920 1363 ex-

134 1384 346 1413 communicauit
359 1384 427 1410 nos?
446 1383 546 1410 Eamus
558 1388 585 1409 et
600 1382 804 1416 interpellemus
820 1382 920 1408 adver-

135 1438 184 1458 sus
217 1438 280 1457 eum
319 1428 631 1464 Hierosolymitanorum
669 1426 916 1461 archiepiscopum.

135 1476 272 1504 Abeuntes
289 1483 353 1510 ergo
365 1475 554 1502 indicaverunt
569 1474 594 1501 ei
617 1473 719 1501 omnia.
739 1473 772 1499 Et
791 1473 859 1500 dixit
881 1473 921 1500 eis

135 1522 357 1557 archiepiscopus
374 1520 636 1556 Hierosolymitanus
657 1519 709 1547 :Et
732 1527 781 1555 ego
805 1527 854 1546 vos
874 1527 920 1546 ex-

136 1567 318 1596 communico.
334 1566 373 1593 Ex
386 1574 441 1601 quo
458 1566 555 1592 iterum
577 1565 731 1593 contristati
751 1565 877 1592 abierunt
895 1565 921 1590 in
936 1557 956 1585 (ἶ

136 1613 307 1640 Antiochiam
324 1612 357 1639 ad
379 1612 627 1646 archiepiscopum,
640 1615 667 1638 et
681 1611 808 1638 dixerunt
827 1611 851 1637 ei
867 1617 924 1636 om-

138 1660 183 1687 nia
194 1667 255 1694 qua:
267 1658 337 1685 facta
353 1657 459 1684 fuerant
480 1657 552 1684 circa
572 1664 616 1689 se;
633 1662 660 1683 et
675 1657 721 1683 ille
737 1657 863 1684 similiter
877 1664 924 1682 ex-

137 1703 350 1731 cOmmunicavit
361 1710 419 1729 eos.
437 1702 469 1728 Et
483 1702 612 1728 dixerunt
625 1702 658 1728 ad
672 1702 776 1737 seipsos
795 1711 800 1728 :
822 1701 923 1728 Eamus

138 1747 254 1776 Romam
269 1748 302 1774 ad
318 1748 514 1782 patriarcham,
529 1752 556 1774 et
571 1747 628 1782 ipse
651 1755 700 1774 nos
721 1747 869 1774 vindicabit
890 1747 924 1774 de

138 1794 267 1821 omnibus
281 1793 350 1821 istis.
366 1793 499 1820 Ahierunt
513 1801 577 1828 ergo
591 1793 624 1820 ad
639 1801 776 1820 summum
795 1793 925 1828 archiepi-

139 1847 251 1875 scopum
269 1839 399 1866 Romanae
415 1839 544 1869 civitatis,
559 1842 586 1866 et
606 1844 800 1874 suggesserunt
816 1840 841 1867 ei
864 1847 925 1874 qurc

139 1885 259 1913 fecerant
273 1886 313 1912 eis
329 1886 470 1912 memorati
487 1885 695 1920 archiepiscopi,
713 1886 833 1912 dicentes
850 1896 856 1913 :
873 1884 924 1913 Ve-

139 1932 231 1958 nimus
243 1931 276 1958 ad
295 1937 330 1962 te,
353 1932 417 1965 quia
433 1936 461 1958 tu
482 1939 512 1958 cs
534 1936 616 1965 caput
633 1931 767 1958 omnium.
789 1931 858 1958 Dicit
877 1939 925 1958 au-

142 1982 194 2004 tem
207 1981 234 2003 et
243 1977 282 2004 eis
299 1977 357 2011 ipse
371 1987 377 2003 :
391 1977 447 2011 Ego
469 1985 516 2004 vos
531 1977 738 2004 excommunico
753 1981 779 2004 et
793 1977 926 2012 segregati

140 2022 216 2049 estis.

175 2067 221 2094 27.
247 2076 256 2092 ι
270 2066 347 2094 Tunc
362 2067 518 2095 defecerunt
530 2068 759 2094 excommunicati
782 2069 863 2095 totius
880 2076 926 2095 ra—

142 2113 224 2141 tionis
236 2117 261 2140 et
276 2114 403 2140 dixerunt
420 2114 452 2140 ad
470 2114 630 2148 semetipsos
648 2113 713 2141 :lsti
738 2115 857 2149 episcopi
876 2115 928 2142 sibi

144 2159 259 2185 invicem
272 2158 398 2186 deferunt
418 2164 444 2185 et
461 2159 646 2191 consentiunt,
671 2164 780 2194 propter
804 2160 877 2194 quod
900 2160 927 2186 in

143 2205 254 2240 synodis
269 2210 485 2240 congregantur;
502 2205 548 2233 sed
573 2213 668 2232 eamus
691 2206 725 2232 ad
747 2206 822 2232 illum
839 2206 926 2232 virum

143 2250 191 2278 Dei
218 2250 246 2277 S.
280 2250 477 2285 Epiphaniam,
503 2251 737 2285 archiepiscopum
762 2251 795 2278 de
824 2251 925 2286 Cypro,

144 2297 209 2330 quia
221 2297 350 2331 propheta
366 2301 416 2328 est,
430 2302 457 2323 et
475 2305 618 2331 personam
634 2297 752 2325 hominis
774 2305 827 2324 non
854 2299 926 2325 acci-

145 2343 193 2376 pit.
219 2341 287 2368 Cum
317 2346 406 2369 autem
436 2342 684 2376 appropinquarent
712 2342 828 2369 civitatis
856 2342 926 2377 ejus,

144 2388 293 2415 revelatum
303 2393 345 2415 est
360 2389 385 2414 ei
398 2389 431 2415 de
447 2389 513 2423 ipsis
530 2398 536 2416 :
553 2395 579 2416 et
602 2390 713 2417 mittens
734 2389 760 2416 in
779 2397 925 2417 occursum

144 2440 240 2460 eorum
259 2431 327 2458 dixit
342 2443 349 2459 ε
363 2431 402 2460 Ne
420 2433 525 2460 intretis
543 2434 571 2460 in
586 2435 722 2462 civitatem
745 2435 835 2462 istam.
850 2434 927 2462 Tunc

145 2479 183 2506 illi
195 2479 221 2505 in
237 2486 267 2506 se
283 2479 395 2512 reversi,
411 2479 538 2507 dixerunt
553 2490 559 2507 :
575 2480 627 2508 Pro
643 2481 754 2509 veritate
770 2489 820 2509 nos
834 2482 927 2516 culpa-

145 2526 213 2553 biles
232 2533 337 2559 sumus,
356 2530 385 2553 ut
404 2527 469 2561 quid
481 2535 546 2562 ergo
560 2535 610 2555 nos
630 2529 704 2563 ipsos
718 2529 926 2563 justiticamus?

145 2571 198 2599 Fac
212 2572 293 2599 ctiatn
320 2572 383 2606 quia
407 2573 444 2599 illi
469 2574 569 2608 injuste
593 2582 643 2602 nos
670 2578 927 2605 excommunicave-

146 2621 219 2648 runt.
235 2619 394 2652 nunquid-et
404 2618 456 2645 iste
470 2620 618 2654 propheta?
631 2628 693 2648 ecce
709 2623 782 2649 enim
795 2622 868 2650 Deus
887 2631 926 2650 rc-

146 2663 288 2691 velavitilli
305 2664 338 2691 de
352 2665 438 2692 nobis.
454 2664 487 2692 Et
506 2667 736 2700 reprehenderunt
765 2670 927 2705 semetipsos

146 2709 223 2737 valde
242 2709 275 2737 de
292 2711 369 2744 culpa
394 2719 476 2745 quam
502 2712 632 2740 fecerunt.
661 2713 738 2741 Tunc
757 2716 853 2743 videns
878 2717 926 2750 qui

146 2754 229 2781 corda
244 2756 328 2788 novit,
343 2756 406 2791 quia
424 2764 473 2790 pro
497 2757 610 2784 veritate
633 2766 663 2786 se
684 2759 832 2794 culpabiles
856 2760 929 2789 fece-

148 2801 355 2831 rant.revelavit
370 2803 496 2838 episcopo
513 2803 684 2839 Epiphanio;
706 2810 733 2832 et
757 2807 829 2834 ultro
853 2808 929 2835 misit

147 2850 175 2873 et
192 2844 307 2874 adduxit
321 2855 377 2879 eos.
393 2853 421 2876 et
433 2853 589 2879 consolatus
602 2858 650 2879 eos
667 2853 788 2888 suscepit
807 2853 835 2880 in
853 2860 929 2881 com-

962 238 1134 265 Aiexandrim
1149 236 1243 263 dicens
1262 244 1268 261 :
1285 234 1398 268 Suscipe
1420 233 1490 260 tilios
1519 237 1590 264 tuos,
1618 232 1749 266 quoniam

964 284 991 311 in
1004 284 1118 311 veritate
1131 281 1319 317 pmnitcntiam
1334 284 1458 315 egerunt,
1483 283 1510 306 et
1530 278 1634 305 addidit
1655 285 1750 311 senex,

964 330 1010 365 qui
1035 330 1086 357 hoc
1108 328 1261 363 exemplum
1288 330 1458 358 narraverat,
1485 325 1578 351 dicens
1596 333 1603 351 :
1621 323 1683 350 Haec
1709 329 1752 350 est

965 376 1067 403 sanitas
1084 374 1211 406 hominis,
1221 377 1248 400 et
1262 373 1312 400 hoc
1323 377 1364 399 est
1376 371 1450 407 quod
1464 369 1611 403 vultDcus,
1624 374 1653 396 ut
1667 370 1751 396 homo

965 422 1072 456 culpam
1090 428 1167 448 suam
1182 419 1306 454 projiciat
1324 422 1386 445 ante
1404 417 1498 444 Deum.
1525 425 1533 442 ι

999 467 1044 494 28.
1058 467 1105 494 His
1119 467 1233 501 aliisque
1252 463 1442 500 spirituali‘hus
1453 463 1548 499 gratiis
1563 471 1619 490 atro
1640 471 1689 490 suo
1706 470 1751 490 ce-

966 515 1048 542 lebris
1068 513 1246 548 Epiphanius,
1258 512 1306 538 toti
1323 511 1450 545 deinceps
1462 510 1613 545 posteritati
1634 509 1753 536 innotuit

966 560 1163 596 scriptislibris
1180 566 1297 594 quorum
1317 559 1423 592 primus
1447 556 1499 584 fuit
1519 564 1599 591 quem
1615 556 1753 590 appellant

966 607 1144 637 Ancoratum,
1168 610 1311 640 propterea
1337 603 1410 638 quod
1435 603 1565 636 animum,
1593 602 1626 629 de
1651 602 1705 629 vita
1720 609 1754 628 ac

967 654 1054 680 salute
1072 652 1230 683 sollicitum,
1249 651 1336 678 instar
1357 658 1465 678 ancora:
1488 650 1588 677 lirmat.
1603 649 1667 683 Ejus
1683 648 1753 676 scri-

967 699 1047 726 bendi
1062 698 1124 725 data
1137 698 1187 732 ipsi
1198 697 1308 724 occasio
1318 701 1360 724 est
1376 704 1425 732 per
1439 706 1447 721 ι
1463 695 1604 731 epistolam
1622 695 1752 729 scriptam

968 753 982 772 e
1003 744 1163 778 Pamphilia,
1176 751 1209 770 ex
1225 743 1325 777 oppido
1341 741 1452 769 Suedris
1469 750 1483 768 a
1501 741 1626 773 Tarsino,
1641 740 1754 767 Maditio

968 797 995 818 et
1021 790 1081 817 aliis
1103 789 1266 824 presbyteris
1289 796 1360 815 anno
1383 787 1417 814 90
1445 787 1612 819 Diocletiani,
1633 785 1754 813 Valentis

970 844 1058 863 verox
1077 841 1103 862 et
1116 835 1237 863 Gratiani
1249 842 1287 865 VI,
1308 843 1317 859 ι
1334 835 1380 868 qui
1397 833 1449 860 fuit
1467 832 1570 860 Christi
1585 832 1647 860 575.
1665 832 1754 866 Ipsam

966 883 1108 917 epistolam
1127 886 1190 909 ante
1205 889 1274 915 opus
1291 882 1383 908 videre
1405 887 1457 913 est,
1479 887 1532 907 una
1553 887 1615 907 cum
1637 878 1752 914 epistola

966 929 1079 956 Palladii
1098 928 1251 963 cujusdam,
1264 932 1294 955 ut
1308 935 1341 954 ex
1356 927 1487 961 rescripto
1495 930 1606 961 apparet
1617 925 1753 958 monachi,

965 976 1014 1010 τῆς
1036 975 1120 1009 αὐτῆς
1150 973 1252 1005 πόλεως
1276 973 1413 1009 Σουέδρων
1431 972 1649 1008 πολιτευομένου,
1680 971 1753 1007 quod

967 1023 1074 1049 mallem
1093 1030 1101 1046 ι
1125 1021 1152 1047 in
1176 1021 1270 1048 eadem
1295 1019 1462 1047 Sucdrorum
1484 1019 1551 1046 urbe
1572 1018 1755 1050 habitantem,

967 1075 1048 1102 quam
1065 1066 1131 1093 inibi
1151 1066 1312 1100 magistratu
1332 1066 1424 1100 aliquo
1442 1064 1613 1099 perfunctum
1628 1068 1676 1091 aut
1694 1063 1757 1091 fun-

968 1118 1073 1148 gentem
1089 1122 1097 1138 ι
1116 1116 1232 1138 vertere.
1259 1111 1400 1138 Moverant
1422 1117 1513 1137 autem
1529 1118 1587 1142 eos,
1610 1111 1655 1145 qui
1677 1116 1756 1138 antea

968 1166 1080 1186 suorum
1109 1158 1207 1184 multos
1238 1157 1272 1183 ab
1298 1164 1391 1184 errore
1422 1157 1553 1183 abductos
1585 1157 1755 1191 gaudebant,

971 1214 980 1230 ι
999 1205 1117 1239 acceptis
1140 1212 1156 1231 a
1182 1204 1262 1230 beato
1288 1210 1320 1230 ac
1347 1202 1433 1230 felicis
1463 1203 1601 1230 memoriae
1627 1202 1758 1237 episc‘opo

969 1251 1118 1277 Athanasio
1143 1255 1170 1276 et
1197 1249 1231 1276 ab
1256 1249 1463 1283 religiosissime
1486 1248 1628 1283 Epiphanii
1657 1248 1759 1282 collega

970 1296 1113 1323 Procliano
1129 1295 1237 1325 litteris,
1258 1304 1267 1319 ι
1287 1298 1316 1320 ιιι
1335 1294 1368 1320 ad
1385 1294 1472 1328 ipsum
1490 1292 1670 1328 Epiphanium
1687 1300 1760 1320 nunc

970 1346 1152 1372 recurrerent,
1177 1346 1286 1368 mortuo
1302 1345 1365 1367 ante
1388 1339 1528 1367 biennium
1550 1339 1709 1370 Athanasio.
1731 1343 1759 1366 et

970 1387 1113 1414 Procliano
1133 1386 1210 1413 aliter
1227 1385 1356 1420 impedito
1371 1394 1377 1412 ε
1395 1389 1544 1415 moverant.
1575 1385 1696 1419 inquam,
1712 1390 1759 1412 eos

975 1443 983 1458 I
997 1431 1174 1460 conscelerati
1188 1430 1320 1465 dogmatis
1334 1428 1465 1464 reliquiae,
1477 1430 1547 1464 apud
1557 1430 1702 1457 nonnullos
1713 1430 1761 1456 ad-

972 1479 1026 1505 huc
1041 1478 1211 1513 superstites,
1232 1486 1241 1503 >
1257 1477 1499 1511 compulerantque
1510 1484 1605 1510 rogare
1618 1481 1646 1503 ut
1662 1481 1688 1503 et
1702 1477 1760 1511 ipse

977 1535 986 1550 ι
1005 1525 1039 1552 ad
1054 1532 1149 1551 eorum
1171 1523 1322 1551 Ecclesiam
1347 1513 1452 1550 litteras
1475 1524 1540 1549 dare
1559 1531 1611 1550 non
1633 1531 1761 1557 gravare-

975 1576 1028 1601 tur,
1045 1580 1054 1596 t
1071 1578 1103 1597 ac
1123 1575 1225 1597 rectam
1249 1569 1329 1596 [idem
1350 1569 1462 1596 uberius
1484 1569 1630 1603 explicare.
1658 1569 1760 1603 Dogma

975 1622 1065 1644 autem
1083 1616 1160 1648 illud.
1172 1621 1202 1642 ut
1214 1623 1246 1643 ex
1261 1615 1375 1650 epistola
1392 1614 1504 1642 Palladii
1519 1615 1686 1648 intelligitur,
1703 1614 1759 1641 Eu-

976 1662 1169 1689 nomianornm
1184 1661 1245 1693 fuit,
1264 1671 1273 1686 ‹
1291 1661 1386 1688 inanes
1400 1665 1427 1688 et
1441 1661 1574 1688 absurdus
1598 1661 1761 1695 qutestimies

975 1709 1008 1736 de
1025 1709 1127 1743 Spiritu
1149 1714 1243 1736 sancto
1260 1709 1439 1740 moventium,
1464 1708 1675 1742 negantiumquc
1698 1715 1759 1733 eum

975 1763 1037 1782 cum
1056 1755 1198 1781 divinitate
1215 1754 1411 1788 dominatuque
1427 1753 1511 1787 gloria
1532 1753 1613 1780 simul
1637 1752 1706 1780 allici
1730 1761 1761 1780 ac

976 1800 1117 1835 praedicari
1130 1804 1272 1835 oportere;
1289 1800 1335 1826 Sed
1353 1800 1379 1826 in
1400 1800 1517 1826 ministri
1534 1799 1655 1826 nuntiive
1670 1799 1761 1826 haberi

976 1847 1046 1878 loco,
1059 1846 1115 1873 imo
1135 1846 1216 1874 etiam
1239 1846 1370 1873 humilius
1393 1846 1503 1880 aliquod
1526 1846 1712 1881 abjecliusqne
1729 1845 1762 1872 de

976 1893 1036 1928 ipso
1052 1892 1237 1919 sentientium.
1254 1891 1360 1924 Quibus
1372 1891 1405 1918 de
1422 1892 1524 1924 causis,
1544 1901 1553 1917 ι
1572 1892 1659 1926 inquit
1674 1892 1762 1918 Palla-

977 1939 1049 1972 dius,
1070 1948 1079 1964 ι
1098 1939 1138 1966 sic
1153 1943 1282 1973 tauquam
1304 1939 1469 1966 inconstanti
1487 1938 1635 1973 jactatione
1647 1946 1679 1965 ac
1693 1939 1758 1965 dilli-

977 1985 1022 2012 cili
1041 1989 1200 2020 tempestate
1223 1985 1403 2018 ﬂuctuantes;
1423 1992 1485 2011 cum
1506 1985 1642 2011 neminem
1670 1984 1713 2011 hic
1728 1985 1761 2011 ad

977 2039 1024 2058 eas
1046 2031 1233 2058 dissolvendas
1253 2031 1419 2065 quaestiones
1446 2039 1478 2057 ac
1500 2038 1593 2057 sanam
1613 2031 1690 2058 tidem
1713 2038 1761 2057 ex-

978 2076 1130 2111 ponendam
1147 2077 1274 2103 idoneum
1285 2076 1404 2110 reperire
1419 2076 1571 2110 possimus;
1587 2076 1619 2103 ad
1636 2076 1761 2110 pietatem

980 2126 1054 2147 tuam
1070 2121 1104 2148 de
1118 2121 1169 2148 hoc
1185 2121 1294 2156 negotio
1310 2120 1410 2148 referre
1423 2121 1509 2148 coacti
1535 2129 1640 2153 sumus,
1656 2126 1685 2148 ut
1706 2129 1761 2148 nte-

979 2167 1032 2194 rito
1045 2171 1072 2193 et
1085 2167 1157 2193 illam
1172 2174 1264 2194 vocem
1282 2175 1412 2202 usurpare
1421 2168 1559 2203 possimus
1576 2177 1582 2195 ε
1601 2167 1761 2202 Praeceptor,

943 2224 965 2251 D
981 2221 1057 2240 serva
1074 2221 1135 2240 nos.
1147 2212 1329 2246 Quamobrem
1349 2214 1375 2240 id
1396 2222 1444 2249 pro
1462 2215 1567 2241 sincera
1586 2218 1631 2241 tua
1649 2222 1680 2240 ac
1691 2219 1762 2240 recta

981 2259 1033 2286 fide
1051 2267 1067 2286 a
1079 2263 1105 2286 te
1118 2261 1246 2294 petimus,
1263 2268 1344 2294 quam
1366 2260 1484 2287 secunda
1501 2259 1556 2294 jam
1574 2260 1677 2287 dudum
1694 2259 1763 2286 fama

981 2311 1007 2332 et
1022 2305 1181 2332 idoneorum
1193 2306 1314 2332 virorum
1331 2306 1483 2333 testimonia
1501 2306 1601 2340 passim
1613 2305 1763 2336 celebrant;

982 2355 1012 2378 ut
1021 2351 1053 2378 ad
1068 2352 1140 2386 quod
1157 2359 1256 2379 munus
1270 2352 1424 2378 obeundum
1440 2359 1455 2379 a
1476 2351 1617 2378 Salvatore
1633 2351 1764 2378 constitu-

982 2402 1026 2424 tus
1039 2405 1079 2429 es,
1091 2399 1158 2425 hanc
1174 2403 1295 2425 nostram
1309 2398 1489 2425 hortationem
1502 2398 1657 2425 humaniter
1669 2398 1764 2424 admit-

983 2446 1048 2473 tere,
1065 2443 1170 2477 etquid
1190 2443 1223 2470 de
1245 2443 1377 2470 Trinitate
1401 2444 1436 2471 sit
1458 2444 1636 2475 credendum,
1656 2443 1764 2470 uberius

982 2489 1049 2516 velis
1064 2489 1237 2524 apertiusque
1251 2491 1395 2518 disserere.
1414 2500 1423 2517 ι
1440 2490 1502 2518 Haec
1517 2495 1545 2518 et
1560 2491 1612 2518 alia
1629 2491 1678 2518 illi.

1017 2534 1062 2560 ‘29.
1076 2533 1244 2569 Epiphanius
1268 2544 1333 2563 vero
1353 2536 1522 2571 respondens
1547 2540 1603 2563 tum
1625 2536 1688 2568 illis,
1711 2540 1764 2562 tum

982 2581 1114 2607 Numerio
1136 2582 1295 2616 presbytero
1320 2587 1347 2609 et
1367 2581 1496 2609 Severino
1523 2582 1668 2613 monacho,
1695 2589 1764 2615 quo-

984 2633 1044 2653 rum
1059 2627 1170 2653 nomina
1191 2628 1233 2653 vel
1252 2627 1412 2655 exciderunt
1426 2635 1441 2655 e
1468 2627 1554 2655 titulis
1578 2627 1765 2662 epistolarum,

983 2673 1025 2699 vel
1039 2673 1147 2700 aliunde
1162 2677 1224 2700 nota
1240 2673 1342 2700 amoris
1356 2673 1524 2708 honorisque
1534 2681 1598 2708 ergo
1614 2674 1765 2708 adjungun-

985 2718 1138 2751 tur'ultro,
1165 2719 1253 2754 primo
1276 2727 1412 2746 excusans
1442 2729 1450 2745 ι
1480 2720 1618 2754 ingenium
1644 2729 1653 2745 ι
1677 2728 1765 2752 suum,

987 2772 997 2789 ι
1019 2764 1092 2798 quod
1110 2763 1244 2797 abjcctum
1260 2768 1287 2791 et
1302 2764 1415 2796 humile,
1432 2765 1459 2791 in
1480 2765 1570 2800 quiete
1585 2765 1696 2799 otioque
1712 2773 1764 2792 ver-

985 2809 1039 2836 sari
1059 2813 1189 2844 perpetuo
1201 2809 1337 2842 studebat,
1355 2818 1442 2845 neque
1457 2818 1517 2838 sese
1533 2811 1603 2838 ultra
1621 2819 1701 2845 quam
1722 2819 1764 2845 par

934 2887 968 2891 ,ψ
984 2860 1026 2884 est
1037 2856 1193 2884 extendere'
1216 2866 1226 2883 ι
1248 2864 1343 2885 eorum
1368 2863 1457 2885 tamen
1482 2858 1601 2886 stimulis
1622 2858 1765 2893 impulsum
