1934 3029
139 149 194 178 155

652 151 869 179 S.EPIP[1ANll
889 153 981 180 ACTA
1001 153 1254 181 BOLLANDIANA.

1715 158 1767 188 154

138 211 292 243 se.fatetur,
315 219 324 236 ι
344 215 376 238 ιιι
388 211 421 238 ad
440 211 466 238 id
480 211 553 246 quod
571 211 637 240 utile
652 221 684 240 ac
704 213 874 242 fructuosum
889 219 931 241 est
945 217 969 244 Α
982 214 1113 242 adversus
1129 214 1274 242 falsitatem
1297 223 1345 249 pro
1363 216 1476 244 veritate
1488 216 1648 246 ,decertans.
1668 216 1768 247 Breves

137 257 288 284 excitatum
304 257 426 283 anintum
444 258 664 285 trausferret.....
687 259 794 288 Auditis
815 271 824 286 ι
844 260 928 292 enim,

138 303 239 337 inquit,
270 312 279 328 ε
309 303 447 337 precibus,
462 311 531 338 quas
555 312 610 331 non
634 313 735 340 paucas
761 306 931 340 pertulerunt

136 348 248 383 Couops
266 347 345 375 frater
365 353 448 383 atque
468 349 682 384 eontpresbytcr,
714 350 816 384 aliique
841 350 929 384 ipsum

138 395 236 427 secuti,
256 401 360 428 vosque
378 394 532 421 charissimi
558 394 616 427 lilii,
647 402 698 422 nec
721 403 776 422 non
800 395 930 430 llypatius

139 439 211 466 filius
231 445 335 471 noster,
353 440 400 474 qui
424 439 458 466 ad
480 448 524 466 tne
543 444 688 475 propterea
705 448 738 468 ex
754 440 871 475 Egypto
885 449 931 468 ve-

138 486 194 517 nit;
210 493 272 512 cum
288 490 327 513 tot
348 485 375 512 iu
403 485 474 513 idem
492 485 621 520 suffragia
644 487 815 514 consensisse
837 494 931 513 cerne-

138 541 214 565 rem;
232 537 322 559 mente
335 531 481 566 animoque
502 537 657 560 commotus
680 537 808 567 reputare
824 540 930 559 mecutn

138 579 197 613 ipse
218 578 300 613 coepi,
318 586 350 606 ac
374 578 483 605 tandem
503 578 577 605 istud
595 578 664 605 mihi
683 583 807 613 prompte
828 582 855 605 et
873 578 930 605 ala-

139 624 221 651 criter
235 623 390 651 faciendum
405 631 465 651 esse
482 623 602 655 decrevi.
620 628 650 650 ut
667 632 717 658 pro
734 631 766 650 eo
779 631 810 650 ac
826 631 874 658 per
887 625 931 651 lit-

139 676 212 698 teras
223 670 393 705 postulastis,
411 670 444 697 ad
464 671 535 697 hanc
554 670 632 697 vobis
649 678 698 705 pro
712 675 804 698 vestro
822 670 931 697 deside-

138 717 182 744 rio
196 716 367 744 scribendam
379 717 533 752 epistolam,
549 717 640 744 tenuis
653 716 715 744 licet
730 721 756 743 et
768 716 929 748 imbecillus,

140 763 201 790 sine
224 763 279 789 ulla
301 762 527 798 tergiversatione
548 770 591 789 me
613 762 778 789 conferrem.
798 771 807 787 ι
829 761 863 788 Ut
882 769 931 788 au-

140 814 194 836 tem
207 809 309 836 dicitur
334 809 361 835 in
379 809 481 844 praevia
505 807 634 843 Synopsi,
653 817 663 833 ι
691 808 846 843 complures
863 816 931 842 opus

140 855 204 887 hoc,
224 863 234 880 ι
251 854 436 889 quodjustius
448 853 547 880 librum
565 861 646 888 quam
661 853 804 887 epistolam
819 853 930 884 dixeris,

143 909 154 926 ι
172 900 235 927 ﬁdei
250 886 342 936 partes
353 900 486 931 continet,
508 904 537 926 ut
557 886 621 934 puta
646 886 684 926 de?
703 898 803 931 Patris,
821 898 882 925 Filii
898 906 930 925 ac
947 886 969 915 Β

142 945 261 980 Spiritus
275 946 364 973 sancti
388 953 444 973 una
466 945 616 980 eademque
641 944 805 978 substantia,
825 944 858 971 de
871 952 931 979 per-

141 991 211 1019 fecta
224 991 326 1019 Christi
340 991 542 1024 lucarnatione,
558 991 592 1018 de
613 994 783 1017 mortuorum
808 997 932 1016 resurre-

141 1039 242 1070 ctione,
257 1038 291 1066 de
307 1043 408 1065 acterna
424 1038 479 1065 vita
499 1045 531 1065 ac
549 1037 655 1072 judicio
676 1037 774 1063 animae
794 1036 894 1071 pariter
906 1041 935 1063 et

141 1084 283 1119 corporis;
300 1088 356 1111 tum
371 1083 503 1111 adversus
516 1083 587 1110 idola
599 1083 772 1116 hatrescsque
785 1082 932 1116 sigillatitu,

143 1139 176 1159 ac
191 1135 285 1158 contra
309 1130 419 1158 Iudaeos
437 1135 606 1164 cteterosque
631 1128 771 1163 disputat;
796 1127 933 1162 octoginta

143 1185 226 1212 porro
243 1176 384 1203 haereseon
403 1176 515 1203 nomina
530 1174 740 1209 complectitur;
756 1174 874 1208 denique
887 1182 934 1201 va-

143 1223 200 1250 rias
213 1222 246 1250 de
262 1221 413 1257 Scripturis
431 1222 518 1249 sacris
536 1221 703 1256 quazstiuues
718 1219 838 1253 exponit.
861 1229 870 1246 ι

179 1269 222 1296 50.
238 1267 339 1295 Verum
358 1268 410 1296 hoc
438 1267 512 1303 quod
542 1266 576 1294 de
608 1265 760 1293 lneresibus
788 1265 885 1292 dicitur
907 1265 935 1291 in

145 1314 262 1350 Synopsi
277 1314 417 1346 Aneorati,
434 1321 508 1341 nunc
521 1313 549 1340 in
561 1313 622 1348 ipso
636 1314 770 1339 Aucorato
789 1319 841 1338 non
857 1319 936 1346 repe-

145 1362 237 1388 ritur:
261 1361 346 1387 fuisse
369 1364 461 1387 tamen
481 1360 508 1387 in
536 1367 568 1386 eo
593 1358 743 1386 verisimile
768 1357 842 1388 facit.
863 1357 936 1392 quod

148 1416 158 1432 α
178 1406 295 1433 Aeacius
307 1410 334 1432 et
350 1405 462 1437 Paulus,
493 1404 645 1440 presbyteri
668 1408 695 1430 et
717 1402 938 1430 archimandritas:

148 1451 378 1478 monasteriorutu
403 1451 430 1477 in
451 1449 577 1484 partibus
591 1448 778 1476 Carchedonis
793 1452 819 1475 et
836 1445 937 1474 Beroeaa

147 1497 175 1523 in
189 1497 349 1531 leesyria,
365 1505 374 1521 ι
389 1496 520 1530 grandius
531 1495 564 1522 de
579 1494 674 1522 eodem
692 1500 853 1529 argumento
868 1501 938 1528 opus

148 1542 183 1569 ab
198 1550 231 1570 eo
250 1541 429 1577 postulantes,
442 1550 451 1566 ι
471 1548 544 1568 anno
566 1537 728 1568 Diocletiani
748 1539 793 1571 92,
818 1538 937 1566 Valenti-

149 1586 225 1614 niani
244 1591 272 1614 et
290 1585 412 1614 Valentis
431 1586 476 1619 12,
499 1586 621 1614 Gratiani
637 1586 665 1617 8,
685 1595 694 1612 ι
713 1585 760 1620 qui
783 1589 824 1612 est
850 1593 939 1613 annus

149 1632 250 1661 Christi
265 1633 317 1660 575
332 1634 434 1665 dicant,
450 1642 459 1658 ‹
476 1631 592 1659 Nomina
612 1632 721 1667 quidem
742 1632 800 1666 ipsa
813 1639 874 1666 quae
887 1639 903 1658 a
917 1636 942 1659 te

150 1683 216 1707 sunt
244 1679 393 1706 hmresibus
427 1678 553 1714 imposita
581 1678 638 1712 jam
668 1678 840 1709 audivimus;
870 1685 942 1704 nunc

152 1725 371 1760 uniuscujusque
388 1729 468 1752 sectae
484 1724 583 1758 dogma
608 1723 752 1758 perspicue
768 1723 902 1750 declarari
925 1731 940 1750 a

153 1775 199 1798 tua
215 1771 314 1806 pietate
331 1771 468 1805 cupintus.
489 1780 499 1796 ι
516 1769 573 1797 lloc
589 1774 682 1796 autem
701 1769 790 1804 posito
805 1769 877 1804 quod
892 1777 942 1795 no—

154 1817 227 1843 mina
240 1816 284 1843 illa
299 1816 424 1851 primitus
440 1816 542 1843 fuerint
554 1815 582 1842 in
605 1816 749 1848 Ancorato,
766 1823 941 1850 consequens

154 1861 224 1889 foret
238 1862 384 1896 ipsummet
397 1861 594 1896 Epiphaniam,
610 1861 683 1889 hunc
698 1861 798 1888 librum
815 1865 877 1896 post
891 1869 942 1888 au-

154 1916 204 1936 nos
216 1916 264 1936 sex
281 1909 322 1936 vel
340 1913 402 1935 octo
421 1913 674 1943 recognoscentem,
701 1908 763 1935 inde
785 1907 940 1940 sustulisse,

153 1955 226 1989 quod
240 1955 296 1989 jam
309 1954 372 1981 alibi
385 1954 491 1989 plenius
504 1954 713 1988 ordiuatiusque
731 1957 869 1980 tractarat.
886 1953 943 1980 Ma-

156 2003 202 2026 net
214 1999 393 2026 nihilominus
409 1999 477 2025 mihi
501 1999 659 2033 scrupulus,
682 2006 716 2026 ne
733 2006 881 2034 synopseos
894 2005 943 2025 au—

153 2048 214 2072 ctor
225 2048 378 2078 postremas
391 2043 459 2071 duas
474 2043 570 2076 lineas,
586 2044 620 2071 de
632 2044 771 2071 lucreseou
786 2043 942 2070 nominibus

153 2094 180 2116 et
190 2089 387 2124 quaestionibus
407 2089 502 2122 variis,
519 2096 573 2115 non
592 2089 715 2116 retulerit
739 2088 773 2116 ad
794 2097 941 2123 argumen-

155 2138 211 2160 tum
227 2134 368 2165 Ancorati,
391 2134 438 2161 sed
458 2135 491 2161 ad
508 2134 569 2169 ejus
590 2139 729 2162 auctorem
749 2133 941 2169 Epiphaniam,

153 2187 234 2215 quem
251 2179 372 2206 indicare
387 2180 502 2207 voluerit
523 2180 605 2207 etiam
624 2180 674 2208 ista
691 2184 832 2207 tractasse.

188 2225 233 2253 51.
250 2225 284 2252 Ut
300 2231 329 2253 ut
345 2225 390 2258 sit,
409 2225 464 2252 sive
488 2225 515 2252 in
539 2226 683 2258 Aucoralo,
704 2226 760 2253 sive
783 2230 858 2252 extra
879 2233 940 2252 cum

154 2271 291 2306 (quamvis
314 2272 498 2298 verosimilius
524 2271 589 2298 mihi
616 2272 652 2298 sit
677 2272 749 2306 quod
770 2276 846 2299 extra
867 2272 940 2307 cum)

153 2317 313 2351 priusquatn
327 2317 359 2344 ad
372 2325 467 2351 preces
478 2317 570 2344 Acacii
584 2322 611 2344 et
624 2317 700 2344 Pauli
716 2317 864 2344 Ponarittm
880 2326 941 2345 c0n-

152 2362 239 2394 deret,
263 2363 296 2390 de
327 2371 383 2397 quo
406 2363 490 2394 infra,
517 2363 669 2397 composuit
692 2363 804 2397 aliquid,
830 2363 863 2390 de
887 2371 941 2398 quo

153 2407 205 2442 ipsi
218 2408 364 2439 audierint,
381 2408 510 2443 quodque
522 2408 578 2442 jatn
599 2409 710 2441 excidit,
728 2413 754 2435 et
773 2409 824 2436 fuit
841 2410 939 2444 praeluo

151 2453 227 2480 dium
241 2460 273 2480 ac
291 2453 375 2480 veluti
389 2453 573 2480 rudimentum
590 2454 680 2487 operis
694 2458 785 2488 postea
800 2454 834 2480 ah
845 2455 939 2481 eodem

151 2499 300 2534 compilati.
315 2499 349 2526 Et
365 2500 416 2527 hoc
428 2500 557 2527 habuisse
577 2500 720 2535 solumque
741 2501 849 2527 novisse
866 2501 940 2528 vide-

152 2549 197 2570 tur
212 2544 392 2579 Augustinus,
406 2552 468 2571 cum
489 2545 549 2579 ejus
563 2545 707 2572 materiam
721 2550 747 2572 et
761 2545 874 2573 formam
891 2547 939 2573 de-

151 2590 261 2624 scripsit
291 2590 318 2616 in
336 2591 406 2617 libro
423 2591 458 2617 De
475 2591 617 2618 Itwresibus
647 2591 680 2618 ad
704 2590 938 2624 QuodvultDeum,

151 2642 232 2669 quem
253 2634 326 2662 circa
352 2639 506 2662 extremum
535 2636 598 2663 vitae
622 2644 679 2663 suae
701 2644 813 2667 auuutu,
836 2636 938 2664 Christi

150 2678 214 2712 430,
225 2679 390 2714 composuit,
405 2679 441 2706 ita
453 2679 581 2714 praefatus
595 2689 602 2707 ;
615 2690 624 2706 ι
640 2680 737 2708 Noster
750 2689 813 2708 vero
824 2681 940 2716 Epipha-

152 2725 225 2758 nius,
241 2725 356 2760 Cyprius
368 2726 524 2761 episcopus,
539 2727 639 2754 abhinc
660 2734 715 2754 non
739 2727 820 2762 longe
838 2727 938 2754 huma-

151 2771 195 2797 nis
217 2764 299 2799 rebtis
324 2778 476 2806 exemptus,
506 2773 539 2799 de
562 2773 698 2808 octoginta
721 2772 871 2800 haeresibus
897 2773 938 2800 lo-

151 2823 250 2850 quens,
262 2824 309 2845 sex
326 2817 411 2845 libros
426 2817 509 2845 etiam
530 2819 704 2854 conscripsit.
722 2819 851 2846 historica
871 2827 937 2846 nar—

151 2861 256 2890 ratione
282 2870 500 2892 commemorans
521 2865 626 2897 omnia,
651 2864 724 2892 nulla
748 2864 933 2898 disputatione

982 268 1047 287 sane
1058 265 1123 287 sunt
1142 261 1168 287 hi
1185 261 1279 292 libelli,
1293 266 1319 288 et
1330 261 1352 288 si
1366 262 1393 288 iu
1412 270 1495 289 unum
1515 262 1633 290 libellum
1647 264 1768 298 redigan-

983 309 1036 336 tur,
1052 312 1101 331 nec
1112 305 1170 339 ipse
1183 305 1236 331 erit
1255 305 1356 332 nostris
1376 305 1417 332 vel
1440 306 1556 333 aliorum
1583 307 1767 341 quorumdam

981 350 1058 376 libris
1078 350 1245 384 longitudine
1262 350 1474 384 comparandus.
1493 351 1581 386 Hujus
1609 353 1768 380 brevitatem

982 396 1005 422 si
1036 395 1112 422 fuero
1138 396 1164 422 iu
1190 396 1339 423 hteresibus
1362 398 1610 426 commemorandis
1635 399 1767 430 imitatus,

982 442 1046 476 quid
1059 450 1073 469 a
1090 450 1132 468 me
1147 442 1257 469 brevius
1280 443 1417 476 postulare
1433 444 1475 470 vel
1491 449 1648 478 exspectare
1667 445 1768 472 debeas

983 495 1036 513 non
1049 487 1171 514 habebis.
1192 497 1201 512 ›
1219 487 1251 513 Ει
1265 495 1373 514 rursutn
1389 488 1448 522 ipso
1468 489 1494 515 in
1521 493 1647 517 contextu
1672 490 1769 517 haeresi

982 539 1034 558 Lvn
1054 540 1060 558 :
1080 541 1088 556 ι
1118 531 1233 559 Proinde
1258 532 1426 566 Epiphanius
1438 533 1471 560 de
1484 535 1639 569 octuagiuta
1658 535 1770 562 haeresi-

982 577 1044 608 bus,
1062 577 1168 612 viginti,
1184 585 1253 611 quas
1267 581 1330 604 ante
1342 577 1449 604 Domini
1459 578 1605 606 adventum
1620 580 1769 612 exstitisse,

982 623 1053 650 sicut
1069 624 1092 650 ei
1105 623 1192 650 visunt
1210 628 1262 655 est,
1281 624 1464 658 computavit:
1486 624 1606 659 reliquas
1634 631 1696 660 post
1717 625 1767 653 Do-

983 669 1048 696 tuiui
1067 677 1211 696 ascensum
1227 675 1305 696 natas
1330 670 1481 704 sexaginta.
1498 670 1668 698 brevissimis
1690 671 1768 698 libris

982 715 1104 749 quinque
1117 714 1332 748 comprehendit,
1349 720 1429 749 atque
1447 723 1543 742 omnes
1565 716 1591 742 iu
1618 723 1664 743 sex
1693 716 1770 746 libris

983 760 1066 787 toties
1079 760 1200 795 ejusdem
1216 760 1258 786 sui
1272 761 1361 795 operis
1384 760 1447 788 fecit
1472 761 1609 788 concludi.
1630 771 1639 787 ι
1657 761 1771 788 Miratur

982 804 1119 836 Petavius,
1127 809 1154 832 et
1169 805 1264 831 merito
1279 805 1404 837 tuiratur,
1417 805 1479 832 talia
1491 805 1525 832 de
1537 805 1690 840 Epiphanio
1705 806 1771 833 scri-

982 851 1047 878 bere
1071 852 1266 885 Augustinum,
1298 860 1308 876 r
1332 851 1379 885 qui
1404 859 1454 878 nec
1482 851 1549 878 illud
1573 852 1675 886 ipsum,
1698 852 1771 886 quod

983 897 1115 924 omissum
1127 897 1161 923 ab
1171 905 1215 927 eo,
1231 904 1246 923 a
1261 904 1290 923 se
1304 904 1368 923 vero
1382 896 1482 924 factum
1500 897 1532 923 iri
1545 897 1662 929 dixerat,
1679 902 1707 924 ut
1723 897 1771 924 ad-

981 950 1077 970 versus
1090 942 1211 977 singulas
1226 941 1342 969 haereses
1358 942 1512 974 dissereret.
1535 947 1581 969 aut
1606 943 1632 970 in
1659 943 1706 970 illo
1738 943 1772 970 de

984 988 1134 1015 haeresihus
1163 988 1265 1018 libello,
1291 991 1338 1014 aut
1359 987 1386 1014 in
1415 988 1468 1015 alio
1493 988 1627 1022 praestitit.
1657 998 1667 1014 ι
1688 988 1773 1024 Magis

984 1035 1066 1062 etiam
1081 1035 1191 1066 mirum,
1208 1034 1282 1068 quod
1295 1033 1323 1060 in
1336 1033 1501 1060 Bibliotheca
1512 1042 1560 1061 sua
1571 1033 1696 1066 Photius,
1712 1039 1773 1069 post

984 1082 1123 1109 laudatum
1137 1090 1152 1109 a
1164 1090 1193 1109 se
1204 1081 1357 1108 Panarium
1369 1080 1452 1114 dicat,
1462 1088 1538 1108 num.
1551 1081 1612 1113 124,
1631 1091 1640 1107 ε
1657 1081 1773 1116 legimus

985 1133 1012 1156 et
1027 1128 1189 1154 Aucoratunt
1202 1127 1335 1162 ejusdem,
1364 1134 1425 1161 qua:
1453 1131 1495 1154 est
1517 1134 1624 1154 summa
1649 1128 1774 1162 quaedam

986 1174 1190 1202 Panariorum:
1214 1184 1223 1200 ι
1239 1173 1460 1209 quandoquidem
1485 1177 1560 1200 tanto
1588 1173 1665 1208 prius
1687 1175 1775 1200 Anco-

986 1226 1074 1248 ratum
1084 1229 1165 1256 quam
1182 1220 1331 1247 Panartum
1345 1220 1429 1247 fuisse
1442 1221 1623 1255 compositum
1640 1220 1775 1247 indubita-

987 1267 1040 1295 hile
1055 1267 1100 1295 sit.
1116 1266 1223 1302 Legcrit
1248 1268 1365 1294 fortasse
1388 1266 1503 1293 Photius
1525 1265 1773 1300 Analcep/ialwosin,

987 1313 1075 1340 serius
1091 1313 1201 1348 quidem
1217 1313 1408 1348 compositam,
1422 1313 1468 1340 sed
1492 1313 1520 1339 in
1543 1313 1636 1340 eodem
1652 1312 1776 1340 fortassis

988 1359 1125 1386 volumine
1141 1359 1270 1394 scriptam
1286 1367 1348 1387 cum
1363 1361 1505 1391 Ancorato,
1521 1359 1589 1386 citra
1615 1359 1677 1385 novi
1706 1358 1776 1386 tituli

988 1405 1202 1437 distinctionem,
1220 1410 1301 1440 atque
1331 1405 1368 1432 ita
1390 1413 1472 1432 unum
1494 1412 1555 1431 esse
1571 1412 1639 1439 opus
1655 1405 1777 1432 credide-

989 1452 1025 1479 rit
1048 1461 1056 1479 ι
1077 1452 1248 1486 Augustinus
1277 1456 1368 1479 autem
1389 1459 1449 1478 eam
1474 1452 1571 1486 legisse
1598 1459 1651 1478 nou
1678 1452 1777 1486 potuit,

989 1505 1052 1525 ctnn
1073 1497 1236 1524 divisionem
1263 1498 1343 1532 longe
1368 1498 1448 1524 aliatn
1470 1497 1615 1529 invenerit,
1640 1505 1725 1532 quam
1750 1498 1777 1524 in

991 1544 1048 1579 ipsa
1065 1544 1111 1576 sit,
1130 1549 1222 1578 utpote
1238 1543 1332 1570 cadent
1349 1551 1409 1578 quae
1424 1543 1452 1569 in
1473 1542 1602 1569 Ponat-io.

1027 1590 1071 1617 52.
1093 1590 1146 1617 Sed
1169 1590 1315 1624 ipsunnnct
1345 1589 1526 1623 Epiphaniam
1553 1588 1587 1616 de
1612 1597 1664 1616 suo
1685 1596 1777 1624 opere,

991 1635 1063 1670 quod
1084 1635 1171 1662 solum
1195 1632 1402 1660 Graeco-Latine
1428 1633 1530 1660 editum
1560 1633 1660 1667 grande
1685 1634 1778 1668 implet

991 1679 1130 1712 volumen,
1145 1679 1289 1705 audiamus
1303 1678 1457 1712 loquentem
1472 1678 1499 1704 iu
1514 1677 1628 1712 epistola
1653 1679 1686 1704 ad
1709 1678 1778 1705 Aca-

992 1725 1064 1752 cium
1085 1729 1112 1752 et
1137 1724 1251 1751 Paulum
1282 1733 1289 1750 :
1311 1733 1319 1748 ι
1344 1722 1478 1756 Quoniam
1503 1723 1641 1751 haereseon
1669 1725 1778 1752 nomina

993 1770 1084 1797 omnia
1108 1770 1269 1797 declaranda
1293 1769 1370 1796 vobis
1388 1768 1440 1795 hoc
1461 1769 1487 1795 iu
1509 1769 1579 1796 libro
1596 1771 1778 1804 suscepimus,

993 1822 1044 1842 nec
1055 1822 1108 1841 non
1119 1814 1286 1841 exsecranda
1315 1821 1348 1841 ac
1363 1813 1466 1840 nefaria
1484 1814 1593 1841 illarum
1613 1814 1724 1850 ﬂagitia,
1739 1816 1779 1843 sic

993 1865 1122 1894 tauquam
1149 1859 1362 1894 praesentissima
1387 1860 1511 1894 quredam
1540 1868 1655 1893 venena,
1676 1861 1778 1895 patefa-

993 1913 1055 1933 cere
1069 1905 1209 1937 volumus;
1221 1909 1303 1939 atque
1318 1905 1360 1932 his
1375 1905 1447 1931 velut
1459 1906 1580 1932 autidota
1592 1906 1714 1940 quaedam
1731 1915 1779 1941 op-

992 1955 1135 1986 ponentes,
1145 1958 1206 1985 quae
1217 1950 1257 1977 vel
1270 1950 1304 1977 iis
1315 1951 1362 1985 qui
1376 1958 1469 1978 ntorsu
1486 1951 1561 1985 petiti
1579 1957 1643 1979 sunt
1659 1953 1779 1979 remedio

993 2005 1054 2024 esse
1068 1997 1183 2031 possint,
1201 1996 1243 2023 vel
1257 2003 1316 2029 eos,
1332 1997 1432 2031 quibus
1445 2005 1477 2023 ne
1492 1997 1612 2024 incidant
1627 1999 1779 2032 periculum

993 2048 1044 2074 est,
1058 2043 1238 2077 pt'wtnuniant
1250 2047 1277 2069 et
1292 2046 1465 2075 conservent,
1489 2043 1664 2069 honestarum
1687 2051 1778 2070 rerum

993 2089 1123 2116 studiosis
1136 2089 1326 2121 conscribere;
1348 2088 1494 2115 Pauarium
1513 2088 1569 2115 sive
1584 2089 1704 2115 arculam
1720 2098 1778 2116 tne-

995 2134 1095 2166 dicant,
1113 2135 1146 2161 ad
1159 2142 1253 2161 eorum
1269 2135 1315 2169 qui
1330 2142 1345 2161 a
1361 2134 1534 2169 serpentibus
1549 2134 1594 2161 icti
1615 2139 1680 2161 sunt
1694 2142 1779 2161 reme~

993 2180 1149 2214 dium,jure
1166 2189 1234 2215 opus
1251 2181 1315 2207 illud
1328 2188 1359 2208 ac
1378 2180 1478 2207 librtun
1502 2181 1698 2215 appellabimus
1713 2190 1719 2208 :
1732 2181 1779 2216 qui

958 2239 979 2268 Β
995 2226 1022 2252 iu
1044 2231 1097 2254 tres
1113 2232 1203 2261 partes
1216 2227 1329 2259 divisus,
1344 2227 1459 2254 haereses
1473 2227 1609 2260 octoginta
1621 2226 1779 2261 complecti-

996 2275 1050 2302 tur,
1062 2279 1122 2306 quze
1135 2276 1289 2305 serpentum
1311 2279 1342 2298 ac
1364 2271 1500 2305 reptilium
1518 2271 1622 2298 similes
1635 2275 1698 2298 sunt
1712 2281 1718 2298 :
1735 2279 1778 2299 sc-

994 2316 1113 2344 cundutu
1140 2325 1209 2352 quas
1229 2317 1350 2344 veritatis
1379 2316 1579 2343 firmamentum
1606 2319 1633 2342 et
1650 2316 1779 2344 salutaris

993 2362 1116 2389 doctrina
1133 2363 1248 2397 ﬁdeique
1274 2362 1390 2390 formula
1409 2362 1529 2396 subjecta
1551 2367 1603 2393 est,
1626 2370 1657 2390 ac
1677 2363 1779 2390 Christi

993 2416 1103 2443 sponsa.
1122 2413 1215 2435 sancta
1238 2408 1362 2435 videlicet
1387 2407 1520 2439 Ecclesia,
1544 2407 1701 2435 declarata:
1718 2417 1779 2443 quae

992 2461 1053 2481 cunt
1065 2454 1121 2488 jam
1139 2459 1195 2481 tutu
1207 2455 1242 2481 ab
1255 2455 1321 2481 urbe
1339 2455 1448 2482 condito
1464 2463 1525 2482 esse
1545 2456 1668 2490 cmperit,
1685 2461 1778 2490 postea

992 2503 1082 2526 tamen
1096 2507 1143 2533 per
1163 2499 1263 2527 Christi
1291 2499 1397 2526 Domini
1426 2500 1651 2533 incarnationem,
1678 2505 1779 2535 tempo-

991 2553 1052 2573 rum
1067 2545 1252 2578 suecessione,
1269 2550 1332 2572 ante
1341 2548 1676 2574 eommemoratas'omnes
1693 2547 1775 2574 luere-

991 2599 1045 2623 ses,
1064 2591 1171 2626 vulgata
1188 2596 1270 2625 atque
1285 2590 1430 2625 patefacta,
1454 2591 1604 2626 eademque
1618 2599 1632 2618 a
1648 2591 1726 2618 nobis
1749 2592 1777 2618 iu

990 2638 1210 2665 Commentarios
1233 2645 1265 2663 ex
1287 2637 1388 2664 Christi
1412 2638 1606 2672 przedicatioue
1631 2638 1715 2664 relata
1732 2639 1776 2672 (ad

990 2684 1150 2710 Ancon-alunt
1167 2682 1279 2709 forsitan
1298 2683 1353 2710 haec
1366 2683 1526 2718 respiciunt)
1540 2691 1571 2710 ac
1585 2691 1694 2710 rursum
1715 2688 1776 2718 post

990 2729 1151 2764 explicatam
1163 2736 1269 2755 omnem
1282 2729 1395 2755 istarum
1410 2729 1549 2756 haereseon
1563 2729 1774 2763 improbitatem,

990 2782 1022 2801 ex
1047 2773 1231 2808 apostolorutu
1261 2773 1384 2801 doctrina
1415 2779 1541 2801 accurate
1570 2782 1602 2800 ac
1632 2774 1775 2808 perspicue

989 2820 1062 2847 hrevi
1076 2819 1193 2854 quodam
1209 2823 1252 2846 est
1262 2819 1424 2854 compendio
1435 2819 1575 2854 subjecta;
1590 2819 1627 2846 uti
1639 2827 1670 2846 ea
1684 2826 1712 2846 re
1725 2826 1774 2846 eo-

989 2873 1049 2894 rum
1065 2869 1222 2894 recreentur
1234 2872 1267 2893 ae
1279 2865 1435 2893 reficiantur
1457 2865 1551 2898 animi,
1570 2865 1616 2900 qui
1633 2865 1704 2892 httnc
1718 2865 1773 2894 ha-
