1934 3029
146 127 196 155 155

653 123 683 152 S.
703 122 877 151 EPIPHANII
894 123 987 151 ACTA
1005 121 1257 150 BOLLANDIANA.

1722 116 1778 146 156

146 190 240 212 reseon
271 180 517 216 percurrendarum
558 180 679 208 laborem
714 179 895 214 susceperint.
925 188 934 204 ι
952 182 974 208 Λ
991 187 1000 203 ι
1022 178 1047 204 in
1065 185 1229 212 unaquaque
1244 181 1331 208 aetate,
1348 185 1357 201 ι
1376 181 1406 203 ut
1425 176 1495 203 idem
1521 175 1649 203 Petavius
1669 176 1696 203 in
1719 178 1780 211 epi-

180 227 225 255 55.
243 225 367 253 Prtedicti
386 230 477 252 autem
496 229 551 251 tres
575 224 636 252 libri
659 225 699 251 sic
718 224 887 255 dividuntur,
906 226 936 249 ut

148 271 283 300 secundus
296 275 321 297 et
339 270 435 297 tertius
461 270 487 296 itt
511 273 567 296 tres
589 269 690 304 singuli
715 274 804 296 tomos
827 268 935 302 dispar-

148 317 263 349 tiantur;
280 320 362 350 atque
377 315 414 342 ita
441 323 504 342 cum
528 315 628 350 primo,
655 315 702 349 qui
727 314 859 341 imlivisns
885 318 935 344 est.

150 363 286 391 exsistant
297 361 364 388 tomi
385 365 500 396 septem.
523 361 557 388 Et
582 361 634 388 alia
660 361 769 396 quidem
792 360 937 394 Epiphanii

149 416 245 443 opera,
262 412 292 435 ut
308 407 491 442 Hieronymus
506 406 533 433 in
555 406 624 433 libro
641 405 679 432 De
696 406 868 440 scriptoribus
888 405 936 436 ait,

153 464 162 480 ι
175 454 209 481 ab
220 453 335 481 eruditis
359 457 469 488 propter
496 460 550 483 res,
567 460 581 478 a
595 451 805 486 simplicioribus
831 456 939 485 propter

150 499 231 527 verba
248 499 414 526 lectitantur.
433 507 442 523 ι
461 497 574 524 Photius
592 503 682 524 autem
701 497 734 523 de
755 496 872 523 Panario
888 503 939 522 no-

151 546 286 577 minatim,
301 545 358 572 sive
371 545 413 578 (ut
433 545 491 579 ipse
504 552 566 570 cum
584 544 730 571 Anastasio
753 543 857 570 Sinaita
880 543 940 577 plu-

150 592 244 618 raliter
267 591 407 628 appellat)
430 599 440 615 ‹
467 589 610 622 Panariis,
634 598 643 614 ι
670 591 707 616 ait
735 590 807 623 quod
831 594 938 620 auctor,

154 645 225 672 «prae
239 637 300 664 aliis
322 637 368 670 qui
386 640 449 662 ante
466 635 554 670 ipsum
576 635 707 662 advorsus
729 635 846 662 haereses
862 636 940 663 lucu-r

151 682 290 710 brationes
304 681 459 714 ediderunt,
476 681 586 708 uberior
605 685 686 715 atque
700 681 793 708 tttilior
804 686 863 714 est;
877 688 938 707 nam

152 736 203 756 nec
212 735 243 755 ea
255 727 431 762 prietermisit
441 734 611 761 quascunque
625 726 659 753 ab
674 726 862 761 aliis.prodita
891 727 942 753 uti-

152 773 237 800 litatis
252 771 353 807 aliquid
368 772 520 805 continent,
543 775 571 797 ct
593 771 652 805 ipse
670 779 731 806 quae
752 772 842 806 potttit
867 779 883 798 a
912 780 942 800 se

153 818 305 852 excogitata
321 817 383 844 aliis
400 816 512 847 addidit,
539 816 646 843 initium
672 816 776 844 ducens
802 824 818 843 a
837 815 940 844 Barba-

989 224 1057 250 stola
1078 224 1246 250 dedicatoria
1275 228 1358 255 notat,
1385 233 1394 248 ι
1420 223 1546 250 rediviva:
1570 224 1777 250 mendaciorum

987 275 1076 300 secus.
1098 269 1231 304 evnlgatis
1249 274 1370 296 veterum
1397 269 1536 296 hazreseon
1562 269 1698 296 abstrusis
1735 277 1779 296 rc-

988 315 1158 349 conditisque
1179 315 1326 349 mysteriis,
1343 314 1512 341 validissime
1528 315 1681 349 propulsari
1698 323 1779 342 ever-

988 361 1062 395 tiqne
1075 361 1196 395 possint;
1209 365 1236 388 et
1255 365 1380 388 auctores
1394 360 1513 395 perﬁdiae
1535 365 1616 395 atque
1631 361 1773 392 satellites,

988 413 1054 433 suos
1066 406 1092 433 in
1110 406 1174 438 illis,
1185 414 1255 440 quos
1266 406 1375 440 quidem
1388 407 1559 438 erubescant,
1575 406 1712 441 principes
1724 414 1776 433 au-

989 457 1132 486 ctoreSque
1158 456 1364 487 recognoscant.
1384 451 1432 479 Est
1453 452 1563 487 quidem
1585 453 1656 487 ejus.
1682 453 1727 486 qui
1749 453 1779 480 in

989 498 1115 525 haeresim
1133 499 1172 525 vel
1196 498 1360 525 moliendum
1384 498 1426 525 vel
1454 498 1584 526 tuendam
1611 499 1777 531 incubuerit,

990 542 1098 569 animus
1117 542 1143 568 in
1159 550 1268 569 omnem
1285 543 1427 570 audaciam
1445 544 1504 571 sine
1519 544 1575 571 ullo
1591 544 1694 578 pudore
1714 551 1780 578 pro-

989 586 1079 622 jectus
1096 596 1102 614 :
1117 588 1163 615 sed
1181 596 1261 615 nemo
1275 592 1317 616 est
1340 593 1430 617 tantcn
1456 597 1489 616 ex
1517 589 1571 617 illis
1595 590 1778 616 absurdarum

991 631 1148 664 opinionum
1171 632 1303 666 patronis,
1322 641 1402 667 quem
1429 641 1484 660 non
1501 638 1639 668 utcunque
1661 634 1780 661 convicti

991 675 1056 702 olim
1069 677 1172 704 erroris
1186 682 1267 712 atque
1289 679 1411 705 damnati
1439 679 1548 713 pudeat.
1572 679 1632 706 Sint
1655 687 1729 710 sane,
1750 684 1783 706 ul.

991 727 1064 754 sunt,
1079 722 1161 750 ferrei
1173 730 1269 751 omnes
1283 724 1413 757 haeretici,
1427 725 1483 752 sint
1498 725 1669 759 pervicaces;
1684 725 1782 751 iidem-

993 776 1047 802 que
1059 777 1089 796 se
1102 769 1129 795 iu
1150 769 1208 803 ipso
1231 770 1330 797 ardore
1349 770 1550 805 agitationeque
1564 771 1720 805 disputandi
1745 771 1782 797 ad

992 814 1173 841 resistendum
1192 814 1283 842 acrius
1298 815 1412 851 fingant,
1430 821 1522 843 tamen
1535 817 1582 851 qui
1599 816 1625 843 id
1641 816 1780 848 didicerit,

154 851 240 891 rismo
254 867 281 890 et
296 863 329 890 ad
355 861 533 889 Messalianos
553 869 640 896 usque
661 862 832 896 perveniens.
848 862 940 889 Genus
955 851 977 880 Β
994 860 1096 895 quique
1110 860 1191 887 certis
1207 866 1329 888 veterum
1347 863 1512 890 testimoniis
1527 864 1702 898 compererit,
1717 868 1782 891 ante

155 917 235 945 porro
251 918 260 934 ι
277 908 396 940 dicendi,
421 918 429 933 ι
446 908 535 942 inquit
546 907 672 940 Photius,
689 917 698 933 ι
717 908 831 941 humile,
852 912 878 935 et
893 916 942 935 cu-

152 955 272 990 jusmodi
286 961 348 981 esse
358 958 447 988 potest
457 953 504 986 qui
519 953 617 980 Atticae
629 952 761 980 doctrina:
772 953 848 980 rudis
860 954 944 980 exsti-

155 1001 228 1028 terit.
245 999 298 1027 Sed
318 1004 344 1027 et
359 1000 388 1026 in
411 999 585 1027 confutandis
608 998 757 1026 haeresibus
781 999 941 1034 plerumque

155 1053 252 1081 parum
271 1053 402 1073 nervosus
415 1049 467 1077 est,
481 1052 639 1079 quanquam
654 1045 789 1072 interdum
809 1050 940 1079 przestan-

157 1093 272 1121 tissimis
292 1092 352 1119 illas
370 1092 523 1118 rationibus
545 1099 577 1118 ac
599 1091 741 1118 sententiis
766 1091 941 1126 aggreditur;

156 1139 209 1166 etsi
231 1137 316 1165 nihilo
334 1138 418 1164 dictio
442 1137 477 1164 sit
502 1141 583 1171 atque
593 1136 726 1164 orationis
746 1141 883 1163 structura
896 1140 943 1162 aut

157 1184 245 1219 stylus
263 1183 323 1218 ipse
339 1183 520 1210 commodior.
548 1192 556 1208 I
577 1181 681 1216 Nempe
707 1189 853 1217 perparutn
879 1187 946 1209 tem-

157 1229 233 1266 poris
254 1229 394 1263 studiique
408 1229 434 1255 in
458 1227 608 1255 excolenda
632 1227 718 1255 Graeci
738 1228 873 1255 sermonis
891 1227 948 1254 clo-

157 1275 279 1311 queutia,
295 1276 339 1302 cui
352 1275 452 1302 bonam
473 1275 536 1301 vita:
552 1279 657 1308 partem
677 1274 808 1301 cultiores
829 1274 873 1300 alii
895 1273 948 1300 Pa-

159 1326 213 1348 tres
226 1320 354 1352 Basilius,
368 1320 569 1352 Nazianzenus,
580 1319 795 1354 Chtysostotnus
810 1319 948 1354 impende-

159 1371 244 1400 runt,
279 1367 450 1394 Alexandriae
475 1367 566 1401 posuit
593 1365 781 1400 Epiphanius,
809 1370 837 1392 ut
866 1373 948 1400 supra

159 1413 293 1445 vidimus;
313 1420 431 1447 moxque
448 1413 482 1439 ad
503 1413 625 1447 spiritus,
646 1419 699 1439 non
713 1411 849 1438 sermonis
869 1418 948 1438 exer-

159 1458 302 1486 citationes
324 1463 512 1493 transgressus
534 1459 561 1484 in
585 1465 717 1490 eremutn,
741 1458 839 1484 multas
859 1457 948 1492 potius

158 1502 265 1538 linguas
277 1502 357 1534 scire,
372 1510 455 1537 quam
469 1511 551 1529 unam
568 1503 696 1536 perlicere
709 1502 841 1536 eligebat;
855 1502 947 1529 lauda-

160 1552 205 1576 tus
223 1548 283 1576 ideo
296 1548 330 1575 ab
347 1547 510 1583 Hieronymo
525 1548 552 1574 in
569 1547 701 1582 Apologia
726 1547 743 1573 2
759 1552 849 1573 contra
865 1547 947 1582 [iu/ﬁ-

159 1602 234 1626 num,
249 1603 258 1619 ι
278 1593 350 1628 quod
363 1593 496 1625 Graecam,
514 1593 608 1628 Syram
626 1598 652 1620 et
667 1592 817 1626 Hebrteatn,
830 1598 857 1620 et
866 1593 949 1628 Αἰμ-

158 1641 275 1675 ptiacam
287 1639 417 1674 linguam,
436 1647 469 1666 ex
490 1644 565 1674 parte
576 1639 658 1666 etiam
677 1645 704 1666 et
723 1639 848 1666 Latinam
867 1647 949 1666 nove-

160 1687 224 1713 rit:
248 1695 258 1712 ι
291 1685 363 1712 unde
398 1684 432 1711 de
458 1692 490 1711 eo
523 1684 688 1719 querebatur
712 1684 848 1717 Bullinus,
876 1685 948 1719 quod

163 1740 174 1758 ι
192 1731 266 1759 velut
286 1731 474 1758 necessitatem
496 1730 700 1764 evangelizandi
720 1738 768 1765 per
785 1738 880 1758 omnes
897 1731 950 1758 lin-

160 1776 340 1812 suas-habere
356 1783 386 1803 se
397 1780 514 1811 putaret,
529 1776 562 1803 de
573 1775 689 1811 Origene
700 1777 771 1804 tnale
783 1777 921 1811 loquendi.
936 1787 946 1803 ι

195 1822 240 1849 54.
259 1820 310 1848 Per
324 1822 394 1849 hanc
414 1826 505 1848 autem
521 1822 655 1848 sermonis
673 1822 797 1849 cultioris
814 1822 948 1849 incuriam

160 1874 209 1894 seu
225 1866 388 1901 imperitiam
413 1866 514 1893 factum
537 1871 590 1899 est,
613 1872 643 1894 ut
665 1868 690 1894 in
713 1875 747 1894 eo
769 1867 865 1895 Latine
886 1868 949 1895 red-

160 1913 266 1946 dendo,
293 1913 425 1948 majorem
455 1913 586 1947 opinione
609 1921 659 1940 sua
687 1913 807 1941 laborem
835 1914 950 1942 senserit

160 1958 309 1987 Petavius:
331 1968 341 1984 ι
366 1959 520 1986 Accedebat
540 1968 550 1984 ›
575 1959 660 1991 enim,
688 1959 776 1994 inquit
799 1960 826 1987 in
850 1960 949 1995 praefa-

160 2005 235 2032 tione
254 2004 289 2032 ad
310 2005 450 2037 lectorem,
473 2014 483 2030 ι
503 2005 535 2031 ad
559 2012 731 2032 communem
756 2006 949 2040 interpretandi

160 2051 313 2078 molestiam
344 2051 479 2085 praecipua
495 2051 657 2085 quaedamin
675 2051 722 2078 illo
737 2051 869 2086 scriptore
882 2051 950 2078 ditii-

160 2097 260 2130 cultas,
273 2096 347 2131 quod
364 2096 502 2131 incompta
515 2101 542 2123 et
554 2097 691 2124 salebrosa
707 2101 748 2124 est
762 2097 835 2124 illius
850 2097 948 2130 oratio,

160 2145 188 2170 et
207 2142 234 2169 in
247 2150 300 2177 qua
312 2143 534 2176 lrequentissime
549 2148 698 2170 occurrunt
720 2142 766 2169 illa
787 2150 847 2176 qua:
863 2142 950 2170 Graeci

994 906 1028 932 ab
1041 906 1162 940 antiquis
1175 905 1303 934 Patribus
1322 912 1349 934 et
1366 908 1489 935 conciliis
1512 909 1677 944 publicoque
1700 910 1783 936 Citri-

995 950 1147 977 stianorunt
1170 959 1306 979 consensu
1330 953 1420 987 agnita
1442 961 1473 980 ac
1493 954 1632 988 repudiata
1653 955 1783 990 dogmata

998 995 1054 1028 illa,
1074 1004 1156 1030 quam
1176 997 1214 1023 illi
1237 997 1287 1032 ipsi
1309 1000 1394 1032 (quos
1416 999 1550 1034 sequitur)
1574 1000 1782 1036 interpolatores

998 1041 1179 1075 exsisterent;
1206 1042 1250 1068 vix
1272 1042 1335 1073 erit,
1364 1043 1472 1078 opinor,
1499 1045 1587 1078 ullus,
1610 1046 1704 1080 cujus,
1729 1046 1783 1073 nisi

998 1085 1086 1122 frangi
1112 1088 1289 1123 edomariqne
1310 1090 1482 1117 contumacia
1502 1092 1632 1125 potuerit,
1652 1099 1705 1119 non
1724 1092 1783 1118 latt-

998 1132 1136 1167 guidiores
1151 1134 1249 1162 habeat
1271 1136 1427 1170 eruptiones
1449 1142 1476 1163 et
1496 1137 1623 1172 impetus,
1642 1145 1674 1165 ac
1687 1139 1783 1172 paula-

999 1177 1046 1204 tim
1064 1186 1111 1212 per
1128 1187 1247 1214 seipsam
1265 1180 1423 1215 refrigerata
1440 1185 1522 1216 atque
1544 1187 1672 1209 enervata
1690 1183 1784 1210 conci-

997 1224 1054 1250 dat.
1075 1233 1085 1249 ι
1108 1223 1228 1252 Joannes
1250 1225 1382 1260 Baptista,
1408 1231 1460 1254 etc.
1490 1226 1557 1255 Vide
1582 1228 1697 1263 append.
1719 1237 1782 1264 pag.

998 1268 1058 1302 684,
1072 1270 1125 1296 col.
1146 1270 1172 1297 2.
1569 1283 1573 1287 '

1307 1316 1420 1344 CAPUT
1440 1317 1472 1344 V.

1000 1369 1126 1396 Extrema
1139 1373 1223 1399 sancti
1239 1378 1299 1399 acta
1317 1373 1562 1434 Cortztantinopali;
1577 1384 1645 1402 mors
1660 1376 1686 1402 in
1699 1377 1784 1404 reditu

1350 1418 1364 1434 υ
1385 1414 1432 1434 ιια.

1350 1414 1432 1436 υυιια.

1034 1451 1079 1479 55.
1101 1451 1172 1485 Quid
1189 1453 1223 1480 de
1235 1452 1361 1488 Origenis
1376 1455 1453 1482 libris
1469 1455 1538 1489 Περὶ
1559 1456 1660 1490 ἀρχῶν
1674 1457 1786 1484 sentiret

1000 1496 1188 1532 Epiphanius,
1220 1499 1286 1526 satis
1318 1500 1468 1528 declaravit
1498 1509 1546 1536 per
1581 1502 1728 1537 Epistulam
1751 1503 1785 1529 ad

1000 1543 1130 1570 Joannem
1154 1544 1437 1580 Hierosolymitanum,
1461 1549 1541 1582 cujus
1565 1556 1647 1584 supra
1669 1549 1785 1578 iecimus

1000 1590 1175 1616 mentionem.
1192 1589 1261 1617 Dum
1275 1595 1366 1618 autem
1383 1591 1433 1619 hac
1446 1600 1478 1619 ex
1492 1600 1574 1620 causa
1588 1594 1786 1628 disputationes

1000 1633 1027 1660 in
1044 1633 1187 1662 Palaestina
1202 1635 1355 1670 ferverent,
1376 1638 1491 1672 contigit
1512 1640 1594 1665 etiatn
1616 1639 1786 1667 Alexandria:

1002 1679 1155 1707 simultates
1172 1681 1249 1708 nasci
1269 1681 1341 1709 inter
1367 1682 1547 1718 Theophilum
1569 1685 1739 1712 Alexandriae
1760 1691 1786 1713 et

1000 1725 1162 1754 Dioscorum
1176 1727 1372 1762 Hermopoleos
1393 1730 1564 1765 episcopatu,
1591 1736 1672 1766 atque
1705 1733 1786 1767 hujus

1000 1772 1099 1800 fratres
1115 1773 1289 1800 Atnmonium
1309 1779 1336 1802 et
1356 1774 1503 1803 Eusebium
1521 1783 1705 1812 cognomento
1717 1779 1786 1806 Lou-

1000 1826 1060 1854 gos,
1074 1819 1185 1846 totidem
1207 1822 1436 1848 monasteriorum
1457 1823 1610 1857 praefectos,
1637 1833 1705 1859 quos
1723 1833 1785 1852 cum

1000 1865 1119 1898 primum
1137 1865 1234 1892 charos
1250 1865 1393 1894 habuisset
1411 1866 1588 1903 Theophilus,
1606 1870 1677 1897 haud
1690 1871 1785 1897 innue-

1000 1912 1052 1940 rito
1067 1913 1164 1940 deinde
1180 1921 1194 1940 a
1211 1921 1240 1940 se
1255 1921 1367 1942 aversos
1389 1921 1469 1950 atque
1487 1917 1520 1943 ad
1545 1917 1720 1945 solitudinem
1746 1927 1786 1946 re-

1000 1966 1121 1993 pressos,
1141 1960 1267 1995 persequi
1289 1961 1379 1988 modis
1400 1962 1528 1990 omnibus
1551 1965 1660 1997 statuit;
1685 1969 1712 1991 et
1733 1972 1786 1999 quo

1000 2005 1182 2037 simpliciores
1195 2006 1345 2033 monachos
1367 2007 1401 2033 ab
1420 2007 1514 2034 iisdem
1531 2009 1712 2042 abstraheret,
1728 2011 1786 2037 cnl-

1001 2058 1065 2084 pare
1076 2051 1103 2078 itt
1120 2050 1160 2078 eis
1176 2052 1359 2086 prtesumpsit,
1375 2054 1447 2087 quod
1466 2053 1550 2080 Deum
1566 2055 1685 2083 humana
1701 2057 1785 2083 forma

1000 2096 1143 2131 praeditum
1162 2102 1301 2132 negarent,
1321 2099 1445 2133 Origenis
1460 2101 1610 2134 praesertim
1626 2103 1786 2129 auctoritate

1001 2141 1111 2168 sull‘ulti.
1126 2141 1193 2168 Cum
1217 2147 1308 2169 autem
1336 2151 1382 2171 eos
1406 2143 1673 2181 Constantinopolim
1700 2148 1733 2174 ad
1756 2148 1784 2175 S.

160 2188 313 2215 ἁναπόδοτα
337 2193 364 2215 et
384 2187 551 2214 ἀνακόλουθα
575 2188 717 2214 nominant
736 2197 744 2214 :
767 2187 892 2222 pedestre
918 2194 944 2214 at

1000 2186 1133 2214 Joannetn
1159 2187 1387 2222 Chrysostomum
1416 2191 1571 2226 confugisse
1600 2192 1784 2227 intellexisset,

161 2234 289 2268 populare
301 2234 406 2261 dicendi
421 2242 506 2269 genus
525 2243 531 2261 :
549 2233 622 2268 quod
637 2234 693 2260 sive
715 2233 790 2268 plani
810 2232 946 2260 sermonis

159 2279 333 2313 simplicitate
351 2280 482 2314 consequi
497 2279 626 2311 volueris,
645 2279 803 2313 subagreste
817 2279 946 2313 quiddam

159 2325 272 2352 exsistet
284 2333 316 2352 ac
338 2325 472 2360 putidum,
486 2325 639 2360 cujusmodi
655 2325 710 2352 fere
733 2329 798 2352 sunt
818 2324 913 2351 Latina
934 2334 944 2350 ›

159 2370 260 2406 prioris
287 2370 442 2406 interpretis
469 2381 478 2396 l
505 2371 642 2402 Coruarii,
668 2371 748 2405 cujus
775 2379 825 2398 nos
854 2372 947 2405 utique

159 2415 263 2443 similes
277 2423 338 2444 esse
360 2417 495 2450 nolimus;
519 2417 562 2444 sin
589 2423 715 2444 ornatum
740 2420 822 2451 atque
841 2417 946 2444 cultant

159 2460 299 2493 adhibeas,
315 2462 342 2488 id
364 2463 422 2490 sine
446 2470 545 2497 magna
571 2463 768 2490 sententiarum
791 2468 946 2490 commuta-

161 2507 233 2534 tione
243 2506 364 2534 obtinere
378 2507 424 2534 vix
441 2509 542 2542 possis.
562 2518 571 2534 ι
588 2508 713 2543 Magnam
732 2509 814 2543 igitur
835 2507 946 2536 Petavio

158 2553 288 2581 debemus
302 2553 427 2589 gratiam,
455 2555 526 2588 quod
550 2554 609 2589 ejus
627 2555 759 2582 beneﬁcio
784 2555 824 2582 sic
846 2554 946 2582 Latine

159 2598 313 2634 loquentem
329 2599 472 2626 audiamus
489 2599 683 2634 Epiphaniam,
699 2605 729 2627 ut
748 2601 810 2636 styli
829 2601 945 2628 nitorem

159 2645 187 2672 in
202 2653 235 2672 eo
249 2653 301 2672 non
317 2645 520 2678 desideretnns;
540 2646 626 2673 ntulto
642 2650 733 2673 tamen
751 2646 883 2681 majorem
893 2646 945 2682 ipsi

159 2695 264 2722 sancto,
280 2691 352 2726 quod
367 2699 424 2718 sua:
439 2690 490 2718 sibi
506 2690 534 2718 in
549 2699 581 2718 eo
604 2699 701 2726 genere
717 2691 856 2719 tenuitatis
879 2700 946 2719 con-

159 2737 244 2769 scius,
258 2737 452 2772 contempserit
476 2737 579 2773 judicia
605 2737 808 2765 fastidiosorutn
830 2739 946 2773 philolo-

159 2789 264 2816 gorum,
283 2783 363 2810 modo
380 2783 521 2818 prodesset
538 2783 666 2818 publico;
686 2791 773 2818 eaque
789 2784 943 2818 protulerit,

159 2835 275 2857 quorum
290 2836 397 2860 semper
409 2829 527 2856 max-ima
541 2833 568 2856 et
581 2827 631 2856 fuit
642 2834 669 2856 et
678 2828 738 2864 erit
753 2829 867 2864 utilitas,
881 2837 943 2857 cum

1001 2237 1082 2267 atque
1095 2233 1128 2259 ab
1145 2234 1195 2260 hoc
1210 2240 1368 2268 suscoptos;
1382 2237 1502 2270 cogitare
1518 2238 1612 2272 coepit,
1626 2239 1714 2274 inquit
1740 2239 1785 2266 So—

1001 2286 1131 2306 zomenus
1153 2279 1202 2307 lib.
1221 2287 1279 2312 vttt,
1300 2288 1360 2315 cap.
1379 2281 1414 2308 23
1439 2287 1464 2308 et
1483 2283 1622 2318 deinceps,
1639 2294 1648 2309 ι
1668 2293 1720 2319 qua
1741 2293 1784 2312 ra-

1002 2325 1075 2351 tione
1088 2324 1221 2353 Joannem
1239 2334 1350 2361 quoque
1365 2327 1453 2361 ipsum
1469 2329 1502 2355 ab
1515 2330 1672 2364 episcopatu
1689 2330 1785 2365 dejice-

1000 2375 1051 2398 ret.
1075 2370 1174 2398 Verum
1198 2373 1255 2400 lucc
1281 2373 1306 2400 in
1335 2374 1432 2401 intimo
1457 2375 1578 2409 pectoris
1610 2377 1651 2403 sui
1678 2384 1784 2404 recessu

1000 2417 1142 2445 occultans
1156 2425 1189 2445 ac
1212 2419 1336 2451 moliens,
1367 2420 1476 2455 scripsit
1503 2421 1612 2447 interitu
1639 2421 1671 2448 ad
1692 2429 1784 2449 omnes

1000 2462 1102 2496 ubique
1123 2463 1245 2490 locortttn
1271 2465 1414 2500 episcopos
1437 2466 1553 2498 litteras,
1581 2466 1680 2500 quibus
1704 2467 1783 2494 libros

999 2508 1126 2544 Origcnis
1138 2511 1363 2544 reprehendebat.
1379 2511 1503 2546 Cumque
1525 2512 1714 2539 consideraret
1729 2522 1783 2539 ma-

999 2563 1052 2590 gno
1076 2556 1127 2583 sibi
1149 2557 1334 2584 emolumento
1360 2556 1429 2588 fore,
1454 2558 1476 2584 si
1493 2557 1689 2592 Epiphaniam,
1710 2559 1784 2586 Sala-

1000 2601 1081 2628 minis
1101 2601 1128 2627 in
1142 2601 1231 2636 Cypro
1247 2603 1416 2637 episcopum,
1441 2604 1602 2638 participem
1624 2608 1651 2630 et
1673 2612 1784 2631 consor-

1000 2651 1052 2674 tem
1069 2647 1243 2675 consiliorum
1256 2656 1368 2675 suoruttt
1385 2649 1507 2681 haberet,
1523 2650 1610 2676 virum
1627 2650 1662 2676 ob
1679 2651 1783 2677 virtutis

999 2694 1177 2720 reverentiam
1208 2695 1329 2720 onmiunt
1358 2695 1399 2721 sui
1428 2696 1560 2730 temporis
1584 2695 1782 2729 clarissimum;

998 2747 1062 2768 eum
1076 2739 1128 2767 sibi
1146 2740 1263 2767 amicum
1279 2741 1438 2775 adjunxit...

1033 2785 1078 2813 '56.
1100 2795 1109 2811 ι
1128 2785 1212 2813 Porro
1223 2785 1405 2821 Epiphanius,
1421 2787 1469 2822 qtti
1481 2786 1606 2822 Origenis
1621 2788 1706 2816 libros
1728 2788 1782 2823 jam

999 2831 1103 2865 pridem
1123 2831 1308 2864 aversabatur,
1324 2831 1468 2867 Theophili
1486 2832 1584 2860 litteris
1600 2833 1680 2861 facile
1693 2842 1783 2861 asseu-
