1934 3029
127 114 179 140 151

623 111 650 138 S.
673 111 844 140 EPIPHANII
863 111 956 139 ACTA
978 109 1230 139 BOLLANDIANA.

1695 110 1746 138 I38

127 179 188 199 sum
209 171 323 206 praebuit
337 180 344 198 :
359 171 526 205 collectoque
539 171 701 207 Cypriorum
714 172 907 206 episcoporum
924 174 946 202 Α
959 170 1131 206 constituta),
1142 171 1286 206 palamque
1305 169 1477 198 denuntiavit
1493 168 1654 205 Epiphanio,
1670 168 1746 196 illum

127 218 256 249 concilio,
267 216 390 252 Origenis
402 217 487 244 libros
503 217 554 252 legi
566 217 714 252 prohibuit.
728 216 911 244 Datisdeinde

129 260 240 291 litteris,
255 264 311 287 tum
326 261 359 288 ad
377 261 456 292 alios,
474 265 529 288 tum
547 261 578 288 ad
598 261 755 296 episcopum
774 261 912 289 Constan—

127 307 348 342 tinopolitanum,
369 315 400 334 ea
423 315 484 342 quae
506 315 521 334 a
545 308 649 341 synodo
672 307 780 335 decreta
805 308 914 336 fuerant

127 353 344 384 insinuantibus,
361 352 485 380 hortatus
501 358 542 380 est
556 353 616 380 illos
636 357 668 380 ut
687 354 821 388 synodum
845 361 912 382 con-

128 402 259 424 vorarcut
287 397 436 432 cadentque
470 397 658 425 decernerent.
685 399 911 427 Animadvertens

128 442 211 477 igitur
223 442 390 477 Theophilus
407 451 436 470 se
456 442 638 478 Epiphaniam
662 444 766 478 absque
790 444 912 478 periculo

127 489 205 523 sequi
217 496 306 522 posse,
326 493 419 523 utpote
430 496 510 523 quem
529 489 607 516 multi
620 490 772 522 laudarent,
785 495 812 518 et
832 491 912 526 cujus

127 535 290 561 sententiam
305 535 340 561 ob
365 534 426 561 vita:
448 535 620 562 sanctitatem
644 536 830 570 suspicerent,
856 537 913 572 ipse

127 587 246 615 quoque,
267 587 328 607 cum
349 580 483 615 episcopis
505 580 551 615 qui
574 581 626 608 sub
646 581 706 616 ipso
731 587 820 614 erant,
841 582 913 610 idem

127 626 200 660 quod
217 625 385 661 Epiphanius
399 626 527 653 decrevit.
540 625 639 654 Verum
655 627 774 654 Joannes
791 628 912 656 studintn

127 673 237 701 illorum
253 673 323 700 haud
344 673 434 707 magni
456 673 584 707 ponderis
605 680 666 701 esse
693 674 869 706 existimavit,
887 679 914 702 et

127 720 271 755 Epiphanii
283 727 315 748 ac
333 719 475 754 Theophili
489 720 593 747 litteras
612 719 729 755 neglexit
744 728 796 748 :cx
815 727 912 756 poten-

127 768 245 795 tioribus
256 774 322 794 vero
338 766 375 798 hi,
393 766 439 801 qui
456 765 555 794 Joanni
569 767 695 802 privatim
709 766 807 795 infensi
823 771 912 799 erant,

127 822 191 842 cum
213 813 408 840 intellexissent
428 812 609 848 Theophilum
632 812 659 840 id
678 820 767 848 agere,
785 818 815 840 ut
830 812 914 841 Joan-

965 225 997 244 ea
1013 225 1106 251 gerere
1124 224 1186 252 quae
1201 224 1251 244 nec
1263 216 1337 251 justa
1351 220 1453 248 essent,
1469 224 1520 243 nec
1545 215 1596 250 ipsi
1621 215 1748 250 privatim

967 264 1045 291 utilia
1062 272 1069 291 :
1084 263 1218 299 siquidem
1234 264 1351 290 tumultu
1365 262 1456 298 populi
1475 262 1602 293 excitato,
1617 261 1674 296 ipse
1688 265 1748 288 tan-

966 316 1048 344 quam
1063 308 1145 344 hujus
1165 308 1203 336 rei
1219 314 1316 336 auctor
1332 308 1482 343 periculum
1500 307 1641 334 subiturus
1665 309 1745 333 esset.

966 354 1024 382 Hac
1040 355 1145 382 ratione
1159 354 1295 382 cohibitus
1311 359 1352 382 est
1363 354 1478 388 impetus
1493 351 1645 387 Epipltanii.
1662 351 1746 378 Inter-

965 407 998 427 ea
1025 399 1124 427 accidit
1138 403 1168 426 ut
1191 399 1362 434 imperatoris
1394 397 1476 429 filius,
1500 396 1647 424 admodum
1670 402 1746 430 puer,

966 445 1064 473 morbo
1081 445 1280 480 corriperetur;
1297 449 1384 471 mater
1401 451 1466 470 vero
1488 442 1604 470 sollicita
1625 449 1659 468 ne
1683 440 1749 475 quid

966 491 1074 519 tristius
1093 498 1178 526 puero
1198 491 1378 525 contingeret,
1397 490 1482 517 misso
1505 488 1539 516 ad
1568 487 1749 523 Epiphanium

966 537 1075 570 nuntio,
1090 541 1120 564 ut
1136 545 1184 572 pro
1198 544 1231 564 eo
1246 536 1331 564 Deum
1350 540 1517 572 precaretur.
1532 534 1688 570 postulavit.
1704 533 1751 560 Ille

966 590 1082 617 puerum
1100 582 1235 610 victurum
1246 589 1307 609 esse
1320 581 1471 616 respondit,
1489 581 1512 608 si
1524 580 1647 614 Augusta
1662 579 1751 606 hatre-

967 629 1046 662 licos,
1063 630 1183 664 quicum
1201 628 1330 656 Dioscoro
1344 631 1432 660 erant,
1451 630 1631 654 aversarctur.
1648 624 1749 652 Verum

966 674 1088 709 Augusta
1108 675 1158 702 :Si
1186 674 1268 707 Deus,
1298 673 1396 708 inquit,
1424 673 1510 700 tilium
1540 679 1630 699 meum
1646 671 1752 705 eripere

967 720 1034 747 mihi
1050 720 1174 752 voluerit,
1198 720 1235 747 ita
1257 719 1320 752 fiat;
1344 718 1477 746 Dominus
1500 717 1573 745 enim
1594 716 1642 752 qni
1666 715 1750 748 dedit,

967 764 1039 792 idem
1057 769 1083 792 et
1096 764 1195 793 aufert.
1209 764 1287 798 Quod
1300 764 1323 792 si
1338 769 1367 792 tu
1381 768 1504 791 mortuos
1521 762 1555 790 ad
1569 763 1652 790 vitam
1671 769 1751 789 revo-

967 818 1031 837 care
1044 817 1150 845 posses,
1163 818 1218 838 non
1233 814 1305 838 esset
1318 815 1442 838 mortuus
1453 809 1661 837 archidiaconus
1675 813 1750 835 tuus.

128 868 190 888 nem
202 860 361 895 episcopatu
377 864 498 889 exueret.
521 859 572 894 ipsi
585 867 694 895 quoque
709 867 820 894 operam
835 868 912 887 suam
929 853 951 882 Β
965 855 1072 883 Etenim
1089 856 1161 883 haud
1185 857 1270 884 multo
1291 861 1356 884 ante
1377 864 1393 883 e
1416 855 1487 883 vivis
1513 857 1668 882 excesserat
1692 854 1753 881 Cri-

129 912 161 931 ac
187 905 308 931 studium
340 904 535 936 contulerunt,
568 908 651 939 utque
678 904 914 940 Constantinopoli

129 950 249 977 niaxima
265 950 386 986 synodus
397 951 472 977 fieret
488 955 681 984 procurarunt.
701 951 806 984 Quibus
820 951 916 987 cogni-

129 996 164 1023 tis
181 996 347 1031 Theophilns
363 996 453 1023 adhuc
466 995 553 1031 magis
577 996 710 1030 incubuit,
728 1002 754 1024 et
773 997 916 1032 episcopos

128 1040 239 1074 quidem
258 1039 368 1076 Α]ωωί
387 1041 515 1076 navigare
535 1041 617 1075 jussit
639 1040 915 1077 Constantinopolim,

130 1086 282 1121 Epiphanio
299 1095 364 1114 vero
375 1093 401 1115 et
412 1088 474 1115 aliis
486 1096 533 1123 per
546 1087 682 1116 Orientem
695 1089 832 1125 episcopis
848 1089 917 1117 seri»

129 1133 196 1167 psit,
212 1137 242 1160 ut
256 1141 337 1168 quam
357 1133 475 1168 primum
495 1134 522 1161 in
537 1142 622 1162 unum
637 1135 816 1163 convenirent
833 1144 841 1163 :
859 1135 917 1171 ipse

130 1180 247 1216 pedestri
262 1180 358 1207 itinere
375 1180 567 1215 proﬁciscitur.

166 1226 211 1254 57.
230 1235 240 1252 ε
258 1225 312 1253 Nec
327 1226 412 1253 multo
427 1231 486 1261 post
495 1226 672 1261 Epiphanius,
689 1234 750 1254 cum
762 1227 868 1262 printus
883 1235 917 1255 ex

130 1272 222 1300 insula
235 1273 325 1308 Cypro
350 1272 486 1304 solvisset,
503 1272 536 1300 ad
555 1273 646 1300 locum
668 1273 741 1300 baud
765 1273 860 1308 procul
883 1274 918 1300 ab

131 1319 199 1346 urbe
214 1317 528 1353 Constantinopolitana,
546 1325 627 1353 quem
641 1316 792 1350 Septimum
807 1323 916 1350 vocant,

131 1364 280 1398 applicuit;
296 1362 421 1399 factaque
435 1364 559 1391 oratione
579 1364 607 1391 in
631 1364 747 1391 ecclesia
776 1372 837 1399 qua:
863 1365 918 1392 idlic

132 1414 184 1441 est,
201 1409 228 1436 in
244 1409 338 1436 urbem
353 1409 485 1436 introivit.
502 1409 570 1436 Eum
589 1410 783 1445 ingredientem
799 1409 918 1437 Joannes

131 1463 248 1484 occursu
262 1456 328 1483 cleri
347 1457 430 1483 totius
445 1456 590 1483 h0noravit
605 1465 612 1483 :
625 1461 654 1483 at
671 1455 837 1492 Epiphanius
855 1464 918 1491 per-

132 1502 227 1537 spicue
245 1501 404 1534 declaravit,
423 1503 494 1537 quod
512 1501 658 1529 calumniis
682 1502 814 1529 adversus
832 1501 918 1529 Joan-

133 1556 196 1575 nem
214 1549 385 1576 concinnatis
397 1548 477 1576 ﬁdem
496 1549 646 1577 habuisset.
659 1548 791 1576 Invitatus
804 1548 877 1575 enim
890 1553 919 1575 ut

133 1594 161 1621 in
176 1594 280 1622 aedibus
297 1594 493 1622 ecclesiasticis
513 1602 624 1623 manere
644 1594 734 1627 vellet,
760 1594 918 1629 neutiquam

133 1640 271 1674 acquievit
288 1648 293 1665 :
312 1643 340 1666 et
350 1647 412 1667 eum
429 1640 535 1667 Joanne
557 1639 667 1675 quidem
691 1639 819 1675 congredi
840 1639 919 1675 peni-

134 1691 179 1713 tus
193 1685 356 1713 detrectavit
368 1694 375 1712 :
388 1686 515 1720 privatim
530 1693 596 1713 vero
612 1687 769 1714 convocatis
782 1686 919 1721 episcopis

133 1733 181 1767 qui
195 1737 251 1760 tum
263 1732 500 1767 Constantinopoli
515 1732 701 1765 morabantur,
714 1739 746 1759 ea
756 1740 817 1767 quae
827 1732 920 1760 adver-

135 1786 183 1806 sus
198 1778 284 1805 libros
296 1778 421 1813 Origenis
438 1777 545 1804 decreta
563 1777 670 1804 fuerant
684 1777 718 1804 iis
733 1777 852 1804 ostendit
869 1787 875 1804 :
888 1784 921 1804 ac

135 1824 275 1851 nonnullis
298 1824 405 1859 quidem
429 1823 565 1858 persuasit
582 1828 611 1850 ut
628 1824 743 1851 decretis
760 1823 919 1851 subscribe-

135 1874 216 1901 rent;
235 1869 326 1903 plures
345 1877 410 1897 vero
428 1870 455 1897 id
478 1869 566 1897 facere
591 1873 811 1898 recusarunt.....
835 1869 920 1896 Porro

135 1914 254 1942 Joannes
271 1914 361 1942 adhuc
378 1914 556 1942 nihilominus
575 1915 755 1942 reverentiam
774 1915 922 1943 exhibebat

137 1960 298 1995 Epiphanio,
312 1968 430 1996 euntque
451 1961 612 1989 hortabatur
633 1965 664 1988 ut
684 1962 811 1989 collectas
826 1969 920 1988 secum

135 2007 285 2037 celebrare,
301 2011 327 2033 et
346 2006 569 2034 contubernalem
595 2006 684 2042 ipsum
706 2006 806 2034 habere
829 2007 919 2034 vellet.

138 2053 237 2080 Verum
252 2053 430 2089 Epiphanius,
456 2061 486 2081 se
504 2061 593 2088 neque
616 2054 676 2089 ejus
697 2054 779 2081 domo
795 2061 921 2086 usurum,

137 2107 187 2127 nec
200 2108 262 2127 cum
275 2108 309 2127 eo
328 2104 469 2127 oraturum
483 2107 544 2127 esse
559 2100 712 2134 respondit,
730 2099 783 2127 nisi
798 2099 922 2135 Origenis

138 2144 223 2172 libros
241 2145 318 2179 prius
344 2144 512 2175 damnasset,
540 2148 567 2172 et
591 2144 751 2172 Dioscorum
777 2153 832 2172 una
860 2153 922 2172 cum

967 903 1085 938 spio.....
1103 910 1185 938 quem
1205 902 1373 938 Epiphanius
1386 910 1447 930 cum
1463 901 1687 929 contubernalem
1703 900 1753 927 ha-

966 950 1051 981 beret,
1067 949 1290 977 archidiaconum
1307 957 1388 978 suum
1400 950 1590 978 constituerat.

1001 995 1048 1023 5?).
1069 1005 1077 1022 ι
1097 995 1260 1023 Ammonius
1275 1003 1340 1023 vero
1354 1000 1381 1023 et
1392 997 1438 1031 qui
1457 1003 1520 1023 cum
1535 995 1582 1023 illo
1596 998 1675 1023 erant
1687 993 1752 1029 Epi-

966 1043 1097 1076 phanium
1110 1042 1253 1074 adierunt;
1273 1041 1300 1068 id
1324 1041 1396 1068 enim
1417 1041 1469 1076 ipsi
1489 1049 1600 1076 quoque
1622 1040 1752 1075 Augustae

967 1090 1116 1126 placuerat.
1135 1089 1259 1124 Cumque
1281 1080 1450 1124 Epiphanius
1475 1088 1670 1124 interrogasset
1691 1086 1752 1122 qui-

968 1144 1030 1163 nam
1049 1140 1153 1169 essent,
1168 1135 1309 1170 respondit
1324 1134 1503 1162 Ammonius:
1517 1134 1600 1169 Longi
1613 1140 1718 1166 sumus,
1733 1140 1750 1160 ο

968 1181 1065 1214 Pater;
1080 1181 1193 1208 libenter
1201 1185 1291 1208 autent
1307 1180 1486 1211 disceremus,
1500 1184 1591 1206 utrum
1603 1178 1750 1214 aliquando

968 1227 995 1254 in
1015 1227 1166 1262 discipulos
1184 1231 1231 1253 aut
1249 1225 1276 1253 in
1300 1225 1386 1253 libros
1410 1229 1520 1252 nostros
1539 1223 1680 1252 incideris.
1705 1222 1753 1250 Illo

968 1278 1092 1308 negante,
1113 1273 1212 1300 iterum
1238 1271 1364 1307 quatsivit
1386 1271 1549 1299 Ammonius
1566 1280 1573 1298 :
1591 1269 1667 1298 Unde
1687 1277 1753 1305 ergo

969 1320 1112 1347 hmreticos
1124 1319 1186 1346 illos
1209 1326 1270 1346 esse
1292 1317 1431 1353 iudicasti,
1462 1316 1510 1352 qui
1538 1316 1642 1343 nullum
1669 1315 1754 1343 habes

969 1371 1171 1399 argumentum,
1186 1373 1241 1400 quo
1261 1364 1423 1392 sententiam
1443 1363 1552 1390 illorum
1576 1363 1666 1397 possis
1685 1370 1753 1390 eon-

969 1410 1096 1438 vincere?
1115 1411 1148 1437 Et
1171 1418 1234 1438 cum
1255 1409 1424 1445 Epiphanius
1439 1408 1552 1441 diceret,
1568 1407 1595 1435 id
1613 1415 1642 1435 se
1656 1408 1753 1435 auditu

969 1455 1125 1490 accepisse:
1143 1454 1199 1484 Nos
1215 1462 1290 1487 vero,
1306 1453 1525 1486 aitAmmonius,
1541 1454 1622 1489 plane
1638 1458 1749 1482 contra-

971 1501 1042 1527 rium
1057 1499 1187 1533 fecimus;
1203 1508 1266 1528 nam
1277 1505 1304 1527 et
1315 1500 1465 1535 discipulos
1479 1503 1540 1528 tuos
1553 1507 1624 1535 saepe
1638 1506 1752 1526 numero

971 1546 1102 1579 vidimus,
1117 1551 1145 1573 et
1163 1547 1248 1574 libros
1263 1547 1446 1582 perlegimus;
1461 1555 1494 1575 ex
1509 1547 1610 1582 quibus
1624 1553 1696 1573 unus
1710 1551 1754 1574 est

969 1592 1016 1627 qui
1041 1591 1189 1619 Aut-oratus
1211 1592 1380 1619 inscribitur.
1400 1592 1525 1628 Cumque
1544 1592 1621 1619 multi
1648 1592 1754 1627 vitupe-

969 1645 1032 1665 rare
1042 1642 1070 1664 et
1085 1643 1213 1673 tanquam
1227 1638 1385 1665 haereticum
1400 1638 1562 1666 calumniari
1579 1638 1687 1670 vellent,
1704 1646 1754 1666 nos

970 1691 1019 1717 pro
1035 1681 1125 1716 Patre,
1141 1682 1180 1709 uti
1193 1690 1241 1717 par
1254 1687 1323 1714 erat,
1338 1683 1531 1718 pugnavimus,
1551 1687 1578 1710 et
1598 1691 1689 1710 causa:
1702 1688 1755 1711 tua:

970 1728 1158 1756 defensionem
1172 1729 1354 1764 suscepimus.
1377 1727 1495 1756 Proinde
1519 1736 1569 1756 nec
1590 1733 1617 1756 tu
1645 1737 1677 1756 ex
1696 1729 1755 1757 solo

970 1775 1065 1802 auditu
1089 1775 1217 1803 absentes
1243 1775 1373 1802 damnare
1399 1774 1534 1807 debuisti,
1559 1783 1629 1811 quos
1649 1783 1754 1810 nequa-

971 1829 1052 1856 quam
1069 1826 1097 1849 tu
1110 1822 1168 1857 ipse
1184 1822 1266 1850 certis
1282 1821 1450 1857 argumentis
1473 1822 1602 1850 inductus
1627 1823 1753 1850 convice-

971 1876 1027 1899 ras,
1041 1875 1092 1896 nec
1102 1868 1234 1901 ejusmodi
1246 1868 1361 1903 gratiam
1375 1868 1477 1896 referre
1486 1868 1675 1896 laudatoribus
1687 1869 1751 1897 tuis.

971 1913 1095 1942 Posthtee
1106 1913 1276 1949 Epiphanius
1290 1915 1379 1942 lenius
1391 1923 1454 1944 eum
1470 1916 1614 1949 allocutus,
1627 1922 1684 1944 tum
1696 1917 1743 1952 qui

971 1960 1032 1988 dem
1048 1960 1082 1987 ab
1101 1968 1131 1988 se
1145 1960 1261 1993 dimisit,
1277 1961 1352 1988 brevi
1368 1967 1460 1989 autem
1475 1962 1617 1998 interjecto
1631 1967 1752 1998 tempore

972 2007 1091 2042 Cyprum
1111 2007 1260 2042 navigavit,
1281 2014 1329 2035 seu
1355 2008 1426 2043 quod
1448 2007 1756 2044 Constantinopolitana:

973 2053 1150 2088 profectionis
1166 2053 1254 2088 ipsum
1269 2053 1423 2088 paeniteret,
1445 2062 1492 2082 seu
1508 2054 1581 2089 quod
1605 2055 1677 2083 Deus
1692 2062 1756 2082 ora-

973 2099 1035 2126 culo
1047 2099 1135 2134 ipsum
1148 2100 1347 2132 admonuisset,
1368 2105 1539 2134 mortemque
1553 2101 1604 2135 ipsi
1621 2109 1699 2128 suam
1716 2102 1756 2136 (ut

973 2145 1182 2179 vcrisimilecst)
1193 2146 1415 2180 prmuuntiasset.
1430 2146 1563 2174 Caeterum
1581 2154 1643 2174 eum
1658 2155 1756 2174 navent

138 2190 222 2217 sociis
237 2190 396 2224 expulisset.
414 2189 467 2217 Sed
485 2197 547 2217 cunt
564 2190 610 2218 ille
627 2195 689 2218 ante
711 2198 802 2218 causa:
824 2191 919 2225 cogni-
936 2193 960 2222 D
973 2199 1173 2218 conscensurus
1188 2197 1270 2224 esset,
1286 2192 1432 2227 episcopis,
1448 2194 1495 2227 qui
1513 2193 1599 2227 ipsum
1621 2193 1654 2220 ad
1681 2193 1757 2222 littus

138 2237 239 2263 tionem
257 2235 314 2263 ha-c
329 2235 419 2262 facere
435 2236 646 2271 haudquaquam
674 2236 777 2270 justum
795 2243 854 2264 esse
877 2236 918 2263 dio

137 2288 212 2308 ceret
226 2286 254 2309 ct
265 2282 528 2316 procrastinaretur,
548 2282 591 2308 die
609 2289 664 2316 quo
689 2281 800 2309 collecta
818 2281 922 2317 agenda

137 2333 196 2355 erat
213 2328 239 2355 in
256 2327 373 2355 ecclesia
390 2327 592 2362 Apostolorum,
609 2332 791 2362 procurarunt
806 2326 921 2355 Joannis

139 2373 242 2400 inimici
258 2377 288 2400 ut
300 2372 469 2408 Epiphanius
490 2373 516 2399 in
535 2372 679 2400 ecclesiam
699 2373 815 2405 veniret,
830 2376 857 2399 et
874 2380 923 2406 pu-

139 2419 209 2446 blice
225 2427 317 2446 coram
331 2419 430 2454 popqu
448 2425 504 2446 tum
518 2418 644 2454 Origenis
659 2418 755 2451 libros,
775 2422 831 2445 tum
859 2419 907 2445 Dio

139 2473 248 2492 seorum
266 2469 293 2492 et
307 2472 355 2491 eos
379 2465 424 2498 qui
447 2472 508 2492 cum
527 2464 574 2491 illo
599 2468 688 2495 erant,
706 2469 834 2498 tanquam
852 2463 922 2491 idem

139 2510 288 2536 sentientes
300 2517 362 2536 cum
371 2509 497 2543 Origene,
514 2509 688 2536 anathemate
700 2508 860 2541 damnaret;
876 2517 923 2536 ea-

139 2555 256 2588 demque
279 2561 361 2588 opera
382 2553 539 2588 episcopum
566 2555 641 2582 urbis
664 2554 869 2589 perstringeret,
894 2559 924 2582 ut

140 2601 186 2636 qui
202 2601 256 2628 illis
271 2601 396 2627 addictus
407 2605 493 2632 esset;
512 2600 715 2627 existimabant
729 2601 802 2627 enim
822 2608 851 2628 se
872 2601 923 2628 hac

140 2648 246 2674 rati0ne
259 2646 363 2681 plebem
378 2646 411 2672 ab
426 2646 472 2672 illo
486 2654 547 2674 esse
568 2646 744 2673 alienaturos.

176 2692 220 2719 '58.
246 2701 255 2718 ι
276 2691 389 2719 Postero
415 2691 497 2725 igitur
519 2691 572 2724 die,
596 2699 657 2719 cum
682 2692 714 2718 ad
740 2692 765 2719 id
788 2692 923 2727 agendum

140 2745 300 2772 progressus
316 2737 485 2771 Epiphanius
494 2736 556 2771 .jam
578 2737 700 2764 ecclesiae
723 2737 924 2772 appropinqua-

141 2789 192 2815 ret,
208 2784 316 2811 ebviam
332 2784 356 2810 ei
370 2783 492 2810 occurrit
510 2782 632 2817 Serapio,
649 2783 751 2811 missus
779 2792 794 2811 a
819 2783 925 2812 Joanne

141 2829 330 2864 (praesenserat
350 2829 422 2856 enim
436 2828 555 2855 Joannes
570 2836 601 2855 ea
618 2837 679 2864 qua:
704 2830 791 2864 pridie
815 2831 924 2859 fuerant
946 2826 948 2828 ⁷

259 2877 393 2906 ΡΔτιιυι..
417 2876 476 2905 Gn.
501 2876 525 2907 Χ
533 2875 579 2906 Ll.

974 2243 1061 2270 usque
1087 2237 1224 2271 prosecuti
1254 2236 1373 2269 fuerant,
1399 2237 1503 2264 dixisse
1531 2238 1616 2265 fertur
1632 2247 1639 2265 :
1655 2237 1756 2266 Urbem

972 2282 1049 2309 vobis
1062 2289 1090 2310 et
1104 2283 1234 2317 palatium
1258 2288 1285 2310 et
1311 2290 1421 2310 scenam
1450 2283 1592 2318 relinquo;
1616 2291 1668 2320 ego
1692 2291 1756 2312 vero

973 2329 1088 2356 abscedo
1101 2338 1108 2355 :
1121 2329 1219 2356 festino
1231 2329 1315 2361 enim,
1327 2333 1353 2355 et
1365 2328 1475 2363 quidem
1491 2329 1579 2356 valde.

1008 2375 1052 2402 40.
1079 2385 1088 2400 ι
1116 2375 1196 2402 Aliud
1231 2379 1360 2409 praeterea
1385 2375 1525 2410 quidpiam
1555 2376 1657 2409 audivi,
1684 2378 1757 2412 quod

975 2423 1120 2449 nmltorttm
1156 2421 1330 2449 sermonibus
1365 2421 1516 2449 etiamnum
1553 2423 1756 2456 circumfertur,

974 2467 1105 2495 Joannem
1125 2467 1235 2503 quidem
1262 2467 1412 2502 Epiphanio
1440 2468 1598 2503 praadixisse
1627 2469 1703 2496 illum
1730 2470 1757 2497 itt

975 2514 1146 2549 navigatione
1166 2521 1227 2541 esse
1257 2515 1431 2547 moriturum,
1458 2515 1640 2550 Epiphanium
1666 2521 1758 2543 autem

974 2560 1170 2594 praenuntiasse
1183 2559 1280 2587 Joanni
1290 2560 1486 2588 abdicationem
1495 2561 1676 2596 episcopatus.
1690 2560 1758 2588 Nam

974 2606 1038 2632 dum
1073 2605 1143 2632 inter
1171 2613 1202 2633 se
1238 2606 1420 2639 dissiderent,
1452 2606 1620 2642 Epiphanius
1646 2607 1757 2642 quidem

973 2650 1070 2678 Joanni
1090 2651 1231 2684 scripsisse
1245 2651 1456 2687 dicitnrzb‘pero
1475 2657 1499 2680 te
1514 2660 1684 2688 nequaquam
1701 2652 1759 2687 epi-

975 2704 1086 2730 scopatu
1113 2696 1425 2733 moriturumsJoannes
1445 2705 1510 2724 vero
1534 2697 1673 2732 rescripsit
1693 2696 1758 2732 Epi-

975 2741 1090 2775 phanio:
1106 2739 1160 2768 Nec
1172 2747 1221 2775 ego
1238 2749 1318 2776 spero
1331 2745 1357 2768 te
1367 2742 1395 2768 in
1412 2741 1506 2769 urbem
1521 2747 1593 2769 tuam
1606 2742 1757 2769 rediturutn

975 2794 1045 2814 esse.
1058 2796 1068 2812 ›
1080 2785 1141 2813 Haec
1157 2785 1337 2820 Sozomenus,
1355 2787 1506 2815 Historiam
1520 2795 1598 2815 suam
1610 2788 1690 2816 annis
1703 2789 1758 2816 cir-

976 2833 1043 2860 citer
1059 2832 1167 2868 triginta
1191 2837 1251 2867 post
1271 2831 1413 2868 Epiphanii
1439 2835 1543 2862 obitum
1563 2835 1757 2869 scribens;cui

1577 2881 1596 2912 ὅ
