1934 3029
171 105 223 134 I39

170 217 230 244 cap.
244 210 295 244 H;
310 213 383 245 paris
399 214 476 247 plane
487 222 549 242 cum
560 216 713 246 Sozomeno
727 221 814 248 aetatis
827 223 956 256 scriptor,

170 260 197 282 et.
210 263 242 282 ex
255 265 308 290 quo
317 266 393 285 suam
408 259 463 286 fere
474 261 619 289 Historiam
633 269 773 292 mutuatus
788 266 956 296 Sozomenus

170 300 298 329 creditur.
315 302 467 332 Sozomeno
484 311 572 334 tamen
594 309 721 338 libentius
740 320 804 339 usus
821 313 865 340 hic
882 321 954 346 sum,

170 354 224 373 non
242 348 305 382 quia
320 348 498 379 Salaminium
515 362 576 380 eum
593 355 678 383 fuisse
698 358 790 389 credo,
809 359 880 387 sicut
895 361 955 395 opi-

170 396 250 419 natur
263 393 433 430 Nicephorus
450 398 553 433 aliique
574 405 635 435 post
657 410 735 436 eum;
759 412 819 431 cum
834 406 890 439 ipse
907 407 952 434 lib.

169 445 196 469 v,
210 446 270 473 cap.
288 441 331 472 l5,
355 442 427 469 haud
452 443 567 472 obscure
588 446 689 474 indicet
711 456 740 476 se
757 449 952 485 Palzestinium,

168 490 202 509 ex
219 485 278 512 vico
290 488 407 521 quodam
422 489 499 523 juxta
517 491 617 518 Gazam
631 494 674 520 cui
696 502 793 522 nomen
815 496 952 531 Bethelia;

168 529 214 556 sed
233 532 296 565 quia
309 532 364 567 jam
381 535 442 561 inde
461 536 495 563 ab
508 537 689 566 adolescentia
707 539 876 570 familiariter
890 551 952 571 cum

168 578 312 606 monachis
326 579 360 606 ibi
376 581 539 613 celebribus,
562 583 708 614 Hilarionis
722 588 862 623 discipulis
879 591 953 618 suis-

168 630 221 657 que
239 628 270 650 ut
281 625 389 652 videtur
404 630 623 664 consanguineis,
643 638 781 667 versatus;
810 635 953 664 Salamane

167 669 281 702 scilicet,
295 679 357 698 cum
381 680 434 707 quo
448 682 593 703 commune
607 685 704 706 nomen
722 680 814 707 habuit
830 682 949 716 (diceba-

167 719 213 741 tur
225 716 307 748 enim,
328 718 364 744 uti
383 718 497 746 l’hotius
515 727 600 754 notat,
624 733 632 748 ι
653 723 811 754 Salamanct
829 728 952 758 llermias

158 759 346 795 'Sozomenus,
367 775 376 790 ι
399 767 471 800 quod
490 768 558 796 alios
581 770 696 805 decepit,
719 778 749 799 ut
772 773 950 804 Salaminium

166 807 316 843 crederent)
333 810 445 846 ejusque
466 812 597 841 fratribus
613 815 746 851 Fuscune,
762 818 906 849 Machione
924 827 951 850 et

165 853 316 889 Crispione,
335 865 450 891 quorum
463 866 616 894 postremus
633 863 662 890 S.
683 864 833 900 Epiphanio
856 869 948 896 adh:e-
966 851 987 877 Β

164 907 237 933 rens,
255 901 282 928 in
300 911 412 931 munere
428 907 614 936 archidiaconi
632 910 869 948 Constantinopoli
887 921 950 944 ante

164 945 253 979 ipsum
273 948 351 982 obiit,
370 955 399 977 ut
414 959 496 987 supra
519 955 648 983 vidimus.
674 958 786 986 Accedit
806 945 879 995 quod
896 962 948 989 So-

163 992 231 1019 crati
251 996 382 1023 nonnulla
402 997 482 1025 etiam
501 999 545 1027 bie
567 1001 701 1030 addiderit
724 1004 903 1041 Sozomenus,
922 1013 948 1036 ct

162 1039 318 1068 accuratius
339 1042 430 1077 aliqua
458 1044 582 1073 videatur
610 1048 737 1077 edidisse.
762 1051 885 1081 Notabile
907 1061 949 1083 est

162 1087 252 1111 tamen
269 1087 340 1120 quod
357 1088 440 1116 relata
463 1089 607 1126 Epiplianii
627 1098 654 1121 et
673 1094 786 1125 Joannis
807 1104 899 1127 mutua
915 1102 948 1128 de

161 1137 193 1157 se
216 1130 331 1160 invicem
359 1135 543 1171 praedictione,
558 1139 638 1167 addat
653 1140 798 1171 Socrates:
817 1154 827 1170 ‹
852 1145 946 1174 Utrum

159 1183 243 1210 porro
254 1185 316 1206 vera
329 1180 396 1207 mibi
412 1182 530 1211 dixerint
543 1186 589 1220 qui
609 1186 660 1214 ista
683 1195 840 1224 narrarunt,
866 1194 946 1228 equi-

160 1221 220 1248 dem
237 1230 290 1249 non
308 1231 419 1259 possum
435 1227 585 1264 allirmare;
610 1233 716 1268 utrique
733 1239 822 1262 tamen
837 1237 945 1266 illorum

162 1266 321 1301 bujusmodi
346 1272 436 1313 eaitus
452 1275 573 1310 contigit.
591 1276 657 1305 Nam
671 1266 758 1315 neque
777 1281 945 1317 Epiphanius

158 1320 254 1340 navem
272 1310 375 1350 appulit
384 1318 516 1354 Cyprum,
534 1327 596 1356 post
612 1310 762 1354 discessum
780 1310 852 1356 enim
869 1339 945 1358 mor~

159 1363 221 1386 tuus
237 1366 280 1388 est.
296 1362 322 1388 in
337 1364 444 1398 navigio
460 1375 465 1392 :
479 1371 505 1393 et
516 1366 635 1397 Joannes
649 1371 721 1399 haud
738 1374 824 1402 multo
837 1381 898 1410 post
909 1385 942 1405 ex

157 1405 317 1442 episcopatu
330 1409 447 1445 dijectus
462 1419 514 1441 esr.
531 1424 540 1441 ι

192 1451 236 1479 Ill.
247 1451 340 1481 Potuit
358 1463 424 1484 sane
437 1457 594 1492 hujusmodi
610 1463 699 1491 exitus
711 1465 853 1501 utriusque
865 1475 943 1495 occa-

681 112 710 141 S.
729 114 900 143 EPIPHANH
916 115 1006 144 ACTA
1027 117 1278 146 BOLLANDIANA.

170 164 269 192 similia
287 166 382 194 iisdem
403 168 458 195 fere
480 171 566 198 verbis
594 172 674 199 habet
699 174 825 203 Socrates
850 177 896 203 lib.
918 185 955 209 vr,
972 180 994 207 A

1743 119 1794 147 MO

1045 179 1089 205 42.
1105 177 1139 206 Ut
1154 185 1182 206 ut
1198 181 1242 212 sit,
1261 185 1381 215 apparet,
1405 181 1538 215 optimum
1563 182 1630 208 alias
1651 182 1792 208 sanctissi-

1008 232 1138 258 mumquc
1169 233 1278 257 sonent,
1304 227 1444 261 tlcccpttlm
1475 227 1559 254 fuisse
1590 236 1605 254 a
1629 226 1792 262 Theoplrilo,

1008 275 1061 297 tam
1077 272 1103 297 in
1120 279 1201 298 causa
1218 280 1312 299 eorum
1335 281 1403 308 quos
1418 273 1536 301 Joannes
1553 274 1685 301 tolerabat
1698 282 1793 301 mona-

1007 317 1132 347 chorum,
1157 325 1237 352 quam
1263 319 1348 352 ipsius
1370 318 1500 350 Joannis;
1519 324 1545 346 ct
1567 328 1599 346 ex
1626 320 1792 347 abundantia

1007 361 1055 387 zeli
1074 369 1182 395 passum
1202 370 1263 388 esse
1288 363 1435 389 humanum
1462 363 1575 397 aliquid.
1601 364 1680 398 cujus
1700 365 1791 398 ipsum

1005 407 1060 434 cito
1083 408 1250 442 paenituerit,
1280 409 1421 444 magisque
1441 411 1576 444 potuisset
1599 411 1747 445 poenitere,
1768 411 1791 438 si

1005 461 1065 486 quin
1079 459 1138 488 post
1153 454 1303 481 discessum
1321 462 1400 482 suum
1419 461 1483 482 sunt
1498 461 1654 489 consecuta,
1669 457 1789 484 vidisset.

1005 498 1114 525 Interim
1132 499 1182 525 hoc
1196 500 1428 527 machinationum
1454 509 1564 528 suarum
1587 510 1716 529 successu
1737 503 1792 529 cla-

1004 549 1048 571 tns
1061 545 1237 580 Theophilus,
1266 547 1426 580 priusquam
1443 547 1707 582 Constantinopolim
1728 556 1791 582 pro-

1003 591 1169 619 ficisceretur
1181 593 1213 619 ad
1228 594 1372 627 synodum,
1393 601 1446 628 qua
1463 593 1577 620 Joannis
1594 595 1728 628 depositio
1740 595 1789 621 de-

1003 642 1077 664 creta
1093 641 1145 670 est,
1167 638 1203 665 ita
1222 640 1255 665 de
1279 646 1312 665 co
1336 639 1370 665 ad
1393 639 1422 666 S.
1451 638 1645 674 llieronymum
1669 641 1787 674 scripsit,

1005 675 1019 709 1‘
1032 683 1202 718 Origcnistas
1216 685 1243 712 in
1266 693 1342 713 suam
1369 687 1504 721 recipiens
1527 686 1738 714 familiaritatem
1761 693 1789 715 et

1002 737 1034 756 cx
1049 730 1090 756 his
1106 730 1238 764 plurimos
1257 731 1290 757 ad
1313 732 1495 759 sacerdotium
1520 734 1681 767 provehens,
1708 739 1790 767 atque

1002 775 1038 802 ob
1055 776 1106 803 hoc
1126 777 1215 803 scelus
1240 777 1325 804 beata),
1349 778 1487 805 memoria:
1508 779 1643 806 hominem
1663 780 1708 805 Dei
1725 780 1788 814 Epi-

1001 822 1144 856 phanium,
1159 823 1204 857 qui
1222 822 1292 850 inter
1308 823 1451 858 episcopos
1464 825 1568 851 clarum
1587 825 1614 852 in
1631 826 1696 852 orbe
1712 826 1788 852 sidus

1001 868 1112 900 eﬂulsit,
1133 868 1204 895 baud
1230 876 1313 903 parvo
1339 877 1457 897 mmrore
1483 871 1660 903 contristans,
1686 872 1788 898 meruit

1001 914 1096 941 audire
1113 924 1119 941 :
1135 914 1236 941 Cecidit
1256 915 1377 950 Babylon
1391 916 1461 951 (Isa.
1479 925 1535 948 xxr,
1549 917 1587 951 9).
1609 927 1619 943 ι
1641 918 1727 951 Quem
1744 919 1781 945 lo-

1000 968 1061 988 cum
1074 960 1136 987 ideo
1149 960 1192 987 hic
1202 961 1348 988 adductum
1364 962 1449 994 volui,
1464 967 1493 989 ut
1507 963 1671 997 intelligatur
1682 971 1786 997 nequa-

999 1015 1081 1042 quam
1099 1007 1302 1042 ambigendum,
1319 1008 1386 1042 quin
1402 1009 1493 1036 statim
1510 1013 1572 1043 post
1587 1017 1668 1036 suum
1683 1017 1699 1036 a
1713 1009 1786 1036 Con-

999 1054 1178 1088 stantinopoli
1206 1054 1377 1086 discessum,
1408 1055 1446 1081 uti
1478 1054 1648 1082 Sozomenus
1679 1055 1786 1085 scribit.

999 1099 1095 1126 obicrit
1111 1100 1291 1134 Epiphanius,
1307 1100 1341 1127 de
1358 1108 1413 1134 quo
1438 1105 1466 1127 ut
1488 1101 1545 1135 jam
1564 1106 1673 1128 mortuo
1693 1101 1784 1128 Theo-

998 1145 1089 1180 philus
1103 1145 1237 1180 loquitur;
1251 1153 1370 1180 cumque
1385 1147 1418 1172 12
1431 1145 1494 1173 Maii
1508 1146 1604 1173 saltem
1617 1147 1653 1174 sit
1663 1147 1721 1174 dies
1736 1147 1784 1174 de-

998 1191 1140 1225 positionis
1161 1191 1186 1218 in
1204 1191 1303 1227 Cypro,
1328 1200 1417 1227 neque
1437 1192 1483 1219 diu
1509 1197 1587 1220 antea
1613 1193 1716 1220 obiisse
1736 1201 1785 1228 po-

997 1237 1094 1268 tuerit,
1122 1237 1200 1272 cujus
1228 1238 1322 1269 naris,
1345 1242 1375 1264 ut
1403 1242 1502 1272 praeter
1528 1239 1588 1273 ejus
1616 1239 1781 1266 voluntatem

997 1283 1156 1317 procederet
1170 1284 1254 1316 lente,
1272 1291 1394 1311 mensem
1404 1288 1495 1311 tamen
1510 1285 1552 1312 vel
1566 1286 1782 1320 scsquimensem

997 1329 1086 1357 itineri
1100 1330 1145 1357 vix
1162 1331 1250 1364 potuit
1271 1330 1454 1365 impendisse;
1475 1338 1647 1365 consequens
1665 1336 1706 1359 est
1719 1340 1782 1359 cum

996 1376 1097 1403 obiisse
1112 1384 1206 1404 mense
1223 1376 1318 1404 saltem
1333 1376 1418 1411 Aprili
1435 1377 1499 1404 anni
1513 1378 1577 1410 405,
1595 1377 1695 1405 Maium
1709 1383 1783 1405 certe

995 1429 1067 1456 aegre
1093 1421 1225 1456 attigisse.
1255 1421 1332 1449 Unde
1359 1422 1454 1449 mirari
1483 1422 1565 1453 subit,
1599 1431 1652 1457 qua
1678 1423 1783 1451 ratione

995 1467 1094 1494 dixerit
1121 1466 1266 1500 Baronius,
1288 1467 1438 1503 «ignorari
1467 1472 1552 1502 quoto
1580 1468 1687 1496 Domini
1709 1477 1782 1497 anno

157 1495 260 1525 sionem
279 1499 386 1529 dedisse
398 1502 565 1539 hominibus,
584 1514 687 1537 mutua:
709 1511 779 1539 inter
803 1495 864 1541 illos
886 1515 943 1543 dis-
957 1519 978 1548 ς
995 1514 1102 1540 obierit.
1128 1523 1138 1539 ι
1158 1512 1235 1540 Sicut
1253 1514 1326 1540 enim
1346 1520 1380 1541 ex
1405 1515 1540 1549 Apologiis
1568 1513 1725 1551 Hieronymi
1746 1517 1780 1543 ad

157 1546 293 1574 Sensionis
310 1549 440 1582 consciis,
461 1552 591 1588 virosque
613 1562 723 1585 sanctos
743 1567 792 1586 suo
805 1561 871 1595 pede
886 1570 943 1590 me-

155 1591 296 1625 tientibus,
309 1599 338 1620 ut
349 1595 552 1626 altercationem
565 1602 710 1631 verborum
724 1607 832 1641 utrique
845 1616 942 1642 partim

156 1637 266 1672 dignam
290 1639 457 1676 aliingerent,
481 1647 714 1679 quemadmodum
735 1637 865 1685 judicavit
889 1654 940 1682 Ba-

156 1683 261 1716 ronius,
276 1689 304 1712 et
321 1692 382 1720 post
397 1695 460 1715 eum
477 1689 597 1720 Socratis
611 1699 692 1729 atque
715 1696 859 1726 Sozomeni
880 1701 941 1728 illu—

155 1732 256 1756 strator
275 1735 302 1758 et
322 1732 456 1768 interpres
470 1737 634 1767 novissimus
653 1740 786 1771 Henricus
804 1744 938 1774 Valesius.

155 1773 268 1803 Dubitat
294 1778 377 1805 etiam
400 1779 544 1816 Baronius,
571 1792 669 1814 verene
694 1787 872 1823 Epiphanius,
899 1794 940 1821 uti

155 1821 250 1848 scribit
270 1822 407 1857 Socrates,
426 1836 436 1852 ι
458 1827 526 1856 Cum
549 1830 582 1857 ad
607 1821 753 1861 Basilicam
775 1835 803 1862 S.
828 1821 940 1867 Joannis

155 1867 313 1901 appulisset,
337 1878 398 1905 quae
413 1877 515 1906 septem
532 1882 662 1909 passuum
680 1879 800 1908 millibus
819 1882 854 1909 ab
873 1884 940 1912 urbe

154 1912 247 1945 distat,
263 1923 333 1942 nave
357 1924 493 1952 egressus,
516 1922 658 1951 collectam
683 1925 720 1952 ibi
744 1927 887 1956 celebrarit
912 1934 940 1957 et

153 1958 298 1987 diaconum
312 1962 455 1996 ordinarit,
472 1966 631 2002 priusquam
657 1971 794 2000 civitatem
813 1975 938 2010 ingrede-

153 2010 238 2034 retur.
256 2018 265 2032 ι
284 2007 399 2036 Veretur
413 2019 533 2046 namque
549 2022 582 2041 ne
596 2016 734 2049 querelam
749 2017 864 2047 Joannis
879 2020 938 2048 Hie-

152 2052 341 2088 rosolymitani
355 2055 389 2083 de
401 2055 564 2092 Epiphanio,
582 2062 615 2088 ad
630 2061 764 2090 Joannem
782 2065 937 2094 Constanti-

152 2099 338 2133 nopolitanum
354 2109 495 2136 perperam
510 2107 676 2135 transtulerit
689 2108 825 2143 Socrates,
841 2120 938 2147 quam-

150 2143 193 2171 vis
209 2148 274 2172 tunc
289 2153 351 2173 cum
367 2155 411 2174 res
426 2153 553 2184 ageretur
572 2150 808 2190 Constantinopoli
832 2159 935 2186 vivens.

150 2188 243 2224 Neque
253 2190 326 2218 enim
338 2198 450 2226 apparet
466 2194 510 2221 hic
525 2200 578 2223 tam
596 2197 669 2232 justa
692 2188 774 2234 quam
797 2201 832 2229 ibi
852 2210 937 2230 excu-
953 2189 976 2216 Β

151 2236 229 2262 sandi
258 2237 401 2272 Epiphanii
426 2241 506 2273 ratio,
528 2250 590 2270 cum
617 2243 738 2273 Ecclesia
767 2246 795 2274 S.
822 2247 936 2277 Joannis

150 2281 218 2309 citra
235 2286 447 2313 controversiam
460 2293 531 2316 esset
545 2289 596 2317 sub
606 2290 785 2325 dispositione
800 2293 936 2322 Constan-

149 2327 321 2362 tinopolitani
336 2331 466 2367 episcopi,
482 2334 527 2361 ιιὺί
544 2343 594 2363 nec
611 2337 693 2372 hujus
717 2339 822 2373 injussu
841 2340 935 2368 licuis-

150 2377 192 2400 set
202 2373 353 2409 Epipbanio
369 2377 513 2408 Missarum
531 2382 673 2416 solemnia,
698 2386 797 2413 nedum
822 2388 935 2416 ordina-

149 2419 238 2447 tiones
265 2422 429 2452 celebrare:
454 2426 487 2453 de
518 2433 634 2464 utroque
661 2435 749 2458 tamen
777 2439 934 2467 querentem

149 2464 374 2500 Chrysostomum
393 2470 522 2500 Socrates
537 2474 657 2509 inducit;
672 2477 737 2511 quin
756 2464 836 2506 etiam
853 2480 886 2507 de
902 2480 934 2508 iis

150 2519 212 2545 qua:
226 2511 253 2538 in
272 2513 467 2548 Apostolorum
485 2520 586 2554 templo
599 2520 722 2549 facturus
739 2529 798 2550 erat
814 2524 934 2560 Epipha—

148 2558 224 2590 nius,
242 2558 295 2586 nisi
310 2560 517 2591 denuntiatione
540 2564 655 2595 Joannis
679 2576 728 2603 per
755 2569 933 2605 Serapionem

149 2603 201 2630 sibi
218 2603 290 2632 facta
312 2605 407 2634 fuisset
426 2609 598 2643 absterritus,
615 2613 647 2640 de
665 2614 707 2647 iis,
737 2603 858 2651 inquam,
873 2626 935 2653 qua:

147 2649 236 2677 solum
267 2652 415 2680 constituta
446 2655 512 2682 dicit
540 2657 717 2694 Sozomeuus,
749 2667 876 2697 tanquam
901 2665 934 2692 de

148 2695 238 2729 reipsa
254 2695 333 2724 factis
347 2698 437 2727 minus
448 2701 641 2731 verosimiliter
657 2705 779 2740 loquitur
794 2695 930 2741 Socrates,

147 2745 180 2765 ac
192 2743 249 2767 tum
264 2740 373 2768 demum
397 2742 528 2772 Joannem
551 2747 597 2779 ait,
627 2756 660 2775 ne
686 2750 780 2777 eadem
801 2752 933 2785 postridie

147 2784 322 2820 iterat-catur,
343 2787 467 2823 ingresso
488 2799 583 2820 rursus
597 2793 625 2820 in
649 2784 932 2832 ecclesiamrEpipha-

148 2829 195 2856 nio
210 2831 319 2860 misisse
332 2832 516 2870 Serapionem.

995 1559 1141 1593 ltullinum,
1157 1560 1267 1595 scriptis
1286 1568 1357 1588 anno
1374 1560 1438 1594 409.,
1454 1566 1526 1588 recte
1541 1561 1636 1596 probat
1648 1569 1709 1589 eum
1725 1570 1779 1589 non

993 1606 1094 1633 obiisse
1109 1607 1204 1633 eodem
1217 1614 1290 1633 anno
1307 1614 1399 1634 mense
1418 1606 1489 1634 Maio
1503 1616 1510 1639 ;
1532 1607 1569 1634 ita
1585 1615 1617 1634 ex
1631 1608 1687 1642 jam
1699 1608 1779 1636 dictis

993 1652 1138 1687 colligitur,
1157 1652 1209 1679 isto
1223 1652 1333 1687 quidem
1355 1660 1428 1680 anno
1450 1661 1502 1679 non
1529 1653 1641 1685 obiisse,
1661 1654 1706 1681 sed
1729 1662 1778 1681 nec

992 1698 1063 1725 ultra
1080 1698 1183 1733 primos
1197 1698 1256 1726 dies
1273 1698 1334 1725 Maii
1353 1699 1417 1726 anni
1437 1700 1579 1734 sequentis
1601 1700 1684 1727 vitam
1715 1708 1778 1736 pro-

992 1751 1114 1778 rogasse.

1026 1790 1070 1817 43.
1086 1790 1204 1818 Excusat
1221 1791 1291 1818 idem
1310 1790 1444 1819 Baronius
1462 1791 1655 1827 Epiphanium,
1673 1798 1701 1821 et
1716 1795 1777 1821 ‘t'ne-

990 1836 1044 1863 rito
1059 1841 1180 1869 excusat,
1197 1837 1225 1863 in
1240 1837 1274 1864 iis
1285 1845 1346 1871 quae
1365 1837 1398 1864 de
1414 1838 1560 1865 Ammonio
1576 1843 1603 1865 et
1620 1839 1702 1866 sociis
1717 1847 1778 1866 cre-

990 1882 1075 1915 didit;
1096 1890 1128 1909 eo
1145 1883 1217 1917 quod
1237 1893 1247 1908 ‹
1267 1882 1436 1918 Theophilus
1453 1891 1507 1911 non
1532 1885 1646 1919 privatis
1671 1891 1774 1912 tantum

990 1929 1100 1962 litteris,
1121 1930 1167 1957 sed
1197 1930 1374 1965 synodalibus
1397 1939 1431 1957 ex
1456 1932 1572 1958 concilio
1591 1932 1776 1959 Alexandrino

989 1975 1115 2008 scriptis,
1148 1975 1258 2002 haeresis
1283 1983 1330 2003 eos
1359 1976 1499 2003 convictos
1523 1981 1603 2011 atque
1633 1977 1776 2005 daumatos

989 2021 1208 2055 signiﬁcaverat;
1226 2031 1234 2046 ι
1251 2021 1297 2048 sed
1315 2030 1369 2048 non
1392 2022 1452 2049 ideo
1472 2021 1655 2049 Sozomenum
1678 2031 1776 2058 argue-

988 2068 1040 2093 rim
1053 2067 1159 2101 injuriae
1181 2068 1313 2095 adversus
1333 2068 1524 2103 Epiphanium,
1543 2072 1590 2095 aut
1606 2069 1688 2099 nimi;
1710 2077 1773 2103 erga

990 2111 1134 2147 Origcnem
1162 2112 1274 2146 favoris,
1304 2114 1367 2140 dum
1398 2114 1502 2141 inducit
1530 2114 1605 2140 illum
1631 2114 1772 2146 fatentem,

989 2158 1062 2192 quod
1077 2158 1136 2185 solo
1149 2159 1243 2186 auditu
1261 2160 1292 2186 de
1311 2159 1345 2186 iis
1363 2160 1528 2194 cognoverit.
1544 2159 1611 2186 Nam
1628 2168 1715 2195 neque
1734 2165 1773 2188 te-

991 2211 1064 2230 mere
1092 2204 1207 2231 credidit
1231 2204 1285 2231 illis
1309 2204 1453 2240 Theophili
1478 2205 1573 2233 litteris
1593 2205 1771 2240 Epiphanius,

989 2253 1081 2283 utpote
1096 2259 1105 2274 ι
1127 2257 1187 2284 qua:
1204 2250 1340 2277 scircntur
1357 2251 1383 2276 in
1409 2251 1503 2277 orbem
1526 2251 1670 2286 divulgata:
1692 2257 1773 2287 atque

988 2300 1102 2329 recnptze
1122 2295 1156 2322 ab
1172 2296 1318 2322 Anastasio
1339 2295 1461 2322 Romano
1480 2297 1607 2331 pontiﬁce
1627 2308 1633 2325 z
1656 2308 1664 2323 1
1685 2306 1773 2333 neque

988 2345 1077 2366 tamen
1093 2341 1125 2367 ad
1144 2342 1322 2375 quaestionem
1338 2342 1476 2370 Ammonii
1496 2343 1576 2370 aliter
1591 2344 1706 2371 debebat
1727 2353 1772 2372 rc-

987 2386 1131 2420 spondere,
1147 2388 1192 2422 qui
1208 2389 1267 2422 ejus
1283 2397 1313 2415 ac
1327 2389 1464 2416 sociorum
1484 2397 1593 2418 causam
1607 2400 1655 2426 per
1674 2400 1703 2419 se
1716 2401 1771 2420 non

987 2437 1169 2466 cognoverat;
1184 2438 1210 2460 et
1223 2433 1337 2461 audiens
1355 2439 1457 2469 quanto
1472 2435 1509 2462 illi
1527 2443 1589 2470 erga
1608 2444 1637 2464 se
1652 2437 1771 2472 egissent

986 2478 1221 2513 circumspectius,
1238 2487 1291 2507 non
1307 2485 1413 2515 poterat
1430 2489 1484 2509 non
1506 2482 1598 2517 aliquo
1616 2483 1770 2510 humanita-

986 2525 1020 2552 tis
1037 2533 1118 2552 sensu
1137 2527 1312 2553 commoveri.
1330 2527 1408 2560 Quod
1422 2536 1487 2555 vero
1499 2529 1572 2556 dicat
1595 2529 1768 2562 Ammonius,

986 2574 1101 2597 tutatum
1131 2578 1160 2598 se
1187 2571 1287 2598 famam
1314 2572 1457 2607 Epiphanii
1486 2574 1617 2601 adversus
1644 2582 1692 2602 eos
1722 2575 1770 2609 qui

986 2616 1061 2642 illum
1079 2616 1214 2643 haereseos
1234 2618 1440 2651 insimulabant,
1459 2620 1601 2647 sciendum
1617 2625 1659 2647 est
1674 2620 1700 2647 in
1716 2621 1768 2652 bis,
1785 2635 1793 2646 χ

987 2660 1139 2689 Sozomcuo
1157 2666 1224 2690 teste
1238 2663 1286 2690 lib.
1302 2672 1360 2693 vni.
1379 2672 1438 2699 cap.
1457 2665 1499 2698 lxi,
1526 2666 1608 2692 fuisse
1625 2666 1770 2700 ipsummet

986 2707 1178 2742 Theophilum,
1208 2710 1327 2736 nondum
1355 2710 1493 2738 Ammonii
1514 2716 1541 2738 et
1566 2711 1680 2738 fratrum
1710 2713 1769 2747 eius

985 2754 1142 2786 inimicum;
1173 2755 1219 2789 qui
1250 2765 1259 2780 ι
1283 2761 1362 2783 antea
1387 2756 1567 2792 Epiphanium
1596 2758 1770 2792 reprehendit

984 2801 1062 2835 quasi
1085 2800 1167 2828 Deum
1187 2802 1305 2829 humana
1318 2803 1408 2838 specie
1426 2805 1566 2838 praeditum
1589 2805 1767 2838 opinaretur;

987 2851 1080 2878 postea
1091 2854 1168 2880 vero,
1187 2847 1266 2880 qrrasi
1286 2849 1450 2882 resipiscens
1470 2857 1560 2877 veram
1582 2850 1691 2878 tandem
1707 2858 1770 2878 sen—
