1934 3029
130 106 185 133 Hi

651 107 680 134 S.
703 107 875 135 EPIPHANH
892 108 984 136 ACTA
1000 109 1249 138 BOLLANDIANA.

1709 110 1762 138 Ιιῖ

131 160 251 195 tentiam
266 168 328 202 ejus
342 175 403 195 esse
415 167 581 201 agnovisset,
601 166 672 194 idetn
687 174 716 195 se
728 175 790 195 cum
808 168 853 195 illo
865 176 922 195 sett-
939 173 961 199 Α
976 169 1031 196 tinc
1057 169 1129 196 edita
1155 170 1306 196 habebatur
1335 169 1361 195 in
1394 169 1414 196 ll
1444 174 1518 197 tomo
1537 169 1656 204 Operam
1680 169 1759 204 ejus,

129 215 189 241 tire
205 213 325 248 scripsit,
336 218 363 241 et
373 213 498 248 Origenis
513 213 596 240 libros
608 213 768 240 calumniari
784 213 894 245 institit,
911 223 921 239 ι

131 259 163 286 itt
177 267 231 294 quo
246 261 429 295 reprobando.
445 260 468 287 si
489 260 602 286 haberet
625 259 778 294 adjutorem
806 260 924 294 Epipha-

132 305 223 337 nium,
243 305 347 333 facilem
377 306 428 333 sibi
457 305 609 340 spondebat
637 305 670 332 de
699 306 842 333 monachis
870 306 923 334 illis

132 351 290 383 victoriam,
308 352 353 386 qui
373 351 437 378 dum
463 351 519 378 Deo
545 351 705 386 incorporeo
729 353 855 386 corp0ris
876 354 924 379 lut-

133 397 211 424 mani
241 396 357 424 formatn
390 405 443 424 tton
468 405 529 425 esse
549 396 731 425 defendebant
760 398 924 425 auctoritate

132 443 274 479 Origettis,
303 437 354 471 sub
379 444 481 471 invidia
509 444 591 479 hujus
616 444 735 472 nominis
763 444 924 472 videbantur

133 497 219 524 posse
233 490 361 524 opprimi.
381 490 459 523 Quod
476 498 539 517 cum
558 497 639 525 agere
655 489 837 525 Theophilum
852 490 924 518 vide-

134 540 178 562 ret
193 535 415 570 Chrysostomus,
431 536 582 563 monachos
596 535 657 563 illos
670 542 724 562 non
737 536 790 563 nisi
807 541 880 563 recta
891 536 925 563 de

135 581 194 608 Deo
214 587 327 609 eatenus
352 583 452 609 sentire
469 582 651 616 comperiens,
676 583 832 610 merebatur
847 587 924 609 extra

134 626 245 660 culpam
261 626 354 653 haberi
373 627 401 653 in
420 633 453 653 eo
473 634 555 661 quem
572 627 639 662 ipsis
657 628 803 662 praestabat
821 627 922 655 favore.

134 670 271 699 Caeterum
287 672 328 699 uti
352 672 531 707 Epiphanium
549 673 582 699 de
603 673 924 708 Anthropomorphoseos

135 717 235 744 haeresi
262 721 419 752 suspectum
444 717 611 752 Theophilus
644 719 781 745 immerito
809 717 923 750 habuit,

138 771 148 788 ι
168 763 327 790 ltmreticunt
350 769 378 791 et
400 764 557 791 schismatis
579 769 720 792 auctorem
737 774 747 790 ι
763 765 789 791 in
809 765 923 799 epistola

135 809 254 842 quadam
270 810 353 844 priori
369 818 484 844 vocans,
502 811 541 837 uti
553 809 648 838 scribit
664 809 803 837 Palladius
820 810 847 837 in
862 809 925 837 Dia-

134 853 201 888 logo
219 854 253 881 de
265 854 294 881 S.
310 854 415 883 Joanne
434 856 650 891 ChrysOStomo;
668 856 708 883 sic
725 855 824 883 merito
836 857 924 890 potuit
939 849 960 876 Β

135 908 200 928 cum
219 901 292 936 apud
312 909 340 929 se
356 907 517 930 excusatum
536 903 737 937 probatumque
757 902 923 937 signiﬁcare,

137 953 193 972 non
217 951 247 973 ut
272 947 581 983 Anthropomorphitatn
606 948 697 983 (quod
722 955 816 975 revera
841 948 924 975 etiam

136 990 307 1027 Theophilus
322 1001 376 1020 non
393 993 467 1028 fuit),
489 994 536 1021 sed
553 998 582 1021 ut
606 994 749 1022 commode
767 994 824 1028 jam
843 994 926 1021 intel-

136 1037 249 1071 lectum,
267 1045 348 1074 prout
359 1040 471 1075 itttelligi
487 1048 568 1075 posse
579 1040 660 1068 etiam
676 1041 839 1068 Ammonius
851 1048 925 1068 cout-

136 1084 276 1118 probarat.

174 1130 219 1157 44.
237 1130 320 1158 Multa
334 1136 398 1159 sunt
412 1132 465 1159 alia
482 1132 552 1159 haud
564 1132 655 1167 magni
670 1132 883 1167 momenti,qute
897 1132 924 1159 in

137 1175 283 1203 Sozomeni
297 1177 331 1205 de
356 1177 508 1212 Epiphanio
531 1179 688 1205 narratione
709 1179 818 1213 sugillat
841 1178 925 1205 Baro-

136 1221 211 1254 nius,
227 1222 327 1256 quibus
347 1230 403 1250 non
426 1228 468 1251 est
492 1231 581 1258 operte
608 1224 724 1258 pretium
759 1224 922 1250 immorari:

136 1274 222 1294 unum
234 1272 323 1295 tamen
342 1276 395 1296 non
411 1270 645 1303 praetermiserim,
662 1269 735 1304 quod
750 1271 846 1297 attinet
862 1277 926 1297 con-

136 1313 286 1341 tentionem
305 1315 447 1349 Epiphanii
470 1324 534 1343 cutn
559 1316 742 1350 imperatrice,
763 1317 842 1351 quasi
864 1316 925 1342 lon~

136 1362 250 1397 gissime
264 1371 274 1388 ε
292 1363 400 1390 aberret
419 1371 434 1390 a
451 1371 527 1396 vero,
552 1369 581 1391 ut
611 1364 744 1395 Eudoxia,
770 1363 925 1398 perittfcosa

136 1406 344 1442 Chrysostomo,
370 1409 466 1436 faverit
490 1409 633 1437 monachis
661 1410 733 1441 illis,
760 1417 786 1436 et
812 1409 925 1443 Epipha-

137 1453 214 1480 nium
231 1453 314 1481 fuerit
330 1459 462 1488 aversata,
484 1465 493 1480 ι
513 1463 561 1483 eos
577 1455 703 1482 damnari
720 1455 760 1482 sic
782 1455 925 1490 postulan-

137 1503 203 1526 tem.
221 1497 290 1526 Nam
304 1504 332 1527 ct
345 1500 382 1527 illi
396 1500 500 1536 absque
512 1500 618 1528 Joanne
634 1505 780 1535 potuerunt
797 1508 857 1527 sese
870 1501 921 1527 im—
941 1518 961 1547 Ο

138 1546 255 1573 mediate
267 1546 294 1572 itt
309 1546 369 1581 ejus
384 1547 498 1581 gratiam
520 1548 684 1578 insinuasse.
700 1552 728 1574 et
749 1553 810 1582 post
824 1548 925 1582 primas

138 1591 175 1618 ob
191 1599 286 1626 agrum
300 1592 387 1618 vidua:
401 1592 521 1619 ablatuttt
548 1592 632 1625 rixas,
655 1600 741 1628 usque
760 1593 828 1620 adeo
856 1601 927 1620 rese-

138 1637 216 1664 derat
228 1637 410 1672 imperatricis
433 1637 592 1673 indignatio,
619 1644 647 1667 ttt
668 1639 695 1665 in
725 1639 839 1673 gratiam
863 1647 925 1666 cunt

138 1682 244 1711 Joanne
256 1684 354 1711 debeat
368 1685 482 1712 rediisse
499 1685 621 1718 censeri;
641 1686 742 1719 quippe
767 1693 828 1720 qua).
853 1686 925 1712 haud

139 1730 185 1756 tliu
199 1735 261 1764 post
275 1730 344 1757 inter
359 1730 491 1757 Joannem
516 1736 542 1758 et
570 1731 747 1758 Severianum
774 1732 926 1759 concordiae

139 1776 295 1808 mediatrix,
310 1785 319 1801 ι
343 1776 369 1803 itt
388 1777 503 1804 ecclesia
520 1777 713 1812 Apostolorum
736 1779 821 1805 filium
845 1786 924 1806 suutn

140 1821 335 1854 Theodosium,
356 1826 419 1849 tunc
445 1823 591 1850 admodum
620 1831 745 1858 puerum,
775 1824 809 1851 ad
838 1832 925 1858 genua

139 1867 252 1895 Joattttis
267 1868 410 1903 abjicit-ns,
426 1874 452 1896 et
468 1877 514 1903 per
532 1869 606 1896 illius
624 1874 706 1904 caput
730 1870 827 1896 crebro
850 1874 927 1896 obte-

140 1919 226 1947 stans,
243 1914 335 1941 abillo
350 1915 468 1942 ohtinuit
484 1920 514 1942 ut
536 1914 712 1942 Severianum
734 1916 759 1942 in
778 1916 925 1942 amicitiam

140 1968 218 1987 suam
229 1960 392 1994 admitteret,
413 1971 421 1986 I
439 1961 477 1988 ttti
494 1962 589 1988 scribit
603 1963 731 1988 Socrates
749 1961 796 1988 lib.
812 1969 849 1992 vt,
863 1968 922 1995 cap.

144 2007 185 2032 II.
200 2005 266 2038 Quae
277 2010 367 2033 autem
382 2006 479 2033 deinde
493 2014 594 2034 secutte
614 2010 679 2034 sunt
703 2007 843 2042 graviores
859 2014 927 2042 que—

141 2052 214 2083 relae,
228 2060 266 2079 ea:
280 2052 398 2087 primum
417 2057 559 2087 coeperunt
573 2058 717 2087 postquam
734 2052 925 2080 Constantino-

142 2098 195 2133 poli
209 2098 380 2125 discessisset
395 2098 573 2133 Epiphanius.
599 2098 651 2126 Sed
678 2098 746 2125 nihil
767 2099 792 2125 itt
811 2099 860 2125 hac
876 2097 927 2124 Ba-

142 2143 211 2170 ronii
236 2151 354 2171 censura
380 2145 500 2171 admiror
526 2145 630 2180 magis,
656 2152 738 2179 quam
764 2145 836 2179 quod
859 2145 924 2171 Acta

974 217 1056 241 etiam
1069 214 1164 241 ntultis
1181 215 1207 241 in
1220 215 1288 242 locis
1303 222 1318 242 a
1341 222 1370 242 se
1391 215 1556 249 recognitam
1584 214 1651 242 dare
1673 215 1761 242 voluit

976 260 1120 295 Dionysius
1137 260 1274 292 Petavius,
1293 270 1303 286 ί
1323 268 1356 287 ne
1367 260 1443 295 quid,
1460 260 1534 295 qttod
1551 259 1694 295 Epiphanii
1708 267 1759 287 no-

975 307 1048 333 mine
1064 311 1204 341 utcunque
1216 311 1258 333 est
1277 306 1449 341 inscriptum,
1466 306 1633 333 desideraret
1643 306 1756 332 lector.»

976 353 1138 388 Quanquam
1154 353 1226 380 enim
1248 353 1305 387 ipse
1332 359 1443 387 quoque
1458 351 1607 386 judicaret,
1632 351 1704 385 quod
1727 359 1759 377 ea

978 409 988 425 ‹
1009 400 1037 426 in
1050 400 1187 434 plerisque
1206 399 1304 426 fabulae
1319 403 1361 426 est
1378 405 1460 433 quam
1487 398 1608 425 historiae
1632 397 1758 432 propior,

973 445 1136 480 jamdudum
1165 446 1192 473 in
1222 445 1370 472 Annalibus
1399 444 1532 471 Baronius
1557 443 1716 476 admonuit,
1747 452 1756 469 ι

976 491 1104 526 sperabat
1120 495 1209 518 tamen
1227 499 1236 516 ι
1249 489 1306 518 fore
1319 500 1328 515 ι
1345 495 1374 518 ut
1390 499 1400 515 ε
1417 490 1444 517 in
1456 490 1587 517 lutulenta
1602 490 1647 516 illa
1663 497 1760 516 narra-

975 538 1050 565 tione
1068 547 1077 563 l
1094 541 1166 564 esset
1179 546 1188 563 ι
1211 536 1337 564 fortassis
1353 536 1426 571 quod
1456 536 1549 563 tollere
1568 536 1656 570 possis
1673 545 1680 562 :
1697 543 1759 562 nam

978 593 988 610 ι
1006 583 1119 617 alioqui,
1139 592 1149 609 υ
1166 583 1265 617 inquit,
1281 592 1292 608 ι
1309 583 1393 609 multa
1403 582 1604 616 continet,un
1618 589 1681 608 cum
1696 589 1760 608 vera

976 633 1142 664 receptaque
1156 629 1189 656 ab
1205 629 1334 656 omnibus
1354 628 1468 656 historia
1485 632 1667 655 consentanea
1685 632 1760 660 sunt,

976 677 1023 704 sed
1043 677 1137 703 eadem
1155 675 1272 703 admista
1290 675 1367 703 falsis
1381 683 1389 702 :
1405 675 1432 702 in
1447 675 1547 709 quibus
1560 674 1760 706 discernendis,

976 722 999 750 si
1012 722 1080 749 nihil
1095 722 1180 755 aliud,
1197 727 1283 754 tuum,
1299 721 1385 749 lector
1401 721 1611 753 humanissime,
1625 720 1759 755 judicium

976 777 1009 796 ac
1038 769 1149 804 κριτική
1180 768 1230 804 τῆς
1262 768 1381 803 ἱστορίας
1409 767 1522 802 δύναμις
1548 767 1670 795 exerceri
1696 774 1762 801 pos-

976 814 1021 842 sit.
1042 823 1051 840 »
1072 814 1137 846 Qua:
1160 818 1188 841 et
1208 820 1343 848 quatenus
1367 821 1431 840 vera
1450 813 1524 840 credi
1548 813 1673 844 debeant,
1693 813 1761 840 satis

974 868 1008 888 ex
1023 860 1157 895 capitibus
1175 860 1391 895 praecedentibus
1402 859 1488 887 lector
1505 859 1638 894 intelliget
1654 867 1660 885 :
1677 866 1759 893 quam

975 907 1059 935 multa
1076 907 1131 934 sint
1149 906 1292 934 manifeste
1310 906 1389 939 falsa,
1407 913 1481 933 ttunc
1500 905 1644 941 aggrediar
1670 904 1760 939 expli—

974 961 1046 981 care.
1063 953 1119 981 Hoc
1130 959 1220 981 antettt
1236 953 1317 984 facto,
1332 953 1481 988 apparebit,
1498 956 1597 980 czetera
1613 952 1684 979 inter
1701 951 1760 978 hac

975 1000 1063 1028 media
1076 1001 1212 1036 ejusmodi
1227 1008 1298 1032 esse,
1313 1005 1342 1027 ut
1355 1000 1418 1027 licet
1433 1007 1481 1034 per
1499 999 1590 1033 seipsa
1603 998 1683 1025 lldetn
1704 1006 1758 1025 non

975 1046 1133 1078 excludant,
1154 1053 1215 1073 eam
1239 1050 1330 1072 tamen
1356 1044 1475 1079 prudens
1497 1051 1579 1071 nemo
1606 1043 1665 1070 dari
1693 1042 1760 1077 ipsis

976 1093 1071 1127 possit,
1089 1092 1210 1126 quandiu
1223 1099 1278 1118 non
1290 1091 1373 1118 alium
1387 1094 1526 1118 auctorem
1541 1090 1666 1117 sciutttur
1676 1088 1761 1115 habe-

974 1146 1004 1165 re
1022 1145 1035 1165 a
1052 1136 1265 1165 mendacissimo
1287 1136 1366 1164 istius
1386 1135 1453 1163 Viue
1480 1135 1667 1169 compilatore.
1682 1132 1762 1160 Hunc

976 1187 1003 1209 tu
1019 1189 1083 1209 cave
1103 1189 1137 1209 ne
1152 1181 1362 1216 Metaphrastem
1377 1188 1439 1208 esse
1453 1187 1487 1207 ex
1498 1179 1571 1215 vulgi
1590 1186 1685 1207 errore
1702 1186 1761 1206 ere-

975 1227 1035 1260 das,
1062 1235 1123 1254 cum
1150 1227 1237 1262 styltts
1267 1227 1370 1262 passim
1394 1226 1521 1254 concisus
1541 1233 1556 1252 a
1581 1224 1652 1260 stylo
1675 1223 1762 1251 Meta-

974 1273 1094 1309 phrastis
1109 1273 1248 1308 periodico
1267 1277 1293 1299 et
1308 1272 1391 1300 fluido
1407 1272 1613 1299 diversissimos
1625 1271 1672 1298 sit.
1688 1269 1763 1297 Pue-

975 1318 1027 1346 fert
1050 1318 1095 1345 illa
1125 1317 1188 1344 Vita
1219 1317 1337 1344 duorum
1368 1317 1566 1351 discipulorutn
1598 1315 1712 1343 Joannis
1735 1319 1764 1342 et

974 1363 1090 1399 Polybii,
1108 1367 1138 1390 ut
1150 1363 1216 1394 dixi,
1232 1363 1343 1389 nomina
1359 1372 1367 1389 :
1386 1362 1433 1397 qui
1445 1365 1472 1389 et
1493 1362 1521 1389 in
1539 1361 1625 1395 prima
1645 1368 1762 1396 persona

976 1409 1077 1444 ubique
1092 1408 1253 1442 loquuntur,
1274 1407 1338 1435 licet
1357 1415 1428 1435 unus
1446 1407 1573 1442 idemque
1589 1408 1625 1434 sit
1650 1415 1665 1434 a
1687 1407 1762 1441 prin-

976 1455 1049 1490 cipio
1059 1462 1147 1489 usque
1161 1454 1194 1481 ad
1210 1454 1292 1481 ﬁnem
1310 1454 1407 1489 stylus,
1421 1453 1534 1488 proinde
1545 1460 1598 1480 non
1612 1452 1665 1480 nisi
1677 1459 1763 1479 unum

978 1505 1117 1528 auctorem
1135 1499 1249 1532 referat;
1267 1507 1322 1528 non
1343 1503 1433 1527 tamett
1444 1499 1556 1526 omnino
1571 1498 1760 1532 rejiciendum,

978 1547 1001 1575 si
1012 1555 1076 1574 vera
1092 1547 1209 1574 duorum
1222 1546 1337 1572 istorum
1349 1545 1451 1580 scripta
1467 1552 1521 1579 prae
1536 1545 1624 1572 octtlis
1647 1544 1761 1576 habens,

977 1601 1028 1621 suo
1047 1593 1092 1620 illa
1112 1593 1246 1620 duntaxat
1265 1597 1428 1620 exornasset
1448 1598 1585 1623 sermone,
1603 1597 1688 1618 sensu
1703 1597 1764 1617 ser-

977 1646 1050 1668 vato.
1066 1639 1124 1673 Qua
1145 1644 1236 1666 autent
1258 1643 1336 1666 aetate
1362 1638 1407 1665 ille
1430 1636 1582 1672 scripserit,
1604 1636 1666 1671 quis
1693 1635 1765 1663 divi-

977 1687 1067 1714 nattdo
1095 1685 1297 1720 consequetur?
1315 1683 1373 1712 Hoc
1395 1688 1513 1717 certum,
1537 1682 1644 1711 decimo
1663 1681 1765 1710 saeculo

978 1734 1094 1769 priorem
1111 1733 1205 1766 fuisse,
1234 1731 1345 1767 quando
1361 1737 1388 1759 et
1409 1731 1464 1758 Leo
1488 1731 1646 1765 imperator,
1660 1736 1764 1763 cogno-

977 1784 1068 1807 mento
1085 1778 1210 1813 Sapiens,
1224 1778 1275 1805 sub
1287 1785 1342 1812 quo
1355 1777 1437 1804 etiam
1450 1775 1646 1810 Mctaphrastes
1660 1773 1764 1805 ﬂoruit,

983 1826 1073 1853 Vitam
1085 1826 1159 1853 illam
1177 1829 1287 1853 secutus
1300 1828 1341 1852 est
1358 1824 1384 1850 in
1399 1823 1534 1850 laudando
1550 1821 1764 1856 Chrysostomo;

976 1879 1004 1901 et
1014 1873 1134 1907 elogium
1153 1879 1184 1898 ex
1205 1879 1237 1897 ea
1254 1874 1393 1905 sumptum
1407 1869 1544 1896 invenitur
1565 1868 1591 1894 in
1613 1867 1765 1903 Syttaxaria

978 1920 1069 1947 Basilii
1090 1919 1262 1952 imperatoris
1286 1914 1525 1951 Porphyrogeniti,
1552 1917 1582 1941 ut
1601 1913 1636 1941 de
1655 1912 1765 1939 Mentris

977 1965 1086 1993 excusis
1100 1963 1168 1990 nihil
1179 1963 1279 1990 dicam.

1012 2011 1056 2038 46.
1074 2010 1103 2037 in
1122 2010 1172 2036 hac
1195 2008 1250 2035 vita
1266 2007 1434 2042 Epiphanius
1464 2011 1540 2041 patre
1556 2004 1686 2040 agricola,
1704 2010 1765 2030 ma-

977 2062 1018 2084 tre
1040 2056 1151 2086 linilica,
1176 2054 1311 2082 ambobus
1327 2053 1439 2085 Judaeis,
1464 2057 1545 2079 natos
1573 2051 1673 2078 dicitur
1701 2056 1765 2076 cum

977 2110 1072 2131 sorore
1085 2101 1247 2135 Callitrope;
1271 2107 1389 2134 cumque
1412 2099 1543 2127 decennis
1564 2101 1637 2125 esset
1661 2097 1765 2123 amisso

977 2154 1063 2184 patre,
1076 2148 1171 2182 jussus
1193 2147 1227 2174 ad
1249 2146 1373 2173 alendam
1397 2145 1530 2172 familiam
1553 2144 1665 2171 unicum
1690 2142 1763 2178 quod

143 2190 298 2224 Epiphanii,
314 2197 376 2224 qua:
391 2195 456 2217 suttt
475 2191 545 2225 apud
564 2190 746 2225 Lipomanom
766 2195 792 2217 et
813 2190 924 2217 Suriutn

978 2194 1138 2230 suppetebat
1155 2192 1448 2232 vtznderejumentum,
1466 2195 1540 2217 tanta
1557 2189 1694 2225 negotiutn
1706 2189 1766 2216 sin-

142 2237 192 2265 sub
207 2237 318 2264 nomine
332 2236 531 2272 Metaphrastis,
541 2237 690 2264 mendaciis
704 2241 808 2264 scatere
820 2236 925 2268 dicens,

142 2283 181 2311 uti
196 2291 291 2310 revera
306 2288 411 2311 scatere
433 2292 496 2318 mox
515 2284 675 2315 ostendant;
700 2291 734 2310 ex
761 2283 795 2310 iis
815 2290 927 2318 prorsus

142 2329 250 2357 veritati
263 2329 430 2356 contrariam
454 2329 577 2364 proferat
600 2329 785 2356 ttarrationetn
807 2329 840 2355 de
861 2336 927 2355 con-

142 2382 236 2409 gressu
261 2379 288 2401 et
304 2375 480 2401 contetttione
500 2373 645 2408 Epiphanii
673 2379 756 2408 atque
784 2372 925 2400 Eudoxiac.

142 2420 196 2448 Nec
217 2420 300 2447 refert
326 2421 398 2455 quod
420 2422 514 2448 eadem
540 2420 634 2447 eodem
660 2420 717 2446 fere
740 2419 821 2446 modo
846 2420 874 2446 itt
897 2418 925 2445 S.

142 2467 255 2494 Joannis
268 2466 456 2502 Chrysostonti
471 2467 598 2493 encomio
613 2465 722 2500 scripsit
735 2465 790 2492 Leo
814 2465 929 2499 impera-

143 2518 185 2541 tor
200 2522 206 2539 :
221 2513 265 2540 hic
277 2513 363 2545 enim,
378 2513 500 2547 qttinque
523 2517 586 2547 post
602 2520 659 2539 rem
681 2516 785 2546 gestam
807 2511 925 2543 saeculis,

143 2560 271 2594 deceptus
290 2558 342 2586 fuit
368 2558 469 2593 spuriis
497 2558 551 2585 illis
580 2557 669 2590 Actis;
692 2566 778 2593 eaque
797 2557 928 2585 transcri-

144 2608 196 2643 psit
207 2611 344 2642 quatenus
367 2605 401 2632 ad
421 2613 501 2633 suum
527 2610 718 2640 argumentum
740 2605 830 2633 facere
853 2606 928 2632 vide-

144 2654 250 2681 bantur.

445 2696 560 2725 CAPUT
582 2697 624 2724 Vl.

199 2757 396 2785 Examinantur
415 2757 482 2783 Acta
497 2757 579 2787 edita.
597 2761 725 2791 quatenus
743 2765 758 2783 a
773 2755 876 2783 Joanne

376 2793 525 2826 conscripta
545 2792 692 2827 ﬁnguntur.

179 2838 225 2866 45.
247 2838 334 2868 Vitam
350 2838 473 2868 Graecam
490 2838 518 2867 S.
535 2837 690 2874 Epipltanii,
706 2846 767 2873 quae
791 2838 857 2867 olim
881 2837 931 2866 La-

978 2240 1088 2268 ceritatc
1098 2238 1198 2274 egisse,
1208 2241 1238 2265 ut
1249 2237 1376 2272 quamvis
1387 2236 1549 2263 indomitum
1568 2234 1646 2268 alias,
1662 2234 1690 2261 in
1704 2233 1765 2268 ipso

978 2285 1038 2312 foro
1053 2283 1190 2318 placidum
1210 2290 1239 2309 se
1253 2282 1384 2317 praeberet
1399 2285 1499 2317 prmter
1522 2287 1637 2313 morem,
1667 2279 1765 2307 vitium

979 2336 1069 2358 tamen
1085 2329 1212 2357 ittdicarit
1227 2329 1342 2356 licitanti
1357 2327 1472 2360 Jacobo,
1486 2327 1559 2363 quod
1571 2326 1697 2362 religioni
1711 2326 1767 2354 sibi

978 2378 1091 2407 duceret
1102 2376 1194 2404 fallere
1208 2375 1332 2409 ejusdem
1347 2374 1486 2408 religionis
1500 2374 1640 2401 hominem
1656 2382 1663 2400 :
1679 2379 1767 2408 quare

978 2424 1065 2451 ttibus
1088 2423 1122 2450 ab
1138 2430 1171 2450 eo
1188 2423 1306 2450 donatus
1331 2421 1463 2454 nummis,
1491 2420 1602 2447 domum
1623 2420 1767 2447 reverterit

978 2477 1040 2497 cum
1065 2469 1124 2504 ipso
1136 2469 1260 2504 jumento
1280 2477 1286 2494 :
1306 2475 1322 2494 a
1342 2475 1397 2502 quo
1414 2466 1654 2494 deindeexcussus
1671 2466 1699 2493 iu
1722 2466 1767 2493 via

979 2515 1151 2551 graviterque
1171 2515 1261 2547 lacSus,
1284 2522 1331 2548 per
1357 2513 1592 2548 supervenientem
1619 2513 1766 2548 quemdam

980 2562 1122 2589 Cleobiutn
1151 2560 1359 2591 Christianum,
1393 2564 1506 2587 sanatus
1541 2560 1643 2586 virtute
1677 2559 1767 2586 crucis

981 2608 1072 2635 fuerit.
1090 2606 1187 2633 Postea
1201 2613 1263 2633 cum
1280 2605 1396 2639 agellum
1415 2609 1557 2640 paternum
1572 2603 1765 2638 Eleutheropo-

981 2654 1064 2680 Iitauo
1084 2652 1192 2680 cuidam
1217 2651 1285 2687 legis
1311 2651 1399 2686 perito
1428 2659 1460 2678 ac
1484 2651 1562 2678 diviti
1589 2649 1696 2682 Judaao,
1720 2649 1767 2676 cui

981 2698 1109 2733 Tryphon
1128 2705 1237 2731 nomen,
1263 2696 1373 2724 oﬂ‘erret
1395 2696 1529 2728 venalem,
1550 2697 1585 2724 ab
1599 2704 1633 2723 eo
1649 2696 1766 2730 adopta-

980 2750 1049 2776 tum,
1070 2749 1100 2771 ut
1124 2744 1300 2772 matrimonio
1321 2743 1383 2771 ﬁliae
1403 2743 1491 2771 unicae
1513 2742 1692 2778 jungendum,
1711 2741 1765 2768 nisi

982 2793 1038 2818 haec
1053 2791 1107 2818 cito
1133 2794 1239 2819 mortua
1256 2790 1367 2823 fuisset;
1389 2794 1471 2824 atque
1488 2789 1526 2816 ita
1553 2793 1662 2817 mortuo
1682 2788 1765 2815 etiam

982 2837 1156 2873 Thrypltone,
1173 2836 1233 2872 ejus
1247 2841 1275 2865 et
1292 2835 1423 2864 doctrinae
1434 2840 1461 2865 et
1472 2834 1616 2872 opulentia:
1630 2833 1766 2862 mansisse
