1934 3029
119 100 123 104 ”
130 97 186 126 Πῖ

635 92 663 121 S.
683 90 855 120 EPlPllANll
876 90 968 118 ACTA
989 86 1243 117 BOLLANDIANA.

1704 85 1759 113 ML

131 156 276 184 haeredcm.
297 154 365 183 Tum
385 161 452 182 vero
476 153 605 181 incidisse
625 153 653 181 in
675 153 840 180 monachum
862 151 916 179 Lu-
930 155 952 184 Α
967 149 1176 185 quinquaginta,
1200 148 1305 175 leonem
1327 145 1421 173 multis
1437 144 1551 172 noxium
1569 151 1620 171 sua
1640 151 1760 178 prmsen-

133 203 243 230 cianum
257 211 264 228 :
280 209 438 236 quem'cum
454 200 568 227 vidisset
581 200 681 226 donata
700 199 811 234 pauperi
829 202 916 230 veste,

133 248 246 276 candida
263 247 316 274 alia
333 247 442 274 cmlitus
467 245 553 277 indui.
575 245 684 280 petierit
702 250 729 272 et
745 244 917 272 Christianus

134 299 160 321 et
188 293 339 321 monachus
366 293 449 320 ﬁeri:
475 298 649 325 congrueque
675 291 826 317 instructus
854 296 917 315 cum

133 347 239 372 sorore,
259 342 286 366 et
299 339 333 365 ad
348 338 501 373 ingressum
513 337 635 365 ecclesiae
651 336 838 363 decidentibus
849 334 920 361 nltro

135 385 234 412 calceis
249 384 539 418 nudipes,.haptizatus
553 383 637 409 fuerit
657 381 692 408 ab
713 381 860 416 episcopo;
876 387 921 406 ac-

136 431 276 465 ceptisque
304 430 377 457 mille
403 429 504 461 aureis,
529 428 670 456 Veronica:
688 431 840 455 matertera:
865 433 922 453 suae

137 476 279 509 eidemque
294 473 505 505 sanctimoniali,
518 481 640 501 sororem
664 472 872 503 commendans,
893 471 922 498 in

138 521 251 548 Luciani
275 520 442 548 monasterio
470 519 557 546 factus
585 519 622 546 sit
649 518 810 547 monachus.
836 524 923 544 annos

140 571 220 594 natus
240 566 371 597 sedecim,
394 571 421 592 et
447 564 476 592 S.
507 564 639 591 llilarioni
666 564 788 597 ejusdem
810 562 923 590 Lueiani

139 612 272 646 discipulo
288 611 505 642 commendatus,
527 610 615 645 ipsum
634 613 695 643 post
717 613 831 635 mortem
847 615 923 634 coni—

140 659 231 686 munis
245 658 366 692 magistri
398 657 524 684 habuerit
550 663 613 683 cum
636 660 733 682 caztera
755 653 925 681 fraternitate

141 705 323 739 hegumenum
339 710 387 730 seu
404 702 542 729 abbatem.

175 751 220 778 47.
239 750 292 777 Sed
311 750 367 784 jam
395 749 505 776 aliunde
526 753 653 776 constare
675 748 806 779 vidimus,
831 754 927 774 mona-

141 798 215 824 sticae
236 797 297 823 vita:
322 795 448 822 tirocinia
474 795 503 822 in
527 794 644 830 Egypto
663 795 788 830 posuisse
808 793 926 828 Epipha-

142 843 228 874 nium,
245 850 277 869 ea
299 841 368 869 forte
392 849 453 876 quae
478 841 523 868 hic
552 847 664 868 notatur
688 845 776 871 actate,
803 840 929 875 quamvis
944 828 966 856 Β

142 889 250 915 mallem
264 888 375 915 biennio
391 888 523 922 majorem
540 888 660 914 credere.
676 886 716 914 Ad
736 886 888 913 Lucianum
903 889 929 912 et

143 933 308 962 llilarionem
321 934 394 968 quod
417 933 523 965 attinet,
540 937 613 967 patet
634 932 768 959 mendacii
791 930 929 958 evidentia

142 987 174 1006 ex
189 979 272 1013 ipsius
280 978 426 1005 Hilarionis
439 977 509 1010 Vita,
520 977 566 1012 qui
578 985 665 1004 annos
678 976 835 1011 quindecim
849 981 929 1002 natus

144 1025 176 1052 ad
191 1024 339 1051 Antonium
354 1023 454 1050 abiisse
469 1024 497 1050 in
514 1022 659 1057 Aigyptum
685 1023 786 1049 dicitur
809 1022 843 1048 ab
867 1021 930 1047 Hie—

143 1076 269 1104 ronymo,
284 1068 479 1102 indequeipost
500 1067 640 1094 bietmium
665 1073 802 1094 revertens
827 1067 932 1101 pritnus

145 1115 307 1141 monasticze
328 1114 390 1140 vita:
420 1113 574 1148 exemplum
601 1113 725 1139 retulisse
749 1113 774 1139 ltl
805 1112 930 1146 patriam,

145 1161 218 1196 quod
233 1168 306 1187 anno
320 1160 380 1195 ejus
393 1160 481 1187 aetatis
501 1159 536 1186 ‘22
563 1160 640 1186 multi
665 1160 798 1194 cwperint
819 1159 933 1190 imitari,

145 1212 257 1234 eatenus
276 1211 403 1234 autemet
433 1206 550 1234 necdum
577 1205 686 1233 fuerant
711 1205 877 1232 monasteria
906 1204 933 1231 in

146 1253 299 1286 Palaestina,
314 1260 364 1280 nec
381 1252 527 1287 quisquam
551 1252 716 1279 monachum
731 1257 795 1278 ante
812 1250 842 1277 S.
859 1249 934 1277 Hila-

147 1300 253 1328 rionem
284 1299 312 1326 in
344 1298 424 1334 Syria
450 1303 580 1333 noverat.
609 1307 619 1324 ι
651 1297 777 1332 Fingitur
805 1301 933 1332 praeterea

149 1345 348 1373 monasterium
364 1345 424 1380 ejus
435 1345 510 1379 quod
524 1352 608 1380 prope
622 1343 723 1372 Gazam
739 1343 824 1371 fuisse
834 1343 933 1375 scitur,

148 1400 180 1419 eo
189 1392 274 1419 fuisse
289 1391 350 1418 loco
366 1395 395 1418 ut
405 1390 443 1418 ad
456 1390 581 1425 quinque
595 1390 723 1416 milliaria
733 1390 848 1424 petenda
864 1394 937 1417 esset

149 1445 219 1472 aqua
242 1446 248 1464 :
277 1444 330 1471 qua
357 1436 501 1463 occasione
525 1443 588 1462 cum
609 1436 767 1470 contigisset
787 1435 881 1462 vinum
902 1436 937 1462 ab

968 196 1005 222 tia
1027 194 1168 225 occiderit,
1189 200 1368 229 synonynnim
1387 191 1439 218 sibi
1460 191 1495 218 ab
1512 189 1614 217 Edessa
1635 189 1760 224 philoso-

968 241 1051 276 phum
1071 240 1216 273 exceperit,
1237 246 1297 265 cum
1317 237 1550 272 eoqueintegrum
1576 243 1678 262 annum
1695 235 1760 261 dis-

969 286 1071 322 putarit
1106 292 1196 312 coram
1217 294 1225 310 ι
1247 283 1348 311 Calisto
1363 283 1433 309 Aetii
1454 289 1558 316 magum
1579 280 1672 307 Retine
1690 288 1761 314 pra:-

970 333 1032 360 lccti
1056 332 1122 364 tilio,
1140 341 1150 356 ι
1173 338 1255 366 quem
1279 337 1295 356 a
1324 329 1448 356 diemone
1473 328 1616 354 liberatqu
1642 326 1764 353 habebat

971 379 1134 413 discipulum
1149 386 1157 409 ;
1179 381 1206 404 ct
1220 376 1358 412 quomodo
1379 374 1554 409 theogoniam
1574 373 1683 400 Hesiodi
1700 379 1764 406 per—

972 426 1101 453 Iinaciter
1121 423 1322 454 defendentem,
1349 421 1471 456 opposita
1499 419 1597 446 veriori
1624 418 1765 446 Geneseos

973 471 1088 499 historia
1107 470 1215 497 ﬂectere
1234 468 1380 504 nequiens,
1403 466 1561 502 provocarit
1587 465 1620 492 ad
1646 471 1766 498 encrgu-

973 518 1045 545 mcni
1061 517 1263 547 liberationem,
1279 522 1362 549 quam
1384 513 1430 548 qui
1450 512 1585 539 eﬂiici~sct
1607 511 1668 546 ejus
1696 511 1767 536 fides

974 572 1036 591 vera
1053 569 1209 590 censeretur
1225 571 1232 588 :
1251 566 1331 595 atque
1345 561 1380 586 ita
1393 566 1556 586 conversum
1575 557 1765 592 Epiphanium

975 609 1182 645 philosophum,
1197 607 1418 640 monacbnmqttc
1440 604 1543 632 factum
1572 609 1599 630 ct
1625 603 1768 639 presbytee

977 663 1036 682 rum
1067 655 1224 681 ordinatum
1249 654 1283 679 ab
1310 651 1580 685 Eleutheropolitano
1606 649 1733 684 episcopo
1758 656 1766 674 :

977 709 1058 735 quem
1085 699 1183 727 deinde
1211 699 1238 725 in
1268 697 1413 733 {Egyptum
1444 695 1573 723 recedens
1598 693 1769 728 Epiphanius

978 751 1090 774 sanctus
1108 744 1274 772 monasterio
1288 751 1339 771 suo
1355 742 1530 777 prmpositum
1545 740 1695 774 reliquerit.
1713 738 1769 766 Sed

979 797 1159 827 praeterquam
1173 790 1245 826 quod
1259 797 1290 816 ea
1304 788 1463 823 disputandi
1483 794 1558 814 mora
1571 791 1598 813 et
1611 786 1683 812 ratio
1700 783 1770 811 ridi‘

981 839 1042 866 cuia
1056 838 1167 864 omnino
1182 837 1318 868 videatur,
1332 840 1358 862 ct
1374 834 1407 862 de
1420 834 1506 861 altero
1531 833 1585 860 isto
1611 830 1770 866 Epiphanio

981 885 1045 912 alibi
1057 885 1161 919 legatur
1176 883 1260 914 nihil;
1279 889 1364 909 unum
1382 881 1426 908 hic
1439 879 1510 907 Aetii
1536 878 1667 906 Romana:
1690 876 1769 904 urbis

981 931 1099 966 praefecti
1114 929 1194 957 velim
1213 936 1315 956 nomen
1338 931 1472 957 notatum,
1498 925 1571 960 quod
1596 933 1628 952 ex
1655 924 1771 950 cerebro

981 984 1034 1003 SUO
1052 979 1237 1002 commentum
1256 978 1396 1000 auctorem
1413 976 1487 1006 patet
1503 979 1536 998 ex
1561 976 1772 998 aCClll‘llllSSInlo

981 1029 1014 1049 eo
1035 1021 1174 1056 Calalogo,
1201 1028 1281 1054 quem
1310 1018 1459 1046 Bucherius
1481 1025 1497 1044 a
1521 1017 1650 1044 Bollando
1676 1022 1773 1043 nostro

983 1071 1125 1101 acceptum
1137 1066 1223 1093 edidit
1248 1065 1280 1092 ad
1306 1064 1446 1091 Canoncm
1472 1062 1630 1090 l’aschaleni
1660 1060 1772 1088 Victorii

983 1122 1008 1141 c.
1027 1114 1069 1146 15,
1087 1121 1113 1147 p.
1131 1112 1194 1145 256,
1217 1111 1262 1138 ubi
1284 1120 1293 1136 ι
1317 1118 1351 1137 ex
1371 1104 1545 1144 temporibus
1561 1108 1687 1138 Gallieni,
1708 1118 1716 1133 I
1737 1108 1773 1134 ab

983 1166 1056 1186 anno
1072 1158 1136 1191 254,
1163 1163 1250 1192 usque
1273 1156 1325 1184 ’554
1349 1157 1495 1187 indicatur,
1516 1165 1525 1181 ‹
1550 1155 1613 1190 quis
1639 1159 1772 1190 quantum

987 1205 1121 1240 temporis
1138 1204 1325 1239 przefecturam
1341 1202 1421 1230 Urbis
1436 1202 1645 1233 administrarit,
1667 1211 1675 1227 ι
1689 1209 1775 1236 quan-

984 1252 1075 1286 doque
1088 1251 1223 1286 pratfectis
1239 1250 1392 1278 successive
1405 1253 1523 1284 quatuor
1562 1248 1631 1274 intra
1647 1247 1774 1274 eumdem

988 1305 1090 1325 annum
1105 1298 1219 1332 positis;
1242 1305 1291 1324 nec
1314 1296 1372 1323 sola
1394 1295 1516 1327 nomina,
1542 1294 1589 1322 sed
1612 1299 1639 1320 ct
1667 1301 1775 1328 praeno-

987 1344 1061 1371 mina
1082 1344 1284 1378 expt'imuntur.
1307 1342 1417 1369 Interim
1443 1349 1475 1369 ex
1504 1341 1591 1375 ipsius
1616 1340 1776 1367 fabulatoris

986 1390 1102 1422 calculo,
1129 1397 1263 1416 annorum
1290 1388 1487 1423 quinquaginta
1515 1395 1563 1414 sex
1589 1387 1774 1420 episcopatum

990 1436 1143 1471 Epiphanio
1160 1435 1316 1468 tribuentis,
1335 1440 1394 1461 acta
1411 1434 1468 1460 haec
1485 1438 1577 1461 essent
1593 1436 1620 1459 ut
1632 1433 1775 1459 minimum

149 1483 302 1518 Epiphanio
316 1483 341 1509 in
358 1490 458 1517 aquam
470 1483 594 1509 converti
605 1482 639 1508 ad
657 1481 833 1509 refectionem
846 1486 936 1508 trans-
949 1501 973 1532 Ο
989 1487 1052 1510 ante
1064 1482 1226 1509 decennium
1241 1481 1441 1508 ordinationem
1453 1486 1645 1516 prtegressum,
1655 1479 1777 1513 adeoque

150 1528 273 1555 euntium
289 1538 294 1554 :
311 1527 357 1554 ille
379 1527 472 1561 gloriae
493 1526 612 1560 fugitans
632 1526 686 1552 alio
707 1534 737 1553 se
765 1525 936 1558 subduxerit,

151 1574 198 1600 ubi
212 1581 275 1601 cum
291 1573 492 1600 Saracenorum
510 1572 729 1606 prtetereuntiuni
745 1572 858 1606 quidam
873 1579 936 1599 eum

152 1619 234 1646 ferire
253 1619 358 1650 volens,
379 1619 494 1645 miratus
524 1623 597 1645 esset
622 1618 722 1652 aperiri
750 1618 801 1645 sibi
828 1618 937 1646 oculutn

154 1665 281 1696 alterum,
294 1672 375 1699 quetn
387 1671 494 1699 semper
506 1664 627 1692 clausum
641 1664 788 1696 habuerat;
799 1671 832 1692 ea
841 1672 870 1691 re
880 1673 938 1692 mo-

150 1716 210 1738 tum
225 1718 309 1738 unum
324 1718 340 1738 e
351 1711 440 1742 turba,
453 1710 608 1745 suscepisse
621 1710 717 1742 fidem;
731 1710 939 1745 quibaptizatus

152 1756 188 1783 ab
203 1754 495 1782 Hilarioneetloannes
508 1755 606 1788 dictus,
620 1755 765 1782 adhreserit
776 1754 937 1789 Epiphanio,

154 1806 236 1836 atque
255 1801 312 1827 haec
325 1800 418 1828 omnia
433 1800 576 1834 scripserit
590 1809 597 1827 :
613 1808 645 1828 ac
659 1800 760 1835 primo,
774 1800 809 1827 ab
824 1808 940 1834 energu-

155 1854 235 1874 meno
254 1847 363 1881 pulsutn
386 1846 538 1873 daemonem
557 1846 757 1873 comminatum
774 1854 846 1878 esse,
867 1847 940 1881 quod

155 1894 183 1920 in
203 1892 342 1920 Persidem
355 1892 447 1919 venire
462 1891 563 1920 faceret
587 1891 784 1926 Epiphanium.
804 1892 942 1927 Occupata

156 1941 238 1974 igitur
251 1939 323 1974 regis
344 1939 400 1965 lilia
413 1938 559 1971 indicasse,
583 1938 656 1972 quod
678 1938 731 1965 nisi
751 1938 855 1965 veniret
876 1937 941 1972 Epi-

157 1986 285 2021 phanius,
305 1985 431 2012 exiturus
456 1992 472 2011 a
497 1984 586 2019 puella
610 1992 665 2011 non
688 1989 771 2012 esset.
792 1984 941 2017 Quaesitum

156 2039 221 2067 ergo
236 2037 263 2059 et
283 2032 310 2058 in
326 2031 480 2066 Spanydrio
501 2038 552 2059 suo
577 2035 726 2066 repertum,
754 2037 814 2066 post
837 2031 942 2058 aridam

157 2086 267 2105 manum
283 2077 329 2104 uni
349 2077 497 2104 missorum
520 2077 686 2110 restitutam,
709 2078 817 2105 venisse
846 2078 873 2104 in
897 2085 943 2104 re-

157 2125 245 2159 giam,
265 2132 326 2158 qua:
347 2123 490 2151 dicebatur
514 2122 612 2155 Urion,
639 2123 790 2150 daemonem
817 2132 832 2150 a
862 2124 943 2151 ﬁliola

989 1533 1052 1555 ante
1071 1535 1173 1554 annum
1187 1527 1248 1554 558.

1023 1575 1067 1602 49.
1086 1574 1336 1601 l’osthaecdemum
1351 1576 1488 1604 sanctum,
1509 1580 1590 1606 quem
1611 1579 1660 1599 nos
1682 1571 1775 1598 admo-

989 1621 1053 1649 dum
1069 1621 1198 1655 juvenem
1214 1619 1299 1646 fuisse
1313 1619 1340 1645 lll
1353 1619 1455 1654 Egypto
1468 1619 1598 1650 diximus,
1613 1618 1777 1645 celebritatis

990 1667 1082 1694 nimia:
1099 1666 1260 1702 fugientem,
1282 1665 1348 1692 illuc
1375 1673 1466 1692 secum
1491 1666 1620 1700 navigare
1642 1673 1676 1691 ex
1693 1664 1778 1699 Joppe

991 1713 1056 1740 facit
1073 1711 1322 1747 pseudo-Joannes,
1336 1715 1398 1746 post
1408 1718 1618 1746 energumenam
1630 1711 1656 1737 in
1668 1718 1777 1745 egressu

991 1759 1161 1786 Hierusalem
1185 1758 1342 1790 liberatam;
1366 1761 1393 1784 et
1414 1757 1605 1784 Alexandriam
1634 1757 1776 1792 appulsnni

990 1803 1126 1835 Judaeum,
1141 1802 1269 1837 Aquilam
1291 1802 1401 1829 nomine
1420 1802 1584 1836 disputando
1610 1807 1778 1832 convertere.

992 1857 1025 1877 ac
1055 1848 1084 1876 S.
1112 1848 1263 1876 Athanasio
1287 1848 1415 1883 episcopo
1445 1849 1541 1875 sistere
1570 1848 1778 1882 baptimndnin;

992 1895 1089 1922 deinde
1111 1903 1172 1922 cum
1195 1894 1224 1921 S.
1252 1894 1416 1929 Paphnutio,
1449 1896 1541 1930 magni
1562 1894 1671 1921 Antonii
1699 1895 1779 1922 disci-

994 1941 1070 1976 pulo,
1083 1941 1109 1967 in
1127 1939 1265 1967 Thebaide
1277 1940 1420 1975 congredi,
1437 1948 1470 1967 eo
1481 1941 1596 1967 consilio
1610 1946 1638 1967 ut
1649 1941 1674 1967 in
1688 1940 1780 1967 Nitriae

994 1994 1088 2014 eremo
1115 1986 1240 2013 habitare
1271 1987 1492 2020 permitteretur;
1515 1987 1563 2014 sed
1582 1987 1616 2014 ab
1641 1987 1693 2014 hoc
1719 1995 1779 2022 pro-

995 2033 1101 2068 phetico
1114 2033 1234 2067 jussum,
1249 2032 1363 2059 collecto
1383 2032 1454 2066 aptid
1474 2032 1569 2059 Patres
1590 2033 1685 2060 mstivo
1707 2033 1778 2065 fctio,

995 2079 1072 2106 abire
1095 2079 1121 2105 in
1143 2078 1263 2113 Cyprum
1285 2083 1366 2112 atque
1388 2085 1453 2106 oves
1471 2086 1590 2112 pascere.
1612 2078 1681 2105 Tum
1699 2087 1780 2114 prope

996 2124 1185 2159 Leontopolini
1205 2125 1316 2159 tingitur
1334 2131 1446 2152 sanctus
1462 2125 1592 2152 accedere
1606 2127 1640 2152 ad
1661 2125 1780 2153 Hieracis

158 2170 229 2205 regis
252 2170 310 2204 ipsa
325 2173 465 2204 spectante
484 2168 633 2203 expulisse,
650 2169 799 2196 blandienti
818 2170 870 2196 sibi
888 2170 945 2196 ine—
961 2180 982 2207 ο
996 2171 1203 2198 celeberrimum
1225 2172 1433 2203 monasterium,
1449 2171 1587 2205 istumque
1606 2172 1712 2205 publice
1734 2173 1779 2199 do.—

159 2217 231 2251 ptius
251 2224 331 2251 mago
353 2215 489 2251 loquelam
508 2215 655 2242 abstulisse
674 2219 701 2242 et
719 2215 861 2249 poenitenti
884 2215 945 2242 red-

159 2262 280 2294 didisse,
307 2262 381 2296 regia
409 2268 522 2288 munera
545 2261 696 2295 epulasque
723 2268 865 2288 recusasse
886 2261 945 2288 solo

159 2314 228 2340 pane
244 2310 402 2332 contentum
421 2312 428 2331 :
446 2310 473 2332 et
486 2305 661 2337 resuscitato,
678 2306 724 2340 qui
740 2311 865 2333 mortuus
880 2306 946 2333 etle-

159 2352 279 2382 rebatnr,
296 2351 481 2383 adolescente,
496 2352 530 2377 ab
546 2359 608 2385 rege
630 2351 782 2379 honorifice
802 2351 946 2378 dimissum

160 2397 255 2424 fuisse.
272 2396 369 2424 Nescio
388 2405 422 2424 an
450 2396 486 2424 Ur
503 2397 706 2429 Chaldtcorum,
729 2398 876 2424 Abrahami
899 2406 948 2432 pa-

161 2450 255 2477 triam,
276 2444 441 2471 intellexerit
460 2444 512 2471 hoc
527 2445 587 2472 loco
607 2444 744 2472 fabulator
765 2446 839 2480 (nam
865 2444 948 2471 Urion

161 2491 231 2518 alias
243 2491 348 2517 nullutn
364 2491 457 2524 novi):
474 2491 507 2517 ad
524 2491 656 2518 miracula
667 2491 739 2525 quod
755 2491 860 2523 altinet,
875 2491 951 2517 audi-

164 2539 253 2566 vimus
279 2537 461 2565 Snzomenum
485 2545 614 2572 expresse
635 2543 791 2573 negantem,
811 2540 884 2574 quod
907 2539 949 2565 vi-

163 2585 236 2613 venti
249 2583 392 2619 contigerit
403 2583 496 2619 fugare
504 2587 642 2611 daanones
662 2585 826 2619 morbosque
840 2593 948 2613 curare.

197 2630 242 2657 48.
262 2629 353 2664 Pergit
367 2629 476 2656 interim
494 2628 734 2664 pseudo-Joannes
747 2638 870 2661 narrare,
885 2638 951 2664 quu-

164 2677 246 2704 modo
266 2676 299 2712 ad
320 2674 490 2710 Spanydrion
514 2683 641 2702 reversus
665 2683 758 2702 secum
783 2675 951 2709 Epiphanius

165 2723 269 2750 fontem
284 2722 321 2749 ibi
335 2722 471 2753 elicuerit,
493 2720 564 2748 feras
583 2722 754 2755 prohibuerit
769 2722 804 2749 ab
821 2722 952 2753 oleribus,

167 2775 193 2795 et
209 2769 235 2795 in
248 2776 332 2796 novas
347 2768 504 2795 mansiones
518 2768 569 2794 sibi
591 2775 606 2794 a
627 2767 782 2801 Saracenis,
797 2768 897 2802 prioris
910 2771 952 2794 tu-

165 2815 239 2849 gurii
270 2814 458 2843 conditoribus
482 2818 655 2848 exstructas,
686 2815 819 2848 receperit
856 2813 953 2842 fratres

997 2221 1103 2243 centem
1118 2223 1226 2243 errores
1242 2217 1343 2244 multos
1359 2221 1465 2243 mutum
1484 2217 1598 2251 imperio
1615 2217 1737 2248 reddere,
1750 2226 1779 2245 ac

997 2262 1172 2295 pcenitentem
1197 2268 1311 2293 sanare;
1338 2261 1456 2295 denique
1475 2266 1571 2287 curato
1597 2261 1623 2287 in
1647 2262 1779 2295 superiori

997 2306 1135 2334 Thebaide
1150 2314 1343 2342 energnmeno,
1356 2307 1448 2334 venire
1461 2308 1493 2333 ad
1509 2307 1566 2334 loca
1582 2315 1643 2342 quae
1656 2309 1780 2334 dicuntur

998 2352 1107 2380 Bueolia
1128 2353 1218 2387 ibique
1236 2354 1377 2388 septennio
1397 2353 1544 2384 habitasse.
1567 2355 1614 2380 ubi
1640 2354 1779 2381 Eudaemo-

999 2408 1061 2426 netn
1088 2400 1279 2434 phil0sophum
1307 2401 1471 2427 converterit
1501 2406 1598 2428 sanato
1622 2402 1699 2435 pueri
1725 2402 1779 2435 ejus

999 2446 1094 2478 oculo;
1123 2454 1206 2480 seque
1231 2447 1263 2473 ad
1287 2446 1473 2480 episcopatum
1497 2446 1585 2480 quani
1605 2454 1778 2481 cognoscens,

999 2493 1141 2519 reverterit
1154 2493 1180 2518 iii
1197 2491 1315 2527 Syriam,
1331 2492 1449 2526 primum
1461 2492 1639 2526 quadraginta
1656 2493 1713 2520 dies
1724 2501 1780 2520 con-

1001 2543 1126 2564 versatus
1148 2537 1175 2563 in
1206 2538 1373 2564 monasterio
1400 2528 1613 2570 S.'llilarionis,
1641 2544 1779 2573 postquam

1002 2585 1047 2612 ille
1070 2585 1096 2611 in
1119 2585 1237 2619 Cyprum
1259 2593 1287 2611 se
1309 2589 1460 2619 reci-perat,
1489 2586 1513 2612 id
1539 2589 1580 2612 est
1602 2591 1664 2619 post
1684 2593 1778 2612 annum

1002 2631 1064 2661 555,
1084 2630 1161 2664 juxta
1184 2630 1396 2664 Hieronymum;
1422 2637 1483 2656 cum
1514 2634 1603 2656 tamen
1627 2630 1654 2656 in
1683 2630 1780 2657 calculo

1004 2676 1090 2710 ipsius
1106 2675 1277 2704 fabulator-is.
1291 2675 1337 2701 diu
1353 2680 1416 2701 ante
1433 2674 1580 2702 Hilarionis
1596 2676 1743 2702 adventum
1758 2676 1779 2702 in

1003 2723 1134 2757 (:yprum,
1151 2721 1187 2747 ibi
1202 2721 1346 2755 episcopus
1361 2721 1446 2748 fuisse
1465 2721 1631 2755 Epiphanius
1653 2722 1779 2749 debuerit.

1005 2768 1033 2794 In
1051 2767 1162 2794 llirrare
1180 2772 1269 2794 autem
1283 2767 1416 2802 insignem
1434 2768 1688 2802 purachronismum
1703 2769 1779 2796 etiam

1006 2814 1107 2841 notavit
1120 2813 1254 2841 Barouius
1266 2813 1299 2841 ad
1314 2821 1378 2841 ann.
1393 2813 1456 2847 572,
1470 2822 1544 2842 tium.
1561 2814 1622 2849 “0,
1640 2815 1781 2843 observans
