1934 3029
124 169 177 196 145

638 165 667 193 S.
688 164 859 192 EPIPHANH
878 164 969 191 ACTA
989 163 1240 192 HOLLANDIANA.

1700 165 1772 193 ηδτ.

123 228 204 260 plane
219 223 264 250 hic
279 222 403 250 euunlem
424 223 553 254 deseribi,
570 223 604 250 de
626 231 680 258 quo
706 223 766 257 ipse
791 222 908 257 Epipha-
925 225 947 252 Α
962 226 1115 254 exstruere,
1135 222 1218 249 variis
1242 221 1383 249 miraculis
1407 222 1555 250 obtinuerit
1576 228 1701 258 sumptus
1714 215 1776 250 ad“

124 270 188 297 nius
203 268 262 296 fuse
281 272 379 295 tractat
393 269 488 296 hmresi
505 277 592 302 vau,
613 274 745 303 tanquam
770 277 786 295 a
806 268 913 296 Manete

125 314 262 350 proximo,
276 318 303 340 ct
323 319 386 340 ante
403 313 576 341 Meletianum
604 314 725 341 schisma
747 318 830 348 atque
854 313 912 340 Arii

126 361 250 387 haeresim
264 359 336 394 apud
357 359 500 395 [Egyptios
521 364 600 393 noto;
631 367 790 394 quanquam
808 360 835 386 in
856 360 912 385 An-

127 410 217 432 corato
229 405 301 432 dicat
313 413 340 432 n.
358 405 403 437 8'5,
415 413 445 433 se
457 406 622 440 comperisse
637 414 646 430 ι
665 405 810 435 nonnullos
826 413 913 439 nuper

125 451 271 482 excitatos,
290 459 299 476 ›
318 449 344 476 id
359 454 400 477 est
417 450 488 477 circa
507 458 609 477 annum
624 450 686 482 570,
708 459 717 475 ι
734 450 836 485 quibus
854 450 912 485 ple-

127 496 204 530 rique
220 495 343 522 omnium
363 495 542 522 monasticam
564 495 590 521 in
608 494 735 530 Egypto,
763 494 911 527 Thebaide,

127 540 289 575 cazterisque
315 540 473 575 regionibus
498 541 682 568 exercentium
710 540 790 568 facile
809 541 913 576 primas

127 586 267 617 deferunt,
284 586 332 620 qui
346 586 374 612 in
388 585 483 613 eodem
497 593 560 613 cum
579 585 723 613 Hieraeitis
737 593 832 614 errore
853 594 914 613 ver-

127 636 235 663 santur,
254 638 286 657 ac
304 629 416 665 perinde
431 635 461 658 ut
474 631 511 657 illi
535 639 589 658 non
610 631 838 658 resurrectionem
852 639 914 658 car-

128 677 182 709 nis,
203 685 256 704 non
274 677 356 712 hujns
371 685 452 712 quam
470 676 601 704 habemus
620 678 713 710 modo,
737 678 785 705 sed
801 677 914 705 alterius

128 723 156 749 in
183 723 263 757 hujus
293 723 382 750 locum
411 723 606 750 substituendae
629 723 789 758 praedicant.
810 733 820 750 ι
838 723 914 756 Quod

128 769 162 796 ad
180 768 363 803 Paphnutium
381 769 490 801 attinet,
506 769 575 796 inter
594 769 715 797 celebres
738 769 832 797 Nitria:
855 777 914 797 nio-

129 814 245 846 uachos,
268 822 339 849 quos
362 814 390 841 S.
411 814 496 841 Paula
523 814 647 842 Romana
670 815 765 848 adivit,
786 820 915 842 numerat

130 859 268 888 Palladius
282 859 354 887 Hist.
369 859 510 887 Lausiucw
525 867 550 887 c.
565 859 627 892 H7,
644 860 828 894 Paphnutium
849 861 915 887 Sce-

131 906 227 937 tioteu,
237 906 282 939 qui
296 911 435 940 utcunque
450 905 544 933 reduci
563 910 656 940 posset
670 906 703 933 ad
717 907 798 941 hujus
810 907 916 934 licuein

129 952 248 987 [Egyth
262 951 490 986 peregrinationis
501 956 609 986 tempus
626 960 632 978 :
654 953 744 979 casteri
759 952 819 987 ejus
831 954 917 980 nomi-

129 998 173 1025 nis
192 997 314 1025 celebres
338 997 383 1024 alii
403 997 529 1032 juniores
546 1001 627 1031 sunt;
652 1006 714 1024 nam
731 998 765 1025 de
788 999 916 1034 episcopo

129 1043 287 1070 confessore
299 1043 351 1070 sub
369 1043 529 1076 Maximino,
552 1043 598 1077 qui
613 1044 729 1071 concilio
745 1042 855 1071 Niceeno
875 1045 917 1072 in-

131 1089 233 1121 terfuit,
257 1097 310 1115 non
324 1093 365 1116 est
379 1089 430 1116 hoc
445 1089 506 1115 loco
523 1090 709 1124 cogitandum.

166 1135 209 1163 50.
223 1134 309 1162 Porro
319 1141 445 1162 manente
458 1136 536 1170 juxta
547 1136 738 1171 Spanhydrion
752 1136 915 1172 Epiphanio,

131 1181 218 1208 fames
234 1181 324 1208 valida
346 1181 503 1209 incubuisse
516 1181 664 1209 thnicia:
680 1182 790 1215 dicitur,
802 1191 918 1217 eamque

130 1228 275 1262 impetrata
298 1227 424 1254 triduana
450 1228 541 1262 pluvia
560 1236 672 1255 curasse
691 1232 818 1262 sanctus;
833 1237 918 1263 quare

130 1282 181 1309 pro
195 1281 227 1301 eo
242 1274 275 1301 ad
288 1274 476 1309 episcopatum
500 1274 639 1302 evehendo
657 1275 764 1303 collecti
785 1276 918 1311 episcopi,

131 1329 194 1349 cum
212 1321 244 1348 ad
257 1322 381 1349 eumdem
404 1321 579 1356 quaerendum
599 1322 728 1356 juvenem
751 1316 918 1350 monachum

131 1366 274 1402 Polybium
293 1367 503 1400 submisissent;
519 1367 577 1402 ipse
594 1368 727 1395 adventus
743 1376 826 1396 causa
846 1368 918 1396 divi-

131 1413 208 1440 nitus
221 1413 341 1448 cognita,
357 1421 420 1440 cum
436 1413 532 1441 eodem
546 1413 661 1449 Polybio
687 1421 782 1442 secum
799 1419 918 1447 retento,

131 1463 160 1486 et
174 1466 236 1486 cum
255 1457 360 1486 Joanne
373 1458 473 1493 fugerit
488 1459 516 1486 iu
537 1459 656 1494 Cyprum
682 1459 715 1486 ad
743 1460 772 1487 S.
801 1459 919 1488 Hilario-

133 1513 195 1532 nem
211 1515 217 1532 ε
232 1513 247 1531 a
265 1504 423 1539 quojussus
439 1504 605 1532 Salaminam
623 1505 774 1532 habitatum
791 1506 876 1540 adire,
892 1511 920 1534 et

133 1550 235 1577 invitus
248 1557 280 1577 ac
293 1554 452 1585 tempestate
465 1551 623 1586 compulsus
643 1551 707 1579 illuc
721 1552 859 1587 appellens
874 1561 920 1580 na-

133 1596 209 1628 vim,
239 1604 321 1631 quam
353 1597 531 1632 navigaturus
562 1597 724 1625 Ascalonem
749 1599 918 1632 ascenderat,

132 1642 348 1676 comprehensus
375 1642 402 1669 in
425 1643 485 1669 foro
501 1643 585 1671 fuerit
603 1651 618 1670 a
641 1643 670 1671 S.
695 1643 798 1680 Pappo,
815 1645 850 1673 de
866 1653 920 1680 quo

132 1695 214 1722 supra
226 1696 254 1715 n.
271 1688 316 1719 15,
330 1695 393 1716 cum
411 1688 481 1716 forte
496 1697 563 1716 uvas
581 1689 744 1723 licitaretur,
762 1695 920 1726 tractusque

133 1736 167 1763 ad
185 1735 329 1762 ecclesiam
347 1736 491 1762 ordinatus
508 1736 592 1764 fuerit.
611 1745 660 1771 per
685 1737 739 1764 vim
757 1737 918 1772 episcopus;

133 1790 188 1816 quo
208 1782 234 1808 in
262 1789 375 1809 munere
399 1782 527 1810 habuerit
554 1783 699 1811 diaconum
722 1783 883 1817 Charinum,
904 1792 920 1811 a

133 1834 189 1861 quo
209 1827 372 1854 calumniam
394 1836 492 1862 passus
512 1834 621 1863 propter
641 1837 740 1857 aureos
764 1835 872 1857 centum
886 1831 919 1858 ad

132 1874 336 1901 dissolvendum
350 1875 448 1909 captivi
462 1874 648 1909 Eugnomonis
659 1875 780 1904 debitum
795 1877 828 1904 de
841 1877 920 1905 bonis

132 1919 262 1946 Ecclesiae
277 1927 422 1954 expenses,
441 1922 568 1955 quamvis
584 1921 672 1949 eidem
693 1923 855 1956 restitutos;
880 1924 920 1951 ei-

133 1966 194 1992 dem
210 1966 341 1998 Charino,
365 1967 416 1994 sibi
439 1967 473 1994 ad
499 1972 540 1994 ter
559 1968 699 2002 repetitam
725 1969 830 2003 prandii
853 1974 921 1997 tem-

133 2017 200 2044 pore
218 2010 291 2037 cervi
309 2018 403 2037 vocem
426 2011 561 2044 illudenti,
589 2018 704 2040 mortem
729 2014 764 2041 ab
786 2015 838 2042 hoc
853 2023 920 2049 pra;-

134 2055 286 2082 nuntiatam
301 2056 479 2090 signiﬁcarit;
502 2066 615 2085 uxorem
631 2065 722 2086 autem
740 2060 800 2095 ejus
815 2069 830 2087 a
843 2069 922 2096 para-

134 2100 185 2135 lysi
213 2101 355 2129 liberatam
384 2102 517 2130 ordinarit
546 2104 743 2139 diaconissam,
769 2113 823 2133 non
860 2107 920 2135 sine

134 2146 194 2173 utili
209 2147 242 2174 ad
263 2148 398 2182 reliquum
425 2149 529 2176 elerum
553 2150 581 2177 in
610 2151 698 2179 oﬂicio
722 2153 921 2181 continendum

133 2193 272 2227 exemplo;
288 2194 355 2228 quin
374 2194 455 2221 etiam
473 2195 570 2223 solitus
586 2204 639 2223 non
659 2197 788 2231 perficere
804 2198 920 2226 oblatio-

966 275 1035 302 opus
1049 268 1227 295 necessarios.
1246 267 1312 295 Nam
1332 269 1420 303 primo
1435 276 1497 296 cum
1514 268 1648 297 Draconis
1659 270 1764 304 cujus»

966 312 1028 339 dam
1054 312 1157 344 divitis,
1188 313 1235 340 sed
1266 312 1386 347 gentilis,
1414 313 1466 340 sibi
1496 313 1634 340 illudentis
1664 314 1775 341 lilium.

966 363 1098 392 aegrotum
1124 362 1267 391 sanasset;
1297 359 1394 386 morbo
1422 359 1449 386 in
1478 365 1582 394 patrem
1607 361 1750 391 translato,

967 410 1132 438 rursumque
1156 404 1190 431 ad
1210 412 1288 431 suam
1312 405 1529 433 benedictionem
1552 407 1643 433 ablato
1667 407 1774 442 impe»

968 454 1055 476 trasse
1086 449 1120 476 ab
1138 449 1246 482 eodem,
1266 457 1414 482 converso,
1431 458 1492 477 cum
1508 451 1612 478 familia
1625 455 1652 478 et
1671 451 1754 486 bapti-

968 499 1039 526 zato,
1067 494 1187 529 quinque
1214 495 1299 522 millia
1332 502 1505 523 nummorum
1535 504 1541 522 :
1571 496 1668 523 deinde
1691 503 1752 523 cum

968 538 1144 575 Eustorgium
1166 539 1274 576 Synesii
1300 541 1426 568 similiter
1453 541 1561 576 gentilis
1585 541 1681 574 lilium,
1709 549 1755 568 ro-

968 590 1049 620 gante
1066 590 1163 617 matre,
1181 586 1343 613 suscitasset
1368 595 1383 612 a
1408 587 1534 618 mortuis,
1555 587 1589 613 ab
1607 593 1639 613 eo
1665 586 1774 613 oblata.

968 633 1020 659 tria
1035 631 1120 658 millia
1135 640 1278 659 nummum
1292 633 1432 660 remisisse
1446 633 1479 660 ad
1493 633 1636 660 fabricam.
1652 631 1758 660 Postea‘

968 686 1030 705 cum
1045 677 1156 714 Polybio
1170 679 1226 713 jam
1246 680 1405 714 presbytero
1427 684 1555 706 narratur
1583 679 1755 714 Epiphanius

969 726 1051 753 ivisse
1064 726 1279 763 Hierosolymam
1306 729 1339 755 ad
1362 727 1476 755 Joannis
1495 728 1625 763 episcopi,
1644 729 1686 755 sui
1703 728 1755 756 sub

970 771 1117 800 Hilarionis
1132 773 1277 807 disciplina
1290 774 1478 808 condiscipuli,
1492 774 1676 809 castigandam
1691 782 1755 801 ava-

969 820 1072 853 ritialn,
1088 826 1118 846 ut
1131 819 1233 847 dictum
1250 829 1276 847 n.
1295 820 1339 852 17,
1358 820 1476 855 indeque
1492 820 1647 855 regrediens
1669 819 1755 847 offen-

969 866 1044 894 disse
1059 867 1198 894 mendieos
1219 866 1297 898 duos,
1325 874 1443 901 quorum
1468 866 1536 894 alter
1559 873 1589 893 se
1614 871 1755 893 mortuum

970 913 1125 946 simulabat,
1142 913 1213 948 quod
1230 913 1256 940 in
1275 913 1363 949 Cypro
1383 912 1484 940 factum
1503 913 1607 940 videtur
1633 913 1755 940 indicare

971 959 1140 987 Sozomenus
1156 960 1213 994 (lib.
1232 968 1281 991 vn,
1301 968 1359 994 cap.
1380 959 1437 994 ‘27).
1453 959 1511 987 Huc
1522 967 1603 994 porro
1627 967 1755 986 reversus

970 1005 1092 1033 lsaacum
1110 1004 1234 1033 Judaeum
1256 1006 1323 1041 legis
1340 1005 1456 1040 peritum
1471 1006 1522 1033 sibi
1540 1005 1705 1040 adjunxerit,
1729 1009 1756 1032 et

970 1060 1061 1080 coram
1078 1052 1210 1080 Romanis
1225 1052 1340 1083 nuntiis,
1353 1054 1387 1079 ab
1403 1052 1520 1079 Arcadio
1533 1056 1560 1080 et
1572 1051 1692 1079 Honorio
1704 1052 1755 1078 im-

971 1099 1142 1134 peratoribus
1159 1098 1192 1125 ad
1208 1099 1297 1133 ipsum
1316 1098 1431 1125 Romam
1448 1098 1636 1126 adducendum
1650 1097 1753 1129 missis,

974 1145 1199 1174 calumniatoretn
1220 1153 1299 1172 suum
1319 1145 1538 1177 Faustinianum,
1559 1145 1671 1173 innoxio
1688 1146 1757 1173 alias

975 1191 1043 1218 fabri
1067 1191 1184 1225 alicujus
1208 1191 1284 1226 lapsu
1307 1198 1485 1226 oppressum,
1512 1193 1659 1223 suscitans.
1683 1192 1757 1219 mille

973 1245 1100 1265 nummos
1113 1240 1147 1264 ab
1169 1237 1226 1272 ejus
1242 1245 1326 1265 uxore
1343 1238 1449 1265 oblatos
1464 1238 1564 1265 dicitur
1580 1237 1691 1265 fabricae
1706 1246 1756 1273 ap-

971 1282 1098 1316 plicasse,
1114 1287 1195 1316 atque
1213 1282 1249 1308 ita
1274 1281 1389 1309 Romam
1415 1282 1568 1317 navigasse,
1584 1291 1646 1310 cum
1664 1283 1757 1311 lsaaco

972 1333 1053 1362 atque
1070 1327 1192 1363 Polybio,
1216 1328 1312 1355 relicto
1333 1328 1367 1355 ad
1392 1328 1515 1356 ecclesiae
1538 1327 1756 1356 Constantiensis

971 1374 1101 1402 vicariam
1117 1382 1210 1402 curam
1228 1374 1352 1407 Philone,
1367 1381 1423 1401 uno
1436 1382 1468 1401 ex
1488 1374 1594 1409 legatis,
1611 1382 1691 1410 quem
1708 1383 1758 1409 pro

972 1420 1083 1448 civitate
1113 1419 1235 1455 Carpasii
1259 1421 1416 1455 episcopum
1445 1420 1608 1448 nominarat.
1633 1421 1758 1456 Carpasii

972 1465 1069 1493 civitas
1084 1473 1166 1500 quam
1190 1466 1278 1493 norim
1299 1466 1373 1493 nulla
1397 1469 1440 1493 est
1455 1475 1462 1493 :
1477 1466 1631 1500 Carpalhus
1655 1466 1755 1499 insula,

973 1511 1120 1547 Cycladum
1136 1513 1237 1539 extima
1259 1513 1328 1539 inter
1349 1512 1457 1540 Cretam
1474 1517 1502 1540 et
1522 1512 1660 1544 Rhodum,
1677 1512 1758 1548 longo

974 1559 1058 1586 maris
1076 1562 1164 1586 tractu
1181 1558 1266 1586 distat
1284 1566 1299 1585 a
1316 1557 1417 1594 Cypro,
1439 1558 1472 1585 ad
1497 1558 1577 1593 cujus
1601 1559 1758 1594 metropoli‘

974 1608 1028 1631 tam
1041 1612 1212 1639 nequaquam
1234 1605 1373 1639 spectabat
1385 1605 1409 1632 ei
1429 1604 1581 1639 providere.

1008 1650 1052 1678 52.
1071 1649 1124 1678 Sed
1137 1650 1194 1677 haac
1209 1650 1310 1678 leviora
1324 1654 1388 1678 sunt
1405 1659 1412 1677 :
1430 1658 1491 1685 qua:
1506 1654 1658 1685 sequuntur
1675 1659 1759 1686 quam

971 1701 1086 1732 possunt
1107 1696 1224 1731 speciem
1245 1696 1345 1724 habere
1366 1696 1408 1723 vel
1433 1697 1582 1724 tolerabilis
1604 1698 1758 1725 mendacii?

970 1741 1104 1769 Arcadius
1119 1745 1200 1769 natus
1213 1745 1272 1768 erat
1284 1749 1358 1769 anno
1372 1741 1425 1768 574
1443 1741 1575 1769 decennio
1587 1747 1649 1777 post
1661 1741 1756 1770 Hono-

970 1789 1039 1820 rius,
1056 1793 1204 1823 utrumque
1215 1788 1249 1815 de
1261 1787 1397 1822 baptismo
1415 1789 1535 1823 suscepit
1552 1789 1592 1815 vir
1609 1789 1635 1816 in
1650 1788 1757 1816 Palatio

971 1834 1098 1862 sublimis
1117 1834 1231 1861 nomine
1243 1833 1388 1866 Arsenius,
1412 1838 1439 1861 et
1461 1835 1605 1869 utriusque
1621 1834 1758 1869 juventuti

971 1881 1151 1909 informanda:
1168 1879 1290 1915 praefuit;
1310 1880 1392 1907 simul
1407 1880 1446 1907 illi
1459 1879 1553 1908 Romae
1566 1880 1675 1908 fuerunt
1689 1889 1758 1908 nun-

971 1935 1064 1962 quam,
1080 1927 1126 1954 sed
1149 1934 1199 1953 nec
1221 1925 1400 1960 Epiphanius,
1422 1926 1496 1960 quod
1520 1926 1630 1961 quidem
1653 1927 1757 1954 sciatur

972 1973 1024 2000 nisi
1041 1972 1126 2000 semel
1143 1976 1247 1999 tantum
1269 1979 1341 1999 anno
1363 1972 1426 1999 582.
1449 1972 1559 2000 Illorum
1578 1980 1657 2000 soror
1678 1973 1757 2000 unica

971 2018 1046 2046 Galla
1061 2017 1181 2045 Placidia
1206 2018 1263 2053 (sed
1283 2025 1316 2045 ex
1340 2017 1458 2045 secundo
1473 2017 1618 2046 Theodosii
1638 2019 1757 2053 impera-

973 2064 1041 2092 toris
1055 2065 1194 2099 conjugio,
1204 2064 1255 2091 sub
1267 2071 1370 2091 annum
1384 2064 1516 2092 duntaxat
1526 2065 1579 2092 587
1589 2065 1756 2101 contracto),

971 2118 1026 2146 quo
1039 2110 1149 2145 quidem
1165 2117 1238 2137 anno
1253 2110 1366 2145 prtecise
1387 2110 1423 2138 sit
1441 2115 1504 2137 nata
1529 2110 1687 2144 ignoratur;
1708 2112 1755 2138 sed

971 2156 1092 2190 quandiu
1104 2155 1238 2182 Arcadius
1250 2155 1327 2189 vixit,
1348 2154 1441 2182 Roma:
1454 2162 1508 2182 non
1527 2155 1586 2182 fuit.
1606 2155 1645 2183 Eo
1665 2161 1764 2183 autem»

971 2201 1023 2228 sub
1036 2208 1137 2227 annum
1153 2200 1204 2227 408
1230 2204 1350 2234 mortuo,
1372 2200 1406 2227 ad
1426 2200 1537 2227 fratrem
1561 2199 1711 2228 Honorium
1728 2201 1756 2228 in

134 2247 207 2269 nem,
239 2239 327 2268 donec
352 2241 484 2268 visionem
511 2243 642 2275 vidisset;
669 2252 731 2270 cum
759 2251 789 2271 ea
818 2250 917 2279 prreter
933 2245 1074 2281 Dltaliam
1100 2244 1238 2280 profecta,
1258 2245 1322 2272 dum
1351 2244 1444 2272 Bonae
1471 2252 1567 2273 secure
1586 2246 1641 2280 agit
1665 2246 1755 2274 adhuc

135 2293 238 2313 "mrem
256 2287 422 2320 differretur,
439 2296 539 2321 .orasse
553 2294 580 2316 et
598 2291 768 2325 cognovisse,
790 2291 816 2318 in
834 2300 917 2320 causa

134 2340 218 2359 morm
239 2340 299 2359 esse
323 2336 495 2367 praesentiam
517 2335 638 2367 diaconi,
661 2336 754 2363 eadem
777 2342 855 2365 nocte
877 2339 920 2366 usi

132 2378 250 2413 conjuge
265 2387 332 2412 sua;
347 2388 433 2414 quare
451 2380 525 2409 solos
549 2382 657 2410 caelibes
679 2383 806 2419 deinceps
821 2385 854 2412 ad
868 2386 921 2412 ini-

133 2423 275 2452 nisterium
291 2425 386 2453 altaris
403 2426 549 2454 ordinarit.

431 2493 547 2523 CAPUT
565 2494 619 2522 VIL

132 2547 244 2581 Cretera,
255 2553 284 2575 ut
300 2557 316 2575 α
331 2548 441 2584 Polybio
454 2550 581 2585 adjuncta
597 2551 786 2586 obtruduutur,
799 2562 918 2588 expwsa.

169 2604 213 2632 5i.
229 2605 325 2640 Capite
339 2607 473 2641 superiori
489 2609 573 2636 relata
597 2610 689 2637 omnia
703 2610 858 2645 scripsisse,
877 2612 918 2638 in-

132 2648 191 2675 scio
203 2648 345 2684 invitoque
358 2656 461 2684 sancto,
477 2653 588 2687 tingitur
599 2653 655 2689 jam
676 2663 747 2690 saepe
761 2657 919 2685 nominatus

132 2693 264 2728 Joannes,
275 2694 419 2730 Epiphanii
435 2698 576 2733 presbyter
594 2704 621 2726 et
643 2700 773 2728 itinerum
795 2703 917 2730 omnium

133 2738 240 2772 socius;
255 2739 303 2774 qui
317 2740 466 2769 moriturus
481 2742 613 2771 advocato
625 2744 658 2771 ad
672 2752 702 2772 se
715 2745 827 2782 Polybio
852 2747 920 2775 lam-

132 2784 202 2819 pada
217 2785 370 2813 tradiderit.
392 2785 442 2814 llic
462 2795 526 2822 ergo
546 2788 685 2817 inducitur
695 2799 820 2826 narrans,
848 2802 919 2828 quo-

133 2830 215 2857 modo
239 2836 349 2858 sanctus
376 2832 541 2868 episcopus,
569 2834 699 2864 divinitus
724 2839 846 2866 monitus
868 2848 917 2874 pro

134 2881 245 2904 eatenus
268 2885 350 2912 parva
373 2886 499 2914 magnam
528 2881 671 2910 ceclesiam
697 2892 711 2911 ει
734 2885 919 2915 fundamentis

972 2292 1058 2327 virgo,
1074 2299 1146 2319 anno
1166 2291 1218 2318 409
1241 2299 1257 2318 a
1275 2291 1381 2324 Gothis,
1402 2291 1435 2318 ad
1449 2290 1547 2318 Urbem
1573 2297 1636 2320 ante
1652 2301 1755 2320 annum

971 2341 1077 2372 captam
1090 2345 1122 2364 ex
1138 2337 1286 2371 improviso
1305 2337 1448 2372 regressis,
1465 2338 1545 2365 etiam
1562 2338 1620 2372 ipsa
1635 2339 1754 2373 capitur,

971 2383 1005 2410 ab
1030 2390 1124 2410 eorum
1137 2391 1199 2418 rege
1220 2383 1357 2418 Ataulpho
1369 2384 1396 2411 in
1414 2391 1528 2412 uxorem
1539 2387 1668 2418 sumitur,
1686 2391 1712 2413 et
1725 2387 1754 2413 in

971 2428 1128 2463 Hispaniam
1145 2430 1303 2463 abducitur;
1320 2430 1396 2457 fratri
1419 2435 1509 2458 autem
1526 2431 1631 2459 reddita
1645 2437 1672 2459 et
1686 2433 1755 2460 Con-

971 2475 1071 2502 stantio
1085 2475 1229 2510 desponsa,
1251 2475 1472 2503 Valentinianum
1491 2476 1631 2504 Juniorem
1651 2480 1755 2513 peperit

970 2528 1043 2548 anno
1058 2521 1120 2554 418,
1146 2529 1197 2549 nec
1220 2522 1303 2549 alium
1327 2522 1414 2550 scitur
1433 2523 1517 2550 lilium
1545 2524 1684 2556 habuisse,
1701 2525 1759 2552 nisi

971 2566 1062 2594 forsan
1077 2574 1110 2594 ex
1126 2575 1188 2602 rege
1207 2568 1321 2595 barbaro
1340 2569 1367 2595 in
1384 2568 1514 2604 Hispania
1544 2570 1593 2598 SS.
1616 2571 1754 2599 Theodul—

971 2612 1053 2645 phum
1075 2620 1107 2639 ac
1131 2611 1332 2641 Theodericum
1358 2615 1476 2650 peperit,
1501 2616 1534 2644 de
1559 2617 1657 2651 quibus
1684 2618 1765 2652 apud.

971 2657 1097 2687 Treviros
1115 2660 1231 2687 mortuis
1256 2666 1346 2688 actum
1372 2670 1387 2689 a
1412 2664 1513 2691 nobisl
1532 2666 1607 2692 Maii.
1624 2666 1758 2699 Quamvis

971 2709 1060 2731 autem
1078 2705 1135 2732 haec
1147 2706 1238 2733 omnia
1261 2708 1414 2736 certissima
1439 2711 1504 2742 sint,
1530 2713 1640 2746 tingitur
1664 2718 1756 2742 tamen

970 2749 1138 2785 Epiphanius
1157 2751 1318 2781 abArcadio
1330 2758 1357 2781 et
1373 2754 1504 2790 Honorio,
1519 2763 1547 2785 ut
1561 2758 1627 2787 dixi.
1641 2765 1754 2788 vocatus

971 2794 1085 2823 Reinam
1101 2796 1135 2824 ad
1143 2805 1238 2825 eorum
1250 2806 1348 2834 aegram
1361 2809 1482 2830 sororem
1496 2805 1644 2832 curandam
1656 2815 1661 2832 :
1673 2806 1755 2841 idque

971 2850 1025 2868 non
1048 2847 1151 2869 tantum
1165 2845 1339 2878 prmstitisse,
1357 2846 1404 2874 sed
1417 2848 1498 2875 etiam
1507 2849 1566 2884 ejus
1578 2850 1663 2878 filium
1679 2859 1755 2879 mor-

971 2892 1048 2916 tuum
1097 2890 1262 2924 suscitassc,
1289 2893 1334 2920 tali
1379 2894 1456 2929 lege,
1502 2902 1531 2923 ut
1572 2897 1754 2932 imperatores
