1934 3029
194 136 246 165 M7

704 135 734 164 S.
756 134 928 163 EPIPIIANII
948 135 1038 163 ACTA
1059 134 1299 164 BOLLANDIANA

1769 133 1834 163 U3

194 203 257 224 cum
273 202 368 223 sorore
387 198 469 230 atque
483 198 582 230 nepote
602 194 682 221 fidem
708 194 879 227 susciperent
899 193 981 221 Chri-
998 196 1017 224 Α
1032 198 1108 220 retur
1117 193 1149 220 ad
1159 193 1272 220 fundum
1282 198 1343 220 einu
1354 196 1404 220 sint
1415 190 1834 226 nummonumAdditimpera-

193 243 310 270 stianam
333 252 341 270 :
362 242 434 277 quod
458 245 486 269 et
511 240 636 273 fecerint,
670 241 798 275 baptizati
825 249 922 268 omnes
947 241 980 268 ab

193 288 362 324 Epiphanio,
390 288 606 322 suscipientibus
629 296 638 312 ι
670 287 819 314 Arcadium
849 286 981 322 Polybio,

195 335 346 362 Honorium
373 334 478 365 lsaaco.
506 344 515 360 ι
542 342 636 361 eorum
662 344 671 359 ε
701 341 823 361 sororem
851 333 982 361 Proclisia

194 379 322 411 Patricia.
340 384 367 407 et
388 380 472 407 lilium
495 379 576 414 hujus
594 380 712 414 quodam
739 379 875 411 eunucho,
898 389 907 405 ›
926 387 982 407 non

193 426 253 454 sine
265 426 405 461 prodigiis.
422 426 452 453 Et
464 426 521 453 haec
537 426 646 460 quidem
667 426 757 453 omnia
773 426 878 453 vivente
892 426 983 453 adhuc

195 472 351 500 Theodosio
368 471 482 500 Seniore
497 472 632 507 Augusto,
654 477 735 507 atque
761 471 830 499 adeo
852 476 914 500 ante
931 480 981 499 an-

195 526 260 545 num
272 518 335 551 595,
352 526 407 552 quo
422 517 466 545 hic
483 525 498 545 e
510 518 565 545 vita
580 518 716 553 migravit.

230 563 275 591 53.
292 563 379 591 Roma
396 564 423 590 in
441 564 558 599 Cyprum
575 572 711 597 reversus,
730 569 760 591 ut
783 564 903 599 ﬁngitur,
920 563 983 599 Epi-

193 611 313 646 phanius
335 619 389 638 non
416 611 573 638 diuturnam
596 611 632 637 ibi
657 612 776 646 quietem
806 611 910 643 bal-uit,
935 611 982 638 sed

193 662 338 692 postquam
355 656 421 683 fami
441 656 567 691 publicae.
587 657 718 690 coemptis
736 656 905 684 Faustiniani
924 656 982 683 fru-

193 704 272 739 gibus
286 704 433 739 prudenter
448 704 645 735 oonsuluisset,
661 709 687 731 et
704 704 816 732 insidias
824 705 886 731 vitae
899 712 955 731 suae
966 711 982 731 a

194 749 294 777 Rufino
314 750 432 777 diacono
445 758 506 779 suo.
526 758 559 777 ex
585 751 705 785 ejusdem
729 751 899 778 Faustiniani
915 759 982 786 sug-

166 812 172 817 -
194 795 327 830 gestione,
343 800 453 830 paratas
465 795 557 822 divina
573 796 742 830 praenotione
756 796 906 829 cvasissot,
921 804 982 823 evo-

194 846 271 869 catur
293 841 571 876 Constantinopolim,
594 843 627 869 a:l
648 843 806 877 praedictum
833 843 981 878 imperato-

194 895 252 914 rem
271 887 470 920 Theodosium;
488 896 568 923 quem
583 889 696 923 pedibus
714 889 882 916 laborantcm
900 897 982 917 sana-

195 932 274 966 verit,
290 932 410 959 Iaatitiam
429 932 598 961 faciensnon
616 938 719 960 tantum
734 935 798 968 ipsi,
816 934 863 961 sed
875 939 901 961 et
919 935 981 962 filiis

193 979 313 1006 Arcadio
337 983 420 1014 atque
447 978 578 1012 Honorio,
601 988 649 1014 per
673 980 783 1008 eosdem
809 981 867 1008 dies
895 979 981 1008 Roma

194 1025 457 1060 Constantinopolim
475 1026 600 1053 reversis.
613 1026 691 1054 Prius
707 1032 795 1054 autem
808 1035 889 1062 quam
905 1027 983 1055 abiis

194 1071 346 1099 discederet
366 1076 489 1103 sanctus,
516 1071 710 1100 Faustinianus
735 1073 829 1099 eodem
849 1073 982 1100 adductus

195 1118 222 1145 in
240 1118 359 1145 vinculis
370 1118 440 1145 male
460 1118 561 1146 dicitur
577 1119 706 1153 periisse;
731 1119 900 1153 rediissequc
921 1119 983 1153 [“pi-

194 1163 315 1197 phanius
331 1163 358 1190 in
374 1163 495 1199 Cyprum
510 1172 571 1192 cum
586 1165 733 1197 mandatis,
757 1169 786 1192 ut
812 1172 983 1199 quaecunque

195 1208 270 1235 illius
282 1207 390 1236 fuerant
405 1209 534 1236 retineret
547 1209 589 1244 pia
605 1218 673 1237 uxor
686 1217 747 1244 quae
762 1210 854 1237 omnia
870 1211 902 1237 ad
917 1218 983 1238 usus

194 1253 318 1281 ecclesiae
346 1254 515 1289 consignarit
538 1254 664 1282 ordinata
695 1256 859 1283 diaconissa.
882 1255 984 1283 Deinde

194 1299 304 1326 Aetium
334 1299 588 1327 Valentinianornm
611 1301 769 1335 episcopum
793 1302 984 1329 obmutescere

195 1344 307 1379 fecerit;
323 1345 370 1373 sed
393 1350 420 1373 et
437 1351 532 1374 contra
556 1346 681 1382 Ophitas,
701 1347 882 1382 Sabellianos,
901 1348 982 1376 Nico-

195 1390 290 1425 laitas,
314 1391 499 1425 Simonianos,
524 1392 755 1428 Carpocratianos
775 1394 931 1426 haereticos,
955 1395 983 1421 in

195 1436 284 1472 Cypro
302 1437 472 1470 nidulantes,
487 1439 650 1474 rescriptum
666 1439 814 1467 Theodosii
836 1441 981 1476 acceperit,

196 1487 227 1510 ut
243 1483 408 1518 pellerentur
424 1484 458 1511 ab
472 1485 572 1512 insula.
588 1485 710 1518 Quomm
724 1494 806 1521 quam
821 1495 891 1522 :egre
903 1488 983 1522 quid-

1034 241 1128 266 trirem
1146 241 1280 267 obtulisse
1299 240 1388 267 viduae
1409 239 1527 274 pretium
1552 238 1644 271 illius;
1669 237 1742 273 quod
1755 245 1833 265 sane

1034 291 1062 312 ut
1081 287 1125 313 illa
1150 291 1303 320 acceptaret
1316 291 1363 313 aut
1378 285 1498 313 oblatum
1519 285 1582 312 alibi
1599 285 1741 320 praedium,
1758 292 1831 311 ροη-

1034 333 1137 360 sultius
1160 332 1258 360 fuisset
1282 332 1400 359 suadere
1422 333 1503 364 ltcsze,
1533 339 1616 366 quam
1642 339 1692 366 pro
1712 338 1829 358 summo

1031 379 1094 414 jure
1108 384 1201 407 tantas
1218 379 1312 406 turbas
1333 385 1455 410 movere,
1478 381 1596 412 quantas
1615 377 1747 411 consequi
1771 384 1828 403 ne-

1034 434 1111 453 cesse
1128 430 1197 457 erat,
1214 425 1237 452 si
1253 432 1301 460 per
1326 423 1618 452 excommunicationis
1637 423 1755 458 rigorem
1772 430 1827 449 cx—

1033 471 1190 499 cluderetur
1204 471 1239 498 ab
1254 470 1371 497 ecclesia
1390 468 1562 504 imperatrix.
1586 467 1678 503 itaque
1692 467 1829 494 existimo

1034 525 1123 552 neque
1139 517 1192 544 tale
1208 515 1356 551 quidquam
1373 514 1407 542 ab
1426 514 1476 541 hac
1501 513 1634 544 oblatum,
1660 517 1827 546 pratextum

1034 569 1124 590 autem
1139 563 1214 590 illius
1224 562 1280 595 agri
1293 560 1445 596 usurpandi
1461 559 1544 587 alium
1561 567 1613 585 non
1630 559 1722 590 fuisse,
1737 565 1831 592 quan!

1035 610 1108 644 quod
1124 614 1249 636 mortuus
1263 612 1335 635 esset
1347 607 1373 634 in
1390 606 1488 634 exsilio
1501 606 1588 632 vidua:
1599 604 1782 638 cjusmaritus
1798 610 1831 628 (ιιι

1034 657 1105 683 bona
1126 656 1191 683 olim
1219 656 1285 682 llsco
1320 654 1436 682 addicta.
1455 652 1549 687 Neque
1575 659 1617 678 me
1636 654 1726 677 movet
1747 649 1826 684 quod

1033 703 1158 730 eamdem
1175 710 1232 729 rem
1249 702 1275 728 in
1293 700 1419 728 encomio
1441 697 1629 734 Chrysostomi
1653 700 1745 723 narret
1769 695 1776 721 1
1791 702 1830 720 eo

1035 751 1202 784 imperator;
1221 751 1333 783 apparet
1350 747 1422 774 enim
1438 753 1500 773 eum
1519 744 1671 772 inlisas-isse.
1692 742 1751 769 sine
1766 741 1828 767 ullo

1033 796 1168 826 examine,
1187 795 1250 821 huic
1266 798 1319 820 tam
1338 796 1503 828 portentosm
1526 790 1592 817 Vita:
1614 789 1641 816 S.
1668 787 1825 823 Epiplmnii.

1071 841 1115 869 55.
1135 840 1202 867 Utut
1219 840 1264 871 sit,
1283 838 1394 874 ﬁngitur
1412 846 1445 864 eo
1472 844 1559 872 usque
1577 837 1643 863 irata
1662 835 1827 868 imperatr'x

998 873 1019 901 Β
1035 892 1064 915 ιη
1084 889 1116 915 de
1135 887 1240 914 Joanne
1252 873 1413 921 deponendo
1432 883 1548 918 coeperit
1568 883 1671 918 agitare
1693 880 1825 909 consilia.

1034 935 1094 968 Quo
1126 937 1238 969 cognito
1265 931 1434 967 Theophilus
1464 929 1635 966 persuaserit
1666 928 1826 963 Epiphanio

1034 981 1163 1014 navigare
1194 977 1473 1012 Constantinopolim.
1503 975 1559 1004 Huc
1591 975 1735 1010 appulsam
1759 983 1825 1001 cum

1034 1027 1145 1062 Polybio
1161 1030 1188 1052 et
1206 1025 1297 1051 Isauro
1316 1024 1400 1059 (nulla
1417 1023 1486 1050 facta
1504 1022 1642 1049 mentione
1657 1021 1825 1056 Crispionis,

1035 1074 1129 1108 dequo
1142 1071 1216 1106 mox)
1230 1070 1417 1098 sollicitaverit
1429 1068 1599 1104 imperatris,
1615 1067 1682 1094 utin
1697 1066 1827 1098 Joannis,

1035 1125 1163 1155 tanquam
1189 1118 1387 1153 perturhaloris
1410 1121 1438 1144 ct
1464 1116 1596 1148 haeretici,
1622 1115 1825 1150 depositionem

1034 1166 1221 1197 consentiens,
1235 1164 1355 1198 seipsum
1372 1164 1398 1190 in
1411 1162 1471 1197 ejus
1490 1162 1581 1189 locum
1602 1165 1739 1195 pateretur
1754 1160 1824 1187 sul)-

1035 1213 1125 1245 stitui;
1141 1211 1263 1238 molliora
1281 1218 1343 1238 vero
1361 1209 1487 1237 suadenti
1509 1208 1663 1244 Epiphanio
1673 1208 1775 1234 minata
1788 1207 1828 1234 si:

1034 1259 1144 1286 dicens:
1157 1268 1165 1284 ι
1180 1258 1208 1285 Si
1223 1257 1306 1285 lueris
1320 1256 1513 1291 impedimento
1533 1254 1825 1290 quominusjmitlatur

1033 1305 1152 1332 Joannes
1174 1305 1200 1331 in
1225 1303 1372 1335 exsilium,
1402 1302 1522 1337 aperiam
1549 1301 1648 1335 templa
1675 1300 1824 1331 idolorum,

1034 1356 1086 1379 etc.
1106 1361 1115 1377 I
1138 1351 1263 1385 Cumque
1278 1349 1312 1377 ad
1331 1349 1389 1377 haec
1407 1348 1591 1384 ingemiscens
1610 1346 1781 1381 Epiphanius
1794 1353 1826 1372 se

1034 1397 1069 1424 ab
1086 1397 1137 1423 hoc
1151 1396 1256 1429 judicio
1276 1395 1449 1422 innocentem
1467 1398 1676 1429 protestaretur,
1701 1399 1756 1419 non
1784 1396 1826 1418 ta-

1035 1450 1097 1469 men
1126 1442 1266 1476 effugisse,
1292 1440 1440 1474 quominus
1466 1440 1606 1466 diceretur
1633 1437 1823 1470 consensisse;

1035 1488 1127 1522 itaque
1145 1487 1277 1514 Joannem
1296 1491 1406 1521 accepta
1418 1486 1512 1512 charta
1526 1486 1550 1512 ci
1567 1484 1728 1518 scripsisse:
1748 1492 1757 1508 ‹
1776 1481 1826 1509 Sa-

196 1537 279 1564 quam
295 1531 381 1565 possit
389 1539 451 1559 cum
469 1532 582 1558 veritate
597 1533 758 1565 consistere,
783 1534 880 1568 partim
898 1535 982 1569 liquet
999 1544 1019 1574 ρ
1036 1536 1112 1569 piens
1124 1534 1268 1568 Epiphani.
1292 1540 1459 1560 asscnsuses
1471 1539 1531 1558 meo
1546 1530 1663 1558 exsilio?
1679 1529 1706 1556 In
1722 1528 1823 1556 throno

196 1584 228 1603 ex
241 1576 332 1609 dictis,
349 1577 449 1611 partim
475 1577 565 1611 quoad
588 1577 758 1605 Sabellianos
775 1579 877 1605 reviuci
897 1583 983 1613 potest

196 1629 228 1649 ex
241 1621 392 1656 Epiphanio
408 1623 454 1657 qui
471 1623 566 1650 haeresi
583 1631 637 1650 un
657 1631 808 1658 agnoscens
822 1625 904 1659 hujus
919 1630 984 1652 tunc

197 1674 275 1694 nova:
287 1667 376 1695 adhuc
392 1672 473 1695 secta
491 1668 622 1702 plurimos
643 1673 698 1695 tum
728 1669 754 1695 in
775 1668 981 1703 Mesopotamia,

197 1717 256 1741 tum
274 1713 368 1742 Romae
391 1714 506 1747 versari,
525 1722 580 1741 non
605 1715 783 1749 praateriisset
806 1715 935 1751 Cyprum,
961 1717 984 1744 si

197 1761 231 1788 ad
249 1769 310 1789 eam
329 1761 452 1796 ipsorum
471 1761 626 1796 pertigissct
646 1769 792 1794 venenum,
812 1762 884 1789 sicut
904 1763 931 1790 id
951 1763 985 1790 de

198 1809 398 1837 Valentinianis
411 1809 519 1836 dixerat
533 1809 626 1836 haeresi
642 1817 719 1840 xxxi,
733 1809 857 1844 Ophitas,
870 1809 985 1837 Nicolai-

197 1860 249 1887 tas,
265 1855 450 1886 Simooiauos,
462 1855 700 1890 Carpocratianos.
710 1857 762 1883 sub
776 1857 818 1884 his
830 1857 985 1884 nominibus

197 1901 288 1929 adhuc
305 1901 473 1936 superfuisse
497 1902 598 1929 saeculo
615 1910 650 1934 Iv,
665 1907 780 1930 exeunte
799 1903 861 1938 quis
877 1903 987 1930 credat?

233 1946 276 1973 54.
295 1946 388 1973 Restat
406 1946 513 1978 ultima,
538 1952 585 1974 aut
604 1948 695 1974 verius
721 1947 814 1978 unica,
842 1947 985 1982 l'lpiphauii

197 1993 231 2020 ad
257 1992 351 2019 urbem
382 1992 716 2027 Constantiuopolitanam
743 1993 886 2027 profectio,
915 2001 986 2020 anno

197 2039 250 2065 4οΞ
261 2038 294 2065 ad
309 2039 389 2066 linem
403 2044 540 2073 vergente,
553 2044 600 2066 aut
614 2040 737 2074 sequenti
750 2040 803 2074 jam
818 2040 894 2067 inito.
911 2039 987 2067 Hanc

197 2086 232 2112 ab
253 2093 306 2112 ovo
329 2086 474 2113 exordiens
495 2085 632 2114 fahulator
652 2091 756 2117 noster,
784 2086 872 2120 primo
893 2090 987 2112 narrat

197 2131 340 2166 Theophili
357 2131 501 2159 dissidium
519 2139 581 2158 cum
608 2131 740 2159 fratribus
760 2131 872 2165 Longis,
899 2132 987 2159 tribus

197 2176 302 2204 scilicet
321 2176 384 2204 tiliis
406 2176 582 2204 Ileracleonis
607 2177 768 2211 imperantis
793 2177 985 2210 Alexandriae,

197 2224 271 2258 quod
285 2224 350 2251 alibi
363 2231 418 2251 non
445 2223 558 2258 legitur;
584 2229 611 2250 ct
631 2231 727 2250 eorum
755 2231 838 2250 causa
862 2229 986 2251 exortam

197 2270 269 2297 inter
292 2269 472 2304 Theophilum
500 2274 527 2296 et
555 2269 690 2296 Joannem
712 2269 896 2302 discordiam;
929 2274 986 2297 tum

198 2316 306 2351 longam
322 2316 355 2343 de
370 2324 435 2351 agro
448 2315 549 2348 viduaa,
562 2324 609 2351 per
627 2315 777 2343 Eudoxiam
794 2321 928 2351 usurpato
940 2325 987 2351 per

198 2362 424 2397 Chrysostomum
460 2363 537 2390 reddi
571 2363 665 2397 jusso,
701 2363 860 2390 relationem
899 2363 985 2395 texit;

198 2416 280 2442 quam
294 2416 385 2435 veram
404 2408 430 2435 in
447 2409 601 2436 substantia
616 2417 677 2437 esse
695 2409 821 2436 dubitare
842 2416 895 2435 non
922 2410 989 2436 sinit

198 2453 307 2481 Marcus
321 2453 465 2487 diaconus,
491 2455 518 2481 in
549 2454 610 2482 Vita
629 2455 660 2482 S.
686 2455 832 2490 Porphyrii
860 2455 987 2483 Gazensis

197 2499 234 2526 26
249 2499 329 2527 Febr.
352 2508 380 2526 u.
399 2501 443 2533 57,
473 2502 519 2528 sed
545 2506 706 2536 prattextum
734 2502 793 2536 ejus
821 2503 877 2537 agri
906 2510 988 2529 usur-

200 2546 282 2581 pandi
298 2554 358 2573 cum
375 2547 486 2574 adducit
500 2546 636 2574 fabulatur
650 2553 753 2580 noster,
768 2547 814 2582 qui
830 2556 885 2575 non
901 2549 989 2582 possit

200 2600 254 2620 non
269 2600 330 2620 esse
341 2592 374 2619 de
391 2593 509 2620 falsitate
524 2598 684 2628 suspectus;
699 2594 771 2629 quod
785 2594 890 2621 scilicet
903 2603 912 2619 (
929 2602 988 2622 mos

199 2644 243 2666 est
259 2639 472 2673 imperatoribus
484 2644 511 2666 et
524 2640 755 2674 imperatricibns,
780 2641 804 2667 si
824 2641 865 2667 vel
890 2641 986 2675 pedem

200 2686 324 2714 intulerit
339 2686 364 2713 in
381 2691 481 2713 terram
497 2686 625 2720 alienam,
643 2692 670 2714 et
687 2688 710 2714 si
733 2687 852 2714 fructmn
875 2695 989 2722 accrpe-

200 2733 236 2758 rit
250 2740 282 2759 ex
292 2732 384 2767 aliquo
398 2740 493 2759 eorum
509 2740 571 2767 qua:
584 2732 701 2760 fructum
721 2733 822 2765 ferunt,
846 2739 876 2760 ut.
895 2734 988 2761 nullus

199 2779 270 2806 alius
293 2779 320 2805 in
342 2787 373 2806 ea
403 2783 565 2814 potestatem
592 2779 689 2806 habeat
719 2779 771 2807 nisi
800 2780 958 2815 imperator.
977 2789 986 2806 I

200 2825 296 2860 Itaque
312 2825 413 2853 factum
432 2827 480 2859 ait,
495 2831 525 2853 ut
541 2833 604 2853 cum
623 2833 689 2852 casu
716 2825 781 2853 illuc
801 2826 923 2860 ingressa
937 2825 988 2852 int-

200 2873 318 2905 peratrix
335 2873 442 2901 botrum
456 2873 506 2901 sibi
521 2873 695 2907 resecuisset,
706 2872 758 2901 hoc
771 2873 831 2908 ipso
845 2873 903 2907 cogi
918 2873 989 2901 vide-

1036 1584 1083 1607 tuo
1102 1588 1154 1607 non
1170 1579 1277 1606 scdehis
1299 1579 1436 1613 amplius;
1460 1587 1468 1603 ι
1490 1576 1671 1612 Epiphaniam
1690 1581 1754 1601 vero
1781 1580 1826 1600 re-

1035 1618 1180 1661 scripsisse
1196 1635 1201 1653 :
1219 1635 1227 1650 ι
1247 1626 1356 1652 Athleta
1375 1624 1487 1657 Christi,
1506 1624 1662 1654 verberare,
1678 1627 1705 1649 et
1722 1621 1798 1648 vince
1815 1628 1823 1645 :

1036 1673 1063 1699 in
1080 1673 1169 1699 locum
1196 1676 1298 1704 autem,
1326 1671 1359 1698 ad
1384 1678 1466 1705 quem
1493 1669 1569 1697 fuisti
1596 1669 1743 1703 relegatus,
1770 1674 1825 1695 non

1036 1719 1140 1746 venies.
1158 1728 1166 1744 ι
1183 1717 1309 1745 Potuitne
1326 1722 1463 1752 postrema
1478 1717 1536 1744 haec
1557 1723 1607 1750 pro
1622 1715 1708 1746 falsis,
1726 1719 1755 1742 ut
1776 1722 1824 1742 nc-

1036 1765 1158 1792 cessario
1178 1769 1242 1791 sunt
1260 1763 1419 1795 falsissima,
1437 1762 1538 1789 habere
1561 1761 1708 1793 Baronius;
1723 1765 1750 1787 et
1767 1769 1820 1787 non

1037 1810 1130 1837 videre
1161 1810 1331 1844 colloquium
1365 1808 1511 1843 Epiphanii
1542 1815 1605 1834 cum
1636 1806 1822 1841 imperatrice,

1037 1856 1161 1891 ejusdem
1178 1861 1208 1883 ut
1227 1855 1348 1883 auctoris
1372 1855 1413 1882 sic
1434 1859 1461 1881 et
1482 1854 1543 1881 ﬁdei
1565 1853 1645 1880 esse?
1668 1853 1723 1879 Cur
1746 1852 1826 1886 igitur

1041 1903 1131 1937 ipsum
1146 1902 1274 1936 opposuit
1295 1901 1448 1928 auctoritati
1472 1900 1616 1927 Sozomeni
1645 1904 1774 1933 tauquam
1797 1898 1824 1924 in

1039 1948 1158 1975 favorem
1181 1947 1396 1982 Origenistm-mn
1423 1950 1532 1981 propter
1554 1944 1686 1971 Joannem
1709 1951 1824 1978 propen-

1038 1994 1138 2020 sioris?
1154 1993 1309 2028 Utrumque
1331 2001 1398 2020 sanc
1417 1993 1496 2019 velim
1522 1991 1663 2026 a‘qualilet‘
1683 1992 1826 2025 rejectum,

1039 2041 1148 2075 quando
1165 2039 1282 2074 priorem
1297 2038 1428 2065 Eudosize
1442 2046 1504 2064 cum
1519 2038 1716 2072 Chrysostomo
1728 2037 1826 2070 rixam,

1039 2095 1101 2122 qua:
1120 2085 1268 2112 Theodosii
1287 2085 1408 2120 junioris
1427 2084 1598 2111 nativitatem
1615 2091 1648 2110 ac
1664 2082 1733 2110 forte
1746 2083 1826 2110 etiam

1039 2141 1084 2160 an.
1103 2133 1166 2163 591,
1190 2131 1347 2162 antecessit,
1373 2134 1482 2157 constat
1515 2129 1601 2157 fuisse
1622 2129 1825 2163 compositam:

1040 2184 1068 2207 et
1101 2179 1268 2214 posteriores
1297 2177 1424 2211 querelas
1451 2176 1570 2211 primum
1598 2183 1658 2203 esse
1684 2174 1825 2205 subortas,

1006 2221 1026 2248 υ
1040 2225 1148 2261 quando
1165 2233 1174 2249 ‹
1193 2224 1317 2258 digresso
1334 2223 1368 2250 ab
1384 2223 1451 2249 urbe
1466 2221 1630 2256 Epiphanio,
1657 2221 1775 2248 Joannes
1800 2221 1824 2247 in

1038 2272 1155 2299 ecclesia
1171 2271 1254 2298 verba
1276 2270 1390 2301 faciens,
1413 2277 1588 2297 communem
1614 2268 1747 2295 adversus
1765 2276 1824 2295 mu-

1039 2320 1119 2347 lieres
1141 2320 1370 2354 vitupcratioucm
1399 2317 1527 2348 instituit,
1549 2324 1633 2350 quam
1653 2316 1769 2350 populus
1790 2317 1824 2342 ita

1039 2366 1154 2400 accepit,
1179 2365 1258 2400 quasi
1279 2364 1411 2391 adversus
1434 2362 1608 2397 imperatoris
1637 2362 1779 2396 conjugem
1796 2364 1824 2389 ti-

1040 2418 1135 2449 gurate
1149 2412 1300 2446 composita
1316 2410 1423 2441 fuisset,
1443 2419 1452 2432 ι
1473 2409 1512 2436 uti
1528 2409 1625 2436 scribit
1647 2409 1823 2441 Sozomcnus,

1041 2460 1068 2487 in
1087 2460 1138 2486 hoc
1149 2458 1300 2487 conformis
1310 2457 1429 2484 Socrati.
1443 2455 1513 2484 Tum
1529 2456 1636 2483 scilicet
1649 2455 1823 2490 Theophiius,

1039 2506 1087 2538 qui
1106 2506 1181 2533 solus
1203 2505 1291 2532 fuerat
1314 2509 1428 2530 vocatus
1445 2503 1473 2530 in
1496 2502 1603 2534 urbem,
1629 2502 1792 2536 judicamlus
1809 2511 1824 2529 a

1041 2552 1145 2579 Joanne
1160 2551 1186 2578 in
1201 2559 1284 2578 causa
1309 2549 1522 2581 monachorum,
1545 2548 1689 2584 agentibus
1713 2547 1823 2576 Joannis

1040 2597 1147 2625 :emulis
1163 2602 1189 2624 et
1214 2597 1346 2624 suadente
1372 2595 1554 2630 imperatrice,
1584 2598 1667 2628 atque
1692 2593 1822 2629 synodum

1041 2649 1135 2672 contra
1150 2651 1210 2670 eam
1227 2642 1433 2670 convocandam
1451 2645 1591 2676 poscente,
1615 2640 1767 2675 permissus
1786 2645 1824 2668 est

1043 2690 1189 2725 [Egyptios
1201 2690 1346 2724 episcopos
1361 2696 1454 2716 secum
1469 2688 1571 2714 ducere
1589 2695 1596 2712 :
1613 2687 1660 2721 qui
1677 2686 1704 2713 in
1727 2686 1822 2713 subur-

1041 2736 1086 2763 hio
1102 2735 1282 2762 Chalcedonis
1298 2734 1332 2761 ad
1355 2733 1493 2766 Quercum
1512 2731 1670 2767 congregati
1695 2731 1822 2758 Joannem

1040 2781 1195 2817 depositum
1216 2781 1407 2813 declararunt;
1430 2779 1477 2807 sed
1502 2778 1615 2810 frustra.
1638 2778 1740 2813 popqu
1763 2785 1821 2805 eum

1042 2829 1084 2856 vel
1100 2828 1216 2855 invitum
1229 2827 1399 2854 restituente.
1418 2826 1487 2853 Cum
1508 2829 1598 2852 autent
1620 2830 1732 2859 propter
1750 2833 1759 2850 ‹
1782 2832 1822 2851 ar-

1044 2879 1167 2906 ttenteam
1183 2877 1301 2901 statuam
1322 2882 1332 2899 ›
1350 2873 1441 2900 denuo
1455 2878 1568 2899 accensa
1587 2875 1659 2898 esset
1676 2870 1822 2906 indignatio
