1934 3029
153 129 204 156 H9

663 131 692 159 S.
713 131 881 159 EPIPIIANII
901 130 992 158 ACTA
1013 129 1269 157 BOLLANDIANA..

1717 124 1769 153 {50

153 189 351 222 imperatricis,
381 189 407 217 in
430 191 513 217 altera
543 196 637 225 postea
665 193 770 228 synodo
796 194 938 220 decretum
953 195 976 222 Λ
994 191 1115 224 Pctario,
1134 191 1352 226 ψευδεπίγραφον
1369 196 1489 222 creuere,
1508 197 1516 214 ι
1538 191 1647 223 propter
1661 194 1771 214 sexcen-

153 235 241 274 sancti
269 236 398 262 exsilium
423 241 482 268 est,
510 245 543 264 eo
574 238 661 265 solum
690 244 830 273 prmtextu,
864 239 937 274 quod

153 270 299 307 damnatus
315 280 341 306 in
353 281 467 316 synodo,
477 282 580 316 absque
594 284 790 311 numerosioris
801 292 882 319 quam
895 284 938 310 illa

154 326 188 352 ad
215 325 350 358 Quercum
373 326 462 354 fueral.
478 329 572 363 synodi
595 330 736 361 sententia,
753 330 843 357 sedem
861 337 938 357 suam

157 372 313 406 ret-cpisset.

151 439 152 442 η
191 417 236 444 56.
253 418 293 445 Ad
309 423 462 446 extremum
476 419 502 447 in
519 419 604 452 Actis,
625 425 702 448 tanto
715 421 777 456 jure
791 421 940 456 reproban-

156 465 210 498 dis,
223 465 322 493 dicitur
349 466 516 502 Epiphanius
543 467 702 495 adhortatus
727 467 752 493 in
775 467 836 493 navi
862 474 937 499 suos,

157 512 268 540 sedasse
292 513 418 547 precibus
445 517 632 548 tempestatem
664 513 829 545 triduanam,
859 517 940 546 atque

157 558 324 592 exspirasse.
340 559 424 593 Cuius
441 559 575 586 demortui
593 566 702 593 corpus,
713 558 941 585 circumcisumne

156 608 240 634 esset,
254 603 396 637 explorare
409 604 503 632 volens
527 605 690 635 naval-chus,
708 603 763 629 ictu
799 601 875 637 pedis
896 610 939 628 re-

157 652 200 675 tro
215 653 293 675 actus
306 649 511 683 exstinctusque
536 649 570 677 ad
590 650 700 677 eosdem
725 648 807 683 pedes
835 647 940 682 positus

159 695 296 722 revixerit.
319 695 439 730 Cumque
464 695 650 723 Constantiam
681 695 835 730 appulisset
852 693 939 725 navis,

159 740 277 767 tenebrat
293 740 402 775 quidem
425 741 473 768 toti
496 741 669 768 incubuerint
692 740 812 772 civitati;
828 744 883 766 tres
899 743 940 764 Ia-

158 793 221 812 men
249 785 313 812 caeci
342 786 448 812 obviam
477 786 625 820 progressi,
656 793 719 812 cum
744 785 856 819 reliquis
880 791 941 810 sese

158 839 240 858 manu
258 832 425 864 tenentibus.
440 831 527 859 visum
544 833 713 865 receperint;
733 837 832 864 corpus
849 834 940 855 autent

157 877 297 904 conditum
318 877 395 905 melle
412 877 561 912 prostiterit
576 877 602 904 iu
619 877 733 904 ecclesia
751 875 848 903 diebus
869 875 941 901 mlll-

159 922 204 953 tis.
220 929 253 949 eo
269 923 340 957 quod
354 922 495 958 Longinus
510 928 536 950 et
546 922 690 950 Petronius
713 922 832 955 diaconi,
844 920 942 948 haeresi

160 967 349 995 Valentiniana
371 967 439 995 clam
465 967 567 1000 inlecti,
585 967 661 994 nefas
677 975 737 993 esse
761 966 882 993 dicerent
902 968 943 993 in-

158 1017 200 1039 tra
212 1012 348 1039 civitatem
374 1012 401 1039 in
427 1013 541 1040 ecclesia
570 1012 677 1047 sepeliri
704 1017 856 1044 mortuum;
877 1011 942 1046 quia

158 1062 248 1084 autem
266 1058 380 1092 sepelire
393 1065 455 1085 eum
476 1059 654 1086 nihilominus
671 1058 824 1085 volentibus
851 1057 889 1084 illi
914 1065 943 1084 se

158 1103 342 1137 apponebant,
357 1103 391 1130 ad
410 1104 555 1130 venerandi
571 1103 678 1130 diaconi
696 1103 801 1134 Sabini,
824 1102 942 1137 Epipha-

159 1147 234 1174 nium
252 1147 415 1180 invocantis,
428 1155 540 1183 preces;
562 1148 701 1183 Longinus
716 1148 826 1182 quidem
843 1148 939 1174 conci-

157 1191 229 1218 derit
245 1191 305 1226 ipso
331 1192 392 1219 loco
418 1198 553 1223 mortuus,
582 1193 725 1220 Petronius
748 1201 822 1225 vero,
851 1193 938 1221 elatus

158 1235 222 1263 inde
239 1237 402 1272 paralyticus
414 1245 445 1264 ac
458 1243 561 1272 mutus,
573 1242 671 1273 quarto
686 1239 730 1265 die
744 1238 853 1265 obierit.
871 1238 940 1265 Tum

156 1289 222 1309 vero
252 1282 352 1310 missos
376 1282 641 1318 Constantinopolim
674 1283 777 1318 legatos
805 1291 863 1313 sex,
892 1283 939 1318 qui

156 1327 265 1355 Arcadii
288 1328 460 1363 imperatoris
488 1329 654 1356 voluntatem
676 1329 869 1364 exquirerent;
897 1330 942 1356 hic

156 1384 221 1404 vero
243 1385 290 1404 eos
318 1377 474 1410 detinuerit,
496 1378 583 1406 donec
603 1386 695 1409 suum,
723 1383 752 1404 ut
777 1377 940 1412 appellabat,

155 1427 259 1458 patrem
279 1423 394 1450 luxisset
415 1423 513 1450 diebus
529 1423 725 1458 quadraginta;
743 1424 831 1457 iisque
846 1422 940 1456 exple-

157 1468 192 1495 tis
207 1468 316 1495 eosdem
333 1468 468 1495 remiserit
484 1476 546 1496 cum
564 1469 681 1503 quodam
701 1468 829 1499 Maximo,
853 1469 938 1495 mole-

157 1516 229 1539 stum
243 1511 295 1538 sibi
313 1511 462 1538 daemonem
481 1511 698 1539 circumferente.
710 1511 750 1538 Ab
766 1511 817 1538 hoc
834 1515 936 1542 autem,

156 1561 219 1583 ante
233 1564 342 1584 sacrum
363 1564 462 1591 corpus
486 1561 624 1591 prostrato
651 1564 682 1584 ac
702 1557 824 1588 liberato,
844 1556 940 1582 lectam

157 1602 324 1636 imperialem
337 1603 492 1637 epistolam,
506 1611 586 1630 versu
603 1603 723 1630 secundo
736 1603 775 1630 sic
798 1603 941 1631 continen-

158 1652 226 1674 tem:
241 1657 250 1673 ‹
266 1647 334 1674 Eum
345 1648 391 1682 qui
406 1647 473 1675 vixit
486 1656 568 1683 supra
584 1653 692 1676 nostras
712 1649 794 1683 leges,
810 1649 938 1677 nolumus

159 1692 250 1727 jacere
280 1693 473 1720 convenienter
501 1694 603 1721 nostris
625 1695 746 1729 legibus;
770 1704 778 1719 ι
796 1699 877 1729 atque
904 1695 941 1722 ita

159 1740 268 1766 demum
281 1740 421 1779 depositus
435 1740 514 1767 tuerit
527 1746 639 1768 sanctus
659 1740 686 1767 in
708 1741 785 1768 theca
802 1741 835 1768 ad
857 1741 882 1768 id
900 1740 941 1767 fa-

158 1785 274 1816 bricata,
292 1794 301 1810 ι
319 1786 377 1819 ipso
391 1786 452 1813 loco
468 1786 514 1812 ubi
533 1794 615 1820 supra
633 1786 840 1814 Faustinianum
869 1788 941 1814 ccci-

156 1829 234 1856 derat
249 1829 406 1863 l‘abricator,
422 1840 431 1856 ι
448 1831 542 1866 utique
555 1832 694 1859 mensibus
710 1832 798 1860 tribus
811 1837 859 1859 aut
874 1840 942 1867 qua-

157 1879 231 1907 tuor,
249 1875 326 1910 juxta
351 1877 421 1903 hanc
449 1876 579 1909 fabulam,
610 1882 672 1912 post
697 1879 782 1906 sancti
813 1886 940 1907 mortem.

157 1921 220 1950 Ilrcc
233 1926 335 1955 autem,
353 1927 383 1949 ut
398 1922 515 1949 indicari
530 1931 556 1949 η.
575 1923 602 1953 5,
621 1923 731 1956 ﬁngitur
745 1925 864 1953 scribere
877 1925 941 1958 Epi-

157 1968 251 2004 phanii
269 1976 412 1996 successor
432 1967 550 1995 Sabinus
567 1969 599 1995 ad
616 1968 754 2004 Polybium
778 1975 875 1997 octavo
894 1971 938 1998 die

156 2013 281 2041 durantis
298 2021 346 2048 pro
369 2014 508 2047 sepultura
525 2015 708 2041 contentionis
729 2015 882 2050 digressum
907 2018 941 2045 ab

158 2059 259 2091 insula,
279 2063 305 2086 et
325 2064 385 2094 post
407 2060 490 2086 unius
513 2062 577 2086 anni
607 2068 712 2087 moram
740 2061 767 2087 in
792 2060 939 2096 Thebaide,

159 2109 266 2138 raptum
300 2104 334 2131 ab
360 2103 536 2140 Heraelcone,
565 2105 648 2132 totius
675 2105 783 2141 {Egypti
816 2108 940 2141 prteside,

159 2150 356 2178 lthinocoruris
375 2155 441 2177 tunc
464 2151 614 2184 habitante,
642 2156 672 2178 ut
693 2157 765 2180 esset
783 2153 841 2188 ejus
866 2155 941 2181 urbis

990 242 1032 265 tas
1053 237 1255 264 mendaciorum
1271 244 1367 271 nugas,
1387 235 1487 270 quibus
1500 234 1568 261 liber
1590 233 1633 260 ille
1655 231 1770 259 refertus

989 287 1043 309 est.
1064 292 1073 308 ι
1086 281 1194 308 l‘etavio
1210 280 1374 308 Sirmundus
1388 285 1414 307 ct
1427 279 1558 306 Labbrcus
1572 277 1770 311 subscripsere,

990 328 1078 355 sancti
1097 327 1186 355 Patris
1211 327 1307 354 honori
1332 326 1468 358 faventes;
1493 329 1519 352 ct
1539 325 1636 351 horum
1661 327 1771 350 senten—

991 374 1056 400 tiam
1074 381 1106 400 ex
1127 374 1220 400 eodem
1243 373 1346 399 motivo
1369 371 1497 398 libentius
1518 377 1605 402 teneo,
1626 370 1687 396 licet
1703 369 1770 396 satis

991 419 1139 454 intelligam
1156 426 1219 446 cum
1236 418 1363 450 Lahhzeo,
1383 425 1444 444 esse
1463 416 1508 451 qui
1531 421 1668 446 censeant,
1689 424 1698 440 ι
1719 422 1771 440 nou

991 464 1080 491 omnia
1110 463 1244 490 veteribus
1270 462 1396 490 Patribus
1425 461 1620 493 subtrahenda,
1634 461 1660 487 in
1675 460 1772 494 quibus

991 508 1167 535 Thalmudiea
1186 512 1338 534 commenta
1355 512 1381 534 et
1401 505 1539 533 Hebraica:
1564 505 1688 540 quaedam
1706 504 1773 531 deu~

992 559 1094 582 tcroses
1108 554 1294 581 continentur.

1026 601 1069 628 58.
1087 600 1132 627 Sic
1146 600 1215 627 liber
1231 600 1268 626 De
1287 599 1346 626 Vita
1361 604 1385 625 et
1400 603 1482 626 morte
1492 598 1636 633 justarunt,
1655 595 1772 623 Baronio

992 645 1018 672 in
1033 645 1105 673 notis
1122 645 1155 672 ad
1173 644 1326 671 Romanum
1341 643 1562 679 Martyrologium
1580 642 1591 668 l
1611 641 1672 668 Maii
1692 645 1719 668 ct
1737 640 1773 667 ‘25

994 700 1003 716 ι
1022 691 1173 726 cujuspiam
1188 691 1299 717 alterius
1323 690 1415 724 politis
1436 697 1518 724 quam
1541 689 1570 716 S.
1599 687 1693 716 isidori
1713 694 1774 714 esse

992 735 1108 767 videtur,
1126 743 1158 762 eo
1169 735 1240 770 quod
1259 735 1285 762 in
1308 742 1340 762 eo
1357 734 1498 769 complura
1519 733 1698 768 reperiantur,
1722 731 1773 759 lsi-

992 783 1058 810 doro
1075 782 1195 817 indigna,
1213 786 1400 818 coagmentata
1425 780 1564 808 mendacia
1580 788 1586 805 :
1607 790 1616 806 ι
1632 780 1665 807 de
1683 787 1716 806 eo
1737 784 1771 806 ta-

993 837 1052 855 men
1066 836 1119 855 non
1134 828 1198 855 sinit
1213 836 1262 855 nos
1280 827 1403 854 dubitare
1421 826 1449 854 S.
1469 826 1579 853 Braulio
1592 826 1619 852 in
1638 829 1772 860 przenota-

993 875 1065 901 tione
1080 874 1212 901 librorum
1227 874 1287 908 ejus
1304 883 1310 900 :
1328 874 1364 900 ita
1382 878 1412 900 ut
1435 873 1498 899 huic
1517 872 1674 899 excusando
1699 872 1779 898 aliud-

993 928 1046 947 non
1063 924 1198 954 suppetat.
1223 927 1305 954 quant
1330 927 1391 946 cum
1419 918 1535 946 Labbazo
1559 918 1600 945 vel
1625 925 1773 951 agnoscere

996 976 1004 991 ι
1025 966 1058 993 ab
1075 967 1165 1001 aliquo
1182 965 1376 1000 interpolatore
1388 971 1557 999 corruptum,
1579 973 1588 989 ι
1604 964 1645 991 vel
1658 964 1772 998 ingenue

994 1012 1082 1043 fateri,
1098 1012 1170 1047 quod
1190 1022 1198 1037 ι
1220 1012 1301 1039 nimis
1320 1011 1460 1041 credulus,
1474 1018 1535 1045 quae
1550 1009 1584 1036 ab
1600 1010 1660 1037 aliis
1673 1010 1772 1044 scripta

994 1058 1106 1092 reperit,
1119 1058 1208 1084 miritis
1223 1058 1358 1089 discussa,
1380 1065 1434 1084 non
1458 1062 1512 1082 tam
1527 1063 1576 1082 sua
1590 1062 1670 1089 quam
1686 1054 1773 1081 aliena

993 1102 1135 1137 protulerit
1150 1102 1211 1129 lide.
1227 1114 1234 1126 -
1248 1101 1373 1134 Quandiu
1393 1106 1483 1128 tamen
1499 1100 1659 1126 alterutrum
1673 1098 1763 1125 dicere

993 1156 1041 1183 pro
1056 1149 1156 1175 tuendo
1168 1148 1214 1183 qui
1230 1148 1282 1175 sub
1296 1147 1440 1182 Epiphanii
1462 1146 1572 1173 nomine
1589 1143 1772 1172 controvcrti-

993 1199 1038 1220 tur
1060 1193 1140 1225 libro,
1159 1193 1255 1221 similis
1281 1193 1408 1228 ponderis
1436 1200 1489 1219 non
1515 1192 1587 1226 cogit
1611 1191 1778 1221 auctoritas,.

993 1239 1060 1266 bene
1076 1239 1166 1266 deillo
1180 1247 1276 1266 omnes
1294 1238 1392 1265 mereri
1416 1237 1554 1268 existimo,
1575 1237 1621 1271 qui
1647 1237 1673 1263 id
1701 1236 1772 1271 quod

993 1286 1052 1321 ejus
1066 1286 1198 1321 gravitate
1213 1285 1352 1320 indignum
1366 1291 1426 1312 esse
1440 1283 1636 1310 rationabiliter
1650 1287 1772 1315 censent,

993 1332 1027 1358 ab
1041 1332 1100 1366 ipso
1115 1331 1245 1365 scriptum
1260 1338 1320 1358 esse
1342 1337 1395 1356 non
1422 1330 1535 1356 libenter
1553 1329 1684 1361 credunt;
1704 1329 1772 1354 malr

993 1382 1112 1407 econtra,
1132 1378 1177 1412 qui
1197 1375 1335 1403 mordicus
1353 1375 1378 1402 id
1400 1375 1536 1402 sustinere
1549 1375 1655 1407 volunt,
1673 1378 1702 1401 ut
1715 1374 1771 1408 ejus

993 1423 1166 1454 auctoritate,
1183 1422 1253 1448 sicut
1279 1425 1306 1448 et
1331 1420 1359 1447 S.
1387 1420 1481 1447 lsidori
1504 1419 1593 1446 fulciri
1621 1419 1772 1450 videantur,

993 1476 1053 1502 qua:
1066 1468 1102 1494 ibi
1119 1467 1152 1494 de
1166 1467 1229 1493 Eli:e
1241 1466 1380 1501 propheta:
1392 1466 1532 1493 natalibus
1543 1466 1681 1500 leguntur.
1695 1464 1764 1499 Equi

993 1514 1052 1540 dem
1064 1513 1191 1540 existimo
1203 1512 1296 1540 Patres
1314 1513 1392 1544 istos,
1409 1511 1432 1539 si
1448 1512 1512 1538 talia
1532 1512 1582 1546 ipsi
1596 1518 1690 1538 revera
1706 1511 1758 1537 seri

992 1564 1114 1593 pserunt,
1142 1566 1216 1585 mere
1246 1558 1423 1592 interpretum
1447 1561 1473 1584 et
1498 1557 1672 1584 collectorum
1697 1556 1774 1590 l‘ungi

992 1604 1079 1631 cilicio
1101 1604 1231 1636 voluisse,
1258 1604 1364 1630 nullum
1388 1608 1478 1630 autem
1499 1603 1533 1630 iis
1556 1610 1589 1629 ex
1615 1610 1644 1629 se
1668 1601 1774 1636 pondus

993 1648 1112 1675 addere:
1134 1656 1167 1675 an
1198 1652 1287 1675 autem
1317 1655 1410 1674 revera
1440 1655 1529 1682 opera:
1553 1647 1668 1682 pretium
1694 1647 1775 1674 fuerit

994 1694 1178 1721 Rabbinorum
1191 1693 1224 1720 de
1251 1693 1353 1720 sanctis
1375 1694 1510 1720 veteribus
1530 1694 1647 1725 somnia,
1675 1693 1774 1727 quibus

993 1740 1031 1767 illi
1049 1747 1144 1768 omnes
1159 1747 1245 1767 sacrae
1258 1739 1406 1773 Scriptura:
1423 1739 1553 1766 historias
1564 1739 1772 1773 interpolarunt,

991 1787 1034 1814 vel
1045 1787 1100 1822 jam
1118 1786 1183 1813 olim
1208 1786 1320 1813 coHccta
1336 1785 1429 1813 Grtecc
1449 1785 1597 1820 Latineque
1615 1784 1773 1817 reddidisse,

992 1833 1034 1860 vel
1051 1833 1077 1859 in
1103 1832 1212 1860 illorum
1240 1831 1317 1859 libris
1340 1831 1464 1866 pluribus
1489 1831 1611 1865 dispersa
1638 1830 1664 1856 in
1689 1838 1784 1856 unum.

993 1878 1113 1905 libellum
1136 1877 1290 1912 collegisse,
1315 1876 1519 1910 prudentiorum
1542 1881 1600 1903 esto
1623 1875 1772 1910 judicium;

992 1923 1142 1950 curiositati
1161 1927 1235 1949 certe
1257 1927 1283 1948 ct
1303 1920 1478 1947 oblectationi
1505 1921 1628 1947 nonnihil
1653 1920 1774 1947 serviunt

992 1969 1053 2001 ista,
1073 1975 1161 2002 neque
1183 1967 1263 1994 alicui
1288 1974 1387 1993 nocere
1413 1972 1527 2000 possunt
1555 1967 1602 2000 qui
1626 1966 1666 1993 eis
1694 1965 1772 1992 Iidem

993 2022 1046 2040 non
1066 2021 1192 2049 magnam
1215 2013 1350 2043 habuerit,
1376 2012 1527 2047 intelligens
1543 2020 1605 2039 cum
1622 2012 1773 2046 Theophilo

992 2059 1142 2096 Raynaudo
1165 2065 1268 2091 nostro,
1286 2059 1320 2087 de
1335 2060 1413 2087 bonis
1436 2065 1462 2086 et
1481 2059 1559 2086 malis
1574 2059 1650 2085 libris
1666 2067 1692 2085 ιι.
1709 2058 1772 2088 352,

992 2114 1087 2133 eorum
1105 2115 1114 2131 ε
1130 2106 1241 2132 multam
1259 2105 1467 2133 mendacitatcm
1482 2109 1509 2132 et
1526 2105 1737 2135 fabulositatem,
1761 2114 1769 2128 ι

992 2151 1117 2185 quodque
1133 2151 1174 2186 (ut
1199 2151 1268 2177 idem
1293 2159 1319 2177 ιι.
1340 2151 1392 2177 548
1415 2152 1500 2184 notat)
1519 2159 1527 2175 ί
1554 2150 1683 2176 ltahbinis
1709 2157 1777 2183 pro—

157 2195 320 2231 cpiscopus;
349 2203 412 2222 cum
440 2196 562 2230 petiisset
584 2196 617 2223 de
646 2196 718 2224 illius
745 2198 940 2226 controversiae
957 2202 978 2228 ι)
993 2197 1080 2231 prium
1094 2202 1193 2232 quarto
1207 2197 1287 2224 modo
1311 2202 1353 2224 est
1372 2197 1498 2228 fabulari,
1514 2201 1540 2223 ct
1553 2204 1613 2231 quae
1632 2204 1771 2230 nunquam

157 2241 232 2268 exitu
249 2241 340 2268 doceri
360 2249 374 2268 a
400 2241 514 2274 Sabino,
542 2241 606 2276 quia
631 2250 663 2269 ex
689 2242 804 2278 Calippo
824 2244 940 2271 diacono

157 2286 275 2313 audierit
287 2287 362 2313 illum
376 2286 543 2314 Constantia:
559 2288 716 2322 episcopum
733 2289 900 2317 ordinatum.

192 2333 236 2359 57.
254 2332 351 2365 llahcs,
368 2332 475 2364 Lector,
490 2333 531 2360 his
547 2334 654 2361 duobus
667 2335 801 2368 capitibus
815 2343 938 2370 compre-

157 2378 270 2405 hensam
291 2378 375 2406 totius
392 2378 504 2413 prolixa:
528 2379 596 2406 alias
617 2379 715 2406 fabula:
737 2388 883 2412 summam,
906 2389 938 2407 co

158 2423 222 2456 ﬁne,
240 2429 269 2451 ut
287 2424 309 2452 si
324 2424 390 2459 quid
406 2424 470 2451 alibi
493 2424 614 2459 reperias
638 2432 653 2451 a
681 2425 759 2452 nobis
771 2426 937 2459 praeteritum

155 2469 182 2496 in
197 2469 292 2504 primis
308 2470 428 2504 quinque
445 2470 580 2505 capitibus
600 2470 672 2505 quod
693 2469 736 2497 hic
761 2471 842 2497 etiam
855 2471 937 2497 attin-

154 2520 234 2550 gatur
248 2524 256 2549 ;
276 2516 432 2543 discernere
446 2516 543 2550 possis,
557 2521 647 2543 utrum
663 2517 688 2543 id
712 2516 777 2544 hinc
795 2523 936 2551 acccptmn

154 2562 282 2589 aestimari
299 2569 354 2589 non
365 2562 480 2594 debeat;
496 2569 531 2589 an
553 2570 627 2595 vero,
650 2567 681 2590 ut
700 2570 734 2589 ex
758 2563 863 2589 meliori
887 2571 937 2589 au-

154 2611 230 2634 ctore
244 2607 298 2634 huc
313 2607 486 2641 translatum,
502 2609 581 2635 [idem
597 2613 736 2636 mercatur
753 2616 815 2635 cum
837 2609 936 2642 priori-

153 2652 205 2680 bus
219 2653 352 2680 obtinere.
364 2652 495 2680 Similiter
504 2654 617 2681 arbitrio
629 2659 676 2681 tuo
687 2654 822 2688 relinquo,
834 2655 936 2681 velisne

155 2706 204 2733 pro
216 2698 335 2733 genuino
350 2698 378 2725 S.
396 2698 538 2734 Epiphanii
559 2699 613 2727 fetu
632 2701 730 2727 habere
750 2708 812 2727 cum
834 2700 935 2726 Bellar-

154 2744 229 2770 mino
242 2744 339 2771 librum
353 2743 390 2770 De
409 2745 464 2771 vita
484 2745 669 2778 prophetarum
691 2753 831 2780 eorumque
846 2746 935 2779 sepul-

156 2795 228 2820 tura,
241 2790 365 2824 quamvis
379 2790 499 2825 ignotum
515 2790 611 2818 l’hotio
625 2800 652 2819 η.
666 2792 717 2818 1‘22
745 2795 772 2819 et
786 2798 861 2825 seqq.
877 2791 935 2824 ejus

156 2843 236 2870 opera
249 2838 400 2864 recensenti
412 2845 418 2869 ;
431 2845 464 2864 an
476 2845 537 2865 cum
550 2838 697 2866 novissimo
713 2838 771 2872 ejus
788 2838 934 2872 interprete

993 2243 1102 2270 luerunt
1113 2248 1226 2270 eruntve
1241 2251 1372 2278 unquam,
1387 2248 1514 2278 tanquam
1528 2250 1591 2268 vera
1607 2249 1771 2276 proponere,

990 2290 1058 2316 adeo
1078 2297 1170 2317 crasse
1186 2298 1218 2317 ac
1234 2290 1343 2321 stolide,
1362 2294 1391 2316 nt
1406 2298 1438 2315 ne
1456 2289 1555 2323 ingenii
1573 2288 1682 2322 quidem
1701 2288 1771 2314 mica

990 2335 1209 2369 deprehendatur
1225 2335 1251 2362 in
1268 2334 1501 2361 comrninisccmlo
1523 2334 1617 2361 dextre
1641 2339 1668 2360 et
1692 2341 1774 2368 appo-

990 2381 1050 2412 site,
1069 2381 1248 2415 liugendoquc
1264 2380 1439 2414 probabiliter
1463 2385 1489 2406 et
1512 2384 1573 2414 apte
1599 2379 1632 2405 ad
1660 2387 1772 2413 persua-

989 2426 1118 2453 dendum.
1139 2435 1148 2451 I
1165 2425 1298 2453 Convenit
1314 2425 1435 2460 profecto
1449 2432 1503 2451 non
1519 2430 1573 2451 tam
1596 2425 1771 2452 considerare

989 2472 1051 2506 quis
1063 2471 1129 2506 quid
1142 2471 1292 2506 scripserit,
1315 2471 1348 2498 de
1371 2471 1405 2498 iis
1431 2477 1492 2505 qua).
1515 2475 1577 2498 ante
1597 2470 1770 2505 longissimas

988 2523 1081 2545 aetates
1096 2522 1156 2545 acta
1171 2517 1306 2549 feruntur,
1321 2518 1402 2544 certis
1418 2517 1500 2543 nullis
1513 2522 1655 2543 auctorum
1667 2524 1772 2543 corero-

988 2572 1048 2591 rum
1061 2565 1245 2591 monumentis
1262 2568 1374 2596 testata;
1392 2563 1439 2590 sed
1458 2570 1528 2597 quos
1548 2562 1628 2589 fuerit
1642 2563 1726 2589 duces
1742 2562 1768 2588 in

988 2610 1132 2637 scribendo
1150 2614 1277 2642 secutus;
1294 2610 1319 2636 hi
1333 2613 1435 2641 autem,
1460 2609 1488 2635 in
1499 2617 1531 2635 eo
1543 2609 1614 2642 quod
1636 2609 1774 2642 tangimus

988 2660 1159 2690 argumento,
1170 2655 1214 2681 alii
1224 2662 1304 2688 quam
1315 2654 1429 2681 liabbini
1441 2662 1494 2680 IIUII
1503 2653 1698 2686 fuerunt,iiqne
1706 2660 1769 2679 vero

989 2701 1112 2728 similiter
1122 2700 1368 2735 llicrosolymitano
1377 2701 1482 2728 excidio
1493 2701 1657 2734 posteriores
1665 2706 1770 2725 omnes.

1023 2747 1066 2773 59.
1083 2746 1299 2780 Cmterum,quia
1311 2746 1378 2773 liber
1387 2746 1513 2781 vulgatus
1525 2746 1576 2773 sub
1592 2745 1698 2772 nomine
1713 2743 1761 2777 Epi

990 2791 1090 2825 phanii,
1106 2791 1223 2826 primum
1239 2791 1372 2826 superiori
1390 2792 1490 2819 saeculo
1504 2791 1598 2818 Latine
1611 2790 1662 2825 legi
1679 2790 1770 2824 erepit,

990 2837 1086 2865 rnerito
1108 2843 1309 2872 pratsumuntur
1337 2837 1484 2872 scriptorcs
1509 2837 1596 2864 Latini
1620 2837 1786 2871 praesertim.
