1934 3029
151 128 199 157 151
590 127 681 156 DION.
701 126 840 154 PETAVII
860 128 942 154 ΠΡΟΕ

993 127 1053 154 :I’lA
1073 126 1108 153 lN
1127 123 1317 152 PANARIUM.

1728 117 1786 145 152

151 188 168 214 ii
185 195 254 223 quos
269 185 391 214 Graecam
416 187 566 215 nescivisse
590 192 709 220 constat,
735 188 800 215 dum
831 187 936 222 aliquid
953 187 977 216 Α
993 184 1140 220 Rayuaudo
1154 188 1268 213 taceam.
1287 181 1367 216 cujus
1385 179 1491 216 judicio
1507 178 1576 206 liber
1598 180 1668 223 est!
1689 173 1785 202 infan-

151 232 287 267 ejusmodi
306 233 340 259 de
355 232 422 268 legis
442 233 562 267 antiquae
571 234 708 268 prophetis
722 233 867 261 scribendo
881 233 940 260 atti-

151 283 259 314 gerunt,
280 286 334 305 nou
351 278 426 305 illum
449 278 502 305 sub
522 279 631 306 nomine
648 278 795 313 Epiphauii
825 278 939 310 librum,

152 323 199 351 sed
217 323 300 350 alium
317 323 368 351 sub
388 323 499 351 nomine
527 322 556 350 S.
583 322 723 355 Dorothci,
750 323 845 350 Latine
871 323 942 350 dun-

152 374 228 398 taxat
241 374 404 402 exstantem,
423 377 479 404 pra:
494 369 582 396 oculis
594 369 731 402 habuisse,
752 373 832 404 prout
843 369 870 396 iu
887 375 942 397 tra-

153 421 228 443 ctatu
242 415 275 443 de
299 415 329 442 Β.
351 415 463 442 Alberto
488 414 735 451 Hierosolymitauo
759 415 790 442 ad
809 415 826 443 8
843 415 942 450 Aprilis

153 461 281 489 iudicavi.
302 461 350 489 llic
372 467 462 488 autem
481 461 560 492 liber,
587 462 671 488 multo
693 463 769 497 prius
789 467 817 488 et
829 461 940 494 certius,

153 516 234 542 quam
264 508 332 535 alter
351 508 396 536 ille
422 507 585 542 Epiphanio,
614 509 785 543 adjudicatus
807 507 943 535 Dorotheo

153 553 216 586 fuit,
234 553 324 580 statim
342 561 374 581 ac
389 561 436 588 per
451 554 659 588 impressionem
678 554 767 582 factus
792 558 835 581 est
855 554 943 589 magis

153 600 255 635 publici
277 600 348 635 juris
368 610 374 627 :
394 600 539 636 Synopsim
563 601 684 636 intelligo
700 600 736 628 De
750 601 804 628 vita
817 605 841 627 et
860 605 943 627 morte

153 646 345 681 apostolorum,
362 647 551 682 prophetarum
565 656 596 674 ac
608 647 801 682 discipulorum
823 646 942 679 Domini,

153 700 214 726 qua:
229 692 280 719 sub
296 692 423 719 Dorothei
437 693 548 720 nomine
563 700 666 721 excusa
679 693 740 726 fuit,
758 698 814 720 tum
827 694 942 720 seorsim

154 743 212 765 tum
226 739 251 765 in
264 739 440 766 Bibliothecis
451 744 573 766 veterum
587 738 715 772 Patrum;
731 739 801 766 hanc
813 739 898 772 enim,
914 744 944 766 ut

153 784 259 810 notavit
273 783 419 816 Labbaeus,
435 793 445 809 ί
462 784 518 818 jam
534 785 637 819 pridem
656 791 685 811 ut
701 784 800 811 fabulis
814 783 943 811 refertam

155 829 313 863 nulliusque
328 829 399 863 apud
411 829 506 857 doctos
524 830 708 862 auctoritatis,
729 828 808 856 obelo
823 828 944 857 fuerunt

993 233 1059 262 tilis,
1073 236 1181 259 scatens
1192 228 1327 256 labulosis
1340 225 1554 254 narrationibus.
1572 232 1582 249 ι
1600 222 1705 255 Quibus
1716 227 1785 248 cum

993 278 1096 306 similes
1110 278 1166 304 sint
1179 276 1205 303 iu
1217 275 1325 303 duobus
1339 274 1395 309 jam
1413 279 1495 307 supra
1513 270 1639 297 iudicatis
1662 275 1786 302 opuscu-

991 323 1036 356 lis,
1051 323 1080 350 S.
1094 322 1214 350 Isidorus
1228 321 1339 356 quidem
1352 319 1391 347 sic
1402 321 1561 348 excusatur,
1574 320 1605 343 ut
1617 321 1707 342 tamen
1724 321 1786 340 me-

992 369 1046 396 lius
1058 368 1140 396 fuerit
1158 367 1272 404 proprio
1289 366 1386 394 honori
1402 360 1592 398 consultur'us,
1613 361 1636 389 si
1660 367 1787 394 praecan-

994 415 1066 442 tione
1083 414 1180 442 saltem
1198 414 1289 448 aliqua
1300 419 1366 440 usus
1380 411 1528 438 indicasset
1538 417 1592 436 non
1606 414 1734 442 magnam
1749 406 1787 433 iis

993 468 1010 489 a
1024 468 1053 489 se
1072 460 1152 488 tidem
1171 458 1283 491 haberi;
1299 456 1467 492 Epiphanius
1481 460 1571 482 autem
1596 461 1646 480 uec
1664 451 1786 479 eitcusa-

993 507 1067 534 tione
1076 506 1186 541 quidem
1201 509 1271 540 eget,
1289 503 1410 538 quandiu
1424 502 1500 529 nullo
1514 500 1598 527 veteri
1614 505 1641 527 et
1654 498 1788 526 inelucta-

994 553 1040 580 bili
1056 551 1212 580 testimonio
1231 551 1372 585 probatur,
1393 549 1450 576 haec
1467 555 1530 574 vere
1548 547 1621 573 illius
1636 552 1697 572 esse
1713 543 1787 571 scri—

993 599 1061 634 ptio.
1078 598 1155 626 Adde
1171 597 1244 633 quod
1267 597 1360 632 plures
1381 594 1526 630 Epiphauii
1554 593 1656 622 i'ucriut
1684 591 1785 618 subsc—

994 645 1142 681 quentibus
1157 644 1276 675 saeculis,
1293 644 1374 670 etiam
1388 642 1414 669 in
1424 642 1514 677 Cypro
1522 640 1651 675 episcopo
1665 645 1785 672 quorum

996 691 1087 726 aliqua
1103 696 1133 718 ut
1151 691 1210 718 ﬁeri
1227 691 1308 725 vulgo
1330 689 1409 720 solet,
1425 686 1614 724 principaliori
1631 684 1714 719 hujus
1733 692 1786 710 uo-

994 737 1077 765 miuis
1103 736 1229 771 scriptori
1250 735 1333 762 tribui
1358 737 1516 770 potuerunt.
1534 733 1604 760 sicut
1618 740 1628 756 ι
1645 730 1787 758 orationes

994 784 1047 811 illa:
1069 791 1140 819 qum,
1173 783 1316 818 Epiphanii
1344 781 1454 808 nomine
1478 779 1570 807 fucum
1595 778 1652 814 jam
1678 776 1786 812 pridem

995 830 1109 863 faciunt,
1128 829 1240 857 Petavio
1260 829 1364 864 judice,
1389 827 1456 855 satis
1474 835 1534 854 cum
1558 825 1628 860 stylo
1648 825 1706 859 ipso
1727 828 1786 864 tum

157 862 291 907 Molauus,
311 862 456 906 Barrouius,
476 874 657 903 Bellarminus
681 880 708 903 et.
731 875 777 902 alii
796 875 941 907 Catholici,
959 870 979 897 Β
996 875 1056 903 aliis
1074 875 1237 910 quibusdam
1255 862 1373 905 iudiciis,
1394 872 1506 903 alterius
1523 871 1565 898 vel
1582 868 1725 906 Epiphanii
1743 862 1788 894 νῧὶ

153 921 253 955 quibus
263 921 421 948 beterodoxi
432 921 673 955 subscripserunt:
687 931 696 948 ι
709 925 738 950 ut
747 921 781 949 de
791 921 942 960 Theophilo

997 922 1118 949 auctoris
1132 929 1162 948 se
1173 929 1234 948 esse
1246 920 1396 949 declarant.

687 1193 971 1241 DIONYSII
1009 1194 1255 1242 PETAVII

831 1335 848 1354 Ε
868 1335 1018 1356 SOCIETATE
1037 1334 1100 1357 JESU

396 1431 589 1462 ΠΡΟΘΕΩΡΙΑ
607 1430 642 1458 IN
661 1430 834 1460 EPlPllANll
853 1429 942 1458 OPUS

993 1429 1061 1458 UOD
1080 1428 1181 1458 PANA
1190 1429 1289 1457 RIUM
1307 1429 1540 1458 lNSCBIBlTUﬂ-.

188 1611 219 1638 Si
237 1619 298 1638 cum
316 1612 449 1647 eaquisita
473 1619 573 1643 rerum,
595 1618 654 1644 quae
673 1610 702 1637 in
722 1609 770 1637 hoc
791 1609 874 1645 Opere
900 1615 1062 1643 tractantur,
1091 1611 1219 1638 varietate
1242 1618 1274 1637 ac
1298 1611 1375 1645 copia
1392 1609 1534 1644 adsequare
1554 1614 1790 1638 cannuentattoncs-

154 1664 262 1688 nostras
283 1660 470 1692 instituissem,
498 1668 552 1689 non
575 1658 695 1688 brevibus
723 1658 792 1685 notis
816 1663 841 1684 et
863 1658 1149 1691 animaduersionibus,
1181 1658 1227 1685 sed
1258 1658 1407 1693 ingentibus
1434 1658 1510 1685 libris
1539 1657 1727 1685 committenda
1746 1667 1787 1684 res

154 1707 252 1742 fuerat.
271 1707 405 1740 Quoniam
419 1711 507 1734 autem
526 1715 607 1743 neque
624 1715 665 1734 me
682 1706 934 1734 commentariorum
951 1707 1034 1734 moles
1059 1707 1109 1734 illa
1132 1706 1258 1738 delectat,
1279 1711 1304 1732 et
1326 1705 1494 1733 eruditorum
1515 1705 1643 1732 lectorum
1671 1704 1787 1740 fastidiis

154 1753 342 1781 occurrendum
357 1754 445 1788 potius
458 1754 506 1781 hoc
527 1754 555 1781 in
573 1761 666 1789 genere
679 1758 719 1780 est
734 1761 815 1787 quam
831 1753 947 1780 aliorum
965 1754 1089 1781 tarditati
1105 1753 1306 1785 consulendum,
1322 1753 1398 1779 nulla
1412 1758 1451 1779 est
1467 1751 1616 1778 obtinenda:
1632 1760 1648 1778 a
1660 1759 1700 1778 me
1715 1752 1787 1778 ratio

154 1801 334 1835 pra'termissa
349 1800 495 1829 breuitatis.
508 1800 549 1828 Ea
563 1809 622 1829 vero
639 1801 694 1828 visa
707 1806 746 1828 est
766 1801 793 1828 in
811 1801 905 1836 primis
921 1801 1062 1836 ejusmodi,
1081 1807 1109 1828 ut
1124 1801 1247 1828 diversas
1263 1809 1297 1828 ea;
1313 1806 1428 1828 veterum
1441 1799 1631 1834 exemplarium
1645 1806 1787 1832 compara-

154 1847 236 1878 lione,
252 1851 298 1873 aut
316 1854 349 1874 ea:
368 1847 520 1882 conjectura
534 1847 659 1875 lectiones
676 1847 711 1874 ad
731 1856 808 1874 oram
821 1853 960 1875 contextus
972 1849 1150 1876 ascriberem:
1163 1848 1230 1875 Tum
1250 1853 1279 1874 ut
1295 1849 1395 1875 leviora
1411 1855 1530 1882 qua‘que,
1549 1855 1579 1874 ac
1594 1847 1731 1881 faciliora,
1748 1847 1788 1873 uel

155 1893 290 1920 commode
300 1892 333 1919 ab
348 1892 410 1920 aliis
421 1893 568 1927 emplicata,
581 1901 612 1920 ne
627 1894 784 1929 attingerem
798 1894 917 1926 omnino,
934 1899 981 1921 aut
996 1895 1110 1929 carptim
1124 1894 1284 1929 breviterque
1295 1894 1507 1928 perstringercm.
1526 1893 1704 1927 Quamobrem
1714 1898 1787 1920 certa

154 1939 322 1971 potissimum
342 1944 499 1974 argumenta
511 1939 667 1974 delegimus,
684 1940 712 1966 in
726 1940 822 1975 quibus
835 1939 1007 1968 elaborandis
1021 1946 1098 1976 atque
1113 1941 1284 1967 illustraudis
1305 1940 1456 1974 plusculum
1478 1947 1564 1973 opera:
1581 1939 1786 1972 disputationis-

154 1995 203 2022 que
218 1992 402 2021 consumptum
416 1992 456 2013 est
468 1993 477 2013 :
489 1995 547 2022 qua:
566 1987 692 2015 nimirum
708 1988 776 2015 talia
787 1996 844 2015 esse
862 1988 1070 2021 consideremus,
1083 1993 1110 2015 at
1123 1988 1158 2016 ad
1169 1996 1261 2015 eorum
1278 1988 1447 2015 minuendam
1462 1988 1650 2015 obscuritatem
1665 1988 1784 2014 nonnihil

154 2042 234 2070 opera
250 2040 343 2061 nostra
360 2039 448 2069 posset
465 2035 599 2063 accedere.
616 2034 719 2063 Fuerat
732 2035 895 2070 jamdudum
913 2037 1030 2070 animus,
1055 2037 1172 2064 omnium
1191 2036 1323 2064 hwreseon
1340 2043 1399 2070 qua:
1420 2036 1449 2062 in
1466 2036 1514 2062 hoc
1534 2043 1610 2070 opere
1628 2043 1788 2062 commemo-

154 2087 261 2115 rantur,
280 2081 316 2108 τὰ
329 2083 531 2119 ἱστορούμενα.
544 2083 672 2117 primum,
687 2083 784 2113 deinde
795 2085 930 2118 opiniones
946 2093 978 2111 ac
993 2085 1120 2120 dogmata
1134 2085 1224 2111 omnia
1247 2090 1371 2119 separato
1388 2083 1478 2111 libello
1496 2084 1627 2119 persequi,
1645 2089 1670 2113 et
1683 2091 1743 2110 eum
1753 2083 1786 2110 iis

154 2136 213 2163 qua:
227 2128 392 2163 Epiphanius
410 2131 575 2165 perscripsit,
589 2139 647 2171 gare
663 2131 696 2158 ab
713 2132 775 2159 aliis
791 2137 853 2159 sunt
874 2131 1003 2160 Patribus
1020 2133 1153 2168 exposita,
1171 2133 1290 2168 conferre
1306 2140 1315 2159 :
1329 2132 1374 2160 sed
1389 2133 1422 2159 ab
1433 2141 1464 2159 eo
1477 2133 1588 2159 consilio
1600 2132 1719 2159 revocavi
1733 2132 1788 2166 ipse

154 2183 205 2208 tne,
220 2176 289 2210 quod
305 2184 365 2202 eum
384 2177 452 2203 milii
474 2177 593 2204 laborem
615 2178 773 2211 iamdudum
796 2179 911 2206 aliorum
931 2180 1068 2207 industria
1090 2181 1262 2209 sublevasset.
1287 2179 1394 2207 Etenim
1409 2185 1506 2213 printer
1522 2184 1617 2209 veteres
1638 2178 1711 2211 illos,
1731 2177 1788 2205 Ire-

155 2228 253 2254 naeum,
268 2222 456 2257 Augustinum,
483 2223 672 2256 Pbilastrium,
698 2223 907 2258 Damascenum,
926 2225 1132 2259 Tertullianum,
1151 2226 1312 2257 Clementem
1332 2225 1554 2257 Alexandrinum,
1580 2225 1786 2260 Hieronymum;

155 2278 187 2296 ac
201 2275 321 2303 ceteros,
340 2271 386 2305 qui
407 2276 454 2298 aut
476 2271 508 2298 de
525 2271 669 2299 hteresibus
687 2274 846 2300 nominatim
865 2275 1040 2309 scripserunt,
1065 2281 1111 2302 aut
1130 2283 1221 2302 earum
1243 2276 1270 2302 iu
1290 2275 1365 2302 libris
1387 2275 1443 2302 suis
1458 2279 1589 2309 utcunque
1603 2276 1786 2306 meminerunt,

155 2317 312 2344 recentiores
327 2317 428 2352 aliquot
441 2317 531 2345 eodem
546 2319 574 2345 in
590 2325 746 2354 argumento
761 2328 867 2347 summa
877 2329 937 2347 cum
952 2322 1032 2348 laude
1048 2327 1167 2348 versatos
1184 2322 1372 2353 memineram;
1387 2322 1415 2348 in
1432 2322 1525 2356 primis
1537 2327 1626 2349 autem
1639 2321 1786 2349 Gabrielcm

155 2361 320 2396 Prateolum,
335 2368 412 2399 atque
425 2364 638 2394 illustrissimum
649 2374 808 2401 magnorum
819 2368 965 2395 Annalium
981 2369 1152 2396 conditorem.
1169 2368 1288 2401 Quorum
1302 2369 1347 2396 ille
1358 2371 1489 2397 luweseon
1505 2370 1622 2397 omnium
1635 2369 1787 2397 luculentis-

156 2410 253 2437 simum
272 2411 425 2446 catalogum
442 2412 562 2441 litterato
578 2413 670 2441 ordine
687 2415 845 2442 contexuit:
857 2415 900 2445 hic
912 2416 940 2443 in
955 2416 1105 2444 Annalibus
1121 2425 1169 2444 suo
1185 2425 1316 2453 quamque
1332 2423 1446 2452 Ieinpore
1460 2419 1643 2454 consignatum
1662 2418 1785 2453 reliquit;

156 2461 262 2492 uterque
282 2466 335 2485 uno
350 2459 377 2485 in
395 2466 535 2494 conspectu
551 2469 610 2494 qua:
627 2461 698 2496 apud
718 2467 815 2489 ueteres
832 2462 893 2489 illos
908 2462 1031 2497 dispersa
1052 2469 1129 2490 erant
1153 2472 1184 2490 ac
1198 2464 1329 2499 dissipata
1346 2466 1494 2499 proposuit.
1511 2465 1570 2492 Itac
1589 2466 1670 2501 igitur
1685 2472 1749 2491 cura
1763 2469 1786 2491 ct

156 2504 316 2539 cogitatione
329 2505 443 2539 solutus,
458 2507 527 2533 hunc
542 2515 625 2534 unum
638 2507 673 2534 ad
688 2516 796 2542 scopum
812 2509 1010 2536 commentandi
1024 2509 1141 2536 laborem
1158 2510 1238 2536 istum
1258 2511 1404 2544 conferant,
1429 2516 1457 2538 ut
1478 2512 1524 2546 qui
1541 2511 1636 2538 Latine
1652 2511 1724 2546 jam,
1741 2511 1787 2537 hoc

157 2556 194 2578 est
207 2552 306 2584 minus,
324 2557 352 2579 ut
368 2560 454 2587 spero,
469 2553 581 2582 barbare
592 2556 682 2583 studio
700 2561 791 2584 nostra
807 2557 925 2592 loquitur
940 2556 1119 2592 Epiphanius,
1138 2558 1207 2585 idem
1222 2559 1293 2585 notis
1309 2564 1334 2586 et
1351 2560 1632 2587 Animadversionibus
1644 2568 1697 2595 qua
1708 2560 1787 2587 casti—

158 2602 246 2633 gatus,
258 2607 311 2634 qua
326 2598 460 2626 illustrior
474 2599 573 2634 factus,
589 2601 706 2629 dilucide
722 2608 800 2638 atque
817 2602 993 2637 intelligente:
1011 2602 1039 2629 id
1057 2603 1150 2637 faciat,
1169 2605 1242 2631 omni
1255 2605 1415 2633 obscuritate
1426 2605 1540 2633 detersa.

492 2708 527 2728 DE
543 2708 730 2730 INSCRIPTIONE
751 2711 858 2739 OPERIS,
873 2712 904 2732 AC
927 2713 942 2732 Σ

993 2712 1100 2732 ιιιιοῐιυι
1115 2713 1263 2734 ΗᾸ-ΞΕΕΒΕΟΝ
1280 2715 1455 2736 ΡΛΙΚΤΙΤΙΟΝΕ.

192 2777 259 2805 Cum
275 2779 400 2806 adversus
418 2788 490 2807 Lxxx
507 2781 632 2813 ltwreses,
646 2790 703 2816 qua:
719 2782 754 2809 ad
772 2790 849 2809 suam
865 2787 969 2810 (etatem
981 2783 1150 2815 exstiterant,
1172 2791 1321 2819 susceptum
1338 2796 1353 2813 a
1370 2796 1398 2814 se
1411 2789 1459 2815 Itoc
1473 2798 1539 2824 opus
1553 2789 1713 2824 proﬁteatur
1727 2789 1786 2824 Epi-

158 2825 281 2860 phanius,
302 2827 353 2854 duo
368 2827 489 2862 quadam
508 2833 650 2855 occurrunt
672 2830 700 2856 in
719 2837 748 2856 ee
771 2831 873 2865 rwgotia
889 2830 1096 2858 consideranda.
1110 2831 1244 2866 Alterum,
1258 2833 1366 2861 liwresis
1379 2843 1471 2862 nomen
1488 2836 1619 2863 latissime
1635 2837 1660 2864 in
1676 2836 1785 2865 auibus-
