1934 3029
144 133 200 161 155
584 128 675 156 ΒΙΟΝ.
697 127 837 154 ΡΕΤΑνιι
856 128 907 154 ΠΡ(

1015 127 1050 154 1A
1069 127 1102 154 IN
1123 125 1316 156 PANARIUM.
1727 129 1778 156 151

143 193 210 218 dam
225 188 367 220 usurpari;
381 195 426 215 nec
442 186 476 214 ad
494 185 674 221 theologorum
691 193 811 212 normam
827 185 948 212 vocabuli
964 193 1042 212 usum
1056 185 1133 212 istius
1147 186 1228 220 exigi.
1241 194 1257 212 a
1272 186 1366 221 quibus
1382 186 1446 221 quid
1461 186 1566 220 proprie
1576 186 1610 212 sit
1622 185 1741 216 luuresis,
1754 191 1780 212 et

143 242 274 271 quantum
299 234 406 269 reliquis
431 232 463 259 ab
488 236 565 259 sectis
587 231 714 265 diﬂerut,
736 231 860 257 subtilius
884 235 962 266 atque
983 230 1148 258 enucleatius
1167 231 1300 258 declarari
1317 231 1393 258 solet.
1417 230 1489 258 Nam
1512 239 1592 266 neque
1611 232 1711 265 priores
1726 231 1781 258 illic

144 288 235 314 sectae,
250 281 449 313 Barbarismus,
462 279 639 314 Scytltismus,
652 278 822 311 Judaismus,
843 283 974 314 quatenus
990 277 1092 306 Christi
1103 283 1192 305 ortum
1209 279 1360 310 antecessit,
1371 280 1443 306 inter
1455 279 1567 306 hwrcses
1584 280 1676 306 merito
1692 287 1781 305 recen-

144 336 256 362 sentur;
269 338 350 365 neque
364 329 427 356 ullw
437 328 541 362 proprie
558 332 636 354 secta:
653 326 845 358 Barbarorum,
864 331 910 353 aut
926 325 1086 361 Scytharum
1104 326 1221 361 fuerunt.
1239 327 1335 362 Atque,
1351 331 1380 353 ut
1402 327 1553 362 diligentius
1569 327 1597 353 in
1613 325 1779 358 llcllenismi,

142 376 293 408 Judaismi,
308 384 339 402 ac
351 375 535 402 Samaritismi
550 374 645 408 species
664 374 825 404 inquiratur,
840 373 971 408 pleneque
985 373 1099 408 forsitan
1115 382 1129 400 e
1144 382 1253 400 numero
1269 378 1412 405 sectarum,
1426 375 1478 400 sive
1492 373 1624 399 Im'reseon
1637 373 1780 399 eximenda:

144 427 239 452 erunt;
254 420 285 447 de
300 429 353 456 qua
371 428 398 447 re
414 420 542 454 sparsim,
560 426 591 445 ac
611 419 666 445 suis
683 418 749 445 locis
767 419 943 453 opportunius
959 425 1063 454 agetur.
1085 418 1118 445 In
1143 418 1308 446 llellenismo
1326 419 1442 454 quidem,
1459 428 1519 446 cum
1534 426 1648 455 quatuor
1663 424 1781 445 tantum-

146 467 224 495 modo
240 473 324 494 sectas
338 467 502 502 Epiphanius
517 470 655 497 numeret;
669 466 782 500 inﬁnita:
799 465 909 500 adjungi
923 466 986 492 alia:
1000 470 1160 501 potuerunt;
1176 474 1289 501 quarum
1302 466 1440 500 plerasque
1457 467 1484 493 in
1498 469 1570 493 calce
1587 465 1666 499 hujus
1682 467 1780 499 operis,

145 514 173 540 in
189 513 251 548 ﬁdei
265 512 410 540 Catholica:
431 511 591 548 Compendio
611 516 766 546 prosecutus
780 518 830 540 est.
856 512 978 539 Alterum
995 512 1043 540 hoc
1067 513 1095 539 in
1114 513 1218 547 negotio
1241 513 1464 540 considerandum
1487 518 1541 544 est;
1558 521 1676 548 quantus
1693 520 1781 538 omnes

144 556 202 587 illa:
212 564 289 587 secta:
307 560 375 586 inter
400 560 512 586 ha'reses
536 558 607 585 haud
629 559 759 585 immerito
778 565 946 591 censeantur,
968 568 1134 595 nequaquam
1151 565 1238 587 tamen
1255 560 1404 594 Epiphanio
1420 561 1619 595 octogenarium
1631 560 1706 587 illum
1719 568 1781 586 cou-

144 611 219 632 stare
232 614 379 633 numerum.
398 604 503 632 Etenim
525 604 553 630 in
577 604 719 638 partitione
733 604 789 638 ipsa
805 609 901 630 contra
923 604 1057 631 dividendi
1072 610 1204 639 praecepta
1222 613 1274 632 non
1299 605 1471 631 mediocriter
1492 610 1630 639 peccatum
1645 611 1684 631 est
1700 614 1781 632 :cum

145 652 275 687 principio
293 653 406 687 quinque
423 656 484 677 ante
505 649 641 678 Christum
661 655 794 677 sectarum
807 651 919 686 fastigia
934 657 1140 686 proponuntur;
1158 652 1361 684 Barburismus,
1387 651 1565 687 Scythismus,
1589 652 1781 685 llellenismus,

145 698 314 731 Judaismus,
334 698 563 726 Samaritismus:
579 705 610 724 ac
627 697 722 724 deinde
745 698 893 732 posteriora
917 699 970 725 tria
992 707 1089 733 genera
1109 707 1137 726 in
1158 700 1228 726 alias
1252 699 1350 733 species
1376 699 1538 725 tribuuntur.
1558 698 1591 724 Et
1607 698 1781 726 nihilominus

145 753 240 780 genera
255 753 314 771 cum
336 744 463 779 subjectis
485 744 536 770 sibi
557 744 680 779 partibus
695 744 814 771 eumdem
831 745 858 771 in
878 753 1017 772 numerum
1036 754 1218 781 summamque
1242 746 1428 780 conferuntur.
1453 746 1530 779 Quod
1552 750 1591 772 est
1607 745 1635 772 in
1651 745 1781 772 divisione

145 794 358 821 vitiosissimum.
372 792 463 827 Neque
474 793 545 820 enim
562 801 643 828 genus
659 793 734 827 πρὸς
746 793 781 820 τὰ
793 792 859 827 εῑδη
871 793 908 820 ἀν

1017 793 1105 821 νεῖται.
1128 793 1162 821 Ut
1176 794 1200 821 si
1225 794 1316 821 anima
1330 794 1434 829 uitaque
1448 794 1590 828 praeditum
1611 800 1704 827 corpus
1726 794 1780 827 pri-

150 851 223 869 mum
235 842 262 869 in
274 841 376 869 animal
389 850 420 868 ac
433 841 553 876 plantam
568 842 689 876 partiare
704 849 713 868 ε
730 846 785 868 tum
801 842 902 868 animal
923 842 950 869 in
966 847 1100 875 terrestre,
1113 842 1242 877 aquatile,
1255 842 1378 874 volatile;
1395 841 1553 877 plantanbin
1567 840 1684 873 herbam,
1698 841 1781 876 fruti-

147 900 201 918 cem
212 895 237 918 et
249 890 390 917 arborem:
408 898 438 916 ac
453 889 547 916 deinde
574 889 692 917 collectis
707 889 840 922 omnibus,
855 894 914 916 octo
938 891 1057 925 corporis
1077 891 1189 917 animati
1209 895 1298 924 partes
1318 898 1374 917 esse
1397 891 1565 917 constituas:
1581 891 1705 917 nimirum
1722 891 1780 917 ani-

147 939 213 970 mal,
231 937 370 972 plantam;
388 941 509 964 terrestre
525 937 638 968 animal,
654 937 781 970 aquatile,
797 937 904 964 volatile
916 945 926 964 :
942 937 1061 970 herbam,
1075 939 1198 972 fruticem
1211 944 1235 965 et
1260 938 1392 965 arborem.
1409 937 1453 965 Ita
1467 939 1537 965 enim
1551 939 1620 966 inter
1637 939 1778 966 divisionis

146 990 236 1019 partes
251 978 350 1019 qenera
366 984 435 1018 ipsa,
451 991 510 1018 qute
527 983 694 1014 dividuntur.
714 991 851 1017 perperam
865 983 975 1018 referas.
994 983 1070 1017 Quod
1092 985 1120 1011 in
1141 984 1190 1010 illa
1209 986 1343 1011 Itwreseon
1362 984 1550 1011 distributione
1567 985 1698 1012 commisit
1715 985 1780 1020 Epi—

145 1031 270 1066 phanius.
286 1030 387 1064 Quippe
404 1033 456 1056 tres
470 1029 534 1061 illac,
549 1037 614 1064 quas
631 1029 700 1061 dixi,
716 1029 907 1062 Hellenismus,
923 1029 1093 1062 Judaismus,
1114 1030 1322 1058 Samaritismus
1338 1039 1399 1057 cum
1419 1032 1475 1058 suis
1492 1031 1614 1066 partibus
1630 1032 1780 1066 conjuncta:

146 1087 278 1107 summam
289 1079 445 1113 conﬁciunt.
466 1076 540 1105 Unde
555 1077 692 1105 subductis
705 1083 775 1105 recte
790 1078 922 1110 omnibus,
935 1086 995 1105 xvu
1015 1079 1146 1105 duntaxat
1166 1084 1227 1106 ante
1246 1079 1392 1110 Christum,
1409 1079 1528 1105 universe
1541 1087 1600 1106 vero
1615 1087 1706 1105 ann
1725 1079 1780 1105 ha:-

146 1136 228 1159 reses,
242 1135 294 1154 non
308 1134 380 1154 Lux
397 1130 581 1153 numerantur.
593 1125 729 1153 Praeterea
741 1134 776 1152 xx
788 1126 908 1160 priorum
929 1126 1061 1153 hwreseon
1079 1126 1161 1153 alium
1178 1127 1205 1152 in
1218 1125 1340 1161 Epistola
1355 1127 1388 1152 ad
1404 1126 1534 1153 Acacium
1551 1130 1578 1153 et
1589 1125 1704 1152 Paulum
1720 1133 1780 1160 pre-

146 1175 284 1210 sbyteros,
302 1178 327 1200 et
348 1173 376 1199 in
396 1172 630 1208 Anacepllalmosi,
645 1181 724 1208 quam
747 1172 773 1199 in
792 1173 850 1206 ipso
869 1173 982 1200 decursu
1003 1174 1089 1207 operis
1110 1172 1228 1200 ordinem
1239 1173 1367 1200 instituit.
1399 1171 1543 1206 Utrumque
1559 1180 1606 1199 nos
1621 1172 1649 1199 in
1664 1172 1781 1201 sequenti

147 1221 240 1251 tabula
253 1222 450 1258 proposuimus.

569 1297 619 1326 XX
640 1297 768 1325 Priorum
796 1297 937 1326 haereseon
1414 1297 1462 1325 XX
1488 1297 1615 1325 Priorum
1638 1299 1779 1326 lucrosum

605 1333 673 1361 ordo
685 1333 712 1360 in
727 1333 886 1367 Anacephal.

1426 1333 1495 1361 ordo
1505 1342 1538 1361 ex
1551 1342 1633 1366 opere
1643 1334 1766 1361 Ρανιανὶι.

589 1405 600 1431 1
624 1405 815 1432 Barbarismus
1432 1403 1444 1428 1
1465 1403 1657 1432 Barbarismus

588 1440 606 1467 2
624 1441 798 1475 Scylliisutus

589 1475 607 1500 5
625 1475 807 1500 llellenismus

1428 1437 1447 1464 2
1465 1437 1500 1464 Sc
1513 1439 1640 1466 'lhismus

1429 1473 1447 1499 5
1465 1446 1640 1500 Ηεῖιειιὶδιηυε

589 1475 607 1502 5
625 1473 807 1503 Ιιόιιουῐδηιιιε
1429 1473 1447 1499 5
1465 1473 1650 1503 Hellenismus

589 1510 608 1536 4
625 1510 785 1537 Judaisnms
1433 1508 1450 1535 4
1468 1507 1626 1537 Judaismus

591 1545 608 1572 5
627 1545 834 1572 Sanum-itismus
1375 1552 1384 1572 ι
1430 1543 1448 1570 5
1467 1543 1552 1571 Stoici

591 1581 608 1626 (ἑ
625 1580 788 1626 Ei‘!“‘$.°iei
1063 1596 1222 1626 Ilcllcnismi
1375 1579 1386 1626 2

222 1634 381 1666 “enenmni
534 1608 547 1684 ἓ
592 1616 608 1642 7
628 1608 762 1643 Ρῖθῑοιῖἰεί
1063 1608 1222 1628 ¹¹⁰¹¹⁶¹¹¹⁵¹¹¹¹
1373 1608 1386 1680 ἒ
1434 1613 1450 1640 7
1469 1613 1632 1655 Pythagorei

592 1651 609 1678 8
629 1651 715 1678 Stoici
1434 1649 1451 1676 8
1470 1648 1597 1684 Epicurei

591 1686 608 1713 9
627 1685 763 1722 Epicurei‘
1419 1684 1449 1722 _9
1470 1683 1622 1722 _S_smarita:.

577 1721 609 1748 10
627 1719 759 1749 Gorlheni
1416 1719 1449 1745 10
1468 1719 1564 1747 Esseni

577 1756 606 1781 11
628 1756 735 1781 Sehuaei
1416 1754 1445 1779 H
1468 1753 1564 1781 Selium

245 1770 403 1785 .......-:.:.....:
537 1753 548 1785 ἱ
576 1756 606 1783 11
628 1756 736 1784 Sehuzei
1416 1754 1445 1779 11
1468 1753 1576 1782 Sebumi

222 1769 405 1799 Samaritismi
538 1769 548 1819 ς
1470 1769 1603 1818 Eiiiife'ni

577 1827 612 1854 15
632 1826 754 1854 Dosithei

1417 1824 1451 1850 15
1470 1823 1589 1853 Dosilhci

577 1862 611 1890 M
628 1861 730 1889 Scribaa
1381 1871 1391 1890 I
1420 1859 1453 1886 M
1474 1859 1619 1888 Sadducaai

579 1897 612 1924 15
630 1896 767 1924 Pharisin
1378 1894 1389 1924 ι
1419 1895 1452 1920 15
1473 1894 1577 1923 Scriba:

578 1932 611 1959 16
631 1931 774 1959 δθάόυειεί

1381 1930 1392 1959 1
1420 1930 1452 1956 16
1473 1930 1601 1958 Pharisaei

223 1971 360 2001 Judaismi
537 1965 550 2002 (
577 1967 612 1994 17
631 1966 874 2002 Hemerobaptista!
1065 1965 1199 1994 Judaismi
1380 1965 1391 2002 <
1420 1965 1452 2002 ﬁ
1470 1965 1714 2002 iiemerobaptistu:

578 2003 612 2030 18
629 2002 714 2030 0883³1
785 1999 792 2002 “

1384 1999 1393 2030 l
1421 2000 1454 2026 18
1470 1999 1590 2028 Νειῑεπίεὶ

578 2038 611 2065 19
631 2037 752 2064 Nazarzci

1380 2035 1391 2065 1
1421 2035 1454 2061 19
1474 2035 1571 2063 Osseni

577 2073 612 2100 20
631 2071 782 2101 Herodiani
1381 2070 1391 2097 \
1419 2070 1455 2097 20
1474 2070 1622 2099 Herodiani

189 2151 221 2179 In
236 2152 376 2186 posteriori
393 2152 460 2179 serie
478 2151 562 2179 Stoici
578 2155 640 2178 ante
654 2155 765 2178 αιτιοι-αδ
780 2148 995 2184 philosophorum
1017 2153 1103 2175 sectas
1120 2147 1302 2180 collocantur;
1318 2148 1397 2175 aliter
1417 2153 1495 2184 atque
1518 2149 1545 2176 in
1566 2150 1651 2183 priori
1674 2150 1782 2185 fecerat,

150 2207 210 2234 qua:
230 2198 305 2233 longe
326 2207 357 2225 ac
373 2199 401 2225 in
420 2203 496 2234 parte
519 2197 685 2225 tolerabilior
710 2201 760 2224 est.
781 2196 851 2223 Ilinc
866 2201 913 2227 est,

1018 2194 1168 2222 Stoicorum
1192 2199 1263 2221 secta
1287 2195 1369 2228 τρίτη
1386 2195 1446 2222 ἀπὸ
1469 2195 1670 2230 Ἑλληνισμοῦ
1691 2197 1726 2223 sit
1742 2197 1781 2224 in-

151 2244 262 2279 scripta.
281 2243 353 2270 Nam
371 2244 477 2270 tertium
493 2242 525 2270 ab
539 2242 703 2270 llellenismo
717 2242 804 2269 locum
816 2241 892 2268 habet
907 2241 935 2267 in
950 2240 1028 2272 serie,
1044 2244 1073 2266 ut
1089 2239 1223 2266 Platonici
1236 2245 1371 2274 quartum,
1388 2245 1465 2275 atque
1480 2241 1518 2267 ita
1531 2242 1670 2277 deinceps;
1686 2251 1737 2270 non
1753 2247 1782 2270 ut

151 2293 180 2320 in
191 2291 364 2320 inscriptione
378 2291 476 2321 Latina
493 2296 551 2324 est,-
567 2291 649 2319 tertia
660 2289 822 2319 Hellenismi
835 2292 912 2318 secta
927 2297 1000 2326 :_pro
1017 2296 1068 2315 auo
1084 2287 1169 2315 scribe
1183 2295 1192 2314 :
1207 2287 1300 2316 Tertia
1314 2289 1349 2316 ab
1361 2288 1528 2317 llellcnismo
1547 2295 1633 2318 secta.
