1934 3029
125 122 189 151 151

504 121 677 150 ΕΡΙΡΠΑΝΙΙ
698 123 922 152 RESCRlPTUM

982 124 991 150 )
1011 124 1164 153 ACACIU“
1174 125 1228 156 ,ET
1247 124 1400 153 PAULUM.

1715 126 1767 154 158

123 191 186 218 ’της
197 182 269 215 ὀδοῦ,
287 182 334 209 καὶ
350 182 550 217 νεοκατηχήτου
566 182 652 214 δντος,
670 183 861 218 ἐπετρέψαμεν
873 184 922 218 τὴν

982 184 1053 212 ‘amm
1066 185 1253 220 magnitudine
1277 184 1453 216 stimulatus,
1472 183 1505 211 ad
1530 187 1557 212 te
1582 183 1690 220 pietatis
1713 188 1768 212 tua:

125 229 270 264 τοσαύτην
295 228 374 264 ἡμῶν
401 228 503 263 τόλμαν
526 227 580 254 τῶν
600 229 769 263 ἁμαρτωλῶν
790 229 859 265 πρὺς
879 230 925 256 τὸν

129 275 264 311 μαθητήν
287 283 318 301 σε
342 274 389 301 τοῦ
407 275 541 310 Σωτῆρος.
558 275 590 301 Ὃ
611 274 639 300 δὲ
655 274 784 309 ἀξιοῦμεν
803 275 856 301 τῶν
878 276 927 311 ρη-

129 321 236 348 θέντων
251 329 291 347 σοι
306 320 373 356 πρός
389 329 465 351 τινας
478 320 617 354 ἀδελφοὺς,
635 320 675 351 εἰς
696 319 819 346 παιδείαν
839 320 926 355 δωρή-

129 366 234 393 σασθαι
250 366 318 402 ὅπερ
333 366 374 393 σοὶ
385 366 433 401 μὲν
446 366 484 401 τῷ
498 366 594 401 δικαίῳ
614 366 733 401 ἀϐαρὲς,
745 367 810 401 ἡμῖν
827 366 854 392 δὲ
873 367 929 398 τοῖς

128 413 309 448 ἁμαρτωλοῖς
335 412 532 448 μεταλαϐοῦσιν
555 412 740 448 εὐφρανθῆναι
765 413 794 438 ἐν
821 412 925 449 Κυρίῳ.

136 456 360 492 Ἐμπλησθέντες
370 457 424 492 γάρ
440 465 487 483 σου
505 457 558 483 τῶν
577 457 770 492 πνευματικῶν
786 458 926 493 ῥημάτων,

128 502 370 538 ὲπικουφιζόμεθα
388 502 441 529 τῶν
461 503 581 537 ἀνομιῶν
601 503 690 538 ήμῶν.
711 503 882 537 Ἦκούσαμεν
899 503 928 529 δὲ

128 548 317 584 ἐπικληθέντα
340 549 460 584 ὀνόματα
481 548 533 575 ὑπῦ
555 549 603 583 τῆς
623 549 674 584 σῆς
694 549 851 584 τιμιότητος
867 550 927 580 ταῖς

129 595 284 629 αἱρέσεσιν,
302 591 339 621 ὧν
356 595 474 630 ἑκάστης
493 594 640 630 θρησκείας
662 594 791 630 ἀξιοῦμεν
807 595 856 630 τὴν
879 595 928 630 σὴν

130 639 291 667 οεοσέϐειαν
305 640 453 675 διαρρήδην
464 641 530 674 ἡμῖν
542 640 660 675 δηλῶσαι
673 641 722 675 τὴν
735 639 851 675 αἵρεσιν.
867 639 927 674 ’Ἱση

130 685 190 721 γὰρ
198 686 325 712 ἁπάντων
339 687 354 721 ἡ
367 686 465 721 δωρεά.
477 686 531 712 Καὶ
541 686 570 712 σὲ
579 685 708 721 ἀξιοῦμεν
721 685 802 721 εὐχὴν
814 685 928 721 ποιήσα-

131 731 209 762 σθαι,
227 731 256 756 σὲ
268 730 315 756 τὸν
327 730 431 757 δίκαιον
445 730 485 766 τῷ
503 731 607 766 Κυρίῳ,
623 731 693 768 ὑπὲρ
704 731 812 757 πάντων
827 730 880 757 τῶν
898 739 927 756 σε

129 775 302 807 ποθούντων,
317 775 364 802 καὶ
376 775 559 811 ἐκδεχομένων
584 776 633 811 τὴν
648 776 725 811 παρὰ
745 775 795 802 σοῦ
812 775 925 811 δωρεάν.

138 822 186 848 Ἐν
203 822 316 857 νηστείᾳ
336 822 383 848 καὶ
400 822 465 857 εὐχῇ
485 823 569 856 ἐσμεν
591 821 636 848 τὸν
649 822 738 849 κοινὸν
756 821 834 856 ἡμῶν
852 822 928 848 ἀδελ-

131 868 197 903 φὸν,
213 868 341 903 δεχθέντα
356 868 408 894 ὑπὸ
420 868 470 902 τῆς
491 868 540 903 σῆς
559 868 715 902 τιμιότητος
731 866 867 902 ἀσμένως,
880 867 927 893 καὶ

132 915 249 949 κομίσαι
264 914 313 950 τὴν
326 914 378 940 ὐπὸ
389 913 435 940 σοῦ
447 913 637 949 δεδωρημένην
653 913 767 948 δωρεὴν,
784 913 831 939 καὶ
841 913 927 944 οὕτως

131 961 298 996 ἀναπέμψαι
315 961 364 992 τὰς
379 959 409 992 ἐξ
426 960 503 992 ἔθους
522 959 605 994 εὐχὰς
620 959 720 995 Πατρὶ,
736 959 782 985 καὶ
799 959 864 994 Υἱῷ,
879 959 927 985 καὶ

133 1008 207 1043 ἁγίῳ
234 1007 383 1042 Πνεύματι.
407 1006 511 1038 Πάντες
535 1006 691 1038 ἐλπίζουσιν
711 1006 735 1031 οἱ
761 1005 870 1040 ἀδελφοὶ
891 1006 926 1040 τῇ

133 1054 189 1080 ὑπὸ
206 1054 253 1080 σοῦ
272 1053 338 1089 εὐχῇ
356 1053 426 1088 ὑπὲρ
447 1052 537 1079 αὐτῶν
560 1051 708 1087 γιγνομένῃ
735 1051 923 1086 στηριχθῆναι.

132 1099 353 1134 Παρακαλοῦμεν
369 1099 406 1134 μὴ
425 1099 540 1133 ὀκνῆσαι
561 1097 722 1133 μεταδοῦναι
737 1097 816 1133 χάριν
832 1096 924 1132 θεῖκὴν

133 1145 273 1180 ἐσχηκότα
288 1144 454 1171 ἀποστόλων.
474 1144 577 1175 Πάντες
589 1143 615 1170 οι
630 1143 723 1178 μικροὶ
738 1144 766 1169 ὲν
782 1143 841 1174 ταῖς
859 1142 926 1177 μάν-

133 1190 213 1226 δραις
227 1190 302 1222 ὅντες
321 1189 404 1226 εὐχὴν
421 1189 460 1224 τῷ
478 1189 612 1224 κρείττονι
631 1189 823 1223 ἀναπέμπουσι
844 1196 926 1223 μετα-

134 1237 228 1263 λαὸεἰν
239 1236 292 1263 ἀπὸ
306 1236 357 1272 τῆς
367 1236 417 1272 σῆς
433 1235 588 1267 θεοσεϐείας
606 1234 794 1271 πνευματικὴν
811 1234 925 1270 δωρεάν.

141 1282 314 1318 Ἐῥρωμένος
333 1283 363 1309 ὲν
383 1282 488 1318 Κυρίῳ,
504 1282 552 1308 καὶ
567 1281 685 1317 εὔθυμος
703 1282 732 1308 ἐν
746 1281 857 1317 Χριστῷ
870 1281 927 1308 δια-

135 1328 243 1364 τελοίης
257 1348 265 1362 ,
287 1328 335 1355 καὶ
361 1329 390 1354 ὲν
416 1329 485 1364 ἁγίῳ
509 1327 648 1363 Πνεύματι.
671 1327 717 1354 τὸν
748 1327 859 1354 δοθέντα
886 1336 927 1354 σοι

136 1374 242 1410 θρόνον,
255 1375 302 1402 καὶ
320 1374 372 1410 τὴν
383 1373 476 1410 θεῖκὴν
493 1373 597 1409 δωρεὰν
612 1374 662 1409 (1),
678 1373 758 1410 μέχρι
771 1373 817 1399 τοῦ
839 1372 869 1399 σὲ
883 1373 929 1399 ὲκ-

135 1420 281 1455 δεχομένου
298 1419 440 1454 στεφάνου.

979 230 1114 256 desiderio
1139 230 1310 261 traheretur,
1332 230 1459 264 idemque
1483 229 1648 257 monasterio
1673 234 1769 257 nostro

979 279 1052 302 esset
1072 275 1227 309 ascriptus;
1244 275 1382 301 hominem
1400 275 1487 307 nacti,
1503 275 1550 310 qui
1568 274 1769 309 longinquitate

980 325 1053 348 tanta
1069 321 1174 349 itineris
1189 325 1284 348 nostra
1294 322 1354 349 vice
1370 321 1532 356 fungeretur
1542 342 1549 354 ,
1569 321 1665 347 rudem
1680 321 1768 347 adlmc

978 370 1004 393 et
1021 367 1152 399 tironem;
1171 366 1235 393 huic
1260 366 1311 401 ipsi
1334 371 1525 401 peccatorum;
1551 366 1673 393 omnium
1695 366 1771 393 vide-

979 411 1040 438 licet
1059 415 1199 443 nostrum,
1221 412 1434 447 postulationem
1457 404 1491 439 ad
1515 416 1541 439 te
1559 411 1662 438 Christi
1686 411 1770 438 disci-

979 457 1072 491 pulum
1096 456 1286 492 perferendam
1298 459 1310 489 ;‘
1329 457 1411 491 paulo
1431 464 1491 484 eam
1512 456 1621 492 quidem
1640 456 1771 483 audacio-

978 510 1047 535 rem,
1063 502 1262 529 mandavimus.
1279 502 1422 530 Petitionis
1444 510 1527 537 porro
1549 506 1650 530 nostrae
1665 510 1770 530 summa

979 548 1036 575 hinc
1055 553 1107 581 est,
1123 554 1153 576 ut
1167 557 1227 584 qua:
1247 549 1388 577 nonnullis
1406 549 1539 576 fratribus
1564 548 1675 580 dixisti,
1691 557 1722 576 ea
1737 549 1770 576 ad

979 600 1103 622 nostram
1120 595 1320 622 institutionem
1337 595 1469 630 impertiri
1481 602 1536 622 non
1551 595 1683 630 graveris.
1693 594 1770 626 Quod

979 645 1009 667 ut
1026 641 1072 667 tibi
1085 640 1190 667 homini
1210 640 1288 675 justo
1311 641 1458 668 molestum
1475 648 1529 668 non
1550 641 1620 668 erit:
1639 641 1676 666 ita
1691 639 1772 666 nobis

978 686 1170 722 peccatoribus
1181 705 1188 718 ,
1211 686 1234 714 si
1251 686 1399 721 impetrare
1425 686 1615 721 potuerimus,
1634 685 1771 720 ingentem

978 731 1006 757 in
1030 731 1145 759 Domino
1177 731 1299 759 lmtitiam
1330 739 1361 759 ac
1381 733 1549 767 voluptatem
1574 732 1678 759 afferet.
1702 731 1770 758 Cum

977 777 1050 803 enim
1068 777 1239 811 spiritalibus
1253 778 1307 804 tuis
1319 777 1494 804 sermonibus
1507 777 1650 808 satiantur,
1669 775 1771 810 iniqui-

978 825 1064 848 tatum
1096 828 1251 850 nostrarum
1278 831 1362 850 onere
1386 823 1571 850 sublevaniur.
1596 824 1646 850 Ac.
1661 822 1772 850 nomina

978 869 1089 904 quidem
1103 870 1171 904 ipsa,
1188 877 1248 904 qum
1262 877 1276 896 a
1291 874 1317 897 te
1330 874 1393 897 sunt
1412 870 1562 897 lueresibus
1574 870 1701 905 imposita
1715 870 1770 904 jam

980 915 1144 942 audivimus.
1163 915 1242 943 Nunc
1260 916 1477 952 uniuscujusque
1498 920 1579 944 sectae
1599 916 1695 950 dogma
1712 924 1772 950 per-

979 961 1074 995 spicue
1088 961 1219 988 declarari
1245 969 1259 988 a
1277 966 1320 988 tua
1339 963 1438 996 pietate
1461 962 1598 996 cupimus.
1625 961 1681 988 lloc
1696 961 1769 988 enim

979 1014 1123 1034 commune
1138 1014 1171 1034 ex
1197 1014 1276 1042 aequo
1294 1007 1395 1034 donum
1422 1012 1464 1035 est
1489 1007 1617 1034 omnibus
1636 1006 1770 1034 futurum.

978 1050 1048 1077 Tum
1064 1051 1129 1078 illud
1140 1051 1221 1078 enixe
1236 1059 1374 1086 rogamus,
1392 1056 1422 1079 ut
1435 1059 1484 1086 pro
1503 1053 1653 1083 universis,
1668 1052 1713 1086 qui
1730 1052 1770 1078 tui

977 1096 1114 1124 desiderio
1125 1100 1262 1128 tenentur,
1280 1098 1380 1132 quique
1399 1097 1465 1124 illud
1481 1105 1496 1124 a
1511 1101 1537 1124 te
1552 1105 1652 1124 munus
1675 1105 1769 1132 exspe-

979 1146 1064 1173 ctant,
1077 1147 1118 1175 tu,
1131 1143 1177 1177 qui
1190 1142 1282 1177 justus
1294 1151 1334 1176 es,
1351 1143 1496 1171 Dominum
1509 1144 1640 1178 preceris.
1659 1143 1771 1170 Interim

979 1196 1030 1216 nos
1045 1188 1072 1215 in
1085 1188 1190 1223 jejunio
1213 1193 1240 1216 et
1255 1189 1380 1217 oratione
1392 1189 1425 1216 ad
1439 1189 1506 1216 illud
1521 1189 1698 1216 obtinendum
1711 1197 1772 1223 per-

980 1234 1121 1268 sistimus,
1141 1239 1170 1262 ut
1188 1234 1273 1262 frater
1289 1236 1334 1263 ille
1354 1241 1449 1263 noster
1465 1236 1582 1271 benigne
1602 1243 1616 1262 a
1633 1240 1659 1262 le
1677 1243 1772 1262 susce-

979 1284 1053 1315 ptus,
1065 1284 1205 1316 acceptum
1222 1282 1289 1308 illud
1303 1273 1402 1309 munus
1415 1282 1447 1308 ad
1465 1289 1515 1309 nos
1530 1285 1649 1316 reportet
1665 1290 1672 1308 :
1690 1285 1772 1315 atque

981 1326 1018 1353 ita
1032 1325 1085 1353 Deo
1115 1326 1199 1359 Patri,
1217 1327 1286 1354 Filio
1306 1335 1338 1354 ac
1353 1327 1466 1363 Spiritui
1486 1332 1583 1355 saneto
1599 1328 1694 1355 solitas
1710 1335 1771 1362 prc-

982 1379 1028 1399 ces
1048 1371 1204 1400 offeramus.
1230 1372 1330 1401 Omnes
1357 1374 1444 1400 nostri
1464 1373 1563 1401 fratres
1589 1374 1666 1400 valde
1687 1374 1772 1400 confi-

983 1418 1063 1451 dunt,
1082 1417 1150 1445 fusis
1163 1426 1177 1446 a
1191 1422 1217 1446 te
1230 1427 1279 1454 pro
1295 1421 1361 1454 ipsis
1386 1420 1513 1454 precibus
1527 1428 1586 1447 sese
1609 1427 1773 1454 magnopere

137 1466 328 1493 conﬁrmatum
343 1466 384 1493 iri.
397 1464 514 1493 Oramus
529 1469 566 1497 te,
585 1465 671 1500 utqui
683 1464 802 1492 divinam
814 1464 1001 1499 apostolorum
1030 1466 1145 1499 gratiam
1166 1471 1333 1494 consecutus
1350 1475 1389 1499 es,
1406 1467 1479 1502 quod
1513 1468 1630 1502 petimus
1661 1474 1694 1493 ne
1723 1466 1773 1492 tri-

137 1512 222 1540 bucre
240 1513 388 1540 cuncteris.
403 1511 498 1539 Pusilli
519 1518 625 1542 omnes,
638 1511 684 1546 qui
702 1511 729 1538 in
753 1511 929 1538 monasteriis
946 1511 1058 1546 degunt,
1073 1512 1157 1539 Deum
1174 1517 1334 1547 precantur,
1363 1518 1393 1540 ut
1426 1521 1440 1540 a
1464 1517 1489 1540 te
1515 1513 1637 1548 spiritale
1670 1512 1772 1539 donum

138 1560 206 1587 illud
216 1561 367 1588 obtineant.
389 1559 483 1586 Valere
497 1564 523 1586 te
535 1559 563 1586 in
579 1558 705 1591 Domino,
718 1566 748 1585 ac
760 1559 851 1586 laztum
867 1558 975 1586 assidue
992 1559 1090 1594 degere
1105 1565 1233 1595 optamus
1248 1560 1396 1594 plurimum
1423 1570 1429 1587 :

1467 1564 1493 1588 ct
1513 1561 1692 1588 commissum
1723 1559 1772 1585 tibi

137 1606 279 1637 thronum,
298 1606 325 1632 in
344 1605 447 1641 Spiritu
458 1609 564 1639 sancto,
580 1605 756 1640 divinumque
775 1605 846 1632 tueri
864 1612 977 1637 munus,
1010 1606 1098 1633 donec
1125 1614 1196 1639 eam,
1222 1614 1284 1642 quae
1301 1611 1327 1634 te
1353 1611 1464 1640 manet,
1496 1614 1625 1634 coronam
1642 1607 1670 1633 in
1701 1606 1772 1633 coelo

138 1652 330 1688 consequaris.

501 1724 980 1825 BESCRIPTUM—
1018 1767 1411 1824 EPIPHANII.

145 1861 181 1888 Ἡ
198 1859 412 1895 ἀντιγραφεῆγα
438 1859 516 1893 πρὸς
537 1858 616 1895 τοὺς
634 1859 701 1892 περὶ
716 1858 858 1895 ᾎκίικίον
879 1859 928 1885 καὶ

982 1858 1126 1894 Epiphanii
1150 1858 1265 1893 episcopi
1291 1857 1423 1892 epislola,
1444 1866 1524 1893 quam
1547 1857 1581 1884 ad
1604 1858 1730 1885 Acacium
1749 1865 1772 1885 ιιι

175 1893 297 1923 Παῦλον·
315 1893 537 1930 πρεσϐυτέρους
561 1894 622 1930 find
636 1893 729 1930 αὑτοῦ
754 1894 930 1930 Ἐπιςεᾳνίου

174 1930 250 1964 πρὸς
268 1931 304 1957 τὰ
325 1931 375 1957 ὑπ’
392 1929 491 1956 αὐτῶν
507 1929 588 1961 αὐτῷ
611 1929 762 1964 τραφέντα
785 1929 853 1963 περὶ
877 1929 931 1956 τοῦ

175 1966 250 1992 κατὰ
267 1966 411 2000 ιιΙρέσεων
424 1964 538 1999 ᾳψάψιιι
555 1965 658 1991 αὐτόν.

175 2021 288 2056 Κυρίοις
298 2020 472 2055 τιμιωτάτοις
483 2019 608 2054 ἀδελφοῖς
620 2019 666 2046 καὶ
679 2019 931 2055 συμπρεσὸυτέροις

148 2067 267 2102 ’Ᾱκακίῳ
296 2067 343 2092 καὶ
372 2065 471 2101 Παύλῳ
498 2066 656 2100 Ἐπιφὰνιος
698 2067 727 2092 ὲν
751 2065 847 2101 Κυρίῳ
871 2065 932 2100 χαί-

145 2121 210 2148 ρειν.
232 2113 389 2148 Προοίμιον,
406 2112 454 2138 εἴτ’
472 2110 518 2139 οὖν
537 2112 631 2138 λαλιὰν
648 2112 814 2147 ἐπιγραφὴν,
837 2111 932 2147 ὥσπερ

142 2158 336 2193 διαγράφοντες
351 2158 458 2184 παλαιοὶ
469 2159 636 2192 συγγραφεῖς
655 2158 696 2184 διὰ
709 2157 755 2184 τοῦ
771 2157 932 2192 αἰνίγματος

144 2203 276 2238 ὑπόφασιν
299 2204 434 2230 ἐδείκνυον
464 2203 555 2236 πάσης
584 2202 770 2237 ὑποκειμένης
801 2211 932 2238 πραγμα-

143 2250 226 2281 τείας.
239 2250 319 2276 Ὅθεν
332 2249 379 2276 καὶ
403 2249 490 2282 αὐτοὶ,
507 2248 546 2284 τῷ
571 2247 644 2284 αὺτῷ
663 2248 828 2284 κεχρημένοι
845 2257 933 2283 χαρα-

145 2296 234 2331 κτῆρι,
250 2296 485 2332 προοιμιαζόμεθα
500 2296 574 2331 ὑμῖν,
591 2295 740 2330 ἀγαπητοὶ,
752 2293 787 2320 τὰ
797 2294 848 2329 τῆς
861 2294 933 2320 κατὰ

145 2342 274 2377 αἱρέσεων
287 2343 421 2377 αἰτήσεως
432 2342 446 2367 ὑ
451 2342 520 2377 μῶν,
535 2341 564 2367 ἐν
577 2340 660 2375 ὀλίγῳ
674 2339 722 2375 τὴν
737 2339 851 2375 δύναμιν
868 2340 934 2366 ἀνα-

145 2388 378 2423 κεφαλαιούμενοι.
405 2388 515 2423 Ἐπειδὴ
539 2387 593 2423 γὰρ
616 2387 749 2422 μέλλομεν
767 2387 831 2422 ὑμῖν
846 2386 880 2413 τά
903 2395 932 2412 τε

145 2435 261 2470 ὀνόματα
283 2434 336 2461 τῶν
350 2435 483 2470 αἱρέσεων
509 2434 619 2470 δηλοῦν,
633 2433 683 2465 τάς
706 2442 736 2459 τε
762 2433 933 2468 παράὺτοῖς

145 2479 288 2515 ἀθεμίτους
318 2479 432 2515 πράξεις
457 2478 674 2509 ἀνακαλύπτειν,
697 2477 791 2513 ὥσπερ
812 2478 867 2509 ἰοὺς
887 2477 932 2504 καὶ

1019 1905 1135 1931 Paulum
1153 1903 1318 1939 presbyteros
1338 1902 1376 1929 mf
1398 1912 1429 1930 ea
1446 1904 1599 1938 rescripsit,
1611 1912 1670 1939 qua:
1683 1905 1724 1931 illi
1742 1904 1773 1932 de

1018 1951 1198 1977 lucubratione
1213 1951 1261 1976 illa
1280 1955 1372 1976 contra
1386 1950 1496 1976 Itrt'reses
1513 1950 1735 1984 signiﬁcaveraut.

1017 2019 1142 2047 Dominis
1160 2019 1367 2046 venerabilibus.
1388 2027 1420 2047 ac
1435 2019 1582 2051 fratribus,
1605 2023 1632 2047 et
1646 2020 1769 2055 collegis,

982 2065 1081 2092 Acacio
1109 2068 1136 2092 et
1161 2064 1255 2095 Paulo.
1272 2064 1441 2099 Epiphanius
1466 2067 1492 2092 in
1517 2066 1627 2093 Christo
1644 2066 1770 2094 salutem.

985 2111 1218 2144 Quemadmodum
1235 2112 1339 2147 antiqui
1359 2112 1507 2147 scriptorcs
1527 2117 1726 2140 consueverant
1745 2114 1772 2140 in

983 2157 1188 2192 przrfationihus
1204 2165 1236 2184 ac
1257 2158 1426 2192 proloquiis,
1442 2162 1469 2185 et
1490 2158 1718 2193 inscriptionibus
1731 2163 1772 2186 to-

983 2203 1038 2230 tius
1048 2204 1139 2238 operis
1153 2204 1286 2239 propositi
1299 2205 1416 2239 speciem
1433 2204 1642 2232 adumbratione
1654 2206 1772 2240 quadam

984 2250 1157 2277 informatam
1169 2250 1327 2283 ostendere;
1343 2250 1380 2277 ita
1390 2256 1416 2278 et
1425 2259 1474 2279 nos
1483 2251 1576 2278 eodem
1586 2253 1719 2280 orationis
1730 2253 1771 2279 usi

983 2304 1081 2331 genere
1092 2296 1252 2330 prommium
1269 2297 1320 2324 hoc
1333 2297 1512 2327 instituimus.
1528 2298 1635 2329 dilecti,
1652 2303 1682 2325 ut
1692 2318 1699 2329 ,
1712 2306 1772 2333 qua:

983 2343 1131 2377 postulatio
1146 2347 1236 2370 vestra
1251 2343 1312 2375 fuit,
1329 2351 1423 2370 eorum
1437 2352 1497 2378 qua:
1509 2344 1642 2372 adversus
1655 2345 1772 2372 haereses

984 2389 1151 2424 disputanda
1179 2393 1260 2420 sunt,
1290 2397 1396 2416 summa
1425 2391 1521 2425 paucis
1545 2392 1771 2426 complectamur.

984 2437 1119 2471 Quoniam
1137 2438 1209 2465 enim
1229 2437 1369 2465 hacrcseon
1395 2438 1517 2464 omnium
1542 2439 1653 2465 nomina
1681 2439 1771 2466 decla-

984 2484 1068 2511 randa
1081 2484 1157 2511 vobis
1172 2485 1260 2511 hocin
1279 2484 1350 2511 libro
1360 2485 1546 2519 suscepimus,
1562 2493 1612 2513 nec
1624 2493 1678 2513 non
1692 2494 1771 2513 exse-

145 2526 291 2561 δηλητήρια
315 2526 390 2558 ὄντα,
409 2527 457 2552 σὺν
476 2527 568 2557 αὐτοῖς
589 2526 617 2551 δὲ
635 2525 693 2559 ἆμα
713 2525 760 2550 καὶ
780 2523 928 2555 ἀντιδὸτους

983 2529 1095 2561 cranda,
1118 2537 1150 2556 ac
1174 2530 1278 2556 nefaria
1298 2530 1404 2557 illarum
1434 2530 1550 2565 ﬂagitia,
1578 2532 1618 2558 sic
1640 2536 1770 2567 tanquam

146 2571 379 2606 ὲιραρμοσάμενοι,
402 2571 566 2606 ἀλεξητήρια
593 2570 648 2597 τῶν
667 2569 857 2604 δεδηγμένων,
883 2569 930 2595 καὶ

146 2616 389 2653 προκαταληπτικὰ
402 2616 455 2642 τῶν
471 2616 620 2651 μελλόντων
638 2617 677 2647 εἰς
691 2615 769 2642 τοῦτο
782 2615 929 2650 ἐμπίπτειν

146 2664 198 2694 τοῖς
218 2663 374 2697 φιλοκάλοις
393 2662 596 2697 διαγράφομεν·
615 2662 681 2689 αὐτὸ
703 2661 783 2688 τοῦτο
806 2661 837 2688 τὸ
851 2661 930 2697 [προ-

147 2708 241 2744 οίμιον]
266 2709 418 2744 Πανάριον,
443 2708 492 2734 εἴτ’
514 2705 560 2734 οὖν
579 2707 705 2734 κιϐώτιον
728 2707 859 2741 ἰατρικὸν,
884 2707 929 2734 καὶ

148 2754 349 2790 θηριοδηκτικδν
371 2753 578 2790 ἑρμηνεύοντες,
603 2754 670 2788 ὅπερ
681 2753 739 2779 ἐστὶ
755 2753 798 2780 διὰ
820 2753 930 2788 βιϐλίων

148 2800 226 2836 τριῶν
239 2801 359 2836 αἱρέσεις
375 2801 550 2836 ὀγδοήκοντα,
565 2800 664 2832 αἵτινές
680 2801 733 2826 εἰσι
753 2799 866 2835 θηρίων,
881 2800 931 2826 εἴτ’

182 2859 219 2892 (1)
235 2858 314 2888 Deest
324 2860 435 2888 verbum
453 2860 524 2895 quod
541 2859 636 2887 Latino
653 2860 719 2886 tueri
736 2859 910 2894 respondeat.

983 2573 1195 2609 praesentissima
1206 2574 1328 2608 quacdam
1341 2582 1457 2604 venena,
1467 2575 1620 2609 patefacere
1634 2577 1769 2608 volumus,

983 2623 1064 2653 atque
1089 2619 1131 2646 his
1146 2619 1218 2646 velut
1237 2619 1358 2646 antidota
1370 2620 1493 2655 quietiam
1512 2627 1694 2656 opponentes.
1710 2629 1770 2656 qum

982 2663 1023 2690 vel
1042 2663 1087 2694 iis,
1107 2663 1154 2698 qui
1172 2671 1263 2690 morsu
1276 2664 1352 2699 petiti
1368 2669 1432 2692 sunt
1447 2666 1567 2693 remedio
1578 2673 1639 2693 esse
1654 2666 1769 2700 possint,

982 2709 1025 2737 vel
1044 2717 1101 2740 eos.
1116 2709 1217 2743 quibus
1235 2717 1268 2737 ne
1282 2710 1402 2737 incidant
1416 2711 1566 2746 periculum
1584 2715 1635 2744 est,
1654 2719 1769 2746 pneum-

986 2755 1062 2782 niant
1084 2763 1116 2782 ac
1139 2759 1313 2788 conservent,
1332 2757 1505 2784 honestarum
1529 2765 1620 2785 rerum
1638 2757 1769 2785 studiosis

987 2799 1159 2828 conscribere
1176 2809 1182 2828 :
1198 2799 1355 2834 Panarium,
1369 2801 1425 2829 sive
1441 2801 1562 2829 arculam
1578 2800 1721 2832 medicam,
1734 2801 1769 2828 ad
