1934 3029
177 113 230 141 159

552 113 724 142 ΕΡΙΙῚΙΔΝΙΙ
744 113 957 141 ΠΕὸϋΒΙΡΤυἉ

1015 112 1035 139 Ι.)
1056 111 1209 139 ACACIUM
1230 111 1272 138 ET
1293 110 1448 139 PAULUSI.

1752 112 1814 138 160

174 179 282 204 eorum,
298 172 344 207 qui
362 179 378 200 a
391 174 565 208 serpentibus
583 174 628 200 icti
645 177 718 206 sunt,
738 173 888 201 remedium
902 173 957 207 jurt

1013 170 1060 199 οὖν
1077 171 1199 206 ἑρπετῶν
1213 170 1360 204 αἰνίγματα
1373 169 1422 203 (ί).
1442 168 1498 195 Μία
1514 168 1542 194 δὲ
1556 168 1624 203 μετὰ
1640 168 1691 199 τὰς
1709 168 1815 204 ὀγδοή-

174 224 243 251 opus
259 217 336 249 illud,
351 225 383 245 ac
406 219 505 246 librum
528 219 786 254 interpretabimur;
804 219 851 253 qui
867 219 894 244 in
908 222 964 245 tres

174 265 265 295 partes
276 262 393 295 divisus,
405 263 523 290 hmreses
537 264 675 298 octoginta
688 263 889 298 complectitur,
903 270 963 297 qua:

173 312 330 342 serpentum
360 316 393 336 ac
419 309 558 343 reptiliuln
579 310 684 337 similes
705 313 780 336 sunt.
806 308 963 336 Secundum

173 361 240 387 quas
256 354 377 382 veritatis
400 354 614 387 firummentum,
630 360 657 382 et
673 356 801 383 salutaris
826 355 963 385 doctrina,

173 398 290 433 lideique
310 399 425 426 formula
444 393 568 433 subjecta
595 405 653 432 est,
672 408 704 427 ae
725 400 827 427 Christi
851 408 964 434 sponsa,

172 448 266 470 sancta
279 444 405 472 videlicet
432 445 553 473 Ecclesia
571 446 720 473 declarata.
743 445 808 478 Qum
822 454 884 473 cum
906 446 963 480 jam

172 493 228 515 tum
239 489 274 516 ab
286 491 353 517 orbe
364 491 474 518 condito
486 499 547 519 esse
559 493 684 526 crepet-it.
705 497 799 526 postea
811 496 902 518 tamen
915 499 963 526 per

171 534 271 562 Christi
284 536 388 564 Domini
398 536 614 565 incarnationem
622 542 774 573 temporum
785 538 962 565 successione

171 585 234 608 ante
246 588 474 611 commemoratas
489 592 584 612 omnes
601 585 720 611 ha‘reses
743 585 862 619 vulgata,
880 589 963 619 atque

171 628 317 661 patefacta.
333 629 483 664 eademque
505 637 520 656 a
546 631 626 657 nobis
652 631 678 657 in
700 631 913 657 commentarios
929 639 961 657 cx

170 673 272 701 Christi
286 675 478 709 praedicatione
499 677 584 703 relata
600 686 606 703 :
623 685 655 703 ac
670 685 779 704 rursum
797 683 856 712 post
875 677 962 712 expli-

170 726 258 747 catam
277 730 384 750 omnem
402 723 516 751 istarum
534 724 673 752 hazrescon
697 724 915 759 improbitatem,
930 731 962 750 ex

1019 227 1117 249 κοντα,
1131 218 1148 252 ἡ
1167 217 1217 252 τῆς
1241 216 1369 251 ἀληθείας
1393 215 1470 250 βάσις
1487 215 1545 250 ἅμα
1565 215 1612 241 καὶ
1634 215 1814 248 διδασκαλία,

1017 263 1063 289 καὶ
1078 262 1210 296 σωτήριος
1225 259 1413 295 πραγματεία,
1428 260 1476 286 καὶ
1493 258 1612 294 Χριστοῦ
1633 258 1724 294 νύμφη
1739 259 1815 292 ἁγία

1022 308 1181 343 Ἐκκλησία,
1200 306 1267 334 οὖσα
1284 306 1333 342 μὲν
1349 307 1395 332 ἀπ’
1414 305 1521 337 αἰῶνος,
1537 305 1581 331 διὰ
1597 305 1625 332 δὲ
1639 305 1687 340 τῆς
1703 305 1811 340 ἐνσάρ-

1016 364 1063 382 κου
1078 353 1195 389 Χριστοῦ
1213 353 1364 388 παρουσίας
1379 351 1449 379 κατὰ
1463 351 1511 386 τὴν
1531 351 1656 386 διαδοχὴν
1675 350 1722 377 τοῦ
1738 351 1812 386 χρό-

1015 410 1061 427 νου
1078 400 1160 435 μέσον
1184 399 1237 425 τῶν
1260 399 1465 434 προειρημένων
1487 397 1727 432 ἁποκαλυφῦεῖσα,
1756 397 1813 423 καὶ

1016 447 1060 481 ὑφ’
1083 446 1161 481 ἡμῶν
1183 447 1211 472 ὲν
1229 445 1380 480 ὑπομνήσει
1404 444 1448 471 διὰ
1472 444 1518 470 τοῦ
1539 444 1716 478 κηρύγματος
1738 444 1814 478 Χρι-

1017 490 1080 517 στοῦ
1107 490 1256 525 ταχθεῖσα,
1279 490 1326 516 καὶ
1352 489 1432 516 πάλιν
1459 489 1528 524 μετὰ
1555 488 1644 520 πάσας
1674 488 1723 520 τὰς
1749 488 1814 514 τῶν

1015 538 1148 573 αἱρέσεων
1170 537 1272 563 τούτων
1296 535 1447 571 μοχθηρίας
1467 536 1507 566 εἰς
1530 535 1670 570 ἀναψυχὴν
1685 535 1738 560 τῶν
1760 535 1813 560 τὸν

1015 584 1138 619 κάματον
1159 583 1212 608 τῶν
1242 583 1375 616 αἱρέσεων
1402 581 1447 608 διὰ
1468 582 1517 616 τῆς
1537 580 1714 614 ἀναγνώσεως
1736 580 1813 606 διελ-

1016 630 1134 660 θόντων,
1159 630 1203 662 ὑφ’
1223 627 1302 663 ἡμῶν
1326 628 1385 662 μετ’
1404 627 1538 661 ἐπιτομῆς
1562 626 1609 653 τοῦ
1624 626 1718 660 λόγου,
1736 625 1813 652 κατὰ

1015 675 1064 711 τὴν
1090 675 1144 701 τῶν
1167 674 1326 701 ἀποστόλων
1345 673 1535 706 διδασκαλίαν,
1553 672 1648 707 σαφῶς
1665 671 1811 706 ἀπαγγελ-

1015 722 1102 748 θεῖσα.

170 768 512 804 apostolorumdisciplina
527 774 657 798 accurate
670 778 702 797 ac
730 770 873 805 perspicue
885 770 958 797 brevi
977 769 1096 804 quodam
1111 772 1154 795 est
1182 767 1346 802 compendio
1369 766 1509 801 subjecta;
1532 766 1570 793 uti
1583 773 1616 793 ea
1638 773 1669 792 re
1696 765 1811 792 illorum

171 820 329 843 recreentur
344 825 376 844 ac
391 818 549 845 reﬁciantur
558 819 653 849 animi.
667 819 714 854 qui
730 819 802 845 hunc
816 819 956 845 luerescon
978 816 1222 851 percurrendarum
1237 815 1357 842 laborem
1375 814 1556 848 susceperint.

206 862 226 889 Ι.
244 862 330 892 Porro
345 873 394 892 vos
409 872 515 897 omnes,
539 866 716 893 honestarum
736 874 826 894 rerum
842 866 957 894 studiosi

1046 865 1085 891 A'.
1104 863 1302 899 Παρακλήοητε
1323 863 1362 895 δὲ,
1382 862 1483 893 πάντες
1500 862 1524 888 οἱ
1541 859 1694 895 φιλοκάλως
1708 861 1809 893 ἐντυγ-

170 907 298 939 lectores,
314 913 423 944 rogatos
438 910 575 944 volumus,
595 915 657 937 utet
667 911 800 945 prooemia
814 921 818 930 ι
845 912 935 945 ipsum
948 931 955 942 ,

169 957 197 978 et
209 953 568 988 insequentium.baareseon
586 956 796 991 expositionem,
813 963 846 983 ac
859 956 959 983 verita-

169 1000 205 1026 tis
221 1001 429 1034 prolessionem,
446 1006 472 1029 et
487 1001 652 1033 doctrinam,
678 1010 710 1029 ac
735 1006 837 1029 sancta:
865 1006 892 1030 et
914 1009 960 1029 ca-

169 1046 279 1073 tholicas
294 1047 421 1074 Ecclesia'
436 1048 515 1075 [idem
533 1055 547 1074 a
567 1049 646 1075 nobis
672 1056 831 1082 expressam
845 1056 959 1083 percur-

169 1097 273 1124 rentes,
291 1093 449 1121 condonare
468 1094 567 1127 velitis,
585 1099 679 1129 utpote
696 1094 866 1125 homiuilms,
885 1099 911 1121 et
923 1095 959 1121 ita

169 1139 343 1173 potissimum
361 1140 478 1172 alicCIis,
498 1146 526 1167 ut
541 1148 602 1167 cum
621 1141 724 1172 labore,
743 1149 775 1167 ac
791 1141 884 1168 divino
901 1141 959 1168 zelo

167 1183 279 1218 pietatis
292 1189 384 1219 partes
397 1193 569 1221 propugnare
580 1194 713 1213 conemur
733 1195 739 1212 :
755 1187 822 1213 illud
839 1194 958 1222 unquam

168 1229 329 1264 ignoscatis.
348 1231 370 1258 si
387 1231 452 1266 quid
480 1232 560 1266 paulo
575 1233 693 1267 amplius
722 1240 753 1259 ac
783 1233 959 1267 praestantius

169 1275 202 1301 ad
216 1276 384 1304 sanctissimi
401 1281 428 1304 et
441 1278 515 1304 omni
544 1279 719 1305 veneratione
734 1278 891 1314 dignissimi
908 1287 958 1313 pa-

168 1322 314 1349 trocinium
339 1324 460 1352 nominis
485 1332 620 1360 usurpare
644 1325 745 1352 divinis
764 1325 825 1352 freti
854 1325 959 1353 viribus

168 1369 227 1395 ausi
246 1369 393 1402 fuerimus,
417 1371 535 1406 idipsum
555 1371 724 1399 concedente
741 1372 813 1403 Deo.
830 1372 956 1407 quando-

167 1414 277 1448 quidem
289 1423 331 1445 ea.
341 1424 401 1451 qum
415 1416 569 1445 facultatem
583 1423 705 1445 nostram
720 1423 861 1453 superant,
872 1419 959 1454 inqui-

168 1461 266 1488 rimus.
295 1461 362 1488 Nam
384 1467 412 1490 et
438 1471 488 1498 pro
513 1465 626 1492 veritate
651 1465 740 1492 oratio
759 1465 828 1497 ista,
854 1470 882 1492 et
907 1471 959 1500 pro

167 1506 269 1540 pietate
283 1507 439 1535 lucubratio
463 1510 626 1545 suscipitur.
643 1511 684 1537 Ad
713 1511 769 1538 haec
781 1510 959 1538 vehementer

167 1560 182 1578 a
195 1553 273 1580 vobis
289 1555 410 1588 postulo,
435 1559 464 1582 ut
479 1555 502 1582 si
516 1556 582 1590 quid
609 1556 680 1584 forte
695 1557 840 1592 reperiatis
859 1558 958 1592 (quau-

1011 911 1139 947 χάνοντες
1154 910 1194 945 τῷ
1211 918 1241 936 τε
1257 909 1394 944 προοιμίῳ
1415 909 1463 934 καὶ
1485 909 1543 939 ταῖς
1565 907 1713 942 μετέπειτα
1727 906 1808 941 αἱρέ-

1012 966 1081 988 σεσι,
1101 956 1148 983 καὶ
1162 957 1195 991 τῇ
1218 955 1282 991 περὶ
1298 954 1428 990 ἀληθείας
1455 953 1588 988 ἀπολογίᾳ
1603 961 1633 979 τε
1649 954 1696 979 καὶ
1712 951 1809 978 διδασ-

1010 1003 1092 1037 καλία
1106 1002 1156 1037 τῆς
1169 1001 1308 1036 ἀληθείας,
1325 1000 1372 1026 καὶ
1387 1000 1478 1025 πίστει
1494 999 1544 1034 τῆς
1562 998 1642 1032 ἁγίας
1658 997 1809 1033 καθολικῆς

1016 1048 1190 1083 Ἐκκλησίας,
1219 1047 1373 1081 συγγνῶναι
1400 1046 1465 1080 ἡμῖν
1489 1045 1645 1080 ἀνθρώποις
1662 1042 1739 1075 οὖσι,
1757 1044 1809 1070 καὶ

1011 1095 1080 1129 μετὰ
1105 1093 1187 1120 πόνου
1204 1093 1252 1118 καὶ
1268 1092 1348 1126 ζήλου
1371 1090 1462 1117 θεῖκοῦ
1481 1089 1718 1125 φιλοτιμουμένοις
1734 1089 1808 1125 ὑπὲρ

1010 1139 1165 1170 θεοσεϐείας
1183 1137 1385 1171 ἀπολογεῖσθαι,
1403 1137 1454 1172 [εἰς
1470 1136 1496 1172 ὃ]
1510 1137 1575 1163 εἴτι
1592 1136 1745 1171 ὑπέρογκον
1765 1136 1808 1167 είς

1008 1185 1075 1212 αὐτὸ
1092 1186 1122 1211 τὸ
1139 1185 1270 1218 πανάγιον
1300 1184 1347 1210 καὶ
1374 1183 1577 1218 πανσεῧὰσμιον
1593 1182 1677 1218 ὄνομα
1693 1182 1806 1217 ϐελήσοσ-

1011 1239 1061 1266 μεν
1091 1230 1162 1257 κατὰ
1191 1230 1240 1265 τὴν
1266 1229 1305 1264 (2)
1331 1229 1414 1263 ἁγίαν
1442 1228 1557 1264 δύναμιν
1588 1227 1807 1264 ὑπεραπολογεῖ-

1010 1277 1083 1308 σοαι,
1102 1277 1151 1303 τοῦ
1167 1276 1235 1303 Θεοῦ
1254 1276 1459 1311 συγχωροῦντος
1473 1275 1507 1302 τὰ
1524 1275 1594 1311 ὑπὲρ
1603 1275 1718 1308 δύναμιν
1737 1275 1807 1309 ἡμῖν

1009 1323 1179 1358 ἐκζητοῦσιν,
1196 1322 1292 1357 ἐπειδὴ
1317 1322 1351 1348 δι’
1367 1322 1496 1357 ἀλήθειαν
1524 1322 1590 1357 ἡμῖν
1613 1322 1627 1348 ὁ
1647 1321 1735 1355 λόγος,
1758 1320 1806 1347 καὶ

1008 1369 1041 1396 δι’
1059 1370 1198 1396 εὐσέϐειαν
1214 1370 1231 1404 ὴ
1249 1368 1434 1404 πραγματεία.
1460 1369 1516 1395 Καὶ
1531 1368 1571 1394 ἔτι
1597 1366 1805 1403 παρακλήοητε,

1009 1417 1053 1448 i'v‘,
1067 1416 1093 1442 εἴ
1107 1425 1158 1442 που
1176 1415 1291 1451 εὕροιτε,
1306 1415 1408 1448 (καίτοι
1422 1424 1454 1449 γε
1474 1415 1510 1449 μὴ
1531 1415 1561 1440 ἐν
1575 1414 1629 1440 ἕϐει
1647 1414 1725 1444 ὂντας
1745 1414 1806 1438 ἐπι-

1009 1463 1141 1498 σκήπτειν
1151 1462 1237 1493 τινὰς,
1250 1461 1266 1496 ἦ
1280 1461 1545 1496 ὲπισχωμματίζειν)
1559 1472 1564 1477 -
1580 1461 1624 1487 διὰ
1640 1461 1669 1487 δὲ
1679 1461 1726 1487 τὸν
1737 1460 1806 1495 πρὸς

1007 1507 1056 1539 τὰς
1072 1508 1192 1543 αἱρέσεις
1218 1507 1308 1542 ζῆλον,
1326 1508 1373 1534 καὶ
1393 1507 1433 1538 εἰς
1452 1506 1611 1542 ἀποτροπὴν
1630 1506 1685 1532 τῶν
1708 1507 1804 1539 ἐντυγ-

1007 1555 1153 1589 χανόντων,
1179 1553 1257 1580 εἵπου
1282 1553 1498 1588 παροξυνόμενοι
1523 1552 1645 1587 λέξομεν,
1661 1552 1678 1587 ἢ
1702 1552 1805 1578 ἀπατε-

166 1605 248 1631 quam
278 1606 334 1625 non
364 1600 429 1627 illud
460 1600 528 1628 adeo
544 1602 630 1630 moris
649 1605 692 1629 est
708 1602 799 1634 nobis,
827 1603 956 1629 vellicare

1010 1599 1080 1632 ῶνάς
1103 1608 1180 1631 τινας
1201 1599 1360 1631 καλοῦντες,
1373 1599 1389 1634 ἣ
1404 1598 1537 1633 ἀγύρτας,
1553 1599 1569 1633 ἢ
1584 1598 1692 1629 ἀθλίους
1705 1606 1712 1612 ·
1733 1598 1802 1633 αὑτὴ

167 1644 334 1678 quempiam,
352 1649 399 1672 aut
415 1645 441 1672 in
464 1654 526 1674 eum
543 1648 616 1675 dicta
626 1647 740 1682 jacere),
755 1657 849 1675 verum
866 1649 888 1676 si
907 1656 956 1684 pro

168 1688 362 1717 ardentissimo
375 1695 470 1719 nostro
487 1691 621 1720 adversus
634 1693 753 1720 haereses
768 1693 870 1723 studio.
885 1698 912 1720 et
927 1697 957 1721 ut

167 1733 284 1762 lectores
310 1735 346 1762 ab
369 1736 404 1763 iis
427 1736 631 1770 deterreamus,
655 1739 822 1767 concitatius
853 1739 956 1775 aliquid

169 1779 322 1809 dixerimus
339 1790 345 1808 :
364 1786 460 1818 utputa
476 1785 498 1811 si
514 1784 693 1819 impostorea.
710 1785 890 1812 circulatores
908 1794 957 1820 ap-

169 1826 315 1861 pellemus,
332 1828 358 1855 id
374 1830 465 1857 velitis
489 1830 642 1865 ignoscere.
672 1831 738 1858 Nam
754 1836 780 1859 et
795 1832 853 1866 ipsa
868 1836 958 1859 certa-

166 1872 249 1900 minis
273 1881 304 1899 ae
327 1873 522 1909 disputationis
548 1876 702 1904 necessitas
729 1876 864 1911 ejusmodi
882 1877 958 1904 labo-

167 1926 223 1945 rem
242 1919 321 1947 nobis
348 1921 495 1956 imposuit,
513 1930 568 1957 quo
591 1923 625 1949 ab
640 1923 695 1950 illis
711 1924 829 1951 lectores
858 1931 954 1951 avoca-

167 1969 276 1998 rentur,
293 1971 376 2002 utque
393 1968 501 1995 illorum
527 1969 694 2001 functiones,
708 1970 838 2005 mysteria
857 1977 888 1996 ac
906 1970 957 1997 do-

166 2014 257 2043 gmata
273 2010 308 2037 ab
322 2012 448 2039 instituto
471 2017 567 2040 nostro
595 2013 683 2040 aliena
697 2021 760 2041 eSse
776 2018 858 2049 atque
873 2014 958 2041 inter-

166 2053 240 2081 dicta
271 2061 410 2084 constaret

165 2100 309 2130 ederenius
331 2111 337 2128 :

166 2155 294 2175 revocare
313 2157 464 2183 possemus.

1007 1647 1060 1682 γὰρ
1073 1647 1090 1682 ὴ
1101 1647 1206 1681 ἀνάγκη
1216 1648 1232 1681 ἡ
1245 1646 1313 1681 πρὸς
1326 1647 1389 1677 τοὺς
1409 1645 1505 1679 λόγους
1521 1645 1568 1672 τοῦ
1592 1645 1697 1679 ἀγῶνος
1716 1652 1802 1680 παρα-

1007 1693 1136 1725 σκευάζει
1151 1694 1216 1729 ήμῖν
1235 1692 1280 1719 τὸν
1300 1692 1419 1719 τοιοῦτον
1443 1691 1552 1728 ἱδρῶτα,
1579 1691 1612 1718 δι’
1642 1691 1803 1726 ἀποτροπὴν

1008 1740 1062 1766 τῶν
1087 1739 1317 1774 ἐντυγχανόντων,
1346 1739 1392 1765 καὶ
1417 1739 1491 1770 ὅπως
1519 1739 1643 1774 δείξομεν
1663 1738 1802 1770 παντελῶς

1007 1786 1233 1821 ἀπηγορευμένας
1254 1786 1301 1812 τοῦ
1321 1786 1455 1821 ἡμετέρου
1473 1786 1645 1821 φρονήματος
1659 1785 1708 1816 τὰς
1723 1785 1795 1811 ὲκεί-

1008 1841 1060 1858 νων
1086 1833 1226 1868 ἐργασίας,
1245 1833 1292 1858 καὶ
1312 1833 1461 1868 μυστήρια,
1490 1832 1537 1859 καὶ
1554 1831 1728 1863 διδασκαλίας
1743 1839 1750 1845 ·
1769 1830 1801 1858 ἵν’

1006 1879 1061 1905 ἀπὸ
1087 1878 1141 1905 τῶν
1168 1879 1266 1912 λόγων,
1291 1879 1338 1905 καὶ
1359 1879 1408 1914 τῆς
1422 1878 1552 1914 ὀξύτητος
1569 1878 1618 1914 τῆς
1637 1877 1799 1911 ἀντιλογίας,

1007 1924 1055 1950 καὶ
1079 1924 1109 1950 τὸ
1130 1925 1262 1960 ἡμέτερον
1278 1924 1432 1960 ἐλευθέριον
1453 1925 1651 1960 ἀποδείξωμεν,
1665 1925 1712 1951 καί
1727 1932 1800 1955 τινας

1007 1969 1062 1996 ἀπὺ
1078 1969 1133 1996 τῶν
1155 1969 1245 1996 αὐτῶν
1267 1969 1436 2006 ὲκκλίνωμεν
1454 1971 1502 1998 καὶ
1520 1970 1563 1997 διὰ
1583 1971 1638 1996 τῶν
1651 1969 1800 1997 δοκούντων

1010 2015 1167 2051 βαρυτέρων
1179 2015 1276 2050 λόγων.

442 2063 551 2094 :atque
580 2065 608 2087 ut
635 2069 667 2088 ex
695 2062 820 2089 oratione
844 2062 913 2097 ipsa.
939 2067 966 2090 et
992 2064 1119 2091 acumine
1143 2063 1335 2098 disputationis
1362 2063 1496 2092 libertatis
1518 2064 1641 2099 ingenua:
1662 2063 1798 2098 specimen

362 2108 418 2130 tum
443 2109 472 2132 ut
495 2106 613 2141 denique
638 2107 735 2142 majori
766 2109 811 2135 illa
835 2109 982 2136 verborum
1010 2112 1156 2144 asperitate
1182 2110 1289 2145 aliquos
1314 2111 1410 2138 saltem
1437 2111 1472 2138 ab
1501 2111 1610 2138 illorum
1640 2110 1799 2145 contagione

201 2193 232 2221 ΙΙ.
251 2194 316 2228 Quae
328 2197 437 2231 quidem
451 2199 543 2225 omnia
555 2198 607 2226 hoc
623 2199 650 2226 in
662 2208 745 2235 opere
753 2201 953 2236 comprehensa

1042 2198 1080 2224 B’.
1092 2197 1146 2223 Καὶ
1157 2197 1229 2223 ἔστιν
1241 2197 1269 2223 ὲν
1279 2199 1313 2233 τῇ
1325 2198 1398 2233 πάσῃ
1408 2198 1584 2234 πραγματείᾳ
1594 2197 1637 2224 διὰ
1644 2198 1697 2225 τῶν
1709 2208 1798 2234 προει-

165 2241 254 2268 tribus
270 2243 346 2270 libris
361 2244 544 2278 explicantur,
563 2246 670 2280 primo,
696 2247 817 2274 secundo
843 2255 875 2274 ac
900 2253 954 2274 lcr-

164 2287 214 2314 tio.
233 2288 315 2316 Iidem
334 2298 417 2324 porro
441 2291 503 2319 libri
521 2297 624 2327 septem
652 2293 678 2320 in
704 2297 793 2321 tomos
815 2295 954 2321 distributi

164 2338 230 2360 sunt
249 2341 255 2359 :
274 2342 392 2369 quorum
420 2336 523 2371 singuli
537 2342 642 2365 certum
667 2339 807 2366 lnereseou
824 2347 857 2366 ac
881 2340 956 2367 schi-

164 2383 283 2408 smatum
300 2389 444 2409 numerum
468 2384 623 2412 continent.
645 2384 712 2418 Quae
734 2386 816 2412 simul
840 2386 955 2413 collecta

164 2433 235 2454 un
257 2427 417 2455 conficiunt.
435 2428 558 2461 Quorum
574 2432 774 2466 appellationes
790 2432 832 2459 ha:
846 2438 911 2460 sunt
923 2441 955 2460 ac

164 2473 289 2508 dogmata
300 2482 306 2500 :
317 2481 338 2506 ι,
355 2474 561 2509 Barbarismus;
580 2485 609 2510 ιι,
625 2477 816 2514 Scythismus;
833 2487 875 2511 Ill,
892 2480 954 2507 llel-

165 2519 315 2552 lcnismus;
334 2519 556 2555 Iv,.|udaismus;
584 2531 612 2556 v,
631 2523 851 2552 Samaritismus.
869 2526 910 2553 Ab
921 2526 955 2553 iis

165 2563 296 2599 deinceps
325 2565 440 2600 reliquae
463 2573 546 2595 secta:
575 2568 775 2603 proﬂuxerunt.
802 2578 866 2597 nam
892 2575 956 2599 ante

164 2609 267 2637 Christi
285 2608 437 2638 Salvatoris
453 2612 600 2640 adventrum
609 2618 671 2648 post
684 2614 833 2642 Barbaram
847 2620 874 2643 et
888 2615 955 2652 Scy-

165 2656 250 2683 thiam
280 2658 501 2692 superstitionem
526 2666 542 2686 e
570 2659 665 2687 Graeca
694 2660 753 2688 ista:
779 2662 953 2696 prodierunt.

164 2710 204 2735 Vl,
231 2702 480 2739 Pythagoreorum,
498 2705 546 2740 qui
569 2709 597 2732 et
627 2705 814 2741 Peripatetici,
842 2712 955 2736 auctore

165 2748 311 2778 divisionis
326 2750 490 2785 Aristotele;
508 2759 557 2785 vn,
570 2751 792 2786 Platonicorum;
804 2762 864 2787 vm,
881 2754 956 2782 Stoi-

203 2827 242 2860 (1)
260 2828 341 2858 Forte
353 2830 492 2865 δήγματα.
514 2831 552 2868 (‘2)
567 2830 632 2859 For.
651 2830 743 2861 Ξδείαν.
763 2831 801 2868 (3)
813 2832 845 2860 C.
859 2833 936 2871 ἕκτη.

1010 2243 1136 2280 ρημένων
1153 2243 1236 2279 τριῶν
1253 2243 1373 2278 βιὸλίων,
1392 2243 1511 2279 πρώτου,
1535 2245 1581 2270 καὶ
1598 2244 1736 2279 δευτέρου,
1752 2246 1798 2272 καὶ

1007 2292 1099 2326 τρίτου
1110 2299 1116 2304 ·
1129 2290 1208 2317 ἆτινα
1224 2290 1287 2325 τρία
1304 2290 1394 2325 βιϐλία
1407 2291 1446 2321 είς
1458 2290 1527 2316 ἑπτὰ
1543 2290 1642 2326 τόμους
1655 2290 1795 2326 διείλομεν.

1014 2337 1058 2362 Ἐν
1074 2336 1102 2362 δὲ
1118 2336 1226 2371 ἑκάστῳ
1251 2335 1327 2372 τὸμῳ
1344 2336 1459 2371 ἀριθμός
1473 2345 1514 2367 τις
1531 2337 1663 2371 αἱρέσεων
1680 2337 1727 2363 καὶ
1742 2345 1796 2372 σχι-

1008 2382 1119 2416 σμάτων
1144 2381 1275 2415 ἔγκειται.
1306 2380 1389 2416 Ὁμοῦ
1411 2381 1439 2406 δὲ
1465 2382 1494 2406 αί
1526 2382 1609 2407 πᾶσαί
1634 2382 1702 2408 εἰσιν
1721 2382 1782 2415 ὀγδο

1007 2428 1126 2462 ήκοντα·
1144 2426 1182 2454 ὧν
1199 2427 1227 2454 αἱ
1249 2427 1392 2462 ὀνομασίαι
1408 2427 1455 2453 καὶ
1476 2428 1503 2454 αἱ
1527 2428 1678 2462 προφάσεις
1699 2426 1793 2455 αὗται·

1007 2474 1106 2510 Πρώτη
1136 2474 1342 2509 Βαρϐαρισμός·
1376 2473 1490 2508 δευτέρα
1522 2474 1692 2509 Σκυθισμός⁸
1719 2475 1793 2510 τρίτη

1013 2520 1205 2556 Ἑλληνισμός”
1223 2520 1343 2555 τετάρτη
1367 2520 1550 2554 Ἰουδαϊσμός·
1571 2521 1684 2555 πέμπτη
1706 2521 1794 2555 Σαμα-

1008 2566 1156 2602 ρειτισμὸς.
1195 2567 1242 2593 Ἐκ
1259 2566 1361 2593 τούτων
1379 2567 1406 2593 αἱ
1437 2566 1573 2602 καθεξῆς·
1601 2566 1654 2602 πρδ
1679 2566 1792 2602 Χριστοῦ

1008 2613 1057 2648 μὲν
1077 2613 1146 2648 μετὰ
1169 2612 1362 2648 Βαρὸαρισμὸν
1388 2613 1435 2639 καὶ
1453 2612 1502 2648 τὴν
1521 2612 1654 2648 Σκυτικὴν
1670 2612 1792 2638 δεισιδαι-

1008 2658 1102 2694 μονίαν
1114 2659 1142 2684 αἱ
1157 2658 1265 2686 ἀπὸτοῦ
1280 2658 1456 2694 Ἑλληνισμοῦ
1466 2654 1684 2692 φύσασαιαῦται.
1694 2658 1791 2693 (3)*Εξ,

1006 2703 1200 2739 Πυθαγόρειοι,
1221 2704 1310 2730 είτουν
1341 2705 1565 2740 Περιπατητικοὶ,
1588 2704 1631 2730 διὰ
1656 2704 1709 2730 τῶν
1734 2705 1792 2738 περὶ

1013 2749 1200 2785 Ἀριστοτέλην
1210 2749 1389 2786 διαιρεθεῖσα·
1402 2749 1502 2785 ἑϐδόμη
1517 2749 1702 2776 Πλατωνικοί·
1717 2749 1791 2784 ὀγδόη
