1934 3029
200 114 252 141 165

574 111 745 139 EPIPHANII
766 110 990 140 RESCRlPTUM
1009 111 1054 138 AD
1073 111 1225 139 ACACIUM
1244 112 1287 139 ET
1305 110 1461 139 PAULUM.

1779 111 1838 139 ιθι

198 192 256 216 LIV,
273 181 518 210 Pneumatomachi
534 181 593 209 sive
617 182 826 215 Macedoniam;
844 185 871 209 et
888 181 984 209 Eleusii

1042 181 1090 206 καὶ
1112 181 1282 208 ’Λκουανῖται
1295 189 1302 196 ·
1317 178 1524 215 τεσσαρακοστὴ
1542 178 1642 215 ἑϐδόμη
1665 179 1811 215 Ἰερακῖται
1824 188 1835 197 ⁸

198 230 324 265 discipuli
336 229 382 265 qui
404 229 431 256 in
444 233 568 256 sanctum
580 228 626 256 Dei
644 229 774 264 Spiritum
794 227 988 256 contumeliosi

197 280 270 307 sunt;
278 283 321 307 ιν,
328 274 436 302 Aen’ani
445 273 484 310 [et
491 273 590 301 Eleusii
599 272 746 309 discipuli];
753 280 808 306 LVI,
816 272 931 305 Aetiani,
941 272 988 307 qui

197 321 368 352 etAnommi,
379 320 480 356 quibus
494 319 652 354 adjungitur
665 318 836 352 Eunomius;
857 326 923 349 Lvn,
942 317 989 344 Di-

196 367 370 402 xumritgqui
381 367 529 401 perfectam
538 365 639 393 Christi
650 365 866 392 lncarnationem
877 364 988 391 minime

197 414 373 444 conﬁtentur.
387 412 432 447 qui
446 416 473 439 et
491 411 695 447 Apollinarista:
715 410 909 442 nominantur;
921 417 987 437 LVIII

196 468 303 492 eorum,
319 459 367 495 qui
396 458 510 485 Mariam
537 465 647 492 semper
666 457 810 493 virginem,
840 461 986 491 postquam

198 505 367 533 Saivatorem
387 505 492 541 genuit,
510 511 573 531 cum
592 503 712 538 Josepbo
740 503 918 530 consuevisse
945 502 984 530 di-

197 557 273 584 cunt,
303 559 374 587 quos
403 550 696 578 Antidicomarianitas
716 549 906 584 appellamus;
925 556 984 583 LIX,

195 606 302 630 eorum,
319 597 367 633 qui
382 597 409 624 iu
436 604 536 624 nomen
554 596 676 631 ejusdem
704 595 796 622 Mariae
822 595 983 631 collyridi-m

194 645 323 678 oll‘erunt,
340 648 368 671 et
379 643 558 679 Collyridiani
573 648 726 676 vocantur;
752 651 797 676 ιχ,
813 642 981 675 Massaliani,

195 690 228 717 ad
244 698 313 724 quos
327 689 514 724 adjungunlur
523 688 694 724 Martyriani,
710 697 726 716 e
740 689 882 724 gentilium
895 693 983 721 secta,

194 741 221 764 et
237 736 416 771 Euphemilaz.
435 743 467 762 ac
480 735 612 762 Salanici.

1039 228 1244 262 τεσσαρακοστὴ
1257 226 1336 262 ὀγδόη
1364 226 1541 262 Μελητιανοὶ,
1559 227 1584 252 οἱ
1607 226 1669 254 κατ’
1681 226 1836 261 Αἰγυπτίου

1040 273 1142 309 σχίσμα
1167 272 1476 308 ὖντες·τεσσαρακοστὴ
1499 272 1598 308 ἐννάτη
1626 273 1775 308 Ἀρειαναὶ,
1806 274 1835 300 al

1040 320 1088 346 xui
1106 320 1133 346 Ἀ
1139 319 1308 354 ρειομανῖται
1317 327 1324 333 ·
1338 318 1511 354 πεντηκοστὴ
1523 318 1660 345 Αὑδιανῶν
1671 318 1701 345 τὸ
1712 319 1816 355 σχίσμα
1825 328 1834 336 υ

1039 366 1209 400 πεντηκοστὴ
1224 364 1319 400 πρώτη
1328 366 1500 392 Φωτεινιανοί
1511 374 1519 381 ’
1533 365 1704 401 πεντηκοστὴ
1715 365 1792 392 δευτέ
1797 375 1835 401 ρα.

1040 411 1239 446 Μαρκελλιανοί
1249 420 1255 426 ·
1280 410 1450 446 πεντηκοστὴ
1459 411 1539 446 τρίτη
1547 411 1701 446 Ἦμιάρειοι
1711 420 1717 425 ·
1731 420 1835 447 πεντη-

1039 457 1123 492 κοστὴ
1132 457 1248 492 τετάρτη
1263 457 1500 492 Πνευματομάχοι,
1513 457 1538 482 οἱ
1559 457 1607 483 καὶ
1625 457 1833 490 Μακεδονιανοὶ,

1038 504 1085 530 καὶ
1108 503 1245 530 Ἐλευσίου
1262 503 1424 538 μαθηταὶ,οε
1437 503 1467 529 τὸ
1478 503 1554 537 ἅγιον
1568 502 1614 529 τοῦ
1631 502 1699 529 Θεοῦ
1717 503 1835 538 Πνεῦμα

1038 549 1280 585 βλασφημοῦντες”
1308 549 1479 584 πεντηκοστὴ
1518 549 1651 584 πέμπτη,
1697 549 1836 585 Ἀεριανοὶ

1037 596 1097 632 [καὶ
1110 596 1245 622 Ἐλευσίου
1256 595 1386 631 μαθηταί]
1398 604 1405 612 -
1419 596 1590 631 πεντηκοστὴ
1604 596 1671 631 ἕκτη
1685 596 1834 626 Ἀετιανοί,

1036 643 1060 668 οἱ
1077 643 1122 668 καὶ
1141 640 1316 677 ’Λνομοι,οἶς
1335 641 1500 667 συνάπτεται
1526 641 1668 676 Εὑνόμιος,
1690 641 1791 676 μᾶλλον
1803 641 1834 666 δὲ

1037 690 1051 716 ὁ
1075 689 1208 723 ’Λνομος·
1234 688 1404 723 πεντηκοστὴ
1430 688 1530 723 ἑϐδόμη
1554 689 1719 723 Διμοιρῖται.
1743 689 1767 714 οἱ
1794 688 1834 722 μὴ

1037 734 1141 760 τελείαν
1158 733 1281 769 Χριστοῦ·
1292 734 1341 769 τὴν
1356 733 1565 768 ὲνανΟρώπησιν
1581 733 1789 767 ὁμολογοῦντες,
1806 733 1833 758 οἱ

194 784 241 811 καὶ
272 783 489 819 Ἀπολλιναρῖται
501 791 509 799 ο
535 782 707 818 πεντηκοστὴ
727 783 820 818 ὀγδόη,
833 783 880 809 καὶ
896 783 920 809 οἱ
935 782 985 817 τὴν
1004 782 1084 816 ἁγίαν
1100 781 1209 817 Μαρίαν
1222 782 1272 816 τὴν
1289 781 1332 807 ἀεὶ
1345 781 1479 817 παρθένον
1507 780 1631 814 λέγοντες
1650 779 1719 815 μετὰ
1734 779 1764 806 τὸ
1783 779 1833 805 τὸν

193 832 307 867 Σωτῆρα
318 831 522 865 γεγεννηκέναι,
533 830 572 866 τῷ
592 830 691 865 Ἰωσὴφ
709 830 852 866 συνῆφθαι,
882 830 1009 861 οὕστινας
1039 829 1208 864 ἐκαλέσαμεν
1245 827 1558 863 ’Λντιδικομαριανίτας·
1584 825 1753 862 πεντηκοστὴ
1787 826 1833 867 ὲνξ

192 865 331 913 νάτη,νγαὶ
344 878 368 903 οἱ
382 877 421 908 εἰς
437 876 522 911 ὄνομα
541 876 591 911 τῆς
610 875 696 910 αὐτῆς
724 865 833 911 Μαρίας
861 875 1004 908 κολλυρίδα
1024 875 1236 910 προσφέροντες,
1260 873 1284 899 οἳ
1299 872 1444 899 καλοῦνται
1456 871 1659 907 Κολλυριδιανοί
1671 880 1677 886 ·
1695 865 1832 907 ἑξηκοστή

192 922 389 954 Μασσαλιανοὶ,
416 919 456 953 οἷς
478 921 658 948 συνάπτονται
675 921 874 956 Μαρτυριανοὶ,
895 922 919 947 οἱ
933 921 987 947 ἀπὸ
1010 919 1154 955 Ἑλλήνων,
1174 919 1222 945 καὶ
1236 919 1403 954 Εὑφημίται,
1422 919 1468 944 καὶ
1483 918 1652 945 Σατανιανοί.

227 971 306 998 Nunc
323 970 440 1005 repetita
454 970 625 1002 narratione,
655 974 681 997 et
697 970 724 996 in
739 969 865 1004 singulos
895 970 981 996 libros
997 973 1019 1001 Β

192 1017 350 1045 distributis
362 1016 524 1049 haeresibus,
541 1016 594 1043 hoc
605 1017 634 1043 iu
659 1016 735 1044 brevi
755 1016 918 1050 compendio
935 1015 983 1043 de-

191 1064 317 1095 clarabo,
329 1067 460 1098 quotnam
474 1070 507 1090 ex
520 1062 575 1090 illis
590 1063 741 1090 baeresibus
755 1063 783 1090 in
798 1063 889 1097 priore
901 1062 982 1093 libro.

191 1113 258 1144 quot
283 1109 311 1136 in
326 1108 445 1136 secundo
471 1116 504 1135 ac
527 1109 609 1135 tertio
633 1108 844 1141 contineantur;
875 1113 930 1134 tum
955 1107 984 1134 in

192 1154 306 1190 reliquis
324 1155 454 1182 omnibus
467 1158 631 1182 cmtcrorurn
660 1154 891 1181 librorum-tomis
917 1158 984 1188 quot

193 1201 342 1235 unicuique
359 1201 480 1227 haereses
507 1200 647 1227 attributa:
665 1205 741 1227 sunt.
769 1199 871 1227 [larum
891 1200 984 1234 itaque

191 1246 313 1272 omnium
329 1246 415 1272 series
431 1249 473 1272 est
495 1244 643 1279 ejusmodi.
668 1245 697 1271 In
713 1245 802 1279 primo
820 1245 890 1271 libro
917 1244 983 1271 tomi

193 1298 249 1320 tres
266 1297 343 1326 sunt,
363 1292 482 1320 haereses
496 1300 569 1325 XLVI,
586 1293 643 1320 suis
654 1293 812 1319 nominibus
823 1295 981 1326 conceptae:

191 1338 381 1366 Barbarismus
408 1338 544 1370 videlicet,
576 1345 608 1364 ac
634 1337 829 1373 Scythismus;
860 1336 983 1364 llcllcni-

192 1392 279 1416 sums,
295 1383 465 1416 .ludaismus,
493 1391 525 1410 ac
548 1383 768 1410 Samaritismus.
802 1382 831 1409 In
861 1382 983 1410 secundo

193 1430 262 1457 libro
276 1431 341 1457 tomi
356 1430 410 1457 duo
437 1434 511 1461 sunt,
533 1429 652 1457 haereses
672 1438 751 1457 nm.
769 1429 798 1456 ln
813 1429 895 1456 tertio
912 1428 982 1455 libro

191 1475 258 1501 tomi
273 1475 338 1506 duo.
363 1475 482 1502 haereses
497 1483 537 1502 ιι.
554 1474 582 1501 ln
608 1476 707 1509 prioris
727 1475 818 1509 itaque
833 1475 894 1501 libri
909 1478 983 1501 tonio

191 1521 279 1553 primo
291 1521 410 1547 haereses
426 1529 459 1547 xx
476 1508 552 1551 sunt,
573 1520 778 1552 Barbarismus,
797 1519 981 1556 Scythismus,

191 1565 546 1598 Grmeismus,.Iudaismus.
559 1565 714 1593 Graecorum
728 1574 809 1601 porro
822 1565 982 1593 discrimina

191 1617 243 1638 ista
256 1617 320 1639 sntit
337 1620 344 1638 :
361 1612 535 1648 Pythagorei,
553 1613 611 1640 sive
627 1612 815 1647 Peripatetici,
835 1613 980 1645 Platonici,

192 1657 289 1689 Stoici,
316 1658 454 1693 Epicurei,
486 1657 651 1685 Samarilica
670 1659 794 1688 haeresis.
815 1667 876 1693 qua:
900 1666 915 1685 a
934 1658 981 1685 Ju-

191 1705 299 1731 daismo
315 1705 446 1731 manavit.
467 1704 635 1732 Samaritani
653 1709 772 1739 quatuor
786 1705 813 1731 in
828 1709 921 1739 partes
933 1705 984 1731 tri-

191 1750 327 1783 buuntur,
340 1750 508 1782 Gorthcnos,
520 1751 660 1783 Sebumos,
672 1750 812 1784 Essenios,
825 1750 980 1778 Dositheos.

190 1795 346 1823 Judmorum
379 1796 496 1824 haereses
524 1801 658 1832 scptem:
691 1796 804 1830 Seribac,
835 1796 981 1829 Pharismi,

193 1841 346 1874 Sadducwi,
370 1841 625 1878 llcmcrobaptistze,
644 1842 742 1874 Ossaei,
764 1844 885 1870 Nasarmi
901 1864 909 1876 ,
929 1843 983 1870 lle-

190 1887 308 1914 rodiani.
326 1888 353 1914 ln
368 1888 489 1915 sccumlo
505 1892 581 1915 tonio
606 1889 668 1915 libri
687 1889 767 1923 primi
785 1889 903 1917 haereses
931 1897 981 1916 xm

191 1937 256 1961 sunt
275 1943 281 1960 :
301 1933 466 1966 Simoniani,
483 1934 682 1966 lllenaudriani,
698 1934 891 1967 Saturniliani,
907 1935 984 1962 Basi-

191 1979 296 2011 lidiani,
312 1979 616 2012 Nicolaitaz.Gu-)stici,
640 1982 687 2016 qui
710 1985 737 2008 et
760 1980 923 2013 Stratiotici,
951 1989 984 2009 ac

191 2025 375 2059 Phihiouilm;
392 2027 426 2053 ab
438 2027 500 2053 aliis
525 2035 590 2055 vero
603 2027 782 2059 Sccundiani,
799 2029 832 2055 ab
845 2028 905 2055 aliis
918 2027 983 2056 Zac-

190 2071 270 2104 ehcci,
283 2079 334 2099 nec
355 2080 410 2099 non
430 2072 576 2104 Coddiani,
597 2078 623 2100 et
640 2073 804 2105 Borboritm,
832 2082 864 2101 ac
879 2073 982 2102 Barbe-

190 2117 252 2153 lyts:
275 2117 417 2150 dicuntur;
447 2118 661 2153 Carpocralitze,
682 2119 865 2153 Cerinthiani,
892 2121 938 2155 qui
956 2125 983 2148 et

191 2162 384 2195 Merinthiani,
398 2163 533 2195 Nazorzei,
562 2164 694 2197 Ebiumei,
711 2165 857 2198 Valentini,
882 2167 984 2193 Secun-

190 2209 315 2236 diniani:
331 2210 431 2244 quibus
456 2211 593 2238 accedunt
612 2210 767 2246 Epiphanes
793 2216 820 2239 et
847 2213 981 2245 Isidorus,

191 2254 343 2282 Ptolemzei.
360 2255 387 2282 lu
406 2256 488 2283 tertio
506 2262 598 2284 autent
618 2263 693 2284 tomo
711 2258 813 2292 prioris
841 2259 904 2286 libri
928 2259 983 2286 lue-

996 1648 1016 1673 C

1075 967 1208 995 Ἐπανιὼν
1234 967 1262 994 δὲ
1289 965 1376 999 αὖθις,
1403 967 1451 993 καὶ⁹
1469 966 1563 994 διελὼν
1585 966 1689 998 ταύτας
1706 966 1777 994 κατὰ
1790 967 1834 1002 βί-

1035 1014 1107 1045 ϐλον,
1135 1012 1268 1045 ὑποδείξω
1294 1013 1323 1039 ὲν
1350 1013 1436 1048 ταύτῃ
1456 1022 1507 1048 μου
1525 1014 1556 1048 τῇ
1581 1014 1831 1049 ἀνακεφαλαιώσει,

1035 1059 1116 1085 πόσαι
1129 1058 1231 1084 τούτων
1245 1058 1298 1084 τῶν
1309 1058 1475 1094 ὀγδοήκοντα
1485 1058 1618 1094 αἱρέσεων
1634 1060 1662 1085 ἐν
1672 1059 1711 1094 τῷ
1729 1059 1832 1095 πρώτῳ

1035 1105 1141 1140 βιϐλίῳ,
1162 1105 1209 1131 καὶ
1217 1103 1334 1139 καθεξῆς
1351 1105 1379 1130 ὲν
1393 1104 1433 1140 τῷ
1444 1104 1574 1140 δευτέρῳ,
1591 1104 1645 1137 ἕως
1660 1105 1707 1132 τοῦ
1723 1106 1829 1141 τρίτου·

1033 1151 1101 1177 ἀλλὰ
1117 1151 1163 1177 καὶ
1174 1150 1235 1177 καθ’
1247 1150 1362 1177 ’ἑκαστον
1379 1151 1434 1177 τῶν
1449 1151 1519 1178 ἑπτὰ
1536 1151 1627 1187 τόμων
1638 1172 1645 1184 ,
1659 1152 1714 1178 τῶν
1731 1154 1760 1178 ὲν
1774 1153 1832 1184 τοὶς

1034 1198 1106 1232 τρισὶ
1119 1196 1231 1232 βιϐλίοις
1244 1197 1477 1232 συντεταγμένων,
1495 1198 1577 1226 πόσαι
1588 1199 1656 1224 εἰσὶν
1668 1199 1696 1224 αἱ
1713 1199 1742 1225 ὲν
1754 1199 1832 1234 αὐτῷ

1034 1242 1202 1278 χωρηοεῖσαι
1227 1242 1359 1276 αἱρέσεις.
1386 1243 1442 1270 Καὶ
1473 1243 1546 1270 ἔστιν
1572 1243 1659 1276 οὕτως
1683 1244 1712 1271 ὲν
1730 1244 1779 1278 μὲν
1790 1239 1832 1279 τῷ

1035 1288 1136 1324 πρώτῳ
1157 1289 1251 1325 βιϐλίῳ
1262 1289 1340 1325 τόμοι
1362 1290 1448 1325 τρεῖς,
1464 1289 1585 1325 αἱρέσεις
1599 1289 1626 1316 δὲ
1643 1298 1831 1325 τεσσαρακον-

1033 1335 1099 1366 ταὲξ
1115 1336 1163 1361 σὺν
1179 1337 1240 1367 ταῖς
1260 1335 1420 1370 ὀνομασίαις
1444 1335 1561 1362 τούτων·
1582 1336 1654 1371 φημὶ
1677 1336 1705 1362 δὲ
1722 1336 1832 1373 Βαρϐα-

1036 1381 1144 1416 ρισμοῦ,
1174 1381 1222 1408 καὶ
1240 1381 1407 1416 Σκυθισμοῦ,
1427 1381 1476 1408 καὶ
1493 1381 1682 1417 Ἑλληνισμοῦ,
1697 1383 1745 1409 καὶ
1764 1383 1831 1409 Ἰου-

1033 1426 1147 1461 δαῖσμοῦ
1164 1427 1210 1454 καὶ
1219 1426 1442 1463 Σαμαρειτισμοῦ
1452 1435 1458 1442 ·
1468 1427 1496 1453 ὲν
1508 1427 1537 1453 δὲ
1553 1427 1592 1462 τῷ
1603 1427 1721 1463 δευτέρῳ
1735 1427 1831 1464 βιϐλίῳ

1033 1474 1110 1508 τὸμοι
1121 1473 1177 1505 δύο,
1188 1474 1309 1508 αἱρέσεις
1318 1474 1481 1509 εἰκοσιτρεῖς
1489 1484 1497 1490 ν
1512 1475 1541 1500 ὲν
1551 1474 1580 1500 δὲ
1591 1474 1630 1509 τῷ
1641 1474 1724 1510 τρίτῳ
1735 1473 1831 1510 βιϐλίῳ

1033 1520 1111 1555 τόμοι
1122 1519 1178 1552 δύο,
1197 1520 1317 1556 αἱρέσεις
1329 1520 1435 1546 ἕνδεκα.
1455 1520 1499 1546 Ἐν
1508 1519 1547 1555 τῷ
1557 1518 1604 1547 οὖν
1618 1519 1719 1555 πρώτῳ
1733 1520 1830 1554 βιϐλίῳ

1034 1566 1143 1602 πρώτου
1158 1566 1241 1600 τόμον
1254 1566 1375 1602 αἱρέσεις
1399 1567 1512 1597 εἴκοσιν,
1527 1566 1558 1592 αἱ
1574 1567 1644 1593 εἰσιν
1661 1566 1720 1593 αἵδε
1731 1574 1741 1582 ·
1758 1566 1831 1601 Βαρ-

1034 1611 1178 1647 ϐαρισμὸς,
1207 1611 1375 1647 Σκυθισμδς,
1416 1611 1610 1648 Ἑλληνισμὸς,
1645 1611 1829 1647 Ἰουδαῖσμός”

1039 1658 1174 1693 Ἑλλήνων
1191 1657 1329 1692 διαφοραὶ,
1347 1657 1540 1693 Πυθαγόρειοι,
1558 1658 1646 1684 εῐτουν
1669 1658 1829 1694 Περιπατη-

1033 1704 1114 1734 τικοὶ,
1133 1703 1313 1734 Πλατωνικοὶ,
1329 1703 1454 1736 Στωϊκοὶ,
1471 1702 1655 1739 Ἐπικούρειοι
1669 1711 1676 1718 ·
1694 1704 1830 1739 Σαμαρει-

1033 1750 1106 1786 τικὴ,
1130 1748 1198 1777 οὖσα
1224 1751 1257 1777 ὲκ
1284 1750 1332 1776 τοῦ
1355 1749 1535 1786 Ἰουδαϊσμοῦ.
1562 1749 1740 1786 Σαμαρειτῶν
1760 1749 1828 1784 ἔθνη

1033 1797 1164 1832 τέσσαρα,
1191 1797 1298 1829 οὕτως·
1321 1797 1474 1833 Γορθηνοὶ,
1502 1797 1662 1829 Σεϐουαῖοι,
1693 1797 1828 1832 Ἐσσηνοὶ,

1033 1843 1163 1869 Δοσίθεοι.
1188 1843 1323 1869 Ἰουδαίων
1336 1843 1457 1878 αἱρέσεις
1476 1842 1557 1876 ἑπτὰ,
1573 1842 1659 1874 οὕτως
1671 1851 1678 1858 ·
1697 1843 1830 1878 Γραμμα-

1036 1890 1113 1921 τεῖς,
1139 1890 1300 1924 Φαρισαῖοι,
1338 1889 1533 1921 Σαδδουκαῖοι,
1560 1889 1827 1925 Ἦμεροϐαπτισταὶ,

1041 1934 1172 1966 Ὀσσαῖοι,
1191 1935 1356 1971 Νασαραῑοι,
1371 1935 1543 1970 Ἦρωδιανοί,
1557 1935 1601 1962 Ἐν
1612 1935 1640 1962 δὲ
1655 1935 1693 1970 τῷ
1709 1935 1830 1971 δευτέρῳ

1033 1980 1109 2016 τόμῳ
1136 1981 1183 2008 τοῦ
1212 1981 1321 2017 πρώτου
1346 1981 1449 2017 βιϐλίου
1463 1982 1595 2013 ὡσαύτως
1615 1981 1736 2018 αἱρέσεις
1751 1982 1830 2008 δεκα-

1033 2028 1117 2062 τρεῖς,
1143 2027 1246 2058 οὖτως·
1271 2028 1445 2063 Σιμωνιανοὶ,
1462 2028 1669 2063 Μενανδριανοὶ,
1703 2029 1828 2064 Σατορνι-

1033 2073 1129 2106 havet,
1145 2074 1341 2100 Βασιλειδιανοὶ
1352 2094 1360 2105 ,
1377 2073 1552 2107 Νικολαῖται,
1569 2074 1728 2105 Γνωστικοὶ,
1744 2075 1769 2100 οἱ
1781 2075 1830 2101 καὶ

1034 2120 1242 2154 Στρατιωτικοὶ,
1261 2120 1308 2146 καὶ
1321 2119 1477 2147 Φιϐιωνῖται
1494 2120 1614 2153 οίαὺτοὶ,
1631 2119 1707 2156 παρὰ
1727 2120 1756 2146 δέ
1775 2129 1829 2147 τισι

1035 2165 1230 2197 Σεκουνδιανοὶ,
1252 2167 1329 2201 παρὰ
1349 2166 1378 2192 δὲ
1392 2166 1481 2198 ἄλλοις
1497 2167 1638 2202 Ζακχαῖοι,
1655 2167 1680 2192 οἱ
1696 2166 1830 2201 καλούμε-

1035 2220 1075 2238 νοι
1089 2212 1137 2238 καὶ
1156 2211 1307 2244 Κοδδιανοὶ,
1331 2212 1378 2239 καὶ¹
1395 2212 1568 2248 Βορϐορῖται,
1586 2213 1632 2240 καὶ
1650 2213 1828 2249 Βαρϐηλῖται,

1034 2259 1151 2292 Καρποκ
1156 2259 1273 2292 ρατίται,
1282 2258 1468 2294 Κηρινθιανοὶ,
1477 2259 1502 2285 οί
1514 2259 1562 2285 καὶ
1575 2260 1765 2295 Μηρινοιανοί·
1775 2261 1829 2288 Να-

190 2307 265 2327 rcscs
279 2301 370 2328 itidem
385 2310 433 2328 xm
452 2306 517 2330 sunt
535 2311 542 2329 :
562 2303 700 2334 Marcosii.
717 2304 879 2336 Colorbasii,
898 2305 983 2332 llera—

1036 2303 1158 2339 ζωραῖοι,
1186 2304 1349 2337 Ἐϐιωναῖοι,
1370 2305 1554 2338 Οὑαλεντῖνοι,
1571 2305 1769 2339 Σεκουνδιανοὶ,
1789 2305 1829 2339 οἷς

190 2345 332 2378 cleonitaa,
359 2346 477 2382 Ophitaz,
508 2349 613 2381 Caiani,
645 2349 779 2382 Sethiani,
811 2351 982 2385 Archontici,

189 2391 373 2426 Cerdoniani,
398 2394 569 2428 Marciones,
598 2395 780 2430 Lucianislaa,
804 2398 983 2433 Appelleiani,

192 2437 350 2471 Severiani,
381 2439 501 2468 Tatiani.
534 2441 596 2469 llaec
633 2446 675 2470 est
710 2451 816 2470 summa
847 2448 984 2471 tomorum

191 2484 273 2511 trium
302 2486 381 2520 primi
408 2487 483 2514 libri.
513 2487 632 2515 Secundi
659 2497 725 2516 vero
752 2490 812 2516 libri
842 2490 906 2517 tomi
929 2489 984 2517 duo

189 2534 266 2563 sunt,
286 2531 366 2565 cujus
388 2532 414 2559 in
437 2533 529 2568 priore
557 2538 642 2567 tomo,
671 2536 717 2570 qui
741 2540 855 2571 quartus
878 2542 929 2569 est,
961 2537 984 2564 si

191 2581 280 2604 tomos
295 2577 424 2614 deinceps
448 2579 481 2606 ab
502 2580 580 2608 initio
602 2589 747 2614 numeres,
767 2582 884 2610 haareses
917 2590 984 2610 xvm

193 2622 370 2650 continentur
398 2624 450 2652 hoc
479 2626 754 2659 modo:Encratit:e.
786 2627 984 2663 Calaphrygcs,

189 2666 240 2701 qui
264 2671 291 2694 et
314 2667 496 2700 Montanislze,
525 2678 556 2698 ac
583 2671 798 2708 Tascodrugitae.
828 2673 984 2708 Pcpuziani,

191 2712 238 2747 qui
254 2717 281 2739 et
297 2713 469 2747 Quintiliani,
488 2716 588 2751 quibus
609 2717 796 2754 adiunguntur
814 2719 984 2756 Artotyritae,

193 2756 498 2790 'l'cssarescacdeeatitzc.
522 2762 568 2796 qui
593 2762 698 2791 Pascha
721 2765 748 2792 in
774 2765 896 2793 eamdem
919 2766 984 2793 anni

191 2801 264 2828 diem
278 2804 430 2839 conjiciunt
446 2815 451 2832 :
467 2806 554 2842 Alogi,
571 2807 618 2842 qui
635 2812 661 2835 et
677 2807 853 2844 Evangelium
870 2814 897 2837 et
912 2809 984 2845 Apo-

190 2847 314 2884 calypsin
335 2850 448 2881 Joannis
472 2853 627 2890 rcpudiant,
659 2855 813 2889 Adamiani,
839 2855 981 2893 Sampsmi,

1038 2351 1216 2377 συνάπτονται
1224 2351 1375 2388 Ἐπιφανὴς
1384 2352 1431 2378 καὶ
1446 2353 1591 2388 Ἰσίδωρος,
1602 2353 1686 2380 Πτολε
1690 2355 1775 2389 μαῖοι.
1785 2354 1829 2381 Ἐν

1036 2396 1064 2423 δὲ
1071 2396 1109 2432 τῷ
1125 2397 1209 2432 τρίτῳ
1223 2397 1300 2433 τόμῳ
1308 2398 1356 2424 τοῦ
1372 2398 1455 2425 αὐτοῦ
1464 2398 1574 2435 πρώτου
1587 2399 1690 2434 βιϐλίου
1708 2400 1828 2436 αἱρέσεις

1035 2442 1186 2478 δεκατρεῖς,
1208 2443 1310 2476 οὕτως·
1338 2444 1510 2480 Μαρκώσιοι,
1533 2445 1724 2481 Κολορϐάσιοι,
1748 2447 1828 2482 Ἡρα-

1036 2490 1191 2523 κλεωνῑται,
1211 2491 1328 2524 Ὀφίται,
1349 2491 1475 2525 Καϊανοὶ,
1492 2491 1629 2527 Σηοιανοὶ,
1652 2492 1826 2528 Ἀρχοντικοὶ,

1037 2537 1230 2572 Κερδωνιανοὶ,
1238 2538 1412 2573 Μαρκίωνες,
1419 2539 1621 2571 Λουκιανισταὶ,
1631 2537 1828 2572 Ἀπελληῖανοὶ,

1037 2583 1206 2619 Σευηριανοὶ,
1227 2583 1364 2610 Τατιανοί.
1394 2583 1469 2621 Αὕτη
1489 2586 1506 2620 ἡ
1526 2584 1762 2619 ἀνακεφαλαίωσις
1782 2583 1827 2610 τοῦ

1038 2628 1146 2664 πρώτου
1165 2628 1266 2664 βιϐλίου
1287 2629 1341 2656 τῶν
1366 2629 1450 2666 τριῶν
1460 2631 1561 2666 τόμων,
1589 2630 1642 2656 Τοῦ
1664 2629 1691 2656 δὲ
1703 2630 1828 2665 δευτέρου

1039 2673 1141 2708 βιϐλίου
1154 2675 1231 2710 τόμοι
1244 2675 1300 2703 δύο.
1325 2676 1369 2702 Ἐν
1381 2676 1483 2712 πρώτῳ
1498 2677 1547 2711 μὲν
1561 2675 1637 2711 τόμῳ
1647 2675 1693 2702 τοῦ
1704 2675 1827 2710 δευτέρου

1038 2719 1151 2754 βιϐλίου,
1175 2721 1298 2756 τετάρτῳ
1314 2721 1342 2748 δὲ
1357 2721 1413 2748 ὄντι
1428 2722 1506 2757 κατὰ,
1518 2722 1567 2758 τὴν
1590 2722 1637 2748 ἀπ’
1653 2722 1742 2757 ἀρχῆς
1763 2721 1827 2747 ἀκο-

1038 2766 1147 2793 λουθίαν
1155 2766 1202 2793 τοῦ
1210 2767 1271 2802 ἀριο
1277 2767 1337 2803 μοῦ⁷
1344 2769 1370 2794 αἱ
1375 2767 1618 2803 ρὲσειςδεκαοκτὼ,
1624 2768 1711 2799 οὓτως
1719 2767 1827 2802 Ἐγκρα-

1037 2813 1118 2845 τῖται,
1127 2813 1196 2839 κατὰ
1203 2813 1377 2849 Φρυγαστῶν,
1391 2814 1592 2847 Μοντανιστῶν,
1605 2814 1652 2841 καὶ
1661 2813 1827 2848 Τασκοδρουη

1037 2857 1120 2893 γιτῶν
1128 2866 1135 2874 ο
1148 2860 1172 2886 οἱ
1182 2858 1209 2885 δὲ
1221 2859 1242 2886 Τ
1245 2859 1451 2895 ασκοδρουγῖται
1462 2859 1625 2896 διῃρέθησαν
1636 2859 1690 2887 ἀπὸ
1701 2859 1755 2886 τῶν
1763 2865 1827 2894 προ-
