1934 3029
104 132 158 162 165

466 133 639 161 EPIPIIAMI
660 132 886 161 RESCRII'TUM
907 133 954 160 AD
974 132 1129 160 ACACIUM
1151 132 1194 159 ET
1215 133 1374 161 PAULUM.

1680 137 1731 166 £66

92 191 258 226 ειρημένων,
279 191 470 223 Πεπουξιανοὶ,
485 192 532 217 καὶ
545 190 757 222 Κοῖντιλλιανοὶ,
771 187 812 222 οἷς
826 198 887 216 συν-

942 191 986 225 qui
1001 194 1028 217 et
1040 191 1180 222 Hclccsaei,
1197 190 1388 223 Theodoliani,
1404 191 1654 225 Melcliiscdeciani,
1669 195 1734 224 Bar-

91 241 228 269 ὰιηδνῖαι
243 238 438 273 Ἀοτοτυρῖται.
457 236 796 272 Τεσσαρεσκαιδεκατῖται,
816 237 841 262 οἱ
855 235 885 262 τὸ

92 285 190 319 Πάσχα
204 288 267 317 μιαν
282 283 388 318 ἡμέραν
397 282 445 309 τοῦ
457 282 534 314 ἔτους
551 282 708 313 ποιοῦντες·
726 282 844 316 Ἀλογοι,
860 282 885 307 οἱ

92 329 124 356 τὸ
134 329 297 363 Εὑαγγέλιον
317 329 440 354 Ἰωάννου
453 328 501 354 καὶ
517 328 566 362 τὴν
587 327 771 362 ’Λποκάλυψιν
792 328 829 362 μὴ
843 327 884 352 δε-

92 373 216 408 χόμενοι⁸
249 372 416 408 Ἀδαμιανοὶ,
442 371 589 407 Σαμψαῖοι,
611 372 700 398 οἱκαὶ
724 371 884 402 Ἐλκεσαίοι,

92 419 272 449 Θεοδοτιανοὶ,
291 418 540 453 Μελχισεδεκιανοὶ,
565 418 804 453 Βαρδησιανισταὶ,
817 417 886 451 Non-

91 465 189 496 τιανοὶ,
197 464 352 499 Οὑαλήσιοι,
360 463 495 500 Καθαροί,
511 464 673 498 Ἀγγελιχοὶ,
689 463 884 496 Ἀποστολικοὶ,

91 510 118 535 οι
140 510 186 536 καὶ
205 509 406 541 Ἀποτακτικοὶ,
423 508 463 541 οἷς
489 509 671 536 συνάπτονται
686 510 710 535 οἱ
724 508 886 543 καλούμενοι

93 555 262 590 Σακκοφόροι
271 563 278 569 ·
290 554 475 585 Σαϐελλιανοὶ,
490 553 665 589 Ὡριγενιανοὶ
674 554 698 579 οἱ
706 551 885 588 αἱσχροποιοὶ,

99 601 276 637 Ὦριγενιανοὶ
289 601 315 627 οἱ
332 600 377 627 τοῦ
397 600 588 636 ’Λδαμαντίου,
611 600 657 626 Ἐν
671 599 699 625 δὲ
715 599 755 634 τῷ
768 598 886 633 δευτέρῳ

91 648 168 683 τόμῳ
188 647 234 673 τοῦ
255 647 337 674 αὐτοῦ
361 647 490 682 δευτέρου
507 646 620 681 βιϐλίου,
638 645 754 681 πέμπτῳ
777 653 806 671 τε
829 645 886 671 ὂντι

91 693 139 720 τὸν
150 693 266 729 ἀριθμὸν
280 694 325 720 τὸν
334 693 544 729 προειρημένον,
556 693 676 728 αἱρέσεις
687 691 778 724 πέντε,
787 691 883 722 οὕτως·

92 739 298 770 Παυλιανισταὶ,
313 740 468 774 Μανιχαῖοι,
483 741 507 766 οἱ
521 739 568 766 καὶ
599 739 782 770 ’Λκουανῖται,
803 738 887 773 Ἱερα-

92 787 181 818 κῖται,
198 785 373 817 Μελετιανοὶ,
394 785 497 820 σχίσμα
520 786 548 811 ἐν
566 783 711 819 Αίγύπτῳ,
743 783 885 818 ’Λρειανοί.

91 831 168 866 Λῦτη
183 832 229 858 καὶ
247 832 264 867 ἡ
282 831 329 858 τοῦ
350 831 478 866 δευτέρου
495 830 598 865 βιΰλίου
616 829 670 856 τῶν
683 829 775 864 τόμων
788 829 888 855 ἀνακε-

939 236 1111 269 (Ισείαηὶεισξ,
1135 236 1277 269 Noetiani,
1302 237 1416 271 Valesii,
1446 239 1569 269 Catliari.
1598 241 1732 277 Angelici,

939 282 1100 317 Apostolici,
1125 283 1171 318 qui
1199 284 1282 310 etiam
1311 283 1476 318 Apotactici,
1501 286 1601 320 quibus
1632 289 1733 315 annexi

939 333 1004 356 sunt
1027 328 1204 364 Saccopliori,
1230 329 1391 362 Sabelliani,
1413 330 1575 365 Origcnistm
1600 332 1734 361 foeditatis

940 379 1078 408 ant-tores,
1093 375 1254 410 Origenista:
1269 376 1303 403 ab
1321 375 1438 412 Origene
1457 377 1630 406 Adamantio.
1647 379 1675 406 ln
1693 387 1734 407 se-

940 421 1029 447 cundo
1050 425 1140 448 autem
1159 426 1232 448 tomo
1253 421 1376 456 ejusdem
1400 423 1474 455 libri,
1501 424 1548 458 qui
1573 425 1665 459 priore
1689 426 1734 452 illa

939 467 1102 494 numerandi
1129 468 1236 495 ratione
1257 468 1373 502 quintus
1392 473 1449 499 est,
1475 469 1593 497 hzcreses
1614 471 1736 506 quinque

940 516 1005 540 sunt
1021 521 1027 539 :
1047 511 1124 539 Pauli
1139 513 1353 547 Samosatensis,
1369 514 1522 547 Manichwi.
1538 516 1585 551 qui
1604 521 1631 544 et
1651 516 1735 544 Acua-

939 559 1014 590 nitm,
1032 558 1186 590 Hieracilze,
1203 559 1339 587 lilelctiani
1350 580 1357 592 ,
1374 561 1421 595 qui
1439 561 1466 588 in
1482 561 1600 597 Egypto
1615 563 1736 590 schisma

940 602 1079 636 fecerunt;
1097 604 1202 631 Ariani.
1222 604 1312 639 Atque
1331 605 1389 632 lucc
1407 610 1450 633 est
1469 600 1605 634 tomoru'm
1619 607 1683 635 libri
1697 616 1736 635 se-

940 648 1022 675 cundi
1037 656 1155 676 summa.
1177 644 1348 677 Similiter'et
1366 650 1393 677 in
1412 651 1493 677 tertio
1512 652 1582 679 libro
1600 653 1665 679 tomi
1681 653 1736 679 duo

940 696 1014 720 sunt.
1034 693 1063 720 In
1080 693 1169 728 primo
1196 697 1271 721 tonio
1291 694 1365 721 tert’ii
1387 694 1462 727 libri,
1481 699 1559 722 sexto
1579 701 1670 723 autent
1693 703 1737 727 eo.

940 746 1021 772 quem
1039 739 1159 766 diximus
1172 739 1285 773 ordine,
1304 740 1422 767 bzereses
1439 748 1488 772 vn,
1505 745 1571 768 sunt
1585 750 1592 768 :
1609 741 1736 775 Audiani,

940 783 1109 816 Pliotiniani,
1132 785 1311 817 Marcelliani,
1332 785 1506 818 Semiariani,
1528 786 1736 815 Pneumatoma-

941 830 997 862 chi,
1020 831 1067 866 qui
1091 831 1206 866 Spiritui
1233 835 1330 859 sancto
1355 833 1552 861 contumeliose
1578 833 1737 865 detrahunt.

92 877 255 910 φαλαίωσις,
277 877 392 912 Ὁμοίως
401 878 447 903 καὶ
455 878 484 903 ἐν
496 876 535 912 τῷ
544 876 628 912 τρίτω
638 875 732 911 βιϐλίῳ
744 875 797 901 εἰσὶ
809 875 887 910 τόμοι

942 877 1059 909 Aeriani,
1077 877 1197 910 Actiani,
1209 878 1244 905 ab
1255 878 1334 905 Aetio
1348 877 1500 912 Anommo;
1515 879 1617 914 quibus
1627 879 1736 906 accedit

92 921 150 949 δύο.
184 923 228 949 Ἐν
250 923 298 958 μὲν
319 923 358 958 τῷ
378 923 479 959 πρώτῳ
495 923 578 958 τὸμῳὶ
591 922 639 949 τοῦ
661 922 754 958 τρίτου
774 921 888 957 βιϐλίου,

92 968 173 995 ἕκτου
185 969 213 995 δὲ
223 969 307 1004 τόμου
324 969 385 996 καθ’
401 969 429 996 ὃν
441 968 558 1005 ἀριθμὸν
570 969 749 1004 προείπομεν,
769 969 889 1003 αἱρέσεις

93 1014 172 1046 ἑπτὰ,
191 1013 277 1046 οὕτως
290 1022 296 1028 ·
325 1014 462 1047 Δύδιανοὶ,
482 1015 584 1050 σχίσμα
603 1015 689 1046 ὄντες,
706 1013 887 1046 Φωτεινιανοὶ,

93 1060 306 1096 Μαρκελλιανοὶ,
342 1060 508 1096 Ἢμιάρειοι,
539 1060 776 1096 Πνευματομάχοι,
807 1060 831 1086 οί
859 1059 889 1086 τὸ

94 1108 207 1142 Πνεῦμα
219 1107 265 1134 τοῦ
279 1107 347 1134 Θεοῦ
360 1107 391 1134 τὸ
404 1107 481 1142 ἅγιον
493 1107 727 1142 βλασφημοῦντες,
743 1106 887 1142 Ἁεριανοὶ,

100 1153 243 1188 ’Λετιανοὶ,
265 1154 320 1181 ἀπὸ
345 1153 449 1180 Ἀετίου
473 1154 521 1180 τοῦ
543 1154 694 1189 Ἀνομοίου,
715 1150 738 1186 ᾧ
765 1152 887 1188 συνήφθη

93 1199 239 1235 Εὑνόμιος.
255 1201 270 1226 ὁ
288 1200 336 1226 καὶ
359 1199 509 1235 Ἀνὸμοιος,
529 1200 558 1226 ὲν
579 1200 607 1226 δὲ
625 1199 665 1234 τῷ
675 1199 793 1234 δευτέρῳ
812 1198 888 1233 τόμῳ

93 1244 142 1271 τοῦ
168 1244 252 1272 αὑτοῦ
271 1245 366 1281 τρίτου
389 1245 512 1280 βιϐλίου,
540 1245 646 1280 ἑϐδόμῳ
671 1245 700 1270 δὲ
722 1245 797 1279 τόμῳ
819 1243 887 1276 ὄντι,

95 1289 155 1317 καθ’
178 1290 211 1326 ἣν
239 1290 354 1326 εἴπομεν
375 1290 429 1317 τῶν
451 1291 541 1325 τὸμων
568 1290 614 1317 τοῦ
642 1289 760 1325 ἀριθμοῦ
787 1289 889 1324 διαίρε-

95 1343 149 1367 σιν,
173 1336 202 1367 ὃς
226 1337 284 1362 ἐστι
300 1336 383 1371 τόμος
399 1335 524 1372 ἕϐδομος,
538 1336 585 1362 καὶ¹
599 1335 676 1367 τέλος
693 1336 743 1371 τῆς
757 1343 889 1370 πραγμα-

94 1381 181 1412 τείας,
203 1381 324 1416 αἱρέσεις
346 1381 488 1416 τέσσαρες,
505 1381 594 1407 οὕτω·
622 1382 787 1416 Διμοιρῖται,
811 1381 835 1406 οί
851 1380 888 1416 μὴ

94 1427 200 1454 τελείαν
216 1427 266 1463 τὴν
280 1427 399 1463 Χριστοῦ
417 1426 622 1463 ὲνανθρώπησιν
645 1426 849 1461 ὁμολογοῦντες,
863 1427 887 1452 ol

94 1473 143 1501 καὶ
156 1473 368 1509 Ἀπολιναρίται,
382 1474 406 1500 οἱ
418 1474 464 1500 καὶ
474 1473 523 1509 τὴν
539 1473 620 1507 ἁγίαν
632 1472 682 1507 τὴν
696 1471 887 1507 Ἀειπάροενον

95 1520 167 1555 μετὰ
180 1520 211 1547 τὸ
218 1520 264 1546 τὸν
275 1519 390 1555 Σωτῆρα
401 1520 579 1555 γεγενηκέναι
592 1518 630 1554 τῷ
644 1518 741 1553 Ἰωσὴφ
753 1518 888 1553 συνῆφθαι

937 927 965 950 et
978 923 1129 951 Eunomius
1140 924 1301 952 Anomaaus.
1314 924 1344 951 lu
1357 925 1479 952 secundo
1493 933 1559 952 vero
1573 929 1647 952 tomo
1661 926 1737 961 ejus-

940 969 1000 996 dem
1022 970 1096 997 tertii
1117 970 1191 1002 libri,
1214 970 1331 1004 septimo
1353 975 1444 998 autem
1467 978 1499 998 ex
1523 971 1659 998 divisione
1679 971 1736 1004 illa,

940 1023 1022 1051 quam
1048 1016 1181 1048 diximus,
1211 1017 1312 1052 quique
1340 1017 1437 1052 Operis
1466 1017 1550 1044 totius
1580 1022 1736 1052 postremus

939 1066 992 1094 est,
1020 1062 1139 1090 luereses
1166 1069 1284 1098 quatuor
1309 1067 1374 1090 sunt
1395 1073 1402 1090 :
1424 1063 1581 1096 Dimmritaz,
1611 1065 1658 1099 qui
1680 1073 1736 1092 non

939 1108 1090 1142 perfectam
1115 1108 1217 1136 Christi
1241 1109 1458 1136 incarnationem
1483 1110 1661 1143 conﬁtentur,
1688 1111 1736 1145 qui

940 1153 1023 1180 etiam
1038 1153 1226 1188 Apollinaritze
1245 1154 1424 1181 nominantur
1440 1163 1447 1181 :
1462 1159 1519 1181 tum
1546 1155 1593 1190 qui
1613 1159 1736 1183 sanctam

940 1199 1052 1226 Mariam
1079 1207 1186 1234 semper
1212 1200 1361 1235 virginem,
1387 1205 1531 1235 postquam
1567 1201 1737 1228 Salvatorem

940 1244 1044 1278 genuit,
1061 1251 1124 1271 cum
1141 1244 1260 1280 Joseplio
1277 1245 1458 1273 consuevisse
1471 1246 1577 1277 dicunt,
1596 1254 1667 1282 quos
1682 1250 1737 1273 An-

940 1290 1188 1317 tidicomarianitas
1220 1292 1425 1319 nominamus:
1448 1296 1475 1319 et
1502 1292 1548 1327 qui
1581 1292 1609 1319 in
1637 1299 1736 1320 nomen

939 1336 1063 1370 ejusdem
1088 1335 1180 1364 Mariae
1207 1337 1354 1372 collyridas
1380 1336 1508 1369 ollerunt,
1530 1338 1576 1373 qui
1603 1342 1737 1365 vocantur

939 1381 1130 1417 Collyridiani,
1147 1381 1316 1409 Massaliani.
1332 1382 1437 1415 Quibus
1454 1383 1584 1417 adjuncta
1598 1388 1738 1418 postremo

940 1430 982 1453 est
999 1426 1143 1454 catholica:
1180 1427 1242 1453 lidei
1265 1435 1297 1454 ac
1321 1427 1445 1454 veritatis
1468 1428 1671 1462 compendiaria
1688 1427 1738 1454 de-

940 1472 1039 1500 fensio.
1063 1473 1090 1499 In
1113 1480 1166 1508 qua
1190 1477 1286 1500 sancta
1314 1473 1448 1501 catholica
1468 1479 1495 1500 et
1516 1474 1666 1509 apostolica
1687 1472 1738 1500 Ec-

944 1518 1028 1546 clesia
1045 1519 1185 1546 consistit.

94 1566 229 1600 λέγοντες,
246 1566 293 1597 οὒς
308 1566 478 1602 ἐκαλέσαμεν
497 1564 794 1600 ’Λντιδικομαριανίτας
806 1572 813 1578 ·
839 1565 886 1591 καὶ
904 1565 928 1590 οί
940 1565 979 1596 εἰς
992 1563 1078 1599 ὄνομα
1089 1565 1139 1600 τῆς
1150 1565 1236 1600 αὐτῆς
1265 1565 1375 1601 Μαρίας
1386 1565 1537 1601 ξκολλυρίδα
1566 1565 1736 1602 προσφέρον-

94 1624 152 1647 τες,
172 1615 270 1645 οἵτινες
284 1613 428 1640 καλοῦνται
448 1611 661 1647 Κολλυριδιανοὶ,
681 1610 884 1637 Μασσαλιανοί·
904 1610 952 1637 καὶ
969 1611 1032 1645 περὶ
1059 1611 1109 1646 τῆς
1132 1611 1214 1646 ὀρθῆς
1242 1612 1360 1644 πίστεως
1393 1612 1440 1639 καὶ
1456 1612 1584 1648 ἀληθείας
1605 1613 1738 1648 ἀπολογία

96 1662 157 1697 μετ’
171 1659 305 1695 ἐπιτομῆς
315 1658 363 1686 τοῦ
376 1659 467 1693 λόγου,
491 1658 553 1693 ἥτις
567 1659 642 1684 ἐστὶν
655 1658 672 1694 ὴ
684 1658 749 1692 ἁγία
760 1658 891 1693 καθολικὴ
911 1657 958 1684 καὶ
973 1658 1137 1693 ἁποστολικὴ
1158 1658 1306 1694 Ἐκκλησία

131 1705 206 1742 Αὕτη
222 1707 239 1741 ἡ
261 1704 499 1739 ἁνακεῳαλαίωσις
515 1704 563 1731 καὶ
581 1704 722 1740 ἐπιγραφὴ
736 1705 786 1739 τῆς
802 1704 887 1739 πάσης

981 1702 1124 1738 Ejusmodi
1149 1708 1191 1731 est
1217 1712 1323 1731 summa
1347 1704 1568 1739 comprehensio,
1593 1713 1626 1732 ac
1652 1707 1738 1734 totius

95 1752 169 1779 κατὰ
188 1751 321 1787 αἱρέσεων
343 1751 508 1786 ὀγδοήκοντα
533 1750 735 1786 πραγματείας,
762 1751 810 1777 καὶ
839 1751 889 1786 μία

94 1798 146 1833 τῆς
156 1797 226 1832 ὑπὲρ
236 1797 362 1832 ἀληθείας
370 1796 518 1830 ἀπολογίας
529 1796 580 1831 τῆς
594 1796 687 1832 μόνης,
703 1796 828 1823 τουτέστι
840 1796 890 1831 τῆς

97 1844 244 1879 καθολικῆς
267 1843 314 1870 καὶ
335 1843 475 1879 ὁρθοόόξου
503 1841 677 1877 Ἐκκλησίας,
695 1843 724 1869 ὲν
742 1843 816 1877 τρισὶ
840 1842 889 1877 μὲν

97 1890 212 1925 βιϐλίοις
223 1891 413 1926 ὑποκειμένοις
430 1889 644 1924 συντεταγμένη,
666 1889 696 1915 ἐν
714 1889 785 1916 ἑπτὰ
805 1889 832 1915 δὲ
843 1889 890 1915 τό-

98 1945 161 1972 μοις
171 1935 391 1972 διαιρεθεῖσα,τὰ
405 1935 434 1962 δὲ
448 1934 552 1961 ἔνεστιν
564 1935 800 1969 ἀνακεφαλαίωσις
815 1935 890 1970 πρώ-

97 1991 146 2009 του
157 1982 240 2017 τόμου
255 1981 302 2008 τοῦ
318 1981 427 2017 πρώτου
443 1981 556 2016 βιϐλίου,
572 1980 618 2007 τοῦ
635 1980 706 2007 κατὰ
718 1980 771 2006 τῶν
789 1981 889 2007 εἴκοσιν

97 2028 232 2064 αἱρέσεων
242 2028 353 2064 ἐλέγχου
364 2028 434 2054 οὕτω
443 2036 449 2042 ·
467 2027 575 2062 πρῶτον
591 2026 640 2062 μὲν
652 2027 679 2052 αξ
694 2026 747 2054 τῶν
756 2026 889 2062 αἱρέσεων

98 2075 195 2102 πασῶν
209 2074 325 2110 μητέρες
338 2083 368 2100 τε
384 2075 429 2101 καὶ
445 2073 618 2109 πρωτότυποι
631 2073 677 2099 καὶ
690 2073 844 2108 ὀνομασίαι,
860 2072 889 2106 ἐξ

98 2119 136 2149 ὧν
149 2122 266 2158 μητέρες
280 2121 360 2148 πέντε
377 2121 405 2147 at
419 2120 497 2148 ἄλλαι
513 2119 647 2156 ἐφύησαν,
663 2119 709 2146 καί
725 2120 794 2146 εἰσιν
809 2115 889 2146 αὗται

99 2169 207 2206 πρῶται
220 2169 365 2204 τέσσαρες.

135 2215 235 2251 Πρώτη
251 2214 452 2251 Βαρὸαρισμὺς,
467 2215 528 2249 ἥτις
541 2214 601 2241 καθ’
616 2214 714 2249 ἑαυτήν
728 2213 796 2245 ἐστι,
814 2213 890 2248 διαρ-

100 2261 205 2288 κέσασα
215 2261 261 2295 ἀφ’
273 2261 384 2296 ἡμερῶν
394 2260 439 2287 τοῦ
455 2260 541 2295 Ἀδὰμ
551 2260 597 2286 ἐπὶ
604 2260 670 2286 δέκα
677 2259 773 2294 γενεὰς
782 2259 833 2291 ἕως
842 2259 888 2286 τοῦ

100 2306 172 2334 Νῶε.
193 2307 381 2344 Βαρϐαρισμὺς
390 2306 419 2333 δὲ
427 2306 557 2340 κέκληται
571 2306 625 2332 ἀπὸ
636 2305 683 2332 τοῦ
702 2305 739 2341 μὴ
752 2306 815 2337 τοὺς
828 2305 888 2332 τότε

99 2352 261 2388 ἀνθρώπους
279 2353 400 2388 ἀρχηγόν
416 2361 476 2379 τινα
495 2352 578 2387 ἔχειν,
602 2352 619 2387 ἢ
636 2351 700 2387 μίαν
716 2351 887 2386 συμφωνίαν,

943 1750 1034 1784 operis
1050 1750 1182 1778 adversus
1197 1750 1336 1785 octoginta
1359 1751 1477 1778 haereses
1499 1751 1654 1786 inscriptio,
1674 1760 1737 1780 cum

943 1796 1023 1823 unica
1047 1803 1079 1823 ac
1101 1796 1234 1832 singulari
1261 1796 1421 1824 defensione
1448 1797 1584 1830 veritatis,
1613 1798 1665 1825 hoc
1695 1803 1738 1826 est

944 1842 1025 1869 unius
1040 1842 1181 1874 Ecclesia).
1199 1847 1281 1877 atque
1298 1843 1450 1870 catholicae.
1467 1843 1544 1876 Quod
1561 1851 1630 1879 opus
1646 1844 1738 1872 distri-

943 1889 1038 1915 butum
1060 1889 1088 1915 in
1106 1893 1198 1923 partes
1219 1894 1285 1921 tres,
1305 1893 1395 1916 tomos
1416 1893 1519 1924 septem
1533 1890 1736 1924 complectitur.

943 1933 1022 1961 Nune
1043 1935 1122 1961 aliam
1143 1934 1273 1969 deinceps
1295 1934 1362 1962 tomi
1385 1934 1486 1969 prioris
1507 1935 1570 1962 libri
1587 1943 1736 1968 summam,

943 1988 975 2007 ac
995 1980 1189 2016 compendium
1208 1981 1403 2014 instituemus,
1420 1989 1475 2016 quo
1493 1981 1603 2016 quidem
1621 1981 1649 2008 in
1667 1981 1738 2010 libro

943 2025 1038 2060 viginti
1056 2026 1176 2053 haereses
1193 2024 1426 2057 continentukln
1443 2026 1540 2060 primis
1556 2026 1629 2053 enim
1648 2026 1737 2054 bane-

943 2079 1010 2098 seon
1025 2071 1147 2098 omnium
1163 2076 1275 2104 matres,
1292 2079 1324 2098 ac
1346 2071 1484 2107 primaria:
1502 2072 1710 2107 appellationes,
1721 2080 1738 2100 a

943 2118 1042 2153 quibus
1056 2122 1162 2145 caeteras
1178 2118 1439 2153 dimanarunt,‘sunt
1450 2118 1586 2153 ejusmodi
1607 2123 1737 2153 quatuor.

977 2209 1086 2237 Primus
1114 2213 1157 2236 est
1181 2208 1391 2240 Barbarismus,
1416 2207 1462 2243 qui
1485 2215 1534 2243 per
1558 2207 1679 2242 seipsnm
1703 2208 1739 2236 ab

941 2255 1047 2282 Adamo
1069 2255 1103 2282 ad
1121 2255 1214 2282 decem
1240 2255 1430 2289 generationes
1448 2257 1475 2281 et
1495 2252 1590 2280 Noemi
1615 2258 1739 2288 tempora

942 2301 1137 2336 perseveravit.
1163 2300 1216 2333 Qui
1242 2300 1436 2328 Barbarismus
1461 2303 1604 2334 propterea
1624 2299 1736 2332 dicitur,

941 2348 1014 2383 quod
1031 2346 1213 2374 vetustissimi
1231 2346 1270 2373 illi
1286 2346 1443 2372 mortalium
1456 2353 1544 2380 neque
1563 2349 1670 2373 certum
1690 2346 1738 2373 ali-

99 2399 160 2426 ὰλλ*
175 2400 214 2426 ὅτι
241 2400 295 2430 πᾶς
315 2407 356 2430 τις
376 2399 465 2434 ἐαυτῷ
481 2399 609 2434 ὲστοίχει,
629 2398 675 2424 καὶ
697 2398 778 2433 νόμος
800 2398 887 2433 ἑαυτῷ

942 2401 1023 2429 quem
1047 2397 1187 2420 auctorem
1206 2392 1354 2423 habebant,
1373 2399 1424 2419 nec
1444 2391 1516 2419 inter
1536 2399 1567 2419 se
1586 2392 1738 2419 consettic-

100 2445 173 2472 κατὰ
182 2445 230 2471 τὴν
251 2445 416 2480 προτίμησιν
435 2445 482 2472 τοῦ
498 2445 562 2472 ἰδίου
577 2444 745 2480 βουλήματος
755 2444 868 2478 ἐγίνετο.

137 2577 255 2613 Δευτὲρα
269 2576 421 2612 Σκυθισμος
443 2576 497 2603 απὸ
513 2575 567 2602 τῶν
583 2575 694 2611 ἡμέρων
705 2576 751 2601 του
767 2575 829 2601 Νῶε
841 2575 889 2601 καὶ

103 2625 249 2659 μετέπειτα
264 2624 327 2658 ἄχρι
335 2623 384 2657 τῆς
397 2621 444 2648 τοῦ
456 2621 560 2658 πύργου
572 2621 728 2656 οἰκοδομῆς,
744 2622 791 2647 καὶ
799 2620 888 2647 Βαϐυ-

103 2670 194 2702 λῶνος,
217 2670 264 2696 καὶ
285 2669 354 2704 μετὰ
374 2669 419 2695 τὸν
433 2668 480 2695 τοῦ
499 2669 603 2704 πύργου
617 2668 712 2703 χρόνον
726 2668 772 2694 ἐπὶ
789 2667 889 2701 ὀλίγοις

103 2716 184 2747 ἔτεσι,
205 2715 327 2742 τουτέστι
343 2714 433 2740 Φαλὲκ
453 2713 499 2740 καὶ
518 2713 645 2747 Ῥαγαοῦ,
667 2713 774 2744 οἵτινες,
792 2712 839 2738 ἐπ).
860 2712 891 2738 τὸ

101 2761 152 2796 τῆς
171 2760 305 2796 Εὐρώπης
326 2759 410 2794 κλίμα
430 2758 586 2790 νενευκότες
600 2758 638 2795 τῷ
649 2757 700 2793 τῆς
711 2757 829 2789 Σκυθίας
843 2757 891 2792 μέ-

103 2817 157 2844 ρει,
171 2809 218 2834 καὶ
233 2809 289 2839 τοῖς
308 2806 397 2833 αὐτῶν
412 2805 501 2833 ἔθνεσι
520 2804 749 2840 προσεκρίθησαν,
767 2803 821 2830 ἀπὸ
841 2804 892 2839 τῆς

101 2853 148 2880 τοῦ
161 2853 254 2889 Θήρας
267 2852 373 2888 ἡλικίας
388 2852 434 2879 καὶ
447 2850 586 2884 ἐπέκεινα,
605 2850 635 2882 ἐξ
649 2848 733 2886 οὗπερ
745 2851 769 2877 οἱ
782 2849 888 2886 Θρᾶκες

100 2899 239 2935 γεγόνασι.

943 2440 1026 2472 bant;
1053 2439 1101 2466 sed
1126 2438 1317 2473 unusquisque
1340 2445 1389 2473 pro
1411 2445 1461 2465 sua
1485 2438 1627 2465 voluntate
1652 2438 1737 2464 vitam

944 2485 1114 2516 instituebat,
1133 2491 1165 2512 ac
1181 2492 1231 2519 pro
1246 2484 1304 2519 lege
1319 2491 1398 2511 suum
1415 2484 1532 2520 quisque
1545 2488 1641 2512 nutum
1653 2489 1738 2520 atque

943 2531 1086 2558 arbitrium
1101 2531 1152 2558 sibi
1165 2530 1345 2565 proponebat.

980 2576 1134 2608 Secundus,
1159 2575 1332 2611 Scythismus
1351 2583 1366 2602 a
1385 2574 1482 2604 Noemi
1505 2576 1676 2612 temporibus
1700 2577 1734 2605 ad

943 2630 1031 2658 usque
1059 2623 1144 2650 turris
1177 2626 1204 2650 et
1234 2622 1381 2658 Babylonis
1413 2622 1674 2654 exaadilicationem,
1704 2630 1737 2650 ac

944 2673 1006 2704 post
1021 2668 1118 2695 turrim
1140 2668 1235 2702 paucis
1256 2668 1347 2695 adhuc
1369 2669 1450 2696 annis
1470 2669 1599 2701 obtinuit,
1621 2669 1672 2696 hoc
1694 2674 1737 2696 est

944 2721 1032 2749 usque
1056 2713 1089 2740 ad
1118 2713 1219 2740 Phalac
1250 2717 1277 2741 et
1301 2712 1424 2750 Rhagan,
1461 2715 1506 2749 qui
1537 2714 1571 2741 ad
1599 2713 1735 2748 Europam

945 2762 1118 2787 transeuntes
1132 2759 1158 2786 in
1174 2757 1336 2796 Scythiam,
1352 2767 1384 2787 ac
1399 2761 1524 2788 nationes
1537 2760 1670 2796 ejusmodi
1690 2768 1737 2795 pe-

944 2811 1088 2834 netrarunt
1102 2806 1136 2833 ab
1150 2804 1241 2834 Thare
1254 2806 1423 2842 temporibus
1436 2811 1463 2834 et
1477 2807 1542 2840 vita,
1554 2814 1569 2834 a
1581 2813 1636 2842 quo
1652 2805 1736 2833 Tlirao

944 2860 990 2881 ces
1003 2853 1110 2881 oriundi
1130 2858 1203 2880 sum.
