1944 3037
203 108 253 136 167

237 179 357 212 Tertius.
385 179 569 208 Hellenismus
594 181 679 216 coepit
704 190 718 208 ιι
748 181 862 208 Serurhi
889 187 994 217 tempo-
1011 186 1030 213 Α

201 226 288 254 ribus.
306 225 382 254 Unde
407 227 543 254 idolorum
558 227 649 254 cultus
668 227 774 254 initimn
795 227 899 254 habuit.
916 228 996 254 Cum-

201 280 255 307 que
274 275 339 298 tunc
357 273 488 307 temporis
509 272 576 299 falsa
598 273 714 307 quisque
733 273 927 307 superstitione
946 273 996 300 du-

202 321 324 350 ceretur,
339 318 468 353 deinceps
484 318 636 357 civiliorem
653 319 685 345 ad
704 327 794 350 usmn,
812 324 840 346 et
855 320 886 345 ad
905 324 994 347 certas

202 364 286 399 leges,
307 364 573 399 simulacrorumque
597 368 668 392 ritus
690 365 815 392 homines
833 373 894 392 sese
908 370 995 393 trans-

201 410 332 437 tulerunt.
353 409 474 442 Quorum
498 417 530 437 ex
558 410 718 445 praescripto
752 411 803 437 sibi
824 411 889 438 deos
911 411 995 438 tinxe-

203 459 275 481 runt.
298 453 337 480 Ac
359 454 476 489 primum
500 462 558 486 eos,
582 462 652 490 quos
676 455 702 481 in
729 455 832 482 honore
856 456 994 490 quondam

203 499 378 530 habuissent,
396 500 453 526 sive
471 503 620 534 tyrannos,
637 503 685 525 aut
701 500 928 534 praestigiator-es,
946 501 994 534 qui

203 545 380 572 memorabile
394 544 523 579 quiddam
538 545 564 572 in
582 545 638 572 vita
656 546 786 577 fel-erant,
806 553 838 572 ac
861 546 994 573 fortitudi-

203 591 255 622 nis,
274 595 301 617 et
316 590 422 618 roboris
441 590 547 618 illustre
567 591 705 626 specimen
726 591 881 621 ediderant.
900 591 994 627 depin-

203 643 267 670 gere
282 636 420 663 coloribus
438 641 465 664 et
487 637 640 664 assimilare
662 637 796 664 solebant.
814 637 912 664 Postea
930 644 994 664 vero

203 682 236 708 ab
255 682 344 709 Thare
366 683 451 716 patris
475 681 603 708 Abraami
631 686 753 716 tempore
774 682 932 709 simulacris
961 689 994 710 ac

204 727 304 753 statuis
333 727 458 753 eumdem
473 734 595 753 errorem
608 726 769 753 idololatria:
798 731 992 762 propagarunt.

202 772 308 807 Quippe
336 773 454 807 majores
478 780 543 800 suos
573 772 729 800 simulacris
755 772 940 805 honestantes,
961 780 994 800 ac

201 822 336 850 mortuos,
357 818 473 852 priunun
494 822 553 844 arte
573 817 664 852 ﬁglina
688 822 794 845 statuas
813 817 992 851 cilinxerunt;

570 107 744 136 EPIPHANH
763 105 987 136 RESCRIPTUM
1007 109 1053 136 AD
1073 109 1229 138 ACACIUM
1250 110 1294 138 ET
1315 110 1468 140 PAULUM.

1785 113 1836 140 168

1081 183 1166 219 Τρίτη
1190 183 1376 219 Ἑλληνισμὸς,
1401 183 1455 210 ἀπὸ
1477 182 1531 210 τῶν
1547 183 1652 218 χρόνων
1673 182 1721 210 τοῦ
1735 184 1836 219 Σεροὺγ

1047 229 1241 265 ἐναρξάμενος,
1249 230 1292 256 διά
1299 238 1340 256 τοι
1348 229 1398 264 τῆς
1409 229 1638 266 εἰδωλολατρείας.
1650 230 1696 257 καὶ
1704 231 1742 260 ὡς
1752 232 1838 258 ἐστοί-

1046 283 1110 309 χουν
1124 274 1154 300 τὸ
1165 275 1314 309 τηνικαῦτα
1325 275 1440 304 ἕκαστος
1454 275 1525 301 κατά
1537 284 1598 302 τινα
1614 275 1837 311 δεισιδαιμονίαν,

1047 320 1093 345 ἐπὶ
1103 320 1133 346 τὸ
1145 320 1245 355 μᾶλλον
1253 319 1474 355 πολιτικώτερον,
1482 321 1529 347 καὶ
1540 321 1586 347 ἐπὶ
1596 321 1644 355 ἔθη
1653 321 1700 347 καὶ
1708 321 1836 356 θεσμιύς.

1047 366 1172 393 Εἰδώλων
1184 367 1274 401 μέντοι
1284 375 1316 400 γε
1327 366 1499 402 ὲναρξάμενα
1515 366 1659 393 τάττεσθαι
1677 367 1711 393 τὰ
1722 367 1776 394 τῶν
1790 368 1838 394 ἁν-

1047 412 1164 449 θρὼττων
1180 413 1258 447 γένη,
1272 410 1314 444 οἷς
1328 413 1388 439 τότε
1403 414 1596 449 στοιχήσαντες
1610 413 1776 446 ὲθεοποιουν,
1793 414 1838 441 διὰ

1049 459 1098 493 μὲν
1114 459 1266 494 χρωμάτων
1278 459 1473 494 διαγράφοντες
1487 459 1536 494 τὴν
1549 459 1646 495 ἀρχὴν,
1661 460 1709 486 καὶ
1723 461 1838 487 ammo-

1046 504 1166 537 νίζοντες
1180 506 1242 537 τοὺς
1256 505 1340 532 πάλαι
1355 506 1419 541 παρ’
1434 506 1524 537 αὐτοῖς
1537 505 1745 541 τετιμημένους,
1758 507 1774 542 ἢ
1788 516 1838 533 τυ-

1048 553 1172 588 ράννους,
1192 552 1207 587 ἢ
1224 552 1334 587 γόητας,
1350 552 1367 588 ἦ
1381 552 1457 583 τινάς
1469 561 1496 578 τι
1511 552 1664 588 δράσαντας
1679 554 1708 579 ὲν
1723 553 1762 588 τῷ
1776 553 1837 589 βίῳ,

1048 600 1158 634 μνήμης
1176 607 1202 624 τι
1216 598 1311 625 δοκοῦν
1333 598 1423 630 ἄξιον,
1444 598 1477 624 δι’
1491 598 1578 634 ἀλκῆς
1597 607 1642 631 τε,
1667 598 1684 634 ἦ
1703 600 1838 634 σωμάτων

1047 645 1207 680 εὺρωστίας,
1223 644 1319 671 ἔπειτα
1333 644 1361 671 δὲ
1376 644 1430 670 ἀπὸ
1442 644 1496 670 τῶν
1512 644 1614 679 χρόνων
1628 644 1675 670 τοῦ
1684 644 1777 680 essent
1789 644 1836 671 τοῦ

1047 690 1150 726 πατρὸς
1169 690 1294 726 Ἀὃραὰμ
1310 690 1357 717 καὶ
1374 690 1408 716 δι’
1425 689 1590 725 ἀγαλμάτων
1603 690 1652 725 τὴν
1670 689 1773 725 πλάνην
1786 691 1837 725 τῆς

1047 735 1268 771 εἰδωλολατρείας
1289 736 1511 771 εἰσηγησάμενοι,
1528 735 1592 766 τοὺς
1608 735 1712 762 ἑαυτῶν
1733 735 1837 771 προπά-

1046 790 1129 816 τορας
1151 782 1184 808 δι’
1202 782 1404 816 ἀπεικονισμῶν
1426 781 1612 817 τετιμηκότες,
1634 782 1680 808 καὶ
1697 781 1759 813 τοὺς
1782 782 1836 817 πρὸ

1047 827 1136 854 αὐτῶν
1151 827 1378 862 τετελευτηκότας
1391 827 1599 862 τεχνησάμενοι,
1618 827 1649 853 ὲκ
1666 828 1836 863 κεραμεικῆς

201 868 259 890 tum
282 863 315 890 ad
336 870 433 890 omnes
453 867 526 890 artes
552 863 676 890 imitandi
699 863 821 898 pervenit
844 864 991 890 industria.

1045 871 1200 907 ἐπιστήμης
1211 872 1240 898 τὸ
1257 872 1373 907 πρῶτον,
1388 871 1482 898 ἔπειτα
1499 871 1617 906 ἑκάστης
1630 871 1729 907 τέχνης
1747 879 1835 910 μιμη-

201 909 268 936 Nam
302 915 329 936 et
351 909 494 936 architecti
518 909 601 937 sectis
625 909 771 944 lapidibus,
795 909 943 944 argentarii
966 913 994 936 et

201 955 349 987 auriﬁces,
377 963 428 982 nec
449 963 504 982 non
523 955 593 982 fabri
617 963 666 982 sua
689 956 790 990 quique
814 955 939 985 materia.
961 962 993 982 ac

199 1003 298 1037 reliqui
318 1003 448 1038 deinceps
461 1002 562 1038 etligies
579 1002 664 1030 moliti
680 1007 756 1030 sunt.
773 1001 856 1029 Primi
870 1002 993 1030 oxnnium

200 1052 320 1087 [Egyplii
341 1059 373 1079 ac
388 1050 546 1087 Babylonii,
573 1059 623 1079 nec
640 1059 695 1079 non
725 1051 847 1086 Phryges
869 1058 902 1077 ac
915 1049 993 1078 Plite-

201 1099 276 1126 niees
313 1099 499 1134 superstitiosi
533 1099 635 1130 cultus,
663 1102 691 1125 et
720 1098 933 1125 simulacrorum
960 1104 992 1124 ac

199 1145 390 1180 mysteriorum
412 1149 539 1172 auctores
558 1145 731 1173 exstiterunt.
745 1146 766 1171 Α
785 1144 885 1179 quibus
907 1144 993 1179 plera-

199 1199 253 1225 que
274 1194 338 1218 sunt
357 1191 391 1218 ad
410 1191 520 1218 Graecos
542 1192 675 1219 translata
691 1200 698 1218 :
713 1191 769 1226 jam
787 1195 844 1218 tum
862 1191 896 1217 ab
912 1194 991 1218 aetate

199 1230 340 1273 Cecropis,
359 1242 386 1266 et
412 1238 550 1273 deinceps.
573 1238 671 1266 Postea
694 1246 759 1266 vero
781 1239 863 1273 longo
881 1237 990 1265 demum

201 1283 343 1310 intervallo
357 1282 516 1313 Saturnum.
532 1283 647 1315 Rheam,
660 1282 764 1315 Jovem,
777 1283 942 1318 Apollinem,
959 1290 991 1310 ac

201 1329 320 1362 reliquos
339 1328 404 1356 deos
418 1328 557 1356 celebrare
570 1331 728 1363 coeperuntJ

234 1375 426 1402 Grzecinomen
437 1375 471 1401 ab
478 1374 588 1402 llellcne
598 1374 813 1410 quodamlsortiti
823 1379 896 1405 sunt.
904 1375 950 1410 qui
962 1375 989 1402 in

199 1417 303 1444 Graecia
317 1418 448 1453 degensei
464 1418 786 1454 regioniappellationem
800 1419 908 1446 indidit.
919 1418 990 1446 Sunt

199 1464 246 1498 qui
260 1461 294 1491 ab
307 1465 383 1495 cla-a.
398 1465 450 1491 hoc
465 1469 508 1492 est
524 1465 604 1498 oliva,
622 1472 683 1499 qua:
700 1465 814 1492 Athenis
826 1469 920 1492 exorta
935 1468 987 1497 est,

200 1515 372 1545 nuncupatos
393 1518 454 1538 esse
476 1511 570 1538 velint.
586 1510 673 1545 Hujus
689 1511 798 1545 generis
816 1515 943 1538 auctores
957 1518 990 1538 ac

199 1555 354 1583 conditores
368 1555 446 1584 Iones
459 1557 584 1584 fuerunt:
595 1559 625 1583 ut
636 1565 669 1584 ex
688 1557 859 1584 accuratiore
877 1557 990 1584 historia

199 1601 506 1636 constat.quiabJavan
520 1602 638 1636 quodam
654 1603 780 1637 appellati
797 1606 873 1632 sunt.
890 1610 943 1629 uno
958 1610 992 1629 ex

200 1647 244 1678 iis,
259 1649 305 1682 qui
318 1648 415 1674 turrim
424 1652 631 1681 exstruxerunt,
641 1648 751 1683 quando
763 1649 990 1683 lingutcomnlum

200 1693 295 1720 divisae
310 1697 384 1720 sunt.
401 1693 486 1726 Quam
500 1694 534 1720 ob
543 1701 654 1721 causam
665 1693 788 1729 Meropas
797 1702 893 1722 omnes
903 1695 991 1721 vocati

200 1744 265 1767 sunt
276 1739 311 1766 ab
323 1739 457 1766 divisione
469 1739 738 1774 linguarumJ’ostea
756 1747 820 1767 vero
832 1740 993 1767 recentiori-

200 1785 252 1812 bus
264 1785 433 1820 temporibus
446 1785 539 1812 Graeca
552 1786 710 1820 superstitio
722 1790 811 1813 certas
826 1786 853 1812 in
863 1787 990 1817 hzereses,

201 1838 233 1857 ac
247 1835 336 1857 sectas
352 1830 439 1864 abiit}:
459 1835 553 1865 utputa
569 1830 811 1865 Pythagoreorum.
824 1831 990 1863 Stoicorum,

201 1875 424 1906 Platonicorum,
448 1875 660 1910 Epicureorum,
690 1880 733 1903 etc
773 1875 873 1902 Eodem
909 1883 992 1911 porro

201 1926 324 1955 tempore
352 1921 462 1955 propria
483 1921 568 1949 forma
594 1929 625 1949 ac
647 1926 710 1949 nota
738 1930 808 1949 vcrze
831 1923 940 1956 pietatis
964 1925 992 1949 et

201 1967 341 2002 religionis
360 1967 475 1998 exstitit,
498 1974 551 1994 una
566 1975 628 1994 cum
656 1969 714 2003 lege
731 1973 854 1999 naturte;
875 1975 936 2003 qua),
957 1968 992 1995 ab

201 2014 308 2049 origine
334 2013 427 2040 mundi
457 2021 518 2040 sese
539 2014 573 2041 ab
598 2014 652 2042 illis
677 2015 835 2042 nationibus
860 2019 992 2050 perpetuo

201 2060 363 2095 segregavit,
384 2060 418 2086 ad
436 2059 506 2086 hanc
524 2067 611 2094 usque
630 2061 713 2092 diem,
737 2061 808 2087 inter
832 2060 989 2092 Barbaram,

202 2106 358 2142 Scythicam
381 2105 558 2140 Graecamque
589 2106 813 2140 superstitionem
835 2106 989 2140 iuterjecla,

202 2152 289 2179 donec
315 2160 377 2178 cum
406 2151 534 2178 Abraami
565 2151 664 2186 pietate
689 2152 799 2179 coaluit.
827 2150 895 2178 Tum
926 2159 991 2179 vero

1045 917 1178 954 σαμὲνης,
1192 918 1328 953 οἰκοδόμοι
1344 918 1393 953 μὲν
1407 917 1479 944 λίθον
1496 918 1633 951 ξέσαντες,
1647 917 1836 952 ἀργυροκόποι

1043 964 1082 994 δὲ,
1099 965 1146 991 καὶ
1164 964 1307 1000 χρυσοχόοι
1326 963 1370 990 διὰ
1395 964 1444 999 τῆς
1466 963 1532 995 ιδίας
1553 963 1618 999 ὕλης
1632 963 1834 998 τεκτονάμενοι,

1044 1009 1115 1037 οὕτω
1124 1009 1171 1036 καὶ
1180 1009 1316 1040 τέκτονες,
1329 1009 1376 1036 καὶ
1386 1009 1411 1035 οἱ
1420 1008 1547 1044 καθεξῆς.
1565 1008 1708 1043 Αἰγύπτιοι
1717 1009 1745 1035 δὲ
1754 1009 1834 1044 ὁμοῦ.

1044 1055 1091 1082 καὶ
1113 1053 1289 1085 Βαϐυλώνιοι,
1315 1054 1362 1080 καὶ
1379 1053 1494 1088 Φρύγες,
1520 1053 1566 1079 καὶ
1577 1053 1699 1084 Φοίνικες
1718 1051 1835 1087 ταυτησὶ

1043 1101 1093 1136 τῆς
1108 1101 1257 1136 θρησκείας
1269 1099 1370 1135 πρῶτοι
1385 1099 1528 1134 εἰσηγηταὶ
1544 1099 1697 1132 γεγόνασιν,
1709 1097 1834 1133 ἀγαλμα-

1042 1148 1165 1179 τοποιίας
1179 1156 1207 1173 τε
1232 1147 1279 1172 καὶ
1301 1145 1458 1181 μυστηρίων
1469 1153 1476 1160 ·
1502 1145 1548 1179 ἀφ’
1560 1141 1598 1171 ὧν
1615 1144 1649 1171 τὰ
1664 1144 1777 1170 πλεῖστα
1793 1144 1834 1175 εἰς

1044 1192 1177 1227 ’Έλληνας
1191 1192 1342 1226 μετηνέχθη
1359 1191 1412 1217 ἀπὸ
1425 1191 1474 1225 τὴς
1489 1189 1631 1226 Κέκροπος
1652 1189 1770 1224 ἡλικίας.
1788 1189 1836 1215 καὶ

1043 1237 1161 1273 καθεξῆς
1173 1248 1179 1254 ·
1204 1238 1353 1273 μετέπειτα
1367 1238 1395 1264 δὲ
1412 1237 1459 1263 καὶ
1479 1237 1584 1272 ὑστέρῳ
1604 1235 1670 1262 πολὺ
1692 1236 1756 1266 τοὺς
1770 1235 1836 1270 περὶ

1042 1286 1146 1321 Κρόνον
1156 1286 1202 1311 καὶ
1224 1285 1312 1315 Ῥέαν,
1331 1285 1380 1310 Δία
1394 1293 1423 1310 τε
1440 1284 1488 1310 καὶ
1510 1282 1673 1314 Ἀπόλλωνα,
1708 1281 1755 1309 καὶ
1768 1281 1835 1308 καθ-

1041 1333 1106 1367 εξῆς
1119 1332 1195 1363 θεοὺς
1205 1331 1446 1366 ἀναγορεύσαντες.

1078 1378 1207 1413 Ἕλληνες
1223 1376 1251 1404 δὲ
1267 1377 1413 1412 κέκληνται
1435 1376 1490 1403 ἀπὸ
1503 1375 1633 1411 Ἐλληνός
1652 1382 1724 1405 τινος
1738 1373 1836 1409 ἀνδρὸς

1041 1423 1095 1451 τῶν
1106 1425 1134 1450 ἐν
1150 1425 1184 1459 τῇ
1197 1423 1302 1450 Ἐλλάδι
1315 1421 1530 1457 κατῳκηκότων·
1546 1421 1584 1452 ὡς
1598 1422 1625 1447 δὲ
1639 1420 1728 1455 ἕτεροί
1741 1428 1835 1454 φασιν,

1041 1470 1095 1497 ἀπὸ
1107 1469 1156 1503 τῆς
1169 1469 1262 1498 ἐλαίας
1273 1468 1322 1503 τῆς
1339 1469 1367 1494 ἐν
1384 1467 1509 1503 Ἀθήναις
1524 1467 1723 1502 βλαπησάσης.
1742 1467 1835 1498 Ἴωνες

1032 1515 1071 1541 ·δὲ
1091 1514 1195 1541 τούτων
1211 1515 1328 1549 ἀρχηγοὶ
1351 1513 1504 1547 γεγόνασιν,
1528 1512 1566 1543 ὡς
1588 1512 1644 1547 ἔχει
1663 1513 1680 1546 ἡ
1697 1511 1834 1548 ἀκρίϐεια,

1042 1561 1096 1587 ἀπὸ
1109 1560 1156 1586 τοῦ
1175 1560 1284 1591 Ἰουνᾶν,
1302 1560 1360 1591 ἐνὸς
1373 1559 1468 1594 ἀνδρὸς
1484 1558 1537 1585 τῶν
1552 1558 1597 1585 τὸν
1614 1558 1717 1593 πύργον
1733 1557 1835 1583 οἰκοδο-

1044 1607 1200 1642 μησάντων,
1207 1607 1252 1632 ὅτε
1263 1606 1290 1632 αἱ
1301 1605 1422 1640 γλῶσσαι
1432 1604 1642 1640 διεμερίσθησαν
1652 1603 1706 1630 τῶν
1714 1603 1833 1629 πάντων.

1042 1656 1081 1681 Δι’
1094 1655 1127 1690 ἣν
1142 1653 1231 1680 αἰτίαν
1247 1653 1294 1680 καὶ
1303 1652 1429 1685 Μέροπες
1444 1652 1546 1683 πάντες
1561 1651 1716 1685 κέκληνται,
1731 1650 1775 1676 διὰ
1784 1650 1834 1684 τὴν

1044 1700 1249 1736 μεμερισμένην
1266 1700 1368 1734 φωνήν.
1390 1698 1522 1733 Ὕστερον
1536 1697 1563 1723 δὲ
1575 1698 1589 1723 ὁ
1608 1695 1783 1732 Ἑλληνισμὸς
1794 1696 1834 1726 εἰς

1042 1745 1162 1780 αἱρέσεις
1178 1744 1294 1775 κατέστη
1309 1744 1458 1779 κατωτέρῳ
1470 1742 1508 1777 τῷ
1522 1743 1612 1778 χρόνῳ
1625 1750 1632 1757 ·
1649 1743 1720 1776 φημὶ
1733 1741 1761 1767 δὲ
1778 1741 1834 1767 Πυ-

1043 1790 1203 1826 θαγορείων,
1218 1791 1265 1817 καὶ
1278 1790 1414 1822 Στωϊκῶν,
1427 1789 1473 1816 καὶ
1486 1787 1676 1820 Πλατωνικῶν,
1692 1787 1740 1814 καὶ
1758 1787 1834 1813 Ἐπι-

1042 1836 1184 1871 κουρείων,
1191 1835 1239 1862 xz).
1244 1835 1355 1862 λοιπῶν.
1362 1834 1522 1865 Θεοσεϐείας
1527 1833 1554 1859 δὲ
1561 1833 1703 1869 χαρακτὴρ
1711 1833 1835 1867 ὑπῆρχεν

1043 1884 1102 1918 ἅμα
1116 1883 1162 1909 καὶ
1177 1883 1191 1908 ὁ
1209 1883 1278 1917 μετὰ
1289 1881 1370 1916 φύσιν
1384 1881 1475 1916 νόμος,
1488 1880 1694 1914 πολιτευόμενος
1706 1879 1759 1905 ἀπὺ
1774 1878 1834 1904 τοὺ-

1041 1938 1096 1956 των
1110 1929 1164 1956 τῶν
1176 1928 1273 1961 ἐθνῶν,
1287 1928 1382 1954 ἑαυτὸν
1395 1926 1532 1962 ἀφορίζων
1547 1927 1600 1953 ἀπὸ
1609 1926 1659 1961 τῆς
1672 1925 1718 1952 τοῦ
1729 1925 1833 1960 κόσμου

1042 1974 1195 2009 καταϐολῆς
1212 1974 1259 2000 καὶ
1272 1973 1362 2008 δεῦρο,
1380 1973 1460 2007 μέσος
1476 1971 1616 2007 τυγχάνων
1632 1970 1833 2006 βαρϐαρισμοῦ,

1043 2021 1090 2046 καὶ
1105 2019 1270 2054 Σκυθισμοῦ,
1288 2019 1336 2045 καὶ
1355 2017 1543 2052 Ἑλληνισμοῦ,
1568 2017 1620 2048 ἕως
1633 2017 1695 2043 ὅτου
1710 2015 1833 2051 συνήφθη

1042 2069 1076 2103 τῇ
1099 2067 1226 2102 Ἀϐραὰμ
1237 2065 1388 2100 θεοσεϐείᾳ.
1412 2065 1466 2091 Καὶ
1483 2063 1631 2099 μετέπειτα
1654 2062 1833 2097 Ἰουδαῖσμὺς,

1042 2113 1096 2139 ἀπὸ
1116 2112 1171 2139 τῶν
1192 2112 1296 2147 χρόνων
1320 2110 1446 2146 Ἀῦραὰμ
1465 2110 1511 2136 τὸν
1533 2109 1694 2146 χαρακτῆρα
1715 2107 1834 2143 εἰληφὼς

1043 2161 1089 2186 καὶ
1112 2160 1141 2185 ἐν
1160 2159 1263 2194 Μωῦσῇ
1282 2158 1388 2193 ἑϐδόμῳ
1408 2157 1463 2184 ἀπὸ
1479 2156 1614 2192 Ἀϐραὰμ,
1632 2155 1675 2182 διὰ
1692 2155 1739 2182 τοῦ
1758 2155 1833 2190 αὐτῴ

200 2198 359 2226 Judaismus
376 2199 410 2225 ab
428 2197 576 2225 Abrahami
595 2198 764 2232 temporibus
781 2197 920 2232 propriam
939 2197 990 2224 for-

1045 2204 1163 2236 δοθέντος
1177 2204 1260 2239 νόμου
1273 2203 1325 2230 ὑπὸ
1339 2203 1386 2230 τοῦ
1395 2203 1462 2229 Θεοῦ
1476 2202 1647 2233 πλατυνθείς.
1668 2202 1734 2228 Ἀπὸ
1744 2202 1772 2228 δὲ
1785 2202 1831 2228 τοῦ

202 2251 274 2270 mam
292 2243 408 2278 adeptus
419 2263 426 2275 ,
442 2251 474 2270 ac
490 2250 536 2277 per
551 2242 660 2277 Moysen
682 2243 715 2269 ab
732 2243 888 2269 Abrahamo
908 2242 992 2278 septi-

202 2297 288 2322 mum,
302 2297 334 2316 ac
351 2290 436 2324 legem
451 2297 466 2315 a
484 2289 538 2316 Deo
555 2289 684 2315 traditam
702 2288 901 2323 amplilicatus,
917 2293 944 2315 et
957 2289 992 2316 ab

201 2333 271 2361 Juda
290 2340 388 2369 quarto
406 2334 499 2362 Jacobi
524 2334 588 2366 lilio,
610 2334 658 2368 qui
680 2338 707 2361 et
731 2332 811 2360 Israel
835 2334 992 2362 nominatus

202 2385 255 2410 est,
271 2388 317 2414 per
333 2380 459 2408 Davidem
472 2401 479 2413 ,
493 2381 539 2415 qui
556 2381 660 2415 primus
675 2387 690 2406 e
706 2379 778 2406 tribu
790 2379 859 2406 Juda
878 2387 991 2414 regnum

203 2431 347 2453 assecutus
364 2431 416 2458 est,
433 2427 584 2461 perfectum
597 2425 732 2453 Judaismi
749 2433 846 2452 nomen
861 2426 991 2452 obtinuit.

203 2471 350 2506 Perspicua
371 2473 444 2499 enim
460 2473 609 2507 Apostolus
626 2472 660 2499 de
678 2477 796 2506 quatuor
812 2471 866 2498 illis
882 2471 993 2498 haeresi-

204 2517 256 2544 bus
272 2517 428 2543 summatim
447 2517 561 2551 loquens
576 2517 629 2544 ista
644 2517 713 2544 αἰχιι
730 2527 736 2544 :
753 2516 786 2542 In
800 2516 906 2542 Christo
921 2518 991 2542 enim

202 2562 268 2590 Jesu
284 2570 363 2594 neque
378 2562 513 2589 Barbarus
527 2583 533 2595 ,
548 2571 629 2598 neque
643 2563 757 2598 Scytha,
772 2571 852 2597 neque
865 2562 972 2589 Orneus
982 2583 989 2594 ,

204 2617 284 2644 neque
295 2608 417 2641 Judwus,
435 2609 479 2635 sed
491 2618 556 2636 nova
571 2614 694 2636 creatura
707 2611 726 2635 ι.
743 2608 898 2636 Graecorum
910 2616 992 2644 porro

203 2655 255 2682 ista
273 2660 335 2682 sunt
347 2655 516 2682 discrimina.

239 2701 410 2736 Pythagorei,
427 2700 486 2730 sive
500 2700 674 2736 Peripatetici
696 2701 839 2728 monadem
858 2706 886 2728 et
904 2702 993 2735 provi—

203 2745 323 2773 dentiam
346 2750 540 2779 asserueruut;
557 2746 610 2774 diis
630 2746 678 2781 qui
698 2747 779 2781 vulgo
799 2747 933 2774 habentur
948 2754 993 2773 sa-

203 2793 344 2825 crilieare,
372 2792 497 2820 animatis
521 2792 612 2824 vesci,
639 2799 670 2819 ac
698 2792 761 2821 vino
788 2794 826 2820 uti
852 2792 992 2828 prohibuit

241 2850 371 2886 ‘~Coloss.
388 2857 436 2884 ul;
452 2849 473 2878 ll
486 2849 550 2878 Cor.
563 2858 589 2883 v,
608 2850 653 2876 l7.

1049 2250 1132 2277 Ἰούδα
1149 2250 1279 2285 τετάρτου
1299 2249 1357 2276 υἱοῦ
1374 2249 1421 2276 τοῦ
1442 2248 1550 2280 Ἰακὼϐ,
1570 2248 1617 2274 τοῦ
1641 2247 1832 2282 ἐπικληθέντος

1048 2296 1167 2332 Ἰσραὴλ,
1183 2295 1226 2322 διὰ
1236 2295 1319 2322 Δαὸὶδ
1327 2295 1374 2321 τοῦ
1382 2293 1490 2330 πρώτου
1504 2293 1712 2329 βασιλεύσαντος
1720 2293 1775 2319 ἀπὸ
1783 2293 1832 2328 τῆς

1041 2343 1088 2368 τοῦ
1107 2341 1189 2368 αὑτοῦ
1209 2341 1293 2368 Ἰούδα
1313 2340 1415 2375 φυλῆς,
1438 2340 1468 2366 τὸ
1481 2339 1582 2366 τέλειον
1602 2340 1648 2366 τοῦ
1668 2338 1832 2373 Ἰουδαϊσμοῦ

1041 2387 1127 2422 ὄνομα
1147 2386 1367 2422 κεκληρωμένος.
1394 2384 1491 2420 Σαφῶς
1514 2385 1567 2421 γὰρ
1582 2385 1646 2420 περὶ
1664 2383 1766 2410 τούτων
1777 2383 1832 2409 τῶν

1041 2434 1181 2468 τεσσάρων
1196 2433 1328 2468 αἱρέσεων
1341 2433 1355 2458 ὁ
1368 2431 1527 2462 ’Δπόστολος
1538 2430 1675 2465 ὲπιτεμὼν
1692 2429 1744 2464 ἔφη
1754 2437 1761 2443 ·
1781 2429 1832 2455 Ἐν

1042 2481 1097 2514 γὰρ
1111 2478 1226 2513 Χριστῷ
1244 2479 1341 2512 Ἰησοῦ
1355 2480 1390 2505 οὺ
1407 2477 1567 2512 Βάρόίιρος,
1583 2478 1618 2504 οὺ
1635 2476 1762 2509 Σκύθης,
1774 2475 1829 2508 οὐχ

1044 2526 1172 2559 Ἕλλην,
1185 2526 1240 2551 οὐκ
1258 2524 1408 2557 Ἰουδαῖος,
1422 2523 1503 2551 ἀλλὰ
1517 2522 1605 2556 καινὴ
1619 2522 1727 2554 κτίσις,
1739 2520 1831 2554 Ἐλλη-

1043 2580 1095 2598 νων
1108 2571 1244 2606 διαφοραί,

1078 2699 1266 2734 Πυθαγόρειοι,
1295 2698 1384 2725 εῖτουν
1415 2697 1644 2733 Περιπατητικοί·
1671 2697 1715 2723 τὸν
1729 2695 1829 2731 μονάδα

1043 2747 1090 2772 καὶ
1102 2746 1239 2782 πρόνοιαν,
1252 2747 1297 2772 καὶ
1308 2745 1336 2771 τὺ
1348 2745 1463 2772 κωλύειν
1475 2745 1585 2771 θύεσθαι
1594 2745 1648 2775 τοῖς
1657 2743 1736 2778 δῆθεν
1746 2742 1827 2773 θεοῖς,

1043 2792 1203 2827 Πυθαγόρας
1219 2791 1403 2826 ἐδογμάτισεν,
1416 2791 1544 2826 ἐμψύχων
1553 2799 1582 2817 τε
1600 2791 1637 2826 μὴ
1651 2788 1828 2825 paulatimd-
