1944 3037
124 129 179 158 169

508 126 686 158 EPIPHANII
699 130 921 160 RESCNPTUM
940 133 986 160 AD
998 133 1154 162 ACACIUM
1173 133 1220 162 ET
1235 131 1391 162 PAULUM.

1706 132 1720 160 Ι
1725 129 1760 160 70

121 195 190 217 νειν,
204 185 258 213 ἀπὸ
269 186 341 212 οἴνου
353 182 382 212 δὲ
398 186 623 222 ἐγκρατεὺεσθαι.
643 186 756 222 Διώριζε
771 187 800 214 δὲ
815 187 874 222 ἅμα
884 188 917 214 τὰ

973 188 1148 224 Pythagoras.
1166 190 1239 218 ldem
1255 197 1316 225 qua:
1332 189 1367 217 ab
1383 190 1448 216 luna
1465 194 1575 217 sursum
1587 192 1698 225 patent.
1713 189 1762 217 im:

122 232 178 260 ἀπὸ
194 232 318 267 σελήνης,
331 233 378 258 καὶ
390 233 424 259 τὰ
438 233 493 259 ἄνω
507 233 630 260 ἀθάνατα
644 233 742 267 λέγων,
757 233 792 259 τὰ
805 233 833 260 δὲ
852 234 918 260 ὐπο-

121 280 200 306 κάτω
219 277 313 312 Θνητὰ,
340 278 545 313 μεταγγισμούς
566 287 595 304 τε
610 278 704 313 ψυχῶν
717 278 771 304 ἀπὸ
785 279 918 314 σωμάτων

121 327 163 355 εἰς
175 324 298 358 σώματα,
310 323 374 358 ἄχρι
387 323 464 355 ζώων
477 324 525 350 καὶ
535 324 688 350 κνωδάλων.
703 324 810 360 Σιωπὴν
821 324 849 351 δὲ
860 325 918 359 ἅμα

121 371 217 397 ἀσκεῖν
229 369 276 395 ἐπὶ
288 369 384 404 χρόνον
395 369 476 396 πέντε
485 370 553 396 ἐτῶν
569 370 701 397 ἐδίδασκε.
716 371 753 397 Τὸ
765 370 918 397 τελευταῖον

120 415 150 442 δὲ
163 415 259 442 ἑαυτὸν
273 415 332 442 θεὸν
354 414 490 450 ὠνόμασε.

159 461 329 488 Πλατωνικοὶ
343 460 420 494 Θιὸν,
434 462 482 488 καὶ
494 459 575 493 εἶδος,
589 462 634 489 καὶ
647 462 694 489 τὸν
707 462 809 497 κόσμον
823 470 919 497 γεννη-

121 507 168 534 τὸν
183 508 230 534 καὶ
245 507 365 544 φθαρτὸν
382 508 516 545 ὑπάρχον,
540 509 590 543 τὴν
607 508 696 545 ψυχὴν
715 508 743 535 δὲ
759 508 917 543 ἀγέννητον,

121 554 171 581 καὶ
185 554 329 587 ἀθάνατον,
350 553 397 581 καὶ
417 554 501 582 θείαν.
520 553 596 582 Εἶναι
608 555 637 582 δὲ
659 555 745 590 αὐτῆς
756 555 820 591 τρία
835 555 917 591 μέρη,

121 599 247 634 λογικὸν,
266 599 397 636 θυμικὸν,
419 600 628 637 ἐπιθυμητικόν.
656 601 712 632 Τὰς
735 601 763 628 δὲ
786 603 918 636 γυναῖκας

121 646 215 678 κοινὰς
230 647 287 678 τοῖς
299 647 366 673 πᾶσι
383 647 517 681 γίνεσθαι,
531 648 578 674 καὶ
594 647 696 683 μηδένα
707 648 771 683 μίαν
783 647 855 683 ἔχειν
870 656 919 681 γα-

123 694 209 728 μετὴν
231 693 309 726 ίδίαν,
329 693 397 720 ἀλλὰ
423 694 486 726 τοὺς
506 693 634 725 θέλοντας
657 693 717 725 ταῖς
742 693 918 729 βουλομέναις

122 740 253 766 συνεῖναι.
277 739 474 774 Μεταγγισμὺν
496 739 524 766 δὲ
541 739 674 771 ὡσαύτως
694 739 788 775 ψυχῶν
810 739 850 771 είς
867 739 919 765 σώ-

123 794 199 821 ματα
212 785 341 820 διάφορα,
361 786 425 822 ἄχρι
441 785 594 812 κνωδάλων.
629 785 712 821 Ὁμοῦ
726 785 755 812 δὲ
777 785 824 812 καὶ
840 785 918 818 θεοὺς

122 832 156 859 ἐκ
167 831 214 859 τοῦ
225 832 284 864 ἑνὸς
296 832 410 865 πολλοὺς
422 832 594 867 ἐδογμάτισε.

157 976 274 1003 Στωϊκοὶ
291 976 371 1012 σῶμα
390 974 421 1003 τὸ
433 977 488 1003 πᾶν
505 975 724 1011 δογματίζοντες,
742 975 789 1002 καὶ
809 975 855 1002 τὸν
875 975 917 1002 αἰ-

122 1021 222 1057 σθητὸν
231 1021 325 1048 τοῦτον
334 1022 437 1057 κόσμον
444 1021 511 1048 Θεὸν
520 1021 685 1056 νομίζοντες.
697 1020 775 1051 Τινὲς
785 1019 812 1046 δὲ
825 1020 858 1046 ὲκ
868 1019 917 1054 τῆς

121 1067 170 1094 τοῦ
186 1067 271 1103 πυρὸς
284 1067 378 1099 οὐσίας
389 1067 439 1102 τὴν
456 1067 536 1101 φύσιν
551 1066 623 1102 ἔχειν
634 1066 716 1093 αὑτὸν
732 1066 915 1102 ἀπεφήναντο.

121 1113 179 1140 Καὶ
192 1113 238 1140 τὸν
252 1114 300 1148 μὲν
308 1113 374 1139 Θεὸν
386 1112 448 1140 νοῦν
456 1113 587 1148 ὁρίζουσι,
603 1112 650 1138 καὶ
662 1111 700 1143 ὼς
712 1111 801 1147 ψυχὴν
818 1111 918 1143 παντὸς

120 1159 171 1186 τοῦ
186 1159 262 1190 δντος
276 1159 385 1191 κύτους,
407 1158 523 1194 οὐρανοῦ
537 1159 584 1185 καὶ
599 1158 651 1193 γῆς
662 1166 668 1173 ·
689 1158 769 1193 σῶμα
789 1158 818 1184 δὲ
834 1157 917 1185 αὑτοῦ

120 1205 153 1232 τὸ
169 1206 235 1237 πᾶν,
257 1205 294 1237 ὡς
313 1205 394 1241 ἔφην,
424 1206 472 1232 καὶ
491 1205 647 1240 ὀφθαλμοὺς
669 1205 733 1237 τοὺς
759 1205 915 1240 φωστῆρας.

121 1251 179 1287 Τὴν
187 1251 216 1278 δὲ
227 1251 316 1287 σάρκα
326 1251 435 1278 πάντων
446 1251 548 1278 ἀπολλυ
553 1251 623 1281 σθαι,
635 1252 682 1277 καὶ
691 1251 741 1286 τὴν
750 1250 838 1286 ψυχὴν
850 1250 918 1277 πάν-

119 1306 176 1324 των
192 1297 407 1333 μεταγγίζεσθαι
421 1296 475 1324 ἀπὸ
489 1297 614 1333 σώματος
626 1298 667 1329 εἰς
680 1296 768 1332 σῶμα.

165 1385 347 1421 ’Ἐπικούρειοι
362 1386 452 1421 ἄτομα
467 1386 513 1412 καὶ
526 1385 616 1421 ἀμερῆ
632 1385 757 1420 σώματα,
768 1384 919 1419 ὁμοιομερῆ

121 1440 152 1458 τε
168 1432 215 1458 καὶ
229 1433 330 1468 ἄπειρα
346 1432 396 1467 τὴν
411 1431 498 1467 ἀρχὴν
517 1430 587 1458 εἶναι
601 1430 656 1457 τῶν
675 1430 784 1457 πάντων
798 1430 917 1465 ὑπεστή-

123 1486 215 1509 σαντο,
235 1479 283 1505 καὶ
299 1478 375 1510 τέλος
392 1476 462 1505 εἶναι
481 1477 655 1513 εὐδαιμονίας
676 1478 725 1512 τὴν
743 1476 839 1512 ἡδονὴν
863 1476 919 1503 ἐδο-

70 1535 73 1537 λ
122 1524 269 1559 γμάτισαν,
281 1524 328 1552 καὶ
341 1525 410 1561 μήτε
419 1523 484 1552 Θεὸν
497 1525 565 1560 μήτε
577 1525 709 1560 Πρόνοιαν
722 1522 757 1549 τὰ
769 1524 919 1559 πράγματα

121 1571 243 1597 διοικεῖν.

159 1616 388 1652 Σαμαρειτισμὸς,
411 1616 457 1642 καὶ
477 1616 500 1642 οἱ
521 1616 568 1642 ἀπ’
591 1615 674 1642 αὑτοῦ
696 1615 877 1650 Σαμαρεῖται,
903 1613 918 1640 ὃ

122 1660 198 1687 ἐστιν
213 1662 267 1688 ἀπὸ
286 1661 466 1697 Ίουδαῐσμοῦ,
478 1661 531 1697 πρὸ
544 1661 593 1696 μὲν
602 1661 649 1688 τοῦ
661 1660 829 1695 καταστῆναι
843 1659 920 1694 αἱρέ-

123 1716 180 1739 σεις
197 1709 237 1739 εἰς
253 1707 397 1742 Έλληνας,
414 1707 460 1733 καὶ
483 1707 536 1743 πρὸ
552 1707 598 1734 τοῦ
617 1707 750 1742 συστῆναι
772 1706 861 1734 αὐτῶν
885 1706 919 1734 τὰ

121 1753 245 1788 δόγματα
257 1761 263 1768 ·
284 1752 353 1788 μετὰ
365 1753 395 1779 δὲ
407 1753 453 1779 τοῦ
465 1751 535 1779 εἶναι
550 1753 685 1788 Ἐλλήνων
696 1753 746 1788 τὴν
759 1752 916 1788 θρησκείαν,

123 1799 170 1825 καὶ
191 1799 273 1834 μέσον
295 1798 342 1825 τοῦ
373 1799 541 1834 Ἰουδαϊσμοῦ
565 1799 616 1834 τὴν
636 1796 772 1834 πρόφασιν
787 1797 917 1833 εἰληφὼς,

122 1844 176 1871 ἀπὸ
200 1843 254 1870 τῶν
268 1844 373 1879 χρόνων
391 1843 628 1879 Ναϐουχοδονόσορ
649 1843 696 1870 καὶ
715 1844 764 1879 τῆς
781 1842 835 1869 τῶν
852 1843 917 1869 Ἰου-

122 1890 205 1917 δαίων
216 1890 415 1926 αἰχμαλωσίας.
432 1889 562 1917 Μέτοικοι
573 1890 600 1916 δὲ
610 1889 686 1921 ὄντες
702 1889 755 1916 ἀπὸ
769 1889 918 1925 Ἀσσυρίων

123 1938 163 1968 είς
177 1937 227 1972 τὴν
245 1936 385 1967 Ἰουδαίαν,
402 1936 448 1962 καὶ
465 1935 594 1968 λαϐόντες
610 1935 659 1972 τὴν
674 1936 859 1970 Πεντάτευχον
876 1935 920 1970 μό·

123 1991 172 2018 νην
194 1982 344 2015 Μωῦσέως,
364 1981 411 2008 τοῦ
432 1981 565 2017 βασιλέως
593 1981 685 2013 αὐτοῖς
709 1980 919 2012 ἀποστείλαντος

124 2028 178 2055 ἀπὸ
197 2028 357 2061 Βαϐυλῶνος
376 2027 421 2055 διὰ
445 2028 541 2064 ιερέως
559 2027 662 2063 Ἐσδρα
684 2027 862 2062 καλουμένου,
885 2025 920 2053 τὰ

125 2073 213 2100 πάντα
223 2073 331 2109 ἔχοντές
344 2074 414 2100 εἰσιν
426 2073 571 2104 Ἰουδαίων,
584 2072 654 2107 πλὴν
664 2072 712 2098 τοῦ
730 2070 919 2107 βδελύττεσθαι

123 2120 158 2147 τὰ
171 2120 246 2156 ἔθνη,
270 2120 317 2146 καὶ
343 2121 412 2155 μήτε
433 2119 600 2155 προσψαύειν
616 2118 708 2150 τινῶν,
726 2119 772 2144 καὶ
783 2117 852 2153 πλὴν
870 2116 918 2143 τοῦ

124 2166 266 2202 ἀρνεῖσθαι
285 2165 390 2201 νεκρῶν
409 2165 567 2199 ἀνάστασιν,
586 2164 635 2196 τὰς
655 2164 738 2196 ἄλλας
751 2162 919 2200 προφητείας

124 2212 173 2244 τὰς
201 2212 270 2248 μετὰ
290 2211 420 2239 Μωῡσέα.
448 2210 626 2247 Σαμαρειτῶν
643 2210 671 2236 δὲ
698 2209 762 2245 ἔθνη
786 2210 918 2244 τέσσαρα,

125 2258 266 2294 Γορθηιοὶ,
285 2258 309 2284 οἱ
333 2259 362 2284 ὲν
381 2257 471 2289 ἄλλοις
484 2259 589 2293 καιροῖς
612 2257 661 2288 τὰς
686 2257 783 2292 ἑορτὰς
806 2256 918 2290 ἄγοντες

125 2305 200 2340 παρὰ
211 2306 272 2336 τοὺς
288 2304 445 2339 Ἐϐραίους·
465 2304 614 2333 Σεὸουαίοι,
627 2303 652 2329 οἰ
669 2302 712 2329 διὰ
728 2302 813 2337 αὐτὴν
827 2301 917 2328 αἰτίαν

124 2351 181 2377 τῶν
192 2350 294 2386 ἑορτῶν
305 2350 373 2386 πρὸς
388 2350 452 2382 τοὺς
461 2350 614 2385 Γορθηνοὺς
630 2347 834 2383 διαφέρομενοι·
857 2347 917 2373 Ὲσ-

126 2398 213 2432 σηνοὶ,
229 2397 290 2432 μηδ’
301 2397 441 2432 ὁποτέροις
452 2395 664 2430 ἐναντιούμενοι,
674 2396 730 2426 τοῖς
738 2394 766 2421 δὲ
778 2402 915 2429 παρατυγ-

125 2444 236 2479 χάνουσι
262 2444 487 2480 συνεορτάζοντες
510 2443 678 2478 ἀδιαφόρως·
706 2441 843 2473 Δοσίθεοι,
863 2442 918 2472 τοῖς

125 2491 217 2521 αὐτοῖς
235 2489 335 2522 ἔθεσιν,
356 2488 401 2517 οἷα
413 2490 447 2525 δὴ
466 2490 646 2525 Σαμαρεῖται,
666 2488 917 2524 ἐμπολιτευόμενοι,

127 2537 260 2571 περιτομῇ
276 2544 306 2562 τε
324 2536 372 2562 καὶ
386 2535 520 2571 Σαϐϐάτῳ
534 2535 581 2561 καὶ
594 2536 650 2566 τοῖς
665 2535 765 2566 ἄλλοις,
781 2533 918 2569 χρώμενοί

125 2587 154 2606 τε
172 2582 205 2616 τῇ
224 2580 403 2616 Πεντατεύχῳ
415 2589 421 2596 ·
447 2580 637 2615 περιττότερον
654 2579 682 2606 δὲ
695 2579 749 2605 τῶν
765 2579 852 2606 ἄλλων
866 2587 917 2613 φυ-

126 2626 266 2659 λάττοντες
281 2627 311 2653 τὸ
332 2627 483 2662 ἀπέχεσθαι
508 2625 648 2661 ἐμψύχων.
666 2625 712 2652 καὶ
731 2626 759 2651 ὲν
780 2625 917 2658 νηστεὲαις

125 2676 150 2702 ὀὶ
170 2675 354 2710 συνεχέστατα
370 2673 445 2709 βιοῦν
455 2682 461 2688 ⁸
480 2674 570 2709 ἔχουσι
581 2673 610 2699 δὲ
625 2672 673 2699 καὶ
684 2671 832 2707 παρθενίαν
847 2671 918 2701 τινες

127 2721 227 2752 αὐτῶν,
239 2720 452 2755 ἐγκρατεύονται
463 2719 491 2746 δὲ
504 2719 589 2751 ἄλλοι,
603 2716 761 2744 πιστεύουσί
770 2725 800 2743 τε
814 2716 918 2752 νεκρῶν

126 2769 284 2801 ἀνάστασιν,
299 2768 369 2803 ὅπερ
384 2766 457 2799 ξένον
467 2766 526 2792 ἐστὶ
536 2764 731 2801 Σαμαρείταις.

967 235 1110 269 mortalia;
1140 244 1201 271 quae
1226 236 1355 263 inferiora
1383 240 1457 267 sunt,
1491 236 1618 263 mortalia
1641 235 1759 263 diccbat.

968 282 1081 309 Animas
1094 290 1109 309 e
1123 282 1286 317 corporibus
1307 282 1333 308 in
1349 281 1401 308 alia
1417 289 1545 317 corpora.
1560 282 1642 309 etiam
1658 283 1761 309 anima-

968 329 1034 356 lium
1041 336 1073 355 ac
1080 328 1242 361 bestiarum,
1254 328 1420 355 transfundi.
1433 328 1472 355 Ad
1484 329 1540 355 haec
1555 328 1761 363 quinquennale

968 372 1078 400 interim
1096 373 1233 401 silentium
1253 373 1393 401 observari
1412 373 1556 408 praeepit;
1572 381 1604 401 ac
1621 377 1761 408 postremo

968 419 1047 447 deum
1064 420 1157 446 haberi
1175 428 1204 447 se
1219 419 1317 447 voluit.

1003 464 1136 492 Platonici
1152 465 1247 497 Deum,
1262 469 1289 493 et
1306 465 1446 492 materiam
1456 485 1463 497 ,
1481 472 1513 492 ac
1527 464 1643 492 formant
1660 465 1750 492 consti

968 517 1090 540 luerunt.
1097 512 1227 540 Mundum
1235 513 1369 548 genitum,
1376 520 1408 540 ac
1415 511 1586 547 corruptioni
1593 511 1741 539 obnoxium
1752 531 1759 538 .

968 559 1088 586 animam
1111 559 1278 595 ingenitam,
1302 563 1330 587 et
1357 558 1554 592 immortalem,
1584 564 1617 585 ac
1639 557 1771 592 divinam“

968 605 1094 632 arbitrati
1113 609 1189 633 sunt.
1213 604 1302 640 Hujus
1324 610 1380 633 tres
1401 612 1464 632 esse
1485 608 1577 639 partes
1593 612 1601 630 ι
1618 610 1701 631 unam
1720 609 1762 630 ra-

968 653 1044 680 tione
1063 652 1221 687 praeditam;
1245 652 1359 680 alteram
1380 659 1434 686 qua
1454 650 1619 683 irascimur;
1639 649 1760 682 tertiam,

968 707 1022 734 qua
1047 699 1279 734 concupiscimus.
1308 697 1476 725 Communes
1505 697 1633 725 omnibus
1661 703 1764 723 uxores

968 752 1030 772 esse
1047 745 1148 777 voluit;
1168 752 1247 771 nemo
1262 747 1291 771 ut
1307 745 1440 778 privatam
1455 742 1603 774 obtineret,
1620 749 1653 770 ac
1668 741 1763 777 praei.

968 796 1068 824 puam;
1086 788 1133 817 sed
1150 793 1177 815 ut
1197 789 1313 823 quilibet
1327 795 1443 823 quarum
1459 788 1540 815 vellet
1554 787 1661 822 copiam
1681 782 1763 814 habe-

969 841 1021 864 ret.
1034 835 1106 864 ldem
1118 836 1273 863 animarum
1287 836 1314 862 in
1328 835 1403 862 varia
1418 842 1545 870 corpora.
1562 834 1645 861 etiam
1660 834 1763 861 bestia-

934 884 956 912 B
971 890 1042 915 rum,
1055 882 1188 910 transitus
1203 881 1363 909 atiirmabat.
1385 881 1454 911 Deos
1473 880 1591 916 denique
1605 880 1778 915 complurer

971 928 1006 956 ab
1020 936 1075 956 uno
1088 935 1150 956 esse
1167 928 1325 963 productos.

1008 973 1094 1002 Stoici
1109 981 1209 1009 corpus
1226 975 1384 1002 universum
1411 981 1472 1001 esse
1489 972 1633 1006 deﬁniunt,
1647 975 1675 1001 et
1685 979 1763 1008 aspe-

971 1019 1097 1048 ctabilem
1109 1020 1182 1048 hunc
1197 1020 1328 1047 mundum
1346 1019 1430 1047 Deum
1451 1027 1513 1048 esse
1534 1023 1668 1047 statuunt.
1687 1017 1762 1046 Nona

972 1066 1038 1093 nulli
1056 1066 1139 1094 etiam
1158 1074 1191 1094 ex
1212 1066 1274 1101 igne
1292 1070 1418 1093 naturam
1433 1066 1507 1094 illius
1523 1071 1651 1093 constare
1667 1064 1763 1093 defen-

971 1113 1050 1140 dunt.
1068 1112 1153 1140 Deum
1167 1113 1268 1148 quippe
1281 1117 1400 1141 mentem
1417 1120 1479 1140 esse
1494 1116 1599 1148 putant,
1612 1119 1645 1139 ac
1660 1111 1762 1139 vastis-

972 1159 1048 1187 sima:
1063 1159 1147 1186 totius
1161 1159 1252 1191 molis,
1265 1159 1328 1186 caeli
1340 1163 1474 1194 terraeque
1484 1158 1618 1189 videlicet.
1631 1157 1761 1185 animam.

971 1203 1058 1237 Cujus
1071 1210 1173 1238 corpus
1184 1223 1192 1236 ,
1212 1207 1242 1230 ut
1262 1203 1319 1230 dixi
1330 1223 1338 1234 ,
1358 1208 1446 1230 totum
1465 1203 1518 1230 hoc
1533 1203 1569 1231 sit
1584 1202 1741 1230 universum
1751 1219 1762 1235 ,

971 1250 1046 1276 oculi
1070 1257 1136 1277 vero
1160 1249 1260 1277 sidera.
1297 1249 1426 1277 Omnium
1452 1249 1566 1277 interire
1590 1256 1712 1282 carnem,
1735 1251 1763 1276 et

971 1296 1092 1323 animam
1110 1297 1139 1324 in
1160 1296 1268 1324 diversa
1286 1296 1406 1324 transire
1427 1303 1542 1332 corpora
1571 1295 1624 1324 sibi
1649 1303 1762 1331 persua-

971 1341 1047 1369 dent.

1008 1384 1135 1420 Epicurei
1155 1389 1262 1414 atomos
1279 1390 1308 1413 et
1328 1385 1467 1413 individua
1490 1393 1604 1421 corpora
1628 1385 1764 1414 similibus

972 1430 1127 1457 constantia
1153 1431 1289 1465 partibus,
1319 1436 1345 1458 et
1373 1431 1490 1464 inﬁnita,
1518 1438 1609 1458 rerum
1639 1430 1761 1458 omnium

971 1475 1146 1510 principium,
1173 1483 1235 1504 esse
1263 1476 1425 1505 docuerunt.
1454 1475 1596 1503 Summum
1616 1476 1718 1503 bonum
1733 1475 1762 1502 in

973 1521 1112 1556 voluptate
1124 1526 1275 1556 posuerunt
1289 1531 1297 1550 :
1312 1521 1396 1550 Deum
1413 1529 1446 1549 ac
1459 1521 1661 1550 Providentiam
1673 1521 1709 1549 ab
1718 1529 1762 1549 re—

973 1575 1033 1595 rum
1045 1567 1280 1595 administratione
1292 1568 1473 1595 sustulerunt.

1010 1613 1234 1646 Samaritismus,
1252 1617 1279 1641 et
1296 1612 1450 1641 Samaritae.
1471 1612 1558 1648 Hujus
1575 1613 1609 1640 ab
1621 1612 1763 1642 Judaismo

968 1658 1046 1693 origo
1065 1658 1221 1690 deducitur,
1245 1665 1306 1693 quae
1329 1663 1466 1686 sectarum
1491 1657 1563 1693 apud
1587 1657 1696 1686 Graecos
1719 1657 1763 1686 di-

968 1703 1075 1735 vortiis.
1089 1707 1116 1730 et
1132 1711 1226 1730 carum
1241 1703 1359 1732 decretis
1380 1711 1412 1731 ac
1428 1703 1603 1739 dogmatibus
1625 1704 1762 1739 antiquior

968 1754 1021 1777 est.
1039 1749 1196 1777 Graecorum
1219 1757 1301 1785 porro
1322 1750 1545 1785 superstitionem
1565 1751 1718 1785 complexa,
1735 1754 1763 1778 et

969 1803 1031 1822 cum
1050 1795 1173 1823 Judaicis
1189 1795 1360 1831 dogmatibus
1376 1796 1468 1831 aliqua
1490 1804 1523 1824 ex
1535 1800 1612 1831 parte
1631 1796 1760 1829 miscens,

970 1839 1015 1865 illa
1031 1843 1106 1866 secta
1124 1839 1198 1866 circa
1213 1838 1479 1866 Nabuchodonosori
1498 1843 1526 1866 et
1540 1838 1661 1866 Iudaicae
1671 1838 1760 1874 capti-

968 1884 1061 1912 vitatis
1081 1889 1203 1920 tempora
1220 1884 1335 1920 prodiit.
1356 1883 1440 1911 Primi
1458 1889 1539 1911 sectae
1553 1883 1712 1911 conditores
1728 1890 1763 1911 ex

969 1929 1090 1966 Assyriis
1105 1930 1132 1958 in
1150 1929 1271 1957 Judaaam
1295 1930 1474 1965 transportati
1493 1930 1615 1965 quinque
1628 1928 1764 1956 duntaxat

970 1976 1071 2012 Moysis
1086 1976 1170 2004 libros
1183 1980 1358 2012 acceperunt,
1379 1984 1449 2012 quos
1468 1984 1516 2012 per
1535 1975 1649 2003 Esdram
1672 1982 1764 2003 sacer-

969 2021 1060 2048 dotem
1075 2029 1121 2048 rex
1135 2021 1169 2047 ad
1192 2021 1254 2048 illos
1269 2020 1407 2057 Babylone
1422 2021 1597 2048 submiserat.
1607 2019 1763 2054 itaqueea:-

970 2071 1028 2095 tera
1048 2067 1150 2094 habent
1165 2074 1227 2094 cum
1241 2067 1346 2095 ludatis
1359 2067 1516 2094 communia
1531 2075 1538 2093 :
1563 2066 1588 2094 si
1610 2065 1663 2093 hoc
1677 2073 1763 2093 unum

970 2113 1101 2148 excipias,
1120 2112 1193 2148 quod
1202 2117 1229 2140 ct
1239 2117 1334 2148 gentes
1351 2113 1554 2146 abominentur,
1571 2119 1762 2147 nequequem-

970 2166 1051 2193 quatit
1072 2159 1230 2194 contingere
1252 2158 1336 2185 velint
1353 2167 1359 2185 ε
1377 2158 1503 2192 quodque
1524 2161 1694 2185 mortuorum
1718 2163 1762 2183 re-

971 2205 1186 2236 surrectionem,
1210 2212 1242 2231 ac
1265 2210 1379 2232 cmteras
1395 2210 1456 2239 post
1473 2203 1584 2239 Moysen
1604 2202 1762 2238 prophetias

972 2251 1110 2287 rejiciunt.
1125 2251 1359 2278 Samaritanorum
1372 2255 1414 2278 est
1430 2251 1512 2278 factio
1524 2250 1611 2278 divisa
1626 2250 1654 2277 in
1671 2254 1762 2285 partes

972 2304 1101 2334 quatuor.
1117 2298 1201 2326 Primi
1217 2303 1282 2326 sunt
1296 2297 1440 2330 Gortheni,
1457 2296 1503 2331 qui
1518 2295 1604 2324 festos
1617 2295 1676 2323 dies
1688 2295 1762 2327 aliis,

972 2353 1053 2381 quam
1080 2345 1195 2376 Hebrati,
1212 2343 1381 2378 temporibus
1406 2342 1540 2369 indicunt.
1567 2341 1620 2367 Alii
1646 2339 1764 2372 Sehn-mi,

973 2392 1020 2426 qui
1045 2391 1080 2418 ob
1105 2391 1229 2418 eamdem
1257 2390 1388 2416 festorum
1414 2389 1521 2415 dierum
1551 2386 1725 2414 Occasionem
1748 2393 1765 2412 a

973 2437 1121 2464 Uorthenis
1153 2436 1330 2463 dissentiunt.
1362 2434 1447 2461 Tertii
1474 2437 1539 2462 sunt
1571 2432 1685 2465 Esseni,
1716 2432 1764 2467 qui

973 2482 1063 2510 neutri
1078 2482 1149 2516 parti
1170 2486 1334 2516 repugnant.
1352 2480 1400 2508 sed
1418 2487 1480 2507 cum
1501 2479 1546 2512 iis,
1564 2478 1592 2506 in
1608 2485 1678 2514 quos
1696 2478 1765 2505 inci-

973 2529 1074 2561 derint,
1097 2528 1156 2556 sine
1185 2528 1240 2554 ullo
1271 2527 1431 2555 discrimine
1455 2527 1523 2553 I‘esta
1546 2527 1688 2561 peragunt.
1712 2523 1766 2550 Po-

973 2575 1067 2601 stren-J
1080 2577 1144 2600 sunt
1154 2572 1273 2600 Dosithei
1283 2582 1289 2599 ι
1300 2572 1347 2607 qui
1356 2571 1464 2604 iisdem,
1473 2570 1575 2606 quibus
1585 2569 1765 2601 Samaritani,

973 2619 1106 2646 institutis
1120 2623 1234 2645 utuntur
1254 2627 1259 2644 :
1273 2617 1532 2650 circumcisionem,
1547 2616 1713 2648 Sabbatum.
1732 2622 1766 2643 ac

971 2670 1080 2698 caetera,
1109 2665 1258 2699 itidemque
1282 2663 1497 2692 Pcutateuchum
1521 2662 1662 2690 adhibent.
1689 2660 1765 2688 Prae-

972 2713 1052 2748 cipue
1070 2719 1146 2745 vero,
1165 2719 1197 2739 ac
1219 2719 1275 2747 pra:
1301 2711 1414 2747 reliquis
1435 2710 1566 2740 omnibus
1580 2709 1632 2737 sibi
1652 2708 1687 2735 ab
1705 2707 1764 2734 ani-

973 2758 1053 2786 matis
1072 2754 1235 2794 temperant,
1256 2765 1288 2785 ac
1306 2761 1439 2793 perpetuo
1459 2757 1516 2785 fere
1537 2755 1673 2792 jejunant.
1693 2752 1767 2780 Sunt

127 2815 198 2842 inter
217 2815 288 2847 illos,
311 2801 358 2849 qui
376 2813 560 2849 virginitatem
583 2813 687 2846 colunt,
713 2811 760 2840 alii
782 2810 989 2838 continentiam.
1003 2808 1219 2836 Resurreeturos
1248 2814 1313 2834 esse
1336 2811 1459 2835 mortuos
1476 2805 1611 2837 credunt;
1642 2801 1716 2837 quod
1750 2807 1768 2829 β

129 2861 365 2890 baiiim'itanorum
379 2861 506 2897 dogmate
524 2860 664 2887 abhorret.

288 2909 423 2939 Ρλτιιοι.
442 2908 500 2938 Gn.
518 2906 602 2937 XLI.

1604 2893 1628 2924 ὃ
