1944 3037
183 124 231 152 ΓΗ

182 228 248 264 legis
263 229 353 263 periti.
366 233 392 256 et
406 229 583 256 traditionum
594 251 601 262 ,
613 237 682 264 quas
693 237 709 256 a
731 229 882 264 majoribus
894 237 971 256 acce-

183 277 279 308 perant
294 273 481 309 (δευτερώσεις
501 275 655 310 vocabam),
675 274 866 302 observatores
886 274 972 307 fuere,

183 325 215 345 ac
230 319 298 346 ritus
313 327 409 347 omnes
430 321 648 354 superstitiosius
663 320 768 348 caeteris
779 340 785 352 ,
804 321 975 356 diligentius-

182 371 236 399 que
252 369 421 392 tenuerunt:
444 373 515 400 quos
539 373 593 392 non
618 374 633 393 e
657 367 714 400 lege
734 365 901 399 didiceram,
927 367 973 394 sed

182 410 372 445 sibimetipsis,
388 415 517 446 tanquam
531 412 645 446 justitiaa
662 412 730 447 legis
746 412 900 448 singulares
915 414 975 440 cul-

183 462 238 490 tus,
255 465 287 485 ac
302 458 479 486 caeremonias
494 459 657 486 indixerant.

217 503 359 535 Pharisaei,
371 510 440 539 quos
453 509 602 539 segregatos
625 505 797 540 interpretari
812 505 912 541 possis,
927 505 975 541 qui

183 549 386 577 sanctissimam
398 550 458 577 vilze
475 552 607 578 rationem
624 551 751 586 professi,
769 552 904 587 probitate
920 560 974 580 ca:-

182 594 249 622 teris
264 595 425 622 antecellere
439 596 612 623 videbantur.
635 596 803 623 Mortuorum
827 597 898 631 apud
914 597 975 624 illos

183 642 363 674 resurrectio,
377 645 448 670 utet
464 643 536 676 apud
553 642 678 675 Sel-ibas,
698 642 854 670 defenditur
868 653 875 670 :
894 643 975 671 iidem

183 688 313 722 angelos,
340 695 372 716 ac
388 688 518 723 Spiritum
544 693 669 716 sanctum
699 697 760 717 esse
786 697 840 716 non
863 694 973 724 negant.

184 733 252 762 Vitae
263 734 393 762 eximium
412 735 566 762 institutum
582 743 638 770 prae
654 743 683 762 se
702 736 802 763 ferunt.
825 735 976 764 Continen-

183 780 249 807 tiam
271 784 377 808 certum
401 781 434 808 ad
462 786 585 815 tempus,
601 788 633 807 ac
658 781 840 816 virginitatem
866 790 977 817 quoque

184 826 348 862 suscipiunt.
365 826 410 854 Bis
423 827 591 854 hebdomade
600 834 709 862 quaque
719 827 855 862 jejunare,
867 837 974 861 urceos,

552 122 720 152 EPIPIIANII
733 122 954 152 RESCRIPTUM
968 124 1015 150 AD
1025 122 1180 152 ACACIUM
1200 122 1245 152 ΕΤ
1262 123 1404 151 Ριιυιωι

217 182 372 210 ιιιιῐωοιιιιηι
380 186 462 210 secta:
471 190 585 211 numero
596 188 699 219 septem
717 185 756 211 Ac
765 184 852 218 primo
862 183 973 215 Scribne,
991 186 1013 214 Α

1070 183 1204 210 Ἰουδαίων
1219 184 1337 219 αῑρὲσεις
1353 183 1438 210 ἑπτά·
1452 183 1637 219 Γραμματεῖς,
1657 182 1754 214 οἵτινες
1769 193 1812 210 νο-

1029 230 1104 265 μικοὶ
1126 230 1175 265 μὲν
1199 228 1280 265 ἦσαν,
1308 230 1355 256 καὶ
1379 230 1544 264 δευτερωταὶ
1566 229 1740 265 παραδόσεων
1758 229 1812 256 τῶν

1027 277 1092 311 παρ’
1107 276 1198 307 αὐτοῖς
1215 276 1418 311 πρεσϐυτέρων,
1434 277 1466 310 τῇ
1481 275 1656 310 περιττοτέρᾳ
1671 275 1812 310 ἐθελοθρη-

1029 320 1106 356 σκξίᾳ
1117 320 1165 355 ἔθη
1181 320 1371 355 φυλάττοντες,
1393 320 1411 347 ἃ
1424 320 1454 347 οὐ
1469 320 1514 347 διὰ
1530 321 1576 347 τοῦ
1591 321 1672 356 νόμου
1691 321 1814 356 μεμαθή-

1028 376 1117 398 κασιν,
1134 367 1191 394 ἀλλ’
1206 368 1311 399 ἑαυτοῖς
1328 367 1472 394 ὲτύπωσαν
1489 367 1649 402 σεῧὰσματα
1660 366 1813 402 δικαιώμα-

1027 422 1072 444 τος
1088 413 1135 448 τῆς
1152 413 1323 448 νομοθεσίας.

1063 507 1219 541 Φαρισαῖοι,
1246 507 1460 542 ἐρμηνευὸμενοι
1490 505 1700 541 ἀρωρισμένοι,
1729 506 1754 531 οἱ
1783 504 1815 532 τδ

1028 553 1178 588 ἀκρότατον
1197 553 1327 587 βιοῦντες,
1348 553 1394 579 καὶ
1406 552 1485 588 δῆθεν
1499 553 1551 579 τῶν
1566 552 1653 579 ἄλλων
1667 551 1815 586 δοκιμώτε-

1030 607 1081 634 ροι·
1097 598 1162 634 παρ’
1180 596 1221 629 οἷς
1241 599 1288 625 καὶ
1307 598 1412 633 νεκρῶν
1433 599 1590 629 ἀνάστασις,
1612 599 1651 629 ὼς
1671 598 1717 624 καὶ
1739 597 1815 632 παρὰ

1028 644 1083 675 τοῖς
1099 643 1312 678 Γραιιματεῦσι,
1332 645 1379 670 καὶ
1395 645 1411 679 ἠ
1428 643 1491 679 περὶ
1508 644 1640 677 ἀγγέλων,
1663 644 1709 669 καὶ
1727 642 1813 669 Πνεὺ-

1031 698 1113 724 ματος
1138 691 1228 724 ἁγίου,
1252 691 1292 717 ὃτι
1318 690 1386 721 ἔστι,
1409 690 1617 724 συγκατάθεσις,
1641 690 1764 716 πολιτεία
1785 698 1815 715 τε

1028 737 1166 772 διάφορος,
1188 737 1336 773 ἐγκράτεια
1354 737 1406 768 ἕως
1424 737 1529 772 χρόνου,
1548 736 1595 763 καὶ
1610 735 1752 771 παρθενία·
1766 743 1815 770 νη-

1030 781 1105 808 στεία
1120 782 1149 808 δὲ
1167 782 1206 814 δὶς
1225 782 1272 809 τοῦ
1288 781 1439 814 Σαϐϐἁτου,
1462 781 1562 813 ξεστῶν
1578 781 1753 816 καθαρισμοὶ.
1769 781 1815 806 καὶ

1035 827 1156 854 πινάκων
1170 828 1217 854 καὶ
1233 827 1380 862 ποτηρίων,
1396 827 1434 859 ὡς
1448 827 1495 854 καὶ
1508 828 1532 853 οἱ
1546 828 1730 863 Γραμματεῐς,
1749 827 1816 853 ἀπο-

169 869 216 899 'ac
231 872 336 904 discos,
349 877 376 900 et
392 873 488 908 pocula
511 873 610 908 sazpius
632 874 738 906 eluere,
764 878 792 901 ut
819 879 844 902 et
862 875 975 908 Scribm,

1037 872 1202 905 ἲεκατώσεις,
1227 873 1273 900 καὶ
1288 873 1420 909 ἀπαρχαὶ,
1439 874 1485 900 καὶ
1504 873 1650 908 ἑνδελεχεῐς
1666 872 1753 908 εὐχαὶ,
1769 863 1815 898 καὶ

183 918 268 945 soliti.
281 918 322 945 Ad
334 918 392 946 hazc
413 919 532 946 decimas
550 924 577 946 et
591 920 724 954 primitias
738 921 852 948 offerre:
868 921 978 949 assidue

183 964 289 999 precari
307 974 314 991 :
332 969 422 992 certos
441 965 532 993 cultus
546 973 579 992 ac
594 968 784 1001 superstitiosa
797 968 976 996 vestimento-

183 1018 246 1038 rum
260 1018 358 1046 genera
368 1011 506 1039 curiosius
519 1012 645 1040 allectare
661 1022 667 1040 :
681 1013 834 1048 cujusmodi
845 1020 908 1042 sunt
918 1016 978 1042 dal-

183 1055 302 1087 maticaa,
326 1063 358 1082 ac
375 1055 492 1088 colobia,
508 1061 536 1084 et
553 1057 647 1084 latiora
663 1058 786 1093 quaedam
803 1059 976 1094 phylactcria,

185 1100 237 1127 hoc
253 1105 296 1129 est
312 1106 461 1137 segmenta,
478 1102 645 1139 fimbrizeque
661 1111 821 1139 purpurea},
839 1113 871 1133 ac
889 1107 977 1133 malo-

185 1151 299 1182 granata
314 1147 348 1175 ad
367 1149 482 1176 vestium
496 1156 560 1176 oras
574 1156 693 1184 appensa
704 1170 711 1179 .
728 1157 788 1185 qua:
807 1152 979 1186 temporaria:

185 1193 259 1221 illius
275 1195 452 1222 coutinentim
473 1196 550 1230 signa
567 1195 755 1230 praeferebant.
773 1196 855 1224 [idem
873 1202 977 1232 postre-

185 1245 229 1266 mo
244 1246 357 1274 geneses
375 1247 407 1266 ac
424 1239 509 1267 fatum
526 1241 746 1267 iulroducebaut.

222 1284 382 1313 Sadducaeis
395 1285 430 1312 ab
447 1285 736 1321 exactissimajustitia
747 1294 846 1314 nomen
855 1292 906 1315 est.
924 1287 977 1320 Qui

185 1339 201 1358 e
217 1329 450 1358 Samaritanorum
466 1339 563 1367 genere
577 1339 592 1358 a
607 1332 749 1360 sacerdote
759 1333 878 1367 quodam
888 1332 979 1360 Sadoc

186 1381 275 1403 ortum
290 1377 454 1405 habuerunt.
474 1377 643 1405 Mortuorum
659 1379 886 1405 resurrectionem
902 1379 979 1406 dam-

187 1427 269 1455 nant,
290 1423 415 1459 angelum
440 1432 472 1451 ac
496 1424 622 1459 spiritum
647 1423 770 1452 funditus
796 1429 910 1461 negant;
926 1432 979 1452 cae-

187 1473 244 1497 tera
258 1469 413 1497 Judreoruln
430 1470 545 1498 similes.

223 1515 464 1551 Hemerobaptistaa
477 1517 545 1544 nihil
558 1518 593 1545 ab
608 1516 711 1545 Judreis
728 1521 910 1552 praeterquam
925 1516 978 1544 hoc

188 1569 243 1589 uno
260 1562 462 1597 discreparunt,
474 1562 547 1597 quod
558 1564 694 1591 neminem
705 1568 814 1591 :eternze
830 1564 891 1590 vitae
905 1571 979 1590 com-

187 1613 279 1643 potem
294 1616 355 1636 esse
370 1616 452 1644 posse
465 1608 596 1639 dicerent,
609 1610 661 1637 nisi
677 1610 798 1644 quotidie
813 1610 925 1636 lavaret.

224 1654 332 1685 Osseni,
358 1662 474 1690 quorum
495 1663 594 1683 nomen
617 1656 818 1689 procaciasimos
835 1654 978 1690 significat.

189 1699 240 1734 Qui
257 1708 289 1727 ex
307 1703 468 1736 praescripto
482 1701 548 1737 legis
561 1702 652 1728 omnia
676 1701 829 1734 faciebant;
845 1700 893 1728 sed
910 1708 979 1735 prae—

186 1749 265 1774 terea
291 1745 448 1781 Scripturas
469 1746 632 1774 adhibebant
649 1756 656 1774 :
674 1751 701 1775 et
720 1755 752 1775 ex
782 1747 979 1782 posterioribus

189 1791 329 1827 prophetis
345 1792 489 1827 plerosque
502 1792 672 1827 rejiciebant.

225 1837 366 1866 Nasamos
396 1839 567 1866 exstinctam
597 1838 771 1874 interpretari
797 1838 904 1874 possis.
933 1839 979 1874 qui

189 1884 283 1912 carnis
302 1892 354 1912 usu
368 1891 479 1918 prorsus
498 1884 675 1912 interdicunt.
692 1885 734 1911 Ah
758 1885 885 1912 animatis
898 1885 981 1912 absti-

191 1934 280 1958 nent:
296 1930 466 1966 patriarchas
488 1938 598 1964 omnes,
616 1931 661 1966 qui
688 1930 716 1957 in
738 1929 925 1958 Pentateucho
946 1931 980 1958 ad

174 1967 293 2013 ‘Hoysis
325 1982 352 2004 et
375 1976 440 2005 Jesu
470 1977 516 2004 lilii
533 1977 604 2005 Nave
631 1981 753 2012 tempora
785 1978 978 2009 continentur,

193 2022 342 2053 asciscuut,
359 2026 386 2049 et
400 2022 433 2049 iis
458 2021 537 2049 ﬁdem
552 2022 681 2049 adhibent
697 2031 705 2049 :
726 2021 879 2057 cujusmodi
905 2027 979 2056 sunt,

191 2067 321 2100 Abraam,
340 2067 416 2095 Isaac
431 2072 458 2095 et
468 2067 569 2100 Jacob,
584 2068 674 2103 iiSque
697 2068 852 2102 superiores
872 2076 979 2100 omnes,

193 2122 301 2142 necnon
324 2113 431 2150 Moyses
451 2115 509 2150 ipse
525 2123 587 2142 cum
604 2116 723 2146 Aarone,
738 2118 820 2149 atque
834 2114 911 2143 Jesu.
922 2114 982 2143 Cm—

192 2164 281 2188 terum
299 2159 418 2196 quinque
432 2161 477 2187 illa
497 2160 634 2187 volumina
656 2159 758 2195 Moysis
777 2167 839 2188 esse
861 2168 916 2187 nou
929 2169 981 2196 pu-

192 2210 262 2238 tant,
279 2211 306 2234 et
320 2207 372 2234 alia
389 2207 424 2234 ab
441 2207 475 2234 iis
495 2207 602 2234 diversa
617 2214 702 2241 penes
720 2214 750 2234 se
766 2214 827 2234 esse
841 2206 979 2241 jactitaut.
996 2216 1019 2245 ο

230 2297 376 2326 llerodiani
394 2306 456 2325 cum
476 2296 584 2326 JudzeOS
598 2298 626 2325 in
646 2299 773 2326 omnibus
791 2306 851 2326 sese
867 2302 979 2333 praesta-

193 2347 271 2375 rent,
296 2343 429 2371 Herodem
444 2343 584 2371 Christum
601 2351 662 2372 esse
678 2344 883 2379 proﬁtebantur,
901 2344 980 2380 eique

193 2389 294 2417 Christi
311 2388 468 2424 dignitatem
487 2397 518 2416 ac
531 2397 629 2416 nomen
642 2389 814 2424 aiiingcbant.

230 2435 339 2464 Primus
358 2436 408 2464 iste
424 2441 514 2463 tomus
525 2440 587 2469 est,
602 2436 650 2470 qui
667 2437 783 2464 hmreses
798 2444 833 2463 xx
848 2435 979 2463 continet.

195 2481 225 2509 In
238 2481 334 2509 eodem
349 2481 383 2510 de
396 2480 585 2510 lncarnatione
600 2482 714 2514 Christi.
733 2489 764 2509 ac
781 2481 904 2510 veritatis
917 2489 980 2516 pro-

197 2527 317 2556 fessione
325 2531 463 2563 postremo
484 2528 542 2556 loco
557 2528 711 2556 disseritur.

235 2647 244 2662 ¹
263 2646 318 2681 Pp.
331 2647 505 2682 ἁφηνιασται.

1030 919 1158 954 σχήματα
1184 919 1446 955 ὲθελοῡρησκευτικά
1467 919 1517 954 τῆς
1537 919 1704 954 ὲνδυμενίας,
1728 919 1815 945 διάτοι

1028 964 1078 999 τῆς
1097 964 1264 999 ἀμπεχόνης,
1286 964 1332 990 καὶ
1353 964 1407 990 τῶν
1422 964 1606 999 δαλματικῶν,
1625 963 1640 999 ἢ
1663 964 1717 989 τῶν
1738 964 1816 989 κολο-

1029 1009 1105 1042 ϐίων,
1134 1010 1181 1036 καὶ
1209 1010 1371 1045 πλατυσμοῦ
1390 1010 1444 1037 τῶν
1467 1010 1670 1045 φυλακτηρίων,
1693 1010 1816 1036 τουτέστι

1030 1054 1159 1089 σημάτων
1172 1054 1220 1089 τῆς
1232 1054 1384 1090 πορφύρας,
1397 1055 1445 1081 καὶ
1456 1054 1628 1090 κρασπέδων.
1640 1054 1687 1080 καὶ
1700 1055 1817 1089 ροἲσκων

1029 1099 1076 1126 ἐπὶ
1094 1099 1128 1126 τὰ
1147 1099 1281 1135 πτερύγια
1296 1101 1346 1136 τῆς
1363 1100 1530 1135 ἀμπεχόνης,
1548 1100 1626 1127 ἅτινα
1640 1099 1725 1126 ταῦτα
1738 1100 1818 1134 ἐτύγ-

1029 1153 1094 1179 χανε
1110 1147 1210 1180 σημεῖα
1223 1146 1272 1180 τῆς
1285 1146 1350 1181 παρ’
1364 1146 1454 1177 αὐτοῖς
1466 1146 1518 1177 ἕως
1532 1145 1630 1180 καιροῦ
1642 1146 1815 1180 ἐγκρατείας,

1028 1190 1052 1216 οἳ
1068 1191 1115 1217 καὶ
1130 1191 1327 1227 Μρεισέφερον
1343 1192 1449 1225 γένεσιν
1463 1193 1510 1218 καὶ
1523 1192 1703 1227 εἱμαρμένην.

1066 1284 1252 1315 Σαδδουκαῖοι,
1267 1285 1290 1310 οἱ
1307 1284 1518 1320 ἐρμηνευόμενοι
1533 1284 1722 1316 δικαιότατοι,
1740 1284 1764 1310 οἳ
1784 1286 1817 1311 ἐκ

1028 1330 1122 1365 γένους
1138 1330 1186 1365 μὲν
1197 1328 1268 1365 ἦσαν
1284 1330 1460 1365 Σαμαρειτῶν
1472 1330 1538 1365 ὁμοῦ
1551 1331 1596 1356 καὶ
1611 1330 1703 1365 ἱερέως
1715 1330 1817 1356 Σαδοὺκ

1029 1377 1169 1411 ὀνόματος,
1188 1377 1291 1412 νεκρῶν
1309 1377 1359 1411 μὲν
1372 1377 1519 1403 ἀνάστασιν
1532 1376 1704 1412 ἀρνούμενοι.
1720 1377 1766 1402 καὶ
1779 1377 1816 1412 μὴ

1030 1423 1243 1458 παραδεχόμενοι
1265 1422 1379 1456 ἄγγελον
1402 1423 1471 1458 μήτε
1491 1422 1609 1458 πνεῦμα
1635 1422 1668 1449 τὰ
1683 1423 1711 1449 δὲ
1729 1423 1817 1449 πάντα

1029 1469 1104 1500 ὄντες
1124 1468 1252 1495 Ἰουδαῖοι.

1072 1515 1331 1551 Ἦμεροὸαπτισταί.
1350 1511 1429 1542 υῦτοι
1444 1515 1493 1551 μὲν
1508 1516 1579 1542 κατὰ
1590 1517 1678 1543 πάντα
1697 1516 1817 1544 Ἰουδαῖοι

1029 1559 1109 1597 ἦσαν·
1124 1561 1243 1596 ἔφασκον
1257 1562 1285 1588 δὲ
1301 1562 1403 1596 μηδένα
1417 1561 1488 1596 ζωῆς
1500 1562 1644 1597 τυγχάνειν
1659 1562 1779 1594 αἰωνίου,
1792 1563 1817 1588 εξ

1031 1609 1068 1643 μή
1084 1617 1110 1635 τι
1123 1608 1156 1636 ἂν
1174 1608 1234 1635 καθ’
1248 1608 1365 1643 ἑκάστην
1379 1607 1543 1643 βαπτίζοιτο.

1073 1654 1207 1687 Ὀσσηνοὶ,
1227 1653 1250 1679 οἳ
1271 1653 1302 1689 δὴ
1315 1653 1486 1687 Ζτιιμώτατοι
1501 1652 1708 1689 ἑρμηνεύονται.
1723 1651 1814 1680 Ἦσαν

1029 1700 1057 1727 δὲ
1072 1697 1144 1727 οὗτοι
1157 1700 1190 1726 τὰ
1203 1699 1291 1726 πάντα
1304 1699 1374 1726 κατὰ
1385 1699 1466 1734 νόμον
1477 1700 1628 1731 τελοῦντες.
1643 1700 1775 1734 Ἐχρῶγτο
1789 1700 1818 1726 δὲ

1031 1746 1077 1772 καὶ
1089 1746 1211 1781 Γραφαῖς
1223 1745 1330 1780 ἑτέραις
1347 1745 1416 1779 μετὰ
1425 1745 1469 1771 τὸν
1479 1745 1571 1780 νόμον.
1590 1746 1659 1776 Τοὺς
1669 1745 1697 1771 δὲ
1708 1745 1818 1777 πλείους

1027 1792 1082 1819 τῶν
1097 1792 1242 1827 μετέπειτα
1259 1791 1406 1827 προφητῶν
1420 1791 1612 1818 ὰπεὸἀλλοντο.

1064 1838 1234 1873 Νασαραῖοι,
1260 1836 1473 1872 ἐρμηνευόμενοι
1499 1836 1665 1870 ἁρανισταί
1681 1837 1700 1862 ¹.
1722 1836 1819 1862 Iliam:

1031 1882 1219 1919 σαρκοφαγίαν
1247 1881 1476 1916 ἀπαγορεύουσιν·
1509 1880 1639 1916 ἐμψύχων
1668 1881 1722 1907 οὐδ’
1749 1881 1820 1912 ὅλως

1032 1928 1296 1964 μεταλαμὸἀνουσιν·
1320 1926 1384 1963 ἄχρι
1412 1926 1440 1953 δὲ
1467 1927 1618 1957 Μωΰσέως,
1649 1927 1696 1953 καὶ
1730 1927 1817 1962 Ἰησοῦ

1029 1974 1076 2001 τοῦ
1097 1974 1176 2009 Ναυῆ
1200 1975 1255 2005 τοῖς
1275 1974 1304 1999 ἐν
1323 1974 1356 2008 τῇ
1378 1972 1556 2008 Πεντατεύχῳ
1589 1972 1816 2007 ἁγίοις-ὀνόμασι

1031 2019 1207 2056 πατριαρχῶν
1234 2019 1399 2054 κεχρημένοι
1421 2027 1451 2045 τε
1473 2019 1520 2044 καὶ.
1544 2018 1727 2049 πιστεύοντες
1746 2019 1818 2053 φημὶ

1030 2067 1059 2093 δὲ
1087 2065 1228 2102 ’Δϐραὰμ,
1261 2066 1308 2092 καὶ
1338 2065 1445 2096 Ἰσαὰκ,
1470 2064 1517 2091 καὶ
1548 2064 1657 2097 Ἰακὼϐ,
1687 2065 1734 2091 καὶ
1762 2064 1818 2090 τῶν

1031 2113 1171 2145 ἀνωτάτω,
1197 2113 1244 2138 καὶ
1269 2111 1351 2138 αὑτοῦ
1375 2110 1525 2141 Μωΰσέως,
1551 2111 1598 2137 καὶ
1629 2109 1743 2145 ⁷Ααρὼν,
1770 2110 1818 2136 καὶ

1038 2159 1134 2195 Ἰησοῦ.
1159 2158 1215 2190 Τὰς
1233 2158 1262 2184 δὲ
1284 2158 1334 2192 τῆς
1358 2156 1543 2192 Πεντατεὺχου
1559 2156 1667 2191 γραφὰς
1682 2157 1733 2182 οὐκ
1747 2153 1817 2182 εἶναι

1031 2204 1171 2234 Μωῦσέως
1187 2202 1406 2238 δογματίζουσιν.
1421 2201 1503 2233 ἄλλας
1520 2200 1549 2227 δὲ
1566 2202 1632 2236 παρ’
1645 2200 1730 2231 αὐτὰς
1745 2200 1819 2235 ἔχειν

1032 2247 1258 2274 διαϐεϐαιοῦνται.

1072 2293 1240 2329 Ἥρωδιανοὶ,
1258 2293 1283 2318 οἳ
1304 2292 1427 2318 Ἰουδαῖοι
1454 2291 1502 2326 μὲν
1521 2289 1592 2327 ἦσαν
1618 2297 1690 2317 κατα
1717 2290 1817 2322 πάντα,

1038 2337 1161 2374 Ἡρώδην
1175 2338 1203 2364 δὲ
1221 2337 1336 2373 Χριστὸν
1356 2336 1537 2372 προσεδόκων.
1558 2336 1604 2362 καὶ
1624 2335 1711 2371 τούτῳ
1726 2336 1756 2362 τὸ
1770 2336 1818 2362 τοῦ

1033 2384 1150 2420 Χριστοῦ
1166 2383 1326 2410 ἀπεδίδοσαν
1338 2383 1421 2418 γέρας
1434 2383 1481 2409 καὶ
1495 2382 1589 2417 ὄνομα.

1068 2428 1151 2461 Οὗτος
1167 2430 1180 2455 ὁ
1193 2429 1299 2465 πρῶτος
1310 2428 1403 2463 τόμος,
1419 2428 1553 2464 περιέχων
1570 2427 1640 2454 κατὰ
1653 2427 1747 2454 πασῶν
1758 2426 1817 2464 ’τῶν

1033 2476 1119 2503 εἴκοσι
1133 2476 1234 2502 τούτων
1248 2476 1390 2510 αἱρέσεων.
1410 2475 1453 2501 Ἐν
1468 2474 1542 2509 αὐτῷ
1555 2475 1583 2500 δὲ
1598 2474 1645 2501 καὶ
1658 2475 1675 2509 ή
1692 2473 1816 2509 περὶτῆς

1033 2522 1151 2558 Χριστοῦ
1165 2520 1293 2557 ὲνδημίας
1306 2520 1443 2553 ὑπόθεσις,
1461 2520 1508 2547 καὶ
1521 2520 1537 2555 ἡ
1551 2519 1601 2556 τῆς
1613 2518 1742 2556 ἀληθείας
1752 2519 1818 2554 ὀμο-

1033 2568 1122 2603 λογία.
