1944 3037
122 147 221 177 Ιτὸκ

1684 148 1738 176 174

388 212 1740 228 mg

495 335 610 378 ΤΟΥ
634 336 706 379 ΕΝ
738 334 920 378 ΑΓΙΟΙΣ
948 336 1164 379 ΠΑΤΡΟΣ
1200 336 1364 380 ΗΜΩΝ

438 438 1422 558 ΕΠΙΦΑΝΙΟΥ

569 602 769 629 ΕΠΙΣΚΟΠΟΥ
784 601 1048 629 ΚΩΝΣΤΑΝΤΕΙΑΣ
1073 602 1141 628 ΤΗΣ
1157 602 1300 629 ΚΥῘΙΡΟΥ

283 684 514 753 ΚΑΤΑ
550 687 950 753 ΑΙΡΕΣΕΩΝ
1000 687 1590 756 ΟΓΔΟΗΚΟΝΤΑ

800 806 842 830 T0
862 804 1080 832 EHIKAHOEN

575 886 848 930 ΠΑΝΑΡΙΟΣ
872 899 937 925 EIT’
956 899 1025 926 orN
1043 887 1313 930 ΚΙΒΩΤΙΟΣ.

445 1071 530 1160 S.
583 1074 681 1158 P.
733 1074 832 1159 N.
886 1069 1445 1160 EPIPHANII

548 1219 782 1248 CONSTANTIIE
802 1219 885 1253 ρυλε
903 1220 935 1247 IN
951 1220 1064 1248 CYPBO
1084 1220 1149 1248 EST
1169 1219 1325 1247 EPISCOPI

265 1308 684 1375 ADVERSUS
731 1310 1188 1375 OCTOGINTA
1235 1310 1612 1375 HXERESES

699 1428 791 1456 DPUS
812 1419 913 1462 ρυοὺ
940 1428 1182 1456 INSCRIBITUR

549 1515 889 1568 PANARIUM
936 1541 1013 1568 sm;
1059 1515 1332 1568 ABCULA.

577 1619 722 1660 Dionysio
733 1619 858 1649 Petavio
870 1619 1031 1650 Societatis
1042 1621 1116 1649 Jesu
1126 1618 1305 1658 interprete.

679 1789 840 1832 LIBRI
881 1788 1130 1834 ITOMUS
1166 1787 1204 1830 Ι.

167 1889 206 1915 Δ’.
228 1886 389 1922 Ἀρχόμενος
400 1885 490 1911 πίστιν
503 1892 532 1910 τε
543 1884 590 1910 καὶ
605 1883 740 1914 ἀπιστίαν,
751 1882 870 1915 εὐδοξίαν
886 1891 915 1909 τε
931 1890 954 1918 Α

1004 1883 1025 1916 1
1041 1881 1061 1909 1.
1071 1882 1225 1910 Instituenti
1245 1882 1310 1909 mihi
1321 1882 1354 1910 de
1364 1882 1415 1910 ﬁde
1424 1883 1536 1918 pariter,
1547 1888 1574 1912 et
1585 1884 1753 1920 inﬁdelitate,

132 1934 179 1962 καὶ
193 1932 359 1968 ἑτεροδοξίαν
374 1930 548 1965 ἀναγγέλλειν
558 1939 587 1955 τε
600 1930 646 1955 κα)⁸
654 1929 751 1963 λέγειν,
765 1929 916 1964 μνησθήσο-

135 1988 182 2015 μαι
198 1979 248 2012 τῆς
265 1978 350 2013 ἀρχῆς
371 1976 420 2011 τῆς
436 1975 482 2002 τοῦ
504 1976 605 2010 κόσμου
625 1974 776 2009 καταϐολῆς
791 1975 837 2001 καὶ
853 1975 917 2000 ἁκο-

133 2024 254 2055 λουθὶας,
285 2023 315 2050 οὐ
335 2017 379 2048 διὰ
417 2023 466 2055 τῆς
499 2019 596 2046 ἑαυτοῦ
634 2020 642 2036 ¹
672 2020 826 2054 δυνάμεως,
857 2019 917 2045 οὐδὲ

134 2072 185 2098 ὑπὸ
219 2072 230 2085 ³
265 2069 335 2095 ἰδίων
368 2067 506 2102 λογισμῶν
544 2066 719 2102 ὁρμώμενος,
754 2065 811 2092 ἀλλ’
840 2065 877 2096 ὠς
902 2065 917 2090 ό

133 2116 198 2147 Θεὸς
223 2115 237 2141 ὁ
262 2115 369 2141 πάντων
392 2113 523 2147 δεσπότης
545 2112 592 2138 καὶ
614 2112 736 2146 ἐλεήμων
760 2110 916 2145 ἁπεκάλυψε

134 2163 189 2192 τοῖς
206 2160 301 2187 ἑαυτοῦ
319 2160 481 2194 προφήταις,
500 2158 546 2183 καὶ
561 2158 595 2183 δι’
612 2157 700 2184 αὐτῶν
718 2158 792 2192 ἡμᾶς
808 2157 857 2192 τῆς
871 2156 917 2182 τοῦ

133 2207 233 2237 παντὸς
247 2204 372 2239 γνώσεως
388 2204 457 2230 κατὰ
469 2204 499 2230 τὸ
515 2203 653 2238 ἐγχωροῦν
666 2202 822 2238 ἀνθρωπείᾳ
839 2203 917 2236 φύσει

134 2251 296 2287 κατηξίωσε.
322 2250 376 2276 Καὶ
392 2250 541 2285 ἀρχόμενος
556 2248 618 2282 περ).
639 2247 740 2274 τούτων
761 2247 842 2278 εὐθὺς
863 2247 918 2274 δια-

136 2298 257 2327 σκοπεῖν,
274 2295 380 2331 πρῶτον
396 2295 444 2330 μὲν
459 2295 508 2320 οὑκ
525 2295 552 2320 ἐν
576 2293 665 2328 μικρῷ
688 2293 773 2326 ἀγῶνι
793 2292 918 2319 καθίστα-

136 2352 195 2378 μαι,
220 2342 286 2369 ἀλλὰ
308 2341 355 2368 καὶ
379 2341 480 2375 σφόδρα
504 2339 588 2372 δέδια,
611 2339 820 2374 ἐπιϐαλλόμενος
847 2339 918 2374 ἔργῳ

135 2390 164 2416 οὐ
179 2389 218 2424 τῷ
232 2388 349 2423 τυχόντι.
373 2388 428 2413 Καὶ
443 2386 625 2421 ἐπικαλοῦμαι
650 2386 730 2412 αὑτὸν
751 2385 794 2411 τὸν
812 2385 889 2418 ἅγιον
909 2386 919 2401 ³

135 2435 181 2460 καὶ
196 2434 241 2460 τὸν
259 2433 389 2468 μονογενῆ
407 2431 488 2458 αὐτοῦ
506 2431 588 2457 παῖδα
611 2430 712 2465 Ἰησοῦν
732 2430 856 2465 Χριστὸν,
872 2431 919 2455 καὶ

134 2479 165 2504 το
184 2479 260 2512 ἅγιον
283 2477 364 2504 αὑτοῦ
381 2477 502 2512 Πνεῦμα,
522 2477 596 2507 ὅπως
617 2476 776 2512 καταυγάσῃ
792 2476 840 2511 τῆς
852 2476 919 2510 ἡμε-

135 2524 217 2559 τέρας
234 2523 369 2554 εὐτελείας
389 2523 433 2550 τον
449 2522 511 2549 νοῦν
527 2522 594 2559 πρὸς
611 2521 749 2556 φωτισμὸν
761 2522 809 2556 τῆς
825 2521 918 2548 τούτου

967 1928 1054 1963 deque
1068 1928 1151 1955 rectis
1167 1936 1199 1954 ac
1211 1929 1347 1962 perversis
1360 1928 1533 1964 dogmatibus
1546 1939 1698 1960 sermonem
1712 1933 1754 1960 in-

966 1973 1052 2008 gredi.
1069 1973 1192 2000 omnium
1206 1973 1294 2008 primo
1308 1974 1342 2001 de
1352 1975 1446 2001 mundi
1456 1977 1653 2011 procreatione,
1666 1978 1754 2013 deque

967 2020 1001 2047 iis
1016 2027 1076 2054 qua:
1095 2019 1225 2054 deinceps
1242 2024 1307 2046 sunt
1330 2025 1475 2048 consecuta
1486 2041 1493 2053 ,
1509 2022 1632 2050 facienda
1651 2024 1754 2051 mentio

967 2069 1018 2093 est.
1035 2065 1118 2100 quue
1133 2072 1182 2099 ego
1197 2073 1250 2091 non
1269 2066 1336 2092 meis
1351 2066 1464 2098 viribus,
1481 2071 1527 2094 aut
1540 2068 1651 2101 privatis
1666 2069 1753 2095 ratio-

968 2109 1152 2136 cinationibus
1168 2109 1253 2136 fretus
1267 2109 1419 2144 aggrediar;
1435 2110 1481 2137 sed
1494 2115 1628 2145 quatenus
1643 2113 1752 2146 quidem

969 2154 1099 2181 Dominus
1113 2155 1234 2181 omnium
1246 2162 1278 2182 ac
1293 2156 1448 2183 misericors
1463 2155 1532 2184 Deus
1548 2158 1687 2192 prophetis
1696 2159 1754 2187 suis

969 2199 1084 2234 aperuit,
1104 2207 1254 2234 eorumque
1266 2200 1345 2226 nobis
1363 2200 1494 2227 henelicio
1509 2201 1698 2230 [universarum
1710 2211 1753 2232 re-

970 2253 1028 2272 rum
1047 2246 1181 2276 notitiam.
1208 2250 1338 2280 quantum
1356 2246 1496 2273 hominum
1514 2252 1611 2274 natura
1627 2248 1688 2280 fert,
1703 2250 1754 2276 im—

970 2291 1069 2325 pertire
1081 2291 1207 2325 dignatus
1222 2295 1274 2318 est.
1293 2291 1334 2318 Me
1344 2299 1409 2318 vero
1419 2291 1474 2326 jam
1489 2297 1544 2319 tum
1560 2294 1619 2327 ipso
1630 2293 1753 2329 disputa-

970 2336 1052 2364 tionis
1075 2337 1152 2363 initio
1177 2337 1252 2372 angit
1282 2336 1352 2364 haud
1373 2337 1545 2365 mediocriter
1564 2343 1644 2373 atque
1671 2344 1755 2368 terret

970 2383 1087 2416 suscepti
1120 2382 1210 2416 operis
1241 2382 1408 2416 magnitudo.
1438 2382 1526 2414 Quare
1549 2385 1755 2412 sanctissimum

970 2428 1045 2454 illum
1076 2428 1176 2459 Deum,
1207 2427 1232 2461 2
1257 2427 1371 2463 eiusque
1400 2428 1497 2454 Filium
1523 2429 1634 2456 unicum
1661 2429 1755 2458 Iesum

970 2473 1122 2505 Christum,
1147 2480 1197 2499 ncc
1217 2481 1271 2500 non
1286 2477 1313 2500 ct
1329 2478 1453 2501 sanctqu
1473 2474 1533 2507 ejus
1554 2474 1684 2509 Spiritum
1707 2483 1756 2511 ap-

972 2519 1041 2554 pello
1052 2538 1059 2550 ,
1085 2524 1113 2545 ut
1129 2519 1162 2545 ad
1179 2519 1294 2553 hujusce
1309 2520 1348 2546 rei
1363 2520 1553 2547 illustrandum
1569 2522 1754 2557 cognitionem

134 2569 271 2603 γνώσεως.
296 2569 327 2594 Ol.
351 2568 400 2604 μὲν
426 2568 479 2604 γὰρ
503 2568 557 2594 τῶν
587 2567 719 2602 Ἑλλήνων
743 2567 919 2601 συγγραφεῖς,
935 2566 956 2592 Β
971 2572 987 2590 n

971 2568 1088 2591 mentem
1113 2569 1234 2591 nostram
1256 2564 1347 2591 divina
1369 2565 1430 2592 luce
1447 2566 1603 2600 perfundat.
1620 2567 1655 2594 Ut.
1682 2568 1754 2594 enim

136 2615 245 2650 ποιηταί
267 2622 296 2640 τε
318 2614 366 2640 καὶ
388 2613 560 2648 λογογράφοι,
578 2613 782 2648 ἐπιϐαλλόμενοι
802 2620 853 2638 τινι
869 2620 921 2646 μυ-

136 2660 214 2687 θώδει
235 2661 440 2695 συγγράμματι,
454 2659 565 2686 Μοῦσάν
594 2668 654 2685 τινα
670 2657 849 2684 ἐπεκαλοῦντο
880 2657 919 2693 (οὐ

136 2705 188 2739 γὰρ
206 2704 288 2730 Θεόν’
305 2703 483 2739 δὰιμονιώδης
500 2703 554 2738 γὰρ
569 2704 635 2738 παρ’
657 2703 740 2738 αὐτῆς
760 2703 770 2718 ⁸
790 2704 806 2737 ἡ
829 2702 919 2736 σοφία,

137 2751 184 2776 καὶ
200 2750 339 2785 ἐπίγειος,
355 2750 402 2776 καὶ
419 2751 474 2776 οὐκ
495 2750 609 2777 ἄνωθεν
626 2749 836 2783 κατερχομένη,
851 2748 921 2775 κατὰ

136 2792 166 2819 τδ
182 2793 401 2828 γεγραμμένον)·
424 2794 503 2828 ἡμεῖς
524 2793 553 2819 δὲ
577 2793 778 2828 ὲπικαλούμεθοι
801 2794 845 2820 τὸν
868 2793 921 2819 τῶν

173 2870 181 2884 ¹
201 2869 258 2897 Vct.
272 2870 401 2898 ἐμαυτοῦ.
441 2875 448 2886 '
460 2870 548 2898 Forte.
564 2870 626 2897 ἀπό.

970 2610 1085 2645 gentiles
1102 2610 1251 2644 scriptores
1267 2614 1322 2636 tam
1338 2614 1433 2644 poetae,
1449 2618 1530 2645 quam
1545 2611 1657 2638 alterius
1674 2619 1756 2645 gene-

969 2655 1008 2682 ris
1021 2655 1125 2687 solent,
1142 2662 1203 2682 cum
1218 2654 1371 2682 fabulosum
1387 2656 1496 2690 aliquod
1514 2664 1583 2691 opus
1597 2656 1754 2686 instituunt.

971 2700 1109 2728 Musarum
1124 2700 1270 2735 implorare
1290 2701 1446 2736 quampiam
1465 2703 1564 2737 (neque
1582 2702 1654 2729 enim
1671 2702 1754 2728 Deum

971 2747 1097 2774 invocant
1109 2747 1138 2777 ii.
1149 2754 1264 2781 quorum
1275 2747 1365 2774 omnis
1379 2755 1413 2774 ex
1425 2747 1577 2775 daemonum
1589 2747 1679 2775 amatu
1693 2755 1756 2781 pro-

969 2800 1063 2828 gressa
1084 2793 1217 2828 sapientia
1241 2796 1294 2825 est,
1311 2793 1461 2829 eademque
1479 2798 1594 2828 terrena,
1614 2801 1659 2820 nec
1682 2801 1696 2819 ε
1711 2801 1755 2820 su-

666 2871 676 2886 ³
689 2871 767 2899 Deest
784 2871 854 2899 forte
871 2871 990 2906 Πατέρα.
1031 2872 1112 2901 ‘Cor.
1129 2873 1230 2903 αὐτοῖς.
