1944 3037
178 148 229 177 Π5

892 148 920 176 S.
943 148 1116 176 EPIPIIANII

1764 149 1816 178 176

176 205 332 237 periaribns,
349 210 377 232 ut
399 207 534 241 scriptum
553 211 594 234 est
612 206 644 237 δ’.
667 206 834 241 descendens)
848 216 854 234 :
870 207 906 234 ita
926 215 961 234 no

1026 207 1094 233 ὅλων
1108 207 1186 240 ἅγιον
1203 206 1340 242 Δεσπότην
1364 207 1553 234 ἀντιλαϐέσθαι
1575 207 1624 242 τῆς
1639 206 1719 242 ἡμῶν
1743 216 1816 234 mur

177 261 267 281 rerum
293 253 416 280 omnium
442 253 641 281 moderatorem
669 261 700 281 ac
722 253 865 281 Dominum
892 262 970 290 roga-

176 308 246 333 mus,
264 303 293 326 ut
307 300 404 327 adesse
419 300 544 327 tenuitati
567 304 666 327 nostra:
689 300 773 333 velit,
791 307 822 327 ac
844 304 968 327 sanctum

176 346 256 374 nobis
273 345 405 381 Spiritum
420 346 584 379 immittere;
601 354 635 373 ne
649 346 714 380 quid
732 347 759 373 in
773 354 856 381 opere
869 354 970 381 propo-

176 392 230 418 sito
239 391 410 419 contexendo
427 391 526 418 falsum
538 396 566 419 et
583 391 769 418 adulterinum
791 392 969 419 misceamus.

175 437 261 475 Quem
286 445 335 465 nos
359 438 506 473 Spiritum.
521 437 716 465 imbecillitatis
737 441 838 466 nostra:
854 438 968 470 conscii,

177 493 226 520 pro
244 485 304 513 ﬁdei
322 485 402 512 modo
419 492 450 511 ac
467 484 575 512 ratione
591 484 688 511 donari
705 484 786 512 nobis
807 491 970 520 magnopere

195 539 331 559 recamur.

195 539 331 559 rea-amur.

176 539 194 567 Ρ
212 576 243 603 ΙΙ.
254 575 388 604 (laterum
400 575 446 611 qui
461 575 518 603 lure
533 580 626 602 nostra
640 575 832 610 cujuscunque
846 575 970 610 qumstio-

175 623 220 650 nis
237 623 325 658 gratia
338 623 438 658 legent,
458 622 484 648 id
499 626 562 649 ante
576 621 671 649 oculos
686 622 804 649 habeant
817 622 909 653 velim,
920 629 969 654 pro

175 673 328 703 temporum
347 668 580 702 occasionumque
601 667 680 703 copia
701 667 811 694 inventa
833 668 891 695 haec
908 676 969 696 esse

174 720 189 739 a
211 713 290 740 nobis
310 713 413 744 omnia,
429 720 602 748 qutecuuque
616 721 666 746 pro
685 713 768 747 hujus
784 713 913 748 ingenioli
930 712 969 740 fa-

174 759 277 786 cultate
294 759 460 794 investigare
474 760 633 794 potuimus;
661 767 750 794 neque
774 760 896 786 omnium
909 766 970 794 qua:

174 805 202 832 in
221 805 322 833 mundo
337 809 401 832 sunt
417 805 606 832 tractationem
622 805 674 832 hoc
693 805 720 832 in
736 812 819 840 opere
835 805 966 840 proﬁteri.

173 850 240 878 Nam
250 858 339 886 neque
350 851 505 886 percenseri
521 851 648 883 dicendo,
665 859 752 886 neque
764 858 878 878 numero
892 859 968 878 com-

1023 252 1108 286 χείας,
1133 253 1181 278 καὶ
1205 252 1358 287 ἐμπνεῦσαι
1378 253 1407 279 τὸ
1432 253 1508 287 ἇγιον
1530 253 1613 280 αὑτοῦ
1637 252 1758 287 Πνεῦμα,
1776 253 1816 284 εἰς

1021 297 1051 324 τὸ
1069 297 1153 333 μηδὲν
1171 298 1433 334 παραπεποιημένον
1450 299 1489 330 είς
1509 298 1558 333 τὴν
1582 298 1632 332 τῆς
1651 298 1816 332 ἐπαγγελίας

1021 344 1131 380 γραφὴν
1155 343 1294 376 συντάξαι.
1313 344 1368 370 Καὶ
1385 344 1450 370 αὐτὸ
1467 344 1546 371 τοῦτο
1564 344 1750 379 αἰτησάμενοι,
1766 342 1816 378 τὴν

1021 389 1125 416 ἑαυτῶν
1149 390 1331 425 ἀνιγκανθτητα
1350 390 1540 424 γινώσκοντες,
1558 390 1629 417 κατὰ
1651 389 1749 425 μέτρον
1765 389 1815 424 τῆς

1021 436 1139 468 πίστεως
1173 437 1220 463 καὶ
1241 437 1312 464 κατὰ
1327 437 1472 472 ἀναλογίαν
1487 436 1659 472 δωρήσασθαι
1675 437 1721 462 τὸν
1733 435 1815 462 αὑτὸν

1021 482 1086 517 ἡμῖν
1097 482 1320 518 παρακαλοῦμεν.

1056 573 1093 599 B’.
1116 572 1208 599 Ἔστω
1233 572 1262 599 δὲ
1285 572 1299 599 ὁ
1324 571 1424 604 σκοπὸς
1452 572 1534 598 παντὶ
1559 571 1598 606 τῷ
1623 571 1814 605 ἐντυγχάνοντι

1020 621 1085 656 περὶ
1110 620 1212 651 παντὸς
1234 618 1282 645 τοῦ
1308 618 1474 654 ζητήματος,
1497 617 1534 649 ὡς
1557 617 1610 643 τῶν
1629 616 1732 652 καιρῶν
1756 617 1815 642 ἐστι

1021 667 1068 694 καὶ
1090 667 1193 702 χρόνων
1209 666 1243 693 τὰ
1266 666 1460 701 ὑφευρήματα,
1482 665 1532 691 ὅσα
1549 663 1668 699 ἠδυνήθη
1685 664 1699 689 ὁ
1717 662 1815 698 μικρὸς

1020 713 1098 749 ἡμῶν
1115 712 1176 744 νοῦς
1202 712 1364 747 ὲξασκηθεὶς
1380 711 1593 738 καταλαϐέσθαι.
1612 709 1668 736 Καὶ
1691 709 1721 735 οὺ
1746 709 1815 735 πάν-

1019 768 1074 791 τως
1096 768 1147 786 που
1162 758 1387 794 ἐπαγγελλόμεθα
1408 758 1516 784 πάντων
1530 757 1584 783 τῶν
1601 758 1629 783 ἐν
1651 756 1690 791 τῷ
1707 755 1812 790 κόσμῳ.

1021 806 1130 839 Ἀφατα
1154 805 1209 840 γάρ
1231 805 1289 831 ἐστι
1306 805 1352 831 καὶ
1370 804 1442 838 φατὰ
1459 804 1497 838 (l)
1509 825 1516 835 ,
1535 803 1662 839 ἀμύθητά
1681 811 1710 829 τε
1722 802 1768 828 καὶ
1783 802 1813 828 ἐν

1019 852 1128 888 ἀριθμῷ
1147 851 1184 887 μὴ
1210 852 1409 886 καθιστάμενα,
1430 851 1477 877 καὶ
1498 850 1559 877 ὅσον
1576 850 1625 885 μὲν
1644 849 1684 880 είς
1708 847 1813 884 ἀνθρώσ

173 897 304 933 prehendi
332 902 473 932 possunt;
498 901 580 932 atque
605 903 633 924 ut
661 897 845 924 humanarum
866 897 962 924 virium

1017 907 1084 930 τ.ους
1100 896 1167 934 ἧκεν
1180 898 1323 932 ἀνέφικτα,
1344 897 1417 932 μόνῳ
1434 897 1462 923 δὲ
1484 895 1522 931 τῷ
1536 895 1590 922 τῶν
1604 895 1673 922 ὅλων
1689 894 1813 929 Δεσπότῃ

173 948 285 979 captum
301 948 486 978 exsuperant:
507 944 543 970 ita
556 943 606 970 soli
629 943 751 970 omnium
777 942 893 970 Domino
907 950 968 978 per-

173 994 267 1024 specta
279 994 353 1021 sunt,
370 992 395 1016 et
410 989 529 1024 cognita.
542 988 594 1016 Sed
609 996 641 1016 ea
656 988 766 1016 demum
783 989 901 1016 instituti
918 997 968 1016 no-

174 1035 224 1063 stri
239 1035 311 1062 ratio
326 1039 379 1067 est,
403 1039 432 1062 ut
451 1035 594 1070 opiniones
623 1035 846 1070 cognitionesque
866 1036 966 1067 varias,

173 1088 206 1108 ac
223 1085 279 1108 tam
305 1080 367 1108 ﬁdei
387 1088 469 1116 quam
485 1081 653 1109 inﬁdelitatis
669 1081 866 1116 professiones,
882 1082 967 1110 luere-

174 1131 218 1152 ses
229 1124 294 1151 item
309 1131 341 1151 ac
363 1132 447 1159 prava
464 1125 589 1160 dogmata
605 1127 783 1161 complectar,
799 1135 861 1162 quae
873 1135 968 1155 errore

173 1170 354 1197 circumventi
373 1170 499 1199 homines
518 1176 574 1199 toto
598 1173 665 1200 orbe
678 1173 912 1206 disseminarunt;
933 1181 968 1201 ex

172 1224 227 1252 quo
241 1218 358 1254 primum
375 1218 524 1245 humanum
540 1227 628 1253 genus
639 1219 666 1246 in
680 1225 752 1246 terra
769 1220 910 1247 conditum
925 1225 968 1247 est

172 1263 206 1290 ad
222 1263 383 1291 hodiernum
408 1272 495 1300 usque
510 1269 628 1300 tempus.
650 1267 697 1300 qui
714 1271 756 1293 est
783 1265 966 1293 Valentiniani

171 1313 200 1338 et
214 1308 336 1337 Valentis
348 1317 438 1338 annus
452 1318 477 1337 ιι
488 1331 494 1341 ,
509 1309 633 1338 Gratiani
649 1320 698 1339 vn.
722 1311 812 1346 Atque
839 1311 884 1339 illa
904 1313 966 1347 qui-

172 1355 245 1388 dem,
261 1363 322 1391 quae
335 1355 369 1383 de
383 1355 545 1389 haeresibus,
566 1361 614 1383 aut
629 1357 725 1384 haeresi
741 1357 815 1384 omni
841 1358 967 1392 superio-

172 1401 248 1429 ribus
262 1402 394 1429 institutis
411 1402 563 1434 disserere,
591 1410 624 1430 ac
641 1403 794 1431 lectoribus
812 1411 967 1439 proponere

171 1446 361 1481 aggredimur,
376 1451 440 1473 sunt
463 1455 478 1473 a
501 1447 580 1474 nobis
606 1448 704 1483 partim
731 1447 858 1475 doctrina
875 1455 908 1475 ac
928 1448 967 1476 le-

170 1493 260 1520 ctione
276 1492 396 1528 cognita,
413 1493 512 1528 partim
538 1492 679 1521 auditione
703 1499 831 1529 percepta
842 1515 850 1528 ,
865 1494 964 1529 partim

170 1538 251 1565 etiam
269 1539 382 1566 auribus
399 1539 485 1574 ipsis.
513 1540 654 1575 oculisque
679 1540 812 1575 subjecta.
840 1541 881 1568 Ad
908 1541 966 1568 hrtc

171 1585 364 1612 nonnullarum
381 1589 518 1613 sectarum
539 1587 678 1622 origines,
707 1596 769 1615 cum
788 1589 964 1624 dogmatibus
978 1595 999 1623 ο
1016 1587 1148 1621 νομένων.

169 1629 249 1664 ipsis,
263 1631 434 1657 accurateita
446 1631 484 1658 uti
498 1631 614 1666 professi
630 1640 737 1665 sumus,
751 1634 902 1662 tradituros
911 1643 961 1662 nos

168 1683 231 1704 esse
254 1676 420 1705 conﬁdimus
437 1686 443 1703 :
462 1677 489 1704 in
518 1678 579 1706 aliis
599 1683 703 1713 partem
719 1687 814 1707 eorum
830 1679 962 1708 duntaxat

168 1722 350 1757 attingemus,
367 1731 428 1757 quae
445 1723 479 1750 ab
495 1723 549 1751 illis
572 1723 639 1759 ipsis
659 1729 753 1752 exorta
779 1730 858 1759 sunt;
875 1734 962 1761 quan-

169 1773 226 1795 tum
239 1768 350 1804 quidem
366 1770 406 1797 vel
418 1778 450 1798 ex
468 1770 645 1798 monimentis
662 1775 796 1804 veterum,
810 1772 850 1800 vel
864 1780 896 1800 ex
914 1773 962 1800 ho-

167 1815 272 1843 minum
290 1817 448 1844 narratione
472 1817 518 1852 qui
536 1817 724 1852 plenissimam
740 1819 819 1846 nobis
835 1819 914 1847 ﬁdem
924 1820 959 1847 l‘e-

168 1862 428 1898 cerant,3haurire
443 1863 591 1897 potuimus.
608 1864 660 1891 Sed
676 1865 703 1891 in
713 1872 772 1892 eam
789 1869 874 1892 totam
887 1866 964 1893 lucu-

168 1907 319 1935 brationem
337 1908 377 1935 sic
404 1909 589 1940 incubuimus.
612 1917 667 1937 non
694 1914 723 1937 ut
741 1918 788 1945 per
813 1919 863 1938 nos
888 1912 963 1947 ipsos

168 1955 265 1986 sponte
276 1960 493 1988 capessercmus.
507 1957 555 1980 aut
569 1954 596 1980 iu
610 1962 641 1982 ea
656 1962 707 1982 nos
723 1960 884 1990 argumenta
899 1964 961 1991 per-

167 2004 260 2031 peram
285 1998 510 2031 immittercmus,
527 2007 587 2034 qua:
603 2000 703 2027 virium
727 2005 885 2028 nostrarum
905 2003 963 2030 exi-

167 2042 299 2077 guitatem
316 2048 448 2078 superant
466 2054 471 2071 :
487 2053 575 2080 neque
594 2046 667 2073 enim
682 2046 793 2074 aliunde
805 2048 962 2082 opusillud,

167 2088 241 2123 quod
260 2097 315 2124 prae
331 2090 457 2117 manibus
470 2095 522 2121 est.
537 2091 660 2126 aggressi
674 2099 780 2123 sumus,
792 2100 874 2126 quam
890 2093 963 2128 quod

165 2135 274 2163 volente
288 2135 343 2163 Deo
359 2135 442 2163 variis
458 2136 526 2164 locis
546 2143 578 2163 ac
595 2137 763 2172 temporibus
776 2141 872 2165 nostra
886 2138 920 2165 ad
936 2139 963 2166 id

165 2181 299 2215 agendum
315 2181 463 2208 sollicitata
483 2188 497 2207 a
518 2182 687 2216 sapientibus
702 2182 768 2210 viris
788 2183 964 2212 imbecillitas

166 2233 227 2259 est,
249 2227 304 2255 imo
332 2228 414 2255 etiam
443 2229 642 2264 propemodum
671 2233 779 2257 coacta.
805 2230 930 2263 Quorum
948 2239 964 2258 e

201 2306 221 2320 “
236 2305 294 2332 Jac.
308 2314 350 2338 ιιι,
369 2306 411 2333 l5.
461 2307 472 2322 ⁵
488 2305 567 2334 Forte
581 2306 675 2334 ἄλλων.

1018 944 1217 979 γινωσκόμενα.
1236 944 1273 970 Τὸ
1294 943 1323 970 δὲ
1340 943 1504 978 ἐπάγγελμα
1526 941 1583 978 ἔχει
1602 942 1666 977 περὶ
1682 941 1813 975 διαφορᾶς

1018 989 1101 1022 δοξῶν
1125 998 1154 1015 τε
1172 989 1218 1016 καὶ
1240 989 1377 1023 γνώσεων,
1402 989 1618 1023 ἐπαηελμάτων
1639 996 1668 1013 τε
1694 987 1813 1017 πίστεως

1018 1035 1051 1061 ἐκ
1073 1035 1140 1061 Θεοῦ
1164 1035 1212 1061 καὶ
1235 1035 1376 1066 ἀπιστίας,
1400 1033 1531 1070 αἱρέσεών
1547 1042 1576 1060 τε
1599 1034 1646 1060 καὶ
1666 1031 1812 1064 κακοδόξω

1018 1080 1131 1116 γνώμης
1152 1080 1326 1117 ἀνθρωπείας
1343 1081 1396 1107 ὑπὸ
1421 1080 1638 1115 πεπλανημένων
1660 1078 1764 1113 ἀνδρῶν
1782 1079 1813 1104 ἐν

1019 1127 1113 1163 κόσμῳ
1136 1127 1321 1162 ὲσπαρμένης,
1352 1126 1426 1159 ἐξότε
1451 1126 1592 1163 ἄνθρωπος
1617 1126 1663 1152 ἐπὶ
1686 1126 1738 1160 γῆς
1765 1125 1812 1150 πέ-

1019 1173 1146 1205 πλασται,
1164 1174 1227 1209 ἄχρι
1242 1173 1288 1200 τοῦ
1303 1173 1436 1209 ἡμετέρου
1460 1173 1567 1208 χρόνου,
1593 1172 1716 1199 τουτέστι
1737 1171 1810 1206 βασι·

1022 1219 1096 1251 λείας
1118 1219 1344 1246 Οὐαλεντινιανοῦ
1370 1219 1418 1245 καὶ
1441 1218 1590 1249 Οὐάλεντος
1616 1218 1654 1252 (9.)
1669 1217 1812 1244 ἑνδεκάτου

1017 1264 1105 1296 ἔτους,
1123 1264 1170 1290 καὶ
1183 1263 1343 1299 Γρατιανοῦ.
1355 1263 1415 1290 Τῶν
1425 1263 1453 1290 δὲ
1461 1263 1505 1297 ὑφ’
1518 1262 1597 1298 ἡμῶν
1609 1262 1759 1298 μελλόντων
1772 1262 1813 1293 εἰς

1017 1310 1118 1344 γνῶσιν
1135 1309 1189 1336 τῶν
1213 1309 1431 1345 ἐντυγχανόντων
1455 1309 1533 1344 ἥκειν
1556 1308 1688 1344 αἱρέσεών
1713 1316 1741 1334 τε
1765 1308 1812 1334 καὶ

1017 1355 1071 1382 τῶν
1087 1355 1218 1382 ἀνωτάτω
1239 1355 1274 1382 τὰ
1299 1355 1347 1391 μὲν
1368 1356 1400 1381 ὲκ
1416 1355 1594 1390 φιλομαθείας
1617 1355 1706 1389 ἴσμεν,
1731 1354 1766 1380 τὰ
1782 1353 1811 1380 δὲ

1018 1401 1047 1434 ἐξ
1062 1402 1147 1437 ἀκοῆς
1165 1402 1379 1437 κατειλήφαμεν,
1396 1403 1452 1434 τοῖς
1471 1401 1498 1428 δέ
1511 1410 1583 1428 τισιν
1607 1401 1682 1433 ἰδίοις
1697 1401 1748 1427 ὠσὶ
1764 1401 1812 1427 καὶ

1017 1448 1168 1483 ὀφθαλμοῖς
1184 1447 1384 1483 παρετύχομεν.
1404 1448 1458 1474 Καὶ
1470 1447 1525 1474 τῶν
1544 1447 1592 1482 μὲν
1610 1447 1659 1478 τὰς
1676 1447 1752 1482 ῥίζας
1765 1447 1812 1473 καὶ

1017 1495 1050 1521 τὰ
1076 1495 1230 1530 διδάγματα
1257 1493 1286 1528 ἐξ
1314 1493 1445 1528 ἀκριϐοῦς
1474 1494 1640 1528 ἐπαγγελίας
1666 1493 1812 1520 ἀποδοῦναι

1018 1540 1252 1576 πεπιστεύκαμεν,
1268 1539 1322 1566 τῶν
1338 1539 1367 1566 δὲ
1384 1540 1466 1575 μέρος
1486 1548 1512 1566 τι
1532 1539 1586 1566 τῶν
1604 1539 1651 1566 ἀπ’
1667 1539 1750 1574 αὐτῆς
1766 1548 1810 1574 γι-

1181 1586 1225 1619 ‘EE
1250 1582 1287 1612 ὧν
1311 1585 1391 1612 τοῦτο
1408 1586 1457 1621 μὲν
1471 1585 1515 1611 διὰ
1538 1585 1733 1620 συνταγμάτων
1756 1593 1810 1610 πα-

1014 1632 1096 1659 λαιῶν
1125 1631 1318 1668 συγγραφέων,
1348 1631 1426 1658 τοῦτο
1448 1630 1478 1658 δὲ
1497 1631 1530 1658 δι’
1551 1632 1636 1667 ἀκοῆς
1659 1630 1810 1667 ἀνθρώπων

1013 1679 1135 1714 ἀκριϐῶς
1153 1687 1277 1705 πιστωσα
1281 1679 1370 1713 μένων
1389 1678 1437 1713 τὴν
1454 1677 1532 1713 ὴμῶν
1552 1678 1656 1704 ἔννοιαν
1667 1678 1790 1713 ἔγνωμεν
1799 1685 1808 1694 ⁸

1011 1726 1090 1752 τοῦτο
1115 1725 1143 1752 δὲ
1169 1725 1200 1751 τὸ
1223 1726 1277 1752 πᾶν
1307 1724 1500 1760 συνηγάγομεν
1527 1725 1691 1759 φρόντισμα,
1713 1724 1744 1751 οὺ
1773 1724 1808 1750 δι’

1013 1771 1119 1798 ἑαυτῶν
1139 1771 1369 1806 ἐπιϐαλλόμενοι,
1392 1771 1441 1797 οὐκ
1466 1771 1671 1806 ὲπεντριϐἐντες
1690 1771 1809 1806 ἐπαγγε-

1012 1817 1084 1848 λίαις
1108 1817 1336 1852 ὑπερϐαινούσαις
1361 1817 1410 1852 τὴν
1430 1816 1509 1851 ἡμῶν
1536 1815 1727 1852 βραχυλογίαν.
1752 1817 1808 1843 Καὶ

1014 1863 1068 1898 γὰρ
1091 1864 1138 1890 καὶ
1154 1863 1234 1890 αὑτὸν
1249 1863 1342 1890 τοῦτον
1356 1865 1401 1891 τὸν
1418 1864 1506 1898 λόγον,
1528 1864 1557 1891 ὃν
1578 1864 1714 1892 συνθεῖναι
1730 1864 1808 1899 ηὗδο-

1014 1909 1139 1944 κὴσαμεν
1165 1910 1232 1936 Θεοῦ
1258 1910 1381 1946 βουλήσει
1407 1911 1436 1943 ἐξ
1459 1911 1564 1946 ἀνδρῶν
1584 1910 1746 1946 φιλοσόφων,
1761 1911 1808 1938 ἄλ-

1015 1954 1071 1980 λοθι
1116 1955 1242 1987 illum“,
1281 1956 1328 1982 καὶ
1355 1956 1449 1983 ἄλλοτε
1475 1956 1561 1988 ἄλλως
1586 1956 1721 1989 νυξάντων
1756 1956 1807 1992 τὴν

1015 2002 1094 2037 ἡμῶν
1114 2001 1270 2033 ἀσθένειαν,
1297 2002 1344 2028 καὶ
1358 2002 1529 2037 βιασαμένων
1546 2003 1630 2038 ἡμᾶς,
1650 2002 1687 2034 ὡς
1707 2003 1806 2034 εἰπεῖν.

1015 2047 1159 2082 παρελθεῖν
1174 2048 1213 2078 είς
1234 2047 1324 2078 τοῦτο,
1340 2048 1377 2080 ὡς
1397 2049 1413 2083 ἡ
1430 2048 1506 2083 ὑμῶν
1521 2048 1646 2083 τιμιότης
1659 2048 1805 2083 γράφουσα

1013 2092 1059 2119 διὰ
1085 2093 1263 2129 προφητικῶν
1293 2094 1303 2108 ⁸
1328 2095 1499 2129 γραμμάτων
1523 2095 1634 2130 ᾔτησεν,
1666 2091 1688 2121 ὦ
1709 2095 1805 2130 τιμιώ-

1013 2139 1090 2166 τατοί
1109 2148 1160 2175 μου
1184 2140 1294 2174 ἀδελφοὶ
1319 2141 1366 2167 καὶ
1393 2141 1598 2175 φιλοκαλότατοι
1620 2142 1729 2169 ’Δκάκιε
1759 2142 1806 2168 καὶ

1015 2186 1106 2213 Παῦλε
1131 2188 1380 2223 ωμπρεσῦύτεροι.
1410 2188 1486 2214 Ἐπεὶ
1505 2186 1551 2215 οὖν
1567 2188 1734 2223 πανταχόθεν
1754 2188 1804 2214 οὐκ

1015 2233 1090 2259 ἀθεεὶ
1097 2233 1334 2268 διασκοπήσαντας
1343 2234 1492 2269 (adﬂeat);
1504 2234 1556 2261 τῶν
1565 2235 1697 2271 αἰτήσεων
1705 2234 1805 2270 διὰτὴν

738 2307 748 2323 ⁸
763 2307 793 2336 L.
811 2310 1054 2344 προσφωνητικῶν.

181 2419 186 2424 _
200 2383 237 2419 (l)
251 2384 367 2428 ’ρφατα
378 2384 434 2428 γάρ
448 2385 514 2411 ἐστι
533 2386 582 2412 καὶ
598 2385 685 2428 spend:
705 2386 838 2428 Expuﬂngo
860 2392 952 2428 poste:

1015 2387 1112 2428 lbristi
1120 2393 1162 2416 est
1173 2389 1238 2428 εΗ.
1250 2389 1374 2428 gratiani
1391 2397 1478 2428 annos
1496 2393 1681 2428 prmteriiiis't,
1699 2396 1729 2420 ut
1744 2393 1802 2428 opi-

164 2419 251 2446 riores
260 2419 341 2454 hasce
354 2421 476 2450 voculas,
493 2428 553 2453 qua:
565 2422 728 2448 sententiam
746 2419 894 2454 infuscant,
905 2423 953 2449 καὶ

165 2453 247 2488 φατά.
265 2453 338 2490 Dixit
357 2455 465 2488 quidem
480 2454 616 2483 llesiodus
631 2457 711 2483 initio
725 2456 850 2490 Ἔργων,

164 2490 257 2526 “forte
264 2488 430 2526 dadg‘potai
437 2490 544 2524 ἄνδρες
553 2491 641 2525 ὁμῶς,
652 2488 767 2525 ἄφατοί
774 2488 805 2518 τε
815 2493 904 2526 φατοί
912 2501 954 2525 τε,

169 2524 268 2557 Ῥητοί
280 2524 306 2549 τ’
323 2523 445 2558 ᾶρῤητοι
457 2533 489 2551 τε
499 2534 505 2540 ·

164 2560 212 2597 sed
237 2559 291 2586 alio
304 2567 499 2597 sensistquam.
513 2564 543 2597 ut
558 2561 623 2588 huic
639 2562 699 2588 loco
718 2568 862 2597 congruat.
885 2563 953 2589 Nam

163 2595 216 2622 hoc
229 2602 313 2631 unum
330 2594 502 2631 Epiphanius
513 2596 661 2631 signiﬁcat.
671 2605 700 2625 se
713 2605 765 2624 non
774 2594 867 2624 omnia
882 2606 954 2625 com-

163 2630 244 2665 plecti
263 2630 314 2658 hoc
329 2630 356 2657 in
371 2637 453 2665 opere
461 2630 570 2665 cupere,
582 2639 644 2659 cum
661 2633 871 2660 innumerabilia
885 2634 951 2666 sint,

163 2673 214 2692 nec
227 2666 352 2693 oratione
370 2666 564 2699 comprehendi
585 2668 700 2701 possint.

198 2701 237 2736 (2)
270 2701 406 2728 Τουτέστ
423 2701 585 2735 βασιλείας
614 2703 875 2731 οὺαλεντινιανοῦ.
903 2703 951 2731 Est

163 2735 209 2763 hic
223 2743 314 2774 annus
332 2736 441 2774 Christi
457 2736 519 2774 πμ,
535 2745 595 2774 quo
609 2745 688 2766 suum
711 2746 780 2773 opus
803 2746 949 2774 aggressus

162 2775 205 2808 est
222 2770 404 2808 Epiphanius;
422 2770 552 2808 Gratiano
576 2772 619 2804 ΙΙΙ,
637 2778 664 2800 et
678 2770 785 2808 eqiitio
797 2770 871 2802 coss.
890 2773 946 2802 Va-

163 2806 328 2844 lentinianus
337 2807 448 2844 enimet
463 2807 562 2844 Valens
577 2806 865 2844 imperiumiauspicati
881 2813 946 2837 sunt

163 2848 236 2878 anno
255 2842 307 2869 364
323 2842 516 2878 ωεεκιίιίςῃιιὶ
535 2841 641 2870 Joviaiii
659 2849 686 2871 et
705 2841 868 2871 Varroniani
883 2853 946 2872 con-

164 2877 256 2905 sulatu
271 2882 382 2906 notatur
403 2879 431 2906 in
452 2877 552 2907 Fastis.
576 2878 638 2907 Ideo
655 2887 744 2908 annus
759 2880 903 2912 utriusque
919 2888 945 2908 xi

1009 2431 1069 2455 nor,
1086 2423 1224 2463 librarius.
1246 2424 1337 2463 Quare
1356 2423 1577 2463 substituendulu
1607 2431 1649 2463 est
1672 2429 1718 2454 καὶ
1733 2423 1802 2463 Γρα-

1008 2458 1100 2486 τιανοῦ
1120 2459 1224 2493 ὀγδόου.
1242 2461 1400 2489 Gratiarum.
1418 2459 1550 2494 Lupicino
1565 2466 1592 2489 et
1603 2461 1700 2490 Jovino
1715 2458 1799 2495 coss"

1011 2497 1039 2520 ut
1055 2498 1151 2533 auctor
1169 2500 1210 2522 est
1236 2496 1364 2523 Socrates
1379 2496 1425 2522 lib.
1443 2505 1480 2528 iv,
1500 2504 1560 2532 cap.
1578 2498 1621 2529 l0.
1650 2498 1800 2533 imperator

1009 2534 1037 2555 et
1057 2531 1195 2565 Augustus
1218 2537 1233 2556 a
1264 2534 1342 2565 patre
1362 2531 1540 2558 renuntiatus
1554 2537 1614 2565 est,
1633 2531 1706 2560 anno
1721 2534 1799 2561 Chri-

1011 2564 1046 2591 sti
1060 2564 1123 2600 ξϋἸ.
1145 2564 1237 2600 Itaque
1249 2564 1409 2593 undecimus
1425 2565 1608 2594 Valentiniani
1623 2574 1651 2595 et
1668 2568 1799 2600 Valentis,

1004 2603 1047 2626 est
1057 2599 1181 2627 Gratiani
1197 2606 1321 2628 octavus.
1342 2602 1369 2628 In
1383 2601 1595 2630 Manichaeorum
1611 2604 1707 2631 hazresi
1723 2599 1798 2635 ιινι,

1003 2642 1118 2672 nlnuero
1131 2635 1177 2664 20.
1198 2643 1286 2663 annos
1301 2636 1423 2664 Gratiani
1438 2643 1646 2666 couunemorat.
1664 2639 1752 2672 Quem
1770 2641 1799 2667 in

1003 2669 1093 2696 |OCIIIII
1113 2675 1210 2697 caetera
1225 2678 1409 2699 I‘CSCI‘VHIIIUS.

1037 2705 1075 2740 (5)
1093 2705 1153 2732 οὐκ
1162 2706 1539 2744 εξθεεῂὸιασκοπήσαντας.
1563 2708 1613 2736 Hic
1633 2709 1798 2744 conjectura:

1001 2739 1079 2779 locus
1092 2746 1147 2779 est.
1160 2741 1230 2768 Nam
1243 2740 1277 2779 de
1292 2743 1357 2769 vitio
1368 2739 1487 2779 constat.
1501 2739 1596 2779 Scribe
1608 2739 1797 2779 διασκοπήσας

999 2775 1050 2816 τᾲς
1064 2775 1171 2810 ψήφους
1184 2786 1190 2791 ·
1203 2780 1234 2816 et_
1250 2776 1315 2816 εἵσω
1332 2778 1486 2816 παρελθεῖν.
1497 2778 1550 2816 _Vel
1563 2780 1692 2816 διεσκόπη
1699 2775 1796 2813 σα’τὰς

993 2810 1118 2846 ⁹ψήφους,
1141 2816 1168 2838 et
1177 2813 1357 2856 Iretinendum
1373 2810 1438 2856 ἐἰς-
1451 2814 1560 2856 ὂηβιιιη
1579 2816 1613 2842 ad
1635 2810 1794 2856 susceptum

1001 2853 1070 2886 opus
1085 2847 1299 2886 aggrediendum
1315 2848 1516 2878 conscntientia
1533 2855 1653 2879 vestrum
1669 2847 1796 2880 omnium

1000 2881 1130 2915 βασι-εικῆ
1147 2882 1275 2911 viderem.
