1944 3037
156 143 205 171 177
491 144 676 173 ADVERSUS
696 145 867 174 HERESES
887 147 940 174 LIB

1009 146 1090 174 TOM.
1113 147 1132 175 I.
1153 162 1187 167 —-
1206 146 1342 174 llrERES.
1362 145 1431 175 l-lV.
1732 146 1784 175 178

155 203 375 238 ὑπερϐάλλουσαν
388 205 442 232 τῶν
464 206 511 232 τοῦ
528 206 595 233 ϐεοῦ
616 207 716 234 δούλων
729 209 850 244 ἀγάπην,
874 211 914 241 εἰς
933 209 944 235 ὂ

1000 216 1113 235 numero
1129 216 1178 235 vos
1194 207 1244 242 ipsi
1257 215 1380 242 quoque,
1400 207 1480 234 Aeaci
1497 215 1529 234 ac
1545 207 1625 235 Paule
1639 202 1785 235 venerandi

154 250 303 285 παρελθεῖν
326 251 509 286 κατηξίωμαι,
536 253 567 279 ού
589 254 621 279 δι’
649 254 776 286 εὐεπείας
792 255 888 289 λόγων,
913 255 943 281 οὺ

999 254 1107 285 fratres,
1123 258 1149 281 et
1171 254 1359 281 honestissimi
1386 253 1532 281 sacerdotii
1550 255 1670 289 college,
1684 254 1754 281 idem
1769 261 1784 281 a

154 295 306 329 στωμύλοις
328 296 383 322 τισὶ
405 296 548 331 φθογγαῖς,
572 298 630 324 ἀλλ’
652 299 723 333 ἁπλῇ
746 300 778 334 τῇ
801 299 943 334 διαλέκτῳ,

999 307 1042 326 me
1066 299 1231 334 propheticis
1255 299 1354 326 litteris
1371 300 1540 334 postulastis.
1556 300 1639 335 Igitur
1655 300 1784 335 quoniam

155 338 233 373 ἁπλῷ
246 339 285 374 τῷ
298 339 378 375 λόγῳ,
399 341 526 377 ἀκριϐείᾳ
538 342 566 368 δὲ
583 343 636 369 τῶν
653 344 683 369 ὲν
702 343 741 378 τῷ
755 344 827 379 λόγῳ
850 344 944 380 δηλου-

1001 353 1053 372 ιιοη
1069 344 1129 372 sine
1145 345 1238 371 divino
1251 343 1376 375 Numine,
1392 352 1424 371 ex
1442 344 1573 371 immensa
1583 344 1628 371 Dei
1643 351 1785 371 servorum

156 385 243 420 μένων
258 385 372 421 ἄρξομαι
386 386 432 413 τοῦ
445 387 543 420 λέγειν.

1002 392 1136 418 charitate
1150 394 1189 418 tot
1206 391 1234 418 in
1249 398 1332 417 unum
1349 390 1427 418 video
1438 391 1536 417 collata
1553 390 1714 425 petitionum
1728 388 1787 417 suf-

155 432 252 466 fragia,
270 432 343 466 quod
357 441 372 459 a
390 441 432 460 Ine
448 436 503 460 tam
522 434 604 461 enixe
630 433 779 470 ﬂagitatum
793 439 851 466 est,
869 435 945 462 nullo
968 444 1057 472 neque
1076 437 1209 464 orationis
1221 437 1307 469 cultu,
1329 443 1416 471 neque
1434 443 1531 463 vocum
1555 436 1714 468 lenociniis,
1737 433 1786 463 sed

154 477 326 512 simplicibus
354 479 462 511 verbis,
477 479 593 515 rudique
621 488 764 513 sermone,
791 482 944 509 certissima
965 486 1054 510 tamen
1069 483 1191 510 omnium
1208 489 1269 510 ante
1294 481 1471 517 proponenda
1495 486 1560 508 sunt
1583 481 1652 513 ﬁde,
1676 481 1785 508 initium

153 524 262 551 dicendi
282 523 391 552 faciam.

190 571 227 600 1".
245 571 300 598 Καὶ
313 572 463 608 Νίκανδρος
481 573 530 608 μὲν
546 574 560 600 ὁ
574 575 748 610 συγγραφεὺς
757 573 847 610 Θηρῶν
857 583 886 600 τε
897 574 944 601 καὶ

154 618 278 654 ἑρπετῶν
299 619 446 654 ἐποιήσατο
465 619 518 646 τῶν
533 619 639 654 φύσεων
663 621 712 656 τὴν
730 621 847 655 γνῶσιν·
870 620 944 647 ἄλλοι

153 663 183 690 δὲ
198 665 365 700 συγγραφεῖς
388 663 471 700 ῥιζῶν
487 673 516 691 τε
537 666 585 691 καὶ
607 665 727 700 βοτανῶν
743 665 793 698 τὰς
809 665 874 697 ὔλας
885 674 891 680 ·
907 666 944 697 ὼς

153 710 347 745 Διοσκουρίδης
366 711 415 745 μὲν
430 711 444 736 ὁ
466 711 606 747 ὑλοτόμος,
629 712 770 747 Πάμφιλός
791 721 821 738 τε
841 712 879 747 (4)
897 712 944 738 καὶ

153 755 324 791 Μιθριδάτης
342 757 356 783 ὁ
372 756 507 791 βασιλεὺς.
527 757 708 794 Καλλισθένης
725 767 755 784 τε
780 759 828 784 καὶ
846 758 943 789 Φίλων,

161 800 260 833 Ἰόλαος
282 809 312 827 τε
328 803 342 828 ό
357 802 481 834 Βιθυνὸς⁹
499 803 547 829 καὶ
577 802 755 838 Ἡρακλείδης
773 804 787 829 ὁ
810 803 942 838 Ταραντι-

153 847 285 882 νὺς⁷(5),
313 848 457 883 Κρατεύας
479 850 493 875 ὁ
517 849 668 885 ῥιζοτόμος,
697 849 822 884 Ἀνδρέας
845 858 875 875 τε
898 849 945 876 καὶ

154 892 260 924 Βᾶσσος
275 894 289 920 ὁ
305 893 326 919 Τ
329 893 401 925 ύλιος
418 893 466 930 (6),
481 895 647 930 Νικήρατος,
664 895 712 921 καὶ
731 894 883 930 Πετρώνιος
896 894 944 920 Νί-

153 946 205 974 γερ
218 938 268 974 (7),
290 940 337 966 καὶ
359 939 491 972 Διόδοτος,
507 941 555 967 καὶ
576 940 650 967 ἄλλοι
662 941 743 972 τινές.
768 940 812 976 Τῷ
827 941 855 967 δὲ
870 940 944 975 αὐτῷ

153 985 248 1020 τρόπῳ
272 986 320 1012 καὶ
341 986 423 1021 ἡμεῖς
446 986 495 1018 τὰς
518 986 572 1013 τῶν
593 986 726 1022 αἱρέσεων
751 986 829 1023 ῥίζας
851 995 880 1013 τε
897 987 945 1012 καὶ

153 1031 266 1066 γνώμας
281 1031 445 1067 πειρώμενοι
459 1032 673 1062 ἀποκαλύπτειν,
688 1032 719 1059 οὑ
740 1032 840 1068 βλάὸης
851 1032 945 1059 ἕνεκεν

153 1078 210 1109 τοῖς
231 1078 449 1112 ἐντυγχάνουσιν,
472 1078 540 1105 ἀλλὰ
556 1079 680 1114 καθάπερ
700 1079 755 1110 τοῖς
775 1078 943 1114 προειρημέ-

154 1131 210 1154 νοις
226 1123 413 1159 συγγραφεῦσι
432 1123 476 1149 διὰ
497 1123 613 1159 σπουδῆς
636 1124 743 1158 ἐγένετο
759 1123 788 1149 οὐ
810 1122 840 1148 τὺ
860 1123 944 1149 κακὸν

155 1170 286 1205 σημᾶναι,
311 1169 379 1196 ἀλλὰ
395 1170 463 1205 πρὸς
484 1170 565 1204 φόὸον
587 1170 634 1196 καὶ
658 1169 806 1204 ἀσφάλειαν
827 1169 878 1204 τῆς
898 1170 945 1196 ἀν-

153 1215 295 1251 θρωπείας
320 1215 438 1249 φύσεως,
462 1216 503 1246 εἰς
523 1215 554 1241 τὸ
578 1215 722 1249 γινώσκειν
744 1215 779 1241 τὰ
801 1214 875 1241 δεινὰ
898 1215 945 1241 καὶ

152 1261 291 1297 ὀλετήρια,
316 1261 364 1287 καὶ
387 1260 648 1297 προασφαλίζεσθαι,
676 1261 722 1287 καὶ
744 1260 945 1296 διαδιδράσκειν

153 1308 203 1334 σὺν
219 1309 252 1342 τῇ
272 1306 319 1333 τοῦ
335 1306 403 1333 Θεοῦ
417 1307 541 1342 δυνάμει,
556 1306 600 1333 διὰ
617 1306 664 1333 τοῦ
680 1307 824 1342 προσέχειν
843 1307 890 1333 καὶ
908 1307 944 1342 μὴ

153 1353 378 1389 συναμιλλᾶσθαι.
405 1353 467 1385 Τοῖς
492 1353 520 1379 δὲ
541 1353 588 1379 καὶ
611 1353 742 1385 τοιούτοις
759 1353 943 1388 περιτυχοῦσι,

152 1400 200 1427 καὶ
218 1399 270 1426 ὑπὸ
285 1399 339 1426 τῶν
360 1400 487 1425 τοιούτων
503 1399 744 1430 ὲπιὸουλευθεϊσιν,
767 1399 783 1434 ἢ
805 1400 838 1426 δι’
858 1400 945 1434 ἐμφυ-

154 1447 287 1481 σήματος,
313 1446 329 1480 ῆ
354 1446 502 1482 δήγματος,
528 1445 689 1481 ἥθεωρίας,
710 1446 734 1472 οἱ
759 1446 835 1471 αὐτοὶ
858 1445 944 1471 ταῦτα

155 1492 384 1527 μεριμνήσαντες,
405 1492 453 1518 καὶ
473 1491 638 1527 ἀλεξητήρια
654 1490 737 1526 ῥιζῶν
758 1499 787 1517 τε
802 1491 850 1517 καὶ¹
866 1490 944 1526 βοτα-

1033 571 1078 600 111.
1097 573 1135 600 Ac
1149 572 1285 600 Nicander
1301 572 1410 607 quidem
1426 576 1505 607 poeta
1521 572 1556 600 de
1573 572 1739 607 serpentium
1754 580 1787 599 ac

998 619 1134 653 reptilium
1150 622 1247 645 natura
1261 618 1402 645 disseruit.
1427 618 1479 645 Alii
1505 625 1569 646 vero
1589 619 1737 653 scriptores
1753 619 1787 646 de

998 665 1120 692 radicum
1138 665 1338 699 herbarumque
1350 664 1455 691 viribus
1470 665 1684 691 commentarios
1695 664 1788 692 edide-

998 714 1071 743 runt,
1088 715 1117 737 ut
1138 710 1311 737 Dioscorides
1334 710 1479 737 herbarius
1490 731 1497 742 ,
1512 715 1539 737 ct
1564 709 1738 745 Pamphilus.
1755 717 1787 737 ac

998 756 1168 783 lithridates
1185 763 1242 787 rex,
1255 759 1282 783 et
1297 756 1492 788 Callisthenes,
1520 763 1552 783 ac
1568 755 1662 788 Philo,
1678 763 1787 783 necnon

998 805 1024 829 et
1038 801 1126 829 Iolaus
1140 801 1283 836 Bithynus,
1293 807 1319 828 et
1328 801 1484 829 Heraclides
1495 800 1673 833 Tarentinus,
1684 807 1711 829 et
1723 802 1788 829 Cra-

999 855 1074 876 tevas
1102 849 1255 880 herbarius,
1270 852 1297 876 et
1316 848 1450 882 Andreas,
1465 856 1497 876 ac
1513 848 1615 876 Bassus
1641 848 1748 884 Tylius,
1760 854 1788 876 ct

995 894 1149 926 Niceratus,
1168 902 1200 922 ac
1215 895 1361 922 Petronius
1374 895 1467 930 Niger,
1483 899 1509 922 et
1524 894 1667 927 Diodotus,
1685 895 1788 930 aliique

995 941 1128 967 nonnulli.
1154 940 1276 973 Quorum
1294 940 1418 975 exemplo
1448 948 1498 968 nos
1523 941 1663 968 bmrcseon
1681 941 1787 968 radices

994 990 1021 1013 et.
1036 986 1180 1021 opiniones
1197 986 1352 1021 patefacere
1373 987 1546 1014 conabimur.
1562 994 1615 1013 nou
1642 990 1671 1013 ut
1697 985 1786 1013 fraudi

995 1032 1145 1059 lcetoribus
1159 1032 1210 1059 ista
1226 1032 1282 1059 sint
1292 1041 1298 1059 :
1309 1031 1356 1059 sed
1369 1032 1598 1066 quemadmodum
1612 1040 1681 1064 quos
1695 1032 1786 1067 proxi-

995 1086 1038 1105 Ine
1052 1079 1261 1106 commemoravi
1284 1080 1450 1114 scriptores,
1467 1087 1520 1106 non
1546 1084 1576 1106 ut
1594 1080 1694 1106 malum
1715 1079 1786 1106 indi-

995 1128 1089 1151 carent
1107 1124 1160 1151 ista
1177 1124 1368 1156 tradiderunt,
1392 1125 1439 1152 sed
1458 1128 1487 1151 ut
1504 1124 1654 1151 humanum
1670 1125 1722 1151 sibi
1738 1132 1786 1159 ge-

996 1178 1048 1198 nus
1059 1174 1178 1202 caveret,
1194 1178 1226 1197 ac
1244 1171 1387 1198 securitati
1404 1178 1460 1198 sum
1472 1171 1645 1201 consuleret,
1668 1170 1732 1197 dum
1753 1170 1788 1197 iis

996 1224 1056 1251 quce
1071 1216 1224 1252 perniciosa
1247 1224 1278 1243 ac
1296 1216 1405 1243 lethalia
1420 1215 1508 1242 forent
1533 1215 1666 1250 cognitis,
1692 1215 1785 1250 opitu-

996 1262 1068 1289 latt-e
1092 1261 1146 1289 Deo
1167 1262 1298 1289 adversus
1323 1261 1379 1288 hac
1397 1261 1503 1287 munire
1530 1269 1576 1292 se,
1597 1267 1628 1287 ac
1649 1259 1788 1287 declinare

997 1313 1117 1342 possent,
1131 1307 1238 1343 sibique
1258 1307 1434 1342 providerent
1451 1306 1522 1341 ipsi,
1546 1313 1597 1333 nec
1619 1313 1679 1332 cum
1695 1306 1788 1333 noxiis

996 1355 1050 1381 iJ‘is
1069 1355 1153 1381 rebus
1178 1355 1296 1389 experiri
1317 1354 1428 1381 vellent.
1452 1353 1541 1388 Atque
1562 1357 1592 1379 ut
1608 1354 1731 1380 omnium
1760 1353 1787 1380 in

995 1401 1109 1436 gratiam
1127 1401 1172 1435 qui
1191 1401 1218 1427 in
1236 1404 1379 1435 serpentes
1396 1400 1589 1431 incurrissent,
1605 1403 1652 1425 aut
1664 1405 1788 1433 quoquo-

997 1447 1077 1474 modo
1094 1446 1243 1482 perniciem
1257 1447 1291 1473 ab
1306 1446 1339 1473 iis
1355 1445 1571 1476 contraxissent,
1584 1445 1641 1471 sive
1658 1442 1789 1479 pestifero

996 1493 1115 1528 quodam
1133 1491 1235 1525 amatu,
1255 1492 1313 1519 sive
1330 1500 1423 1519 morsu
1435 1511 1441 1523 ,
1459 1491 1516 1518 sive
1532 1494 1644 1525 aspectu
1671 1490 1788 1524 denique

154 1538 208 1565 νῶν
225 1536 424 1572 προετύπωσαν
445 1537 514 1572 πρὸς
533 1536 662 1572 ἀθέτησιν
676 1537 725 1572 τῆς
742 1535 795 1562 τῶν
816 1545 944 1572 προειρη-

999 1540 1057 1575 ipso
1069 1539 1167 1572 vitiati,
1181 1539 1263 1566 iidem
1278 1538 1315 1565 illi
1331 1537 1378 1573 qui
1393 1537 1420 1564 in
1435 1536 1570 1572 ejusmodi
1581 1535 1788 1562 lucubrationes

156 1583 246 1619 μένων
267 1582 390 1618 ἑρπετῶν
410 1582 576 1618 μοχθηρίας*
599 1582 670 1609 οὕτω
691 1582 737 1609 καὶ
754 1583 821 1617 ἡμῖν
844 1582 874 1608 τὸ
897 1582 945 1608 πό-

155 1639 230 1665 νημα
257 1629 300 1656 διὰ
322 1629 374 1664 τῆς
397 1629 452 1656 τῶν
480 1628 686 1664 προειρημένων
713 1628 871 1664 προτροπῆς
898 1628 946 1655 καὶ

155 1674 244 1710 ἡμῶν,
263 1673 457 1702 ποθεινότατοι.
473 1674 512 1705 εἰς
533 1673 563 1700 τὺ
584 1672 758 1708 ἀποκαλύψαι
780 1672 835 1699 τῶν
852 1673 946 1700 δεινῶν

155 1719 279 1755 ἑρπετῶν
292 1719 339 1746 καὶ
355 1719 458 1754 Θηρίων
472 1719 576 1754 μορφάς
591 1727 620 1744 τε
633 1717 747 1754 ἀνιαρὰς
760 1717 807 1744 καὶ
819 1717 947 1753 δήγματα

155 1765 292 1800 ὀλετήρια.
316 1763 387 1800 Πρὸς
409 1764 546 1790 ἀντίθεσιν
563 1764 592 1790 δὲ
612 1763 724 1795 τούτων,
749 1763 852 1798 ὅσαπερ
870 1763 948 1790 δυνά-

158 1811 227 1847 μεθα
251 1811 280 1837 ὲν
305 1811 429 1846 συντόμῳ
455 1810 547 1836 εἵπου
561 1809 590 1836 ἓν
610 1809 627 1844 ἢ
649 1808 696 1835 δύο
722 1809 832 1844 ῥήματα
856 1810 896 1840 εἰς
918 1809 949 1835 τὸ

156 1856 378 1893 ἀνακρούσασϐαι
411 1857 460 1892 μὲν
482 1856 573 1883 αὐτῶν
595 1855 641 1882 τὸν
664 1855 713 1888 ἱὸν,
737 1855 823 1882 σῶσαι
847 1855 876 1881 δὲ
902 1855 948 1882 τὸν

158 1903 320 1938 βουλόμενον
336 1902 405 1938 μετὰ
420 1904 465 1928 τὸν
478 1902 591 1937 Κύριον,
603 1901 727 1928 καὶκατὰ
739 1898 866 1928 ἐκουδίαν
878 1901 948 1936 γνώ-

158 1957 212 1984 μην
225 1949 271 1974 καὶ
292 1948 422 1974 ὰκουσίαν
440 1948 480 1980 εἰς
495 1947 529 1974 τὰ
551 1947 621 1973 αὐτὰ
645 1946 784 1982 ἑρπετώδη
799 1946 853 1973 τῶν
870 1946 946 1982 αἱρέ-

157 2004 226 2022 σεων
252 1996 405 2031 διδάγματα
434 1993 674 2030 παραπεπτωκότα
698 1992 842 2019 ἁντιδότων
867 1992 946 2028 δίκην

157 2041 383 2077 παραθησόμεοα.

994 1585 1186 1616 incubuerant,
1204 1588 1300 1612 contra
1316 1584 1422 1610 illarum
1438 1583 1513 1610 virus
1529 1581 1651 1617 quaedam
1666 1589 1699 1608 ex
1712 1581 1788 1607 radi-

994 1631 1072 1659 cibus
1089 1636 1170 1665 atque
1186 1631 1276 1658 herbis
1299 1630 1418 1658 remedia
1434 1634 1629 1666 compararunt
1643 1641 1648 1657 :
1669 1630 1709 1657 sic
1735 1637 1787 1657 nos

994 1676 1116 1712 ejusdem
1133 1676 1250 1703 instituti
1262 1683 1333 1710 opus
1352 1676 1426 1704 istud
1442 1683 1505 1703 cum
1522 1683 1618 1703 eorum
1637 1683 1707 1710 quos
1724 1680 1788 1702 ante

995 1721 1062 1753 dixi,
1079 1725 1136 1748 tum
1151 1725 1252 1754 vestro,
1266 1720 1293 1756 4
1304 1720 1404 1749 fratres
1419 1721 1587 1751 charissimi.
1604 1721 1715 1748 hortatu
1726 1728 1788 1747 sus—

996 1767 1137 1802 cepimus,
1157 1771 1187 1793 ut
1209 1766 1361 1794 exitialium
1390 1771 1547 1802 serpentum
1575 1774 1608 1793 ac
1636 1767 1787 1794 bestiarum

1001 1813 1131 1840 molestas
1159 1812 1265 1848 species
1287 1819 1319 1839 ac
1343 1812 1468 1840 letiferos
1498 1819 1607 1839 morsus
1632 1812 1788 1847 explicare~

998 1866 1070 1885 mus.
1085 1858 1114 1885 ln
1129 1866 1184 1893 quo
1205 1858 1315 1893 quidem
1332 1858 1384 1886 hoc
1399 1866 1454 1886 una
1471 1858 1671 1893 prestabimus,
1691 1861 1720 1883 ut
1740 1857 1787 1884 ad-

997 1911 1093 1931 versus
1111 1904 1157 1931 illa
1174 1903 1306 1939 quidquid
1328 1905 1356 1931 iu
1379 1905 1459 1932 nobis
1473 1904 1555 1931 situm
1583 1903 1653 1935 erit,
1683 1903 1787 1938 paucis,

997 1959 1052 1978 uno
1068 1951 1172 1979 scilicet
1196 1955 1279 1985 atque
1304 1951 1392 1977 altero
1409 1951 1508 1984 verbo,
1536 1951 1611 1977 velut
1635 1950 1788 1976 antidotum

995 2002 1177 2029 opponamus,
1193 2003 1247 2030 quo
1271 2000 1299 2023 et
1316 1995 1424 2022 illorum
1450 2003 1554 2023 venena
1576 1995 1786 2030 propulsemus,

994 2044 1022 2067 et
1037 2041 1185 2068 secundum
1202 2040 1298 2074 Deum,
1318 2041 1482 2076 quemlibet,
1497 2041 1542 2076 qui
1569 2041 1609 2068 vel
1625 2045 1721 2075 sponte
1744 2040 1782 2066 vel

157 2089 260 2116 invitus
278 2089 304 2116 in
321 2088 450 2116 hanctica
472 2087 518 2114 illa
533 2087 677 2122 dogmata,
693 2086 767 2113 velut
792 2091 949 2121 serpentum
969 2087 1044 2115 virus
1078 2089 1214 2121 inciderit,
1249 2089 1393 2124 siquidem
1413 2090 1478 2116 velit
1493 2089 1566 2124 ipse,
1583 2090 1698 2116 liberare
1726 2096 1788 2123 pos-

157 2135 253 2164 simus.

192 2185 228 2209 A’.
251 2183 304 2210 Καὶ
319 2183 373 2218 γὰρ
386 2182 514 2218 ἀπαρχῆς
536 2181 622 2216 ’Δδὰμ
635 2183 668 2217 τῇ
686 2181 752 2216 ’ἐκτῃ
765 2180 856 2217 ἡμέρᾳ
875 2180 944 2207 πλα-

1034 2179 1079 2208 lV.
1092 2180 1198 2208 Etenim
1210 2181 1330 2209 Adamus
1340 2181 1419 2208 initio
1426 2188 1516 2208 rerum
1526 2181 1648 2208 omnium
1656 2184 1732 2207 sexta
1741 2181 1786 2208 die

157 2228 230 2260 σοεὶς
245 2229 299 2256 ἀπὸ
310 2229 371 2264 γῆς,
386 2229 434 2255 καὶ
448 2228 538 2254 λαϐὼν
553 2227 583 2254 τὸ
596 2227 746 2262 ἐμφύσημα
762 2226 943 2262 ἐζωογονήθη.

156 2277 194 2303 Οὐ
207 2276 272 2312 γὰρ,
285 2275 322 2307 ὥς
338 2283 409 2306 τινες
425 2275 535 2306 οἴονται,
552 2274 606 2300 ἀπὸ
625 2274 754 2308 πέμπτης
768 2272 879 2308 ἤρξατο,
899 2273 946 2299 καὶ

156 2321 185 2347 ὲν
205 2322 238 2356 τῇ
253 2321 319 2356 ἕκτῃ
340 2321 462 2356 ἐπλάσθη
473 2329 480 2335 ·
495 2319 627 2354 ἔσφαλται
640 2319 694 2355 γὰρ
710 2320 727 2354 ὴ
741 2319 795 2344 τῶν
813 2317 946 2352 λεγόντων

155 2367 235 2393 τοῦτο
260 2367 372 2394 διάνοια.
403 2366 519 2398 Ἀπλοῠς
540 2367 551 2382 ⁸
579 2375 608 2393 τε
631 2364 665 2400 ἦν
689 2365 735 2391 καὶ
758 2364 870 2396 ἄκακος,
895 2364 947 2391 οὐκ

156 2413 242 2448 δνομά
264 2421 289 2439 τι
307 2413 474 2447 κεκτημένος
496 2412 599 2448 ἕτερον,
623 2412 653 2438 οὺ
676 2411 764 2446 δόξης,
778 2411 807 2437 οὐ
822 2410 946 2447 γνώμης⁹

190 2493 201 2510 ⁷
217 2492 276 2520 Vel.
294 2493 466 2528 Ταραιγινός.
503 2493 513 2508 ⁸
529 2493 581 2526 Γρ.
601 2491 702 2524 ἁπλοῦς
713 2490 769 2518 οὖν.

193 2552 231 2588 (4)
246 2551 400 2587 Πάμφιλός
428 2561 469 2579 τε.
487 2551 536 2580 Rei
563 2552 694 2579 hex-burim
717 2552 868 2588 scriptorcs
889 2551 940 2588 ali-

156 2592 223 2622 quot
253 2591 386 2618 recensct.
406 2595 521 2622 quorum
548 2587 693 2622 plerosque
716 2587 941 2622 Dioscoridesin

159 2622 321 2650 Praefatione
343 2621 555 2652 commemorat;
575 2626 602 2649 et
628 2621 698 2648 Plin.
727 2621 774 2648 lib.
796 2630 815 2648 I.
846 2621 876 2647 ln
899 2621 942 2648 his

159 2657 317 2692 Pamphilus
337 2658 381 2685 ille
408 2658 465 2692 ipse
483 2657 590 2684 videtur
607 2665 677 2687 eSsc.
693 2657 727 2684 de.
744 2664 798 2691 quo
825 2656 941 2688 Suidas;

160 2694 206 2728 qui
223 2691 292 2720 inter
312 2691 626 2728 cmtcra’Georgicorum
647 2697 702 2719 tres
738 2692 822 2728 libros
845 2691 941 2728 edidit,

179 2729 246 2755 atria
273 2728 467 2763 Amphipolim.
488 2728 530 2754 vel
552 2727 708 2762 Sicyonius.
722 2728 762 2754 vel
779 2726 941 2763 Nicopolita.

179 2736 246 2755 atrIa
273 2736 467 2763 mnplnpouta.
488 2736 530 2754 veI
553 2736 708 2762 alcyontus.
722 2736 762 2754 vel
779 2736 941 2761 mcopouta.

159 2736 196 2791 Et
213 2772 266 2798 quo
282 2764 411 2791 nonnulla
423 2763 524 2798 passim
539 2768 666 2796 excerpta
684 2761 859 2798 legunturjn
876 2761 945 2798 (Jon-

160 2795 271 2827 stantini
296 2795 449 2827 (.‘enponic'm
463 2818 470 2824 .
499 2795 629 2824 Meminit
647 2801 674 2824 et
698 2795 798 2824 alicubi
820 2795 945 2823 Photius.

198 2834 236 2868 (5)
262 2834 314 2860 Καὶ
337 2833 528 2867 Ἡρακλείδης
550 2833 565 2858 ό
597 2833 782 2865 Ταραντινός.
804 2831 910 2858 Citatur
932 2839 946 2858 a

163 2868 265 2897 Caleno
280 2870 307 2896 in
325 2869 401 2896 libris
417 2868 455 2895 De
471 2876 586 2902 Campos.
599 2868 736 2894 medicam.
747 2868 822 2895 κατὰ
837 2868 947 2899 τόποι-ς

994 2225 1028 2253 de
1045 2229 1119 2252 terra
1135 2226 1279 2259 formatus,
1295 2227 1387 2253 aftlatu
1404 2226 1449 2252 Dei
1463 2226 1537 2252 vitali
1552 2226 1649 2260 spiritu
1661 2225 1787 2260 perfusus

995 2275 1047 2299 est.
1062 2271 1155 2306 Neque
1169 2272 1241 2299 enim
1254 2292 1262 2303 ,
1291 2276 1320 2298 ut
1338 2272 1477 2299 nonnullis
1500 2272 1604 2306 placet,
1626 2273 1719 2307 quinta
1743 2273 1787 2300 die

995 2318 1143 2345 inchoatus
1155 2339 1162 2351 ,
1187 2323 1264 2345 sexta
1280 2318 1390 2344 demum
1408 2318 1552 2345 absolutus
1566 2322 1608 2345 est
1624 2328 1629 2344 :
1648 2318 1721 2353 quod
1740 2319 1787 2353 qui

996 2369 1134 2396 asserunt,
1156 2371 1321 2399 magnopere
1336 2364 1479 2390 falluntur.
1499 2363 1568 2390 Tum
1590 2372 1654 2391 vero
1674 2364 1788 2400 simplex

996 2415 1079 2446 atque
1098 2410 1202 2445 integer
1215 2415 1292 2442 erat,
1310 2418 1399 2445 neque
1413 2411 1499 2438 altero
1520 2411 1647 2445 quopiam
1667 2412 1788 2443 nomine,

992 2551 1040 2576 καὶ
1059 2549 1141 2585 γένη,
1172 2557 1284 2585 necnon
1298 2554 1339 2585 _et
1367 2549 1402 2577 ab
1416 2548 1547 2585 Athenaeo
1561 2549 1609 2577 lib.
1637 2558 1678 2581 III,
1704 2549 1790 2585 Hera-

993 2583 1074 2612 clides
1089 2585 1259 2612 Tarentinus.
1278 2583 1351 2612 ldem
1372 2588 1399 2612 et
1414 2584 1531 2612 Andreae
1542 2585 1639 2612 medici
1654 2584 1789 2613 meminit.

1030 2621 1068 2655 (6)
1091 2619 1214 2652 Βάσσος
1233 2622 1250 2646 ό
1277 2620 1391 2651 Tum.
1412 2630 1421 2645 ε
1442 2619 1527 2654 Tylus
1542 2619 1694 2655 Messenia
1712 2620 1788 2652 urbs,

1015 2654 1075 2682 nam
1086 2655 1208 2682 nonnulli
1220 2654 1347 2687 OEtylum
1358 2659 1484 2685 vocant,»
1502 2655 1540 2682 ait
1557 2655 1657 2682 Strabo
1669 2654 1717 2681 lib.
1727 2662 1788 2681 VIII.

1015 2664 1075 2682 nam
1086 2664 1208 2682 nonnum
1220 2664 1347 2687 uLlYlulll
1358 2664 1484 2685 vocant.)
1502 2664 1540 2682 all.
1557 2664 1657 2682 δικιυο
1669 2664 1717 2681 111).
1727 2664 1788 2681 Vlll.

995 2664 1051 2718 ged
1072 2695 1200 2725 corrupta
1229 2691 1280 2716 hnc
1310 2691 1370 2716 loco
1390 2697 1443 2717 vox
1463 2693 1516 2722 est,
1538 2690 1739 2724 legendumque
1755 2697 1790 2716 ex

1000 2725 1158 2753 Dioscoride
1184 2725 1288 2756 Βᾶσσος
1309 2725 1323 2750 ὁ
1336 2725 1453 2756 Ἰούλιος.

1036 2761 1074 2794 (⁵1)
1090 2760 1145 2787 Καὶ
1164 2759 1327 2793 Πετρώνιος
1343 2761 1442 2795 Νίγερ.
1457 2759 1630 2787 Dioscorides
1637 2759 1788 2795 pPetronI'us

1036 2769 1074 2794 (ι)
1090 2769 1145 2787 nat
1164 2769 1327 2793 ιιετρωνιος
1343 2769 1414 2795 mre
1436 2780 1442 2785 .
1457 2769 1630 2787 UIoscorIues
1649 2769 1788 2786 I-eIromus

1002 2795 1084 2830 Niger
1109 2795 1277 2830 conjunctint
1301 2795 1391 2822 habet.
1411 2769 1521 2821 ﬁlinius
1537 2802 1602 2821 vero
1633 2793 1788 2821 Petronium

1003 2829 1144 2857 Diodotum
1159 2830 1278 2866 copulat,
1292 2838 1369 2865 quaSI
1386 2829 1510 2866 ejusdem
1525 2830 1580 2857 sint
1596 2830 1789 2865 appellationes

1001 2867 1095 2894 ambae.
