1944 3037
165 127 215 156 179

856 126 885 154 S.
907 125 1076 154 EPlPllANll

1730 128 1789 156 180

164 188 213 212 aut
226 183 365 220 opinione.
382 190 414 210 ac
430 183 577 213 sententia.
593 186 641 209 aut
655 182 774 217 disparis
786 183 846 210 vita:
858 183 950 218 appel-

1014 184 1032 210 λὺ
1051 177 1107 219 βίου
1124 185 1283 220 διακρίσεως
1299 186 1441 221 ἐπίκλησιν
1463 186 1640 221 κεκτημένος,
1661 185 1677 220 ἢ
1699 186 1791 220 ’Λδὰμ

165 230 267 257 latione
282 229 463 262 censebatur;
486 236 537 256 nec
561 228 634 255 aliud
656 236 737 263 quam
760 229 854 255 Adami
870 236 951 255 voca—

165 276 260 305 bulum
275 276 301 303 ei
312 275 469 309 impositum
487 278 556 306 erat,
572 275 644 309 quod
668 274 798 301 hominem
819 275 952 308 interpre-

165 329 266 351 tamur.
282 321 324 349 Ex
340 322 457 356 ipsemet
477 329 558 356 porro
578 321 675 348 similis
693 320 717 347 ei
735 321 842 352 mulier,
857 321 952 348 eodem

166 369 280 404 inquam
295 375 311 395 e
332 375 465 402 corpore,
487 371 568 402 atque
593 375 628 394 ex
649 366 745 394 eodem
776 366 865 393 alllatu
889 374 953 400 pro-

166 419 277 447 creata;
293 413 372 442 liberi
387 414 532 448 utriusque
546 420 628 441 sexus
641 413 724 448 geniti
738 416 812 439 sunt.
831 412 953 446 Cumque

168 467 255 487 annos
271 459 387 487 vixisset
402 458 454 486 950
465 460 487 490 ’,
506 466 540 485 ex
557 458 608 486 liae
627 458 681 484 vita
698 457 835 484 discessit.
856 456 953 483 Adami

169 504 243 531 Illius
268 502 369 531 Sethus
393 503 516 535 exstitit,
545 503 627 537 hujus
649 502 738 535 Enos;
768 509 799 529 ac
825 502 954 536 deinceps

169 549 319 582 Cainanus,
334 548 490 577 Malaleelus
509 552 537 576 et
547 547 673 576 Jan-edus.
690 547 759 574 llinc
770 567 777 579 ,
795 551 851 574 uta
868 547 954 582 majo-

170 595 248 623 ribus
264 594 437 629 accepimus,
460 594 536 622 fraus
553 601 584 621 ac
600 594 690 621 scelus
711 594 738 620 in
758 594 852 621 orbem
868 597 955 620 terra-

171 647 231 667 rum
251 639 371 674 grassari
389 639 482 674 erepit,
497 639 569 674 quod
586 639 702 674 primum
725 638 759 665 ah
778 638 872 664 Adami
888 645 954 665 (Oll-

171 685 290 713 tumacia
306 689 408 717 natum,
419 685 482 712 inde
497 684 575 712 Caini
588 684 732 720 parricidio
749 684 954 711 corroboratum

172 732 271 758 fuerat.
285 730 377 758 Jaredi
393 738 457 758 vero
471 734 594 766 tempore
612 738 644 757 ac
660 730 788 765 deinceps
804 734 896 764 postea
909 738 955 756 ve-

172 777 280 809 neﬁcia,
302 777 380 804 mala:
397 781 485 808 artes,
507 777 672 811 petulantia,
700 775 851 808 adulteria,
876 781 957 810 atque

175 824 337 859 improbitas
352 824 441 851 omnis
455 824 555 858 erupit.
578 823 698 851 Necdum
734 828 822 850 tamen
849 823 956 851 diversa

173 870 228 897 ulla
244 874 304 898 erat
318 871 420 905 opinio,
438 878 527 905 neque
541 870 637 905 dogma
651 870 831 901 contrarium,
848 870 895 898 sed
906 878 958 897 una

172 917 307 944 duntaxat
324 916 432 951 lingua,
445 917 556 950 perinde
575 924 606 943 ac
620 924 704 951 genus
720 923 803 943 unum
821 916 873 943 sub
888 916 957 943 idem

172 966 280 997 tempus
292 963 320 988 in
335 966 406 989 terra
417 962 593 996 dissipatum.
607 961 673 990 Post
686 962 743 989 hac
756 961 871 989 Jaredus
888 961 959 989 Eno-

173 1008 255 1035 chum
273 1007 357 1035 tilium
372 1007 477 1039 habuit,
494 1008 541 1043 qui
556 1007 613 1035 Deo
625 1013 719 1043 gratus
732 1008 800 1041 fuit;
817 1016 904 1043 neque
919 1009 960 1035 in-

174 1057 273 1080 ventus
282 1057 335 1081 est.
355 1052 433 1080 Hune
444 1054 516 1081 enim
533 1055 673 1081 transtulit
687 1054 768 1086 Deus,
784 1062 834 1081 nec
846 1059 959 1081 mortem

174 1098 253 1126 obiit.
267 1098 370 1127 Enochi
388 1099 459 1127 ﬁlius
472 1099 638 1127 Mathusalas
650 1100 701 1127 fuit
715 1110 721 1127 :
736 1101 782 1135 qui
797 1100 960 1127 Lamechum

175 1145 285 1180 genuit;
297 1145 448 1173 Lamechus
457 1145 599 1173 Noemum.
615 1146 672 1173 Sub
681 1155 735 1181 quo
746 1146 837 1173 divina
853 1147 960 1174 tandem

172 1193 281 1227 justitia
296 1193 422 1220 eluvione
433 1200 565 1227 aquarum
582 1193 609 1219 in
624 1192 754 1220 mundum
768 1193 900 1226 immissa,
913 1201 960 1228 ge-

176 1245 229 1266 nus
248 1238 427 1266 animantium
444 1247 526 1266 omne
545 1239 668 1266 funditus
681 1240 820 1266 exstinxit.
840 1239 914 1267 Unus
935 1240 960 1266 in

177 1292 241 1312 arca
253 1283 372 1312 Noemus
387 1284 433 1311 Dei
447 1285 525 1319 jussu
540 1292 664 1312 servatus
685 1291 742 1319 est,
760 1291 853 1319 utpote
875 1286 961 1313 eidem

176 1333 324 1364 acceptus,
345 1334 373 1357 et
397 1338 458 1356 cum
474 1331 570 1364 primis
598 1331 669 1366 apud
698 1331 771 1357 illum
801 1332 960 1366 gratiosus:

177 1376 223 1403 hic
245 1376 374 1411 inquam,
397 1383 459 1402 cum
481 1376 568 1404 tribus
588 1377 699 1408 liberis,
718 1376 814 1410 Semo,
843 1377 961 1409 Chamo,

177 1421 203 1456 5
217 1428 249 1449 ac
262 1421 387 1456 .lapheto,
403 1429 509 1449 necnon
524 1426 551 1448 et
568 1429 650 1449 uxore
660 1425 715 1448 tam
729 1430 778 1449 sua
795 1431 876 1457 quam
894 1423 963 1449 lilio-

177 1475 238 1494 rum
258 1472 368 1502 ereptus
387 1472 446 1499 est;
471 1468 539 1494 adeo
556 1472 584 1495 ut
599 1473 660 1495 octo
675 1476 729 1495 non
747 1469 863 1503 amplius
875 1470 963 1504 capita

1003 231 1082 264 μόνον
1096 230 1215 265 κληθεὶς,
1238 230 1266 256 τὸ
1284 231 1497 266 ἑρμηνευόμενον
1510 230 1674 264 ἅνθρωπος.
1691 231 1791 265 Τούτῳ

1002 276 1150 303 πλάσσεται
1172 276 1201 308 eg
1215 276 1297 303 αὑτοῦ
1311 277 1390 311 ὁμοία
1411 276 1483 311 αὑτῷ
1496 276 1573 312 γυνὴ,
1588 277 1618 302 ἐκ
1638 276 1684 302 τοῦ
1702 276 1790 302 αὑτοῦ

1003 321 1136 357 σώματος,
1149 322 1195 348 καὶ
1208 321 1254 348 τοῦ
1264 322 1344 348 αὑτοῦ
1358 322 1561 357 ἐμφυσήματος.
1578 321 1674 352 Παῖδες
1685 321 1712 347 δὲ
1724 330 1792 355 γεν-

1001 369 1100 396 νῶνται
1121 369 1207 404 τούτῳ
1226 369 1339 404 ἄρρενες
1364 378 1393 395 τε
1408 369 1454 394 καὶ
1475 368 1589 404 θήλειαι.
1610 368 1663 394 Καὶ
1685 367 1791 402 βιώσας

1003 415 1050 450 ἐτη
1063 415 1205 441 ἐννακόσια
1213 415 1369 450 τριάκοντα,
1383 414 1413 440 τδ
1429 413 1515 448 χρέων
1528 413 1663 440 ἀπέδωκε.
1684 413 1788 438 Τούτου

1004 462 1068 493 παῖς
1083 461 1147 496 Σήθ.
1160 460 1223 492 Υἱὸς
1243 460 1271 486 δὲ
1293 460 1388 486 τούτου
1404 459 1502 490 Ἐνώς·
1520 459 1567 485 καὶ
1584 459 1653 485 κατὰ
1662 459 1789 493 διαδοχὴν

1004 508 1117 539 Καϊνὰν,
1129 507 1285 541 Μαλαλεὴλ,
1301 506 1393 542 Ἰάρεδ.
1413 506 1456 537 Ὠς
1467 505 1495 532 δὲ
1515 506 1532 541 ἡ
1554 505 1728 540 παράδοσιςή
1746 505 1791 536 εὶς

1005 555 1077 589 ἡμᾶς
1091 554 1215 586 ὲλοοῦσα,
1229 553 1351 580 ἐντεῦθεν
1359 553 1458 589 ἤρξατο
1467 554 1484 589 ἡ
1498 552 1684 588 κακομηχανία
1702 554 1730 578 ἐν
1746 552 1792 578 κὸο

1006 607 1067 632 σμῳ
1085 598 1215 632 γίνεσθαι,
1233 599 1278 625 καὶ
1293 598 1340 625 ἀπ’
1357 599 1443 634 ἀρχῆς
1459 598 1507 633 μὲν
1522 597 1564 623 διὰ
1573 597 1621 632 τῆς
1634 597 1680 623 τοῦ
1700 598 1791 632 Ἀδὰμ

1008 643 1150 678 παρακοῆς
1158 663 1165 674 ,
1180 642 1274 669 ἔπειτα
1283 643 1310 668 δὲ
1320 642 1363 669 διὰ
1374 643 1423 678 τῆς
1434 642 1480 669 τοῦ
1491 643 1560 669 Κάῐν
1571 641 1789 675 ἀδελφοκτονίας.

1005 688 1061 715 Νῦν
1079 688 1106 714 δὲ
1123 689 1151 714 ἐν
1171 688 1277 723 χρόνοις
1292 688 1338 714 τοῦ
1363 688 1447 722 Ἰαρεδ
1467 687 1513 714 καὶ
1529 687 1658 713 ἐπέκεινα
1683 695 1792 722 φαρμα-

1007 735 1067 761 κεία
1088 734 1134 760 καὶ
1159 734 1269 769 μαγεία,
1290 733 1427 767 ἀσέλγεια,
1448 733 1552 768 μοιχεία
1574 741 1603 759 τε
1625 732 1670 758 καὶ
1688 732 1790 759 ἀδικία.

1007 781 1044 806 Οὐ
1059 781 1155 815 γνώμη
1176 789 1218 811 τις
1238 780 1328 814 ἑτέρα,
1346 780 1376 805 οὺ
1399 779 1462 811 δόξα
1486 778 1702 814 μετηλλαγμένη,
1722 777 1794 803 ἀλλὰ.

973 851 995 879 Β
1011 828 1058 862 μία
1074 827 1182 861 γλῶσσα
1198 827 1244 852 καὶ
1259 827 1336 860 γένος
1350 826 1378 852 ἓν
1394 825 1440 852 ἐπὶ
1452 826 1503 861 γῆς
1516 825 1575 852 κατ’
1590 826 1676 851 ἐκεῖνο
1693 823 1791 859 καιροῦ

1013 873 1018 879 .
1129 871 1134 879 ,
1210 871 1259 879 ης.
1323 871 1342 879 ιη
1384 871 1452 879 -...
1492 871 1546 879 μ,
1678 871 1688 878 ..
1732 869 1773 879 η,-

1011 871 1192 908 ἐσπαρμένον.
1210 871 1301 906 Τούτῳ
1320 871 1401 905 δὲτῷ
1419 871 1503 906 Ἰάρεδ
1519 871 1622 905 γίνεται
1639 871 1703 901 παῖς
1728 869 1793 895 τοῦ·

1010 926 1080 953 νομα
1102 917 1196 952 Ἑνὼχ,
1210 917 1239 948 ὃς
1256 917 1421 953 εὐηρέστησε
1437 916 1475 951 τῷ
1497 916 1566 951 Θεῷ,
1584 917 1629 943 καὶ
1642 916 1690 951 οὺχ
1711 915 1794 950 ηὑρί-

1011 972 1099 990 σκετο,
1125 964 1264 999 Μετέθηκε
1285 964 1338 999 γὰρ
1362 963 1442 988 αὐτὸν
1462 963 1476 988 ὁ
1494 962 1571 995 Θεὸς,
1594 962 1641 988 καὶ
1663 962 1712 987 οὐκ
1737 959 1794 988 εἶδε

1011 1009 1134 1035 θάνατον.
1164 1008 1250 1043 Ἑνὼχ
1269 1007 1297 1034 δὲ
1320 1009 1401 1042 γεννᾷ
1422 1007 1467 1033 τὸν
1490 1006 1666 1038 Μαθουσάλα,
1689 1005 1795 1032 Μαθου-

1012 1055 1081 1082 σάλα
1096 1054 1142 1081 τὸν
1161 1055 1266 1089 Λάμεχ,
1285 1054 1380 1089 Λάμεχ
1398 1053 1443 1080 τὸν
1465 1053 1536 1079 Νῶε.
1555 1053 1608 1079 Καὶ
1626 1053 1642 1087 ἡ
1664 1051 1710 1078 τοῦ
1725 1051 1795 1078 Θεοῦ

1010 1100 1191 1136 δικαιοκρισία
1218 1099 1409 1134 κατακλυσμὸν
1442 1098 1536 1130 ὓδατος
1563 1098 1732 1131 ἐπενέγκασα
1758 1098 1794 1131 τῇ

1011 1146 1164 1181 οἰκουμένῃ,
1188 1146 1277 1172 πᾶσαν
1295 1145 1383 1180 σάρκα
1397 1144 1547 1179 ἀνθρώπων
1563 1152 1592 1169 τε
1611 1143 1657 1169 καὶ
1676 1142 1729 1168 τῶν
1747 1141 1796 1168 ἄλ-

1011 1192 1064 1219 λων
1081 1191 1229 1227 ἐξήλειψεν.
1255 1191 1385 1225 Ἐφύλαξὲ
1400 1199 1429 1216 τε
1457 1191 1485 1216 ὲν
1510 1189 1624 1225 λάρνακι
1645 1188 1688 1214 διὰ
1710 1196 1796 1223 προσ-

1011 1239 1149 1273 τάγματος
1173 1237 1217 1264 τὸν
1235 1237 1308 1269 Νῶε,
1333 1237 1552 1272 εὐαρεστήσαντα
1568 1234 1681 1261 ἐνώπιον
1700 1233 1795 1265 αὑτοῦ,

1012 1285 1060 1312 καὶ
1090 1285 1203 1319 εὑρόντα
1231 1284 1329 1319 χάρινσ
1359 1282 1438 1309 αὑτὸν
1464 1282 1492 1308 δὲ
1518 1281 1563 1308 τὸν
1589 1280 1796 1316 προδεδηλωμέο

1012 1340 1056 1358 νον
1079 1330 1149 1361 Νῶε,
1170 1330 1218 1356 καὶ
1238 1329 1300 1360 τοὺς
1322 1330 1395 1364 τρεῖς
1417 1328 1490 1359 υἱοὺς
1516 1326 1609 1358 αὑτοῦ,
1629 1326 1698 1361 Σὴμ,
1719 1326 1795 1360 Χαμ,

1019 1376 1118 1410 Ἱάφεϐ,
1138 1376 1186 1410 τήν
1198 1383 1228 1400 τε
1244 1374 1310 1400 ἰδίαν
1338 1373 1462 1406 σύζυγον,
1484 1374 1531 1398 καὶ
1550 1370 1604 1397 τῶν
1627 1370 1709 1406 τριῶν
1731 1369 1796 1396 υἱῶν

1012 1422 1061 1453 τὰς
1073 1422 1147 1456 τρεῖς
1157 1422 1288 1455 γυναῖκας
1301 1428 1307 1434 ·
1323 1419 1392 1445 ὤπτε
1413 1417 1563 1453 ἀνθρώπων
1580 1416 1667 1451 ψυχὰς
1679 1415 1750 1442 ὀκτὼ
1767 1416 1797 1441 ὲν

1014 1469 1045 1503 τῇ
1061 1467 1122 1493 τότε
1139 1467 1254 1501 λάρνακι
1265 1465 1447 1492 διασώσασθαι
1459 1464 1511 1490 ἀπὸ
1524 1462 1570 1489 τοῦ
1586 1463 1678 1493 ὓδατος
1691 1461 1737 1488 τοῦ
1748 1470 1798 1487 κα-

178 1513 214 1540 ab
227 1513 278 1540 hoc
294 1513 398 1540 diluvio
413 1514 440 1540 in
458 1521 521 1540 arca
539 1518 645 1541 servata
660 1513 777 1546 fuerint;
795 1515 912 1549 itemque
925 1523 957 1542 ex

1014 1512 1178 1547 τακλυσμοῦ,
1201 1512 1247 1538 καὶ
1269 1511 1323 1537 ἀπὸ
1343 1510 1441 1541 παντὸς
1467 1509 1560 1543 γένους
1584 1508 1675 1543 θηρῶν
1695 1516 1726 1534 τε
1750 1507 1798 1539 καὶ

178 1559 253 1585 omni
275 1558 423 1586 bestiarum
446 1563 473 1586 et
496 1560 674 1586 animantium
692 1567 801 1594 genere,
817 1561 890 1587 velut
914 1569 961 1595 pe-

179 1603 290 1635 cudum,
307 1608 334 1631 et
356 1603 470 1631 aliorum
486 1604 637 1638 ejusmodi,
655 1605 689 1631 ad
708 1605 874 1633 restituenda
889 1611 964 1640 post-

179 1649 291 1677 modum
319 1649 347 1676 in
366 1649 501 1684 integrum
516 1650 623 1682 omnia,
639 1658 670 1677 ex
695 1651 834 1678 nonnullis
850 1652 914 1684 duo,
930 1660 963 1679 ex

181 1695 243 1722 aliis
256 1698 366 1730 septena
384 1695 497 1722 liberata
512 1696 577 1723 sint.
591 1695 648 1723 lloc
662 1697 743 1723 modo
753 1697 857 1724 decima
872 1702 964 1725 trans-

181 1745 241 1768 acta
258 1741 397 1776 generatio
411 1745 453 1768 est
465 1748 536 1768 anno
551 1741 584 1768 ab
595 1741 662 1769 orbe
675 1743 786 1769 condito
800 1742 881 1770 2262.
901 1743 965 1771 Inde

181 1790 308 1814 cessante
325 1786 427 1813 diluvio
448 1794 530 1821 penes
551 1786 683 1814 Noemum
709 1795 771 1814 eum
799 1788 900 1815 familia
916 1797 966 1816 sua

182 1830 342 1859 resederunt
356 1831 463 1866 generis
486 1831 596 1858 humani
613 1832 732 1866 reliquiae
745 1833 767 1848 ί⁰
787 1842 792 1859 :
813 1841 875 1859 cum
891 1834 966 1861 nulla

182 1877 273 1904 adhuc
294 1881 366 1905 esset
380 1877 534 1912 dogmatum
557 1877 674 1904 varietas
685 1897 692 1909 ,
711 1886 761 1905 nec
784 1879 837 1905 ulla
853 1887 919 1914 gens
931 1880 966 1907 ab

183 1923 237 1950 alia
253 1923 431 1958 discreparet,
444 1924 549 1950 nullum
563 1924 674 1951 limresis
690 1933 798 1958 nomen,
813 1925 966 1953 idololatria

183 1968 260 1995 nulla
275 1969 380 2003 uspiam
396 1973 479 1996 esset.
497 1968 529 1995 Et
542 1969 668 2003 quoniam
685 1977 735 1997 suo
755 1971 871 2005 quisque
893 1971 968 1998 arbi-

185 2014 238 2040 trio
254 2013 336 2040 vitam
352 2012 511 2041 instituebat
525 2014 638 2049 '(ueque
653 2015 724 2041 enim
750 2023 802 2042 una
824 2016 865 2043 lex
881 2017 968 2044 omni-

184 2059 236 2086 bus
247 2058 335 2085 adhuc
349 2060 506 2094 praescripta
523 2059 624 2090 fuerat,
636 2061 682 2087 sed
698 2062 885 2096 unusquisque
901 2062 967 2097 legis

185 2104 238 2132 sibi
254 2104 340 2132 vicem
354 2105 509 2139 praestabat,
525 2110 606 2140 atque
621 2114 653 2133 ex
669 2107 807 2134 voluntate
823 2116 871 2135 sua
888 2109 968 2143 dege-

186 2150 249 2183 bat;
266 2157 316 2185 pro
335 2158 367 2178 eo
392 2158 424 2178 ac
441 2151 618 2183 barbarismi,
646 2152 817 2188 aliorumque
833 2155 966 2189 ejusmodi

221 2251 232 2266 ⁸
247 2252 313 2278 ben.
331 2257 358 2284 ν,
371 2251 398 2279 5.
436 2252 459 2267 ὀ
475 2244 542 2279 Gen.
557 2259 614 2285 vni,
634 2253 646 2280 1
662 2261 722 2288 sqq.

221 2340 313 2377 (8)43
325 2340 400 2377 ἐτῶν
415 2341 589 2377 timui/397,
605 2341 664 2368 Non
683 2342 765 2376 igitur
784 2343 919 2377 vulgatam
943 2343 969 2370 in

187 2375 292 2402 nostris
309 2374 561 2403 editionibus'LXX
578 2374 721 2404 Senioruin
738 2374 872 2405 rationém
891 2386 971 2406 secu-

186 2415 233 2437 tus
245 2415 296 2442 est,
313 2417 446 2447 annorum
465 2411 544 2441 1242,
556 2412 603 2439 sed
621 2412 792 2446 castigatam,
812 2421 843 2439 ac
865 2420 972 2447 germa-

188 2453 263 2477 nam,
277 2445 380 2482 quae‘ad
398 2446 515 2480 priorem
533 2453 620 2474 annos
637 2445 710 2474 addit
726 2448 772 2474 ΞΟ.
800 2445 895 2481 Magna
916 2447 972 2482 jam

189 2485 246 2515 tum
261 2481 325 2506 olim
333 2479 489 2507 Gra3éoruni
502 2482 696 2515 exemplarium
708 2490 761 2509 non
774 2490 837 2509 cum
846 2479 973 2510 illebraeis

189 2514 349 2549 Latinisque
374 2516 472 2545 modo,
487 2516 534 2542 sed
549 2514 641 2543 secum
657 2517 738 2544 etiam
755 2517 892 2544 discordia
909 2518 970 2544 fuit.

189 2549 227 2576 lle
243 2550 327 2585 priori
342 2550 452 2585 disserit
466 2551 634 2583 Augustinus
656 2551 702 2578 lih.
719 2551 757 2578 De
774 2553 844 2579 civit.
859 2552 907 2579 Dei
929 2561 973 2583 xv,

189 2592 250 2619 cap.
281 2585 324 2621 1'5;
350 2584 460 2621 Hieron.
493 2586 592 2618 Quwsl.
622 2586 840 2621 Hebr..aliiquc,
856 2587 974 2614 maxime

190 2620 367 2647 recentiores.
397 2619 434 2646 De
459 2621 604 2654 posteriori
626 2621 687 2648 vide
703 2619 812 2649 Eusebii
840 2621 975 2655 Ercerpta

190 2655 393 2692 chronologica;
416 2655 472 2692 ubi
486 2655 560 2682 varie
574 2663 706 2692 annorum
725 2664 831 2684 summa
850 2657 969 2692 concipi-

190 2695 254 2726 μιν.Δ
267 2690 305 2716 Ac
319 2695 447 2726 propter
466 2690 610 2717 immanem
637 2691 841 2723 absurditalem,
856 2699 917 2726 qua:
934 2690 975 2719 'ex

191 2723 369 2752 Mathusalem
383 2723 465 2751 annis
478 2725 575 2755 oritur.
603 2726 711 2752 animus
727 2731 769 2753 est
795 2726 827 2753 ad
849 2723 975 2753 numero-

193 2767 252 2784 rum
279 2759 494 2787 emendalioncm
520 2760 652 2794 adjectus.
668 2760 734 2787 Nam
755 2761 778 2788 si
796 2761 867 2787 LXX
887 2761 974 2788 luter-

214 2799 299 2830 retum
319 2802 490 2822 communem
504 2795 651 2822 editionem
671 2803 795 2829 sequare,
808 2804 868 2830 qua:
888 2804 975 2823 annos

221 2829 389 2858 athusalemo
402 2834 464 2858 ante
481 2830 601 2864 genitum
614 2830 779 2859 Lameclium
793 2829 901 2867 arrogat
912 2831 972 2865 167,

1016 1559 1102 1592 ζώων,
1118 1558 1223 1592 κτηνῶν
1242 1565 1271 1583 τε
1286 1557 1332 1583 καὶ
1345 1556 1398 1582 τῶν
1418 1555 1503 1582 ἄλλων
1521 1555 1575 1581 τῶν
1591 1554 1637 1580 ἐπὶ
1651 1554 1712 1588 γῆς,
1730 1553 1798 1588 πρὸς

1017 1604 1240 1640 σύστασινιπάλιν
1258 1603 1307 1637 τῆς
1328 1603 1356 1628 ἐν
1374 1603 1467 1636 κόσμῳ
1487 1601 1594 1628 πάντων
1614 1600 1796 1631 ὑποστάσεως,

1016 1652 1070 1678 ἀπό
1083 1660 1163 1677 τινων
1173 1650 1221 1685 μὲν
1237 1649 1284 1675 δύο
1292 1649 1349 1680 δύο,
1360 1649 1412 1674 ἀπὸ
1425 1648 1452 1674 δὲ
1466 1647 1552 1674 ἄλλων
1567 1646 1637 1673 ἑπτὰ
1650 1646 1729 1672 ἑπτά.
1745 1646 1798 1672 Καὶ

1017 1696 1087 1723 οὕτω
1103 1696 1223 1731 παρῆλθε
1246 1695 1344 1730 δεκάτη
1366 1693 1448 1728 γενεὰ
1467 1693 1499 1720 δι’
1513 1692 1581 1719 ὲτῶν
1609 1691 1743 1726 δισχιλίων
1760 1690 1797 1724 (8)

1017 1743 1159 1770 διακοσίων
1179 1741 1366 1777 ἑξηκονταδύο.
1383 1741 1437 1767 Καὶ
1452 1741 1466 1766 ὁ
1486 1738 1674 1773 κατακλυσμὸς
1693 1738 1798 1764 πέπαυ-

1018 1799 1072 1822 ται,
1090 1790 1137 1816 καὶ
1151 1789 1223 1819 Νῶε,
1241 1788 1288 1814 καὶ
1304 1789 1318 1814 ὁ
1332 1787 1413 1814 αὑτοῦ
1427 1783 1500 1817 οἶκος
1515 1785 1639 1819 λείψανον
1654 1783 1694 1819 τῷ
1706 1783 1799 1817 κόσμῳ

1018 1836 1189 1870 γεγέννηται.
1205 1833 1288 1860 Οὔπω
1301 1833 1329 1859 δὲ
1343 1831 1504 1866 ἑτεροδοξία,
1523 1831 1572 1856 οὐκ
1586 1829 1659 1860 ἔθνος
1671 1837 1697 1854 τι
1710 1829 1799 1861 διαφε-

1020 1881 1142 1917 ρόμενοι),
1155 1880 1206 1906 οὑκ
1229 1879 1314 1914 δνομα
1335 1877 1476 1913 αἱρέσεως,
1495 1875 1552 1902 ἀλλ’
1575 1875 1635 1901 οὐδὲ
1660 1872 1799 1900 εἰδωλολα-

1018 1927 1106 1961 τρεία.
1139 1924 1246 1960 Ἐπειδὴ
1265 1924 1293 1950 δὲ
1315 1923 1428 1955 ἕκαστος
1449 1921 1598 1957 ἀνθρώπων
1629 1920 1681 1955 ἰδίᾳ
1706 1918 1799 1953 γνώμῃ

1020 1972 1135 2007 ἐστοίχει
1151 1971 1242 2007 (νόμος
1254 1970 1308 2004 γὰρ
1331 1968 1370 2000 εἷς
1383 1967 1500 2003 οὐδαμοῦ
1514 1967 1671 2001 ἐτύγχανεν·
1686 1965 1799 1994 ἕκαστος

1020 2019 1073 2053 γὰρ
1097 2017 1185 2052 ἑαυτῷ
1200 2017 1281 2051 νόμος
1297 2015 1410 2050 ἐγίνετο,
1427 2014 1474 2040 καὶ
1485 2014 1517 2048 τῇ
1539 2013 1591 2048 ἰδίᾳ
1604 2011 1701 2047 γνώμῃ
1718 2010 1800 2036 ἐστοί-

1021 2073 1073 2099 χει,
1093 2063 1183 2094 καθὼς
1199 2061 1274 2097 παρὰ
1293 2061 1332 2096 τῷ
1350 2059 1500 2094 Ἀποστόλῳ
1515 2060 1532 2094 ἡ
1554 2059 1650 2094 χρῆσις
1667 2057 1697 2083 οὺ
1725 2057 1800 2091 μόνον

1022 2107 1222 2144 βαρϐαρισμοῦ,
1241 2105 1307 2132 ἀλλὰ
1326 2104 1440 2132 καὶτῶν
1466 2103 1563 2131 ἄλλων.
1583 2102 1651 2137 Φησὶ
1666 2102 1736 2137 γάρ·
1757 2101 1801 2126 Ἐν

1022 2155 1076 2190 γὰρ
1092 2153 1206 2188 Χριστῷ
1224 2151 1326 2187 Ἰησοῦ
1337 2153 1371 2178 οὐ
1381 2149 1541 2184 βάρϐαρος,
1557 2149 1592 2176 οὐ
1607 2149 1733 2181 Σκύθης,
1747 2146 1799 2180 οὐχ

988 2345 1009 2372 1)
1024 2343 1161 2371 Lameclio
1169 2349 1234 2369 vero
1243 2341 1303 2372 188,
1311 2341 1440 2371 conlient,
1450 2339 1549 2368 additis
1558 2338 1650 2367 Nocmi
1658 2339 1799 2370 sexcentis.

1023 2379 1087 2407 anni
1107 2383 1169 2405 ante
1185 2377 1317 2404 diluvium
1345 2376 1407 2403 955.
1425 2375 1497 2402 Vixit
1522 2379 1611 2401 autem
1627 2373 1798 2400 Mathusalem

1023 2416 1050 2442 in
1067 2418 1151 2440 totum
1169 2420 1256 2439 annos
1269 2411 1330 2439 969.
1349 2411 1434 2445 Igitur
1450 2411 1484 2437 M
1497 2410 1585 2445 annis
1595 2414 1659 2445 post
1670 2409 1795 2445 dilurimu

1024 2448 1175 2483 superfuit;
1195 2446 1268 2481 quod
1281 2452 1323 2474 est
1338 2443 1471 2483 ineptum.
1488 2444 1577 2477 Quare
1587 2443 1799 2483 Africanus-lla-

1023 2478 1158 2511 thusalem
1171 2478 1258 2508 aniios
1273 2486 1335 2508 ante
1352 2478 1514 2507 Lameclium
1536 2483 1690 2513 susceptum
1711 2478 1799 2504 tribuit

1026 2519 1089 2551 185,
1104 2518 1149 2552 qui
1163 2517 1195 2544 ad
1210 2516 1337 2552 Lamechi
1352 2515 1501 2552 Noemique
1519 2514 1640 2544 totidem,
1658 2518 1726 2552 quot
1741 2521 1798 2552 prof

1025 2548 1098 2581 xime
1112 2548 1341 2583 'numeravimus,
1363 2548 1483 2583 adjuncti
1508 2557 1641 2576 summam
1659 2548 1800 2583 conﬁciunt

1024 2595 1157 2615 annorum
1172 2586 1234 2613 9ἳὲ.
1254 2586 1345 2620 Itaque
1361 2582 1459 2616 tribus,
1477 2589 1627 2620 quatuorve
1642 2584 1721 2620 annis
1735 2582 1798 2609 dilu-

1025 2624 1098 2649 vium
1113 2629 1186 2649 mors
1201 2622 1273 2648 illius
1280 2618 1436 2648 antecessit.
1449 2618 1563 2646 At’vero
1575 2618 1645 2645 idem
1660 2619 1799 2644 Al'riranus

1026 2659 1061 2685 ab
1075 2658 1140 2685 orbe
1154 2656 1265 2683 condito
1292 2655 1325 2682 ad
1349 2655 1480 2682 diluvium
1504 2662 1591 2680 annos
1605 2653 1707 2687 colligit
1725 2652 1797 2678 i267.

1025 2693 1130 2727 Quippe
1155 2691 1230 2727 Enos
1245 2691 1297 2718 195
1315 2689 1429 2727 confert,
1443 2689 1593 2727 cumuljxx
1607 2687 1739 2727 (liliitzmat
1755 2687 1798 2714 190

1024 2723 1180 2754 numerent.
1198 2726 1351 2753 Subtractis
1369 2725 1496 2761 quinque
1508 2723 1560 2750 illis
1576 2724 1728 2761 superlluis,
1745 2730 1798 2761 cre-

1024 2762 1139 2788 diderim
1165 2761 1192 2787 in
1226 2761 1338 2794 reliquis
1368 2758 1546 2793 Epipli’anium
1571 2758 1690 2794 Africani
1706 2777 1715 2789 ,
1749 2758 1798 2784 sive

1023 2796 1104 2830 LXX,
1119 2796 1189 2830 apud
1212 2793 1369 2822 Africanum
1384 2795 1562 2830 Interpretum
1574 2793 1708 2820 calculum
1729 2799 1800 2820 secu-

1023 2836 1091 2867 tum,
1109 2829 1195 2859 annos
1210 2834 1381 2865 computasse
1396 2829 1476 2856 2262.
