1944 3037
145 133 195 162 IS!

500 138 687 169 ADVERSUS
707 142 879 172 HERESES
898 143 962 172 LIB.
981 145 1002 173 l.
1026 145 1111 176 ΤΟΜ.
1128 147 1147 174 l.
1168 161 1202 168 —-
1223 148 1362 179 HIERES.
1382 151 1454 180 l-IV.

1720 158 1779 187 182

142 194 274 252 ζελληνέ
285 197 340 224 οὐκ
359 197 525 235 Ἰουδαῖος),
537 200 725 238 βαρϐαρισμὸς
736 203 798 231 τότε
813 205 933 232 ἐκαλεῖτο

988 208 1216 242 appellationibus
1232 217 1298 238 usus
1313 215 1355 238 est
1373 211 1522 246 Apostolus
1542 221 1604 242 cum
1620 214 1657 242 ita
1679 215 1775 252 loqui-

141 240 172 266 ὲν
187 242 248 273 ταῖς
261 241 326 269 δέκα
340 245 449 277 γενεαῖς
463 244 510 271 τοῦ
527 246 623 281 χρόνον
640 247 670 274 τὸ
688 248 841 284 ἐπώνυμον.
855 250 934 278 Μετὰ

141 287 172 314 δὲ
181 288 226 314 τὸν
237 290 428 325 κατακλυσμὸν
441 291 590 327 ἐπιστάσης
602 293 650 328 τῆς
665 294 798 329 λάρνακος
811 296 857 322 τοῦ
871 297 934 324 Νῶε

142 333 172 360 ἐν
187 335 243 365 τοῖς
259 334 334 369 ὄρεσι
347 337 403 368 τοῖς
426 337 545 373 ’Λραρὰτ
561 338 609 374 (9).
619 339 670 366 ἀνὰ
681 340 762 375 μέσον
784 342 933 378 Ἀρμενίων

142 379 190 406 καὶ
206 379 352 415 Καρδυέων
365 382 394 407 ὲν
408 381 447 417 τῷ
462 383 572 420 Λουϐὰρ
586 384 643 420 ὗρει
660 386 829 424 καλουμένῳ,
844 390 932 416 ἐκεῖσε

141 425 250 461 πρῶτον
270 428 430 463 κατοίκησις
457 429 561 463 γίνεται
582 431 649 465 μετὰ
670 432 714 459 τὸν
741 435 932 471 κατακλυσμὸν

140 472 195 498 τῶν
207 472 367 508 ἀνθρώπων.
380 475 469 502 Κάκεῖ
481 476 591 510 φυτεύει
603 478 752 513 ἀμπελῶνα
765 480 827 507 Νῶε
841 482 855 507 ὁ
867 491 933 518 προ-

141 518 240 554 φήτης.
261 521 384 556 οἰκιστής
409 530 439 547 τε
454 522 558 556 γίνεται
573 523 619 550 τοῦ
639 525 732 552 τόπου.
761 526 882 554 Γίνονται
903 529 932 555 δὲ

140 565 198 595 τοῖς
211 564 292 591 αὑτοῦ
307 567 402 593 παισὶν
426 567 467 602 (οὐ
484 567 538 604 γὰρ
560 568 600 596 ἔτι
623 570 705 597 αὐτὸν
728 571 855 607 ἐμφαίνει
874 573 930 610 [10]

140 611 344 647 γεγεννηκέναι)
375 613 469 646 παῖδες
487 615 534 642 καὶ
555 616 657 644 παίδων
669 618 773 651 παῖδες,
793 619 845 652 ἕως
860 621 931 656 πέμ-

140 663 212 691 πτης
221 657 318 690 γενεᾶς
331 657 400 684 ἐτῶν
411 658 560 691 ἑξακοσίων
573 665 831 697 πεντηκονταεννέα,
845 666 931 701 πάρεξ

140 701 188 727 τοῦ
205 702 274 738 Σήμ.
289 703 355 730 Κατ’
368 704 527 732 ἀκολουθίαν
536 706 564 733 δὲ
579 707 625 734 τοῦ
641 708 730 743 λόγου,
744 710 831 746 ἔξειμι
849 712 869 727 ”
882 713 932 748 τὴν

140 747 316 787 γενεαλογίαν
346 748 393 775 τοῦ
417 750 476 782 ἑνὸς
497 751 565 778 υἱοῦ.
589 752 649 788 Σὴμ
672 754 761 781 τοίνυν
786 757 868 792 γεννᾷ
887 747 932 784 τδν

147 791 293 827 Ἀρφαξάδ,
327 794 464 829 ’Λρφαξὲιδ
489 795 534 822 τὸν
555 797 646 832 Κηνᾶ,
675 799 754 833 Κηνᾶ
774 801 820 827 τὸν
849 791 930 836 iam,

142 835 215 865 Σαλιῖ
234 838 280 866 τὸν
307 840 401 876 ”Εϐερ,
424 841 524 877 εὐλαΰῆ
547 844 594 870 καὶ
621 843 750 881 θεοσε6ῆ’
771 847 854 883 Ἔϐερ
885 849 930 875 τὸν

141 883 239 911 Φαλὲκ.

176 973 215 1001 E’.
238 975 293 1002 Καὶ
308 975 382 1002 οὐδὲν
406 974 440 1012 ἦν
459 977 504 1003 ἐπὶ
529 977 579 1013 τῆς
601 979 662 1014 γῆς,
686 980 735 1015 οὐχ
760 981 873 1017 αἵρεσις,
900 983 930 1010 οὐ

142 1020 238 1056 γνώμη
256 1021 337 1058 ἑτέρα
349 1022 395 1048 καὶ
414 1023 506 1058 ἑτέρα,
524 1023 607 1059 ἀλλ’ἢ
621 1025 699 1059 μόνον
713 1025 850 1061 ἄνθρωποι
868 1027 931 1054 ἐκα-

142 1066 247 1098 λοῦντο,
261 1067 320 1099 ἑνὸς
336 1067 442 1102 χείλους
457 1068 504 1094 καὶ
519 1069 584 1104 μιᾶς
596 1069 729 1105 γλώττης.
744 1069 798 1097 Ἦν
808 1071 836 1098 δὲ
851 1072 931 1108 μόνον

142 1111 253 1138 ἀσέϐεια
264 1114 311 1138 καὶ
325 1113 450 1140 εὐσέϐεια
463 1115 477 1140 ὁ
488 1114 559 1141 κατὰ
573 1115 653 1149 φύσιν
664 1116 756 1151 νόμος.
770 1118 817 1144 καὶ
830 1119 846 1153 ἡ
861 1118 932 1145 κατὰ

142 1157 223 1192 φύσιν
244 1159 303 1190 ἑνὸς
320 1160 435 1186 ἑκάστου
456 1161 615 1196 προαίρεσις
637 1162 683 1188 τοῦ
704 1162 864 1198 θελήματος,
885 1165 931 1191 καὶ

142 1204 191 1230 οὐκ
204 1203 258 1230 ἀπὺ
270 1204 454 1236 διδασκαλίας,
477 1204 538 1231 οὔτε
555 1206 609 1232 ἀπὸ
629 1208 852 1244 συγγραμμάτων
868 1218 931 1244 συγ-

145 1250 269 1284 γραφέων
291 1250 399 1285 πλάνη·
421 1251 470 1277 οὐκ
490 1251 665 1287 Ίουδαῑσμὺς,
693 1253 743 1289 οὐχ
763 1254 869 1288 αἵρεσίς
891 1264 932 1287 τις

141 1295 234 1331 ἑτέρα,
244 1296 311 1328 ἀλλ’,
320 1296 357 1328 ὡς
364 1297 462 1328 εἰπεῖν,
479 1297 494 1332 ὴ
509 1297 556 1324 νῦν
564 1298 654 1330 πίστις
663 1299 892 1337 ὲμπολιτευομένη
904 1302 932 1328 ὲν

144 1342 174 1377 τῇ
189 1342 250 1376 ἄρτι
264 1342 329 1377 ἁγίᾳ
337 1342 383 1369 τοῦ
395 1342 461 1369 Θεοῦ
469 1343 598 1379 καθολικῇ
619 1344 776 1381 Ἐκκλησία,
787 1346 833 1373 ἀπ’
846 1347 932 1383 ἀρχῆς

143 1384 220 1420 οὖσα,
236 1388 282 1414 καὶ
294 1387 405 1425 ὕστερον
415 1389 496 1415 πάλιν
505 1390 737 1425 ἀποκαλυφθεῑσα.
750 1391 795 1427 Τῷ
806 1392 860 1428 γὰρ
869 1392 932 1427 βου-

143 1435 250 1471 λομένῳ
265 1435 418 1472 φιλαλήθως
440 1436 502 1463 ἰδεῖν
519 1437 589 1472 ἀρχὴ
605 1437 715 1464 πάντων
730 1439 803 1465 ἐστὶν
818 1440 834 1474 ἡ
851 1439 933 1466 καθο-

143 1481 204 1517 λικῆ
218 1481 263 1507 καὶ
273 1481 336 1516 ἁγία
356 1481 505 1518 Ἐκκλησία
516 1482 545 1515 ἐξ
559 1483 642 1510 αὑτοῦ
655 1483 702 1510 τοῦ
716 1485 828 1512 σκοποῦ.
851 1485 934 1521 ’Λδὰμ

143 1527 197 1562 γὰρ
221 1528 433 1563 πρωτόπλαστος
460 1529 630 1562 πέπλασται,
654 1530 704 1557 οὐκ
731 1531 932 1567 ἐμπερίτομος,

143 1573 202 1600 ἀλλ’
215 1574 388 1610 ἀκροϐὑστης
404 1576 453 1610 μὲν
472 1577 506 1611 τῇ
520 1577 612 1611 σαρκί·
627 1576 676 1603 οὑκ
690 1577 886 1613 εἰδωλολάτρης
903 1577 932 1604 δὲ

143 1618 188 1656 ἦν·
200 1621 246 1647 καὶ
253 1621 311 1656 ᾔδει
323 1621 433 1657 Πατέρα
441 1621 517 1654 Θεὸν,
528 1623 574 1648 καὶ
584 1622 710 1655 Υἱὺν,καὶ
718 1623 794 1657 ἅγιον
803 1623 915 1658 Πνεῦμα
925 1632 931 1639 ⁸

143 1668 287 1703 προφήτης
303 1668 356 1703 γὰρ
372 1666 416 1703 ἦν.
439 1668 496 1695 Οὐκ
511 1667 580 1703 ἔχων
603 1669 693 1695 τοίνυν
709 1669 869 1705 περιτομὴν⁹
883 1670 934 1696 οὐκ

143 1710 178 1748 ἦν
199 1712 323 1744 Ἰουδαῖος
333 1722 340 1729 ·
358 1713 439 1746 ξόανα
453 1713 482 1739 δὲ
496 1714 534 1750 μὴ
549 1713 708 1749 προσκυνῶν
725 1714 742 1749 ἢ
757 1714 821 1741 ἄλλο
834 1723 870 1748 τι,
884 1715 934 1742 οὐκ

144 1757 178 1796 ῆν
196 1760 401 1795 εἰδωλολάτρης.
417 1760 563 1795 Προφήτης
584 1760 638 1796 γὰρ
652 1761 666 1786 ὁ
689 1760 786 1796 ’Δδὰμ,
799 1762 846 1787 καὶ
865 1761 933 1796 ᾔδει,

144 1807 186 1833 ὅτι
201 1806 214 1832 ὁ
227 1806 322 1841 Πατὴρ
337 1803 397 1832 εἶπε
421 1805 460 1841 τῷ
482 1805 552 1840 Υἱῷ·
575 1805 750 1840 Ποιήσωμεν
767 1806 932 1841 ἄνθρωπον.

144 1852 178 1878 Τί
194 1850 241 1878 οὖν
252 1849 286 1887 ἦν
304 1852 373 1887 μήτε
385 1852 536 1888 περιτομὴν
549 1851 628 1887 ἔχων,
642 1854 708 1888 μήτε
726 1852 823 1879 εἴδωλα
837 1853 933 1885 σέϐων,

145 1898 214 1926 ἀλλὰ
231 1897 279 1925 τοῦ
296 1898 511 1933 Χριστιανισμοῦ
523 1899 569 1925 τὸν
582 1898 744 1934 χαρακτῆρα
760 1899 933 1933 ὑποφαίνων;

145 1945 224 1973 υῦτω
242 1945 289 1972 καὶ
305 1945 351 1972 ἐπὶ
362 1944 408 1971 τοῦ
429 1944 520 1976 Ἅϐελ,
538 1945 584 1971 καὶ
603 1944 648 1971 ἐπὶ
664 1944 712 1971 τοῦ
737 1945 802 1980 Σὴθ,
820 1946 866 1972 καὶ
889 1946 936 1972 ἐπὶ

146 1992 192 2019 τοῦ
211 1991 304 2025 Ἐνὼς,
321 1992 369 2018 καὶ
387 1991 434 2018 ἐπὶ
452 1990 499 2018 τοῦ
521 1990 616 2026 Ἑνὼχ,
631 1991 678 2017 καὶ
692 1991 740 2018 ἐπὶ
754 1991 801 2018 τοῦ
825 1991 935 2024 Μαθου-

146 2039 226 2071 σὰλα,
243 2039 290 2065 καὶ
305 2038 350 2064 ἐπὶ
370 2037 416 2064 τοῦ
431 2037 504 2071 Νῶε,
520 2038 567 2064 καὶ
579 2037 626 2064 ἐπὶ
639 2037 685 2064 τοῦ
698 2037 794 2072 Ἔϐερ,
812 2037 876 2073 ἄχρι
889 2038 935 2064 τοῦ

151 2085 278 2121 Ἀϐρααμ
297 2084 467 2120 διαληπτέον.
490 2084 615 2120 Ἐνήργει
638 2085 667 2111 δὲ
690 2085 750 2111 τότε
768 2085 892 2112 εὐσέϐειά
907 2093 936 2111 τε

146 2131 194 2157 καὶ
211 2130 334 2161 ἀσέϐεια,
356 2129 446 2161 πίστις
469 2129 517 2156 καὶ
539 2129 668 2155 ἀπιστία·
693 2129 783 2161 πίστις

146 2177 246 2212 έχουσα
255 2176 302 2202 τοῦ
315 2174 530 2210 Χριστιανισμοῦ
543 2174 592 2210 τὴν
606 2175 708 2206 εἰκόνα,
722 2175 835 2201 ἀπιστία
845 2175 874 2201 δὲ
887 2175 936 2201 ἐπ-

813 2129 862 2164 μὲν
889 2129 938 2156 ἐπ-

145 2224 245 2258 έχουσα
255 2223 383 2253 ἀσεϐείας
392 2222 437 2249 τὸν
445 2221 606 2257 χαρακτῆρα
613 2221 659 2248 καὶ
667 2221 848 2257 παρανομίας,
858 2223 933 2248 ἐναν-

147 2271 191 2297 τία
203 2269 249 2296 τοῦ
265 2269 336 2296 κατὰ
351 2269 431 2304 φύσιν
447 2268 540 2303 νόμου,
560 2267 611 2299 ἓως
631 2267 725 2293 τούτου
741 2267 788 2293 τοῦ
802 2267 932 2303 προδεδη-

184 2327 204 2342 “
222 2325 302 2354 Forte
312 2325 436 2360 διέξειμι,
476 2325 498 2340 ’³
513 2323 619 2352 Coloss.
635 2331 675 2357 ιιι,
694 2324 737 2350 ll.

776 2325 798 2340 ¹³
812 2325 881 2353 Gen.
897 2335 956 2360 viu,
971 2327 988 2354 4
1002 2334 1062 2362 sqq.

986 257 1030 279 tur
1046 262 1052 280 ε
1067 253 1099 280 In
1115 253 1220 282 Christo
1234 255 1298 282 Jesu
1315 265 1395 291 neque
1413 257 1552 291 barbam.
1568 269 1648 296 neque
1662 262 1772 298 Scytha,

984 307 1065 334 neque
1077 299 1197 333 ercus,
1209 309 1289 336 neque
1305 301 1418 330 Iudaeus
1433 309 1472 331 est
1488 305 1531 340 "),
1544 305 1652 334 illorum
1667 313 1774 344 tempo-

985 351 1045 371 rum
1071 349 1177 377 status,
1204 347 1250 380 qui
1278 348 1330 375 sub
1353 348 1445 376 decem
1474 353 1692 386 generationibus
1709 354 1773 391 fuit,

984 389 1148 419 barbarismi
1170 400 1237 420 voce
1251 395 1460 429 cognominatus
1475 401 1527 424 est.
1551 397 1616 426 Post
1638 389 1770 430 diluvium

983 443 1045 462 cum
1064 437 1091 463 in
1109 437 1217 465 Ararati
1234 440 1388 473 montibus,
1406 442 1561 470 Armeniam
1579 445 1650 472 inter
1661 451 1689 474 et
1704 446 1770 475 Car-

984 481 1067 517 dyeos
1084 483 1110 509 in
1124 483 1231 511 Lubare
1241 485 1310 513 colle
1320 485 1414 514 Noemi
1431 494 1494 515 arca
1509 490 1679 519 constitisset
1692 492 1724 523 ",
1735 493 1769 520 il-

981 527 1018 555 lic
1043 529 1129 563 prima
1144 529 1286 557 hominum
1316 532 1468 559 secundum
1490 533 1622 562 diluvium
1640 535 1772 565 habitatio

982 573 1044 602 fuit.
1069 573 1226 611 Ibidemque
1240 575 1360 605 Noemus
1386 579 1516 613 propheta
1541 580 1623 608 vitem
1638 583 1771 615 consevit.

982 627 1013 646 ac
1022 620 1188 648 domicilium
1202 623 1356 651 constituit.
1377 623 1464 659 Cujus
1482 625 1576 654 liberis
1600 627 1685 662 (hunc
1699 628 1773 656 enim

982 665 1071 700 ipsum
1085 675 1215 702 generare
1230 669 1345 697 desiisse
1361 678 1448 698 saera:
1472 671 1583 700 Littera
1604 673 1770 709 signiﬁcant)

983 712 1030 739 lilii
1059 720 1091 739 ac
1110 718 1223 748 nepotes
1246 714 1280 741 ad
1310 716 1433 750 quintam
1458 725 1544 753 usque
1569 721 1772 754 generationem

983 755 1039 782 nati
1063 761 1137 788 sunt,
1156 757 1189 784 ad
1217 765 1304 786 annos
1325 760 1430 788 scilicet
1448 761 1516 795 669,
1533 769 1630 797 praeter
1650 763 1771 794 Seruum.

982 801 1067 835 Cujus
1091 803 1173 831 unius
1197 804 1303 838 prolem
1332 806 1464 842 deinceps
1487 810 1771 838 commemorabinnts.

982 846 1066 882 Igitur
1091 848 1189 877 Scmus
1210 849 1402 885 Arphaxadum
1429 854 1539 888 genuit;
1571 855 1622 883 iste
1647 856 1772 889 Cainam.

947 890 968 917 B
983 893 1083 922 Cainas
1102 894 1211 928 Salam;
1229 895 1307 924 Salas
1324 896 1454 931 Eberum,
1475 901 1547 934 pium
1573 900 1659 927 virum
1677 910 1709 928 ac
1725 902 1771 930 Dei

982 940 1132 973 cultorem;
1148 941 1193 968 hic
1210 941 1363 969 Plialcrutn.

1019 985 1051 1012 V.
1068 985 1145 1013 Nulla
1158 995 1207 1022 per
1222 988 1247 1015 id
1266 992 1372 1024 tempus
1386 990 1414 1016 in
1432 991 1513 1017 terris
1529 991 1656 1024 hzeresis;
1667 993 1773 1028 opinio-

983 1038 1047 1057 num
1072 1032 1146 1058 nulla
1163 1032 1320 1067 dissensio;
1340 1042 1403 1060 cum
1429 1035 1548 1063 universi
1568 1036 1626 1063 sola
1655 1037 1773 1066 hominis

983 1077 1163 1112 appellatione
1173 1084 1353 1106 censerentur
1366 1089 1374 1113 ;
1390 1080 1461 1107 labio
1476 1089 1541 1113 uno,
1557 1090 1665 1117 unaque
1681 1083 1773 1119 lingua

984 1123 1100 1159 pra-diti.
1118 1124 1207 1153 Pietas
1219 1133 1301 1160 porro
1314 1131 1396 1163 atque
1412 1127 1538 1162 impietas
1554 1129 1611 1156 sola
1625 1133 1685 1156 erat
1696 1134 1774 1157 natu-

983 1177 1020 1196 ra:
1038 1171 1105 1206 lege,
1122 1175 1168 1198 aut
1183 1172 1400 1208 uniuscujusque
1416 1173 1450 1200 ad
1474 1178 1600 1201 naturam
1617 1182 1773 1203 accommo-

982 1215 1045 1243 data
1062 1217 1201 1244 voluntate
1227 1217 1349 1248 definita.
1369 1219 1485 1246 necdum
1508 1227 1586 1247 error
1611 1218 1780 1255 emerserat;

983 1261 1041 1288 sive
1056 1261 1201 1297 disciplina
1217 1268 1413 1298 eontparatus,
1433 1264 1490 1292 sive
1506 1266 1680 1294 monimentis
1703 1266 1772 1294 scri-

983 1312 1091 1342 ptorutn
1113 1308 1242 1336 traditus.
1259 1308 1352 1344 Neque
1379 1310 1461 1345 igitur
1477 1310 1655 1344 Judaismus.
1683 1320 1773 1347 neque

984 1353 1037 1379 alia
1051 1354 1106 1380 ulla
1127 1360 1202 1381 secta
1220 1354 1358 1390 prodierat
1377 1365 1384 1382 :
1401 1356 1459 1386 sed.
1489 1360 1519 1383 ut
1543 1357 1580 1383 ita
1600 1357 1708 1388 dicam.
1726 1358 1773 1385 illa

983 1398 1077 1424 eadem
1097 1398 1248 1430 obtinebat,
1270 1407 1331 1434 qum
1346 1399 1465 1435 liodiee
1482 1400 1508 1427 in
1534 1406 1629 1428 sancta
1656 1401 1704 1429 Dei
1719 1403 1773 1430 Ec—

985 1442 1067 1470 clesia
1087 1450 1119 1470 ac
1136 1443 1270 1470 catholica
1293 1449 1450 1478 perseverat
1471 1444 1554 1476 ﬁdes.
1581 1453 1642 1479 qua:
1655 1453 1716 1473 cum
1739 1446 1775 1474 ab

985 1487 1052 1522 ipsis
1066 1495 1156 1514 rerum
1176 1488 1333 1522 primordiis
1349 1488 1491 1522 viguisset,
1508 1497 1607 1516 rursus
1622 1494 1664 1517 est
1678 1495 1773 1525 postea

985 1533 1131 1570 patefacta.
1148 1533 1254 1560 Etenim
1274 1535 1296 1560 si
1315 1534 1378 1569 quis
1393 1535 1444 1561 ista
1461 1535 1519 1562 solo
1538 1535 1661 1564 veritatis
1681 1536 1773 1564 studio

986 1579 1119 1614 impulsus
1146 1579 1209 1606 velit
1227 1579 1380 1614 expendere
1392 1600 1400 1612 ,
1417 1588 1472 1607 non
1488 1580 1624 1608 dubitabit
1647 1585 1773 1609 sanctam

985 1631 1066 1660 atque
1076 1623 1238 1652 catholicam
1252 1623 1402 1652 Ecelcsiatn
1421 1625 1535 1660 primam
1553 1626 1674 1653 oumium
1688 1627 1773 1654 exsti-

984 1671 1061 1704 tisse,
1075 1670 1222 1697 dutnmodo
1241 1678 1355 1705 scopum
1384 1671 1472 1706 ipsum
1495 1671 1662 1699 consideret.
1686 1671 1772 1699 Adam

984 1716 1055 1743 enim
1071 1715 1210 1742 hominum
1236 1715 1363 1750 princeps
1390 1724 1404 1742 a
1423 1715 1477 1743 Deo
1494 1716 1632 1749 conditus,
1648 1724 1703 1743 non
1720 1717 1772 1743 cir-

985 1763 1132 1792 cumcisus.
1150 1761 1196 1789 sed
1206 1762 1337 1796 pra-pulit)
1352 1761 1482 1796 praeditus
1495 1761 1557 1789 fuit.
1575 1761 1667 1797 Neque
1682 1766 1773 1789 tamen

985 1808 1056 1835 idola
1076 1813 1217 1844 propterea
1233 1807 1328 1839 coluit,
1345 1812 1372 1834 et
1390 1807 1474 1834 Deum
1488 1807 1596 1834 Patrem
1614 1815 1676 1834 cum
1695 1807 1772 1838 Filio.

985 1863 1017 1882 ae
1033 1854 1135 1889 Spiritu
1156 1857 1252 1881 saneto
1265 1857 1357 1888 utpote
1371 1853 1502 1887 propheta
1519 1852 1656 1888 cognovit.
1671 1851 1772 1885 Quam-

984 1902 1078 1929 obrem
1102 1900 1174 1935 quod
1199 1900 1412 1927 circumcisione
1439 1899 1546 1930 caruit.
1571 1898 1681 1925 Judaeus
1712 1905 1773 1925 eSsc

985 1955 1040 1975 non
1055 1947 1144 1982 potuit
1165 1955 1171 1972 :
1190 1946 1333 1973 idololatra
1355 1953 1419 1973 vero
1435 1945 1547 1972 minime
1562 1944 1629 1975 fuit.
1646 1952 1706 1972 cum
1725 1952 1773 1971 ne-

985 2001 1038 2029 que
1053 1993 1212 2024 simulacra.
1228 2000 1315 2028 neque
1337 1992 1391 2019 alia
1406 1991 1434 2019 id
1457 2000 1543 2028 genus
1560 1992 1693 2019 adoraret.
1710 1990 1773 2018 Fuit

986 2039 1057 2066 enim
1073 2039 1118 2065 ille
1134 2038 1274 2073 propheta,
1291 2043 1317 2066 et
1334 2038 1385 2065 hoc
1395 2037 1466 2064 Filio
1477 2046 1492 2064 a
1504 2039 1585 2064 Patre
1599 2037 1701 2064 dictum
1712 2044 1773 2065 esse

987 2085 1101 2117 sciebat,
1111 2083 1255 2111 Faciamus
1268 2085 1399 2111 hominem
1413 2083 1585 2117 “.Quidnatn
1600 2083 1682 2119 igitur
1695 2084 1773 2110 erat?

987 2129 1104 2158 Omnino
1118 2138 1205 2164 neque
1227 2131 1408 2158 circumcisus
1418 2150 1426 2161 .
1443 2137 1532 2164 neque
1553 2129 1633 2157 idolis
1646 2128 1773 2157 addictus

986 2177 1150 2204 Christianae
1159 2176 1298 2211 religionis
1308 2176 1453 2211 imaginetn
1464 2176 1608 2203 referebat.
1623 2175 1675 2202 Par
1685 2175 1771 2203 idem—

987 2230 1040 2258 que
1057 2223 1090 2250 de
1114 2222 1218 2252 Abelo.
1247 2221 1345 2253 Setho,
1364 2222 1454 2254 Enos,
1475 2221 1578 2254 Enoch,
1609 2221 1773 2253 Mathusala.

987 2268 1104 2298 Noemo.
1117 2267 1232 2299 Hebere.
1245 2268 1277 2294 ad
1292 2267 1429 2294 Abraham
1449 2275 1546 2303 usque,
1559 2267 1693 2302 judicium
1709 2275 1773 2295 esse

1104 2324 1125 2339 “
1138 2323 1204 2350 Gen.
1218 2332 1235 2355 ι,
1246 2323 1291 2351 εδ.

185 2385 223 2420 (9)
237 2386 285 2412 Ἐν
296 2385 359 2417 τοῖς
371 2385 454 2420 ὄρεσι
467 2383 530 2416 τοῖς
537 2383 668 2418 Ἁραράτ.
679 2383 823 2412 Chaldaeus
838 2384 928 2413 Cordu

994 2383 1174 2420 Epiphanium
1196 2382 1231 2420 in_
1244 2382 1431 2420 Ariamunjlis.
1457 2382 1519 2420 Sed
1528 2382 1574 2420 de
1584 2382 1659 2420 labra
1672 2418 1677 2420 _
1689 2388 1772 2412 caete-

146 2420 174 2448 Id
186 2425 228 2448 est
241 2421 388 2456 Γορδιαῑος.
403 2419 548 2456 Josephus,
560 2420 608 2456 lib.
627 2427 645 2449 1,
661 2420 754 2456 cap.)
768 2428 776 2446 :
791 2420 942 2456 Ἀποϐατή-

149 2464 206 2491 ριον
226 2454 372 2482 τὺν⁷τόπον
386 2455 481 2481 τοῦτον
505 2455 643 2491 Ἀρμένιοι
656 2454 778 2491 καλοῦσι.
799 2455 859 2491 Mox
891 2455 941 2482 Be-

148 2487 242 2518 i'osum
257 2491 414 2518 Clialdmum
431 2491 498 2516 citat
512 2499 517 2516 :
531 2487 647 2522 Ᾰ’ἐγεται
661 2489 689 2516 δὲ
707 2490 755 2516 καὶ
779 2490 825 2516 ’τοῦ
844 2491 938 2517 πλοίου

144 2527 178 2553 ἐν
191 2527 224 2562 τῇ
233 2526 364 2562 Ἀρμενίᾳ.
376 2525 493 2562 πρρςτῷ
502 2526 560 2562 ὅρει
574 2525 628 2551 τῶν
639 2525 795 2562 Κορδυαίων
807 2525 847 2551 ἔτι
855 2526 937 2560 μέρος

148 2571 175 2588 τι
189 2554 272 2588 εἶναιξ
285 2554 405 2588 Ῑιειιίωί
416 2554 529 2587 Nicoino
548 2554 716 2587 liamascciio
728 2569 735 2586 :
753 2561 844 2587 Ἔστιν
855 2554 937 2595 ’ὑὲὲρ

147 2598 198 2633 τὴν
213 2597 336 2633 Μινυάδα
353 2596 425 2633 μέγα
437 2596 499 2630 ὅρος
515 2595 590 2633 κατα
606 2595 750 2633 Ἄρμενίαν
763 2596 847 2633 ἰξάρις
861 2596 939 2633 λεγό-

149 2630 240 2668 μενον,
251 2633 291 2663 είς
305 2631 319 2658 ὃ
335 2630 448 2668 πολλοὺς
465 2630 719 2668 συμφργὸνταςηέπὶ
741 2631 787 2668 τοῦ
805 2630 939 2668 κατακλυ-

149 2665 219 2703 ξςμοῦ
245 2668 324 2702 λόγος
352 2667 413 2703 ἔχει
431 2666 628 2703 περισωθῆναι.
652 2665 816 2703 Franciscus
837 2666 935 2693 Junius

150 2701 200 2738 pro
215 2703 308 2738 Βάρις,
320 2702 525 2738 rescribendum
538 2702 674 2738 existinmt
688 2701 824 2738 ᾼούϐαρις
836 2711 842 2728 :
854 2709 869 2728 a
879 2709 936 2738 quo

150 2736 206 2766 iion
221 2736 364 2765 abhorreo.
378 2737 430 2763 Sed
447 2737 517 2763 idem
534 2737 665 2763 solemnia
680 2737 794 2768 delirat,
807 2745 868 2763 cum
878 2736 934 2763 Lu-

150 2774 201 2802 bar
211 2774 350 2802 Armenio.
362 2777 388 2798 et
401 2771 562 2806 .Eg-ypttaco
577 2779 702 2798 sermone
713 2773 778 2798 dicit
789 2772 860 2798 idem
874 2780 935 2799 esse

152 2813 235 2843 atque
247 2808 429 2839 ἁποϐατικόν,
450 2815 506 2834 sive
521 2806 704 2840 ἀποϐατήριον
716 2827 722 2838 ,
738 2807 763 2833 id
774 2811 826 2839 est,
845 2807 933 2833 locum

152 2842 345 2875 editissimum,
372 2851 405 2870 ex
431 2850 485 2876 quo
509 2842 658 2877 descensus
680 2846 767 2877 patet,
802 2850 817 2868 ιι
853 2843 935 2868 verbo

152 2878 240 2909 iubar.
252 2880 426 2907 descendere.
441 2877 518 2907 L‘udc
533 2882 558 2905 ct
580 2876 714 2911 [aL-arum,
733 2882 758 2905 ct
773 2877 847 2905 labra
865 2877 935 2911 apud

994 2417 1084 2454 risque
1109 2417 1189 2454 nugis
1207 2417 1329 2454 dicemus
1344 2417 1377 2444 ad
1406 2418 1481 2454 illum
1501 2417 1643 2452 Epipltanii
1672 2418 1770 2446 locum.

990 2452 1068 2488 Quod
1077 2452 1185 2488 quidem
1206 2452 1240 2478 ad
1257 2460 1376 2486 pra'sens
1391 2453 1528 2488 negotium
1540 2457 1646 2484 attinet.
1669 2454 1772 2480 ἀποϐα-

988 2487 1215 2525 τῆριονξνιοεεῃξιρ
1231 2492 1405 2525 nuncupatur
1427 2487 1503 2515 locus
1525 2489 1580 2518 ille,
1595 2489 1622 2515 in
1637 2496 1691 2523 quo
1703 2489 1773 2516 Noe-

987 2522 1049 2552 miis
1068 2523 1116 2558 τὴν
1137 2522 1286 2554 ἀπόϐασιν,
1311 2523 1362 2550 hoc
1375 2529 1416 2550 est
1429 2525 1633 2551 exscensionem
1646 2522 1683 2550 rex
1708 2532 1771 2551 area

988 2560 1070 2591 fecit;
1086 2559 1143 2594 sive
1157 2558 1230 2594 quod
1250 2558 1350 2586 ibidem
1371 2559 1406 2585 τὰ
1421 2559 1592 2594 ἀποϐατήρια
1612 2566 1690 2586 saera
1709 2567 1772 2594 per-

976 2596 1080 2622 solvit.
1098 2593 1159 2620 Hzec
1173 2593 1246 2619 enim
1261 2593 1302 2621 vis
1315 2597 1357 2621 cst
1371 2594 1466 2621 horum
1483 2593 1687 2625 vocabulorum.
1701 2593 1770 2620 ἁπο-

989 2630 1129 2665 6ατήριαη
1145 2627 1318 2665 διαϐατήρια,
1339 2634 1366 2656 ει
1389 2634 1559 2657 ῡωιετοηιιιι.
1588 2629 1670 2656 Valde
1689 2629 1772 2664 igitur

990 2663 1100 2692 aberrat.
1117 2663 1227 2700 Junius.
1237 2672 1297 2690 cum
1317 2664 1501 2700 ἀποϐατήριον
1517 2663 1712 2699 interpretatur
1726 2672 1771 2690 ar-

986 2700 1068 2726 duum
1093 2698 1284 2735 tabe-rcelsunt,
1313 2708 1344 2727 ex
1366 2698 1608 2735 [quoties-cendere
1620 2704 1770 2734 oporteat:

988 2736 1061 2770 quod
1084 2742 1098 2760 a
1115 2733 1216 2770 (ἐι-ωεῴ
1231 2737 1306 2762 voeis
1323 2733 1544 2770 usu’alienumet
1561 2733 1697 2770 absonum
1716 2739 1769 2761 est.

1023 2770 1124 2805 (10)οὐ
1135 2769 1188 2804 γὰρ
1199 2769 1241 2795 ἑτι
1254 2771 1499 2805 αὺτὸνὲμφαίνει.
1510 2769 1677 2797 Putidissimi
1685 2768 1770 2796 Judai

986 2801 1119 2840 Noe-nium
1139 2801 1278 2831 atillamo
1306 2801 1446 2833 exsectum
1475 2809 1673 2840 nuganturzut
1701 2805 1770 2831 ire!

987 2839 1104 2900 ηιίοὶέὶ.
1118 2840 1237 2873 Selenio,
1248 2841 1294 2876 qui
1305 2846 1331 2870 et
1345 2842 1397 2869 alia
1406 2839 1529 2878 quaedam
1539 2840 1633 2875 adjicit
1654 2839 1771 2868 nefanda

987 2881 1012 2900 Ill
1028 2884 1044 2900 1
1082 2883 1143 2900 Ma.

986 2881 1012 2904 et
1028 2875 1143 2911 ἄρρητα.
