1944 3037
165 100 222 126 193

501 99 685 128 ΑονΕιιευε
706 99 877 128 ΙΗΕΒΕδΕε
907 100 970 128 LIB.
992 101 1011 128 1.
1035 101 1116 130 ΤΟΒιΙ.
1138 103 1158 131 1.
1179 118 1212 123 -
1232 104 1369 132 ΙΙΑΞΠΕΞ.
1393 105 1460 134 l-IV.

1745 107 1799 134 194

166 164 254 182 aeuo-Vt
269 155 297 182 δὲ
309 155 367 182 τότε
384 155 460 191 μόνοι
480 157 537 193 (51)
554 157 750 191 ἐϐασιλεύοντο,
769 157 803 196 ἧς
818 159 949 195 βασιλείας

1008 160 1167 190 Semiramis
1193 164 1314 199 Assyriis
1343 165 1528 200 imperabant;
1552 172 1669 201 quorum
1684 166 1798 201 a:qualis

165 201 241 238 ἁρχὴ
254 202 364 236 γέγονεν
379 201 488 238 Εῡρωψ.

1009 207 1146 234 Abraham
1167 208 1227 242 fuit;
1243 210 1313 244 apud
1336 208 1476 245 {Egyptios
1492 218 1557 238 vero
1575 211 1680 238 decima
1700 214 1797 238 octava

166 249 295 284 dynastia
322 249 491 284 spraeerat.
519 249 630 285 Solique
654 257 711 279 tum
738 261 770 280 ex
791 253 920 281 omnibus
946 255 1054 290 populis
1084 255 1204 291 Sicyonii
1234 259 1309 292 regio
1335 258 1475 285 dominatu
1496 258 1723 291 continebantur;
1746 265 1796 284 eu—

165 294 334 330 jusvinitium
352 295 386 322 ab
403 295 512 331 Europe
527 297 677 332 profectum
696 303 747 325 est.

204 343 245 369 H’.
263 343 317 369 Καὶ
341 344 355 369 ὁ
371 343 437 374 Θεὸς
451 343 606 378 ἐπιλέγεται
621 345 665 372 τὸν
686 346 810 382 Ἀϐραὰμ
824 346 862 382 τῷ
882 346 957 382 αὺτῷ

164 388 322 424 χαρακτῆρι
350 388 399 423 τῆς
424 389 506 423 ἁγίας
533 390 680 426 καθολικῆς
705 392 751 418 καὶ
777 393 956 427 ἁποστολικῆς

173 434 338 469 Ἐκκλησίις
352 435 381 461 ἐν
397 436 565 472 ἁκροὸυστίᾳ
579 438 673 464 πιστὸν
683 458 690 470 ,
717 439 763 464 καὶ
783 439 812 465 ὲν
832 438 957 473 εὐσεϐείᾳ

163 479 331 506 τελειότατον
343 499 349 510 ,
364 481 393 506 ἐν
404 480 503 514 γνώσει
517 483 665 517 προφητῶν
680 483 713 515 ¹⁹,
726 483 755 509 ἐν
771 483 821 518 βίῳ
840 484 956 518 εὐαγγε-

163 526 245 563 λικὴν
270 530 438 564 κεκτημένον
467 530 651 566 ἀναστροφήν.
674 530 749 556 Οἴκοι
773 530 828 565 γὰρ
859 529 954 564 γέγονε

164 573 272 610 πατέρα
291 575 389 609 τιμῶν,
408 575 575 611 καλούμενος
590 576 642 602 ὑπὸ
663 575 709 601 τοῦ
727 575 806 609 λόγου
816 596 823 607 ,
838 576 884 602 καὶ
900 575 954 602 τῶν

162 620 272 647 οἰκείων
286 621 506 656 ὰποτασσόμενος
519 643 526 655 ,
543 621 702 657 πειθόμενος
721 622 748 648 δὲ
766 622 804 656 τῷ
818 621 953 654 καλοῦντι,

162 665 259 702 ὥσπερ
284 667 309 693 οι
335 667 399 702 περὶ
414 667 518 702 Πέτρον
542 668 587 694 καὶ
611 667 737 703 Ἀνδρέαν
759 668 805 694 καὶ
831 667 954 694 Ἰάκωϐον

163 713 213 740 καὶ
234 713 370 749 Ἰωάννην.
388 714 443 740 Καὶ
459 714 501 740 ἵνα
519 715 555 749 μὴ
576 714 656 741 πάλιν
675 714 787 749 μηκύνω
799 714 844 741 τὸν
861 713 952 747 λόγον,

163 757 283 786 συνελὼν
298 759 361 794 ἐρῶ.
380 760 427 791 Εἰς
443 759 490 794 ἔτη
508 761 561 795 γὰρ
578 760 677 791 ἐλάσας
695 758 771 791 οὗτος
789 761 802 786 ὁ
817 760 953 795 πατριάρ-

162 812 215 839 χης
233 804 505 840 ὲννενηκονταεννέα,
527 805 579 831 ὑπὸ
596 805 643 831 τοῦ
666 805 733 831 Θεοῦ
755 805 953 840 χρηματίξεται

162 851 204 881 εἰς
221 850 381 885 περιτομὴν.
402 850 457 876 Καὶ
471 850 584 886 ἄρχεται
598 850 704 876 ἐνθένδε
718 851 732 877 ὁ
751 851 895 886 χαρακτὴρ
907 850 954 877 τοῦ

168 896 337 932 Ἰουδαϊσμοῦ
358 897 427 931 μετὰ
444 897 489 923 τὸν
511 896 696 932 Ἑλληνισμόν.
715 896 770 922 Καὶ
787 894 821 931 ἦν
838 897 888 932 τῆς
905 896 952 923 τοῦ

163 942 267 977 κόσμου
281 942 433 977 καταϐολῆς
450 942 505 978 (52)
523 942 633 977 εἰκοστὴ
649 942 744 978 πρώτη
758 942 849 977 γενεὰ,
865 943 912 978 ἔτη
926 943 953 969 δὲ

163 987 298 1024 τρισχίλια
313 989 475 1024 τετρακόσια
491 989 666 1024 τριακονταὲν
677 996 684 1002 ·
699 989 745 1014 καὶ
757 989 772 1014 ὁ
790 988 954 1024 Ἰουδαῖσμδς

163 1033 249 1069 ἀρχὴν
266 1033 426 1069 ἐλάμϐανεν.
441 1034 593 1070 Σκυθισμδς
607 1035 661 1070 γὰρ
677 1035 731 1061 ἀπὸ
747 1034 792 1061 τοῦ
815 1035 952 1061 κατακλυ-

163 1079 233 1115 σμοῦ
245 1079 300 1115 (55)
316 1080 378 1115 ἄχρι
397 1079 444 1106 τοῦ
466 1080 570 1116 πύργου
589 1081 635 1106 καὶ
650 1080 697 1106 τοῦ
712 1080 824 1116 Σερούχ.
844 1081 911 1107 Ἀπὸ
924 1081 953 1107 δὲ

199 1158 220 1174 ¹⁹
235 1159 287 1192 Γρ.
305 1158 458 1194 προφήτην.
496 1158 520 1174 ³ο
535 1158 602 1186 Gen.
619 1166 686 1192 xvn,
703 1159 745 1186 10.

162 1239 295 1270 tempore,
310 1243 365 1270 quo
378 1236 553 1271 Assyriorum
572 1236 730 1263 monarcliia
743 1236 836 1270 coepit,
860 1235 946 1271 «Egy-

162 1272 234 1306 ptios
248 1278 377 1306 regnasse
389 1271 548 1302 dixerimus,
561 1279 623 1298 cum
640 1272 747 1298 illorum
766 1272 946 1306 primordium

162 1307 235 1332 circa
259 1313 359 1332 annum
372 1314 386 1332 a
399 1306 502 1333 diluvio
516 1307 567 1333 155
582 1307 720 1338 inciderit,
737 1306 869 1334 detractis
884 1307 947 1332 toti-

162 1341 223 1367 deni
243 1342 326 1376 annis
347 1343 380 1367 ab
403 1342 545 1368 intervallo
556 1361 563 1372 ,
582 1341 653 1376 quod
668 1350 683 1368 ιι
700 1342 801 1368 diluvio
818 1342 851 1368 ad
867 1341 948 1376 quin-

162 1375 378 1411 tnmﬁCambysis
398 1378 520 1411 elapsum
535 1375 596 1408 est.’
617 1377 680 1403 anni
702 1381 865 1411 supererunt
876 1375 949 1402 1650

163 1411 196 1437 ab
207 1410 397 1447 IEgyptiornm
412 1410 489 1439 initio
505 1411 538 1438 ad
553 1413 705 1447 Cambysen
723 1410 819 1447 usque,
836 1417 863 1439 et
883 1411 949 1438 Pcr-

162 1445 300 1473 saruin’i’n
317 1445 433 1482 Egypto
458 1445 646 1476 dominatum;
655 1455 703 1481 per
723 1446 844 1473 Africani
863 1447 950 1482 dyna-

1043 345 1110 373 Vlll.
1125 346 1191 374 Post
1202 347 1259 374 haec
1275 347 1368 374 eadem
1389 355 1442 382 qua
1461 347 1622 384 catholicam
1641 354 1668 376 et
1685 353 1797 384 aposto-

1007 392 1086 419 licam
1105 392 1254 419 Ecclesiaui
1270 393 1354 428 ﬁgura
1365 413 1371 424 ,
1389 398 1508 428 notaque
1522 383 1710 421 A'braliamnni
1721 394 1797 429 eligit

1007 437 1097 470 Deus,
1125 439 1212 466 virum
1240 439 1266 465 in
1297 439 1429 473 praeputio
1456 439 1577 471 iidclem,
1605 447 1638 466 ac
1665 440 1797 475 religione

1005 484 1159 519 pietateque
1180 484 1423 519 perfectissimum,
1443 489 1525 520 atque
1546 489 1575 512 ut
1594 485 1708 513 scientia
1730 494 1795 520 pro-

1005 530 1094 565 phetis
1109 539 1220 564 parem,
1240 531 1279 557 sic
1294 531 1325 557 ad
1343 531 1527 565 evangelicam
1544 530 1718 566 disciplinam
1734 532 1796 558 vita:

1006 577 1130 603 instituto
1150 581 1319 611 provectum.
1335 576 1398 603 Eral
1414 581 1469 603 tum
1487 577 1559 603 domi
1583 581 1687 611 patrem
1705 577 1796 604 obser-

1005 631 1082 656 vans,
1104 632 1165 650 cuin
1186 623 1231 650 Dei
1253 625 1365 650 oraculo
1381 627 1493 650 vocatus
1513 623 1672 651 domesticis
1691 631 1795 650 renun-

1005 670 1093 702 tiarit,
1115 674 1140 696 ct
1163 677 1224 696 cum
1249 677 1263 695 a
1285 678 1339 704 quo
1362 675 1475 697 Vacalus
1501 674 1572 701 erat,
1603 673 1714 697 secutus
1733 673 1794 703 est;

1007 715 1236 750 quemadmodum
1253 714 1360 747 Petrus,
1381 716 1516 746 Andreas.
1534 715 1651 743 Jacobus
1670 718 1697 743 et
1712 714 1795 742 Joan-

1007 766 1057 785 nes
1087 762 1178 793 postca
1209 758 1343 786 fecerunt.
1370 758 1408 786 Ac
1433 767 1466 786 ne
1489 759 1578 787 denuo
1600 759 1651 787 sim
1676 760 1793 795 longior,

1012 804 1107 839 paucis
1124 804 1215 831 omnia
1233 805 1409 839 complectar.
1423 805 1490 832 Cum
1507 806 1590 840 igitur
1603 805 1637 832 ad
1653 806 1796 841 nonagesi-

1007 859 1080 877 mum
1100 858 1201 877 nonum
1223 852 1310 878 artatis
1329 859 1428 878 annum
1453 852 1608 886 patriarcha
1633 851 1679 879 illo
1699 860 1795 886 perve-

1006 897 1102 929 nisset,
1111 897 1144 923 de
1154 897 1365 924 circumcisione
1376 905 1390 923 a
1403 897 1456 924 Deo
1468 905 1628 932 responsum
1640 897 1746 932 accepit
1758 898 1792 924 ".

1006 942 1071 970 Inde
1093 942 1226 970 Judaismi
1251 947 1315 970 nota
1340 947 1401 979 post
1420 944 1546 978 gentilem
1569 943 1794 978 superstitionem

1005 988 1137 1024 originem
1156 988 1261 1015 habuit.
1275 988 1415 1023 Agebatur
1432 993 1488 1016 tum
1505 996 1592 1016 annus
1609 989 1703 1016 mundi
1721 997 1794 1017 unus

1005 1039 1032 1062 et
1058 1035 1214 1062 tricesimus
1233 1043 1315 1070 supra
1337 1039 1379 1062 ter
1403 1035 1578 1063 millesimum
1602 1043 1634 1062 ac
1659 1035 1791 1070 quadrin-

1007 1081 1198 1116 gentesimum,
1216 1085 1296 1109 aetate
1315 1081 1349 1108 ab
1364 1081 1428 1109 orbe
1445 1081 1555 1109 condito
1577 1082 1662 1109 altera
1679 1087 1707 1109 et
1719 1081 1793 1109 vice-

1002 1226 1079 1272 clian'i
1104 1233 1220 1272 Europis
1238 1241 1311 1262 anno
1334 1242 1408 1266 xxn,
1439 1234 1486 1269 qui
1505 1239 1548 1261 est
1563 1235 1597 1261 ab
1615 1235 1692 1272 initio
1715 1237 1792 1272 regni

1001 1270 1122 1306 Sicyonii
1136 1277 1217 1296 erw
1231 1278 1237 1295 :
1255 1278 1323 1306 nam
1335 1273 1444 1306 centum
1460 1277 1543 1306 prope
1555 1277 1587 1297 ac
1600 1271 1710 1306 triginta
1727 1270 1793 1299 anni

1003 1305 1074 1331 inter
1090 1309 1234 1338 utramque
1248 1304 1378 1338 cpocham
1395 1304 1530 1338 interjecti
1543 1310 1616 1333 sunt.

1036 1339 1092 1374 ('59.)
1112 1339 1166 1365 Καὶ
1184 1340 1217 1365 ἐκ
1231 1339 1285 1373 τῆς
1304 1339 1357 1365 τοῦ
1373 1340 1488 1372 κόσμου
1505 1340 1683 1374 καταϐολῆς.
1701 1340 1730 1368 In
1743 1350 1793 1370 su-

1004 1375 1240 1412 periore_numero
1255 1374 1378 1412 ab__o_rliis
1401 1375 1478 1412 initio
1495 1375 1527 1401 ad
1548 1375 1673 1412 εἰκοστὴν
1696 1380 1794 1411 γενεάν

1004 1410 1168 1447 numerabat
1180 1417 1267 1447 annos
1280 1409 1349 1447 5552
1360 1417 1366 1434 :
1377 1409 1420 1436 cui
1433 1417 1546 1447 summa:
1561 1412 1630 1438 duos
1641 1409 1668 1438 et
1680 1409 1793 1447 triginta

1004 1444 1099 1472 deesse
1114 1445 1145 1471 ad
1160 1443 1229 1470 LXX
1250 1444 1395 1471 Senioruni
1410 1445 1551 1471 ratiocinia
1569 1443 1734 1474 monuimus.
1746 1447 1794 1474 Vi-

162 1482 240 1512 stias,
257 1483 280 1508 si
295 1479 598 1516 lubetfdispensandi;
617 1479 690 1516 quod
708 1482 825 1509 otiosum
853 1479 888 1508 ac'
900 1489 949 1508 nu-
966 1481 988 1511 ε
1004 1480 1104 1516 gesiina
1132 1480 1214 1513 γενεά
1227 1500 1233 1510 ,
1261 1480 1323 1514 quia
1346 1479 1448 1516 caiiiaii
1475 1481 1724 1515 comprehenditur,
1750 1486 1793 1510 est

162 1517 335 1551 gaeissimuin
358 1520 411 1544 est.
436 1517 474 1543 Ad
491 1525 643 1547 summam.
658 1516 704 1551 qui
728 1516 950 1552 [Egypliacarnm

163 1551 297 1586 originum
314 1552 466 1584 historiam,
484 1557 681 1586 veritatemque
696 1552 826 1586 consequi
841 1552 944 1580 studet.

163 1587 347 1621 postulatiiias
361 1587 424 1613 illas
438 1587 568 1619 Scaligeri
585 1588 723 1622 periodos,
735 1591 762 1614 et
778 1595 885 1613 omnem
899 1587 948 1621 dy-

163 1623 313 1648 nastiaruni
332 1629 456 1657 pompam
481 1622 586 1657 rejiciot
602 1630 713 1649 necesse
735 1626 788 1653 est,
821 1630 851 1648 ac
868 1623 951 1648 certis

162 1664 191 1684 se
205 1664 339 1684 annorum
356 1657 506 1684 intervallis
523 1657 666 1690 astringat.

198 1693 253 1726 (ἂι)
269 1693 300 1718 Ol
316 1692 351 1718 ἐν
370 1691 498 1718 Σικυῶνι
511 1691 545 1718 δὲ
559 1693 657 1726 μόνοι.
672 1691 710 1718 Ex
724 1691 818 1719 eodem
831 1690 951 1718 Eusebio

163 1727 289 1761 sumpsit.
316 1726 369 1754 Sed
388 1727 438 1753 hoc
457 1734 552 1762 parmn
567 1726 708 1762 ﬁdeliter,
732 1726 804 1761 quod
832 1726 950 1762 primum

163 1761 353 1798 Sicyoniorum
369 1769 459 1798 regem
485 1763 549 1789 l'acit
565 1761 716 1797 Europein,
741 1763 858 1798 cuui_sit
879 1761 949 1798 apud

164 1795 310 1825 Eusebium
335 1795 495 1824 secundus:
521 1805 583 1832 nam
607 1795 711 1832 primus
734 1801 776 1824 est
799 1795 950 1831 Egialeus,

163 1832 208 1866 qui
223 1833 303 1859 annis
319 1840 356 1859 ιιι
380 1832 514 1867 regnavit.
531 1831 887 1867 Huic'Europsrsuccessit,
902 1839 951 1858 cu-

163 1868 205 1901 jus
223 1875 295 1894 anno
315 1874 370 1894 xxu
385 1866 508 1894 nascitur
522 1867 703 1894 Abrahainus.
720 1866 949 1901 Antiquissimum

163 1904 213 1929 hoc
226 1903 252 1929 in
271 1902 376 1936 Europa
392 1910 506 1937 regnum
524 1902 584 1930 fuit.
598 1902 682 1936 Cujus
698 1902 725 1928 in
742 1902 822 1928 annis
837 1901 949 1937 minime

163 1941 288 1965 auctores
315 1936 500 1964 consentiunt.
524 1937 578 1964 Sed
599 1944 695 1971 parum
718 1937 865 1964 admodum
892 1936 950 1964 fere

163 1980 257 2000 omnes
276 1973 376 1999 absunt
399 1979 415 1998 a
435 1972 567 2007 millenis;
593 1975 660 2007 quot
682 1971 863 2006 Apollodorus
877 1972 949 2006 apud

165 2007 310 2035 Eusebium
331 2011 466 2034 numerat.
482 2006 569 2041 Hujus
591 2007 667 2042 regni
691 2007 714 2034 si
731 2007 838 2034 initium
854 2007 948 2040 explo-

164 2049 224 2069 rare
237 2043 373 2073 volumus,
391 2042 497 2077 eadem,
514 2050 568 2077 qua
586 2041 680 2076 supra,
698 2041 836 2074 metliodu,
855 2042 948 2068 consi-

163 2077 301 2112 derandus
314 2081 355 2104 est
370 2076 441 2104 linis.
466 2076 625 2105 Postremus
648 2077 837 2112 Sicyoniorum
855 2084 948 2110 regum

163 2111 318 2147 Zeuxippus
344 2111 413 2145 fuit;
440 2113 519 2146 cujus
549 2116 610 2146 post
636 2111 738 2147 obitum
763 2112 947 2147 Agamemnon

164 2146 276 2181 regnum
292 2147 356 2174 illud
383 2148 483 2174 invasit
503 2155 511 2174 :
535 2147 572 2174 ita
592 2150 620 2173 ut
635 2146 767 2181 deinceps
786 2154 862 2181 reges
878 2146 946 2181 nulli

165 2182 266 2217 proprii
285 2182 397 2217 fuerint,
423 2182 470 2209 sed
478 2183 641 2217 sacerdotes
654 2189 660 2194 '
678 2180 786 2208 tametsi
801 2180 862 2215 pust
877 2180 946 2208 Zeu-

165 2215 273 2252 iiippum
302 2216 453 2244 Pausanias
478 2215 652 2252 Hippolytum
679 2224 808 2251 regnasse
840 2216 946 2247 scribit,

164 2260 218 2286 quo
238 2252 389 2286 imperante
408 2252 544 2287 Sicyoniis
560 2252 662 2286 potitus
676 2256 727 2287 Vest
748 2252 945 2287 Agamemnon.

164 2285 246 2314 Addit
260 2285 288 2314 et
309 2285 484 2314 Lacestade‘in
509 2285 618 2321 regem;
640 2286 691 2313 sub
705 2294 759 2320 quo
776 2285 790 2313 a
810 2285 946 2313 Doriensi-

164 2322 214 2349 lius
230 2322 349 2357 Sicyonii
370 2322 475 2349 subacti
490 2326 565 2349 sunt.
581 2322 695 2357 Coustat
707 2321 788 2355 igitur
804 2329 947 2357 propemo-

164 2357 226 2384 dum
242 2358 294 2384 sub
308 2356 456 2392 Trojanum
470 2356 816 2392 excidiuuLSicyoniorum
831 2356 946 2383 desiisse

164 2399 288 2427 regnum.
311 2390 429 2427 Tempus
451 2391 578 2423 ἁλώσεως
599 2390 730 2427 Τιοῇηε
751 2399 838 2418 annos
858 2392 945 2427 estin

164 2425 220 2461 per.
240 2426 296 2454 Jul.
313 2425 393 2458 5551i,
419 2427 513 2453 mundi
534 2427 622 2458 2800,
639 2425 701 2461 post
716 2426 848 2453 diluvium
866 2425 944 2452 ll“.

164 2462 254 2495 Quare
279 2469 340 2489 cum
355 2462 540 2496 Agamemnon
560 2470 595 2488 xv
617 2469 703 2488 annos
720 2461 892 2496 regnaverit,
913 2468 947 2488 ex

164 2498 264 2532 quibus
277 2505 294 2524 x
311 2495 437 2531 Trojanaa
450 2497 587 2524 obsidioni
598 2495 761 2531 decerpendi
779 2500 853 2526 sunt.
866 2495 947 2530 quin-

164 2531 215 2567 que
245 2531 341 2567 primis
373 2532 516 2566 Sicyonem
542 2533 716 2566 expugnavit.
741 2532 830 2566 Coepit
854 2534 945 2557 autem

187 2573 359 2602 gamemnon,
385 2570 415 2592 ut
438 2567 533 2602 eodem
558 2574 630 2602 anno
658 2567 774 2602 desiisse
802 2567 945 2602 tingamus,

163 2600 217 2638 quo
228 2601 310 2638 Troja
321 2605 375 2638 _est
389 2601 490 2638 excisa,
507 2609 565 2638 per.
585 2601 640 2638 ,ιυιῖ
657 2601 736 2632 5516,
752 2601 845 2638 mundi
864 2600 945 2632 2786,

181 2642 224 2665 ost
245 2636 377 2664 diluvium
398 2636 478 2663 H50.
502 2636 592 2670 Quare
619 2636 641 2663 si
666 2643 738 2663 anno
761 2636 836 2670 regni
859 2637 947 2670 primo

184 2673 330 2707 euxippum
346 2671 420 2707 vicit,
447 2678 479 2707 ac
495 2671 574 2706 primi
596 2671 636 2707 illi
660 2679 752 2706 regum
769 2671 833 2698 anni
850 2670 946 2697 tenni-

165 2708 219 2735 nati
240 2705 314 2736 sunt,
336 2705 522 2733 alliriiianduin
536 2711 578 2733 est
593 2705 784 2741 Sicyoniorum
803 2706 946 2740 imperium

165 2743 257 2770 iniisse
280 2747 352 2768 anno
372 2746 433 2776 post
457 2741 589 2768 diluvium
611 2740 725 2776 circiter
743 2749 833 2772 cuiv.
865 2740 946 2776 paulo

181 2781 223 2804 ost
239 2775 413 2812 Assyriorum
434 2776 587 2812 exordium.
611 2775 649 2803 Ita
676 2776 774 2804 falsum
791 2777 853 2806 erit,
872 2776 946 2810 quod

218 2812 296 2841 ebius
315 2813 405 2848 operis
421 2812 498 2840 initio
513 2811 638 2846 praeﬁxit,
653 2815 743 2839 ortum
755 2819 815 2840 esse
829 2812 946 2846 patriar-

1005 1514 1093 1541 Tliare
1116 1519 1211 1543 ortus:
1236 1515 1381 1540 Abialianii
1404 1522 1477 1544 vero.
1496 1523 1550 1541 XXI.
1571 1515 1612 1542 Ad
1637 1517 1707 1544 hanc
1727 1518 1793 1545 anni

1004 1554 1070 1586 sunt
1089 1557 1121 1576 ex
1149 1549 1222 1576 LXX
1247 1550 1334 1581 5454,
1350 1557 1446 1583 nempe
1461 1550 1561 1586 additis
1578 1550 1667 1578 Tliare
1682 1556 1792 1586 septua-

1002 1585 1089 1621 ginta,
1105 1592 1171 1621 quot
1181 1589 1240 1612 erat
1254 1589 1345 1614 natus.
1359 1592 1419 1610 cum
1435 1585 1619 1621 Abralianium
1633 1585 1736 1621 genuit.
1750 1588 1791 1615 Ad

1003 1620 1150 1646 Aliralianii
1175 1628 1256 1654 porro
1287 1620 1543 1651 circumcisionein,
1566 1621 1628 1647 anni
1654 1622 1792 1650 ﬂuxerunt

1002 1654 1082 1681 555⁸2.
1111 1655 1192 1689 Atqui
1211 1655 1377 1689 Epiphanius
1401 1655 1434 1681 ali
1449 1655 1514 1681 orbe
1529 1657 1639 1682 condito
1656 1657 1688 1683 ad
1704 1658 1791 1685 Abra-

1003 1690 1075 1726 Iiami
1091 1697 1132 1720 xc,
1144 1698 1200 1724 quo
1213 1689 1434 1716 circumeisionis
1446 1695 1608 1726 praieeptuin
1621 1692 1722 1719 editum
1737 1698 1789 1726 est,

1001 1724 1028 1751 et
1041 1723 1199 1752 Judaismus
1213 1726 1329 1759 occaipit
1344 1745 1351 1757 ,
1367 1725 1475 1752 nonnisi
1491 1725 1560 1752 5452
1576 1734 1663 1753 annos
1678 1723 1791 1755 enume;

1002 1764 1053 1786 rat.
1077 1760 1133 1796 rAut
1157 1760 1240 1794 igitur
1258 1761 1423 1786 πεντακόσια
1448 1767 1496 1794 pro
1521 1761 1684 1796 τετρακόσια
1704 1763 1787 1790 resti-

1002 1795 1132 1822 tuendum
1161 1799 1288 1822 est2aut
1315 1799 1388 1822 certe
1414 1803 1548 1822 summam
1574 1797 1645 1823 illam
1674 1805 1729 1824 non
1756 1799 1790 1826 ad

1000 1828 1088 1857 lsaaci
1104 1831 1219 1857 naialein
1232 1851 1239 1862 ,
1261 1830 1302 1856 vel
1317 1830 1553 1858 circumcisionem
1565 1831 1723 1863 Abrahanii,
1742 1834 1790 1860 sed

1001 1866 1088 1898 ipsius
1103 1870 1194 1892 ortum
1208 1865 1357 1892 Abralianii
1370 1865 1506 1899 perduxit,
1524 1866 1576 1893 hoc
1591 1872 1633 1894 est
1644 1867 1675 1893 ad
1693 1875 1739 1893 XXI
1754 1869 1790 1895 ab

1000 1900 1104 1927 Adanio
1122 1901 1228 1934 γενεάν,
1243 1900 1300 1927 Hoc
1318 1900 1340 1927 si
1355 1900 1390 1926 ita
1409 1907 1462 1932 est,
1477 1904 1533 1926 tum
1548 1901 1575 1927 in
1590 1902 1659 1927 viam
1677 1903 1789 1930 redierit

1001 1934 1181 1972 Epiphanius.
1191 1941 1217 1963 et
1229 1935 1426 1972 xxxiereillos
1440 1943 1530 1972 annos
1544 1937 1704 1968 restituerit,
1716 1945 1786 1972 quos

1000 1978 1015 1997 a
1039 1971 1181 2004 superiore
1206 1970 1432 2007 calculoiabesse
1451 1970 1622 2007 docuimus:
1641 1971 1693 2007 nisi
1714 1970 1789 2007 quod

999 2009 1055 2032 tres
1081 2007 1193 2033 omnino
1217 2007 1281 2033 anni
1312 2006 1518 2038 desiderantur;
1537 2006 1609 2041 quod
1626 2006 1729 2034 nullius
1746 2013 1788 2036 est

999 2042 1140 2066 momenti.

1036 2075 1091 2110 (55)
1112 2075 1280 2110 Σκυθισμὸς
1292 2075 1347 2110 γὰρ
1361 2075 1420 2102 ἀπὸ
1434 2075 1487 2102 τοῦ
1501 2076 1726 2111 κατακλυσμοῦ.
1746 2077 1787 2105 Ad

1000 2109 1116 2146 Seruch.
1134 2109 1231 2145 inquit.
1245 2115 1272 2137 et
1290 2109 1386 2137 turrim
1403 2118 1410 2136 :
1425 2111 1504 2146 quasi
1522 2109 1686 2146 Babylonica
1701 2113 1786 2140 turris

1000 2144 1113 2172 Seruclii
1128 2149 1249 2179 tempore
1260 2146 1295 2172 sit
1308 2144 1458 2174 exstructa.
1474 2145 1551 2178 Quod
1569 2144 1720 2173 secundum
1735 2147 1787 2173 La-

1000 2181 1072 2207 tinos
1097 2181 1206 2207 defendi
1231 2186 1334 2215 poti-st;
1361 2180 1516 2207 Grzeciiruin
1540 2188 1605 2208 vero
1633 2183 1786 2210 rationibus

999 2220 1142 2252 repugnat.
1162 2216 1268 2243 Etenim
1286 2216 1422 2252 Geneseos
1439 2223 1466 2247 ιι,
1487 2215 1532 2247 25,
1563 2215 1652 2252 lleber
1669 2215 1787 2252 Phalch

999 2250 1055 2277 lilio
1079 2259 1177 2277 nomen
1201 2251 1328 2285 imposuit
1350 2251 1383 2277 ab
1407 2255 1503 2277 eventu
1523 2258 1529 2276 :
1555 2250 1632 2283 Quod
1648 2252 1674 2278 in
1695 2250 1786 2279 diebus

998 2285 1055 2319 ejus
1072 2286 1158 2312 divisa
1184 2287 1218 2312 ait
1239 2284 1410 2321 λεπτὼ-1100
1434 2286 1531 2319 partim
1560 2286 1672 2313 lleberis
1697 2287 1784 2321 ipsius

998 2323 1130 2355 tempore.
1155 2321 1235 2354 paulo
1252 2325 1314 2347 ante
1334 2319 1433 2355 Plialeg
1454 2324 1544 2347 ortum
1567 2319 1786 2348 accidisse‘cen-

999 2354 1077 2387 sent;
1096 2356 1194 2390 partim
1218 2355 1269 2382 sub
1284 2355 1394 2389 Pbalcg,
1418 2354 1445 2381 et
1469 2356 1495 2381 in
1513 2354 1603 2382 diebus
1619 2357 1711 2390 ipsius.
1733 2358 1784 2389 Qui

998 2391 1177 2423 posteriorem
1194 2396 1296 2417 sectam
1311 2395 1413 2422 tenent,
1434 2390 1564 2417 Helierein
1579 2391 1673 2417 dicunt
1691 2391 1782 2419 aliialii

998 2426 1158 2461 prophetico
1171 2426 1347 2460 praesensisse
1357 2425 1519 2453 divisionem
1532 2425 1615 2459 illam,
1632 2434 1713 2461 quam
1726 2434 1786 2461 post

997 2460 1108 2495 Phalegi
1122 2464 1211 2495 ortum
1227 2460 1376 2494 quamlibet
1393 2461 1481 2495 longe,
1502 2461 1611 2495 impune
1629 2460 1702 2488 certe
1719 2460 1786 2489 Sub-

999 2494 1118 2532 moveat.
1137 2494 1246 2532 Tertius
1271 2503 1296 2532 a_
1309 2495 1430 2532 Phalego
1445 2494 1554 2532 'Scruch
1571 2500 1628 2528 est;
1646 2497 1694 2532 qui
1713 2504 1786 2525 anno

998 2530 1070 2566 apud
1094 2529 1206 2557 Latinos
1227 2529 1560 2566 :elatisyxxx’Nachprein
1581 2529 1691 2566 genuit,
1722 2539 1786 2559 cum

999 2564 1099 2600 Plialeg
1111 2572 1165 2591 xcn
1191 2569 1292 2600 ageret.
1308 2564 1398 2598 Quare
1412 2566 1463 2600 sub
1476 2564 1599 2593 Seruclio
1613 2564 1697 2594 turris
1716 2567 1785 2594 aedi-

999 2600 1074 2627 ﬁcari
1088 2599 1186 2634 potuit.
1203 2599 1303 2627 Verum
1320 2603 1370 2627 hoc
1384 2599 1456 2627 LXX
1475 2601 1619 2628 Seniorum
1635 2602 1781 2629 ratiocinia

998 2634 1174 2671 nonferunt.
1198 2634 1268 2671 Nam
1292 2636 1326 2662 ab
1343 2639 1406 2662 ortu
1429 2635 1549 2671 Phaleg,
1573 2636 1606 2663 ad
1632 2637 1784 2664 Seruclium

998 2670 1063 2697 anui
1080 2673 1145 2697 sunt
1159 2670 1230 2705 apud
1249 2669 1358 2698 Graecos
1372 2678 1473 2698 CCLXII.
1492 2669 1564 2698 Vixit
1579 2675 1668 2698 aulcm
1685 2671 1785 2706 Plialeg

999 2713 1091 2741 annos
1102 2713 1155 2731 non
1168 2705 1285 2740 amplius
1300 2713 1426 2733 CCXXXIX.
1457 2705 1516 2733 Non
1531 2710 1618 2741 potest
1633 2707 1714 2740 igitur
1733 2705 1785 2734 sub

999 2740 1122 2776 Serncho
1135 2741 1250 2767 excitata
1264 2749 1324 2776 esse
1339 2742 1433 2771 turris,
1454 2741 1476 2767 si
1491 2740 1600 2776 quidem
1619 2742 1680 2768 vivo
1696 2742 1785 2769 adhuc

998 2774 1125 2810 Plialego.
1138 2780 1161 2801 el
1178 2777 1204 2802 in
1222 2775 1313 2802 diebus
1323 2776 1379 2807 eius
1390 2777 1475 2803 divisa
1492 2774 1525 2803 sit
1543 2782 1622 2803 terra.
1641 2777 1701 2804 Ideo
1714 2778 1782 2803 πλα-

998 2810 1088 2842 τυκῶς
1106 2810 1274 2846 Epiphanius
1294 2811 1373 2844 dixit,
1393 2813 1456 2847 ἄχρι
1473 2811 1520 2838 τοῦ
1538 2811 1655 2845 πύργου,
1671 2813 1718 2839 καὶ
1737 2812 1784 2839 τοῦ
