1944 3037
151 87 204 115 195

852 85 880 111 S.
899 84 1068 112 EPIPHANII

1725 87 1776 116 I90

152 142 233 174 sima,
255 148 316 169 cum
342 141 498 169 Judatsmus
516 140 641 168 effloruit.
664 141 731 168 Nam
751 149 767 168 ιι
785 141 887 169 diluvio
899 141 932 168 ad

988 143 1029 169 τοῦ
1038 143 1198 179 Σεροὺχὲως
1208 144 1253 170 τοῦ
1273 144 1407 179 ’Λϐραὰμ.
1423 144 1469 171 καὶ
1481 145 1570 180 δεῦρο.
1585 145 1772 182 Ἑλληνισμός·

153 189 237 215 turris
265 188 472 215 aedificationem
494 194 526 214 ac
546 187 698 214 Seruehum
722 187 879 222 Scythicum
898 187 936 214 vi—

153 234 232 261 vendi
249 235 401 261 institututn
417 233 513 261 tenuit.
526 233 548 260 Α
558 234 680 260 Serueho
691 233 724 260 ad
738 234 935 264 Abrahamum.

153 285 180 307 et
201 280 226 306 in
251 281 320 307 hanc
341 288 428 315 usque
445 279 516 306 diem
535 279 642 314 gentilis
662 279 831 314 superstitio.
854 278 937 305 Porro

153 327 227 354 nulla
246 327 335 354 adhuc
355 327 388 353 ab
404 327 560 353 Abrahamo
579 331 652 353 secta
671 333 820 360 cognomen
840 324 936 359 adepta

155 373 253 400 fuerat.
279 371 331 400 Sed
356 372 375 399 ii
401 372 549 403 duntaxat,
575 372 620 406 qui
647 371 768 405 ejusdem
797 370 936 405 religionis

154 418 334 453 appellatione
351 418 574 448 continebantur,
594 417 774 443 Abrahamitat
790 416 824 442 ab
841 415 935 442 eodem

153 464 307 498 patriarcha
329 463 498 490 dicebantur.
519 461 569 488 llic
586 461 658 488 enim
679 465 741 488 octo
764 460 863 487 liberos
889 459 935 486 ha-

153 510 228 542 buit;
247 518 278 536 ex
297 509 397 544 quibus
418 516 488 535 llnllS
508 507 583 534 Isaac
606 507 692 533 lueres
713 506 851 532 institutus
873 508 934 535 est;

152 555 225 589 quod
255 558 282 582 et
310 553 404 588 pietati
433 552 542 579 deditus
570 552 651 578 vitam
684 559 760 578 suam
787 558 819 578 ex
848 550 935 585 patris

153 600 288 628 sententia
300 600 496 629 moderaretur.
509 603 535 626 et
546 597 676 632 singulari
696 597 740 624 Dei
756 596 935 631 promissione

152 647 239 674 eidem
256 646 353 673 fuisset
367 646 470 680 parenti
485 652 643 671 concessus.
660 643 728 670 Ante
743 650 822 676 quem
835 642 934 669 lsmae-

153 691 204 718 lem
218 699 251 718 ex
267 691 337 726 Agar
349 691 444 717 ancilla
457 694 624 724 susceperat.
640 689 692 715 Sed
708 691 734 715 et
748 688 868 715 Chetura
885 695 932 714 sex

152 737 190 764 illi
203 742 293 771 postea
306 737 406 771 peperit
415 737 448 763 ".
460 735 510 769 Qui
520 743 613 762 omnes
627 743 675 769 per
686 732 933 760 FelicemArabiam

151 783 268 817 dispersi
296 786 376 808 sunt:
394 781 528 808 Zembran
552 779 672 811 scilicet,
697 777 795 810 chan,
819 776 931 807 Jcsboc.

153 830 232 859 Sovc,
263 828 426 858 Entmadcn,
459 831 486 853 et
513 825 629 856 Madian,
659 831 711 851 una
740 831 801 850 cum
829 817 973 864 ancillaeB

153 876 224 903 tilio.
252 881 331 908 quem
354 872 493 900 lsmaelem
520 874 646 897 vocatum
673 876 734 896 esse
765 867 845 902 paulo
873 871 935 893 ante

151 921 281 947 diximus.
295 919 347 946 Sed
358 919 402 945 hic
417 921 570 952 postremus
581 916 686 943 delecto
702 915 729 941 in
742 913 887 941 solitudine
901 913 935 940 ad

152 965 329 992 habitanduttt
355 965 413 990 loco
436 962 539 989 Phares
559 961 697 993 condidit;
717 960 871 994 liberosque
885 966 936 984 mt—

151 1018 226 1038 mero
246 1009 387 1036 duodecim
410 1008 528 1042 suscepit
552 1016 559 1033 :
585 1014 598 1032 a
619 1006 719 1041 quibus
739 1005 935 1040 Agarenornm,

151 1057 208 1083 sive
228 1055 436 1087 lsmaelitarutn,
466 1054 511 1087 qui
539 1053 618 1079 hodie
642 1051 771 1078 Saraceni
797 1050 934 1081 dicuntur,

151 1102 238 1129 tribus
264 1105 417 1135 propagata:
441 1102 515 1125 sunt.
541 1099 575 1124 At
597 1098 691 1124 lsaaco
710 1097 765 1123 duo
790 1096 846 1122 nati
874 1100 936 1122 sunt

150 1146 209 1177 ﬁlii.
231 1146 301 1173 Esau
324 1150 350 1172 et
373 1144 467 1171 Iacob.
490 1143 550 1176 Quo
576 1147 695 1176 tetnpore
720 1149 790 1168 verm
829 1140 937 1175 pietatis

150 1192 344 1226 religionisque
363 1190 512 1218 cultoribus
535 1188 784 1218 Abrahamitarum,
804 1190 831 1213 et
854 1186 936 1213 lsaci-

151 1239 247 1266 darum
268 1245 366 1265 nomen
386 1236 547 1263 attributum
572 1240 622 1262 est.
648 1233 711 1260 Post
733 1233 790 1259 haec
814 1231 884 1258 Esau
909 1231 935 1257 in

151 1284 295 1311 ldumaaam
310 1281 455 1309 discedens
469 1281 529 1315 (est
547 1281 604 1307 hch
624 1279 698 1312 regio
721 1278 936 1305 Chanana‘onnn

151 1329 249 1356 tractui
258 1328 290 1355 ad
300 1327 438 1355 meridietn
448 1331 474 1353 et
482 1327 612 1353 orientem
624 1325 676 1359 ιο
687 1325 811 1355 obversa)
822 1323 848 1349 itt
862 1322 936 1349 Scire

151 1378 242 1402 monte
259 1374 427 1401 domicilium
446 1373 571 1403 collocat,
594 1372 685 1405 ibique
704 1369 832 1404 oppidum
852 1368 935 1395 Edom

151 1420 303 1448 constituit.
328 1419 413 1453 Cujus
436 1418 514 1445 liberi
542 1422 671 1452 perpetua
704 1416 877 1442 successione
909 1414 935 1440 in

152 1466 266 1494 ldumaea
289 1464 421 1493 dominati
447 1468 522 1494 sunt,
549 1463 665 1497 indeque
690 1462 829 1496 principes
851 1460 933 1486 Edom

151 1512 366 1546 appellabantur.
384 1510 422 1536 Ex
436 1517 488 1544 qtta
504 1509 588 1543 stirpe
604 1509 626 1534 si
638 1508 823 1533 Abrahamum
837 1514 851 1533 e
865 1505 935 1532 serie

152 1557 306 1589 sustuleris,
320 1561 346 1582 et
362 1556 395 1582 ab
410 1555 503 1582 Isaaco
514 1554 640 1589 creperis.
657 1553 769 1587 quintus
781 1552 875 1578 ordine
885 1551 936 1578 Job

153 1601 336 1630 numerandus
364 1601 448 1626 venit.
479 1600 583 1626 Etenim
613 1597 722 1624 lsaaens
750 1597 820 1623 Esatt
851 1596 935 1623 filium

152 1648 257 1678 habuit,
275 1647 309 1673 ab
323 1647 374 1673 hoc
388 1645 502 1680 Raguel.
519 1651 534 1670 ιι
549 1644 665 1678 ltagucle
680 1642 746 1668 Zara
763 1642 870 1677 genitus
882 1645 933 1668 est.

152 1693 202 1720 Hic
222 1700 287 1720 vero
307 1691 366 1718 Jobi
384 1695 459 1725 pater
473 1690 587 1719 exstitit.
605 1688 650 1723 qni
670 1696 732 1714 cum
755 1691 833 1714 antea
853 1685 936 1713 Jocab

152 1739 301 1768 diceretur,
311 1737 391 1771 paulo
409 1740 470 1762 ante
489 1734 669 1761 calamitatem
691 1733 762 1758 illam
781 1731 866 1759 Jobus
882 1732 936 1758 alio

153 1784 262 1810 nomine
277 1785 389 1808 vocatus
398 1785 449 1807 est.
471 1779 522 1806 Per
536 1778 602 1805 illud
618 1786 684 1804 .vero
699 1782 806 1812 tempus
819 1778 936 1804 circum-

153 1829 268 1857 eisionis
289 1829 358 1855 ritus
377 1827 527 1853 obtinebat.
544 1825 675 1852 Caeterum
693 1823 776 1850 Jaeob
793 1823 864 1850 Esau
883 1823 922 1850 fra

154 1876 204 1903 tris
220 1875 286 1901 iram
299 1877 433 1903 metuens,
448 1872 480 1899 de
490 1876 631 1906 parentum
647 1871 760 1898 consilio
776 1871 802 1897 in
816 1869 937 1904 Mesopo-

153 1922 263 1948 tamiam
279 1919 388 1946 Phadan
405 1918 536 1953 profugus
557 1917 693 1944 concessit
705 1937 713 1948 ,
725 1917 795 1943 ultra
813 1916 936 1950 Mesopo-

153 1967 242 1994 tamiae
266 1969 369 2001 partem
395 1964 518 1994 alteram.
545 1971 604 1998 qua:
633 1963 739 1990 Susoba
766 1962 934 1994 notttinalur.

189 2034 210 2048 ἰ
225 2032 292 2060 Gen.
306 2040 370 2063 xxv,
387 2031 413 2058 2.

154 2097 270 2131 Σερούχ·
291 2097 352 2130 quia
372 2095 522 2123 secundum
542 2095 626 2122 turris
641 2094 862 2126 aediﬁcationem,
886 2093 935 2121 Sc-

153 2130 230 2158 ruclti
239 2130 413 2166 temporibus
427 2130 578 2156 idololatria
593 2135 714 2166 grassata
723 2134 782 2166 est.

189 2155 433 2194 Animadilcrtcnda
450 2171 477 2191 et
488 2165 538 2191 hoc
549 2155 607 2191 loci;
628 2169 654 2190 et
668 2155 858 2199 alibiisiparsim
869 2171 931 2190 con-
947 2155 970 2183 δ

154 2202 247 2228 stituta
270 2202 339 2236 apud
368 2200 545 2236 I'Zpiphanintn
571 2200 718 2236 religionis,
739 2207 771 2226 ac
793 2204 928 2236 sectarum

154 2234 320 2271 progressio.
342 2236 479 2271 Principio
498 2235 570 2271 enim
588 2235 789 2271 Iiarbaris_ntt_tnt
806 2235 839 2259 ab
854 2234 929 2260 orbis

154 2268 230 2298 initio
243 2271 276 2297 ad
291 2271 422 2297 diluvintn
438 2270 590 2296 deenrrisse
603 2274 687 2303 putat.
711 2268 773 2295 lude
790 2270 822 2294 ad
840 2273 929 2294 ortum

153 2306 266 2333 Seruclti
291 2306 485 2341 Seythistn_nm.
503 2305 525 2341 Α
546 2304 667 2341 Serueho
692 2304 820 2341 deinceps
841 2303 929 2341 Helle-

154 2341 258 2368 nisntus
273 2338 398 2368 obtinuit.
419 2339 487 2366 Tum
510 2339 759 2366 Ahrahatnimorum
785 2340 818 2364 ab
841 2338 929 2364 Abra—

153 2375 234 2402 hatno
250 2380 332 2402 secta.
351 2375 452 2401 Exinde
466 2374 621 2401 Jndaismns
634 2374 669 2400 ab
686 2381 757 2400 anno
769 2373 930 2408 patriarcha:

153 2418 226 2437 xcrx.
254 2411 318 2443 Qua:
333 2411 442 2444 partitio
458 2410 573 2435 maxime
591 2409 626 2436 ob
644 2408 826 2444 Scythismutn
844 2409 930 2434 fauto-

153 2452 210 2472 rem
226 2452 268 2472 ntc
285 2453 338 2471 nott
354 2445 444 2471 habet.
465 2444 556 2478 Neque
570 2445 641 2471 enitn
660 2444 740 2470 fando
757 2451 873 2476 unquam
890 2447 930 2470 est

154 2480 293 2506 auditum:
314 2479 404 2506 Noemi
428 2483 551 2514 posteros
576 2485 638 2505 ante
665 2479 761 2504 turritn
792 2478 930 2514 conditam

155 2515 270 2550 Scythas
294 2512 453 2549 appellatos,
477 2517 524 2540 aut
540 2514 600 2540 aliis
616 2513 742 2550 denique,
760 2520 839 2550 quam
862 2512 930 2550 ξον-

155 2547 217 2576 ιΙιὶξε
239 2547 346 2580 incolis,
370 2553 432 2583 post
456 2550 596 2575 nationum
613 2549 705 2582 utique
719 2548 851 2583 divortia,
864 2547 931 2582 Scy-

154 2585 259 2612 tbarutn
285 2582 445 2612 vocabulum
476 2583 646 2610 attributum.
678 2583 752 2609 Hanc
779 2582 931 2617 Epiphanio

154 2620 326 2654 partitionem
345 2619 449 2654 peperit
463 2623 559 2653 arguta
575 2618 620 2654 illa
638 2617 712 2654 Pauli
730 2617 930 2654 interpretatio,

155 2652 187 2681 ad
201 2654 278 2681 Rom.
288 2664 306 2685 1,
320 2652 365 2681 nlii
376 2653 565 2684 Barbarorntn,
578 2652 750 2687 Scytharum,
763 2652 929 2682 Graecorum.

152 2689 361 2725 Judmorumque
391 2689 419 2715 tit
444 2688 552 2725 mentio.
657 2688 877 2725 quamralienus
896 2687 930 2713 ab

154 2725 297 2786 lEpipiltanii
319 2722 409 2751 incnte
432 2723 468 2750 sit
490 2723 611 2758 Apostoli
629 2723 705 2750 locus
722 2723 778 2754 ille,
804 2730 847 2749 res
872 2722 930 2756 ipsa

163 2767 225 2786 Oﬂlll
241 2768 281 2786 ιη’.

163 2761 281 2794 oqnittzr.

190 2791 245 2828 Z54)
265 2794 405 2829 Σεμϐρὰν,
423 2793 471 2820 καὶ
490 2792 583 2822 Ὶὲζαν.
596 2791 726 2820 Hebraicc
740 2792 846 2825 Jccsan,
861 2791 931 2819 LXX

997 190 1063 216 Ἀπὸ
1091 190 1119 216 δὲ
1151 190 1274 225 ’Λϐραὰμ
1302 190 1377 217 οὔπω
1402 191 1543 226 ἐπώνυμον
1567 189 1601 227 ἦν
1629 193 1770 227 αἱρέσεως,

991 235 1046 261 ἀλλ’
1062 235 1078 271 ἢ
1100 236 1178 270 μόνον
1194 237 1218 262 οἱ
1234 236 1283 270 τῆς
1300 237 1385 270 αὐτῆς
1399 237 1553 269 θεοσεϐείας
1568 237 1685 273 τοῦνομα
1698 239 1773 274 ἔχον-

990 290 1034 312 τες
1052 281 1223 316 Ἄϐραμιαῖοι
1237 282 1345 308 ἀπὸτοῦ
1367 282 1490 317 ’Δΰραὰμ
1503 282 1657 310 ἐκαλοῦντο.
1674 284 1773 316 Παῖδες

989 328 1043 363 γὰρ
1068 327 1155 362 τούτῳ
1180 328 1302 363 ὑπῆρξαν
1329 327 1419 354 ὀκτώ·
1440 328 1533 355 Ἰσαὰκ
1555 328 1583 355 δὲ
1606 329 1773 365 κληρονόμος

991 374 1070 408 μόνος
1085 371 1117 408 ἦν
1128 382 1134 388 ·
1150 373 1216 399 διότι
1233 374 1279 399 καὶ
1294 373 1364 400 κατὰ
1378 373 1490 408 γνώμην
1504 374 1550 400 τοῦ
1569 374 1671 409 πατρὸς
1685 375 1772 403 ὲϐίου.

990 419 1128 455 Θεοσεϐείᾳ
1154 420 1343 455 προσανέχων,
1364 422 1410 448 καὶ
1433 423 1494 448 κατ’
1517 422 1683 456 ἐπαγγελίαν
1703 422 1772 449 Θεοῦ

989 463 1028 498 τῷ
1053 464 1136 498 πατρὶ
1166 463 1323 500 ὲδεδώρητο.
1357 466 1439 500 Ἔσχε
1464 466 1492 492 δὲ
1518 466 1571 501 πρὸ
1600 467 1694 493 τούτου
1725 467 1773 493 τὸν

996 508 1106 544 Ίσμαὴλ
1119 509 1171 535 ὑπὸ
1187 509 1330 544 παιδίσκης
1342 511 1391 545 τῆς
1405 511 1504 546 Ἀγαρ.
1520 511 1657 547 Χεττοῦρα
1669 512 1698 538 δὲ
1710 512 1773 538 τού-

987 563 1026 589 τῳ
1050 554 1136 581 τίκτει
1162 555 1258 587 παῖδας
1278 556 1317 587 ἓξ.
1336 557 1549 592 Διεμερισῡησαν
1574 557 1603 583 δὲ
1627 554 1699 584 οὗτοι
1724 557 1772 583 ἐπὶ

988 601 1036 636 τὴν
1050 601 1200 636 Εὐδαίμονα
1223 602 1350 637 Ἀραϐίαν
1373 603 1542 638 καλουμένην
1554 612 1560 619 ·
1578 603 1704 640 Σεμὸρὰν
1724 605 1773 630 καὶ

994 648 1078 679 Ἰὲζαν
1096 648 1151 683 (5.1)
1165 649 1211 674 καὶ
1233 649 1332 684 Ἰεσϐοὴ
1345 649 1391 675 καὶ
1404 649 1478 675 Σωῦε
1495 650 1542 675 καὶ
1563 650 1707 685 Ἐμμαδὲμ
1722 651 1770 677 καὶ

987 693 1108 728 Μαδιὰμ,
1125 693 1172 719 καὶ
1183 694 1196 719 ὁ
1209 693 1257 728 τῆς
1271 693 1428 727 παιδίσκηςο
1452 693 1564 728 ’Ῑσμαὴλ
1575 693 1618 725 δὲ,
1637 694 1673 725 ὡς
1688 694 1768 729 ἔφην,

987 738 1073 774 τούτῳ
1090 737 1123 774 ἦν
1134 739 1228 774 ὄνομα.
1250 739 1459 774 Καταλαμΰάνει
1476 740 1504 766 δὲ
1518 737 1603 771 οὗτος,
1621 741 1667 766 καὶ
1682 740 1769 772 κτίζει

987 785 1036 819 τὴν
1058 785 1144 819 Φαρὲς
1164 785 1333 820 καλουμένην
1357 786 1386 811 ὲν
1403 786 1435 820 τῇ
1450 785 1554 820 ἐρήμῳ.
1571 785 1662 820 Τούτῳ
1676 785 1769 816 παῖδες

987 829 1104 862 γίνονται
1117 829 1229 856 δεκαδύο
1244 829 1289 856 τὸν
1309 830 1438 865 ἀριθμόν·
1456 830 1486 862 ἐξ
1507 827 1544 856 ὧν
1564 831 1592 857 αἱ
1609 831 1690 865 φυλαὶ
1711 832 1768 866 (53)

986 874 1039 900 τῶν
1068 873 1233 908 ’Λγαρηνῶν,
1251 873 1303 900 τῶν
1326 874 1371 900 καὶ
1391 874 1582 909 Ἰσμαηλιτῶν,
1603 875 1769 911 Σαρακηνῶν

986 919 1060 946 δὲτὰ
1073 919 1120 946 νῦν
1137 919 1321 954 καλουμένων.
1337 919 1421 955 Γεννᾷ
1439 919 1467 946 δὲ
1490 920 1580 947 Ἰσαὰκ
1596 920 1641 947 δύο
1660 921 1767 954 παῖδας,

991 964 1075 990 Ἡσαῦ
1099 972 1128 990 τε
1145 965 1191 990 καὶ
1217 964 1322 990 Ἰακώϐ.
1338 964 1392 990 Καὶ
1409 965 1530 991 ἐκαλεῖτο
1551 965 1612 991 τότε
1634 965 1664 991 τὸ
1690 966 1767 1000 γένος

986 1009 1039 1035 τῶν
1054 1009 1186 1036 Θεοσεϐὦν
1213 1010 1382 1045 Ἄϐραμιαῖοί
1398 1019 1427 1036 τε
1447 1010 1494 1036 καὶ¹
1519 1010 1658 1038 Ἰσαάκιοι.
1680 1013 1769 1047 Διορι-

988 1054 1095 1086 σοέντος
1113 1056 1140 1082 δὲ
1166 1055 1212 1082 τοῦ
1236 1056 1319 1082 Ἡσαῦ
1343 1057 1388 1083 ἐπὶ
1404 1057 1453 1092 τὴν
1480 1057 1631 1092 Ἰδουμαίαν
1648 1057 1716 1093 πρὸς
1732 1058 1766 1092 τῇ

988 1099 1146 1135 μεσημϐρίᾳ
1159 1100 1207 1135 τῆς
1225 1100 1334 1127 Χαναὰν
1349 1102 1478 1136 κειμένης
1494 1101 1584 1136 χώρας
1605 1102 1651 1128 καὶ
1673 1101 1770 1128 ἀνατο-

987 1144 1064 1179 λικῆς
1076 1164 1083 1174 ,
1097 1145 1217 1180 οἰκιστὴς
1232 1145 1334 1178 γίνεται
1352 1145 1398 1172 τοῦ
1417 1146 1498 1181 Σηεὶρ
1516 1146 1612 1181 ὅρους,
1632 1146 1678 1173 καὶ
1692 1147 1770 1174 πόλιν

987 1190 1072 1222 κτίζει
1094 1190 1142 1225 τὴν
1173 1189 1261 1225 Ἐδὼμ
1281 1191 1461 1226 καλουμένην.
1481 1190 1603 1218 Γίνονται
1630 1191 1659 1218 δὲ
1683 1191 1770 1227 τούτῳ

987 1235 1080 1265 παῖδες
1091 1255 1098 1266 ,
1116 1234 1161 1260 καὶ
1181 1234 1390 1270 ἡγεμονεύουσιν
1407 1236 1435 1261 ἐν
1447 1236 1480 1270 τῇ
1501 1235 1637 1270 Ἰδουμαίᾳ
1655 1235 1770 1266 ἕκαστος

987 1280 1056 1306 κατὰ
1077 1280 1217 1314 διαδοχὴν,
1243 1279 1266 1305 οἳ
1293 1280 1339 1306 καὶ
1353 1280 1496 1306 ἐκαλοῦντο
1511 1280 1642 1315 ἡγεμόνες
1669 1279 1767 1314 Ἐόώμ.

992 1325 1037 1356 Ἐξ
1052 1321 1136 1359 οὗπερ
1151 1325 1275 1359 πέμπτος
1290 1325 1345 1359 (56)
1358 1325 1428 1351 κατὰ
1441 1325 1564 1360 διαδοχὴν
1577 1327 1592 1352 ό
1608 1325 1676 1357 Ἰὼϐ,
1688 1325 1770 1357 ὑπεξ-

986 1369 1146 1404 αιρουμένου
1171 1369 1218 1395 τοῦ
1242 1369 1367 1404 Ἀϐραὰμ
1395 1370 1427 1395 ἐκ
1452 1369 1498 1396 τοῦ
1523 1370 1640 1405 ἀριθμοῦ
1662 1370 1768 1400 τούτου.

986 1415 1040 1442 ἀπὸ
1075 1415 1103 1442 δὲ
1133 1415 1222 1442 Ἰσαὰκ
1254 1415 1472 1451 ἀριθμουμένου·
1501 1415 1594 1442 Ἰσαὰκ
1613 1416 1667 1451 γὰρ
1688 1416 1770 1450 γεννᾷ

988 1460 1033 1486 τὸν
1057 1460 1152 1491 Ἡσαῦ,
1178 1460 1262 1486 Ἡσαῦ
1276 1461 1321 1487 τὸν
1340 1461 1488 1496 Ῥαγουὴλ,
1513 1461 1644 1496 Ῥαγουὴλ
1660 1460 1768 1487 τὸνΖα-

988 1507 1036 1541 ρᾶ,
1056 1507 1130 1541 Ζαρᾶ
1144 1506 1189 1532 τὸν
1217 1506 1276 1532 Ἰὼϐ
1288 1526 1294 1537 ,
1324 1507 1388 1541 πρὶν
1408 1507 1456 1542 μὲν
1470 1507 1635 1542 καλούμενον
1662 1506 1769 1538 Ἰωκὰϐ,

987 1552 1078 1587 ἕτερον
1093 1552 1120 1579 δὲ
1137 1552 1269 1587 κληθέντα
1290 1552 1349 1578 ’1ὼῦ
1365 1552 1446 1587 ὀλίγῳ
1464 1553 1579 1587 πρόσθεν
1594 1553 1646 1588 πρὸ
1659 1553 1706 1578 τοῦ
1721 1560 1768 1586 γε-

987 1597 1098 1631 νομένου
1123 1597 1196 1632 αὐτῷ
1213 1597 1375 1633 πειρασμοῦ.
1402 1595 1456 1623 Ἦν
1480 1597 1508 1624 δὲ
1535 1598 1667 1633 περιτομὴ
1693 1597 1769 1624 πολι-

986 1642 1127 1677 τευομένη.
1157 1641 1251 1668 Ἰακὼϐ
1266 1642 1293 1668 δὲ
1309 1642 1501 1677 ἀποδιδράσκει
1526 1643 1580 1669 ἀπὸ
1608 1642 1692 1668 Ἢσαῦ
1721 1643 1768 1669 τοῦ

987 1687 1100 1722 ἀδελφοῦ
1117 1687 1197 1714 αὑτοῦ
1218 1688 1262 1714 διὰ
1283 1688 1362 1723 μῆνιν
1389 1689 1458 1715 κατὰ
1485 1688 1646 1724 συμϐουλίαν
1667 1689 1769 1723 πατρὸς

987 1734 1033 1760 καὶ
1051 1734 1151 1769 μητρὸς
1180 1734 1224 1759 ἐπὶ
1244 1734 1292 1768 τὴν
1310 1734 1520 1767 Μεσοποταμίαν
1541 1734 1628 1760 Φαδᾶν
1647 1734 1702 1767 (57)
1717 1734 1768 1760 ὲπ-

986 1780 1077 1806 έκεινα
1087 1780 1136 1815 τῆς
1151 1780 1358 1814 Μεσοποταμίας
1373 1780 1516 1806 Σουσωῧά·
1535 1779 1564 1811 ὃς
1579 1780 1673 1814 ἄγεται
1696 1780 1768 1806 ἐκεῖ·

987 1825 1032 1851 θεν
1057 1826 1106 1860 τῆς
1135 1825 1202 1857 ἰδίας
1233 1826 1390 1860 συγγενείας
1419 1826 1540 1860 γαμετὰς
1563 1827 1697 1861 τέσσαρας
1722 1826 1768 1853 τὸν

986 1871 1118 1906 ἀριθμόνο
1138 1872 1184 1898 καὶ
1205 1872 1360 1898 κυῖσκουσιν
1385 1872 1458 1906 αὐτῷ
1480 1872 1577 1903 παῖδας
1591 1872 1704 1899 δεκαδύο
1723 1872 1769 1899 τὸν

986 1917 1120 1952 ἀριθμὸν.
1146 1918 1208 1949 τοὺς
1231 1918 1277 1943 καὶ
1296 1918 1464 1953 πατριάρχας
1487 1918 1690 1952 ἑπικληθέντας.
1710 1919 1767 1945 Πα-

986 1962 1171 1998 λινδρομοῢντι
1186 1963 1214 1988 δὲ
1230 1962 1302 1997 αὺτῷ
1319 1963 1366 1989 ἐπὶ
1383 1963 1430 1998 τὴν
1451 1964 1613 1989 Χαναανῐτιν
1631 1963 1683 1998 γῆν
1700 1964 1767 1999 πρὸς

992 2096 1103 2123 Ὶεκτάν.
1129 2096 1190 2122 Mox
1209 2096 1352 2130 Ἐμμαδέμ
1371 2099 1496 2130 corrupte
1511 2095 1583 2129 apud
1598 2093 1698 2129 Epiph.
1717 2103 1766 2130 pro

985 2131 1087 2161 Μαδάν,
1107 2131 1174 2157 LXX
1189 2132 1292 2157 Μαδάλ.

1021 2167 1076 2200 (55)
1096 2167 1145 2197 Ἐξ
1161 2163 1204 2192 ὧν
1217 2168 1245 2192 αἱ
1257 2165 1360 2199 φυλαί.
1376 2165 1412 2192 De
1432 2165 1643 2193 Sarracenorum
1657 2165 1764 2199 φυλαῖς,

983 2206 1008 2229 et
1033 2201 1179 2241 φυλάρχοις
1201 2201 1328 2235 frequens
1352 2201 1423 2235 apud
1447 2200 1626 2234 Procopium,
1643 2202 1766 2235 aliosque

983 2241 1093 2264 mentio.

1018 2272 1074 2306 (56)
1097 2271 1146 2302 Ἐξ
1162 2268 1253 2304 οὗπερ
1276 2271 1417 2304 πέμπτος.
1438 2269 1474 2297 De
1488 2269 1547 2306 Jobi
1561 2271 1651 2306 stirpe
1666 2274 1693 2296 et
1708 2270 1766 2296 ori-

983 2307 1044 2339 gine
1059 2314 1111 2332 noti
1128 2305 1220 2333 eadem
1238 2306 1288 2331 fuit
1304 2306 1476 2339 antiquorum
1493 2305 1594 2339 opinio.
1616 2305 1668 2332 Sed
1683 2313 1764 2339 quain

984 2341 1151 2375 Epiphanius
1175 2342 1314 2374 sequitur.
1337 2348 1368 2367 ea
1391 2340 1566 2369 communis,
1595 2341 1767 2374 maximeque

983 2377 1132 2411 probabilis
1154 2379 1214 2402 cst:
1230 2375 1280 2401 Job
1305 2375 1516 2411 enntdemresse
1531 2382 1592 2411 eum
1609 2375 1713 2411 Job:_t_b_.
1733 2375 1767 2411 de

984 2408 1037 2445 quo
1059 2410 1157 2438 Genes.
1182 2418 1279 2439 xxxvi,
1302 2411 1346 2438 55,
1371 2409 1447 2442 Quod
1465 2410 1492 2435 in
1506 2410 1626 2445 editione
1641 2409 1711 2436 LXX
1732 2408 1764 2445 ad

984 2442 1085 2472 calcent
1109 2445 1167 2471 libri
1190 2444 1240 2470 Joh
1257 2445 1416 2471 adnotatum
1432 2449 1488 2476 est,
1506 2444 1576 2470 ὥστε
1595 2442 1665 2471 εἶναι
1682 2443 1765 2470 αὑτὸν

984 2481 1107 2515 πέμπτον
1124 2480 1177 2506 ἀπὸ
1195 2480 1329 2514 Ἀϐραάμ,
1345 2480 1457 2506 excluso
1471 2479 1577 2515 sellicet
1592 2480 1764 2509 Abrahamo;

985 2514 1028 2542 ut'
1045 2515 1211 2549 Epiphanius
1238 2515 1444 2549 interpretatur.
1470 2514 1507 2541 De
1537 2522 1591 2548 quo
1613 2515 1675 2541 vide
1701 2521 1764 2540 cuttt

985 2551 1069 2582 alios,
1091 2555 1147 2576 tum
1168 2550 1309 2575 Saliannm
1326 2555 1465 2580 nostrum,
1484 2549 1529 2583 qui
1546 2549 1578 2576 dc
1592 2549 1652 2576 Jobi
1677 2549 1765 2575 histo-

984 2586 1036 2613 ria.
1051 2589 1081 2611 ttt
1096 2590 1120 2611 et
1137 2585 1169 2611 de
1187 2585 1304 2620 caeteris,
1317 2585 1453 2620 luculente
1468 2584 1765 2620 eruditequeiscripsu.

1020 2620 1074 2654 (ὖῖ)
1094 2619 1155 2645 Ἐπὶ
1168 2619 1225 2652 τὴν
1241 2619 1469 2653 Μεσοποταμίαν
1487 2618 1596 2646 Φαδιῖν.
1613 2618 1766 2653 Mesopbta-

984 2657 1039 2681 mia
1061 2660 1124 2684 ms
1141 2658 1187 2688 ΠΒ
1205 2653 1299 2680 Pudrm
1316 2655 1399 2680 Aram
1417 2654 1568 2688 appellatur
1596 2654 1695 2681 Genes.
1713 2660 1766 2679 xxv

984 2694 1011 2717 et
1037 2688 1211 2717 xxvut.'5ed
1237 2697 1297 2723 qua:
1320 2690 1356 2716 sit
1380 2690 1465 2716 altera
1491 2689 1685 2723 Mesopotamia
1714 2688 1766 2714 Stt-

985 2725 1062 2765 soba.
1077 2724 1197 2752 nondum
1214 2725 1353 2759 comperi,
1368 2733 1416 2752 nec
1435 2724 1490 2752 ulla
1503 2725 1562 2758 ejus
1580 2724 1700 2751 nominis
1716 2730 1766 2750 oc-

985 2764 1080 2787 Clll‘l‘ll.
