1944 3037
149 96 201 124 I99

146 153 275 185 ﬂorebat;
291 150 371 187 cujus
386 150 414 177 Io
430 149 496 181 ﬁlia,
512 147 605 175 Atthis
615 155 683 174 anas
691 146 882 179 dicta,Atticaa
898 155 943 175 re-
958 153 982 180 Α

147 199 219 235 gioni
237 199 272 226 de
291 205 342 225 suo
361 203 459 223 nomen
478 194 619 230 imposuit.
641 193 678 219 Ex
699 193 795 220 eadem
816 198 898 221 natus
918 197 946 221 et

147 245 316 280 Bosphoros.
334 242 379 270 cui
403 240 576 276 cognominis
602 240 668 266 urbs
691 239 719 266 in
745 238 852 266 Euxino
875 239 945 266 mari

147 291 246 326 posita.
265 288 318 317 Sed
340 287 461 323 IEgyptii
484 286 539 314 Isin
561 286 636 312 illam
658 290 830 319 nuncupant,
847 293 879 311 ac
895 293 945 319 pro

146 336 198 364 dea
217 338 394 363 venerantur.
417 332 508 359 Inachi
526 339 610 367 porro
625 338 724 358 nomen
746 331 827 357 etiam
847 331 945 358 Iluvius

145 382 256 418 qttidam
273 380 386 408 sortitus
397 382 449 406 est.
463 377 599 405 Cmterunt
615 377 691 404 illinc
707 376 863 404 Graeci-um
884 385 945 412 my.

146 429 230 456 steria
242 427 444 462 religionesque
457 424 586 452 derivatae
594 429 668 455 sunt,
681 432 742 458 qua:
761 423 833 458 apttd
860 422 945 458 {Egy-

147 474 229 509 ptios,
251 473 383 508 Phryges,
401 471 546 498 Phamices
564 474 591 497 et
612 469 776 505 Babylonios
801 470 871 496 male
894 478 944 495 an-

146 521 227 547 tehac
251 519 406 554 excogitata
436 524 484 552 per
507 515 652 546 Cadmum.
679 520 706 543 et
730 515 871 547 Inachum,
896 515 944 550 qui

147 567 225 601 prius
247 565 314 600 Apis
343 564 445 594 dictus,
460 562 603 597 Memphin
627 562 722 589 urbem
750 562 884 593 condidit,
910 570 943 589 ex

147 611 266 647 Aigypto
283 610 415 637 translata
435 613 499 636 sunt
514 609 541 635 in
553 608 699 636 Graeciam.
719 607 792 641 Quin
809 609 891 635 etiam
909 608 944 635 ab

145 657 255 692 Orpheo
270 656 387 690 aliisque
406 655 547 682 nouttullis
568 654 676 682 invecta
697 655 787 682 varias
807 655 835 681 in
855 660 944 682 sectas

146 703 275 730 (caluere
303 701 475 737 postmodum
506 710 512 728 :
540 708 657 735 quarunt
688 699 845 736 Epicurus,
871 700 944 727 Zeno

148 749 269 780 Stoicus,
286 748 454 784 Pythagoras
471 754 504 774 ac
519 747 607 777 Plato,
624 746 708 774 duces
718 750 800 782 atque
818 747 943 774 invento-

147 804 191 823 res
219 795 339 823 fuerunt.
366 795 451 830 Igitur
478 793 512 820 ab
541 794 588 820 illo
616 798 739 828 tempore
764 794 941 820 corroborata

146 842 275 877 deinceps
290 841 336 868 illa
353 840 513 876 superstitio
533 840 567 867 ad
586 840 730 875 imperium
749 848 836 875 usqtte
853 839 942 867 Mace-

147 889 286 920 donicum,
299 892 325 914 et
338 886 456 914 Xerxem
469 886 614 914 Persarum
631 886 798 921 principem,
813 890 874 920 post
889 886 944 920 pri—

147 942 222 962 tuttm
239 933 493 967 Hierosolymorum
509 931 657 958 excidium.
670 930 791 966 Itemque
804 931 837 957 ad
849 930 942 958 Nabu-

147 980 346 1008 chodonosoris
365 986 452 1013 usque
472 978 670 1013 captivitatem,
685 977 810 1012 adeoque
827 977 901 1004 Darii
915 983 943 1005 et

147 1026 294 1054 Alexandri
309 1024 466 1052 Macedonis
481 1029 615 1058 tempora.
629 1023 698 1050 Tum
713 1024 785 1050 enim
803 1023 878 1050 Plato
893 1023 942 1051 Ilo-

147 1073 234 1103 rebat,
248 1078 280 1098 ac
295 1071 342 1106 qui
359 1071 499 1098 Platonctn
513 1074 594 1097 aetate
609 1069 750 1104 prmcessit
762 1069 940 1104 Pythagoras,

147 1122 174 1146 et
193 1118 239 1153 qui
259 1121 320 1152 post
339 1124 400 1144 eum
422 1116 487 1143 vixit
510 1115 656 1150 Epicurus.
677 1114 717 1140 Ex
737 1114 793 1145 illa,
815 1115 853 1140 uti
873 1115 940 1147 dixi,

147 1164 293 1192 occasione
312 1162 469 1189 Graecorum
495 1161 662 1188 monimenta
690 1165 838 1195 propagata
867 1165 939 1187 stitit.

147 1208 216 1236 Tum
234 1216 295 1244 qua:
307 1208 459 1236 secundum
476 1207 541 1234 illttd
554 1212 660 1242 tempus
675 1207 818 1234 celebratae
833 1206 942 1234 fuerunt

147 1255 375 1291 philosophorum
387 1259 479 1286 scctze,
496 1262 534 1281 ea:
550 1253 659 1280 tametsi
675 1260 768 1280 secum
784 1253 898 1280 invicem
915 1255 941 1280 iii

960 826 980 853 Β

148 1341 338 1377 migrationem
349 1340 431 1367 annis
449 1340 534 1377 ferme
547 1346 661 1377 cc_ext.vl
677 1339 821 1377 exstitisse
833 1340 938 1377 docuit.

148 1374 240 1409 Quare
255 1376 431 1403 vehementer
454 1376 549 1406 miror,
575 1375 769 1409 Epiphanium,
794 1375 839 1408 qui
858 1374 942 1401 Euse-

148 1412 222 1439 bium
238 1412 265 1438 in
283 1411 422 1442 omnibus,
442 1419 503 1446 qua:
520 1410 553 1436 ad
584 1414 735 1446 temporum
754 1412 802 1436 rati
817 1419 884 1436 .ni-m
901 1416 941 1436 :tt-

149 1447 248 1476 tinent.
275 1450 406 1481 perpetuo
430 1454 448 1472 s'
460 1447 563 1480 quitur,
591 1446 639 1475 ibi,
662 1445 706 1472 tibi
733 1445 843 1471 minime
860 1454 942 1479 opor-

148 1483 212 1514 tuit,
226 1482 260 1509 ab
273 1480 332 1517 ejus
345 1482 508 1508 auctoritate
532 1481 691 1517 descivisse,
706 1487 738 1517 ac
752 1480 847 1507 l'alsani
867 1485 938 1505 ινῐιι-

149 1525 210 1544 runt
225 1515 381 1552 opinionem
398 1517 505 1543 veritati
522 1516 683 1552 przctulisse.
702 1515 790 1549 Atqtte
805 1520 833 1541 ιιι
846 1523 938 1552 rerum

148 1550 286 1579 Inachi—et
309 1553 472 1586 Argivorum
494 1551 569 1585 regni
587 1551 694 1577 initium
711 1555 835 1580 eruatur,
857 1550 939 1584 huius

149 1592 272 1615 extrema
296 1585 417 1621 tempora
433 1586 630 1621 pet-scrutanda
647 1591 722 1616 sunt,
740 1590 822 1619 atque
837 1585 864 1621 in
885 1590 940 1612 ter-

149 1623 225 1649 mino
241 1623 332 1657 aliquo
347 1620 505 1657 deligendus
520 1626 562 1647 est
586 1621 698 1657 gradus,
722 1623 795 1657 unde
811 1620 844 1646 ad
862 1625 940 1648 ante-

149 1658 223 1684 riora
240 1655 366 1693 pro'gredi
383 1658 471 1683 liceat.
485 1657 550 1683 Duae
560 1656 632 1693 apud
646 1655 793 1693 Eusebium
809 1656 940 1690 dyna-tiie

151 1693 178 1719 in
196 1691 319 1726 eju'sdeiu
335 1693 531 1727 propemodum
548 1691 816 1727 reattiistteccssionc
832 1699 939 1724 pontiu-

150 1732 196 1754 tur
220 1736 226 1752 :
248 1728 409 1763 Argivorum
428 1734 486 1763 una,
502 1734 594 1763 regum
605 1747 611 1757 ,
628 1726 825 1763 llchettcut‘tttn
837 1726 938 1763 altera.

150 1761 314 1798 Argivorum
327 1770 421 1798 regum
435 1762 521 1790 series
534 1762 568 1789 ab
582 1762 682 1788 Inaclto
698 1765 787 1798 erepta
811 1761 940 1798 adAAcri-

151 1796 223 1826 siuiu
244 1806 332 1832 usque
355 1796 485 1832 perducta
509 1803 568 1829 est;
593 1804 747 1832 quanquam
767 1796 858 1822 Inachi
877 1797 940 1823 stir-

151 1841 224 1874 pem,
245 1841 278 1860 ac
288 1831 421 1860 Iamiliatn
437 1831 593 1874 Sthenelus
610 1832 714 1874 clau‘dit
729 1839 802 1874 :‘qno
821 1837 938 1874 mortuo,

151 1865 180 1908 in
201 1868 323 1908 I)an_atitn
338 1868 511 1908 peregrinuttt
523 1890 531 1901 ,
545 1873 632 1908 “atque
647 1865 805 1908 [Egyptiutn
825 1867 872 1908 jtg‘s
898 1872 941 1894 est.

151 1904 186 1931 ab
200 1904 309 1939 Argivis
337 1901 443 1938 itttperii
467 1901 650 1939 translatum.‘
666 1901 798 1939 Deinceps
814 1909 828 1928 a
849 1901 940 1929 Danao

151 1941 186 1966 ad
202 1936 339 1966 Acrisium
358 1936 507 1973 propagata
531 1937 671 1966 successio
693 1941 748 1973 est.
763 1936 855 1973 rQuem
877 1945 939 1973 cuni

151 1974 269 2002 Perseus
286 1972 372 2008 nepos
393 1972 671 2008 pet-imprudentiam
691 1972 849 2003 occidisset,
883 1972 941 2007 My-

151 2017 234 2037 cenas
250 2015 310 2037 s'ese
325 2009 450 2039 contulit,
473 2010 517 2036 ubi
533 2008 574 2036 vel
590 2009 624 2035 ab
642 2008 711 2042 ipso,
728 2008 770 2034 vel
785 2008 819 2034 ab
831 2008 891 2042 ejus
908 2010 940 2034 Ii-

152 2045 188 2071 lio
205 2044 333 2072 Sthenelo
358 2045 547 2071 continttatttm
570 2047 612 2071 est
635 2043 796 2077 Argivorum
815 2050 937 2078 regnum,

152 2084 179 2107 et
196 2079 360 2115 Myeenmuut
379 2079 552 2115 appellatum.
573 2078 692 2115 Ultimus
705 2079 938 2115 reguntistorunt,

151 2113 231 2149 cujus
246 2116 356 2150 quidem
375 2113 508 2142 rationent
522 2114 656 2150 Eusebius
672 2113 779 2144 habeat,
798 2113 940 2147 Agamem-

151 2158 207 2177 non
226 2149 277 2177 fuit
291 2160 297 2176 :
314 2158 369 2185 quo
384 2151 546 2185 interempto
562 2149 760 2185 Mycenaeorum
777 2157 889 2184 regnum
911 2151 938 2175 in

152 2185 272 2213 secundo
297 2185 427 2213 Chronico
442 2184 602 2212 terminatur
615 2192 687 2210 anno
701 2184 807 2215 eodem,
825 2193 879 2218 qtto
892 2192 938 2211 ex-

151 2221 253 2247 cidium
271 2220 419 2255 Trojatiunt
437 2221 546 2247 accidit.
563 2219 630 2246 Vtile
653 2219 817 2246 Pausaniam
845 2219 939 2246 Corin-

153 2255 255 2283 tht'acis.
285 2256 344 2282 Jani
372 2256 545 2291 Argivorum,
572 2255 825 2290 Mycenaeorumque
844 2262 938 2291 regum

152 2292 302 2322 successio.
326 2290 446 2326 annique
469 2291 569 2325 quibus
598 2292 782 2326 imperarunt,
804 2290 938 2326 vat-tetih

152 2325 269 2353 Eusebio
279 2324 425 2353 traduntur
439 2328 464 2352 III
478 2324 595 2361 iitroque
606 2325 743 2361 Chronig,
753 2325 798 2351 lib.
816 2324 937 2361 xx.l\lant

153 2361 180 2388 in
193 2363 354 2396 posteriore,
370 2364 403 2388 ab
416 2362 528 2388 exordio
545 2359 634 2388 Inachi
650 2361 683 2387 ad
701 2359 846 2396 Trojanaut
868 2359 937 2386 ἄλω-

152 2395 211 2427 σιν,
227 2397 289 2423 anni
303 2401 480 2423 numerantur
491 2396 552 2429 675;
567 2398 593 2423 in
611 2396 694 2430 priori
709 2396 770 2422 655.
782 2395 937 2422 Secundum

152 2433 313 2467 posterioris
329 2433 391 2467 libri
415 2433 569 2464 ratiocinia,
591 2439 671 2466 quem
690 2432 827 2466 prtecipue
844 2431 937 2465 sequi-

151 2474 230 2499 mur,
250 2474 311 2493 cum
328 2466 477 2501 Trojanutn
496 2467 631 2494 excidium
648 2471 784 2501 congruat
801 2473 873 2492 anno
891 2474 938 2500 pe-

151 2502 223 2529 riodi
243 2501 297 2529 Jul.
315 2502 393 2533 5550,
419 2502 513 2528 mutuli
537 2502 621 2535 2800,
646 2502 764 2528 Inachus
785 2508 856 2527 anno
875 2505 938 2528 ante

151 2537 225 2565 hunc
238 2537 438 2564 sexcentesimo
452 2539 651 2572 septuagesimo
666 2542 775 2572 quarto,
791 2536 874 2570 coepit
888 2544 920 2571 pe
930 2552 937 2556 -

151 2573 221 2600 riodi
235 2572 288 2600 Jul.
305 2572 386 2604 2856,
409 2573 502 2599 mundi
525 2573 613 2604 2126,
638 2578 700 2607 post
723 2572 854 2599 diluvium
874 2572 937 2603 471,

150 2613 213 2643 post
224 2608 371 2635 Abrahatni
388 2611 479 2634 ortum
492 2608 552 2634 I79.
570 2608 698 2643 Cumque
716 2607 845 2633 Israelita:
865 2614 937 2634 anno

151 2642 208 2678 per.
229 2642 282 2670 Jul.
305 2643 385 2676 5185,
405 2643 496 2670 ttiutidi
522 2643 592 2669 2.555
605 2651 638 2670 ex
669 2642 785 2677 lEgypto
804 2642 938 2677 migrave-

151 2681 216 2712 rittt,
229 2679 320 2706 Inachi
338 2679 519 2714 primordium
536 2678 637 2714 Moysis
653 2680 837 2712 principatum
855 2682 935 2704 ante-

149 2715 222 2741 cedit
238 2716 318 2742 annis
336 2716 392 2742 t'ere
407 2714 469 2741 5‘25.
483 2713 600 2740 Tantum
613 2720 734 2740 vetermtt
750 2713 935 2745 Scriptorum,

149 2749 336 2810 ethpippanii
353 2749 532 2785 Claronologia
553 2756 570 2775 a
586 2749 656 2776 veris
671 2753 824 2782 temporum
849 2748 935 2775 ratio-

150 2792 175 2810 III
197 2793 229 2810 IIS
245 2794 258 2810 :I
279 2789 361 2810 tll‘l‘tll.

150 2785 229 2812 uibus
245 2786 361 2812 aberrat.

183 2819 240 2846 (ιιι
260 2819 301 2847 οὗ
319 2820 449 2855 θυγάτηρ
467 2819 517 2847 Ἰώ.
541 2818 605 2847 Ilaec
617 2826 649 2846 eis
666 2818 774 2847 Eusebii
796 2817 934 2846 Chronicis

855 92 884 116 δ.
905 90 1078 118 EPII’IIANII

1737 91 1800 118 200

996 149 1109 184 Ἕλλησι
1124 148 1322 184 γνωριζόμενος
1334 167 1340 179 ,
1357 145 1387 175 οὗ
1408 148 1533 184 Θυγάτηρ
1558 147 1601 175 Ἰὼ
1617 148 1688 180 (Ml.
1712 151 1728 184 ἡ
1744 151 1798 176 καὶ

1004 195 1093 226 Ἀτθὶς
1112 194 1284 229 καλουμένη,
1301 194 1335 220 δι’
1351 195 1384 230 ἢν
1403 194 1450 221 καὶ
1463 196 1480 229 ἡ
1503 195 1612 230 Ἀττική
1629 205 1634 209 -
1653 195 1683 227 ἐξ
1697 193 1730 230 ἦς
1744 198 1798 222 καὶ

996 241 1010 267 ὁ
1026 241 1161 276 Βόσπορος
1173 260 1180 272 ,
1192 237 1222 266 οὗ
1240 241 1383 275 ἐπώνυμος
1399 240 1475 272 πόλις
1489 241 1627 276 Βόσπορος
1643 242 1671 267 ὲν
1683 242 1721 277 τῷ
1741 243 1797 268 Εὐ-

997 285 1077 322 ξείνῳ
1090 287 1180 322 πόντῳ
1192 286 1358 321 καλουμένη.
1372 286 1493 313 Καλοῦσι
1509 287 1536 313 δὲ
1548 287 1632 322 αὐτὴν
1647 288 1796 321 Αἰγύπτιοι

996 330 1065 358 Ἶσιν
1078 352 1084 363 ,
1101 332 1134 367 ἣν
1154 333 1200 359 καὶ
1214 332 1251 364 ὡς
1272 332 1337 359 θεὰν
1356 332 1565 367 προσκυνοῦσιν.
1587 332 1746 368 Ὀμώνυμος
1761 333 1795 360 δὲ

996 378 1082 413 τούτῳ
1099 379 1146 405 καὶ
1165 379 1285 414 ποταμός
1303 379 1375 405 ἐστιν
1399 379 1505 414 Ἴναχος
1524 379 1596 405 οὓτω
1612 379 1793 414 καλούμενος.

1003 425 1121 452 Ἐκεῖθεν
1144 425 1172 452 δὲ
1187 425 1274 460 ἀρχὴν
1297 425 1360 460 ἔσχε
1377 425 1411 451 τὰ
1428 425 1492 461 παρ’
1515 423 1627 460 Ἕλλησι
1652 426 1795 461 μυστήριά

995 479 1025 497 τε
1048 472 1095 498 καὶ
1111 471 1233 503 τελεταὶ,
1250 471 1384 506 πρότερον
1407 471 1470 506 παρ’
1482 471 1642 505 Αἰγυπτίοις
1655 471 1701 497 καὶ
1715 470 1795 506 παρὰ

995 517 1078 552 Φρυξὶ
1096 518 1142 543 καὶ
1158 517 1260 550 Φοίνιξι
1281 517 1328 543 καὶ
1347 517 1527 548 Βαϐυλωνίοις
1544 517 1637 548 κακῶς
1651 517 1795 553 ἐπινενοη-

997 563 1081 598 μένα,
1103 563 1301 599 μετενεχθέντα
1324 571 1354 589 τε
1373 564 1413 595 εἰς
1431 563 1565 598 ’Έλληνας
1585 563 1638 589 ἀπὸ
1661 563 1710 598 τῆς
1734 563 1794 589 τῶν

995 609 1150 644 Αἰγυπτίων
1165 609 1257 646 χώρας
1273 610 1325 636 ὑπὸ
1342 610 1454 645 Κάδμου
1465 630 1472 641 ,
1491 610 1537 636 καὶ
1553 609 1636 637 αὑτοῦ
1651 610 1697 636 τοῦ
1721 609 1792 636 Ἰνά-

995 664 1041 690 xeo
1054 675 1062 687 ,
1079 655 1191 686 Ἀπιδος
1209 655 1264 690 (42)
1287 655 1420 691 πρότερον
1439 654 1584 689 κληθέντος
1595 674 1601 686 ,
1623 655 1670 681 καὶ
1684 655 1790 681 οἰκοδο-

997 701 1133 736 μήσαντος
1148 701 1197 736 τὴν
1211 701 1322 736 Μέμφιν
1332 709 1339 716 ⁸
1355 701 1423 727 ἀλλὰ
1442 701 1488 727 καὶ
1502 701 1566 737 παρ’
1588 701 1725 736 Ὀρφέως,
1741 701 1792 727 καὶ

994 747 1081 774 ἄλλων
1100 747 1180 773 τινῶν
1196 747 1244 782 τὴν
1261 747 1348 782 ἀρχὴν
1374 746 1491 773 λαϐόντα
1506 767 1513 778 ,
1534 747 1581 773 καὶ
1603 748 1644 778 είς
1667 747 1791 782 αἱρέσεις

995 793 1162 820 συσταθέντα
1176 793 1232 828 (45)
1246 793 1359 828 ὕστερον
1370 794 1398 819 ὲν
1416 794 1569 829 Ἐπικούρῳ
1577 793 1735 829 κα¹ιΖήνωνι
1748 793 1790 829 τῷ

994 840 1106 875 Στωϊκῷ
1118 861 1125 872 ,
1140 840 1187 866 καὶ
1201 839 1360 876 Πυθαγόρᾳ,
1378 840 1425 866 καὶ
1440 840 1574 873 Πλάτωνι,
1595 840 1624 872 ἐξ
1638 838 1723 876 οὗπερ
1736 840 1790 876 ἦρε

994 885 1073 917 ξαντο
1097 885 1192 920 χρόνου
1224 885 1407 921 κρατυνθῆναι
1431 885 1483 916 ἕως
1512 885 1565 911 τῶν
1592 884 1790 911 Μακεδονικῶν

994 932 1096 967 χρόνων
1109 931 1164 967 (44)
1174 953 1181 963 ,
1201 932 1248 958 καὶ
1262 931 1362 968 Ξέρξου
1377 931 1424 957 τοῦ
1442 931 1573 967 βασιλέως
1588 931 1641 958 τῶν
1661 931 1788 967 Περσῶν,

996 979 1064 1013 μετὰ
1078 979 1127 1014 τὴν
1139 976 1239 1005 ἅλωσιν
1257 979 1312 1005 τῶν
1336 979 1529 1014 Ἰεροσολύμων
1546 979 1576 1005 τὸ
1592 979 1701 1014 πρῶτον
1714 999 1721 1010 ,
1739 979 1788 1005 καὶ

993 1026 1238 1060 Ναϐουχοδονόσωρ
1253 1025 1458 1061 αἰχμαλωσίας,
1472 1026 1519 1053 καὶ
1532 1027 1656 1062 Δαρείου,
1673 1026 1720 1052 καὶ
1730 1026 1788 1053 τῶν

993 1071 1053 1097 κατ’
1074 1070 1247 1106 Ἀλέξανδρον
1262 1071 1307 1097 τὸν
1322 1071 1465 1097 Μακεδόνα
1477 1071 1591 1106 χρόνων.
1605 1071 1718 1098 Πλάτων
1731 1071 1789 1106 γὰρ

994 1117 1054 1143 κατ’
1069 1118 1171 1143 ἐκεῖνον
1188 1117 1233 1143 τὸν
1251 1116 1346 1152 καιρὸν
1362 1117 1417 1151 μδ)
1434 1117 1612 1152 ὲγνωρίζετο,
1631 1117 1677 1143 καὶ
1692 1117 1717 1143 οἱ
1733 1117 1788 1153 πρὸ

993 1161 1076 1188 αὐτοῦ
1090 1183 1097 1193 ,
1118 1162 1279 1197 Πυθαγόρας
1295 1171 1324 1187 τε
1344 1163 1392 1188 καὶ
1416 1162 1577 1197 Ἐπίκουρος
1596 1163 1610 1188 ὁ
1627 1162 1784 1196 μετέπειτα.

994 1207 1077 1235 Ὅθεν
1097 1209 1128 1243 δὴ
1141 1229 1147 1239 ,
1161 1209 1199 1240 ὠς
1217 1210 1364 1244 προεῐπῡν,
1386 1209 1435 1243 τὴν
1451 1208 1585 1242 arroganti
1606 1208 1700 1243 εἴληφε
1714 1229 1721 1240 ,
1737 1208 1788 1235 καὶ

993 1255 1033 1286 εἱς
1047 1254 1214 1280 κατάστασιν
1232 1251 1298 1288 ἦλθε
1313 1254 1347 1280 τὰ
1364 1255 1429 1290 παρ’
1442 1254 1555 1290 Ἕλλησι
1569 1254 1786 1290 συγγράμματα,

992 1344 1157 1378 interpolata
1174 1348 1248 1371 sunt.
1268 1344 1405 1372 Eusebius
1423 1345 1456 1371 ad
1477 1352 1578 1371 anntnn
1592 1344 1644 1370 160
1659 1343 1717 1371 haec
1734 1352 1786 1372 no-

993 1384 1032 1405 tat
1048 1389 1054 1406 :
1075 1379 1167 1405 hinc/ti
1196 1380 1252 1411 lilia
1275 1380 1316 1411 lo,
1330 1388 1409 1414 quant
1428 1380 1550 1414 IEgyplii
1566 1384 1666 1406 mutato
1681 1380 1786 1406 nomine

993 1414 1092 1441 Isidem
1110 1415 1209 1441 colunt.
1225 1416 1245 1440 Α
1261 1421 1335 1446 putre
1351 1415 1451 1441 lucc/to
1468 1415 1583 1442 Inachus
1600 1415 1696 1449 ﬂuvius
1714 1415 1786 1448 apud

993 1450 1088 1482 Argos.
1111 1451 1130 1476 Α
1148 1451 1205 1478 lilia
1221 1449 1285 1476 Ioue
1306 1450 1440 1484 Bosporus
1460 1457 1638 1485 mmcupalur.
1657 1451 1693 1477 At
1711 1457 1786 1476 anno

994 1486 1055 1517 481,
1072 1485 1115 1517 Io,
1142 1486 1239 1520 inquit,
1260 1485 1317 1512 Iasi
1333 1487 1398 1519 filia:
1416 1486 1522 1520 Jupiter
1543 1486 1635 1511 mistus
1651 1490 1689 1512 est
1703 1492 1713 1511 ἔ
1730 1493 1785 1520 qua

993 1521 1019 1547 in
1032 1521 1131 1549 bovem.
1144 1527 1170 1547 tu
1186 1522 1297 1552 dicitur,
1310 1529 1395 1551 rei-sa,
1414 1520 1548 1554 Bosporus
1570 1521 1716 1555 appellatus
1732 1526 1785 1552 est;

992 1561 1015 1582 et
1037 1555 1180 1582 secundum
1205 1556 1344 1583 nminullos
1365 1557 1393 1582 in
1422 1555 1708 1591 Aigyptuntprofecla,
1731 1555 1784 1583 Isis

992 1596 1153 1625 nuncupata.
1176 1591 1204 1617 Iit
1235 1591 1353 1623 Graecis.
1377 1599 1437 1626 quae
1456 1601 1487 1619 ex
1505 1591 1622 1626 Georgio
1649 1591 1784 1618 monacho

993 1625 1114 1660 Scaliger
1129 1627 1323 1658 concinnavit,
1341 1625 1391 1661 pro
1407 1627 1480 1660 Iasi,
1499 1627 1631 1661 scriptum
1653 1632 1694 1654 est
1715 1627 1784 1653 Ἰνά-

1009 1671 1050 1687 ου.
1073 1662 1165 1695 Itaque
1183 1662 1252 1688 duas
1274 1662 1397 1696 ejusdem
1421 1663 1540 1689 nominis
1555 1666 1669 1696 apparet
1687 1662 1784 1689 fuisse.

1015 1705 1030 1724 e
1055 1697 1146 1731 priore
1170 1697 1291 1731 loqttilur
1312 1698 1489 1732 Epiphanius.
1515 1696 1568 1724 Sed
1600 1698 1650 1724 ltoc
1675 1697 1709 1724 de
1734 1705 1784 1724 stto

992 1740 1134 1767 perperam
1160 1733 1278 1766 adjecit;
1295 1735 1420 1759 eamdem
1437 1733 1576 1760 Atthidetn
1592 1733 1760 1759 nominatam
1774 1740 1782 1765 ;

992 1776 1054 1794 nam
1071 1767 1205 1794 Eusebius
1221 1776 1294 1794 anno
1313 1768 1360 1793 :‘ill
1381 1768 1482 1795 Cranai
1504 1768 1616 1794 secundi
1632 1767 1782 1795 Athenien-

992 1803 1063 1829 sium
1080 1804 1152 1837 regis
1165 1804 1248 1829 tiliam
1265 1803 1405 1830 Atthideut
1421 1803 1562 1830 exstitisse
1576 1804 1684 1834 scribit,
1698 1811 1712 1829 a
1729 1811 1782 1836 qua

991 1838 1082 1864 Attica
1104 1846 1254 1873 cognomen
1271 1838 1401 1869 obtinuit,
1423 1846 1484 1865 cum
1501 1838 1635 1865 hactenus
1651 1841 1718 1865 Acta
1734 1846 1782 1865 vo-

991 1878 1110 1900 caretur.

1028 1909 1084 1942 (4'2)
1104 1908 1159 1936 Καὶ
1178 1908 1271 1935 αὑτοῦ
1292 1908 1346 1935 τοῦ
1367 1908 1480 1942 Ἰνάχου
1495 1929 1501 1941 ,
1518 1907 1647 1940 Ἄπιδος.
1669 1907 1782 1934 Multum

991 1943 1149 1978 discrepant
1165 1943 1282 1971 Inachus
1295 1948 1321 1970 et
1337 1944 1419 1978 Apis;
1435 1952 1498 1970 uani
1514 1943 1557 1970 ltic
1577 1943 1612 1970 ab
1627 1944 1673 1970 illo
1687 1944 1781 1970 tertius

991 1983 1034 2006 est
1060 1979 1086 2005 III
1104 1979 1266 2013 Argivorum
1290 1988 1382 2013 rt'glltll
1407 1980 1488 2006 serie.
1509 1979 1599 2012 Quare
1616 1978 1780 2013 imprudenti

992 2014 1045 2041 hoc
1058 2014 1209 2050 Epiphanio
1227 2015 1339 2041 excidit.

1028 2050 1082 2084 (45)
1106 2048 1160 2077 Καὶ
1184 2051 1228 2083 εἰς
1249 2049 1379 2083 αἱρέσεις
1404 2048 1606 2076 συσταθέντα.
1635 2048 1703 2082 Quis
1729 2048 1780 2076 hoc

991 2089 1092 2120 praeter
1108 2085 1290 2120 Epiphaniam
1305 2085 1385 2115 dixit,
1401 2087 1531 2119 mysteria
1547 2085 1592 2111 illa
1610 2093 1670 2119 qua:
1684 2085 1718 2111 ab
1730 2084 1779 2111 0r-

991 2120 1081 2155 pheo.
1100 2121 1261 2155 caatcriSqtte
1278 2121 1400 2147 Athenas
1418 2120 1562 2154 importata
1582 2120 1708 2151 fuerant,
1724 2120 1775 2154 phi-

992 2156 1169 2190 losophorum
1190 2160 1279 2182 sectas
1299 2164 1331 2181 ae
1348 2156 1475 2190 doginaLa
1495 2156 1680 2190 propagasse?
1701 2155 1780 2181 Plane

992 2191 1045 2217 hoc.
1059 2191 1225 2218 inauditum.
1240 2199 1272 2217 ac
1287 2192 1385 2217 mit-um
1402 2198 1408 2215 :
1425 2198 1523 2223 neque,
1543 2195 1571 2216 ut
1591 2191 1662 2225 qttod
1679 2198 1723 2217 res
1738 2194 1780 2218 est

992 2225 1092 2257 fatear,
1114 2226 1232 2260 speciem
1249 2226 1331 2252 ullam
1350 2226 1548 2260 probabilitatis
1566 2226 1696 2253 continet.

1026 2261 1082 2296 (44)
1104 2262 1178 2294 Ἕως
1205 2261 1264 2288 τῶν
1286 2260 1496 2288 Μακεδονικῶν
1523 2261 1648 2295 χρόνων.
1674 2261 1780 2294 Susque

991 2297 1079 2332 deque
1105 2297 1219 2329 miscet,
1250 2304 1282 2323 ac
1304 2296 1447 2331 perturbat
1470 2298 1578 2332 omnia;
1601 2305 1657 2324 non
1689 2296 1779 2322 minus

989 2331 1144 2367 temporum
1169 2340 1250 2366 quam
1273 2332 1414 2362 veritatis.
1441 2336 1474 2367 et,
1494 2331 1616 2359 historize
1649 2339 1778 2363 securus;

990 2366 1054 2394 naui
1069 2367 1244 2394 Macedonica
1261 2372 1399 2402 tempora,
1419 2366 1520 2400 quibus
1537 2367 1681 2402 imperium
1707 2367 1778 2393 istud

989 2402 1092 2435 ﬂoruit,
1110 2412 1124 2429 a
1140 2402 1237 2430 Xcrms
1250 2406 1330 2429 aetate
1347 2403 1461 2429 nimium
1478 2402 1592 2435 distant,
1619 2403 1706 2429 multo
1721 2409 1779 2428 tita-

989 2438 1030 2472 gis
1047 2446 1062 2464 a
1085 2437 1365 2465 Nabuchodmtosore.
1385 2436 1417 2462 Et
1433 2441 1524 2464 tameit
1541 2437 1574 2464 ad
1594 2437 1639 2464 illa
1655 2441 1778 2471 tempora

989 2476 1125 2508 sectarum
1151 2475 1287 2508 principes
1312 2472 1490 2508 philosophos
1517 2473 1658 2500 exstitisse
1687 2473 1775 2499 docet.

989 2507 1052 2534 HIEC
1070 2513 1134 2535 stitit
1152 2507 1361 2535 iucxtticabilia.

1024 2543 1081 2578 (Η)
1107 2543 1234 2570 Πλάτων
1266 2545 1321 2578 γὰρ
1351 2545 1413 2570 κατ’
1440 2543 1558 2571 ἐκεῖνον
1582 2542 1642 2578 τὸν
1663 2541 1775 2578 temper.

989 2576 1076 2611 Toto,
1096 2579 1203 2613 inquit,
1226 2576 1274 2605 ilio
1289 2576 1377 2613 spatio
1395 2579 1482 2607 Plato.
1506 2584 1534 2606 et
1555 2582 1618 2605 ante
1638 2577 1710 2604 ltuttc
1728 2577 1777 2613 Py:

989 2612 1173 2649 tbagoras,’ac
1186 2619 1246 2648 post
1259 2612 1333 2640 illum
1348 2615 1481 2649 Epicurus
1491 2614 1614 2649 emersit.
1630 2612 1776 2642 Xerxisnc,

988 2656 1019 2675 ae
1031 2648 1293 2676 Nabucliodonosort
1310 2649 1498 2684 temporibus?
1515 2648 1591 2676 Ultus
1604 2656 1637 2684 ex
1650 2649 1694 2684 iis,
1709 2655 1777 2682 quos

988 2683 1343 2720 recensuit__Epiphanius,
1367 2683 1584 2720 antiquissimus
1610 2683 1777 2720 Pythagoras

988 2719 1034 2746 diu
1051 2723 1112 2754 post
1128 2718 1448 2750 Nabuchodonosorutn,‘
1460 2725 1523 2748 ante
1542 2719 1649 2747 Xerxen
1670 2719 1776 2748 ﬂoruit,

987 2753 1085 2792 nempe
1107 2755 1262 2792 olyntpiade
1282 2763 1333 2788 ex,
1351 2762 1381 2783 ut
1405 2756 1540 2792 Diogenes
1559 2758 1689 2789 testatur,
1707 2753 1778 2789 Cyro

987 2789 1078 2818 adhuc
1094 2791 1251 2826 superstite.
