1944 3037
183 158 235 186 "205
891 155 920 183 S.
940 153 1113 183 EPIPHANII
1761 154 1816 182 εοιι

183 217 263 248 ratio,
279 216 446 251 minimeque
469 215 587 244 eohmret
610 215 669 251 ipsa
688 221 794 247 secum,
813 221 874 241 eum
897 217 926 240 ιιι
943 221 950 241 ‹

1045 211 1185 248 )μολογείς
1208 211 1258 247 μὲν
1276 211 1331 247 γάρ
1351 219 1411 238 τινα
1433 208 1504 238 εἶναι
1524 212 1704 248 δημιουργὸν,
1720 211 1750 239 δν
1767 213 1812 239 καὶ

182 264 308 298 opiﬁcem
336 263 482 298 quemdam
507 262 629 289 omnium
655 269 746 289 rerum
772 268 834 288 esse
859 259 949 287 fateart

1044 258 1232 294 αντοκράτορα
1245 258 1298 294 φής
1307 266 1314 273 ο
1325 259 1419 286 τοῦτον
1432 258 1460 284 δὲ
1472 257 1592 294 μερίζεις
1604 259 1644 289 εἰς
1658 258 1811 286 πολυθεῒαν.

182 317 264 345 quem
278 309 359 336 etiam
379 309 594 344 omnipotentem
616 307 728 338 asseris,
744 311 771 334 et
786 306 813 332 in
832 312 864 332 eo
882 309 949 332 tame

1049 303 1103 334 ίνος
1118 302 1141 328 δ’
1156 302 1190 329 ἂν
1215 302 1258 338 εἴη
1277 302 1459 337 δημιουργὸς,
1482 303 1490 318 ¹
1516 302 1533 337 ἢ
1552 302 1702 339 σύγχρονος
1726 303 1768 339 εἴη
1795 304 1813 339 ή

182 357 244 392 ipso
260 355 435 383 divinitatum
455 354 573 381 divortia
587 353 750 381 constituas.
762 351 949 387 13Cujusna|

1044 348 1091 383 λη;
1108 348 1205 374 Ἔσται
1228 347 1284 383 γὰρ
1303 347 1363 374 καθ’
1388 347 1486 383 ἑαυτὴν
1509 347 1610 382 ἑαυτῆς
1634 347 1811 380 δεσπόζουσα,

183 391 247 430 vero
258 402 355 429 artifex
370 401 422 428 erit
435 400 490 433 ille,
505 400 529 427 si
541 399 654 434 aequalis
666 404 788 434 tempore
803 397 915 424 materia
928 404 950 431 pi

1055 393 1092 428 μὴ
1106 393 1161 420 ἀπὸ
1172 392 1259 419 αἰτίου
1275 392 1347 424 τινὸς
1363 391 1481 418 λαϐοῦσα
1494 391 1543 427 τὴν
1557 392 1646 427 ἀρχὴν
1662 412 1670 423 ,
1695 392 1743 418 καὶ
1762 392 1814 427 οὺχ

182 448 275 476 nitur?
287 447 344 474 Erit
361 448 432 474 enim
448 453 495 481 per
509 453 570 473 sese
586 445 685 473 suimet
702 445 762 479 ipsa
779 444 862 478 juris,
877 447 949 477 utpol

1046 439 1240 474 ποτασσομένη.
1265 439 1297 464 El
1324 438 1353 464 δὲ
1378 438 1391 464 ὁ
1416 437 1581 473 δημιουργὸς
1611 437 1685 472 παρὰ
1711 437 1813 473 ταύτης

183 502 244 530 quae
260 501 275 520 a
291 493 365 520 nullo
377 493 414 520 sit
428 492 544 527 originis
558 492 694 527 principio
706 489 833 520 deducta,
850 489 950 523 adeoqu

1046 485 1155 520 ιμὸάνει
1171 483 1306 520 προϐολὴν
1323 483 1425 519 ταύτην
1441 483 1600 519 εὑράμενος,
1620 483 1747 519 ἀδράνειά
1770 492 1813 514 τις

183 529 306 574 subjecta
324 539 435 566 nemini.
452 537 528 570 Quod
546 538 569 565 si
586 538 622 565 ab
635 545 677 569 ea,
695 535 845 572 producere
865 540 895 562 ut
910 542 950 569 po:

1046 540 1056 558 ν
1080 530 1123 566 εῐη
1147 531 1194 557 καὶ
1208 531 1303 566 ἔρανος
1322 531 1354 556 δι’
1370 530 1486 565 ἀπορίαν
1507 529 1546 564 τῷ
1566 530 1813 565 προσ-πορισαμένῳ

183 591 234 617 set,
248 585 340 620 opifex
353 585 399 620 qui
417 592 476 612 eam
492 589 589 612 nactus
613 588 656 611 est
678 582 824 617 acceperit,
839 581 950 608 nonuull

1045 578 1073 604 'nc
1085 576 1139 603 ἀπὸ
1157 576 1211 603 τῶν
1231 576 1313 606 ἰδίων,
1330 575 1388 602 ἀλλ’
1407 575 1436 608 ἐξ
1452 574 1639 609 ὑποκειμένων
1653 574 1812 610 ἀλλοτρίων,

183 631 241 658 haec
257 619 318 658 esse
342 619 421 658 debet
441 630 516 657 illius
538 629 722 660 imbecillitas,
741 635 772 654 ac
792 628 865 654 velut
882 634 949 661 egen

1046 630 1096 652 τως
1115 621 1146 647 τὸ
1169 621 1233 647 ἴδιον
1250 621 1432 655 ὑποστήσεται
1452 619 1657 654 δημιούργημα.
1678 620 1732 645 Καὶ
1748 620 1813 655 περὶ

184 677 254 703 facta
269 676 437 703 eontributio
452 685 459 703 :
478 675 609 702 nimirum
622 674 666 709 qui
682 682 736 700 non
752 673 865 708 privatis
879 680 911 699 ex
925 680 951 699 cc

1046 669 1068 696 δῦ
1085 669 1140 695 τῶν
1160 668 1252 703 ψυχῶν
1273 667 1460 703 μεταγγισμοῦ
1483 667 1566 702 πολλή
1588 676 1630 698 τις
1645 668 1660 702 ή
1676 667 1813 703 φαυλότης

183 722 245 756 piis,
264 721 310 748 sed
327 729 361 748 ex
373 721 462 748 aliena
484 720 598 747 materia
620 727 699 746 suum
718 724 785 753 opus
800 718 946 754 prmstitcri

1045 715 1071 750 ῆς
1085 713 1351 749 παραπεποιημένης
1365 722 1412 739 σου
1432 712 1550 744 διανοίας
1564 732 1570 744 ,
1589 713 1746 747 ὲθελόσοφε,
1764 722 1812 740 και

181 766 240 793 .lani
257 767 323 794 illud
341 766 374 794 de
390 766 543 793 animarum
558 766 585 792 in
605 765 692 792 aliena
712 771 828 799 corpora
841 763 948 790 transitt

1044 760 1122 787 νῶσιν
1155 759 1308 794 ἀνθρώποις
1333 759 1550 794 ἐπαγγελλόμενε
1568 760 1574 785 !
1593 759 1624 785 El
1645 759 1698 794 γὰρ
1728 761 1811 795 μέρος

182 817 311 848 quantam
335 813 361 839 in
388 816 414 839 te
434 812 570 840 levitatem
585 812 739 846 depravata:
753 811 853 837 mentis
871 810 946 844 argui

1045 807 1089 833 εοῦ
1103 805 1221 842 ὑπάρχει
1241 805 1288 832 καὶ
1315 805 1464 837 ἀθάνατος,
1483 805 1597 840 σώματα
1612 805 1641 831 δὲ
1667 805 1764 840 οἰκτρὰ
1779 805 1810 830 οὺ

181 859 229 893 qui
252 863 279 885 et
301 858 442 893 sapientiae
459 858 575 893 gloriam
598 857 719 889 all‘ectas,
736 861 761 884 et
784 864 875 883 rerum
899 863 948 890 apu

1045 853 1104 878 όνον
1117 851 1222 886 εἴποιμι
1240 850 1331 886 θηρῶν
1345 859 1375 877 τε
1396 850 1442 877 καὶ
1456 851 1579 886 ἑρπετῶν
1599 851 1647 877 καὶ
1668 850 1811 877 κνωδάλων

183 905 306 932 homines
323 904 465 932 scientiam
480 904 633 939 profiteris!
656 903 723 930 Nam
743 903 765 930 si
778 910 840 937 pars
863 906 904 928 est
924 902 950 927 ill

1044 897 1157 930 δσγενῶν
1175 898 1208 932 τῇ
1227 896 1324 923 πλάσει
1347 896 1430 932 αὐτῆς
1449 895 1608 928 συνάπτεις,
1621 898 1654 931 τῇ
1672 896 1725 922 ἀπὸ
1742 896 1811 923 Θεοῦ

181 948 240 980 Dei,
256 954 283 976 et
297 949 406 983 quidem
417 948 597 981 immortalis;
615 952 644 974 tu
657 954 721 975 vero
734 947 767 974 ad
781 946 948 974 infelicissin.

1043 943 1094 969 ατὰ
1103 943 1132 979 σὲ
1140 942 1189 977 τὴν
1200 942 1294 968 οὐσίαν
1309 950 1393 978 κεκτη
1399 942 1465 978 μένῃ
1478 949 1484 956 ·
1499 942 1547 968 καὶ
1555 942 1580 968 τί
1589 941 1622 969 ἂν
1632 942 1736 976 γένοιτο
1749 942 1810 968 τού-

181 995 275 1022 nescio
292 1002 352 1029 qua:
366 1001 481 1029 corpora
497 1001 553 1021 non
568 993 686 1020 ferarum
701 993 793 1026 modo,
807 993 853 1020 sed
868 996 895 1019 et
910 999 948 1019 sci

535 1002 553 1021 n
568 993 686 1020 ferarum
701 993 793 1026 modo,
807 993 853 1020 sed
868 996 895 1019 et
910 999 968 1019 scr-
1023 997 1070 1015 του
1089 987 1301 1023 μοχθηρότερονς

181 1045 304 1076 pentum,
317 1047 348 1067 ac
365 1040 562 1067 vilissimorum
581 1038 770 1069 animantium,
805 1037 987 1064 conditionem
1008 1033 1081 1061 illius
1104 1032 1230 1065 dimittis,
1249 1039 1309 1067 quae
1334 1035 1471 1065 naturam,
1500 1036 1526 1060 te
1548 1032 1657 1068 quidem
1686 1036 1810 1065 auctore,

182 1088 308 1114 haustam
324 1095 339 1114 ιι
354 1086 410 1114 Deo
426 1090 453 1113 et
470 1093 629 1120 expressam
643 1086 773 1118 obtinuit;
790 1089 879 1120 potest
892 1083 1039 1120 quidquam
1055 1089 1086 1108 ea
1102 1088 1131 1108 re
1148 1088 1208 1108 eSse
1223 1080 1398 1115 perversius?

217 1132 259 1158 111.
278 1131 314 1158 At
331 1131 413 1158 etiam
428 1130 523 1158 Fatum
541 1131 621 1158 nobis
637 1131 744 1166 objicis,
766 1139 781 1157 ιι
802 1139 856 1165 (μιο
875 1130 968 1157 omnia

1056 1127 1094 1156 1".
1110 1126 1287 1162 Εἱμαρμένην
1299 1125 1328 1152 δὲ
1342 1125 1531 1161 παρεισάγεις,
1543 1125 1581 1157 ὼς
1598 1125 1626 1158 ἐξ
1640 1126 1725 1161 αὐτῆς
1737 1126 1808 1160 γίντ·

181 1177 403 1212 proﬁciscantur,
421 1184 482 1211 quae
497 1181 551 1204 tam
570 1177 688 1209 homini,
704 1184 785 1211 quam
801 1177 907 1204 cmteris
923 1184 948 1204 re

1043 1173 1081 1200 ὶαι
1102 1172 1137 1199 τὰ
1153 1172 1192 1207 τῷ
1212 1170 1347 1206 ἀνθρώπῳ
1370 1170 1552 1206 συμϐαίνοντα
1574 1171 1622 1198 καὶ
1644 1171 1744 1203 ἄλλοις.
1765 1172 1810 1205 Ἐξ

182 1224 234 1251 bus
247 1223 385 1249 accidunt.
403 1222 502 1249 Verum
523 1230 590 1254 uno,
614 1230 702 1257 eoque
715 1223 879 1250 brevissimo
895 1222 949 1249 dict

1042 1220 1078 1251 σὸς
1094 1219 1121 1245 δὲ
1136 1218 1218 1254 ῥητοῦ
1230 1217 1263 1244 δι’
1275 1217 1408 1252 ἐπιτομῆς
1420 1216 1468 1243 τοῦ
1484 1217 1574 1251 λόγου,
1589 1218 1809 1254 ἀνατραπήσεται

181 1274 257 1296 ιυυιιι
281 1269 347 1296 illud
368 1271 552 1296 commentum
571 1273 724 1296 evaneseet.
749 1268 779 1295 Si
802 1268 875 1295 enim
895 1269 948 1296 istu

1049 1266 1081 1301 σὴ
1100 1264 1255 1300 μυθοποιία.
1277 1263 1309 1290 Εἰ
1330 1263 1385 1298 γὰρ
1404 1263 1575 1299 εἱμαρμένης
1591 1264 1621 1290 τὸ
1640 1264 1808 1298 σοφίζεσθαι,

181 1316 290 1350 ipsum;
319 1315 481 1350 sapientem,
501 1321 533 1341 ac
560 1315 722 1349 prudentem
753 1314 832 1348 ﬁeri;
855 1315 948 1342 rationi

1040 1313 1048 1337 5
1062 1309 1255 1343 συνετὶζεσθαι,
1266 1309 1296 1336 τὸ
1308 1309 1416 1343 λογικὸν
1435 1309 1580 1343 γεννᾶσθαι
1591 1310 1637 1335 καὶ
1649 1309 1754 1343 ἄλογον,
1763 1311 1807 1336 καὶ

180 1361 342 1396 participem
364 1364 560 1395 expertemque
583 1361 670 1393 nasci,
701 1361 863 1396 reliquaque
885 1361 947 1395 lluju

1041 1357 1053 1383 ἅ
1067 1356 1134 1383 ἄλλα
1151 1356 1250 1387 πάντα,
1264 1355 1465 1381 παυσάσθωσαν
1485 1355 1576 1389 νόμοι·
1599 1355 1743 1390 ἐπικρατεῖ
1755 1355 1808 1390 γὰρ

182 1407 290 1441 generis
311 1407 358 1433 lati
381 1406 535 1434 necessitas
559 1405 655 1438 adert;
681 1406 779 1434 sileant
803 1407 913 1434 decreta
935 1407 949 1433 lt

1050 1401 1204 1438 εἱμαρμένη
1224 1401 1324 1436 μοιχῶν
1339 1408 1369 1426 τε
1389 1400 1435 1426 καὶ
1451 1400 1548 1426 ἄλλων.
1566 1401 1649 1436 Δίκην
1667 1400 1695 1427 δὲ
1709 1401 1809 1435 μᾶλλον

180 1461 243 1487 gini
260 1453 351 1479 omnia
371 1452 494 1487 :quippe
518 1460 579 1479 cum
600 1452 627 1479 in
648 1452 787 1480 adulteros
807 1453 947 1480 scelerato:

1041 1448 1138 1474 ἷσουσιν
1161 1447 1185 1473 οἱ
1215 1446 1338 1481 ἀνάγκην
1363 1446 1529 1477 ἐπιτιθέντες
1562 1447 1676 1482 ἀστέρες
1703 1447 1774 1483 ἥπερ
1795 1448 1808 1474 ὁ

180 1507 234 1533 que
254 1502 369 1525 caeteros
386 1495 433 1524 lati
448 1497 489 1525 vis
515 1497 560 1523 illa
585 1497 750 1524 dominetur.
772 1497 844 1525 Sane
858 1498 947 1532 quidet

1040 1493 1239 1528 ναγκαζόμενος
1267 1492 1365 1528 δρᾶσαι
1389 1492 1419 1518 τὸ
1444 1492 1620 1528 ἐπιχείρημα.
1656 1493 1736 1519 Ἀλλὰ
1763 1494 1807 1519 καὶ

179 1544 279 1578 iustius
293 1543 327 1570 ab
344 1543 442 1574 stellis,
464 1550 524 1577 qua:
536 1542 728 1570 necessitatem
743 1543 864 1578 pariunt.
881 1551 946 1578 pum

1040 1539 1107 1571 λλως
1121 1539 1161 1565 ἔτι
1176 1539 1238 1574 περὶ
1254 1538 1355 1564 τούτων
1373 1538 1437 1575 ἐρῶ.
1464 1538 1646 1574 Ἀργείτωσαν
1661 1539 1689 1564 αἱ
1706 1539 1807 1574 διατρι-

181 1592 352 1623 repetantur,
370 1595 452 1622 quam
471 1587 505 1614 ab
519 1595 552 1614 eo
569 1588 615 1622 qui
635 1588 708 1623 quod
725 1588 780 1623 agit
794 1589 906 1615 omnino
921 1595 948 1615 cc

1040 1586 1077 1616 αἰ,
1089 1584 1287 1611 παυσάσθωσαν
1300 1583 1424 1619 σοφισταί
1433 1593 1463 1611 τε
1473 1585 1519 1610 καὶ
1535 1585 1649 1620 ῥήτορες
1660 1585 1707 1611 καὶ
1719 1593 1807 1620 γραμ-

181 1639 259 1662 actus
269 1634 437 1669 aggreditur.
448 1634 534 1668 Atque
545 1638 575 1661 ut
585 1634 611 1661 id
624 1635 677 1661 alia
690 1635 796 1661 ratione
806 1634 943 1669 disputem

1040 1633 1140 1664 ατικοὶ,
1162 1632 1248 1669 ἰατροί
1260 1641 1290 1658 τε
1301 1632 1347 1659 καὶ
1358 1631 1436 1659 ἄλλαι
1451 1631 1610 1667 ἐπιστῆμαι,
1625 1631 1766 1666 βαναύσων
1779 1640 1807 1658 τε

180 1680 204 1707 si
219 1679 257 1706 ita
276 1680 314 1705 uti
330 1679 424 1706 volunt
441 1687 471 1706 se
486 1687 530 1707 res
545 1679 643 1712 habet;
658 1679 773 1714 agedum
788 1680 889 1708 scholae
901 1688 947 1707 con

1040 1679 1120 1714 εχνῶν
1134 1679 1280 1714 ἀμυθήτων
1305 1678 1416 1713 πλῆθος.
1441 1678 1496 1704 Καὶ
1516 1677 1616 1712 μηκέτι
1637 1677 1730 1713 μηδεὶς
1744 1686 1807 1703 παι-

181 1725 315 1753 ticescant
331 1735 337 1752 :
352 1726 480 1754 desinant
503 1726 645 1760 sophistae,
669 1727 804 1760 rhetores,
831 1734 948 1762 gramina

1041 1726 1130 1757 ευέτω,
1147 1725 1226 1761 εἰπερ
1241 1725 1271 1757 ἐξ
1291 1724 1462 1760 εἱμαρμένης
1478 1723 1606 1759 τυγχάνει
1626 1723 1679 1750 τῶν
1695 1724 1808 1760 ἐπιστη-

180 1772 239 1804 tici,
254 1772 360 1804 medici,
379 1777 538 1808 caeteraaque
563 1772 695 1800 doctrinm
719 1781 826 1805 omnes,
852 1773 947 1800 illiher:

1043 1772 1090 1805 ὦν,
1106 1772 1153 1799 καὶ
1169 1772 1206 1807 μὴ
1235 1772 1268 1797 ἐκ
1292 1771 1464 1805 γραμμάτων
1485 1770 1628 1805 μαθήσεως
1648 1770 1662 1796 ὸ
1676 1770 1808 1805 πορισμὸς

180 1818 247 1845 lium
258 1818 358 1845 artium
370 1818 514 1845 innumera
530 1819 687 1846 multitudo.
705 1819 760 1846 Nec
776 1820 874 1847 doceat
889 1820 947 1847 dein

1040 1820 1054 1854 ᾗ
1070 1817 1227 1853 ἀνθρωπεία
1241 1817 1331 1852 φύσει.
1349 1818 1381 1843 Εἰ
1398 1816 1453 1852 γὰρ
1476 1816 1631 1852 εἱμαρμένη
1647 1816 1693 1843 τὸν
1707 1825 1807 1842 πεπαι-

179 1871 245 1899 ceps
270 1864 428 1899 quispiam;
456 1864 479 1892 si
511 1865 622 1900 quidem
643 1865 702 1893 Fati
732 1865 881 1899 beneﬁcio,
911 1874 946 1894 no

1041 1864 1149 1900 ιυμένον
1169 1864 1216 1890 καὶ
1237 1863 1400 1897 λογιώτατον
1424 1862 1625 1898 παρεσκεύασε,
1646 1862 1683 1897 μὴ
1705 1862 1808 1897 μανθα-

180 1909 333 1936 litterarum
349 1909 505 1944 disciplina,
523 1910 616 1946 generi
631 1911 752 1938 ltumano
772 1911 887 1939 scientia
900 1919 947 1946 sup

1040 1910 1089 1937 ἐτω
1100 1919 1141 1942 τις
1156 1909 1232 1946 παρὰ
1247 1908 1295 1936 τοῦ
1309 1909 1478 1940 διδάσκοντος
1487 1918 1493 1924 ·
1507 1909 1575 1936 ἀλλὰ
1588 1909 1620 1944 τῇ
1636 1908 1714 1943 φύσει
1738 1908 1807 1942 λαμ-

180 1956 292 1990 peditat.
310 1954 376 1981 Nam
393 1955 417 1982 si
431 1955 528 1983 doctos
548 1961 629 1991 atque
644 1957 768 1984 eruditos
782 1956 887 1985 edicere
906 1958 943 1985 Fa

1040 1956 1176 1983 ανέτωσαν
1196 1955 1245 1991 τὴν
1266 1955 1367 1991 εἴδησιν
1391 1956 1419 1981 αῑ
1446 1955 1509 1987 τοὺς
1539 1955 1633 1990 μίτους
1657 1955 1807 1981 κλώθουοαι

180 2001 333 2029 necessitas
349 2006 448 2036 poteSt,
463 2003 543 2029 nemo
560 2003 719 2037 praeceptori
738 2007 818 2031 navet
832 2012 943 2038 operam

1039 2002 1131 2037 [οῐραι,
1145 2000 1215 2028 κατὰ
1231 2000 1262 2027 τὸ
1275 2000 1384 2035 φθέγμα
1396 2000 1446 2035 τῆς
1467 1999 1628 2035 κομπώδους
1650 2007 1695 2025 σου
1707 1999 1750 2025 διὰ
1763 1999 1806 2025 λό-

180 2047 228 2074 sed
250 2047 302 2074 illa:
327 2048 446 2074 stamina
466 2048 606 2076 trahentes
623 2048 716 2076 Parca:
742 2049 850 2084 ingenia
876 2051 965 2077 homi-
1019 2056 1075 2074 νων
1088 2047 1202 2082 πλάνης.

180 2101 245 2119 num
257 2093 410 2127 disciplinis
425 2093 559 2125 imbuant,
575 2094 803 2128 quemadmodum
819 2095 894 2123 inani
915 2096 966 2123 fal-

179 2145 265 2173 soque
279 2138 326 2165 illo
335 2137 461 2173 dogmate
475 2139 622 2173 proﬁteris.

400 2193 452 2229 14
468 2193 511 2220 DE
530 2194 731 2223 PLATONICIS
738 2216 745 2227 ,
983 2195 1006 2224 Ι)

983 2195 1006 2224 Ι)
1300 2201 1522 2232 ΠΛΑΤΩΝΙΚΟΙ,

256 2238 316 2266 Duce
331 2245 369 2266 est
384 2239 491 2267 Itwresis
508 2241 645 2276 gentilium
661 2241 715 2274 IV,
733 2243 826 2270 ordine
847 2242 893 2270 VI.
1021 2247 1023 2256 '

1037 2247 1148 2281 ἐτάρτη
1170 2247 1285 2281 αἵρεσις
1303 2247 1362 2274 ἀπὸ
1393 2247 1607 2280 Ἑλληνισμοῦ,
1628 2247 1698 2281 ἕκτη
1715 2247 1749 2273 δὲ
1769 2246 1804 2282 τῇ

1323 2282 1496 2309 ἀκολουθία.

1345 2291 1496 2309 noscam/ta.

215 2325 278 2353 Haec
302 2329 398 2354 contra
422 2326 560 2355 Zenonem
590 2333 616 2356 et
637 2328 744 2358 Stoicos
768 2329 841 2357 dicta
873 2336 965 2359 sunto.

1323 2291 1496 2316 ακολουσιᾳ.

1061 2338 1141 2366 Ἀλλὰ
1154 2338 1242 2379 ταῦτα
1263 2339 1331 2374 πρὸς
1346 2339 1457 2374 Ζήνωνα
1472 2338 1519 2364 καὶ
1531 2338 1594 2369 τοὺς
1608 2337 1743 2368 Στωϊκούς
1761 2346 1805 2372 μοι

180 2372 258 2404 Quod
277 2371 311 2398 ad
326 2372 467 2400 Platonem
480 2375 587 2406 attinet,
602 2375 631 2402 in
653 2377 749 2403 eodem
764 2377 788 2404 is
804 2377 861 2405 luto
874 2386 947 2406 versa

1038 2384 1144 2420 ιλὲχθω.
1156 2374 1267 2411 Πλάτων
1280 2371 1309 2410 δὲ
1332 2371 1390 2419 ἅμα
1409 2384 1456 2410 καὶ
1473 2384 1554 2415 αὐτὸς
1568 2383 1639 2410 κατὰ
1648 2383 1703 2410 τῶν
1716 2371 1805 2409 αὐτῶν

180 2422 233 2444 tur.
251 2417 318 2444 Nam
331 2417 365 2445 de
382 2418 536 2446 animarum
548 2427 580 2447 ex
596 2420 657 2448 aliis
672 2421 700 2448 in
712 2421 763 2448 alia
780 2430 895 2457 corpora
906 2427 947 2451 tra

1038 2417 1218 2466 εράμενος,τῇ
1233 2417 1541 2466 μετενσω-ματώσειμθ)
1560 2430 1608 2456 καὶ
1624 2428 1804 2465 μεταγγισμῷ

177 2464 308 2497 jectione,
326 2470 358 2490 ac
378 2464 583 2498 vicissitudine;
599 2467 687 2502 deque
708 2468 884 2497 multitudine
900 2470 944 2498 det

1034 2464 1071 2503 ὢν
1087 2464 1189 2513 ψυχῶν,
1205 2464 1252 2503 καὶ
1274 2464 1428 2508 πολυθεῒαις
1449 2464 1495 2502 καί
1514 2477 1574 2507 ταῖς
1593 2464 1688 2507 ἄλλαις
1699 2464 1801 2502 εἰδωλο-

179 2515 252 2540 ruin,
273 2516 305 2535 ac
323 2510 435 2544 reliquis
451 2510 612 2539 idololatria:
635 2514 896 2550 superstitionisque
917 2524 946 2551 ge

1037 2510 1156 2556 ατρείαις
1172 2521 1220 2548 καὶ
1242 2521 1471 2556 δεισιδαιμονίαις,
1486 2521 1516 2547 οὐ
1527 2522 1559 2556 τῇ
1574 2521 1624 2557 ὕλῃ
1637 2521 1726 2556 πάντη
1742 2521 1804 2553 ἴσως

179 2554 291 2583 neribus
309 2554 403 2582 eadem
421 2560 464 2584 est
478 2557 552 2586 illius
571 2560 717 2587 sententia.
735 2560 788 2588 Sed
802 2561 835 2589 de
850 2563 946 2590 niateri

1038 2554 1089 2594 ατά
1104 2569 1214 2603 Ζήνωνα
1225 2568 1271 2594 καὶ
1285 2568 1347 2599 τοὺς
1355 2554 1489 2599 Στωϊκοὺς
1502 2554 1662 2603 ἐφρονησεν.
1678 2554 1739 2594 Οἵδε
1752 2568 1805 2603 γὰρ

179 2601 296 2629 fortasse
309 2609 364 2629 non
377 2603 489 2631 omnino
503 2611 565 2631 eum
578 2605 687 2635 Zenone
700 2607 855 2643 Stoicisque
870 2610 946 2637 sentit

1040 2613 1101 2645 ὐτὸς
1117 2601 1193 2645 θεὸν,
1204 2613 1238 2640 τὰ
1251 2614 1279 2640 δὲ
1292 2614 1425 2649 γενόμενα
1440 2601 1528 2640 πάντα
1538 2601 1569 2640 ἐκ
1581 2601 1629 2640 τοῦ
1645 2613 1722 2645 ὄντος
1737 2601 1805 2640 Θεοῧ

216 2681 223 2695 ¹
241 2679 323 2718 ἵζοι-ιθ
340 2681 365 2707 εἰ
382 2680 539 2717 σύγχρονος.

215 2758 284 2805 99)*
345 2759 617 2805 ξεῖεκσξιιμρτῴιζει.
639 2761 767 2805 socrates
781 2763 959 2805 apuaniatof

1037 2764 1182 2805 εοξξρησιν.
1191 2767 1285 2799 οὐσίας
1293 2765 1380 2805 εἶναι.
1395 2769 1454 2796 Νῦν
1467 2768 1495 2805 δὲ
1507 2769 1593 2801 οὕτως
1606 2770 1744 2805 ἀμέτρως,
1758 2771 1804 2796 καὶ

179 2793 435 2840 Heindorf
451 2793 553 2840 del-hoc
565 2793 846 2840 'dogmate“disput_at._
857 2799 910 2827 Sed
931 2807 946 2827 e

1037 2793 1117 2840 115266;;
1124 2793 1238 2840 ἶἒξπάρςις
1254 2793 1434 2839 μὲθῖιέἐρᾆξ
1443 2793 1804 2840 άάόυξ

178 2828 389 2874 (lilii-ry‘spstouiqs
403 2830 520 2874 llomilia
536 2831 589 2874 {vin
599 2828 679 2874 Ϊοαη.
694 2828 817 2874 Platonis
829 2835 945 2874 dqgmatg

1033 2828 1158 2874 ῦλῆς.”εῐς
1171 2828 1288 2874 χδίροῦς,
1303 2839 1348 2866 καὶ
1360 2828 1436 2871 biqu
1447 2828 1575 2874 εἰσάγῶνῖ
1590 2828 1680 2867 καὶπὰ
1691 2840 1731 2867 ἔτι
1742 2828 1800 2868 τοδ-

176 2863 212 2891 de
229 2864 317 2891 animo
333 2865 498 2902 red-arguens
514 2877 519 2894 :
537 2867 593 2894 Νῦν
610 2869 657 2904 μὲν
674 2868 728 2903 γὰρ
744 2869 827 2904 αὐτὴν
841 2863 891 2905 τῆς
911 2878 941 2896 το

539 2867 593 2894 Νῦν
610 2869 657 2904 μὲν
674 2868 728 2903 γὰρ
744 2869 827 2904 αὐτὴν
841 2863 891 2905 τῆς
911 2869 958 2896 τοῦ
1011 2863 1226 2908 τωνῈέιμδτὲρά
1241 2863 1306 2905 ζῶα.
