1944 3037
147 136 207 167 2Οὸ

467 136 653 169 ADVERSUS
671 140 843 169 llERESES
861 141 925 170 LIB.
947 143 968 171 l.
984 143 1066 171 TOM.
1087 143 1109 170 Ι.
1192 138 1328 173 H/ERES.
1350 141 1464 174 VI-vtll.

1733 138 1785 173 acc

148 193 316 229 γεγενῆσθαι
330 194 417 230 (τινὰς
434 194 583 230 δυνάμεις)’
597 194 667 223 εἶναι
679 196 706 223 δὲ
721 197 828 232 πρῶτον
848 197 933 225 αἴτιον

998 203 1103 227 etenim
1119 201 1203 229 Deum
1229 210 1273 230 me
1287 205 1427 238 cognovit,
1450 205 1484 232 ab
1501 211 1588 238 eoque
1606 208 1703 232 cuncta
1722 213 1785 240 pro-

147 240 201 266 κα).
219 240 353 275 δεύτερςν,
365 241 412 267 καὶ
426 241 527 276 τρίτον.
544 241 599 267 Καὶ
619 241 649 268 τὺ
665 242 715 277 μὲν
731 242 839 278 πρῶτον
858 244 945 270 αἴτιον

147 285 229 316 Θεὸν,
243 285 273 311 τὸ
289 285 316 311 δὲ
332 285 457 321 δεύτερον
471 286 556 314 αἴτιον
571 287 603 313 ἐκ
614 287 682 314 Θεοῦ
694 288 859 323 γεγενῆσθαί
869 298 944 322 τινας

147 331 290 365 δυνάμεις,
302 331 336 358 δι’
350 331 433 358 αὐτοῦ
452 332 481 358 δὲ
496 333 543 359 καὶ
556 333 611 359 τῶν
626 333 767 368 δυνάμεων
780 335 942 371 γεγενῆσθαι

145 377 199 412 τὴν
213 377 288 413 ὓλην.
303 377 404 404 Φάσκει
422 377 476 414 γὰρ
488 378 575 411 οὕτως
587 387 593 394 ·
615 389 624 404 ι
646 380 767 415 Οὐρανὸς
785 381 842 416 ἅμα
855 382 943 418 χρόνῳ

145 423 315 458 γεγένηται·
332 424 400 459 ὁμοῦ
421 424 475 459 γὰρ
496 425 541 451 καὶ
560 425 723 461 λυθήσεταιθ
741 436 750 451 ιι
767 426 802 453 τὰ
821 427 941 463 πρότερα

147 469 248 495 ἑαυτοῦ
271 469 305 496 τὰ
333 471 398 506 περὶ
424 470 491 506 ὕλης
503 472 702 503 ἀνασκευάσας.
720 470 787 499 Εἷπε
808 473 862 509 γάρ
877 482 941 500 ποτε

147 514 198 539 καὶ
213 513 360 550 σύγχρονον
381 513 501 550 εἶναιτῷ
519 515 579 551 Θεῷ
592 516 641 552 τὴν
660 517 736 552 ὓλην.

996 245 1089 279 ducta,
1108 251 1167 274 tum
1184 253 1289 277 mentes
1305 250 1436 285 quasdam
1454 251 1551 286 agendi
1569 250 1699 278 facultate
1713 259 1785 286 pate-

995 292 1067 319 ditas
1093 300 1108 319 a
1137 301 1201 321 vero
1223 294 1280 322 [leo
1305 301 1469 331 propagatas
1490 297 1621 324 asseruit.
1650 296 1784 325 Praeterea

995 338 1114 372 primum
1127 347 1189 367 esse
1201 340 1378 376 principium,
1393 349 1425 369 ac
1437 343 1600 376 secundum,
1615 347 1642 370 et
1661 343 1783 371 tertium.

995 383 1116 416 Quorum
1139 386 1258 420 primum
1279 386 1364 414 Deum
1385 395 1447 415 esse
1467 389 1636 423 pronuntiat.
1660 388 1782 416 Alterum

995 437 1153 466 procreatas
1167 441 1182 461 a
1201 434 1257 463 Deo
1273 441 1379 465 mentes
1393 438 1446 464 :ah
1462 438 1588 472 utrisque
1602 437 1710 465 demum
1725 444 1784 464 ma-

995 477 1090 505 leriam
1113 480 1285 514 productam.
1311 481 1357 509 Sic
1371 483 1444 510 enim
1465 483 1559 510 deﬁnit
1573 482 1694 510 :Caalum
1719 489 1782 508 cum

994 526 1118 558 tempore
1141 524 1242 552 factum
1259 534 1331 559 esse,
1356 534 1464 563 unaque
1487 536 1548 555 cum
1564 535 1597 555 eo
1616 526 1781 555 dissolutum

148 558 195 585 iri.
220 559 325 592 Quibus
345 562 435 589 verbis
451 562 569 596 priorem
585 570 663 590 suam
686 564 720 591 de
742 565 858 592 materia
882 569 1046 596 sententiam
1068 572 1177 599 evertit.
1201 570 1277 602 Alias
1306 574 1378 602 enim
1397 558 1540 602 materiam
1569 573 1625 602 Deo
1649 573 1781 609 aequalem

146 612 211 632 esse
222 610 343 641 tempore
359 610 502 635 statuerat.

426 665 654 694 ΠΥΘΑΓΟΡΕΙΟΙ
659 688 667 700 ,

147 711 272 746 Πέμπτη
287 712 401 745 αἵρεσιν
413 711 472 752 dmi
495 712 714 752 Ἐἷλληις-ισμοῦ,
728 715 837 750 ἑϐδόμη
854 716 888 743 δὲ
903 717 940 752 τῇ

456 747 630 782 ἀκολουθίᾳ.

186 792 243 828 Πρὸ
255 792 283 819 δὲ
295 801 390 820 τουτου
411 792 573 829 Πυθαγόρας
588 794 644 828 (50)
656 791 704 821 καὶ
716 795 741 821 οἱ
758 795 941 832 Περιπατητι-

148 839 204 870 κοὶ,
219 836 450 874 ἐπαγγελλόμενοι
464 835 677 875 χαρακτηρίζειν
691 839 738 867 ἕνα
746 840 822 872 Θεὸν,
835 842 941 876 φιλοσο-

147 885 226 919 φῐαις
255 885 284 911 δὲ
300 885 395 916 ἄλλαις
422 885 469 912 καὶ
488 887 544 917 τοῖς
560 886 799 922 φιλοσοφουμένοις
821 897 939 923 προσαν-

148 931 252 965 έχουσι.
269 931 310 957 Τέι
325 930 370 957 ἴσα
397 930 446 966 μὲν
471 931 575 964 τούτοις
600 927 680 959 πάλιν
699 933 734 960 τὰ
749 934 797 969 τῆς
812 934 940 969 ἀθεμίτου

148 976 261 1012 γνώμης
292 976 338 1003 καὶ
364 977 561 1013 ἀσεϐεστάτης,
582 978 637 1005 τῶν
657 979 750 1014 ψυχῶν
774 979 941 1007 ἀπαθανατι-

147 1023 234 1057 σμοὺς
242 1031 271 1049 τε
282 1024 329 1049 καὶ
339 1023 610 1059 μετενσωματώσεις,
622 1025 670 1052 καὶ
678 1026 811 1060 σωμάτων
825 1026 939 1060 φθορὰς,

147 1068 230 1100 αὐτὸς
242 1078 271 1095 τε
286 1069 333 1095 καὶ
349 1066 374 1095 οἰ
387 1069 435 1096 σὺν
449 1066 524 1105 αὐτῷ
538 1070 724 1105 ἀγορεύουσιν.
737 1067 822 1103 Οὗτος
833 1071 861 1098 δὲ
877 1073 884 1087 ¹
896 1072 940 1098 τὲ-

147 1119 218 1146 λειος
235 1116 264 1141 ὲν
279 1117 311 1150 τῇ
328 1115 420 1151 Μηδίᾳ
435 1115 491 1151 (51)
507 1116 553 1143 τὸν
574 1116 629 1152 βίον
648 1118 840 1152 καταστρέφει.
856 1118 939 1154 Σῶμα

147 1161 176 1188 δὲ
191 1161 263 1195 λέγει
275 1159 345 1188 εἶναι
369 1161 415 1188 τὸν
429 1162 505 1194 Θεὸν,
523 1162 661 1189 τουτέστιν
679 1163 803 1199 οὐρανόν.
823 1163 938 1198 Ὀφθαλ-

147 1208 215 1243 μοὺς
228 1207 257 1233 δὲ
269 1207 351 1233 αὑτοῦ
367 1208 458 1234 καὶτὰ
469 1208 536 1235 ἄλλα
552 1208 646 1244 ὥσπερ
659 1210 688 1236 ὲν
707 1209 853 1245 ἀνθρώπῳ,
863 1210 938 1246 ἥλιον

147 1254 195 1280 καὶ
214 1253 329 1288 σελήνην
341 1251 385 1280 καὶ
402 1254 437 1281 τὰ
452 1254 520 1282 ἄλλα
534 1254 632 1290 ἄστρα,
644 1251 690 1282 καὶ
700 1255 735 1282 τὰ
748 1256 808 1282 κατ’
824 1256 938 1292 οὐρανὸν

147 1301 276 1335 στοιχεῖα.

424 1403 658 1435 ΕΠΙΚΟΥΡΕῘΟΙ,

148 1451 236 1477 "Eum
253 1450 368 1484 αἵρεσις
393 1449 451 1476 ἀπὸ
472 1449 525 1476 τοῦ
547 1449 762 1484 Ἑλληνισμοῦ,
785 1449 874 1484 ὀγδόη
902 1450 936 1477 δὲ

426 1484 464 1518 τῇ
479 1485 654 1517 ἀκολουθίᾳ.

1167 677 1308 704 CONTRA
1326 677 1581 706 PYTllAGOREOS
1593 699 1601 710 ,

1065 720 1130 754 Qua:
1144 727 1182 749 est
1197 723 1334 757 gentilium
1347 723 1457 751 heresis
1473 723 1506 756 V,
1526 724 1618 752 ordine
1642 718 1707 752 VII.

1029 799 1083 827 Sed
1102 804 1165 827 ante
1185 799 1259 828 hunc
1273 801 1452 837 Pythagoras,
1473 809 1505 830 ac
1523 801 1698 837 Peripatetici
1716 809 1779 830 cum

958 862 978 891 Β
994 853 1024 873 se
1037 843 1121 873 Deum
1136 855 1220 873 unum
1242 846 1356 875 deﬁnire
1372 847 1564 883 proﬁterentur
1579 848 1607 874 in
1629 848 1701 875 aliud
1718 847 1780 882 phi-‘

994 893 1124 928 losophiae
1146 901 1242 929 genus,
1259 894 1366 929 aliaque
1383 895 1509 929 dogmata
1525 898 1589 922 sunt
1601 894 1732 929 prolapsi.
1746 894 1780 920 Et

993 944 1049 966 tum
1063 940 1119 971 ille,
1135 944 1192 967 tum
1207 940 1268 975 ejus
1279 944 1429 968 sectatores
1441 940 1535 968 eadem
1550 948 1612 967 cum
1628 940 1778 967 Platonicis

992 985 1136 1017 sentiunt,
1157 985 1229 1020 quod
1253 983 1286 1012 ad
1308 985 1452 1013 nefandam
1479 985 1644 1020 impiamque
1667 990 1779 1013 senten-A

991 1033 1056 1058 tiam
1071 1035 1177 1066 spectat
1187 1031 1221 1058 de
1237 1032 1387 1059 mutatione
1400 1034 1556 1066 corporum,
1570 1031 1779 1065 animarumque

990 1077 1164 1107 transitione,
1190 1083 1223 1104 ac
1245 1077 1279 1104 de
1298 1076 1456 1104 earumdem
1478 1075 1656 1111 corruptione
1675 1082 1777 1111 corpo-‘

989 1130 1062 1149 rum.
1081 1122 1121 1149 Ae
1143 1121 1312 1158 Pythagoras
1339 1122 1449 1157 quidem
1475 1126 1615 1156 postremo
1643 1121 1726 1148 vitam
1748 1123 1778 1149 in

990 1162 1077 1195 Media
1101 1168 1180 1195 ﬁniit.
1206 1168 1257 1200 Qui
1283 1168 1396 1204 insuper
1417 1168 1503 1196 Deum
1528 1175 1589 1196 esse
1614 1171 1778 1202 car-porcum

990 1214 1097 1244 asserit.
1114 1213 1240 1240 videlicet
1257 1214 1368 1241 cwlum.
1390 1213 1475 1248 Cujus
1489 1213 1584 1240 oculos
1608 1217 1778 1248 exterasque

989 1265 1118 1295 tanquam
1131 1259 1160 1287 in
1171 1260 1282 1288 homine
1301 1265 1392 1295 partes
1410 1261 1505 1291 solem,
1518 1265 1546 1287 et
1561 1261 1654 1287 lunam
1673 1260 1778 1288 consti-A

989 1305 1050 1338 tuit,
1065 1313 1097 1332 ac
1110 1305 1232 1341 reliquas
1247 1306 1352 1339 stellas,
1370 1306 1560 1340 elementaque
1576 1306 1710 1333 coelestia.

1249 1403 1294 1431 DE
1313 1403 1493 1432 EPICUREIS
1503 1426 1510 1437 ,
1702 1444 1704 1447 ι

1040 1450 1106 1483 Qum
1124 1454 1163 1477 est
1181 1449 1216 1476 γι
1231 1451 1369 1485 gentilium
1390 1450 1508 1482 lum-esis,
1527 1450 1618 1477 ordine
1636 1450 1719 1478 VIII.

181 1529 220 1556 A'.
238 1530 398 1566 Ἐπίκουρος
415 1530 442 1556 δὲ
457 1529 572 1565 καθεξῆς
586 1529 769 1565 ἀπρονοησίαν
779 1529 818 1566 τῷ
841 1531 933 1566 κόσμῳ

1024 1526 1044 1553 l.
1065 1526 1101 1553 Ut
1116 1535 1130 1553 a
1146 1525 1285 1561 prioribus
1298 1526 1436 1554 discedam
1451 1535 1457 1553 :
1472 1526 1607 1561 Epicurus
1623 1526 1774 1554 Providena

146 1577 322 1611 εἰσηγήσατο.
337 1576 382 1608 Ἐξ
396 1576 505 1610 ἀτόμων
516 1575 544 1601 δὲ
556 1575 718 1602 συνεστάναι
731 1575 765 1602 τὰ
780 1576 880 1607 πάντα,
894 1576 937 1611 ἡδ’

145 1620 180 1649 αὖ
195 1622 275 1648 πάλιν
303 1622 342 1653 εἰς
369 1622 457 1657 ἄτομα
481 1623 589 1657 χωρεῖν,
611 1622 666 1648 Καὶ
688 1621 717 1654 ἐξ
731 1622 935 1658 αὑτοματισμοῦ

146 1666 214 1695 εῖναι
229 1668 262 1694 τὰ
276 1668 334 1700 ὅλα,
353 1668 399 1694 καὶ
418 1668 464 1694 τὸν
490 1667 590 1702 κόσμον
613 1668 761 1701 ὑφεστάναι
778 1668 822 1695 ἀεὶ
837 1669 936 1702 γεννώ-

146 1722 195 1749 σης
208 1714 254 1749 τῆς
273 1713 390 1748 φύσεως,
406 1710 488 1748 ὴδ¹αὖ
504 1713 585 1740 πάλιν
600 1713 808 1749 δαπανωμένης,
830 1714 878 1740 καὶ
905 1713 936 1746 ἐξ

145 1760 229 1796 αὐτῆς
240 1760 321 1787 πάλιν
334 1760 542 1795 δαπανωμένης,
563 1760 611 1786 καὶ
624 1759 654 1792 ἐξ
673 1760 757 1795 αὐτῆς
776 1760 856 1787 πάλιν
873 1761 934 1787 ἐπι-

145 1806 300 1841 γινομένης,
329 1806 464 1840 μηδέποτε
479 1805 508 1832 δὲ
520 1805 658 1841 ληγούσης
667 1806 712 1839 ἀφ’
727 1805 826 1841 ἑαυτῆς
837 1807 934 1842 φυομέ-

145 1861 202 1887 νης,
215 1851 262 1877 καὶ
276 1852 316 1882 εἰς
330 1850 429 1886 ἑαυτὴν
439 1850 660 1886 συντριϐομένης.
674 1848 750 1877 Εἶναι
761 1850 790 1877 δὲ
803 1851 832 1884 ἐξ
846 1851 934 1887 ὑπαρ-

145 1897 195 1932 χῆς
215 1897 271 1931 (52)
287 1896 340 1923 ὼοῧ
363 1896 440 1932 δίκην
460 1896 490 1923 τὸ
517 1895 640 1931 σύμπαν,
653 1896 685 1922 τὸ
703 1896 732 1923 δὲ
746 1896 853 1932 πνεῦμα
867 1897 932 1932 δρα-

145 1943 302 1974 κοντοειδῶς
324 1942 389 1977 περὶ
411 1942 441 1968 τὸ
464 1942 526 1973 ὠὸν,
542 1942 581 1974 ὡς
596 1942 739 1976 στέφανον,
755 1941 771 1977 ἢ
789 1938 827 1974 ὡς
844 1941 932 1978 ζώνην

145 1989 332 2024 περισφίγγειν
355 1987 415 2014 τότε
439 1987 488 2022 τὴν
508 1986 599 2022 φύσιν.
625 1984 746 2022 Θελῆσαν
769 1983 798 2014 δὲ
823 1987 932 2022 βιασμῷ

144 2043 196 2060 τινι
223 2033 312 2069 καιρῷ
331 2033 531 2069 περισσοτέρως
556 2032 668 2068 σφίγξαι
683 2033 731 2069 τὴν
748 2034 838 2060 πᾶσαν
853 2030 929 2068 ὓλην,

145 2079 192 2106 εἴτ’
219 2077 266 2106 οὖν
291 2080 371 2114 φύσιν
387 2079 442 2105 τῶν
467 2079 587 2112 πάντων,
603 2078 673 2105 οὕτω
699 2078 807 2114 διχάσαι
829 2079 877 2114 μὲν
896 2077 932 2105 τὰ

144 2125 207 2151 ὖντα
237 2125 276 2157 εἰς
292 2125 325 2151 τὰ
348 2124 394 2151 δύο
420 2125 598 2160 ἠμισφαῐρια,
621 2119 668 2151 καλ
683 2120 775 2151 λοιπὸν
788 2125 820 2151 ὲκ
834 2124 930 2151 τούτου

143 2169 177 2196 τὰ
203 2169 291 2204 ἄτομα
320 2169 516 2204 διακεκρίσθαι.
547 2169 589 2196 Τὰ
617 2169 667 2205 μὲν
693 2169 747 2205 γὰρ
770 2169 858 2204 κοῦφα
883 2167 930 2197 καὶ

988 1575 1053 1600 tiam
1073 1581 1088 1601 e
1105 1573 1207 1601 mundo
1233 1573 1354 1601 sustulit.
1371 1573 1442 1600 Idem
1468 1580 1500 1600 ex
1523 1573 1621 1600 atomis
1645 1573 1776 1601 universa

987 1622 1125 1649 constare.
1141 1621 1223 1652 atque
1238 1617 1266 1644 in
1281 1621 1387 1645 atomos
1404 1617 1504 1645 resolvi
1515 1616 1642 1645 credidit.
1659 1617 1699 1644 Ad
1717 1618 1776 1645 haec

987 1664 1101 1691 fortuito
1116 1663 1167 1698 15
1179 1663 1237 1691 fieri
1262 1663 1372 1696 omnia;
1400 1663 1587 1698 mundumque
1608 1664 1774 1695 consistere.

988 1716 1136 1746 generante
1152 1714 1262 1743 natura,
1280 1713 1466 1745 pereunteque
1478 1713 1624 1745 perpetuo;
1639 1708 1703 1737 dum
1716 1717 1775 1736 rur-

986 1763 1034 1783 sus
1055 1763 1088 1782 ex
1116 1755 1263 1790 semetipsa
1287 1755 1460 1787 renascitur,
1487 1759 1520 1782 ae
1542 1754 1647 1782 nullum
1674 1762 1775 1789 propa-v

985 1800 1066 1836 gandi
1089 1800 1143 1832 sui,
1168 1800 1367 1836 occidendique
1387 1802 1468 1828 ﬁnem
1485 1801 1559 1827 facit.
1583 1799 1682 1828 Fuisse
1704 1808 1774 1835 prata

985 1851 1059 1873 terea
1075 1846 1119 1873 ovi
1137 1847 1224 1874 instar
1238 1846 1446 1874 universitatem
1470 1850 1588 1877 omnem.
1603 1846 1679 1873 circa
1699 1845 1773 1881 quod

983 1901 1064 1920 ovum
1081 1893 1201 1921 sinuosis
1216 1891 1332 1921 flexibus
1351 1893 1520 1927 implicatum
1541 1892 1677 1927 serpentis
1696 1899 1773 1919 more

983 1936 1129 1974 spiritum,
1159 1939 1233 1966 velut
1266 1942 1394 1966 coronam
1428 1945 1460 1966 ac
1491 1938 1649 1973 cingulum.
1684 1938 1772 1973 ipsam

984 1985 1145 2012 astrinxisse
1167 1988 1304 2011 naturam.
1329 1983 1382 2012 Sed
1395 1983 1460 2011 dum
1474 1985 1624 2011 confertam
1643 1983 1669 2010 in
1687 1991 1772 2010 unum

983 2031 1124 2058 materiam
1137 2030 1313 2066 universique
1329 2034 1454 2058 naturam
1466 2031 1656 2058 Vehementius
1666 2035 1772 2057 arelare

982 2078 1096 2110 nititur,
1122 2077 1238 2105 suhinde
1261 2078 1359 2105 molem
1385 2085 1495 2104 omnem
1523 2077 1549 2103 in
1579 2076 1771 2111 hemisphaeria

981 2124 1036 2151 duo
1057 2127 1211 2158 separasse.
1229 2122 1404 2157 indidemque
1425 2122 1632 2149 indivisibilium
1655 2129 1772 2156 corpus-

982 2169 1106 2197 culorum
1121 2171 1308 2196 excretiouem
1320 2176 1382 2196 esse
1400 2167 1499 2195 factam
1512 2176 1520 2200 ;
1541 2167 1608 2194 adeo
1622 2171 1651 2194 ut
1667 2168 1771 2195 levrora

144 2202 291 2249 λεπτότερα
318 2215 369 2249 τῆς
400 2202 507 2249 (ρὺσεως
542 2202 633 2250 πάσης
662 2202 833 2243 ἐπιπολάσαι.
854 2217 928 2249 ἄνω,

989 2215 1182 2249 iuhtilioraque
1221 2222 1331 2242 sursum
1366 2214 1525 2246 evolarent,
1557 2213 1686 2240 nimirum
1712 2213 1769 2245 lux,

144 2261 263 2288 τουτέστι
274 2261 331 2296 φῶς
344 2262 390 2288 καί
404 2261 501 2297 αἰθέρα
517 2256 564 2288 καὶ
575 2261 604 2288 τὸ
615 2261 778 2289 λεπτότατον
792 2262 840 2289 τοῦ
848 2263 929 2289 πνεύ-

145 2315 226 2342 ματος
237 2316 243 2322 ·
257 2307 291 2334 τὰ
302 2308 329 2333 δὲ
349 2307 487 2344 βαρύτατα
501 2307 550 2334 καὶ
571 2307 730 2343 σκυϐαλώδη
749 2308 824 2335 κάτω
838 2317 928 2335 νενευ-

144 2353 227 2384 κέναι,
241 2354 363 2380 τουτέστι
378 2354 440 2388 γῆν,
456 2354 524 2390 ὅπερ
543 2354 601 2380 ἐστὶ
614 2353 644 2380 τὶ)
657 2353 749 2390 ξηρὸν,
768 2355 841 2390 καὶὴ
856 2355 928 2391 ὑγρὰ

144 2398 195 2424 τῶν
210 2399 313 2425 ὑδάτων
327 2400 415 2426 οὺσὶα.
436 2399 476 2426 Τὰ
492 2399 520 2425 δὲ
539 2398 587 2426 ὅλα
602 2399 647 2432 ἀφ’
662 2399 765 2426 ἑαυτῶν
783 2400 926 2429 κινεῖσθαι.

145 2444 187 2470 καὶ
198 2444 231 2470 δι’
248 2444 351 2471 ἑαυτῶν
377 2445 405 2471 ἐν
419 2446 451 2480 τῇ
463 2444 629 2480 περιδινήσει
645 2444 691 2471 τοῦ
714 2445 795 2471 πόλου
809 2446 856 2472 καὶ
873 2446 927 2472 τῶν

179 2523 186 2538 ¹
200 2522 280 2550 Forte
293 2523 403 2555 τελέως.

177 2601 232 2635 (50)
252 2601 312 2638 Πρρ
324 2601 358 2628 δὲ
372 2602 479 2629 τούτου
493 2603 675 2637 Πυθαγόρας.
697 2602 796 2638 Verum
814 2606 855 2629 est
871 2601 924 2638 Py;

144 2637 280 2672 thagoram
296 2636 409 2664 Platone
425 2636 592 2672 superiorem
608 2637 703 2669 fuisse.
720 2639 753 2665 de
764 2636 925 2672 Peripateti-

143 2671 180 2708 cis
195 2671 354 2699 absurdum.
369 2671 443 2705 Quos
460 2671 606 2708 perperam
629 2681 696 2700 sane
711 2681 772 2700 cnm
787 2671 924 2708 Pythago-

145 2706 195 2742 reis
210 2709 378 2734 commiscet.
390 2706 597 2742 Quinque‘enim
614 2714 702 2735 sectas
715 2706 922 2740 commemorat,

144 2740 306 2778 Stoicorum,
318 2740 532 2778 Platonicorum,
546 2742 787 2778 Pythagoreorum.
800 2743 857 2770 sive
871 2742 923 2770 Pen

144 2776 354 2809 ripateticorum.
372 2782 399 2804 et
414 2776 620 2812 Epicureorum.
634 2776 675 2804 λιι
692 2778 749 2805 hmo
766 2778 924 2812 Peripateti-

143 2818 188 2847 cos
203 2811 256 2847 τὴν
272 2811 480 2847 μετεμψύχωσιν
495 2820 681 2847 propugnasse
700 2811 845 2840 ridiculum
861 2817 920 2844 est;

143 2849 168 2874 et
181 2846 235 2874 hoe
246 2846 570 2883 Pythagoraeligmentum
581 2846 669 2877 reiicit
682 2848 840 2876 Aristoteles
852 2848 898 2876 lib.
911 2856 919 2874 ι

982 2261 1086 2293 aether,
1111 2265 1139 2288 et
1165 2261 1238 2296 quod
1260 2265 1319 2288 erat
1342 2260 1454 2295 spiritus
1477 2259 1668 2287 tenuissimum
1683 2273 1691 2287 .-
1709 2265 1770 2295 qua!

981 2315 1047 2335 vero
1069 2305 1203 2343 graviora.
1232 2315 1263 2334 ac
1279 2307 1361 2334 veluti
1383 2311 1561 2342 purgamenta
1582 2307 1681 2338 forent,
1705 2314 1768 2341 pesa

982 2362 1042 2381 sum
1063 2353 1251 2383 subsiderent;
1278 2353 1430 2387 cujnsmo‘di
1449 2357 1561 2384 terram,
1587 2353 1645 2380 sive
1665 2353 1768 2380 siceum

982 2401 1083 2434 ipsum.
1102 2404 1129 2427 et
1148 2402 1282 2435 aquarum
1300 2399 1439 2426 humidam
1464 2403 1589 2426 naturam
1603 2399 1696 2426 fuisse.
1713 2399 1768 2426 ΛιΙι

981 2447 1021 2473 dit
1035 2447 1082 2481 per
1094 2453 1154 2472 sese
1167 2445 1295 2472 universa
1314 2444 1429 2476 rumveri,
1442 2452 1474 2472 ac
1489 2444 1614 2479 polorum
1632 2444 1769 2472 siderum:

982 2602 1018 2628 De
1033 2603 1134 2632 anima.
1148 2610 1172 2629 c.
1188 2602 1216 2629 3.

1014 2638 1068 2672 (51)
1090 2637 1184 2670 Οὗτος
1200 2636 1234 2663 δὲ
1247 2636 1360 2669 τέλειος
1383 2637 1418 2664 ὲν
1438 2636 1476 2672 τῇ
1500 2635 1609 2671 Μηδίᾳ.
1630 2636 1659 2664 1η
1679 2636 1766 2664 Media

976 2672 1159 2709 Pythagoram
1170 2672 1272 2709 obiisse
1284 2672 1385 2709 nemini
1401 2680 1521 2709 unquam
1539 2672 1766 2709 audituiit._Scri-

979 2705 1096 2735 hénduin
1112 2710 1141 2734 ἐν
1155 2709 1199 2743 τῇῗ
1209 2707 1318 2742 Ἰταλίᾳ.
1335 2705 1459 2735 Mortuus
1473 2708 1546 2734 enim
1565 2711 1609 2735 est
1623 2707 1651 2733 in
1667 2705 1764 2742 Magna

978 2743 1092 2770 Grmcia.
1110 2743 1177 2770 Vide
1190 2742 1341 2769 Laertium.

1014 2779 1068 2814 (5‘2)
1089 2777 1173 2806 Εἶναι
1186 2778 1219 2804 δὲ
1234 2777 1267 2814 ἐξ
1283 2778 1432 2814 ὑπαρχῆς.
1453 2777 1521 2805 Vide
1544 2776 1694 2814 Diodorum
1720 2775 1765 2803 Si-

977 2812 1078 2841 culum.
1095 2814 1142 2841 lih.
1160 2821 1179 2846 I,
1195 2817 1222 2841 ct
1239 2813 1337 2840 Euseb.
1355 2815 1527 2847 Προπηρασ.
1548 2812 1595 2839 lih.
1611 2820 1627 2838 ιι
