1944 3037
170 190 223 216 207

876 187 906 214 S.
926 185 1101 214 EPlPllANli

1749 193 1803 219 208

169 258 224 287 que
243 250 375 286 vertigine
395 249 495 284 raptim
516 248 593 276 velut
612 247 726 276 ﬂexuosi
747 247 821 275 illius
847 248 955 284 spiritus

1012 247 1120 282 ἄστρων
1143 247 1181 280 ὡς
1201 247 1256 274 ἀπὸ
1281 247 1328 274 τοῦ
1364 247 1582 283 δρακοντοειδοῦς
1609 250 1648 276 ἔτι
1665 251 1698 277 τὰ
1714 252 1802 278 πάντα

172 297 322 332 agitatione
338 296 450 330 corripi.
469 294 532 323 liam
546 302 596 322 nos
612 294 646 322 de
659 296 774 322 istorum
784 294 959 330 dogmatibus

169 343 259 372 obiter
273 342 406 370 duntaxat
419 341 569 377 attigimus.

206 387 236 414 ll.
263 386 342 415 Nunc
372 391 402 414 ut
429 387 580 415 lectoribus
606 386 739 413 brevitate
765 385 958 418 consulamus,

171 437 290 468 quatuor
309 433 390 460 simul
404 433 446 459 ha:
461 436 541 459 secta:
555 432 681 459 oratione
695 435 790 458 nostra
803 430 960 458 refellenda:

173 483 246 507 sunt.
265 478 306 506 Ab
322 478 364 506 his
382 478 454 506 enim
473 477 641 513 primordiis,
657 477 699 504 vel
714 481 776 504 ante
794 477 851 504 haec
863 477 957 510 etiam,

172 529 202 552 ut
212 525 288 552 initio
295 524 425 557 diximus,
435 529 530 559 poeta),
540 522 675 554 historici,
684 522 835 557 reliquique
843 521 960 556 scripto-

172 577 227 600 rcs.
242 567 405 599 astronomi,
421 567 513 594 czeteri
527 567 647 602 denique
661 566 764 593 erroris
787 566 905 593 artiﬁces
927 573 959 592 ac

172 614 306 651 magistri,
325 614 372 649 qui
385 613 418 641 ad
436 619 564 642 sexcenta
585 621 677 641 rerum
698 612 842 640 statuenda
856 612 959 647 princi~

171 662 228 697 pia,
246 661 435 696 pessimasque
453 666 552 687 causas
574 659 706 694 impulere
720 659 876 685 mortalium
899 658 959 684 ani-

170 715 242 741 mos,
257 706 452 734 communibus
463 705 572 741 generis
586 705 698 732 humani
714 704 840 733 sensibus
855 704 959 732 densis-

171 754 256 782 simas
269 754 400 781 tenebras
418 752 586 781 ot'i‘uderunt.
608 751 697 786 Atque
716 751 762 778 hic
777 751 886 779 demum
903 751 959 786 pri-

171 810 232 829 Inus
252 808 330 829 error
344 800 462 832 exstitit,
488 799 625 827 idolorum
648 799 803 834 excogitata
824 799 943 834 supersti

171 848 221 881 tio,
241 847 389 882 infelixque
415 846 461 874 illa
479 845 634 880 disciplina.
660 844 744 871 Erant
769 847 828 871 tum
843 844 911 871 duas
930 844 958 870 in

172 892 305 920 factiones
324 891 453 919 universa
473 890 632 921 distributa,
648 889 789 925 gentilium
803 896 835 916 ac
848 888 957 916 Iudaeo-

1011 293 1170 320 ἐλαύνεσθαι
1193 293 1355 329 πνεύματος.
1382 295 1437 321 Καὶ
1468 295 1521 321 ἀπὸ
1545 296 1646 331 μέρους
1669 297 1718 325 μὲν
1738 299 1803 334 περὶ

1010 337 1113 364 τούτων
1129 337 1245 373 ἔφημεν.

1049 383 1088 410 B'.
1105 383 1150 418 Τῴ
1160 383 1188 410 δὲ
1200 383 1274 419 αὐτῷ
1286 383 1379 419 τρόπῳ
1394 385 1444 416 τὰς
1457 385 1591 421 τέσσαρας
1609 386 1708 418 ταύτας
1724 387 1799 423 αἱρε-

1011 437 1068 461 σεις
1079 430 1263 465 ἀνατρεπτέον
1276 430 1320 456 διὰ
1336 431 1385 466 τὴν
1398 432 1543 466 συντομίαν
1551 433 1599 468 τῆς
1610 432 1798 467 ἀναγνώσεως.

1016 475 1155 502 Ἐντεῦθεν
1182 475 1229 502 καὶ
1251 476 1380 511 ἀνωτέρω
1401 476 1504 509 λοιπὸν,
1522 477 1558 509 ὡς
1579 478 1658 513 ἔφην,
1679 480 1797 513 ποιηταὶ,

1011 521 1231 557 ἱστοριογράφοι,
1246 521 1419 558 λογογράφοι,
1432 523 1594 559 ἀστρονόμοι
1617 533 1645 550 τε
1665 524 1710 550 καὶ
1723 525 1746 550 οι
1765 525 1799 550 τὰ

1010 567 1077 593 ἄλλα
1090 567 1138 601 τῆς
1154 567 1259 602 πλάνης
1269 569 1492 604 εἰσηγησάμενοι,
1502 570 1527 595 οἱ
1541 571 1798 604 παρασκευάσαντες

1009 612 1054 638 τὸν
1084 612 1146 639 νοῦν
1170 613 1216 639 ἐπὶ
1229 613 1331 648 μυρίας
1357 614 1445 645 κακὰς
1466 615 1556 646 αἰτὶας
1573 616 1621 641 καὶ
1642 616 1799 650 ἀναγωγὰς,

1011 659 1168 685 ὲσκὸτωσαν
1200 659 1247 686 καὶ
1280 659 1416 686 ὲθόλωσαν
1439 661 1488 696 τὴν
1514 661 1562 696 τῆς
1591 661 1799 697 ἀνθρωπότητος

1010 703 1152 739 ὑπόληψιν.
1175 705 1230 731 Καὶ
1243 705 1354 738 γέγονεν
1373 705 1442 742 αὕτη
1462 707 1557 742 πρώτη
1575 707 1673 743 πλάνη,
1693 708 1799 735 ἐπίνοια

1010 749 1138 782 εἰδώλων,
1171 750 1217 776 καὶ
1243 750 1439 786 κακοδαιμονία
1462 751 1644 784 διδασκαλίας.
1657 751 1711 779 Ἦν
1726 753 1754 780 δὲ
1765 754 1799 780 τὰ

1010 795 1100 821 πάντα
1133 797 1335 830 μεμερισμένα,
1367 797 1543 832 Ἑλληνισμός
1566 806 1596 824 τε
1619 798 1666 824 καὶ
1693 799 1798 825 Ἰουδαῖ-

1011 840 1078 875 σμός
1088 848 1095 855 ’
1115 840 1278 876 ἰουδαῖσμὸς
1297 841 1374 868 οὔπω
1394 843 1526 879 πρότερον
1540 844 1718 879 καλούμενος,
1731 845 1798 872 ἀλλὰ

1009 886 1052 912 διὰ
1062 886 1108 912 τοῦ
1128 887 1235 922 Ἰσραὴλ
1247 887 1277 914 τὸ
1286 887 1428 924 ἐπώνυμον
1437 890 1487 925 τῆς
1499 889 1640 922 θεοσεϐοῦς
1652 890 1798 926 θρησκείας

171 946 242 966 mm.
261 937 359 965 Verum
375 935 489 964 Iudaica
503 941 576 963 secta
591 942 764 970 nequaquam
782 935 859 962 initio
875 942 955 962 voca-

1009 930 1233 965 ὲτιικεκλημένος,
1245 931 1296 963 ἕως
1306 931 1350 958 ὅτε
1363 931 1482 968 διαδοχαὶ
1495 925 1681 969 γεγέννηνται.
1702 936 1730 961 '0
1745 935 1797 970 γὰρ

171 983 262 1015 batur,
280 983 329 1010 sed
350 982 432 1010 lsrael
444 982 546 1009 divinae
561 981 625 1008 huic
645 981 768 1016 religioni
793 987 958 1016 cognomen-

170 1033 229 1056 tum
245 1031 321 1061 erat;
338 1028 428 1055 donec
441 1034 571 1063 generum
587 1030 629 1055 est
644 1031 790 1062 propagata
807 1026 956 1054 successio.

171 1073 277 1102 Etenim
297 1073 432 1106 Naasson,
457 1073 505 1108 qui
521 1072 610 1099 tribus
624 1071 701 1099 Iuda:
715 1072 842 1106 princeps
866 1072 893 1098 in
908 1071 955 1098 dc-

171 1124 246 1148 serto
256 1119 423 1147 constitutus
437 1122 490 1152 est,
506 1118 618 1145 Salmon
629 1117 734 1152 genuit.
749 1115 860 1144 Salmon
871 1116 956 1150 Boos;

170 1165 242 1193 Boos
258 1164 345 1195 Ohed.
361 1163 437 1192 Ohed
452 1163 529 1192 Iesse
545 1173 552 1191 :
569 1170 632 1190 eum
657 1163 704 1198 qui
725 1163 850 1198 religiose
872 1161 958 1190 Deum

168 1211 290 1238 colerent
313 1209 403 1237 adhuc
425 1208 555 1237 Israelita:
578 1209 745 1236 dicerentur.
764 1208 866 1235 Deinde
880 1206 958 1235 Iesse

171 1256 298 1284 Davidem
320 1256 425 1292 genuit,
448 1255 495 1290 qui
508 1255 614 1291 primus
634 1261 650 1282 e
665 1253 738 1281 tribu
752 1252 828 1280 Iudae
843 1259 957 1287 regnum

169 1303 297 1330 obtinuit.
315 1301 402 1336 Cujus
413 1300 447 1328 ab
458 1300 544 1335 stirpe
556 1299 686 1334 deinceps
703 1302 836 1334 perpetua
850 1304 958 1325 succes-

169 1349 249 1376 sione
265 1355 343 1382 reges
356 1346 471 1381 imperio
490 1346 568 1381 potiti
588 1349 663 1373 sunt.
679 1343 732 1372 Sed
749 1347 813 1371 ante
827 1342 957 1370 Davidem

170 1395 275 1429 primus
292 1393 471 1420 lsraeliticum
482 1399 595 1428 regnum
609 1390 709 1418 Saulus
723 1393 850 1417 tenuerat
862 1396 877 1415 ο
893 1388 957 1415 Ben-

167 1440 264 1476 jamini
279 1439 362 1472 tribu,
375 1439 456 1466 Ceiso
468 1444 546 1474 patre
560 1438 666 1471 genitus
683 1445 688 1463 :
701 1436 753 1471 16
765 1442 815 1462 nec
828 1434 853 1462 ei
866 1439 957 1461 tamen

170 1486 241 1514 tilius
256 1484 407 1519 successit;
426 1484 474 1512 sed
498 1483 532 1512 ad
553 1484 654 1510 tribum
665 1482 743 1509 Iudae
762 1489 810 1516 per
828 1480 956 1507 Davidem

170 1531 316 1567 imperium
329 1531 492 1558 translatum
508 1533 560 1557 est.
573 1528 658 1564 igitur
672 1527 792 1555 Iacobus
808 1526 956 1553 liberorum

170 1577 289 1612 primum
302 1576 425 1603 omnium
446 1574 590 1602 Rubenum
604 1573 729 1608 suscipit;
740 1571 838 1600 deinde
851 1572 957 1599 Simeo-

171 1630 234 1651 nem
249 1631 257 1649 :
279 1622 391 1649 tertium
407 1620 483 1652 Levi,
499 1624 638 1654 quartum,
652 1617 762 1649 Iudam,
772 1625 787 1644 a
803 1625 857 1652 quo
871 1616 957 1644 Judaei

169 1667 356 1704 cognominati
368 1670 444 1700 sunt,
457 1666 492 1694 ob
503 1665 580 1692 Iudae
598 1664 713 1696 tribum,
731 1663 777 1698 qui
797 1671 830 1691 ex
846 1662 956 1698 religio-

169 1720 264 1741 sorum
278 1712 418 1739 hominum
433 1718 532 1746 genere
549 1709 696 1745 prodierat,
714 1708 747 1735 ad
764 1715 824 1736 eam
837 1708 958 1742 appella-

168 1759 273 1786 tionem
290 1757 417 1784 traducti.
444 1755 585 1791 Siquidem
605 1754 736 1782 Israelitaa
751 1753 887 1788 principio
909 1760 958 1780 vo-
975 1782 978 1786 λ

169 1804 224 1832 cati
237 1808 312 1836 sunt,
323 1803 370 1838 qui
384 1801 471 1829 Iudaei
487 1801 567 1829 modo
585 1801 724 1828 dicuntur.

206 1849 251 1876 ιιι.
270 1849 311 1876 Ad
329 1849 382 1876 hoc
399 1855 486 1882 usque
505 1850 612 1881 tempus
632 1849 751 1881 quatuor
766 1844 795 1872 in
817 1844 897 1872 terris
912 1843 957 1872 ιιο⁴

169 1895 274 1924 minum
289 1902 388 1930 genera
408 1893 540 1929 perducta
559 1896 634 1925 sunt,
650 1898 767 1927 quorum
784 1889 957 1925 unumquod-

169 1949 223 1978 que
238 1950 289 1970 suo
304 1945 426 1976 tempore
438 1939 586 1974 separatim
601 1938 712 1971 coaluit,
727 1937 762 1964 ad
777 1944 837 1965 eam
848 1940 956 1964 aetatem

167 1993 196 2016 et
219 1987 301 2019 ultra,
330 1993 412 2022 quam
432 1985 555 2021 proxime
581 1983 806 2020 signiﬁcavimus.
831 1982 898 2009 Nam
921 1982 956 2010 ab

168 2033 273 2060 Adaino
284 2031 318 2059 ad
331 2031 463 2059 Noemum
474 2030 666 2058 Barbarismus
677 2027 804 2056 obtinuit.
819 2028 842 2055 A
852 2027 955 2056 Noemo

168 2078 203 2106 ad
219 2078 304 2105 turris
327 2077 546 2108 adiﬁcationem,
568 2080 596 2102 et
617 2075 732 2103 Seruchi
751 2079 886 2110 tempora,
907 2074 955 2109 qui

168 2123 250 2151 tertia
266 2128 328 2158 post
348 2122 421 2149 illam
440 2125 519 2149 mtate
533 2121 610 2153 vixit,
636 2119 763 2156 Scythica
782 2119 953 2154 superstitio.

167 2169 191 2196 Δ
215 2169 300 2197 turris
325 2167 510 2195 exstructione
527 2186 535 2199 ,
564 2171 591 2194 et
617 2165 740 2193 Serucho
755 2186 762 2198 ,
793 2173 900 2194 necnon
928 2170 955 2193 et

167 2214 280 2246 Aramo,
303 2213 337 2240 ad
362 2213 558 2244 Abrahamum,
571 2212 681 2248 gentilis
704 2216 779 2239 secta
801 2212 898 2247 viguit.
914 2212 954 2240 Ab

1008 974 1142 1002 Ναασσών
1158 977 1172 1002 ὁ
1187 977 1216 1003 ὲν
1227 978 1259 1012 τῇ
1284 977 1379 1012 ἐρήμῳ
1395 978 1515 1012 γεγονὼς
1531 979 1668 1016 φύλαρχος
1680 980 1729 1015 τῆς
1748 990 1797 1016 (ευ.

1008 1022 1057 1057 λῆς
1088 1022 1174 1049 Ἰούδα
1202 1024 1285 1058 γεννᾷ
1308 1024 1355 1050 τὸν
1372 1024 1504 1059 Σαλμών·
1525 1025 1640 1061 Σαλμὼν
1654 1027 1736 1062 γεννᾷ
1753 1026 1799 1052 τὸν

1009 1068 1073 1100 Βοός
1085 1077 1092 1084 ·
1106 1068 1174 1100 Bob;
1189 1069 1272 1104 γεννᾷ
1286 1069 1331 1096 τὸν
1352 1069 1433 1105 nemo
1445 1078 1451 1084 '
1474 1070 1552 1105 Ὠϐὴδ
1568 1073 1650 1107 γεννᾷ
1665 1072 1710 1098 τὸν
1734 1073 1797 1098 ἰεσ-

1009 1115 1054 1142 σαὶ
1078 1115 1126 1142 ἐπὶ
1150 1115 1203 1141 τῶν
1230 1115 1364 1142 θεοσεόὦν
1403 1117 1578 1152 Ἰσραηλιτῶν
1603 1119 1796 1153 καλουμένων·

1015 1162 1113 1188 Ἰεσσαὶ
1126 1163 1209 1198 γεννᾷ
1221 1162 1266 1189 τὸν
1281 1162 1362 1189 Δαϐιδ
1386 1163 1431 1190 τὸν
1443 1163 1563 1198 βασιλέα,
1576 1164 1604 1196 ὃς
1617 1165 1722 1200 πρῶτος
1736 1165 1793 1190 ἐϐα-

1009 1207 1131 1234 σίλευσεν
1140 1209 1173 1234 ὲκ
1192 1207 1278 1244 φυλῆς
1301 1208 1395 1236 Ἰούδα,
1414 1208 1459 1241 Ἐξ
1473 1206 1503 1236 οὗ
1517 1209 1610 1236 λοιπὸν
1624 1211 1647 1236 οἱ
1660 1210 1729 1237 κατὰ
1741 1210 1795 1236 δια-

1007 1253 1087 1289 δοχὴν
1107 1254 1236 1289 βασιλεῖς,
1253 1255 1287 1280 ἐκ
1307 1255 1353 1281 τοῦ
1382 1256 1540 1292 σπέρματος
1556 1257 1650 1289 αὐτοῦ,
1667 1257 1722 1289 υἱὸς
1741 1257 1794 1284 δια-

1007 1299 1151 1334 δεχόμενος
1179 1300 1294 1335 πατέρα,
1323 1301 1442 1336 καθεξῆς
1474 1303 1680 1338 συνεστήκασιν.
1695 1301 1749 1329 Ἦν
1769 1302 1798 1329 δὲ

1008 1345 1150 1380 πρδαὺτοῦ
1165 1347 1212 1373 τοῦ
1227 1347 1310 1374 Δαὸὶδ
1328 1349 1343 1374 ὸ
1358 1347 1437 1382 φύσει
1459 1349 1566 1385 πρῶτος
1586 1349 1748 1383 βασιλεύσας
1769 1349 1797 1374 ἐν

1015 1391 1122 1426 Ἰσραὴλ
1130 1391 1215 1418 Σαοὺλ
1225 1392 1281 1423 υἱὸς
1292 1393 1357 1424 Κεὶς
1368 1393 1399 1418 ἑκ
1408 1393 1494 1428 φυλῆς
1502 1394 1640 1428 Βενιαμίν-
1652 1395 1699 1421 καὶ
1706 1394 1796 1420 οὐκέτι

1009 1436 1092 1463 αὑτὸν
1107 1436 1241 1469 διεδέξατο
1256 1438 1312 1469 υἱός
1324 1446 1330 1452 “
1352 1437 1419 1464 ἀλλὰ
1436 1439 1551 1475 μετέστη
1563 1440 1593 1466 τὸ
1608 1439 1741 1474 βασίλειον
1754 1439 1796 1465 διὰ

1007 1482 1089 1509 Δαϐὶδ
1115 1482 1223 1518 πρώτου
1252 1484 1292 1515 εἰς
1316 1483 1366 1519 τὴν
1390 1484 1475 1519 φυλὴν
1499 1484 1592 1511 Ἰούδα.
1615 1484 1726 1520 Πρῶτος
1743 1483 1796 1519 γὰρ

1007 1528 1082 1564 αὐτῷ
1096 1529 1134 1564 τῷ
1155 1528 1252 1556 Ἰακὼϐ
1271 1530 1336 1561 παῖς
1349 1529 1451 1564 γίνεται
1473 1530 1592 1566 Ὶόυϐὶμ,
1607 1531 1732 1566 δεύτερος
1747 1531 1795 1556 Συ-

970 1594 991 1623 c
1009 1573 1091 1612 μεὼν,
1100 1574 1191 1610 τρίτος
1207 1575 1300 1607 Λευῖς,
1315 1575 1444 1610 τέταρτος
1456 1575 1602 1609 ἰούδας,ἐξ
1612 1573 1642 1603 οὗ
1656 1576 1795 1602 καλοῦνται

1014 1620 1143 1651 Ἰουδαῖοι,
1152 1620 1196 1647 διὰ
1210 1621 1259 1656 τὴν
1275 1621 1360 1657 φυλὴν
1378 1621 1463 1648 Ἰούδα
1475 1621 1520 1648 τοῦ
1532 1622 1564 1648 ἐκ
1577 1622 1624 1649 τοῦ
1635 1622 1731 1656 γένους
1743 1621 1796 1650 τῶν

1008 1665 1151 1699 θεοσεϐὦν,
1179 1667 1205 1693 οἱ
1234 1668 1274 1699 εἰς
1302 1667 1332 1694 τὸ
1361 1667 1447 1703 ὄνομα
1475 1668 1553 1694 τοῦτο
1586 1668 1795 1704 μεταπεσόντες.

1014 1712 1175 1739 Ἐκαλοῦντο
1202 1712 1268 1747 γοῦν
1293 1714 1389 1748 πρώην
1419 1713 1597 1749 Ἰσραηλῖται,
1614 1714 1639 1740 οἱ
1666 1714 1712 1740 καὶ
1731 1714 1795 1740 ἰου-

1007 1757 1086 1785 δαῖοι.

1041 1847 1080 1876 Γ¹.
1095 1848 1167 1880 Ἕως
1188 1848 1282 1875 τούτου
1308 1847 1355 1875 τοῦ
1376 1848 1472 1884 χρόνου
1497 1848 1670 1884 συνήφοησαν
1692 1849 1720 1875 αἱ
1736 1850 1795 1877 τέσ-

1009 1902 1091 1929 σαρες
1119 1893 1213 1928 γενεαὶ
1239 1894 1290 1928 τῆς
1316 1893 1367 1928 γῆς
1388 1893 1443 1920 τῶν
1466 1893 1606 1929 τεσσάρων
1633 1894 1794 1929 τμημάτων.

1006 1940 1115 1966 Τούτων
1143 1938 1334 1975 διαιρεθέντων
1365 1939 1434 1966 κατὰ
1461 1940 1524 1971 τοὺς
1552 1939 1664 1975 χρόνους
1684 1940 1736 1972 ἓως
1748 1940 1797 1966 τοῦ

1006 1985 1103 2020 καιροῦ
1132 1984 1228 2011 τούτου
1255 1984 1303 2011 τοῦ
1330 1984 1447 2012 ἐνταῦθά
1471 1994 1516 2020 μοι
1546 1985 1730 2020 δεδηλωμένου
1749 1986 1796 2012 καὶ

1005 2031 1152 2058 ἐπέκεινα·
1179 2031 1317 2057 τουτέστιν
1332 2031 1387 2057 ἀπὸ
1411 2031 1496 2066 ’Λδὰμ
1510 2031 1562 2063 ἕως
1579 2032 1625 2058 τοῦ
1650 2032 1711 2058 Νῶε
1730 2032 1792 2067 βαρ-

1005 2077 1140 2113 ϐαρισμός
1151 2085 1158 2092 ·
1176 2077 1230 2103 ἀπὸ
1241 2076 1288 2103 τοῦ
1300 2076 1362 2102 Νῶε
1379 2077 1430 2108 ἕως
1442 2076 1489 2103 τοῦ
1506 2077 1610 2112 πύργου
1625 2078 1671 2103 καὶ
1683 2078 1794 2113 Σεροὺχ,

1007 2123 1075 2158 μετά
1085 2122 1131 2149 δύο
1144 2122 1240 2157 γενεὰς
1248 2122 1295 2149 τοῦ
1310 2123 1414 2158 πύργου
1425 2123 1441 2158 ἡ
1455 2122 1576 2158 Σκυθικὴ
1589 2123 1794 2159 δεισιδαιμονία,

1005 2169 1052 2196 καὶ
1081 2167 1228 2204 μετέπειτα
1249 2168 1303 2195 ἀπὸ
1332 2167 1380 2194 τοῦ
1406 2168 1512 2203 πύργου
1545 2169 1593 2194 καὶ
1621 2169 1724 2204 Σερούχ
1748 2169 1795 2196 καὶ

1010 2215 1099 2252 Ἀρὰμ
1115 2215 1170 2250 (55)
1185 2215 1238 2247 ἕως
1265 2215 1311 2242 τοῦ
1331 2215 1458 2250 Ἀϐραὰμ
1481 2216 1495 2241 ὁ
1516 2215 1701 2250 Ἑλληνισμός.
1728 2216 1795 2242 Ἀπὸ

167 2258 323 2286 Abrahamo
342 2257 458 2293 denique
481 2262 508 2285 et
526 2258 586 2292 ejus
598 2258 715 2292 posteris
737 2257 844 2285 sincera
859 2258 954 2293 religio

1009 2261 1099 2288 τούτου
1127 2261 1172 2288 καὶ
1200 2261 1253 2287 τῶν
1269 2261 1416 2296 μετέπειτα
1437 2261 1577 2288 θεοσέὸεια
1605 2262 1794 2297 συναπτομένη

167 2303 280 2339 prodiit.
295 2310 355 2338 quae
366 2302 401 2329 ab
413 2302 529 2337 ipsomet
545 2302 702 2329 Abrahamo
713 2307 813 2337 coepta,
828 2310 876 2338 per
892 2303 952 2337 ejus

168 2349 282 2384 stirpem
301 2352 343 2376 est
364 2348 545 2381 transmissa;
569 2347 700 2383 Iudaeque
719 2349 880 2383 cumprimis
904 2349 952 2375 tri-

168 2393 244 2425 bum,
258 2393 328 2421 unde
341 2393 498 2421 Iudaismus
513 2401 611 2421 nomen
625 2394 738 2428 accepit.
750 2393 828 2426 Quod
841 2394 950 2428 quidem

167 2447 183 2466 a
198 2446 241 2467 me
260 2447 323 2466 vere
341 2447 403 2467 esse
416 2439 520 2467 dictum
534 2439 618 2466 divini
643 2438 866 2473 sanctissimique
889 2446 952 2473 apo-

167 2487 231 2514 stoli
251 2485 328 2513 Pauli
353 2486 509 2514 testimonio
532 2489 649 2517 constat,
677 2493 739 2513 cum
766 2487 801 2513 ita
820 2486 950 2521 disputat.

167 2533 201 2560 In
212 2532 318 2560 Christo
330 2531 395 2559 Iesu
405 2539 485 2567 neque
499 2531 639 2563 barbarus,
652 2540 733 2566 neque
747 2531 857 2566 Scytha,
868 2540 950 2567 neque

166 2577 285 2609 ercus,
311 2585 392 2612 neque
417 2576 528 2604 Iudam
552 2581 602 2608 est,
629 2576 674 2604 sed
697 2585 764 2603 nova
791 2577 948 2605 creatura‘.

165 2621 391 2657 Quandoquidem
404 2622 484 2649 etiam
502 2621 591 2653 initio,
607 2629 670 2648 cum
689 2621 807 2657 primum
822 2626 950 2649 creatura

164 2669 274 2697 condita
296 2671 350 2700 est,
373 2675 442 2695 nova
465 2667 554 2695 adhuc
576 2669 721 2700 exsistens.
743 2668 849 2695 nullum
866 2676 950 2704 pecu-

164 2714 232 2741 liare
243 2721 275 2741 ac
290 2713 449 2740 distinctum
466 2720 563 2740 nomen
579 2713 682 2740 habuit.
699 2713 747 2741 llis
763 2718 948 2742 consentanea

200 2806 208 2818 '
223 2802 329 2829 (loloss.
343 2808 384 2834 ιιι,
400 2800 428 2827 ιι
442 2809 449 2834 ;
464 2799 552 2828 Galat.
564 2807 602 2833 vi,
615 2800 658 2826 l5.

1003 2305 1042 2342 τῷ
1057 2305 1131 2341 αὑτῷ
1145 2306 1281 2342 Ἀὖραὰμ,
1296 2306 1349 2332 ἀπὸ
1358 2306 1405 2332 τοῦ
1414 2305 1484 2332 κατὰ
1499 2306 1623 2342 διαδοχὴν
1637 2307 1794 2342 σπέρματος

1003 2351 1096 2384 αὐτοῦ,
1119 2352 1242 2378 τουτέστι
1256 2352 1304 2378 τοῦ
1330 2352 1425 2383 Ἰούδα,
1447 2351 1493 2385 ἀφ’
1507 2349 1592 2387 οὗπερ
1614 2352 1792 2388 ἰουδαῖσμός·

1002 2397 1040 2429 ὡς
1059 2398 1100 2424 ἔτι
1125 2400 1261 2433 μαρτυρεῖ
1284 2407 1328 2434 μοι
1357 2399 1371 2424 ὁ
1391 2399 1615 2434 πνευματοφόρος
1644 2399 1691 2425 κτιιι¹
1717 2399 1794 2433 ἅγιος

1003 2445 1051 2472 τοῦ
1064 2445 1131 2471 Θεοῦ
1152 2446 1301 2477 ἀπόστολος
1322 2446 1443 2478 Παῦλος,
1470 2443 1521 2474 ὦδέ
1546 2455 1605 2478 πως
1629 2446 1726 2480 λέγων,
1752 2446 1792 2472 ὅτι

1011 2491 1059 2517 Ἐν
1077 2490 1193 2524 Χριστῷ
1210 2491 1307 2525 Ἰησοῦ
1328 2492 1363 2519 οὑ
1371 2491 1533 2526 βάρϐαρος,
1543 2493 1579 2519 οὺ
1593 2493 1721 2526 Σκύθης,
1735 2493 1792 2525 οὐχ

1007 2536 1134 2569 Ἕλλην,
1146 2537 1201 2563 οὐκ
1210 2537 1357 2570 Ἰουδαῖος,
1368 2538 1449 2564 ἀλλὰ
1461 2538 1550 2572 καινὴ
1565 2538 1673 2570 κτίσις.
1683 2537 1791 2572 Ἐπειδὴ

1004 2579 1034 2611 ὲξ
1045 2580 1170 2616 ὑπαρχῆς
1186 2581 1230 2606 ὅτε
1247 2581 1354 2608 ἔκτιστο
1368 2583 1384 2617 ὴ
1402 2582 1506 2614 κτίσις,
1523 2583 1602 2618 καινὴ
1620 2580 1697 2615 οὖσα,
1716 2583 1791 2609 οὐδέν

1003 2632 1030 2650 τι
1052 2624 1250 2660 διαφορώτερον
1278 2626 1356 2661 ἔσχεν
1383 2627 1478 2662 ὄνομα.
1502 2627 1610 2662 Συνῳδὰ
1635 2626 1664 2653 δὲ
1686 2626 1791 2658 τούτοις

1003 2669 1084 2697 πάλιν
1100 2671 1129 2696 ὲν
1144 2670 1229 2706 ἑτέρῳ
1243 2671 1318 2706 τόπῳ
1334 2671 1407 2705 λέγει
1425 2671 1510 2703 οὕτως
1524 2679 1532 2687 ⁶
1553 2671 1720 2705 Ὀφειλέτης
1733 2672 1791 2707 εἰμι

1003 2715 1133 2750 Ἕλλησι
1140 2724 1172 2743 τε
1180 2716 1228 2743 καὶ
1238 2717 1411 2752 βαρϐάροις,
1419 2718 1525 2753 σοφοῖς
1536 2726 1567 2745 τε
1575 2717 1625 2745 καὶ
1638 2717 1790 2753 ἀνοήτοις

200 2889 256 2924 (55)
281 2888 353 2917 Ἀπὸ
385 2890 438 2918 τοῦ
462 2890 574 2925 Σεροὺχ
595 2890 645 2917 και
665 2890 760 2925 Ἀράμ.
781 2891 833 2918 Pro
856 2891 946 2927 ’Λρᾶμ
965 2899 1037 2920 corr.
1052 2892 1135 2928 Θαρέ.
