1944 3037
161 81 220 109 209

498 82 684 111 ADVERSUS
703 82 875 111 H/ERESES
894 82 956 110 LIB.
979 83 1000 110 Ι.
1021 82 1104 111 ΤΟΜ.
1124 83 1145 110 I.
1162 97 1196 103 —
1214 81 1353 110 HERES.
1373 80 1442 110 VIII.

1747 76 1800 104 ῐ310

162 141 210 167 ἵνα
232 137 305 176 δείξῃ
324 149 423 175 σοφους
450 142 498 176 μὲν
515 142 579 174 τοὺς
605 143 761 175 Ἰουδαίους,
784 143 916 177 ἀνοήτους
930 142 958 168 δὲ

1016 145 1148 177 suntquae
1164 142 1192 169 in
1204 141 1258 168 alio
1273 141 1334 168 loco
1347 140 1442 168 eodem
1460 138 1494 165 ab
1509 137 1639 172 Apostolo
1652 136 1800 164 dicuntur:

164 186 229 217 τοὺς
243 185 359 216 Σκύθας.
375 186 430 212 Καὶ
441 187 535 222 φησιν,
555 188 713 223 Ὀφειλέτης
727 188 797 223 εἰμί.
819 187 959 214 Ἐντεῦθεν

162 231 198 258 τὺ
225 232 279 258 πᾶν
299 231 375 265 γένος
391 231 438 258 τοῦ
463 233 570 268 Ἰσραὴλ
589 234 646 268 (54)
670 234 790 260 Ἰουδαῖοι
814 232 960 260 ἐκαλοῦντο

164 278 222 304 ἀπὸ
234 278 332 313 χρόνου
345 278 392 305 τοῦ
403 279 485 306 Δαϐίδ
499 288 506 295 ·
522 280 569 306 καὶ
581 280 725 316 διήρκεσεν
742 280 894 315 ἐπωνύμως
909 289 960 307 κα-

164 324 296 359 λούμενον
333 325 509 362 Ἰσραηλιτῶν
532 335 562 353 τε
589 328 637 354 καὶ
673 327 806 354 Ἰουδαίων
825 327 886 362 ἕχον
910 326 960 362 τὴν

165 369 311 406 ἐπίκλησιν
327 371 357 398 τὺ
369 372 423 397 πᾶν
434 372 512 406 γένος
530 373 577 399 τοῦ
602 373 711 409 Ἰσραὴλ
728 373 780 400 ἀπὸ
792 373 845 400 τῶν
858 373 960 409 χρόνων

165 416 214 442 τοῦ
224 416 305 443 Δαϐὶδ
317 417 365 443 καὶ
384 417 432 444 τοῦ
455 418 514 445 υἱοῦ
541 418 623 445 αὺτοῦ
644 419 826 454 Σολομῶντος,
844 421 891 446 καὶ
911 419 960 445 τοῦ

165 462 228 488 υἱοῦ
245 462 427 498 Σολομῶντος,
439 465 510 499 φημὶ
523 464 552 491 δὲ
569 465 616 491 τοῦ
634 465 752 500 Ῥοϐοὰμ
772 465 819 491 τοῦ
835 465 902 499 μετὰ
916 464 960 490 τὸν

167 507 330 542 Σολομῶντα
342 508 553 543 βασιλεύσαντος
565 511 593 536 ἐν
612 510 799 546 Ἰερουσαλήμ.
816 511 874 536 ’Ὶνα
884 510 911 536 δὲ
923 510 960 545 μὴ

166 553 199 578 ἐν
227 553 368 588 παρεξόδῳ
392 554 526 589 γένωμαι,
552 556 760 591 παρερχόμενος
777 556 811 582 τὰ
829 557 898 583 κατὰ
913 557 961 592 τὴν

167 597 224 623 τῶν
243 598 376 625 Ἰουδαίων
396 599 554 635 θρησκείαν,
578 602 626 627 καὶ
650 601 688 636 μὴ
708 602 961 637 ὑποσημαινὸμενος

167 642 219 676 τῆς
230 643 290 669 κατ’
303 644 401 675 αὐτοὺς
419 644 499 680 δόξης
521 645 571 681 τὴν
591 646 730 677 ὑπόθεσιν,
742 646 819 680 ὀλίγα
841 647 894 673 ἀπὸ
908 647 961 673 τῶν

167 688 275 715 πολλῶν
287 689 489 726 παραθήσομαι.
505 692 576 718 llam
590 692 654 727 γὰρ,
672 693 710 725 ὼς
725 693 821 725 εἰπεῖν,
839 693 962 728 φανερώ-

167 744 239 761 τατα
254 736 371 771 ὑπάρχει
389 737 424 763 τὰ
450 737 521 764 κατὰ
537 738 600 770 τοὺς
618 738 772 770 Ἰουδαίους.
786 738 832 765 Διὸ
845 739 874 764 οὺ
891 739 960 765 πάνυ

169 782 294 817 κάματον
307 782 469 819 ἀναδέξομαι
479 785 544 820 περὶ
553 784 655 820 ταύτης
661 785 711 820 τῆς
722 785 876 817 ὑποθέσεως
891 785 961 811 κατὰ

1010 186 1120 214 Debitor
1135 195 1193 215 sum
1208 187 1308 215 Graecis
1323 191 1348 213 et
1359 185 1501 216 Barbaris,
1519 183 1682 218 sapientibus
1696 188 1721 209 et
1732 182 1800 209 insi-

1010 233 1142 268 pienlibus
1151 234 1171 265 ‘,
1183 238 1212 260 ut
1220 238 1248 261 et
1259 231 1369 260 Iudaeos
1377 231 1515 266 sapientes
1523 234 1550 258 et
1564 229 1725 265 insipientes
1740 235 1802 255 esse

1012 277 1130 313 Scythas
1143 278 1310 305 ostenderet.
1325 276 1432 309 Quibus
1447 275 1585 306 omnibus,
1609 275 1657 305 ait.
1671 281 1722 308 ego
1738 280 1799 300 sum

1010 323 1129 351 debitor.
1148 323 1232 359 Igitur
1254 323 1290 350 ab
1307 322 1355 349 illo
1373 322 1502 356 deinceps
1514 324 1636 355 tempore
1653 319 1680 346 in
1697 318 1801 346 Israeli-

1011 371 1099 394 tarum
1125 376 1211 403 genus
1224 367 1380 394 Judmorum
1400 373 1500 393 nomen
1513 365 1569 400 jam
1586 369 1644 392 tum
1669 371 1684 390 a
1698 362 1802 390 Davide

1010 413 1181 442 transfusum
1198 418 1240 441 est
1257 423 1264 441 :
1279 417 1306 440 et
1319 417 1437 447 utroque
1453 414 1634 446 cognomento
1646 415 1700 436 tam
1713 408 1802 436 Israe-

1012 460 1120 486 litarum
1136 467 1219 494 quam
1233 458 1390 486 Judieorum
1415 457 1504 485 omnis
1527 457 1572 483 illa
1588 463 1655 492 gens
1680 462 1712 482 eo
1734 454 1802 482 iusi-

1010 504 1086 539 gnita
1098 507 1229 539 perpetuo
1243 507 1299 536 est;
1313 511 1328 529 a
1344 502 1466 534 Davidis,
1482 502 1604 537 inquam,
1627 500 1742 535 ejusque
1754 499 1800 526 lilii

1013 550 1167 578 Salomonis
1187 550 1367 584 temporibus,
1384 553 1412 576 et
1437 548 1520 583 hujus
1544 548 1656 582 insuper
1677 546 1731 578 ﬁlii,
1744 545 1800 572 llo-

1011 595 1112 629 boami,
1129 596 1175 630 qui
1192 599 1255 631 post
1268 594 1439 622 Salomonem
1459 593 1653 628 Hierosolymis
1667 591 1800 627 regnavit.

1011 640 1112 668 Verum
1135 648 1170 668 ne
1192 640 1305 668 omnino
1329 647 1392 675 qua:
1418 639 1452 666 ad
1468 638 1625 668 Jud:corum
1644 637 1800 672 religionem

1011 686 1144 714 attineant
1158 685 1373 720 praetermittam.
1396 684 1526 719 nullaque
1546 691 1579 711 ex
1597 687 1674 717 parte
1692 682 1800 710 illorum

1011 732 1154 767 opiniones
1179 731 1323 767 attingam,
1349 738 1436 766 pauca
1456 729 1489 757 de
1510 729 1605 762 multis
1625 727 1799 763 complectar.

1011 777 1104 813 Neque
1128 778 1202 806 enim
1232 777 1360 812 cuiquam
1388 776 1444 804 fere
1474 775 1629 803 Judaeorum
1656 773 1802 809 religiones

168 827 201 853 τὺ
223 827 386 856 λεπτότατον
406 819 601 866 διηγήσασθαι,
625 819 737 859 ἄλλ’γῶν
755 831 788 867 ἦν
812 831 961 866 ἀναγκαῖον

1016 824 1110 858 ignota:
1134 826 1208 850 sunt.
1228 821 1344 857 Ideoque
1364 822 1390 849 in
1420 829 1453 849 eo
1475 825 1636 856 argumento
1659 819 1803 846 tractando

169 873 250 908 ὀλίγα
267 875 321 902 ἀπὸ
334 875 439 903 πολλῶν
450 876 568 904 ἐνταῦθα
584 878 766 914 παραθέσθαι.

200 1006 236 1032 Δ’.
249 1007 495 1034 Ίουδαῖοιτοίνυνοῑ
503 1008 557 1035 ἀπὸ
566 1008 612 1035 τοῦ
624 1009 749 1044 ’Λϐραὰμ
756 1009 827 1036 κατὰ
838 1009 962 1045 διαδοχὴν

172 1051 352 1087 ὑπάρχοντες,
373 1054 419 1080 καὶ
431 1053 481 1089 τὴν
496 1054 578 1081 αὐτοῦ
594 1054 749 1082 θεοσέϐειαν
767 1055 961 1091 διαδεξάμενοι,

173 1097 324 1132 περιτομὴν
341 1098 391 1133 μὲν
407 1099 454 1125 τοῦ
477 1099 602 1135 Ἀϐραὰμ
615 1100 733 1135 ἔχουσιν,
746 1101 779 1136 ἣν
792 1102 863 1128 κατὰ
877 1101 963 1136 πρόσ-

172 1140 250 1173 ταξιν
264 1141 332 1168 Θεοῦ
349 1142 460 1177 εἴληφεν
476 1143 666 1179 ὲννενηκοστὺν
690 1144 799 1171 ἔννατον
824 1145 883 1176 ἔτος
896 1152 963 1171 κατ-

171 1187 258 1220 άγων,
266 1186 301 1213 δι’
307 1188 398 1214 αἰτίαν
405 1188 438 1223 ἢν
446 1189 502 1215 ἄνω
510 1190 650 1224 προεῖπον,
661 1199 673 1217 ε
679 1192 701 1222 ῐς
709 1191 739 1217 τὸ
747 1190 842 1217 τούτου
852 1191 962 1226 σπέρμα

174 1232 305 1268 πάροικον
320 1233 465 1268 γενόμενον
477 1235 506 1259 ἐν
518 1235 550 1270 τῇ
563 1235 691 1271 ἀλλοτρίᾳ
704 1236 741 1271 μὴ
753 1237 961 1272 ἀποστραφῆναι

172 1278 203 1304 τὸ
223 1278 308 1313 ὄνομα
322 1278 369 1305 τοῦ
383 1278 462 1312 Θεοῦ,
478 1279 523 1306 ἐπὶ
543 1280 668 1316 σώματος
682 1281 710 1308 δὲ
724 1283 859 1318 σφραγῖδα
871 1283 964 1318 φέρειν

175 1323 354 1359 ὑπομνήσεως
376 1324 456 1360 χάριν
477 1326 524 1352 καὶ¹
544 1326 665 1361 ἐλέγχου,
686 1328 726 1359 εις
743 1328 772 1354 τὸ
787 1328 915 1363 ἐμμένειν
931 1330 963 1364 τῇ

173 1367 221 1393 τοῦ
230 1368 331 1404 πατρὸς
341 1368 431 1396 αὐτῶν
441 1370 591 1405 θεοσεϐείᾳ.
611 1370 639 1397 '0
650 1371 678 1398 δὲ
689 1373 754 1403 παῖς
763 1372 857 1399 τούτου
872 1373 965 1400 Ἰσαὰκ

174 1413 347 1449 ὀκταήμερος
367 1415 571 1450 περιτέμνεται,
592 1417 630 1449 ὼς
651 1417 681 1443 τὺ
700 1417 747 1443 τοῦ
762 1418 829 1444 Θεοῦ
846 1416 902 1454 εἶχε
919 1418 965 1445 θέ-

177 1468 294 1494 σπισμα.
312 1460 366 1487 Καὶ
384 1461 558 1497 ὡμολόγηται
576 1463 636 1498 μὲν,
654 1463 694 1490 ὅτι
712 1465 743 1490 ὲκ
755 1464 964 1499 προστάγματος

175 1505 243 1531 Θεοῦ
258 1507 274 1540 ἡ
291 1506 428 1542 περιτομὴ
439 1507 500 1534 τότε
517 1508 634 1544 ὑπῆρχε·
646 1509 724 1545 τύπῳ
739 1510 768 1537 δὲ
780 1509 813 1546 ἦν
829 1510 899 1546 αὕτη
911 1511 965 1538 δια·
978 1500 999 1528 C

175 1551 328 1587 τεταγμένη
345 1553 417 1585 τότε,
441 1554 480 1586 ὡς
499 1554 571 1581 κατὰ
592 1555 751 1582 ἀκολουθίαν
775 1556 966 1591 προϐαίνοντες

177 1596 289 1632 ὕστερον
300 1599 364 1633 περὶ
372 1598 467 1626 τούτου
481 1600 614 1635 δείξομεν.
630 1602 779 1636 Διήρκεσαν
791 1602 879 1628 τοίνυν
892 1611 967 1638 περι-

176 1644 347 1679 τεμνόμενοι,
362 1645 410 1671 καὶ
423 1645 560 1682 θεοσεϐείᾳ
573 1647 786 1682 προσανέχοντες
795 1649 819 1674 oi
831 1648 907 1674 αὐτοὶ
917 1648 965 1674 τοῦ

183 1689 309 1725 Ἀϐραὰμ
324 1690 394 1717 κατὰ
409 1691 532 1727 διαδοχὴν
549 1693 653 1725 παῖδες,
669 1694 716 1719 ἀπ’
730 1694 812 1721 αὐτοῦ
824 1703 906 1730 φημι,
919 1695 966 1722 καὶ

177 1735 304 1771 καθεξῆς,
318 1736 420 1769 Ἰσαὰκ,
437 1737 543 1770 Ἰακὼϐ,
554 1739 600 1765 καὶ
608 1739 735 1766 οἱτούτου
746 1740 849 1772 παῖδες,
859 1740 887 1767 ἓν
895 1749 923 1767 τε
932 1741 964 1776 τῇ

177 1781 384 1818 Χανανίτιδιγῇ,
403 1783 518 1819 Ἰουδαία
527 1785 740 1821 καὶΦιλισι-ιαίᾳ,
753 1785 824 1813 οὕτω
835 1786 965 1822 κληθείσῃ

176 1828 235 1853 τότε
249 1827 317 1862 (55),
333 1828 367 1855 τὰ
378 1829 425 1856 νῦν
441 1829 468 1856 δὲ
481 1830 647 1866 Παλαιστίνῃ
663 1831 826 1868 καλουμένῃ·
843 1832 966 1860 ἀλλὰκαὶ

177 1875 206 1901 ὲν
221 1875 361 1911 Αἰγύπτῳ.
379 1876 477 1903 Ἰακὼϐ
494 1877 549 1912 γὰρ
563 1878 577 1904 ὁ
591 1878 639 1904 καὶ
656 1878 763 1914 Ἰσραὴλ
776 1879 898 1905 κάτεισιν
908 1880 966 1915 ἅμα

176 1923 232 1953 τοῖς
244 1922 340 1949 ἕνδεκα
351 1922 434 1949 αὐτοῦ
454 1924 547 1950 παισὶν
557 1924 596 1956 εὶς
608 1923 754 1959 Αἴγυπτον,
764 1925 823 1957 ἔτος
840 1926 966 1961 κατάγων

176 1969 321 1996 ἑκατοστὴν
333 1969 495 2004 τριακοστὸν
510 1970 557 2004 τῆς
576 1970 657 1996 αὐτοῦ
685 1970 767 2006 ζωῆς.
793 1971 890 2007 Ἰωσὴφ
909 1972 938 1998 δὲ
953 1973 967 1998 ὁ

175 2013 268 2049 ἕτερος
283 2014 367 2041 αὑτοῦ
386 2014 443 2046 υἱὸς
459 2015 509 2050 ἤδη
528 2016 557 2041 ὲν
577 2015 706 2051 Αἰγύπτῳ
721 2017 882 2052 προϋπῆρχε
891 2018 967 2053 βασι-

176 2059 272 2092 λεύων,
289 2061 403 2096 πραθεὶς
421 2060 474 2087 ὑπὸ
495 2060 550 2088 τῶν
566 2060 687 2096 ἀδελφῶν
697 2062 780 2088 αὐτοῦ
797 2062 841 2088 διὰ
859 2063 964 2098 φθόνον.

182 2105 248 2131 Ἡδὲ
258 2105 304 2132 τοῦ
316 2106 382 2133 Θεοῦ
392 2107 543 2142 οἰκονομία,
555 2107 589 2134 τὰ
601 2107 689 2142 ἀγαθὰ
700 2108 867 2144 συνεργοῦσα
876 2109 915 2145 τῷ
927 2110 966 2136 δι-

177 2152 256 2187 καίῳ,
267 2153 308 2184 εἰς
318 2152 473 2188 θαυμαστὸν
487 2154 625 2190 μετήγαγε
638 2155 688 2190 τὴν
700 2156 760 2181 κατ’
772 2155 855 2182 αὑτοῦ
868 2156 966 2191 Ἰωσὴφ

176 2197 332 2232 ἐπιϐουλήν.
343 2198 456 2225 Κάτεισι
465 2199 564 2231 τοίνυν,
577 2199 615 2231 ὡς
625 2201 765 2236 προεῖπον,
775 2202 789 2226 ὁ
808 2201 903 2227 Ἰακὼϐ
918 2202 965 2228 καὶ

177 2244 200 2268 οἱ
217 2243 264 2269 ἀπ’
275 2243 357 2270 αὑτοῦ
374 2245 436 2274 υἱοὶ,
458 2244 505 2270 καὶ
518 2246 646 2279 γυναῖκες
656 2245 703 2271 καὶ
715 2245 830 2280 ἔκγονοι,
849 2246 877 2273 ἐν
890 2246 965 2273 ἑϐδο-

177 2289 299 2324 μήκοντα
318 2290 398 2316 πέντε
414 2290 513 2325 ψυχαῖς
530 2291 740 2327 ἀριθμηθέντες,
759 2292 799 2323 είς
816 2291 963 2326 Αἴγυπτον,

174 2333 210 2366 ὡς
223 2334 345 2370 περιέχει
358 2336 374 2370 ἡ
392 2335 487 2371 πρώτη
506 2335 596 2370 βίϐλος
610 2336 661 2370 τῆς
676 2335 747 2362 κατὰ
761 2336 882 2363 Μωῡσέα
897 2337 966 2363 Πεν-

174 2379 315 2415 τατεύχου,
330 2380 424 2416 σαφῶς
439 2381 557 2417 δηλοῦσα
576 2381 642 2417 περὶ
657 2382 760 2409 τούτων
776 2382 896 2410 πάντων.
921 2383 966 2409 Δι-

215 2451 316 2499 ’μὀω,
333 2471 411 2503 1,14.
449 2473 460 2487 ²
472 2471 539 2500 Gen.
556 2480 630 2505 XLVI,
646 2473 663 2500 4
678 2481 740 2508 sqq.
778 2502 786 2510 ,

209 2560 266 2595 (54)
291 2560 446 2597 Ἐντεῦθεν
458 2561 492 2597 τὸ
508 2560 569 2588 πᾶν
580 2561 667 2596 γένος
684 2562 736 2590 τοῦ
754 2562 882 2597 Ἰσραήλ.
902 2562 962 2589 Non

174 2599 227 2632 tam
249 2600 330 2632 vetus
358 2599 398 2623 est
422 2595 587 2632 Iudaeorum
603 2597 748 2632 appellatio
767 2595 817 2632 pro
833 2595 962 2625 universo

176 2631 363 2667 lsraelitarum
376 2639 486 2667 genere,
501 2636 531 2667 ut
545 2631 682 2660 Davidicis
696 2631 867 2667 temporibus
879 2641 962 2660 usur-

174 2673 237 2702 pare
250 2666 389 2702 remperit.
412 2666 482 2702 Audi
499 2666 660 2702 Josephum,
676 2667 721 2694 lib.
736 2666 861 2702 χίᾺρχη
877 2675 902 2695 c.
921 2667 938 2695 5
954 2676 961 2694 :

180 2701 347 2738 ξΕκλῄθησ-αν
363 2701 440 2738 ἓδὲᾼτὸ
453 2700 587 2738 ονομαγὲξ
604 2700 638 2737 ἧς
659 2702 766 2738 ἡμέρας
780 2700 916 2738 ἀνέϐησαν
933 2703 965 2738 εκ

176 2735 348 2773 Βαϐυλῶνος..
357 2736 411 2763 ἀπὸ
425 2735 472 2773 τοῦ
485 2737 571 2773 Ἰούδα
586 2735 728 2773 maga;
743 2735 964 2773 πριῦτηςὲλθού-

177 2779 222 2805 σης
238 2771 278 2802 είς
292 2770 482 2808 ἐκείνουςτοῦς
495 2772 594 2808 τόπους
604 2770 680 2798 αὐτοί
691 2770 720 2798 τε
737 2770 783 2799 καὶ
798 2774 814 2808 ἡ
830 2770 907 2808 χώρα
915 2772 965 2807 τῆς

177 2806 360 2842 προσηγορίας
373 2806 475 2841 ταύτης
491 2806 647 2843 μετέλαϐον.
664 2808 754 2841 Quare
775 2806 965 2844 postnllubylo-

1012 876 1066 898 non
1081 868 1228 896 admodum
1249 867 1386 903 exquisite
1405 864 1586 898 versabimur,
1610 865 1693 900 sede
1710 865 1802 891 multis

1012 922 1099 949 pauca
1124 914 1289 946 libabimus,
1318 921 1379 948 qum
1409 912 1567 943 necessario
1595 911 1802 947 perstringenda

1011 961 1147 988 videntur.
1641 988 1643 991 .

1050 1006 1248 1042 17IV.ltaque
1254 1005 1340 1034 Iudaei
1349 1006 1395 1041 qui
1405 1006 1440 1032 ab
1450 1004 1606 1033 Abrahamo
1618 1007 1673 1031 tam
1681 1001 1802 1037 generis,

1013 1059 1095 1087 quam
1112 1052 1256 1086 religionis
1274 1050 1479 1079 successionem
1502 1051 1678 1083 acceperunt,
1706 1047 1741 1073 ab
1757 1054 1803 1073 eo-

1013 1100 1074 1127 dem
1087 1098 1310 1127 circumcisionis
1319 1098 1405 1125 ritum
1416 1097 1490 1124 nacti
1506 1100 1581 1128 sunt,
1594 1103 1676 1130 quam
1693 1094 1739 1121 ille
1751 1102 1802 1121 un-

1013 1146 1197 1174 decentesimo
1215 1145 1304 1173 aetatis
1320 1152 1392 1172 anno
1413 1143 1546 1171 divinitus
1560 1142 1692 1170 adhibere
1705 1141 1802 1176 jussus

1013 1198 1055 1221 est
1068 1202 1074 1220 :
1086 1195 1121 1221 ob
1134 1202 1194 1222 eam
1206 1201 1332 1225 causam,
1349 1200 1431 1228 quam
1444 1196 1524 1219 antea
1539 1190 1752 1226 proposuimus;
1769 1197 1803 1214 ne

1014 1240 1119 1267 scilicet
1135 1240 1195 1275 ejus
1210 1239 1313 1275 posteri
1332 1239 1359 1266 in
1377 1238 1466 1265 aliena
1479 1237 1590 1272 regione
1601 1238 1804 1262 commorantes

1014 1284 1061 1312 Dei
1073 1292 1173 1312 nomen
1186 1284 1221 1311 ab
1232 1292 1293 1312 sese
1317 1283 1476 1318 rejicerent,
1504 1282 1559 1309 imo
1583 1281 1658 1309 velut
1680 1281 1802 1306 inustum

1015 1330 1151 1365 quoddam
1164 1330 1273 1365 signum
1289 1329 1397 1364 corpori
1426 1336 1476 1356 suo
1503 1326 1727 1359 circumferrem,
1748 1333 1803 1360 quo

1015 1377 1056 1404 vel
1073 1376 1277 1404 commoneiieri
1290 1376 1332 1403 vel
1347 1374 1475 1410 redargui
1500 1378 1623 1409 possent,
1642 1373 1665 1400 si
1676 1371 1741 1407 quid
1756 1371 1803 1398 ad-

1017 1422 1167 1452 mitterent.
1193 1426 1275 1456 atque
1291 1421 1444 1448 utomnino
1469 1425 1584 1455 paterna
1603 1420 1630 1446 in
1662 1419 1802 1454 religione,

1017 1467 1198 1502 institutoque
1217 1467 1406 1502 persisterent.
1432 1466 1582 1493 Abrahami
1603 1464 1703 1492 deinde
1732 1464 1804 1491 ﬁlius

1017 1513 1127 1541 lsaaeus
1142 1517 1239 1540 octavo
1252 1521 1333 1548 quam
1355 1517 1437 1540 natus
1460 1517 1519 1540 erat
1529 1511 1572 1539 die
1597 1519 1630 1538 ex
1661 1510 1708 1538 Dei
1726 1518 1805 1537 man-

1016 1559 1080 1587 dato
1097 1559 1278 1587 circumcisus
1295 1563 1346 1587 est.
1378 1557 1434 1586 Nec
1454 1558 1566 1586 dubium
1587 1561 1641 1589 est,
1657 1557 1726 1591 quin
1746 1560 1803 1584 tum

1017 1605 1110 1632 divino
1121 1608 1257 1640 praecepto
1269 1605 1304 1632 sit
1319 1604 1444 1631 instituta
1459 1603 1651 1636 circumcisio;
1662 1609 1712 1632 nec
1725 1602 1805 1630 aliter

1017 1654 1107 1677 tamen
1133 1658 1215 1685 quam
1232 1650 1265 1677 ad
1290 1650 1447 1677 futurarum
1464 1657 1556 1677 rerum
1573 1649 1716 1677 veritatem
1732 1648 1806 1676 velut

1017 1696 1135 1731 imagine
1150 1695 1267 1731 quadam
1296 1694 1511 1723 adumbrandam
1529 1704 1536 1722 :
1555 1693 1581 1721 id
1610 1693 1683 1728 quod
1710 1695 1804 1728 postea

1018 1749 1068 1769 suo
1081 1742 1141 1769 loco
1162 1742 1406 1770 demonstrabitur.
1435 1740 1622 1774 Quamobrem
1647 1738 1804 1767 circumcisi

1017 1788 1147 1823 deinceps
1163 1787 1312 1816 Abrahami
1342 1793 1519 1815 successores
1532 1793 1628 1814 omnes
1645 1792 1678 1812 ac
1702 1784 1804 1820 posteri

1019 1833 1140 1865 fuerunt,
1157 1841 1241 1869 penes
1257 1840 1327 1868 quos
1340 1833 1449 1859 sincera
1463 1831 1569 1867 religio,
1590 1838 1622 1858 ae
1650 1829 1697 1857 Dei
1714 1830 1805 1857 cultus

1018 1880 1128 1908 resedit.
1157 1879 1241 1915 quue
1257 1887 1319 1907 eum
1344 1879 1378 1906 ab
1407 1878 1564 1906 Abrahamo
1588 1881 1720 1912 emptum,
1748 1881 1804 1904 tum

1018 1926 1176 1961 singillatim
1193 1925 1227 1953 ab
1241 1925 1346 1958 lsaaco,
1359 1924 1472 1954 Jacoho.
1489 1923 1626 1959 hujusque
1652 1922 1757 1955 liberis,
1777 1922 1804 1949 in

1017 1971 1181 2004 Chanana-a,
1208 1970 1312 2002 Iudaea,
1335 1978 1367 1997 ac
1390 1969 1528 1997 Philistaea
1551 1967 1703 2004 quondam,
1732 1974 1805 1994 nunc

1017 2015 1162 2043 Palmstina
1185 2015 1258 2043 dicta
1277 2015 1389 2050 regione
1403 2017 1586 2050 propagatum
1601 2016 1654 2041 est.
1671 2012 1724 2040 Sed
1737 2012 1805 2040 etin

1017 2062 1136 2097 Egypto
1150 2070 1204 2089 non
1217 2063 1308 2089 minus
1330 2065 1534 2096 perseveratum
1551 2063 1602 2087 est.
1617 2058 1656 2087 Eo
1668 2058 1804 2094 siquidem

1017 2107 1146 2139 Iacobus.
1160 2108 1207 2142 qui
1221 2112 1247 2135 et
1265 2107 1374 2135 Israelis
1388 2114 1540 2142 cognomen
1553 2105 1660 2138 habuit,
1672 2113 1726 2132 una
1740 2112 1803 2132 cum

1020 2152 1145 2179 nmlecim
1158 2152 1221 2179 [iliis
1238 2151 1378 2187 profectus
1397 2155 1440 2178 est
1454 2158 1526 2178 anno
1549 2151 1638 2177 aetatis
1653 2149 1804 2178 centesimo

1018 2200 1157 2227 tricesimo
1169 2200 1190 2226 ².
1208 2198 1275 2226 Nam
1289 2198 1423 2234 Joscphus
1447 2205 1519 2226 unus
1535 2205 1550 2225 e
1566 2197 1712 2225 liberorum
1730 2197 1804 2224 illius

1017 2252 1133 2272 numero
1155 2244 1316 2279 jamdudum
1331 2243 1359 2271 in
1375 2243 1494 2278 Egypto
1510 2242 1654 2277 imperium
1685 2241 1805 2269 admini-

1017 2290 1133 2321 strabat,
1149 2297 1182 2318 eo
1209 2297 1224 2316 a
1251 2289 1383 2317 fratribus
1408 2296 1457 2324 per
1483 2288 1615 2316 invidiam
1640 2287 1801 2316 distractus.

1019 2337 1072 2365 Sed
1088 2337 1179 2364 divina
1195 2336 1376 2372 providentia,
1396 2343 1457 2371 qum
1472 2335 1648 2364 sanctissimo
1662 2336 1721 2363 viro
1733 2343 1803 2370 prae—

1019 2387 1062 2410 sto
1074 2371 1178 2415 aderat,
1193 2371 1308 2418 ejusque
1323 2381 1475 2410 commodis
1493 2381 1611 2414 favebat,
1630 2385 1803 2417 comparatas

1016 2562 1107 2590 nicam
1123 2561 1310 2596 captivitatem
1323 2560 1480 2589 Judzeorum
1493 2561 1656 2589 vocabulum
1673 2561 1803 2590 obtinuit.

1052 2597 1107 2633 (55)
1127 2597 1182 2624 Καὶ
1199 2596 1367 2633 Φιλιστιαίᾳ
1381 2596 1458 2624 οὕτω
1471 2596 1617 2633 κληθείσῃ
1633 2597 1709 2633 τότε.
1730 2596 1804 2629 Qua-

1015 2633 1038 2660 si
1065 2633 1126 2660 duze
1151 2640 1183 2659 ac
1213 2632 1400 2666 discrepantes
1427 2632 1630 2667 appellationes,
1652 2632 1802 2667 istaersint.

1019 2658 1165 2695 Enimvero
1175 2658 1235 2702 una
1247 2658 1397 2702 eadquue
1412 2658 1660 2702 voi'estLDVnWSS
1674 2666 1726 2693 Sed
1737 2658 1770 2693 τὸ
1786 2671 1806 2696 ε)

1018 2704 1101 2738 olim,
1113 2706 1142 2730 ut
1163 2701 1238 2738 apud
1254 2701 1368 2738 Arabes,
1385 2702 1420 2729 ila
1437 2703 1507 2736 apud
1522 2701 1650 2738 Hebraeos
1658 2706 1806 2738 _pcrpel.uo

1019 2746 1080 2766 cum
1096 2736 1190 2773 Raphe
1203 2737 1420 2773 pronuntiatura.
1434 2737 1520 2766 Graeci
1536 2736 1580 2764 διὰ
1599 2736 1644 2763 τοῦ
1657 2736 1680 2762 Π
1695 2744 1806 2771 expres-

1019 2778 1123 2802 εει-νηι-
