1944 3037
147 112 198 142 τη

847 104 886 139 ’8.
906 111 1074 139 EPlPllANll

1724 112 1780 129 σιτ.

1726 125 1782 139 ξιιῦ

150 167 281 198 adversus
300 168 449 203 Josepbum
467 168 584 195 insidias
599 169 788 197 admirabilem
807 178 835 197 m
850 170 934 197 felici-

988 171 1116 198 ἐτέλεσαν
1132 171 1160 198 δὲ
1177 174 1264 199 ἐκεῖσε
1285 174 1330 199 ἐπὶ
1346 174 1427 200 πέντε
1442 172 1604 207 γενεαις,ὼς
1614 173 1660 198 καὶ
1676 172 1780 199 πολλα-

149 208 232 242 tatem
250 215 396 241 convertit.
410 215 511 249 Atque,
537 218 566 241 ut
585 215 677 243 dicere
689 223 838 251 emperam,
852 215 934 243 Jaco-

149 260 200 289 lms
216 259 332 295 ejusque
347 260 423 287 liberi
437 268 499 287 cum
520 261 653 288 uxoribus
678 269 710 288 ac
736 263 880 297 nepotibus
900 263 935 289 ad

149 306 321 340 septuaginta
335 307 457 341 quinque
467 307 555 342 capita
568 307 750 343 inAEgyptum
765 309 934 343 tnigrarunt;

150 356 176 378 nl
193 352 219 378 in
235 353 321 386 primo
335 352 510 380 Pentateuchi
523 353 636 380 Mosaici
659 354 800 381 volumine
825 355 934 390 legitur.

148 398 193 428 ubi
211 398 267 424 haec
281 399 372 425 omnia
389 403 517 426 accurate
533 399 671 434 descripta
690 403 765 426 sunt.
795 399 853 428 Illic
872 407 936 434 por—

147 452 189 475 ro,
207 444 280 478 quod
295 452 310 470 a
325 445 403 474 nobis
419 453 490 479 saepe
504 445 607 473 dictum
622 450 675 476 est,
690 449 717 472 et
742 445 795 473 hoc
811 446 872 473 loco
887 454 935 473 ne-

147 491 268 518 cessario
285 491 461 526 repetendum
478 491 538 522 fuit,
566 492 688 527 quinque
710 496 821 519 aetatum
846 491 935 527 spatio

147 541 368 569 permanserunt.
385 536 451 569 Quae
467 537 577 572 quidem
591 543 606 563 a
623 535 726 564 Jacobo
749 544 797 572 per
808 536 871 564 Levi
885 537 934 564 de-

146 581 236 609 ducta:
249 589 428 623 numerantur
452 591 565 615 omnes;
584 584 618 611 de
633 583 713 618 cujus
737 584 823 618 stirpe
841 591 935 611 sacer-

147 627 225 655 dotes
241 628 358 670 instituti
381 634 445 669 sunt
461 637 468 655 :
487 629 536 656 sed
552 633 580 656 et
592 629 692 657 eaedem
708 633 804 657 aetates
821 637 869 664 per
885 628 934 657 Ju-

145 673 208 704 dam
232 668 344 710 digesta:
367 668 442 707 sunt,
469 683 484 702 a
508 683 563 710 quo
589 675 674 703 David
694 676 750 709 ille,
767 676 812 711 qui
841 680 935 711 postea
954 676 1090 711 regnavit,
1120 675 1255 703 oriundus
1286 676 1347 703 fuit.

989 225 1032 247 κις
1045 214 1130 243 εἷπον.
1148 217 1205 244 Νῦν
1223 218 1252 244 δὲ
1265 218 1388 254 ἀνάγκην
1407 218 1486 253 ἔσχον
1499 217 1586 244 ταῦτα
1600 217 1775 252 δευτερῶσαι.

990 262 1120 296 Ἔμειναν
1132 263 1186 298 γὰρ
1202 263 1255 289 ἀπὸ
1270 263 1318 290 τοῦ
1344 263 1441 290 Ἰακὼϐ
1458 265 1486 290 αἱ
1501 264 1593 298 γενεαὶ
1608 263 1778 298 ἀριθμούμε-

989 316 1033 334 ναι
1048 308 1092 334 διὰ
1108 308 1155 334 τοῦ
1169 308 1245 339 Λευῖ,
1262 309 1291 342 ἐξ
1310 305 1396 344 οὗπερ
1414 311 1438 335 οἱ
1457 310 1538 345 ἱερεῖς
1559 309 1775 343 κατεστάθησαν,

989 354 1037 380 καὶ
1052 353 1095 381 διὰ
1114 354 1162 381 τοῦ
1188 354 1283 386 Ἰούδα,
1307 355 1336 388 ἐξ
1357 351 1388 381 οῦ
1405 355 1474 390 μετὰ
1490 355 1601 390 χρόνους
1617 355 1631 380 ὁ
1649 354 1777 388 βασιλεὺς

988 396 1056 434 ἦρξε
1071 400 1163 426 Δαῦίδ.
1184 400 1237 426 Καὶ
1259 401 1273 427 ὁ
1297 400 1347 435 μὲν
1362 400 1443 432 Λευῖς
1463 401 1544 435 γεννᾷ
1564 400 1609 426 τὸν
1629 399 1706 426 Καὰο
1726 399 1776 424 καὶ

988 445 1051 475 τοὺς
1063 445 1167 476 ἄλλους·
1184 445 1262 472 Καὰο
1277 447 1359 481 γεννᾷ
1368 446 1414 472 τὸν
1433 446 1553 481 Ἀμράμ-
1570 445 1681 480 Ἀμρὰμ
1692 445 1776 479 γεννᾷ

988 490 1033 516 τὸν
1044 491 1161 517 Μωῦσέα
1173 492 1220 517 καὶ
1236 492 1340 527 Ἀαρὼν
1352 492 1398 518 τὸν
1407 492 1548 527 ἀρχιερέα.
1564 489 1647 522 Οὗτος
1663 492 1677 517 ὀ
1692 491 1775 517 Muti-

989 536 1039 570 σῆς
1053 536 1178 564 ἐκϐάλλει
1194 538 1257 569 τοὺς
1274 538 1347 569 υἱοὺς
1365 538 1472 573 Ἰσραὴλ
1486 538 1515 565 ὲν
1531 537 1645 574 δυνάμει
1661 536 1727 563 Θεοῦ
1741 537 1776 563 ὲχ

988 582 1040 617 γῆς
1057 582 1205 616 Αἰγύπτου,
1225 583 1262 615 ὼς
1277 582 1333 618 ἔχει
1350 585 1368 619 ἡ
1382 583 1496 618 δευτέρα
1511 583 1582 610 κατὰ
1599 583 1648 618 τὴν
1663 583 1775 618 νομοθε-

989 628 1050 655 σίαν
1064 628 1153 663 βίϐλος

1391 676 1497 703 Etenim
1520 675 1585 703 Levr
1624 682 1774 707 naatnum,

147 719 271 755 aliosque
282 722 385 756 genuit.
398 722 521 750 Kaathus
533 722 704 750 Amramum.
721 723 775 758 18
789 724 938 751 Amramus
954 723 1077 758 Moysen,
1093 727 1120 749 et
1140 723 1275 749 Aaronem
1295 722 1462 757 pontiﬁcem.
1478 721 1537 749 .Iam
1570 729 1635 749 vero
1664 721 1775 756 Moyses

145 765 283 793 lsraelitas
297 766 389 794 divina
403 767 429 793 vi
445 763 532 799 fretus
556 774 589 794 ex
605 766 724 802 Egypto
749 768 884 799 traduxit,
901 773 931 794 ut
948 768 976 794 in
991 767 1113 794 secundo
1126 767 1194 802 legis
1211 767 1350 794 volumine
1368 768 1501 802 scriptum
1520 771 1573 794 est.

181 809 213 838 V.
242 811 375 845 Creterum
404 812 542 846 quodnam
568 812 603 839 ad
630 812 683 840 hoc
711 815 818 847 tempus
849 812 933 840 fuerit

1018 811 1055 839 E'.
1071 812 1103 838 Τί
1118 812 1209 847 μέντοι
1226 820 1258 846 γε
1271 810 1304 847 ἦν
1319 813 1335 847 ὴ
1355 811 1409 838 τῶν
1426 811 1493 838 υἱῶν
1514 812 1623 848 Ἰσραὴλ
1638 811 1773 843 πολιτεία,

146 855 333 886 IsraelitarUItt
359 855 422 883 vitae
440 864 526 891 genus
542 861 627 892 atque
650 857 819 890 institutum,
842 857 934 884 decla-

147 909 208 929 rare
223 900 303 942 facile
314 909 395 929 nemo
407 906 506 937 potest.
525 903 580 931 nisi
598 903 665 930 illud
677 903 829 936 duntaxat;
844 903 933 938 legiti-

146 953 220 972 mum
234 945 305 981 apud
322 953 369 974 eos
385 947 470 974 divini
483 947 604 975 numinis
620 948 726 975 cultum
740 955 803 976 cum
814 949 934 976 circum:

144 990 250 1019 cisione
261 991 392 1026 viguisse.
406 990 523 1019 Tametsi
542 992 677 1027 scriptum
686 993 746 1020 est‘
765 992 934 1027 multiplica-

145 1039 189 1065 tos
205 1035 233 1062 in
251 1035 369 1071 Aﬁgypto
385 1035 494 1064 lsraelis
506 1037 624 1069 lilios,ct
636 1045 692 1072 prce
702 1037 780 1072 copia
792 1037 860 1065 viles
871 1045 933 1065 esse

145 1079 243 1108 factos.
260 1081 402 1115 Siquidem
423 1082 653 1116 peregrinationis
680 1082 727 1109 illa
751 1082 931 1114 diuturnitas,

145 1126 411 1162 consuetudinisque
427 1135 490 1154 cum
512 1128 635 1158 externis
659 1136 708 1162 per
725 1135 820 1159 eorum
843 1127 932 1163 negli-

145 1172 264 1206 gentiam
285 1173 318 1199 ad
331 1173 404 1199 illam
416 1181 464 1203 eos
477 1173 609 1203 vilitatem
634 1173 742 1208 abjecit.
757 1173 857 1200 Verum
871 1173 934 1209 qui-

146 1217 198 1244 bus
212 1217 282 1245 cibis
295 1217 336 1245 fas
349 1222 422 1245 esset
448 1218 498 1248 uti.
511 1222 559 1247 aut
585 1226 601 1245 a
615 1219 714 1253 quibus
741 1219 933 1248 abstinendum

145 1262 229 1296 foret;
243 1268 397 1299 cmleraque
413 1265 505 1292 omnia
518 1273 579 1300 quae
594 1273 627 1292 ex
651 1265 719 1300 legis
745 1270 839 1300 postea
861 1273 933 1300 prte-

145 1309 251 1344 scripto
278 1310 413 1337 servanda
436 1310 578 1344 proposita
608 1314 684 1340 sunt.
712 1311 833 1337 nondum
861 1310 933 1339 Deus

145 1359 239 1390 aperte
254 1355 435 1391 significarat.
459 1355 641 1390 Posteaquam
670 1364 735 1383 vero
762 1365 795 1384 ex
814 1356 933 1392 Egypto

145 1401 263 1435 digressi
278 1405 354 1433 sunt,
380 1409 452 1429 anno
475 1401 656 1436 profectionis
671 1402 803 1434 secundo,
819 1403 863 1429 lex
878 1403 933 1430 illis

145 1454 159 1478 ιι
175 1446 228 1474 Deo
243 1447 392 1482 interprete
405 1446 480 1474 Mose
493 1447 623 1474 traditur.
645 1447 711 1480 Qua:
728 1447 866 1482 paedagogi
893 1448 934 1474 \i-

984 857 1048 892 ᾶχρι
1060 857 1153 884 τούτου
1166 856 1213 884 τοῦ
1229 857 1325 893 χρόνου
1342 857 1372 883 οὗ
1393 858 1463 887 πάνυ
1484 858 1576 892 σαφῶς
1593 857 1663 884 κατὰ
1675 857 1706 883 τὸ
1719 865 1773 890 φα-

984 902 1135 938 νερώτατον
1150 902 1224 929 ἐστιν
1242 904 1339 934 εἰπεῖν,
1357 903 1373 938 ἢ
1389 903 1468 937 μόνον
1480 903 1521 929 ὅτι
1535 904 1564 929 ἐν
1578 902 1715 937 θεοσεϐείᾳ
1726 901 1774 929 καὶ

984 949 1120 984 περιτομῇ
1143 947 1277 983 ὑπῆρχον.
1303 948 1334 974 Εἰ
1353 948 1400 974 καὶ
1423 948 1589 983 γέγραπται,
1606 948 1647 974 ὅτι
1673 947 1773 983 Ἑπλη-

985 993 1120 1028 θύνθησαν
1145 994 1175 1019 ὲν
1203 994 1238 1028 γῇ
1254 993 1384 1028 Αἰγύπτῳ
1422 994 1447 1020 οί
1480 993 1534 1019 υἱοὶ
1567 992 1693 1028 Ἰσραὴλ,
1724 993 1773 1019 καὶ

984 1040 1087 1075 χυδαῖοι
1109 1040 1233 1073 ἐγένοντο
1263 1039 1330 1075 (56).
1357 1039 1468 1070 Πάντως
1492 1039 1547 1074 γάρ
1566 1047 1617 1065 που
1650 1039 1663 1064 ὁ
1677 1039 1775 1073 χρόνος

984 1087 1033 1122 τῆς
1047 1085 1137 1113 αὐτῶν
1148 1085 1295 1122 παροικίας
1311 1085 1359 1112 καὶ
1376 1085 1517 1120 ἐπιμιξίας
1533 1084 1577 1111 διὰ
1595 1084 1729 1120 ρᾳθυμίαν
1742 1083 1777 1110 τὸ

985 1131 1094 1167 χυδαῖον
1116 1132 1273 1167 εἰργάσατο.
1294 1132 1380 1158 Τίνων
1404 1132 1494 1166 μέντοι
1510 1130 1648 1166 γεύεσθαι,
1672 1131 1688 1166 ἢ
1713 1130 1774 1156 τίνα

984 1176 1178 1212 ἀπαγορεύειν,
1193 1177 1209 1212 ἢ
1221 1176 1305 1203 τᾶλλα
1325 1177 1376 1203 ὅσα
1391 1176 1463 1203 κατὰ
1474 1175 1616 1211 διαστολὴν
1630 1175 1677 1201 τοῦ
1690 1175 1773 1210 νόμου

985 1222 1129 1258 φυλάττειν
1146 1222 1380 1258 προσετάχθησαν,
1400 1221 1475 1248 οῦπω
1488 1221 1559 1248 κατὰ
1572 1221 1600 1247 τὸ
1617 1220 1773 1254 φανερώτα-

985 1278 1030 1297 τον
1042 1270 1245 1305 ἐπεσημήνατο.
1265 1269 1406 1302 Ἐξιόντων
1423 1268 1451 1294 δὲ
1466 1269 1498 1294 ἐκ
1513 1268 1564 1303 γῆς
1580 1267 1728 1301 Αἰγύπτου,
1744 1267 1774 1292 ὲν

984 1315 1023 1351 τῷ
1044 1316 1163 1352 δευτέρῳ
1183 1315 1238 1342 ἔτει
1257 1316 1306 1350 τῆς
1325 1314 1416 1341 αὐτῶν
1431 1314 1520 1346 ἐξόδου
1542 1312 1687 1348 νομοθεσίᾳ
1705 1311 1775 1337 Θεοῦ

985 1361 1178 1393 καταξιοῦνται
1194 1361 1238 1388 διὰ
1253 1361 1344 1396 χειρὸς
1362 1360 1444 1387 αὑτοῦ
1467 1360 1514 1387 τοῦ
1527 1358 1675 1389 Μωῡσέως.
1698 1358 1730 1384 'Il
1744 1357 1773 1386 δὲ

985 1405 1131 1440 νομοθεσία
1147 1406 1163 1440 ἡ
1182 1406 1214 1432 ὲκ
1230 1405 1297 1432 Θεοῦ
1313 1405 1405 1437 αὐτοῖς
1423 1404 1530 1431 δοθεῖσα
1546 1401 1719 1437 παιδαγωγοῦ
1733 1402 1773 1428 δί-

985 1459 1037 1486 κην
1052 1450 1100 1483 (ὡς
1114 1451 1161 1477 καὶ
1178 1451 1350 1486 παιδαγωγὸς
1364 1449 1398 1486 ἦν
1414 1451 1428 1477 ὁ
1440 1450 1531 1485 νόμος,
1546 1448 1709 1484 σωματικῶς
1725 1448 1775 1483 μὲν

146 1501 191 1521 ees
210 1501 309 1529 gerens
323 1493 430 1529 (revera
460 1494 534 1521 enim
558 1501 659 1520 munus
685 1493 754 1520 illud
775 1494 931 1525 exercebat,

988 1496 1217 1532 διαστελλόμενος,
1236 1497 1426 1533 πνευματικὴν
1447 1497 1475 1523 δὲ
1496 1496 1566 1531 ἔχων
1585 1495 1635 1530 τὴν
1661 1494 1774 1530 προσδο-

146 1547 208 1566 rum
224 1547 285 1574 qua:
300 1539 333 1566 ad
345 1547 446 1574 corpus
461 1539 627 1574 pertinentia
649 1538 848 1573 prmscriberet.
877 1539 933 1572 spi-

146 1585 244 1616 rituale
258 1584 387 1619 quiddam
404 1592 452 1618 spe
479 1588 560 1618 atque
585 1583 790 1617 exspectatione
806 1583 933 1610 contine-

147 1629 390 1665 ret),~circumcidi
415 1630 540 1664 jubebat,
559 1637 591 1656 ac
608 1629 749 1657 celebrare
769 1629 933 1661 Sabbatum,

145 1676 324 1710 decimasque
345 1675 454 1710 frugum
480 1679 508 1702 et
530 1675 637 1702 fetuum
652 1675 787 1707 omnium,
814 1680 870 1703 tam
886 1675 935 1702 ho—

146 1722 254 1749 minum
268 1729 352 1756 quam
379 1728 521 1756 pecorum,
548 1728 655 1748 necnon
683 1724 710 1747 et
724 1720 873 1755 primitias,
902 1727 935 1747 ac

146 1768 392 1803 quinquagesimas
401 1767 613 1801 tricesimasque
624 1766 680 1794 Deo
693 1766 745 1793 soli
754 1773 934 1798 consecrare;

146 1814 221 1843 hunc
232 1813 349 1842 adorare
372 1813 484 1846 solum;
516 1812 597 1847 cujus
620 1811 672 1839 etsi
697 1811 811 1838 nomine
835 1811 936 1838 unicus

148 1860 282 1887 duntaxat
295 1859 497 1895 praedicabatur
507 1858 630 1885 onmium
643 1857 800 1884 moderator
815 1864 847 1883 ac
859 1855 937 1890 prin-

147 1914 225 1941 ceps,
238 1913 291 1933 una
308 1910 402 1933 tamen
417 1908 444 1933 et
469 1903 594 1931 Trinitas
611 1910 721 1938 semper
734 1902 762 1928 in
780 1902 826 1930 illa
841 1902 937 1937 singu~

147 1953 198 1980 lari
212 1952 356 1980 divinitate
370 1951 508 1984 nuntiata,
524 1950 685 1985 creditaque
701 1950 736 1977 ab
750 1949 805 1976 illis
819 1953 871 1981 est,
886 1948 934 1983 qui

147 1998 256 2029 caeteris
273 1997 483 2028 antecellerent,
509 1995 664 2031 cujusmodi
687 1995 825 2030 propheta:
852 1997 934 2028 atque

987 1542 1072 1577 κίαν),
1092 1543 1217 1570 ἐδίδασκε
1234 1543 1456 1579 περιτέμνεσθαι,
1476 1541 1659 1574 σαὸὂατίςειν,
1675 1540 1774 1567 ἀποδε-

987 1588 1086 1615 κατοῦν
1099 1588 1187 1615 πάντα
1199 1588 1234 1615 τὰ
1244 1588 1335 1615 αὐτῶν
1345 1588 1510 1623 γεννήματα,
1523 1587 1571 1613 καὶ
1583 1587 1631 1613 ὅσα
1643 1594 1695 1621 περ
1710 1585 1773 1620 παρ’

988 1632 1080 1664 αὐτοῖς
1094 1633 1227 1664 ἐτίκτετο,
1243 1633 1297 1660 ἀπὸ
1312 1633 1456 1667 ἀνθρώπου
1473 1631 1526 1663 ’έως
1541 1631 1666 1666 κτήνους,
1684 1630 1773 1665 ἀπαρ-

988 1678 1039 1713 χάς
1051 1686 1081 1703 τε
1096 1677 1197 1705 διδόναι
1214 1678 1260 1704 καὶ
1275 1677 1460 1712 πεντηκοστὴν
1476 1677 1523 1703 καὶ
1543 1676 1716 1712 τριακοστὴν,
1738 1676 1773 1701 εἰν

987 1722 1061 1748 δέναι
1076 1722 1135 1757 Θεῷ
1150 1723 1222 1758 μόνῳ
1237 1722 1285 1748 καὶ
1297 1722 1372 1757 αὑτῷ
1387 1721 1542 1758 λατρεύειν,
1557 1722 1586 1747 ὲν
1605 1719 1738 1756 μοναρχίᾳ.
1756 1721 1773 1755 ὴ

987 1767 1066 1802 τριὰς
1080 1767 1123 1794 ἀεὶ
1138 1767 1348 1802 κατηγγέλλετο,
1366 1768 1413 1794 καὶ
1429 1766 1586 1794 ἐπιστεύετο
1603 1766 1668 1801 παρ’
1683 1765 1774 1796 αὐτοῖς

986 1814 1044 1844 τοῖς
1055 1812 1232 1848 ὲξοχωτὰτοις
1247 1813 1346 1844 αὐτῶν,
1360 1812 1482 1839 τουτέστι
1494 1811 1646 1848 προφήταις
1659 1809 1706 1836 καὶ
1715 1810 1768 1845 ἠγι

988 1858 1126 1893 ασμένοις.
1141 1859 1242 1890 Θυσίας
1253 1867 1283 1885 τε
1299 1859 1346 1885 καὶ
1358 1857 1484 1894 λατρείας
1497 1857 1640 1892 διαφόρους
1651 1855 1689 1890 τῷ
1703 1863 1769 1889 παμ-

989 1904 1095 1931 ϐασιλεῖ
1111 1904 1171 1939 Θεῷ
1185 1905 1215 1931 ὲν
1232 1905 1265 1940 τῇ
1278 1904 1375 1940 ἐρήμῳ
1387 1904 1553 1939 προσέφερον
1569 1903 1598 1928 ὲν
1614 1903 1648 1936 τῇ
1665 1900 1775 1935 λατρεία

988 1950 1037 1985 τῆς
1050 1951 1247 1986 σκηνοπηγίας,
1258 1950 1312 1977 ὑπὸ
1325 1950 1465 1981 Μωῦσέως
1478 1949 1522 1975 διὰ
1537 1947 1630 1974 τύπων
1646 1945 1774 1981 δηλωθέν-

987 2003 1042 2022 των
1052 1995 1127 2031 αὺτῷ
1143 1996 1195 2022 ὑπὸ
1206 1995 1275 2027 Θεοῦ
1289 1994 1564 2028 κατασκευασθείσης.

147 2044 248 2074 eximia
266 2044 412 2075 sanctitate
429 2042 535 2078 praediti
550 2043 681 2077 homines
697 2041 819 2070 fuerunt.
835 2040 970 2068 Praeterea
984 2042 1068 2070 certis
1099 2042 1256 2076 sacrificiis,
1289 2042 1431 2077 variisque
1464 2041 1563 2067 ritibus
1591 2046 1623 2065 ac
1646 2044 1765 2064 caeremo

146 2093 204 2124 niis
220 2092 247 2119 in
263 2092 372 2119 deserto
385 2090 563 2126 praepotentis
579 2091 613 2117 ad
632 2090 678 2117 Dei
696 2090 800 2116 cultum
829 2089 934 2124 operati
951 2094 1027 2122 sunt,
1041 2098 1103 2118 cum
1122 2091 1150 2118 in
1183 2090 1356 2118 tabernaculi
1382 2089 1514 2124 religione
1546 2090 1642 2114 essent
1656 2084 1775 2116 assidui,

147 2139 220 2177 quod
234 2147 249 2166 a
263 2139 355 2175 Moyse
369 2139 403 2166 ad
421 2139 489 2167 illud
503 2139 645 2173 exemplar
660 2138 733 2172 quod
748 2146 763 2164 a
790 2137 843 2164 Deo
859 2143 1043 2165 monstratum
1063 2143 1116 2171 est,
1140 2138 1233 2166 fuerat
1249 2142 1432 2167 exstructum,

184 2185 238 2213 Sed
255 2185 336 2212 iidem
352 2184 440 2212 Judaei
457 2185 492 2212 de
513 2184 634 2211 adventu
651 2183 756 2211 Christi
784 2184 934 2219 propheta-
952 2186 974 2212 D

146 2240 208 2262 rum
222 2239 355 2266 accepere
371 2238 521 2266 responsa;
547 2230 720 2264 quibuscum
739 2230 783 2256 ille
803 2230 936 2264 propheta

147 2279 298 2309 diceretur,
310 2285 406 2305 revera
426 2281 519 2306 tamen
536 2276 608 2303 Deus
633 2281 702 2307 erat,
720 2274 824 2310 Deique
837 2274 935 2306 Filius,

146 2332 210 2354 cum
228 2324 342 2359 angelus
357 2323 553 2358 appellaretur,
571 2329 652 2357 quem
668 2325 695 2349 et
706 2321 844 2348 hominem
863 2321 934 2347 futu.

147 2377 221 2402 tum,
240 2377 325 2404 seque
341 2369 374 2396 ad
391 2368 491 2395 fratres
516 2375 582 2397 suos
600 2371 814 2402 aggregaturum
828 2366 874 2393 illa
888 2374 935 2393 ea-

147 2417 210 2446 dem
221 2416 333 2443 oracula
355 2415 546 2450 prodiderunt.
563 2413 648 2448 Cujus
664 2413 704 2440 rei
734 2413 814 2440 Iidem
832 2413 934 2440 divina:

146 2470 244 2495 omnes
262 2462 413 2497 Scriptura:
427 2461 548 2493 faciunt;
574 2460 623 2487 sed
638 2459 844 2487 Deuteronomii
865 2459 935 2486 liber

146 2510 174 2537 in
187 2509 296 2545 primis,
313 2507 387 2543 quod
398 2512 442 2535 est
457 2507 585 2542 quintum
602 2506 670 2541 legis
687 2506 827 2538 volumen,
842 2513 874 2532 ac
888 2513 934 2532 re—

146 2555 221 2590 liqua
237 2554 368 2588 deinceps
378 2552 480 2580 omnia.

182 2612 191 2628 ¹
204 2611 291 2640 Exod.
309 2619 329 2643 ι,
345 2611 375 2654 ⁴7.

181 2691 240 2727 (56)
261 2691 316 2718 Καὶ
342 2688 629 2727 χυδιτῖοι,ἐγένοντοἶ
650 2687 761 2727 Χυδαῖοι
791 2687 843 2727 hoc
861 2686 937 2727 .loco

149 2720 220 2756 tdém
231 2720 277 2754 est
292 2720 373 2761 atque
387 2720 562 2761 abundantes,
572 2723 671 2761 eopiosi
685 2723 802 2761 fuerunt.
820 2720 938 2761 Epipha-

149 2762 212 2789 nius
227 2769 290 2788 vero
307 2755 420 2796 perinde
437 2760 487 2796 hoe
495 2755 665 2796 vocabulum
683 2758 801 2796 accipit._
815 2764 846 2783 ac
862 2756 884 2782 si
901 2755 939 2782 vi-

149 2795 186 2832 te:
201 2803 225 2824 et
238 2792 400 2832 conte-inple:
417 2794 594 2832 signiﬁcaret.
611 2792 686 2832 Nant
697 2800 728 2832 ea
742 2792 818 2819 vocis
832 2795 873 2818 est
891 2797 939 2823 p0-

150 2827 244 2868 (Qstgs.
270 2827 529 2867 llinc'dactylbrum
550 2837 637 2866 genus
661 2827 732 2855 divis
756 2833 866 2856 sacrum
891 2832 940 2866 pet;

1032 2185 1174 2219 Ἑδέξαντο
1198 2185 1264 2221 γοῦν
1293 2186 1317 2212 oi.
1348 2184 1426 2212 αὐτοὶ
1457 2183 1577 2210 Ἰουδαῖοι
1596 2181 1642 2207 καὶ
1668 2187 1774 2215 προφη-

990 2232 1069 2264 τικὰς
1084 2231 1175 2266 φωνὰς
1190 2232 1254 2267 περὶ
1269 2231 1316 2258 τοῦ
1325 2230 1444 2266 Χριστοῦ
1458 2229 1615 2264 ἐρχομένου,
1631 2226 1775 2261 λεγομένου

992 2278 1041 2313 μὲν
1056 2279 1207 2314 προφήτου,
1223 2279 1299 2310 ὖντος
1315 2277 1343 2304 δὲ
1355 2276 1434 2309 Θεοῦ,
1455 2276 1502 2302 καὶ
1518 2275 1633 2309 ἀγγέλου
1652 2274 1700 2309 μὲν
1716 2273 1773 2308 κλη-

992 2324 1095 2356 θέντος,
1110 2324 1174 2351 Υἱοῦ
1187 2324 1214 2351 δὲ
1227 2325 1304 2355 ὄντος
1313 2323 1391 2354 θεοῦ,
1407 2323 1547 2358 μέλλοντος
1561 2321 1588 2347 δὲ
1602 2319 1774 2355 ὲνανθρωπή-

993 2378 1060 2400 σειν.
1088 2370 1137 2396 καὶ
1161 2370 1190 2396 ὲν
1216 2368 1341 2403 ἀδελφοῖς
1366 2367 1446 2394 αὑτὸν
1470 2364 1712 2401 ἐγκαταλέγεσθαι,
1740 2363 1775 2393 ὡς

991 2414 1082 2449 ἔχουσι
1096 2415 1182 2441 πᾶσαι
1199 2415 1226 2441 αί
1240 2414 1309 2441 θεῖαι
1324 2413 1441 2448 Γραφαὶ,
1462 2412 1579 2447 μάλιστα
1622 2409 1668 2436 τοῦ
1685 2410 1772 2435 Δευτε-

992 2461 1122 2497 ρονομίου
1144 2461 1219 2495 κατὰ,
1234 2461 1284 2496 τὴν
1304 2459 1464 2495 νομοθεσίαν
1484 2458 1597 2493 πέμπτη
1615 2455 1716 2491 βίϐλος,
1730 2455 1774 2481 καὶ

991 2505 1117 2541 καθεξῆς.

992 2689 1179 2719 contemptum
1207 2691 1222 2711 a
1237 2682 1339 2719 Judzeis
1355 2681 1496 2719 chydaeum
1512 2683 1652 2719 vocatum.
1673 2677 1774 2719 Plinius

992 2712 1040 2747 lib.
1058 2712 1136 2752 xxtil,
1150 2727 1175 2746 e.
1189 2719 1220 2745 4:
1241 2717 1313 2745 Nam
1328 2712 1439 2753 quos'ea:
1454 2717 1488 2753 iis
1507 2715 1599 2742 honori
1615 2715 1722 2740 deorum

994 2764 1096 2784 camus.
1113 2748 1234 2788 σίιῃάιιτοδ
1261 2748 1400 2788 αρυρίίαυὶι
1415 2751 1522 2785 Judwa,
1538 2759 1599 2786 gens
1618 2748 1777 2780 contumelia

994 2791 1132 2818 mmu'num
1146 2789 1257 2824 insignis
