1944 3037
138 93 202 121 213

186 169 207 184 H
225 171 232 178 I
262 169 347 186 “VLV'
363 169 392 177 νὴ
408 169 480 177 ννιιυ-
497 169 521 176 Vl
548 169 660 177 ιυιινυδιυιι
679 169 742 188 “LP.
761 169 803 187 λιιι,
816 169 870 179 *ιιι-υ
884 169 937 177 "W—

118 169 271 254 ςἷΰυλῶνος
285 195 473 231 αἰχμαλωσίας
490 196 618 222 ἐπανόδου
637 196 743 231 βίϐλους
756 206 786 224 τε
805 197 852 224 καὶ
872 205 942 233 προ-

141 242 241 254 -_.L___
256 242 370 254 _-.'._-.._
393 242 437 254 ...Α
457 241 604 254 __‘.‘__.-...
620 241 674 254 DIE‘
683 251 727 254 _.,-
741 242 823 254 __..’,__
831 250 850 254 Α.
865 241 923 254 __.'.

139 242 241 276 φήτας
256 242 380 274 τούτους,
393 242 440 268 καὶ
456 241 604 277 προφητῶν
620 241 727 276 βίϐλους
739 242 850 274 ταύτας·
864 241 941 278 πρώ-

127 294 200 321 ¹’την
217 286 267 322 μὲν
280 286 400 318 Γένεσιν,
414 286 542 320 δευτέραν
553 285 581 312 δὲ
594 285 714 319 Ἐξοδον,
727 287 824 322 τρίτην
834 287 942 314 Λευῖτι-

143 331 213 363 κὸν,
235 331 369 367 τετάρτην
391 331 546 366 Ἀριθμοὺς,
571 332 699 367 πέμπτην
722 333 940 369 Δευτερονόμιον,

143 377 236 411 ἕκτην
253 377 341 412 βίϐλον
359 377 446 413 Ἰησοῦ
459 376 506 403 τοῦ
519 377 608 412 Ναυῆ,
624 377 741 413 ἑϐδόμην
754 378 808 404 τῶν
821 379 941 415 Κριτῶν,

144 423 250 458 ὀγδόην
272 423 322 458 τῆς
353 423 442 456 Ῥοὺθ,
471 422 585 458 ὲννάτην
610 423 658 449 τοῦ
681 423 751 455 Ἰὼϐ,
776 424 891 460 δεκάτην
910 426 941 452 τὸ

145 467 320 502 Ψαλτήριον,
335 467 480 503 ἑνδεκάτην
493 468 646 503 Παροιμίας
661 468 843 504 Σολομῶντος,
856 469 942 496 δυοδε-

146 511 319 546 καιδεκάτην
335 511 560 547 Ἐκκλησιαστὴν,
571 511 797 547 τρισκαιδεκάτην
807 513 836 539 τὸ
846 510 940 548 ⁷ᾼσμα

146 559 208 584 τῶν
233 557 372 593 ᾀσμάτων,
394 557 694 593 τεσσαρεσκαιδεκάτην
720 558 831 594 πρώτην
859 559 940 586 Βασι-

146 601 245 634 λειῶν,
264 602 509 637 πεντεκαιδεκάτην
523 603 651 638 δευτέραν
670 603 827 636 Βασιλειῶν,
845 605 940 632 ἑκκαι-

145 648 269 682 δεκάτην
280 647 375 683 τρίτην
391 647 548 680 Βασιλειῶν,
561 648 794 683 ἑπτακαιδεκάτην
808 649 941 684 τετάρτην

147 686 313 724 Βασιλειῶν,
338 692 577 727 ὀκτωκαιδεκάτην
598 692 710 728 πρώτην
734 693 940 729 Παραλειπομέ-

148 746 219 770 νων,
234 737 476 773 ἐννεακαιδεκάτην
489 738 618 774 δευτέραν
634 739 890 775 Παραλειπομένων,
904 741 942 767 εἰ-

149 783 253 817 κοστὴν
262 782 291 809 τδ
300 783 558 818 Δωδεκαποόφητον,
569 784 695 819 εἰκοστὴν
704 784 816 820 πρώτην
830 786 942 812 Ἡσαΐαν

147 820 199 853 τὸν
217 828 369 863 προφήτην,
387 828 512 863 εὶκοστὴν
524 829 653 865 δευτέραν
669 829 714 857 τὸν
733 831 874 866 προφήτην
894 832 941 858 Ἰε-
959 821 979 847 Β

150 873 265 908 ρεμίαν,
285 874 354 908 μετὰ
374 874 428 901 τῶν
444 874 554 910 Θρήνων
569 875 617 901 καὶ
642 875 804 903 Ἐπιστολῶν
817 876 898 903 αὐτοῦ
910 886 940 904 τε

150 919 202 945 καὶ
217 919 264 945 τοῦ
282 919 398 955 Βαρούχ·
415 920 541 956 εἰκοστὴν
554 921 650 957 τρίτην
673 921 803 957 Ἰεζεκιὴλ
819 922 864 949 τὸν
875 931 941 958 προ-

150 965 253 999 φήτην,
273 965 398 1001 εἰκοστὴν
416 965 550 1002 τετάρτην
566 965 663 1002 Δανιὴλ
677 966 723 993 τὸν
736 968 889 1003 προφήτην,
903 969 941 994 εί-

150 1009 256 1045 κοστὴν
274 1011 402 1047 πέμπτην
421 1011 452 1038 τὸ
465 1012 573 1048 πρῶτον
592 1012 693 1047 βιϐλίον
709 1012 757 1039 τοῦ
774 1013 886 1048 Ἔσδρα,
900 1015 939 1040 εί-

150 1056 254 1092 κοστὴν
269 1056 351 1093 ἕκτην
363 1058 393 1084 τὸ
411 1057 536 1093 δεύτερον
552 1058 664 1092 βιϐλίον,
681 1058 807 1094 εἰκοστὴν
821 1059 938 1095 ἑϐδόμην

475 90 662 120 ADVERSUS
681 91 854 122 HAERESES
871 92 936 121 LIB.
956 93 978 121 I.
995 91 1078 120 'I'OM.
1097 91 1119 120 Ι.
1141 106 1176 112 —-
1198 89 1335 118 HERES.
1356 89 1419 117 VIII.

185 153 232 184 ς’.
249 151 348 186 Ἔσχον
363 150 392 177 δὲ
407 145 480 177 οὗτοι
497 150 521 176 οἶ
540 150 660 177 Ἰουδαῖοι
679 151 742 188 ἄχρι
755 152 803 187 τῆς
816 151 870 179 ἀπὺ
884 151 937 177 Βα-

1023 149 1070 182 νι,
1081 151 1121 177 Ac
1134 149 1209 185 quod
1221 150 1254 177 ad
1269 148 1380 177 Iudaeos
1399 148 1469 175 istos
1489 147 1600 180 attinet,
1619 145 1672 182 19
1683 146 1717 173 ad
1743 147 1778 173 il-

1724 87 1778 116 2M

993 197 1040 224 lud
1068 203 1156 232 usque
1178 201 1299 231 tempus,
1325 203 1380 231 quo
1403 203 1436 222 ex
1459 194 1625 230 Babylonica
1643 194 1777 222 servitute

992 243 1096 270 reversi
1113 246 1189 274 sunt,
1201 242 1252 269 hos
1268 246 1295 269 et
1307 241 1466 277 prophetas,
1487 244 1515 267 et
1532 240 1728 275 prophetarum
1741 240 1777 266 li-

992 289 1057 316 bros
1073 289 1240 316 habuerunt.
1268 287 1377 315 Primus
1405 291 1449 315 est
1475 285 1613 314 Geneseos
1640 285 1726 318 liber;
1743 292 1775 318 ιι,

991 334 1095 367 Exodi;
1124 343 1167 366 ιιι,
1184 333 1340 365 Leviticus;
1361 342 1398 363 iv,
1413 332 1540 364 Numeri;
1558 340 1585 363 ν,
1608 331 1776 358 Deuterono-

992 379 1094 411 mium;
1109 386 1147 410 Vl,
1162 377 1232 405 liber
1247 376 1312 405 Jesu
1327 377 1375 404 lilii
1388 376 1478 410 Nave;
1491 384 1541 408 vn,
1558 375 1775 408 Judicum;vm,

993 423 1089 456 Ruth;
1108 432 1146 452 ix.
1161 422 1262 456 Job;x,
1272 422 1452 455 Psalterium;
1462 420 1646 455 xt,Parabola:
1653 419 1777 448 Salomo-

992 469 1055 503 nis;
1079 477 1131 501 ιιι,
1147 468 1346 501 Ecclesiastes;
1358 476 1418 500 xm,
1433 467 1576 494 CantiCum
1589 466 1775 499 canticorum;

992 523 1049 547 χιιι,
1062 515 1131 542 liber
1145 514 1156 541 l
1168 514 1342 549 Regnorum;
1356 522 1401 544 xv,
1419 513 1489 540 liber
1499 511 1520 538 II
1539 512 1776 547 chnorum;xvt,

992 558 1062 585 liber
1075 557 1108 585 lll
1128 557 1299 592 Regnorum;
1315 557 1453 589 xvu,liber
1470 554 1503 582 IV
1518 555 1688 590 Regnorum;
1700 561 1777 586 xvm.

992 604 1062 632 liber
1077 603 1087 630 I
1102 603 1349 639 Paralipomenon;
1366 611 1423 635 nx,
1453 603 1523 630 liber
1552 601 1573 628 Il
1591 600 1778 635 Paralipome-

992 657 1063 682 non;
1092 658 1127 677 χι
1144 671 1151 683 ,
1184 649 1329 677 duodecim
1356 649 1566 684 prophetarum;
1593 654 1661 679 xxt,
1694 645 1779 673 Isaias

992 696 1141 731 propheta;
1159 704 1214 723 χχιι
1225 716 1233 729 ,
1251 695 1386 722 Ieremias
1397 693 1539 730 propheta.
1558 699 1620 719 cum
1635 691 1778 718 Lamenta-

992 743 1124 773 tionibus,
1157 745 1185 770 et
1212 741 1337 777 epistolis
1359 745 1414 768 tam
1438 740 1509 775 ejus,
1534 745 1614 773 quam
1642 735 1778 767 Baruchi;

994 796 1075 820 xxni,
1092 788 1235 822 Ezechiel;
1255 796 1329 820 xxiv,
1349 786 1460 819 Daniel;
1488 792 1552 817 xxv,
1566 782 1778 814 liberlEsdrm;

993 842 1067 868 xxvt,
1094 834 1164 861 liber
1181 833 1202 860 ll
1216 833 1308 861 Esdrze
1330 841 1337 865 ;
1369 840 1454 864 xxvu.
1482 830 1594 858 Esther.
1619 829 1708 864 Atque
1721 829 1779 856 haec

993 883 1057 906 sunt
1074 886 1148 906 xxvu
1175 878 1327 910 volumina,
1353 884 1414 912 quae
1435 875 1538 903 Iudaeis
1565 879 1630 902 sunt
1645 880 1778 901 concessa

993 924 1143 952 divinitus:
1161 932 1222 959 quae
1236 924 1270 951 ad
1299 931 1354 950 xxu
1372 929 1424 958 pro
1452 922 1607 948 litterarum
1625 926 1686 954 quae
1708 918 1779 953 apud

994 969 1123 997 Hebraeos
1140 974 1204 998 sunt
1215 977 1329 997 numero
1339 968 1518 1002 rediguntur:
1529 970 1672 1001 propterea
1681 964 1753 1000 quod
1763 973 1778 991 ιι

992 1023 1026 1042 ex
1041 1015 1096 1042 illis
1111 1015 1139 1042 in
1153 1015 1276 1050 quinque
1289 1014 1354 1049 juga
1366 1013 1581 1040 distribuuntur.
1594 1010 1633 1038 De
1656 1017 1712 1045 quo
1724 1009 1779 1037 alio

992 1060 1053 1088 loco
1066 1061 1209 1095 perspicue
1225 1059 1436 1094 disputavimus.

151 1102 185 1128 τὺ
204 1101 306 1136 βιϐλίον
327 1102 437 1138 Ἐσθήρ.
461 1103 516 1130 Καὶ
539 1101 617 1131 αὗταί
638 1105 707 1130 εἰσιν
728 1104 756 1130 αἱ
778 1105 934 1131 εἰκοσιεπτὰ
953 1104 1049 1140 βίϐλοι,
1065 1107 1094 1132 αἱ
1109 1107 1141 1132 ὲκ
1164 1105 1230 1132 Θεοῦ
1244 1105 1362 1131 δοθεῖσαι
1388 1105 1445 1134 τοῖς
1463 1103 1608 1134 Ἰουδαίοις,
1643 1099 1778 1128 Είκοσιδύ(

151 1146 182 1173 δὲ
197 1147 236 1179 ὡς
265 1146 300 1173 τὰ
314 1148 379 1183 παρ’
406 1147 497 1179 αὐτοῖς
528 1150 648 1183 στοιχεῖα
663 1148 717 1174 τῶν
754 1148 906 1184 Ἑϐραϊκῶν
925 1151 1095 1186 γραμμάτων
1116 1151 1326 1187 ἀριθμούμεναι,
1349 1149 1393 1176 διὰ
1417 1149 1445 1175 τὸ
1465 1147 1625 1175 διπλοῦσθαι
1638 1147 1694 1182 (57)
1715 1146 1779 1172 δέκα

153 1191 264 1226 βίϐλους
288 1192 328 1224 είς
350 1193 431 1219 πέντε
446 1192 604 1228 λεγομένας.
623 1194 692 1229 Περὶ
711 1194 804 1220 τούτου
823 1194 851 1221 δὲ
872 1194 938 1231 άλλη
954 1203 1004 1222 που
1023 1196 1116 1231 σαφῶς
1127 1197 1287 1232 εἰρήκαμεν.

190 1237 251 1264 Εἰσὶ
262 1237 290 1263 δὲ
301 1238 348 1264 καὶ
362 1237 439 1265 ἄλλαι
449 1238 495 1264 δύο
505 1239 590 1274 βίϐλοι
600 1240 664 1275 παρ’
674 1240 765 1271 αὐτοῖς
782 1242 811 1267 ὲν
826 1240 940 1276 ἀμφιλέ-

153 1290 224 1317 κτῳ,
235 1283 251 1318 ὴ
262 1282 347 1317 Σοφία
356 1282 403 1309 τοῦ
415 1283 564 1319 Σιρὰχ,καὶ
575 1285 591 1319 ἡ
603 1283 649 1311 τοῦ
659 1284 842 1320 Σαλομῶντος,
856 1286 940 1321 χωρὶς

154 1327 242 1354 ἄλλων
260 1327 341 1353 τινῶν
358 1326 467 1362 βιϐλίων
488 1328 694 1364 ὲναποκρύφων.
715 1329 803 1356 Πᾶσαι
815 1329 843 1356 δὲ
861 1326 940 1357 αὗται

155 1372 228 1406 ἱεραὶ
238 1371 374 1407 βίϐλοιτδν
382 1372 545 1408 Ἰουδαϊσμὺν
553 1373 691 1400 ἐδίδασκον
703 1375 792 1402 καὶτὰ
801 1375 848 1401 τοῦ
859 1376 940 1411 νόμου

156 1417 321 1454 φυλάγματα
330 1417 382 1450 ἕως
391 1419 440 1454 τῆς
452 1419 499 1445 τοῦ
512 1419 615 1455 Κυρίου
625 1420 703 1455 ἡμῶν
717 1420 753 1456 ’1η
759 1420 805 1447 σοῦ
821 1420 939 1456 Χριστοῦ

158 1463 318 1498 παρουσίας·
334 1465 381 1490 καὶ
398 1465 488 1497 καλῶς
498 1465 627 1501 ἐφέροντο
645 1466 896 1501 παιδαγωγούμενοι
912 1468 941 1493 ὲν

155 1508 195 1543 τῷ
204 1509 288 1544 νόμῳ,
298 1510 322 1535 εί
331 1509 453 1542 ἐδέξαντο
462 1510 507 1537 τὸν
514 1511 630 1546 Χριστὸν
640 1512 685 1538 τὸν
691 1512 743 1538 ὑπὸ
750 1511 797 1538 τοῦ
808 1513 944 1546 παιδαγω-

156 1553 215 1588 γοῦ,
231 1555 301 1590 φημὶ
313 1555 341 1582 δὲ
350 1555 396 1582 τοῦ
409 1556 503 1592 νόμου,
517 1557 606 1589 αὐτοῖς
619 1557 842 1593 προκηρυχθέντα
852 1567 882 1584 τε
896 1557 944 1584 καί

156 1600 390 1635 προφητευθέντα,
410 1602 462 1634 ἴνα,
486 1602 628 1636 δεξάμενοι
647 1603 730 1629 αὑτοῦ
747 1603 797 1638 τὴν
817 1602 942 1638 Oef/mra,

158 1646 205 1672 καὶ
214 1646 263 1682 τὴν
272 1646 404 1682 ἕνσαρκον
415 1647 497 1674 αὑτοῦ
510 1648 661 1684 παρουσίαν
674 1648 805 1684 μάθωσιν,
817 1649 846 1674 οὺ
860 1649 944 1675 κατά-

157 1691 233 1718 λυσιν
250 1692 344 1727 νόμου,
365 1693 432 1719 ἀλλὰ
447 1693 496 1729 τὴν
515 1693 561 1720 τοῦ
582 1694 662 1728 νόμου
683 1694 833 1729 πλήρωσιν·
850 1693 944 1729 ἐπειδὴ

158 1739 181 1763 οί
195 1738 275 1764 τύποι
287 1739 315 1764 ὲν
327 1738 366 1773 τῷ
381 1739 455 1774 νόμῳ
469 1736 550 1774 ἦσαν,
563 1740 579 1774 ἡ
595 1739 624 1766 δὲ
640 1738 752 1774 ἀλήθεια
766 1740 795 1765 ὲν
807 1739 846 1774 τῷ
857 1740 944 1774 Εὐαγ-

158 1783 249 1818 γελὶῳ.
265 1783 340 1810 Ἐκεῖ
354 1784 408 1819 γὰρ
426 1785 443 1820 ἡ
463 1785 599 1820 περιτομὴ
614 1785 733 1820 σαρκικὴ
748 1786 944 1821 ὑπηρετήσασα

159 1829 244 1864 χρόνῳ
254 1829 306 1862 ἕως
320 1830 370 1864 τῆς
388 1830 508 1865 μεγάλης
521 1831 683 1866 περιτομῆς,
696 1832 819 1858 τουτέστι
831 1831 879 1858 τοῦ
891 1833 943 1858 Βα-

159 1875 309 1910 πτίσματος
327 1875 375 1901 τοῦ
389 1876 598 1911 περιτέμνοντος
612 1878 686 1912 ἡμᾶς
704 1877 758 1903 ἀπὸ
775 1878 943 1913 ἁμαρτημά-

159 1929 221 1952 των,
233 1921 280 1948 xui.
295 1921 494 1956 σφραγίσαντος
511 1923 584 1958 ἡμᾶς
599 1924 639 1954 είς
653 1922 738 1958 ὄνομα
752 1922 830 1950 Θεοῦ.
845 1924 899 1950 Καὶ
910 1921 944 1958 ἦν

160 1967 216 1992 ἐκεῖ
231 1966 377 1999 Σάϐϐατον,
395 1967 508 2002 κατέχον
523 1968 596 2003 ἡμᾶς
610 1969 650 2000 είς
665 1969 694 1995 τὸ
712 1968 782 2003 μέγα
795 1968 943 2000 Σάϐϐατον,

160 2012 296 2039 τουτέστιν
317 2013 356 2044 εἰς
379 2012 531 2039 ἀνάπαυσιν
558 2013 687 2049 Χριστοῦ,
717 2014 761 2040 ἵνα
784 2015 813 2040 ὲν
835 2014 944 2049 Χριστῷ

161 2055 366 2091 σαϐϐατίσωμεν
381 2057 434 2083 ἀπὸ
451 2058 669 2093 ἁμαρτημάτων.
687 2059 742 2085 Καὶ
755 2056 789 2094 ἦν
806 2058 864 2084 ἐκεῖ
877 2059 943 2094 πρό-

161 2102 239 2129 ϐατον
253 2102 350 2136 ἄλογον
362 2102 502 2138 θυόμενον,
518 2104 686 2139 καθοδηγοῦν
698 2105 772 2139 ἡμᾶς
783 2105 822 2135 είς
832 2104 862 2130 τὸ
874 2105 944 2140 μέγα

1030 1242 1101 1271 Sunt
1114 1249 1140 1271 et
1159 1244 1205 1271 alii
1222 1243 1360 1275 duolibri,
1375 1250 1444 1278 quos
1460 1242 1497 1269 illi
1510 1249 1560 1276 pro
1570 1240 1779 1274 dubiishabent,

993 1288 1123 1316 nimirum
1132 1289 1240 1316 Sirachi
1247 1293 1274 1316 et
1282 1288 1437 1316 Salomonis
1446 1287 1596 1323 Sapientia,
1605 1291 1703 1322 praeter
1711 1286 1779 1314 alios

994 1335 1126 1371 quosdam
1140 1335 1188 1371 qui
1203 1335 1362 1370 apocrypbi,
1375 1334 1428 1362 hoc
1446 1337 1489 1361 est
1509 1333 1620 1360 obscuri
1640 1332 1780 1359 dicuntur.

993 1380 1079 1408 Porro
1088 1381 1179 1407 omnia
1187 1380 1233 1407 illa
1241 1383 1419 1407 sacrosancta
1428 1378 1567 1406 volumina
1577 1376 1690 1404 Iudaica
1700 1376 1774 1404 insti-

994 1429 1063 1456 tuta,
1074 1425 1197 1460 legisque
1215 1424 1393 1451 caeremonias
1406 1422 1551 1453 docebant,
1568 1429 1656 1456 usque
1671 1420 1704 1447 ad
1716 1419 1780 1447 Jesu

994 1469 1097 1497 Christi
1114 1468 1265 1496 Salvatoris
1282 1469 1444 1500 adventum;
1461 1466 1627 1500 omninoque
1651 1465 1779 1500 praeclare

995 1515 1046 1543 sub
1055 1516 1105 1543 hac
1115 1515 1181 1550 lege,
1189 1514 1385 1549 velutquodam
1393 1513 1550 1541 institutore
1557 1519 1619 1539 cum
1628 1511 1682 1539 illis
1691 1515 1780 1538 actum

996 1560 1075 1590 foret,
1092 1560 1115 1587 si
1132 1567 1211 1594 quem
1219 1559 1312 1586 eadem
1327 1558 1425 1585 illalex
1437 1557 1611 1592 praedixerat,
1622 1559 1781 1583 venturum-

995 1613 1048 1639 que
1063 1609 1275 1636 monstraverat,
1291 1604 1431 1632 Christum
1444 1610 1595 1638 agnoscere
1607 1601 1759 1629 voluissent
1771 1608 1780 1634 ;

995 1657 1024 1679 ut
1037 1651 1097 1685 ejus
1108 1651 1282 1678 divinitatem
1297 1649 1430 1681 confessi,
1454 1650 1506 1676 hoc
1521 1648 1611 1683 ipsum
1629 1647 1703 1682 quod
1719 1654 1780 1674 cor-

995 1706 1060 1733 pore
1075 1697 1206 1732 praeditus
1222 1696 1390 1726 advenisset,
1409 1702 1463 1722 non
1479 1694 1512 1721 ad
1528 1694 1594 1728 legis
1609 1692 1781 1720 eversionem

995 1731 1143 1777 pertinere,
1160 1742 1206 1769 sed
1226 1741 1260 1768 ad
1275 1742 1336 1775 ejus
1352 1740 1618 1768 consummationem
1646 1737 1780 1772 intellige-

995 1793 1055 1815 rcnt
1067 1797 1073 1814 :
1084 1788 1213 1822 quoniam
1227 1787 1331 1814 umbra:
1347 1789 1482 1813 duntaxat
1507 1791 1589 1820 atque
1604 1784 1738 1818 imagines
1753 1784 1779 1810 iu

995 1834 1063 1868 lege,
1079 1833 1107 1859 in
1123 1832 1271 1867 Evangelio
1287 1833 1390 1860 veritas
1402 1833 1461 1867 ipsa
1478 1831 1648 1858 continetur.
1664 1829 1733 1856 Nam
1748 1829 1781 1856 il-

994 1879 1030 1906 lic
1043 1879 1166 1913 corporis
1180 1879 1342 1913 praescripta
1356 1878 1531 1905 circumcisio
1543 1881 1594 1910 est,
1607 1884 1666 1911 quae
1683 1875 1714 1902 iu'
1728 1883 1781 1903 usu

995 1925 1088 1951 landiu
1104 1924 1164 1955 fuit,
1178 1923 1268 1959 quoad
1285 1924 1383 1958 ingens
1397 1927 1441 1951 est
1458 1923 1503 1950 illa
1519 1921 1695 1949 circumcisio
1713 1921 1778 1948 sub-

994 1973 1098 2000 secuta,
1113 1969 1269 2004 Baptismus
1296 1969 1434 2001 videlicet,
1461 1976 1516 2003 quo
1540 1975 1591 1995 nos
1622 1975 1637 1994 a
1658 1966 1780 2000 peccatis

995 2015 1177 2050 praacidimur,
1190 2019 1217 2042 et
1234 2014 1262 2041 in
1277 2013 1323 2042 Dei
1337 2014 1448 2041 nomine
1468 2014 1620 2048 signamur.
1637 2011 1780 2038 Habebunt

995 2061 1034 2088 illi
1052 2064 1182 2096 praeterea
1200 2060 1362 2091 Sabbatum,
1384 2061 1457 2095 quod
1473 2068 1524 2088 nos
1549 2058 1582 2085 ad
1599 2065 1727 2093 magnum
1748 2057 1780 2083 il-

995 2107 1040 2134 lud
1069 2106 1230 2139 Sabbatum,
1256 2106 1308 2133 hoc
1322 2110 1364 2133 est
1388 2105 1490 2133 Christi
1516 2104 1624 2131 Domini
1647 2103 1779 2138 quietem.

161 2147 303 2182 πρόϐατον,
319 2149 366 2174 καὶ
379 2149 540 2184 ἐπουράνιον
554 2149 624 2185 ὑπὲρ
641 2149 719 2185 ήμῶν
736 2151 783 2176 καὶ
800 2151 870 2187 ὑπὲρ
884 2151 941 2178 ὅλου

997 2151 1176 2187 praeparando
1191 2152 1305 2183 detinet,
1322 2155 1352 2178 ut
1378 2159 1394 2178 a
1420 2155 1533 2187 peccato
1562 2150 1616 2184 20
1638 2152 1780 2176 cessantes

161 2192 204 2218 τοῦ
220 2193 322 2228 κόσμου
338 2192 502 2229 τυθέν.,Καὶ
517 2193 551 2228 ἦν
568 2195 627 2220 ἐκεῖ
640 2194 842 2227 ἀποδεκάτωσις
858 2197 945 2231 ἀσφα-

161 2238 295 2274 λιζομένη,
321 2239 363 2266 ἵνα
386 2239 422 2275 μὴ
441 2239 511 2275 λάθῃ
538 2241 612 2275 ἡμᾶς
632 2240 662 2266 τὺ
689 2240 754 2268 ίῶτα
774 2243 790 2277 ἡ
807 2242 898 2275 δεκὰς,
915 2243 944 2269 τὸ

161 2283 265 2318 πρῶτον
280 2286 410 2319 στοιχεῖον
425 2284 473 2311 τοῦ
486 2285 573 2320 Ἰησοῦ
589 2286 732 2320 ὀνόματος.

997 2198 1071 2224 velut
1088 2196 1238 2224 Sabbatum
1256 2196 1393 2232 quoddam
1415 2196 1442 2222 in
1470 2195 1580 2222 Christo
1597 2194 1778 2221 celebremus.

997 2242 1061 2270 Erat
1076 2242 1244 2277 penes'illos
1265 2246 1291 2269 ct
1301 2242 1362 2269 ovis
1386 2241 1498 2268 victima
1528 2240 1644 2268 rationis
1668 2246 1778 2274 expers,

996 2295 1056 2322 qua:
1071 2295 1121 2314 nos
1137 2287 1170 2314 ad
1186 2287 1258 2314 illam
1274 2294 1400 2321 magnam
1428 2286 1623 2320 caelestemque
1645 2284 1779 2320 perduce-

162 2335 199 2357 ret
214 2339 303 2364 ovem,
319 2340 369 2367 pro
386 2336 480 2360 nostra
497 2333 648 2367 mundique
671 2334 756 2360 totius
772 2334 861 2361 salute
886 2339 1044 2362 mactatam.
1056 2335 1190 2362 Praeterea
1211 2334 1336 2361 instituta
1353 2333 1424 2368 apud
1454 2333 1515 2361 illos
1542 2332 1688 2360 decimatio
1715 2330 1777 2363 fuit,

161 2385 217 2412 quae
231 2387 282 2406 nos
291 2386 324 2405 eo
335 2379 520 2414 pramuniret,
535 2387 569 2407 ne
580 2380 635 2406 iota
650 2379 779 2413 litteram,
797 2389 858 2416 quae
873 2387 938 2409 nota
958 2383 1084 2410 decussis
1117 2387 1169 2414 est,
1189 2382 1315 2416 idemque
1340 2380 1405 2409 .Iesu
1423 2381 1544 2410 nominis
1574 2381 1693 2417 primum
1722 2380 1778 2407 eleg

162 2429 277 2452 mentum
296 2425 422 2459 ignorare
435 2433 587 2460 possemus.
844 2451 856 2464 κ

193 2471 229 2497 Z’.
248 2471 326 2496 Ἐπεὶ
341 2467 388 2497 οὖν
402 2470 441 2505 τῷ
454 2470 531 2506 τύπῳ
545 2471 677 2507 ἦχθησαν,
692 2471 738 2498 καὶ
758 2472 807 2498 οὐκ
822 2471 941 2506 ἔφθασαν

162 2517 196 2548 εἰς
207 2516 345 2543 τελείωσιν
357 2515 405 2552 τὴν
417 2516 460 2543 διὰ
473 2517 555 2552 νόμου
571 2518 618 2545 καὶ
630 2518 776 2554 προφητῶν
787 2519 834 2545 καὶ
844 2518 940 2550 ἄλλων,

163 2563 203 2589 καὶ
220 2561 311 2597 πάσης
327 2562 418 2597 βίϐλου
443 2564 662 2599 κεκηρυγμένην,
683 2563 865 2600 ἐξεϐλήθησαν
887 2564 941 2591 ἀπὸ

195 2638 250 2675 (57)
271 2640 321 2667 Διὰ
335 2639 572 2676 τὸᾲδιπλοῦσθαι.
592 2639 659 2667 Nam
682 2640 745 2668 libri
768 2641 823 2668 duo
836 2640 940 2676 Regum

164 2675 275 2709 priores,
289 2683 358 2709 quos
371 2674 505 2702 Samuelis
517 2679 627 2707 vocant,
641 2676 767 2703 volumen
785 2684 867 2703 unum
878 2674 942 2702 con-

164 2714 286 2745 sutuuut,
304 2712 422 2744 itemque
447 2709 549 2745 llegum
576 2710 630 2737 duo
655 2711 822 2743 posteriores
843 2718 938 2738 unum.

164 2742 227 2770 Tum
254 2745 322 2772 liber
346 2742 415 2772 Ruth
433 2742 501 2771 cum'
509 2744 634 2771 Judicum
655 2742 726 2772 libro
739 2746 863 2772 volmuen
879 2746 940 2772 ltui-

164 2787 224 2808 cum
238 2779 311 2807 facit.
326 2779 372 2807 Sic
387 2784 413 2808 ct
424 2780 485 2808 libri
498 2779 720 2810 Paralipomenon
734 2781 798 2812 duo,
813 2780 941 2808 totidem-

1030 2469 1086 2498 Vll.
1103 2470 1239 2502 Quoniam
1255 2470 1338 2505 igitur
1359 2478 1407 2506 per
1423 2471 1535 2497 umbras
1551 2478 1583 2497 ac
1603 2470 1705 2506 ﬁguras
1721 2476 1778 2498 tra-

994 2517 1070 2544 ducti
1091 2520 1166 2548 sunt,
1179 2524 1230 2543 nec
1244 2524 1304 2544 eam
1326 2516 1522 2552 perfectionem
1538 2517 1669 2547 assecuti,
1694 2525 1784 2552 quam,

995 2563 1036 2591 lex
1054 2563 1165 2597 pariter,
1184 2570 1216 2588 ac.
1228 2563 1378 2598 propheta}.
1393 2562 1541 2596 cazterique
1563 2569 1670 2594 omnes,
1696 2567 1780 2596 atque

994 2648 1046 2675 que
1073 2640 1183 2672 Esdrm,
1198 2639 1304 2675 singula
1327 2647 1399 2674 apud
1426 2646 1554 2667 neoraeos
1575 2641 1714 2667 vommina
1738 2641 1779 2667 fa-

994 2676 1079 2702 ciunt.
1094 2675 1133 2702 Ita
1147 2683 1162 2701 v
1175 2675 1319 2709 expunctis
1336 2675 1532 2706 voluminibus,
1543 2679 1651 2702 constat
1665 2683 1733 2706 xm,
1749 2677 1778 2701 li-

995 2710 1106 2737 brorum
1121 2709 1337 2738 uumerus.Vide
1353 2710 1462 2737 Hieron.
1477 2711 1504 2737 in
1516 2710 1630 2744 Prologo
1645 2709 1754 2744 Galeam
1768 2718 1778 2740 ,-

994 2745 1125 2807 Cyiigllum
1150 2744 1248 2772 catcch.
1275 2752 1323 2777 iv,
1350 2744 1496 2773 Eusebium
1524 2745 1571 2772 lib.
1599 2743 1625 2773 vt
1662 2743 1783 2778 (littora;

996 2788 1020 2807 e.
1069 2800 1077 2806 .

996 2788 1020 2807 ε.
1034 2788 1077 2807 ιυ.
