1944 3037
154 96 206 125 215

855 94 882 122 S.
903 94 1075 122 EPlPﬂANll

1723 92 1784 120 ειο

155 153 284 182 universa
310 153 516 189 Scripturarum
545 156 656 183 oracula
681 155 880 191 praedicabant,
906 155 941 182 ab

1003 155 1041 190 :ﬁ;
1052 154 1200 190 γεωργίας.
1217 161 1264 180 και
1278 152 1386 188 είσῆλθε
1399 152 1434 178 τὰ
1452 151 1525 187 ἔθνη,
1547 150 1658 177 ἐκείνων
1678 150 1783 185 μηκέτι

155 199 352 234 agricolatione
364 199 470 234 depulsi
487 203 567 231 sunt';
593 208 743 236 eorumque
767 201 829 228 loco
843 204 940 235 gemes

156 245 336 279 luttoductas;
360 245 428 273 adeo
449 250 479 273 ut
495 247 570 273 nulla
598 247 635 274 sit
662 247 717 274 illis
739 246 940 281 consequendze

156 291 254 320 salutis
265 292 317 318 alia
333 293 429 320 relicta
440 293 522 325 ratio,
536 300 618 328 quam
633 297 662 320 ut
677 293 711 319 ad
728 292 866 328 Evangelii
876 300 940 327 gra-

157 337 222 364 tiam
246 338 416 372 postliminio
444 338 612 374 confugiant.
644 338 751 366 Etenim
769 339 840 373 apud
866 339 940 373 ipsos

156 384 248 411 omnia
262 384 377 419 iustitia:
407 385 534 420 praesidia
559 393 640 413 cassa
657 386 806 420 inaniaque
833 385 941 413 reddita

158 434 243 463 sunt;
261 430 300 458 uti
313 431 415 465 passim
432 432 531 458 divinae
554 432 661 463 littera,
678 436 705 459 et
717 433 816 467 ubique
831 431 888 459 fere
902 435 942 459 te-

157 479 276 502 stantur.
309 475 348 502 Ex
378 471 478 511 quibus
495 484 578 503 unum
596 477 730 504 duntaxat
754 477 941 504 testimonium

157 519 314 554 aﬂ‘eremus,
333 529 388 556 quo
401 529 483 557 quam
503 522 683 550 immutabilis
697 523 830 558 ﬁrmaque
846 522 943 550 adver-

157 573 206 593 sus
221 565 284 593 illos
295 566 351 593 lata
366 567 501 594 sententia
526 568 561 595 sit
576 568 673 603 paucis
687 568 854 597 ostenditur.
871 568 942 601 Quid

157 611 230 639 enim
248 611 275 638 in
294 612 369 647 ipsos
383 620 398 639 a
410 612 464 640 Deo
477 613 617 641 decretum
634 614 679 645 sit,
696 615 778 641 verba
792 615 837 641 illa
852 614 942 642 decla-

158 661 230 684 rant.
247 657 355 691 Anima,
371 658 468 692 inquit,
482 667 541 694 qua
564 659 715 694 prophetam
732 660 809 687 illum
826 668 877 687 non
891 669 943 687 aue-

158 702 247 735 dierz't,
276 705 497 731 exterminabitur
521 713 538 732 α
555 705 626 732 tribu
652 714 712 737 sua,
733 711 757 732 et
772 708 803 732 ab
829 705 942 740 Israele,

158 754 182 775 et
192 749 225 776 ab
241 751 313 776 omni
328 750 431 785 regione
441 759 499 784 qua:
508 751 572 778 caelo
587 751 729 786 subjiritur
739 752 759 778 ί.
770 751 848 785 Quod
862 753 943 780 nimi-

159 802 219 822 rum
233 803 294 830 qua:
310 796 352 823 lex
374 797 490 832 mystice
519 797 679 830 tradiderat,
706 798 763 825 haec
791 805 807 825 a
834 797 943 826 Christo

159 839 276 868 Domino
290 843 490 874 consummari,
514 843 671 878 munirique
687 843 806 878 perfecte
820 851 852 871 ac
868 844 942 871 salu-

160 885 246 914 briter
261 888 403 922 oportebat
419 898 426 916 :
443 896 476 916 ac
499 890 625 924 quisquis
642 889 719 916 illum
737 891 831 918 audire
845 898 944 918 renue-

160 935 212 962 τοι,
227 936 274 960 aut
301 934 465 962 detrectaret
481 935 638 970 imperium,
655 943 717 963 eum
733 936 841 963 tametsi
856 936 942 971 legem

992 199 1148 234 δυναμένων
1169 198 1300 233 σωθῆναι,
1318 198 1342 224 ει
1366 198 1404 232 μή
1420 205 1446 223 τι
1461 195 1657 230 ἀνακάμψωσιν
1675 196 1714 226 εἰς
1727 195 1784 230 τὴν

992 246 1073 282 χάριν
1082 245 1129 272 τοῦ
1142 244 1318 279 Εὐαγγελίου.
1335 243 1428 270 Πάντα
1444 242 1497 278 γὰρ
1511 242 1601 273 αὐτοῖς
1618 241 1652 267 τὰ
1667 241 1784 267 δικαιώ-

994 300 1068 327 ματα
1087 291 1269 326 κατήργηται,
1287 289 1406 323 ἑκάστης
1422 288 1573 324 μαρτυρίας
1593 287 1671 314 τοῦτο
1685 287 1784 321 λεγού-

994 347 1052 373 σης,
1068 337 1105 368 ὡς
1122 337 1178 372 ἔχει
1193 337 1222 363 ὲν
1236 336 1309 372 πάσῃ
1322 336 1427 371 Γραφῇ.
1446 334 1588 369 Συντόμως
1601 334 1630 360 δὲ
1643 333 1696 359 ἀπὸ
1711 333 1784 368 μιᾶς

994 383 1147 420 μαρτυρίας
1159 382 1189 409 τὸ
1203 380 1386 417 ἀνυπέρθετον
1403 380 1449 406 καὶ
1465 379 1640 414 ἀπαράϐατον
1655 377 1704 413 τῆς
1716 378 1782 404 κατ’

993 430 1085 457 αὐτῶν
1101 427 1266 462 ἀποφάσεως
1286 426 1412 462 ἐροῦμεν,
1433 426 1470 457 ῶς
1484 425 1556 451 ἔστιν
1575 425 1636 451 ἰδεῖν
1655 423 1783 459 ἀκριϐῶς

992 478 1042 513 τὴν
1057 476 1119 504 κατ’
1133 475 1223 503 αὐτῶν
1240 475 1339 509 ψῆφον.
1355 471 1453 504 Καθὼς
1473 479 1566 507 φησιν·
1585 472 1669 504 Ἦτις
1689 470 1782 505 ψυχὴ

993 524 1048 550 οὐκ
1064 522 1224 550 ἀκούσεται
1236 521 1291 556 (58)
1303 520 1356 547 τοῦ
1371 519 1525 554 προφήτου
1536 519 1663 548 ἐκείνου.
1673 517 1783 550 ἐξολο-

993 568 1189 604 θρευθήσεται
1196 567 1255 595 ἀπὸ
1263 566 1318 601 τῆς
1325 565 1426 601 φυλῆς
1433 565 1538 599 αὐτῆς,
1544 565 1592 591 καὶ
1601 565 1634 596 ἐξ
1647 565 1721 598 Ἱσρα
1726 564 1766 596 ὴλ
1771 583 1783 594 ,

994 615 1044 642 καὶ
1059 613 1252 642 ὑποκάτωθεν
1265 612 1318 640 τοῦ
1332 611 1471 646 οὐρανοῦ·
1485 610 1524 642 ὡς
1537 609 1584 637 τοῦ
1599 609 1702 645 Κυρίου
1718 608 1784 644 μέλ-

994 661 1086 692 λοντος
1102 659 1137 686 τὰ
1152 658 1197 686 διὰ
1213 658 1260 685 τοῦ
1279 658 1362 693 νόμου
1381 657 1520 692 μυστικῶς
1537 656 1719 692 παραδοθέντα
1733 663 1783 681 τε-

994 705 1073 735 λείως
1095 704 1143 730 καὶ
1163 702 1344 738 σωτηριωδῶς
1367 700 1610 736 ἐπασφαλίζεσθαι·
1631 701 1675 727 τὸν
1696 700 1723 727 δὲ
1742 699 1785 735 μὴ

994 749 1128 777 ἀκούοντα
1138 747 1233 781 αὑτοῦ,
1246 748 1315 784 μηδὲ
1326 747 1488 783 ἀνεχόμενον
1501 747 1538 783 μὴ
1549 747 1620 782 ἔχειν
1633 746 1782 782 σωτηρίαν,

994 796 1045 822 κᾶν
1065 803 1095 822 τε
1119 795 1166 821 τὸν
1188 795 1269 829 νόμον
1289 794 1399 829 ποιήσῃ,
1422 793 1469 819 τοῦ
1485 793 1568 828 νόμου
1581 792 1618 827 μὴ
1633 791 1785 826 δυναμένου

994 840 1113 867 τελειοῦν
1128 840 1173 866 τὸν
1185 839 1339 874 ἄνθρωπον,
1351 839 1394 865 διὰ
1406 839 1436 865 τὺ
1450 837 1612 873 σωματικῶς
1625 837 1659 863 τὰ
1669 837 1697 862 ὲν
1708 837 1784 872 αὑτῷ

995 884 1169 920 δικαιώματα
1188 883 1354 918 γεγράφθαι,
1375 883 1422 910 καὶ
1441 883 1470 909 ὲν
1485 882 1579 918 Κυρίῳ
1594 882 1704 918 Χριστῷ
1717 881 1783 916 ἀλη-

996 932 1077 964 θινῶς
1092 929 1271 966 πληροῦσθαι.

161 985 358 1014 usquequaque
373 981 589 1008 servaret‘omni
602 989 651 1016 spe
677 982 817 1016 potiunda
844 982 942 1009 salutis
971 979 1091 1008 excludi.
1119 977 1211 1011 Neque
1244 975 1317 1003 enim
1344 975 1388 1002 lex
1414 980 1544 1010 praestare
1567 975 1715 1010 perfectum
1734 975 1781 1003 ho-

162 1024 262 1052 minem
297 1030 403 1061 potest;
431 1035 481 1061 pro
513 1035 545 1055 eo
568 1029 640 1062 quod
673 1036 767 1055 crassa
791 1029 884 1055 omnia
910 1033 1099 1063 corporeaque
1129 1024 1329 1059 consequentiae
1359 1023 1471 1058 iustitia:
1505 1023 1632 1058 praesidia
1664 1023 1782 1057 Comple-

161 1071 255 1104 ctitur,
283 1081 344 1107 quae
370 1073 396 1100 in
424 1073 535 1101 Christo
558 1074 672 1102 Domino
699 1075 790 1110 reipsa
816 1079 1056 1103 consummantur.

197 1117 335 1145 llacteuus
343 1119 376 1146 de
392 1118 551 1147 Iudaeorum
566 1124 650 1148 secta.
666 1120 704 1148 De
715 1129 768 1156 qua
778 1129 864 1157 pauca
877 1129 948 1156 qum-

162 1162 224 1190 dam
241 1171 455 1193 commemorare
484 1166 572 1193 visum
589 1171 643 1198 est,
661 1175 694 1194 ne
711 1168 823 1194 omnino
837 1171 949 1202 prmler-

164 1209 346 1242 mitteremus.
362 1215 444 1246 atque
460 1217 489 1239 ut
504 1220 536 1239 ex
550 1217 627 1247 parte
644 1213 739 1240 saltem
761 1221 821 1248 quze
837 1213 946 1240 illorum

163 1257 271 1291 propria
290 1261 354 1284 sunt
371 1257 498 1285 oratione
526 1267 766 1294 prosequeremur.
794 1259 946 1287 Prmsertim

163 1310 224 1330 cum
241 1303 367 1331 omnibus
378 1303 434 1331 fere
449 1308 503 1331 tam
516 1305 624 1332 illorum
639 1306 851 1338 sitinstitutum,
865 1312 946 1339 quam

163 1348 224 1382 ejus
240 1348 669 1384 redarguendiconvincendiqw
696 1351 766 1377 ratio
794 1355 945 1385 perspecta.

163 1393 219 1421 Nos
233 1401 297 1421 vero
311 1394 460 1429 primordia
477 1395 551 1422 illius
575 1396 756 1428 ostendimus,
771 1401 798 1423 et
811 1397 948 1423 undenam

163 1440 313 1467 excitatum
337 1440 419 1468 fuerit
442 1441 598 1475 docuimus,
614 1450 646 1469 ae
668 1443 897 1478 quemadmodum
914 1443 948 1470 ab

164 1485 310 1514 Abrahami
340 1487 504 1521 patriarcha:
535 1488 667 1523 religione
691 1496 706 1515 a
727 1497 782 1524 quo
811 1489 949 1525 procreati

165 1531 274 1560 fuerant
289 1533 410 1568 religiosi
425 1533 562 1569 principio
578 1535 712 1562 nominati
725 1536 797 1569 sint;
820 1536 951 1566 Israelita;

165 1585 229 1605 vero
246 1578 279 1605 ab
300 1579 374 1606 illius
390 1578 444 1606 filio
460 1578 571 1611 Jacoho,
587 1581 633 1614 qui
658 1581 743 1608 Israel
764 1586 878 1610 vocatus
896 1588 950 1611 est.

166 1623 220 1651 Sed
234 1632 249 1650 a
266 1624 376 1652 Davidis
398 1629 531 1660 tempore,
552 1627 597 1661 qui
615 1634 630 1654 e
646 1626 722 1654 Iudae
740 1630 826 1663 stirpe
836 1636 951 1664 regnum

164 1670 296 1702 obtinuit,
311 1679 351 1697 xu
366 1679 462 1699 omnes
475 1672 525 1706 21
543 1672 631 1699 tribus
649 1672 735 1700 Judaei
755 1678 837 1708 atque
847 1674 952 1703 Israeli-

164 1717 199 1741 tie
220 1714 377 1749 promiscue
405 1715 579 1748 dicebantur,
603 1725 691 1752 usque
722 1717 754 1744 ad
777 1718 952 1747 Salomonem

167 1758 288 1792 Davrdis,
302 1764 330 1787 et
342 1759 512 1787 Roboamum
525 1761 682 1789 Salomonis
711 1763 809 1795 tilium.
841 1764 953 1793 Davidis

165 1809 301 1840 nepotem.
321 1805 360 1832 Ex
375 1814 430 1841 quo
442 1807 552 1842 quidem
566 1815 615 1842 per
630 1808 810 1843 iustissimam
832 1809 879 1837 Dei
893 1811 953 1839 ani-

165 1850 395 1885 madversionem,
413 1853 542 1888 quodque
557 1854 628 1881 male
642 1855 757 1883 meritus
770 1860 829 1883 erat
844 1855 953 1884 Roboa-

165 1904 228 1925 mus
241 1916 249 1930 ,
269 1906 306 1925 xu
322 1898 374 1925 illa!
393 1899 481 1926 tribus
495 1899 591 1927 divisa
613 1904 694 1935 sunt;
718 1901 785 1928 adeo
801 1906 831 1929 ut
845 1902 952 1930 duabus

166 1950 230 1970 eum
247 1944 360 1972 dimidia
391 1945 468 1973 Judm
484 1946 542 1974 sive
568 1945 708 1974 Roboamo
723 1947 838 1981 relictis,
854 1955 952 1977 novem

165 1996 229 2018 cum
245 1991 358 2018 dimidia
372 1991 536 2020 Jeroboamo
561 1993 665 2020 fuerint
679 2001 831 2022 concessae.
846 1993 893 2022 Hae
908 2003 954 2022 vc<

166 2044 198 2064 ro
213 2044 310 2064 novem
328 2037 524 2071 lsraelitarum,
549 2044 596 2066 aut
611 2039 721 2067 lsraelis
736 2041 845 2068 nomine
857 2049 954 2069 cense-

166 2081 278 2115 bantur,
294 2084 395 2118 quibus
413 2083 595 2113 Jeroboamus
609 2085 708 2113 Nabati
733 2085 805 2113 ﬁlius
826 2091 952 2121 prmerat,

166 2128 282 2163 ejusque
297 2129 372 2164 regni
385 2129 464 2157 sedes
474 2129 503 2157 in
515 2129 641 2158 Samaria
659 2132 819 2159 constituta.
833 2131 954 2167 Reliqua:

1032 1120 1104 1150 Ἕως
1119 1118 1215 1144 τούτου
1240 1125 1285 1152 μοι
1304 1115 1422 1151 λελέχθω
1444 1116 1508 1151 περὶ
1530 1114 1578 1140 τοῦ
1599 1113 1781 1147 Ὶουδαῖσμσῦ,

996 1165 1052 1191 Καὶ
1067 1164 1120 1200 γὰρ
1136 1163 1233 1197 ὀλίγων
1254 1161 1443 1197 ἐμνημόνευσα
1461 1162 1501 1192 εἰς
1521 1160 1552 1186 τὸ
1568 1160 1605 1195 μὴ
1625 1160 1678 1185 πᾶν
1693 1158 1784 1186 αὐτῶν

999 1209 1226 1245 παρασιωπῆσαι,
1245 1208 1302 1235 ἀλλ’
1317 1208 1345 1234 ὲν
1362 1207 1439 1243 μέρει
1462 1205 1609 1238 ὑποδεῖξαι.
1630 1205 1701 1231 Ιῐᾶσι
1717 1204 1784 1238 γὰρ,

998 1256 1035 1287 ὡς
1058 1257 1155 1287 εἰπεῖν,
1175 1253 1307 1290 πρόδηλός
1327 1254 1401 1280 ἐστιν
1417 1254 1434 1289 ἡ
1450 1253 1509 1279 κατ’
1525 1252 1623 1283 αὐτοὺς
1645 1251 1784 1283 ὑπόθεσις,

999 1302 1046 1328 καὶ
1067 1303 1081 1327 ὁ
1103 1301 1171 1337 πρὸς
1193 1300 1291 1331 αὐτοὺς
1314 1299 1434 1334 ἔλεγχος.
1458 1298 1614 1332 Ἐδεὶξαμεν
1630 1297 1658 1323 δὲ
1673 1296 1720 1323 καὶ
1736 1296 1785 1331 τὴν

999 1350 1096 1386 ἀρχὴν,
1121 1349 1202 1376 πόθεν
1217 1349 1295 1383 ἔσχον
1309 1347 1358 1383 τὴν
1374 1346 1538 1381 εἰσαγωγὴν,
1552 1346 1594 1371 ὅτι
1607 1343 1637 1377 ἐξ
1653 1344 1740 1379 ἀρχῆς
1754 1343 1785 1369 ἐκ

1001 1397 1051 1432 τῆς
1063 1397 1109 1423 τοῦ
1121 1395 1247 1431 Ἄϐραὰμ
1259 1394 1307 1421 τοῦ
1322 1393 1492 1429 πατριάρχου
1507 1390 1662 1422 θεοσεϐείας
1673 1388 1784 1415 καλοῦνσ

1001 1453 1045 1470 ται
1061 1442 1206 1473 Θεοσεϐεἶς.
1224 1440 1269 1467 διὰ
1282 1439 1313 1467 τὸ
1327 1437 1396 1466 εἶναι
1409 1438 1507 1469 αὐτοὺς
1519 1438 1551 1463 ἐκ
1567 1436 1724 1472 σπέρματος
1738 1433 1788 1461 αὺ-

1001 1487 1058 1514 τοῦ·
1073 1487 1127 1513 ἀπὺ
1146 1486 1174 1513 δὲ
1191 1485 1238 1512 τοῦ
1255 1485 1366 1519 ἐκγόνου
1384 1482 1478 1514 αὐτοῦ,
1494 1482 1564 1518 φημὶ
1575 1482 1604 1508 δὲ
1619 1480 1725 1513 Ἰακὼὸ,
1740 1480 1786 1506 τοῦ

1002 1534 1048 1560 καὶ
1063 1532 1182 1568 Ἰσραὴλ,
1203 1531 1380 1567 Ἰσραηλῖται.
1397 1529 1444 1561 Ἐξ
1461 1528 1572 1565 ἡμερῶν
1595 1528 1624 1555 δὲ
1643 1527 1724 1554 Δαΰὶδ
1740 1526 1787 1553 τοῦ

1003 1579 1213 1614 βασιλεύσαντος
1224 1579 1256 1604 ἐκ
1270 1578 1356 1612 φυλῆς
1369 1576 1454 1603 Ἰούδα
1465 1575 1610 1602 ἐκαλοῦντο
1622 1573 1744 1600 Ἰουδαῖοί
1759 1582 1786 1599 τε

1002 1626 1049 1651 καὶ
1068 1624 1243 1660 Ἰσραηλῖται.
1269 1624 1358 1650 Πᾶσαι
1378 1623 1406 1649 αί
1431 1621 1535 1648 δώδεκα
1557 1620 1649 1655 φυλαὶ,
1673 1620 1721 1646 καὶ
1738 1619 1787 1651 ἕως

1003 1671 1161 1706 Σολομῶνος
1173 1669 1221 1697 τοῦ
1233 1669 1292 1696 υἱοῦ
1304 1669 1396 1701 Δαὸὶδ,
1411 1669 1459 1695 καὶ
1471 1668 1523 1699 ἕως
1534 1667 1579 1694 τοῦ
1601 1665 1719 1701 Ῥοΰοὰμ
1731 1665 1787 1692 υἱοῦ

1003 1716 1173 1750 Σαλομῶνος,
1190 1715 1301 1749 ἐκγόνου
1316 1714 1345 1740 δὲ
1359 1713 1405 1740 τοῦ
1421 1713 1512 1744 Δαὸὶδ,
1530 1713 1577 1739 καὶ
1592 1712 1652 1738 κατ’
1666 1711 1786 1747 ἐπιτίμη-

1005 1773 1045 1791 σιν
1062 1764 1142 1795 Θεοῦ,
1162 1763 1209 1790 καὶ
1230 1762 1393 1797 ἀναξιότητα
1412 1762 1459 1788 τοῦ
1480 1760 1609 1796 Ῥοὸοὰμ,
1625 1759 1789 1795 ἐσχίσθησαν

1004 1811 1032 1837 αἱ
1046 1810 1159 1837 δεκαδύο
1177 1810 1269 1845 φυλαὶ,
1287 1809 1335 1836 καὶ
1348 1809 1476 1844 γεγόνασι
1488 1808 1535 1835 δύο
1552 1808 1637 1843 ἥμισυ
1659 1806 1728 1842 μετὰ
1743 1806 1788 1833 τοῦ

1004 1856 1101 1888 Ἰούδα,
1130 1856 1252 1882 τουτέστι
1278 1855 1347 1891 μετὰ
1378 1854 1507 1890 Ῥοϐοάμ,
1534 1854 1581 1881 καὶ
1603 1854 1681 1880 ἐννέα
1703 1853 1789 1888 ἥμισυ

1006 1903 1076 1938 μετὰ
1094 1902 1246 1938 Ἱεροϐοάμ.
1263 1901 1424 1929 Ἐκαλοῦντο
1438 1901 1466 1928 δὲ
1486 1902 1515 1928 αἱ
1533 1901 1610 1928 ἐννέα
1625 1899 1789 1936 Ἰσραηλῖταί

1005 1957 1035 1975 τε
1048 1949 1095 1975 καὶ
1108 1949 1227 1984 Ἰσραὴλ,
1242 1948 1449 1984 βασιλευόμεναι
1462 1948 1514 1974 ὑπὸ
1523 1947 1570 1974 τοῦ
1588 1945 1789 1982 “Ῑεροϐοὰμ(59)

1004 1995 1064 2022 υἱοῦ
1081 1995 1177 2022 Ναὸὰτ
1192 1995 1220 2021 ὲν
1235 1995 1387 2031 Σαμαρείᾳ.
1404 1995 1436 2020 Αἱ
1450 1993 1479 2020 δὲ
1490 1993 1537 2020 δύο
1551 1993 1591 2025 εἰς
1614 1991 1789 2027 Ἰερουσαλὴμ

1005 2041 1127 2068 Ἰουδαῖοι
1152 2040 1324 2077 καλούμενοι,
1357 2040 1562 2076 βασιλευόμεναι
1587 2039 1640 2066 ὑπὸ
1674 2037 1789 2073 Ῥοϐοὰμ

1006 2087 1065 2114 υἱοῦ
1087 2088 1258 2123 Σαλομῶνος,
1279 2087 1327 2114 καὶ
1342 2087 1469 2122 γεγόνασι
1482 2087 1564 2114 πάλιν
1580 2085 1700 2121 διαδοχαὶ
1715 2085 1789 2120 βασι-

1005 2133 1084 2161 λέων.

167 2174 228 2201 dua:
260 2174 456 2211 Hierosolymis
496 2177 661 2205 contributae
687 2185 772 2212 penes
790 2186 873 2213 .quas
896 2178 1054 2206 Judaeorum
1084 2187 1183 2207 nomen
1220 2184 1332 2208 resedit.
1360 2179 1463 2207 Harant
1484 2185 1613 2214 princeps
1637 2178 1790 2206 doboamus

168 2224 228 2248 erat
243 2220 397 2250 Salomonis
411 2222 495 2255 filius,
514 2227 596 2257 atque
613 2224 647 2251 ab
669 2231 702 2251 eo
717 2223 848 2259 deinceps
864 2232 957 2260 regum
977 2230 1020 2253 est
1035 2225 1152 2253 deducta
1168 2226 1319 2254 successio.

212 2267 320 2295 Etenim
347 2267 507 2298 Roboamus
518 2270 615 2297 Abiam
633 2271 737 2305 genuit,
752 2271 836 2299 Abias
855 2271 951 2303 Asam,
969 2273 994 2301 Ι)

169 2312 225 2341 Asa
254 2312 434 2348 Josaphatum
450 2334 458 2346 ,
480 2314 647 2350 Josaphatus
675 2315 818 2344 Joramum
841 2337 849 2350 ,
875 2316 956 2344 Jora-

170 2366 232 2387 mus
257 2358 422 2393 choziam,
447 2360 582 2389 chozias
605 2361 701 2393 Joam,
727 2361 791 2389 Joas
806 2362 954 2395 Amasiam,

170 2403 296 2431 Amasias
323 2403 449 2432 Azariam
465 2425 473 2438 ,
506 2406 553 2441 qui
577 2411 604 2434 et
632 2406 713 2435 Ozias
749 2413 859 2436 vocatus
886 2411 956 2441 est;

207 2449 216 2465 ¹
233 2449 311 2476 Deut.
327 2458 403 2482 xvut.
420 2451 462 2484 18,
482 2453 526 2480 i9.

208 2494 265 2558 (5&2
287 2496 371 2528 ’Ἠτις
384 2497 470 2531 ψυχὴ
481 2499 536 2525 οὐκ
548 2498 720 2526 ἀκούσεται.
741 2498 816 2526 Solet
842 2499 962 2534 plerum-

208 2539 227 2558 ie
265 2531 392 2558 criutum:
409 2533 490 2558 verba
507 2541 560 2558 non
577 2534 685 2558 iisdem.
701 2535 801 2558 auibus
826 2539 958 2558 concentu

174 2539 227 2563 que
244 2531 392 2569 Scriptura:
409 2533 490 2569 yerba
507 2541 560 2569 non
577 2534 685 2565 iisdem,
701 2535 801 2568 quibus
826 2531 959 2569 concepta

175 2571 250 2599 sunt,
266 2567 352 2594 citare
365 2567 467 2599 verbis,
483 2568 531 2595 sed
549 2567 717 2602 immutatis,
734 2574 763 2596 ut
778 2569 830 2597 hoc
843 2567 961 2596 loco’fav

174 2608 247 2630 ctum
261 2605 312 2628 est.

211 2637 266 2672 (59)
281 2637 523 2674 ,Βασιᾼευόμθναι
543 2638 602 2665 ὐπὸ
618 2640 671 2666 τοῦ
692 2639 844 2674 Ἱεροϐοάμ.
866 2638 962 2674 Sama-

175 2673 216 2708 ria
233 2672 352 2707 regionis
370 2672 505 2700 interdum
520 2682 618 2701 nomen
634 2681 675 2701 est
685 2696 692 2706 ,
706 2672 842 2702 interdum
856 2673 961 2708 oppidi.

176 2707 264 2734 Priori
282 2708 363 2734 modo
379 2708 462 2735 etiam
477 2712 540 2736 ante
554 2710 692 2736 conditam
712 2709 863 2737 Samariam
876 2707 961 2736 usur-

176 2747 258 2777 patur
271 2742 304 2768 lll
320 2742 386 2776 Reg.
403 2751 462 2772 xm.
478 2744 513 2770 '52
529 2754 535 2771 :
552 2744 675 2778 Profecto
691 2746 759 2771 enim
772 2745 852 2772 veniet
865 2752 961 2775 sermo,

177 2785 254 2814 quem
268 2777 390 2814 pra-diam
401 2779 428 2805 in
439 2787 556 2806 sermone
568 2777 673 2806 Doiuini
683 2785 775 2807 contra
787 2780 880 2812 altare,
893 2778 962 2814 quod

177 2816 218 2841 ut
232 2812 259 2838 in
274 2812 365 2841 Bethel
374 2817 399 2841 et
408 2818 500 2842 contra
513 2815 604 2842 omnia
625 2815 690 2850 fana
711 2815 884 2848 excelsorum,
899 2812 963 2850 'quw

1047 2273 1165 2308 Ῥοϐοὰμ
1178 2273 1260 2308 γεννᾷ.
1284 2271 1330 2299 τὸν
1353 2271 1448 2298 Ἀϐιά⁸
1467 2271 1544 2298 Ἀϐιὰ
1563 2270 1609 2297 τὸν
1629 2270 1710 2297 Ἀσά·
1738 2269 1792 2297 Ασὰ

1010 2319 1055 2346 τὸν
1076 2319 1222 2354 Ὶωσαεξάτ·
1251 2318 1385 2354 Ἰωσαφὰτ
1410 2318 1454 2344 τὸν
1487 2317 1603 2353 Ἰωράμ·
1627 2316 1729 2352 Ἰωρὰμ
1751 2316 1791 2342 τὸν

1017 2365 1153 2400 Ὀχοζίαν·
1175 2364 1297 2400 Ὀχοζίας
1313 2364 1357 2392 τὸν
1379 2364 1471 2396 Ἰωάς·
1493 2363 1569 2394 Ἰωὰς
1582 2363 1627 2390 τὸν
1651 2362 1790 2396 ’Λμεσίανσ

1018 2412 1146 2446 ’Δμεσίαε
1174 2412 1219 2438 τὸν
1250 2411 1396 2444 Ἀζαρίαν,
1426 2411 1472 2437 τὸν
1500 2409 1664 2445 καλούμενον
1691 2408 1789 2440 Ὀζίαν·

1012 2502 1112 2528 suntin
1124 2501 1231 2528 urbibus
1248 2500 1388 2527 Samaria.
1406 2498 1441 2526 At
1457 2506 1518 2533 cap.
1535 2506 1591 2528 xw,
1603 2497 1648 2528 24,
1666 2497 1739 2523 Amri
1751 2503 1792 2522 rex

1013 2537 1122 2563 lsraelis
1139 2537 1201 2563 emit
1216 2540 1329 2562 montem
1348 2535 1477 2562 Samaria!
1500 2542 1517 2560 a
1538 2533 1630 2560 Somer
1643 2533 1743 2558 duobus
1757 2535 1794 2556 ta-

1015 2572 1091 2598 lentis
1115 2572 1233 2606 argenti;
1255 2576 1280 2597 et
1306 2570 1446 2604 wdiﬁcavit
1464 2577 1537 2606 eum.
1549 2573 1573 2595 et
1587 2568 1688 2606 υρσαυίι
1707 2574 1793 2606 nomen

1015 2601 1240 2642 oivitatisi’quam
1258 2601 1445 2642 enunieret,
1467 2604 1571 2642 nomine
1591 2603 1681 2630 Semer
1700 2601 1793 2642 domini

1015 2642 1112 2668 montis
1127 2639 1288 2677 Samariam.
1305 2640 1382 2675 Apud
1398 2639 1577 2677 Epiplianium
1592 2646 1656 2673 ergo
1669 2639 1794 2677 rat‘iopo-

1016 2677 1110 2706 stulat.
1127 2680 1157 2703 ut
1171 2676 1294 2702 Samaria
1311 2672 1431 2710 regionis
1442 2672 1544 2710 potius,
1554 2672 1638 2710 quam
1653 2672 1744 2706 oppidi
1755 2678 1794 2698 vo-

1017 2712 1145 2739 cabulum
1172 2708 1463 2748 sit._Nondum_eniut
1489 2708 1649 2748 Jcroboaruo
1672 2710 1795 2748 regnante

1017 2747 1127 2774 condita
1143 2751 1202 2773 erat
1222 2745 1356 2773 Samaria.
1371 2745 1403 2772 Et
1419 2750 1509 2772 tamen
1529 2752 1589 2770 cum
1606 2742 1796 2779 Hierosolymis

1017 2785 1183 2817 opponatur,
1202 2789 1252 2816 pro
1268 2781 1369 2817 oppido
1385 2780 1456 2808 sumi
1473 2779 1593 2808 videtur.
