1944 3037
98 123 160 150 221

452 121 638 150 ADVERSUS
655 121 826 150 [MERESES
844 123 893 151 Llll

949 146 951 152 .
974 125 1056 154 T081.
1076 128 1097 155 1.
1116 142 1153 150 -
1171 129 1310 159 ll/ERES.
1332 129 1399 160 Vill.

1684 134 1740 162 222

99 180 157 208 καὶ
177 179 334 211 Κουδαίους,
348 179 586 216 Σεπφαρουραίους
597 181 645 207 καὶ
656 181 890 215 ’Λναγωγαναίους

953 184 1169 221 Anagoganzeos.
1186 188 1236 221 Qui
1248 196 1310 215 cum
1323 189 1477 217 simulacris
1493 190 1550 218 suis
1573 199 1605 218 eo
1622 191 1739 226 proiecti

99 226 142 254 οι
154 234 240 257 τινες,
255 225 313 261 ἃμα
329 227 385 258 τοῖς
397 225 487 255 αὐτῶν
505 226 625 259 εἰδώλοις
640 226 800 260 ἀναϐάντες,
812 227 900 263 κατῴ-

99 281 178 299 κουν
192 272 223 299 τὺ
237 271 387 308 τηνικαῦτα
407 272 457 310 τὴν
479 273 644 308 Σαμαρείαν,
662 275 763 310 ταύτην
778 274 901 307 ἐπιλεξά-

101 319 312 354 μνοιοέαυτοῖς
327 318 376 353 τὴν
392 318 453 353 γῆν,
465 318 508 345 διὰ
522 318 552 344 τὸ
569 316 639 346 εἶναι
656 319 736 346 πίονά
747 328 776 346 τε
792 321 836 347 καὶ
853 329 900 355 γο-

100 364 278 399 νιμωτάτην.
295 364 390 400 Χρόνῳ
403 364 431 391 δὲ
445 361 517 390 οὗτοι
534 364 586 391 ὑπὸ
601 364 655 392 τῶν
670 365 773 401 θηρίων
785 366 900 392 διασπα-

103 410 282 446 ραττόμενοι,
298 409 411 436 λεόντων
424 410 452 436 δὲ
469 410 516 438 καὶ
530 410 699 443 παρδάλεων,
715 412 761 438 καὶ
780 411 899 446 ἄρκτων,

106 457 158 483 καὶ
173 457 226 483 τῶν
248 456 336 483 ἄλλων
356 457 482 492 πονηρῶν
503 457 615 493 θηριων,
635 458 844 484 ἀποστέλλουσιν
860 460 899 491 είς

105 502 269 534 Βαϐυλῶνα,
287 502 517 538 παρακαλοῦντες,
535 503 582 530 καὶ
599 503 734 539 ὑπερϐολῇ
753 503 901 539 θαυμάζον-

108 556 156 579 τες
189 548 238 582 τὴν
263 547 318 574 τῶν
347 548 568 582 κατοικησάντων
595 548 625 574 τὸ
662 548 726 584 πρὶν
753 549 899 583 ὲγκάθετον

106 593 259 628 διαγωγὴν,
272 593 330 624 πῶς
345 593 475 627 ἠδύναντο
491 593 641 629 ἀποστῆναι
663 594 713 629 τὴν
729 594 783 621 τῶν
798 594 900 629 θηρίων

105 639 239 674 ἁρπαγήν
252 647 282 665 τε
296 639 343 665 καὶ
359 639 430 674 βίαν.
452 639 481 665 ’0
495 639 523 665 δὲ
537 638 672 674 βασιλεὺς,
689 640 900 676 μεταστειλάμε-

106 694 154 717 νος
171 687 233 717 τοὺς
248 685 459 722 πρεσϐυτέρους,
474 685 556 721 ᾔρετο
576 686 625 722 τὴν
648 686 739 718 αὐτοῖς
753 687 900 723 γενομένην

105 732 222 767 ἀγωγὴν
234 732 283 766 τῆς
298 734 327 759 ὲν
339 734 372 767 τῇ
384 732 499 767 Ἰουδαίᾳ
513 731 657 765 καθέξεως,
672 732 730 764 πῶς
745 741 774 759 τε
795 732 899 759 διελάν-

105 778 191 808 θανον
207 778 256 812 τὴν
271 779 324 804 τῶν
344 778 445 813 θηρίων
463 778 600 814 ἁρπαγὴν,
621 778 755 813 τοσαύτης
773 778 899 814 θηριοϐο-

105 824 169 855 Αἶας
189 824 236 850 καὶ
247 823 335 858 λύμης
355 823 426 849 κατὰ
447 823 494 858 τὴν
515 823 567 858 γῆν
589 823 696 857 ἐκείνην
713 823 896 859 ὑπαρχούσης.

104 871 140 901 υἱ
155 870 184 895 δὲ
199 869 248 904 τὴν
259 868 306 895 τοῦ
329 868 397 894 Θεοῦ
416 867 576 903 νομοθεσίαν
599 867 673 903 αὐτῷ
691 868 834 901 ἐδείκνυον,
853 868 900 895 καὶ
915 861 937 889 Β

105 915 181 951 μετά
193 915 326 946 συνέσεως
341 913 416 949 αὐτῷ
430 914 622 941 ἀπεκάλυπτον
634 914 684 949 τῆς
701 914 812 949 εὐλόγου
829 915 899 949 γνώ-

105 970 166 997 μης
193 960 226 987 τὰ
250 959 366 995 καθεξῆς
396 960 404 975 ¹
430 960 579 995 φήσασθαι.
614 960 661 995 Μὴ
694 960 823 987 δύνασθαι
845 961 900 995 γὰρ

104 1008 199 1033 ἐκεῖσε
222 1006 297 1038 ἔθνος
315 1005 487 1037 καθέζεσθαι,
505 1006 529 1031 εί
547 1006 584 1040 μή
604 1014 630 1032 τι
645 1006 678 1032 ἂν
693 1006 738 1032 τὸν
753 1006 835 1042 νόμον
852 1007 899 1033 τοῦ

104 1053 178 1079 θεοῦ
191 1052 238 1079 τοῦ
255 1052 370 1088 οὖρανοῦ
390 1052 434 1078 τὸν
456 1052 500 1078 διὰ
517 1052 654 1084 Μωῦσέως
674 1052 785 1079 δοθέντα
807 1054 898 1079 ὲπιτε-

105 1099 226 1125 λέσαιεν.
248 1096 324 1125 Εἶναι
338 1098 393 1134 γὰρ
405 1098 451 1125 τὸν
472 1097 540 1124 Θεὸν
556 1098 601 1124 τὸν
616 1098 834 1134 ὑπερασπίζοντα
850 1100 899 1135 τῆς

104 1145 177 1178 γῆς’
203 1144 240 1179 μὴ
267 1143 408 1178 βούλεσθαι
435 1143 465 1170 δὲ
486 1143 658 1178 παραϐάσεις
685 1145 714 1170 ὲν
739 1145 808 1180 αὐτῇ
834 1147 897 1181 παρ’

105 1189 194 1217 ἐθνῶν
217 1189 372 1223 ἀλλοφύλων
392 1189 515 1222 γίνεσθαι
539 1190 758 1225 εἰδωλολατρείας
774 1191 820 1217 καὶ
843 1191 897 1218 τῶν

105 1236 207 1263 ἄλλων.
232 1235 260 1262 '0
274 1235 303 1262 δὲ
319 1235 523 1270 ἐπιμελόμενος,
548 1235 595 1262 καὶ
616 1235 773 1270 πειθόμενος
789 1238 821 1271 τῇ
844 1237 898 1263 τῶν

105 1281 324 1312 ἀναδιδαξάντων
335 1280 505 1316 ἀληθεστάτῃ
521 1280 663 1316 ἑρμηνείᾳ,
673 1280 837 1315 ἀντίγραφον
850 1280 897 1306 τοῦ

104 1326 191 1361 νόμου
207 1325 317 1360 ᾔτησεν.
330 1325 361 1351 Οί
384 1325 424 1356 δὲ,
445 1324 570 1358 ἀφθόνως
594 1324 741 1356 δεδωκότες
763 1325 831 1360 μετὰ
851 1326 895 1352 καὶ

105 1372 154 1399 τοῦ
179 1372 279 1407 νόμου,
293 1371 410 1407 Ἐσδραν
433 1371 494 1398 τινὰ
515 1371 591 1407 ἱερέα
619 1371 676 1406 (64)
703 1372 898 1399 ἀποστέλλουσι

105 1417 311 1453 παιδευτὴντοῦ
334 1417 416 1452 νόμου
442 1416 496 1443 ἀπὸ
514 1416 682 1448 Βαϐυλῶνος,
702 1417 769 1453 πρὸς
787 1417 817 1444 τὸ
836 1426 898 1444 παι-

105 1463 199 1491 δεῦσαι
225 1465 289 1495 τοὺς
311 1465 339 1489 ὲν
359 1465 392 1498 τῇ
422 1463 562 1498 Σαμαρείᾳ
596 1462 777 1495 καθεσθέντας
803 1464 898 1490 ’Λσσυ-

952 232 1045 259 sedetu
1063 232 1089 259 in
1109 232 1232 261 Samaria
1248 235 1429 262 constituunt.
1456 235 1531 262 Hanc
1556 237 1638 267 enim,
1665 237 1738 271 quod

954 280 1107 314 praepingui
1128 280 1204 315 gleba
1238 280 1376 316 lerlilique
1392 281 1472 314 foret,
1499 282 1532 308 ad
1560 282 1737 309 ltabitandum

952 324 1087 359 deligunt.
1106 324 1207 352 Verum
1222 327 1362 361 aliqttanto
1390 331 1484 362 postea
1504 332 1627 362 tempore
1640 336 1655 354 a
1674 328 1739 356 feris

952 370 1057 401 laniati.
1074 371 1199 400 leonibus
1214 372 1350 404 videlicet,
1366 373 1459 408 pardis
1484 377 1511 401 ct
1525 372 1607 406 ursis,
1623 374 1739 409 aliisque

951 417 1113 454 crudelibus
1125 418 1222 445 bestiis
1238 419 1457 451 incursantibus,
1488 419 1592 453 legatos
1608 419 1634 446 in
1650 419 1738 454 Baby-

953 461 1042 489 lonetn
1057 470 1119 489 cum
1145 464 1272 498 precibus
1286 464 1415 497 mittunt;
1436 464 1612 492 vehementer
1626 472 1674 492 eos
1687 465 1737 491 ad-

952 508 1055 540 mirati,
1068 509 1116 543 qui
1133 509 1196 537 istic
1209 513 1271 537 ante
1287 518 1316 537 se
1330 509 1500 537 domicilium
1525 510 1738 541 collocaveram,

952 555 998 589 qui
1016 555 1125 582 tandem
1156 563 1170 581 a
1192 555 1311 583 ferarum
1334 556 1360 583 vi
1381 559 1407 583 et
1432 555 1600 582 immanitate
1628 563 1739 583 servare

953 609 1013 628 sese
1026 602 1191 636 potuissent.
1218 601 1326 634 Quibus
1354 601 1456 629 auditis
1471 609 1518 629 rex
1538 602 1679 629 accersitis
1693 610 1738 628 se-

951 647 1078 675 nioribus
1107 647 1268 683 interrogat,
1286 656 1410 683 quamam
1434 647 1489 675 illis
1506 648 1533 674 in
1565 647 1657 674 Judtea
1677 648 1739 674 vita:

952 693 1037 725 ratio;
1055 697 1111 719 tum
1126 693 1262 728 quomodo
1276 693 1305 720 in
1318 697 1392 720 tanta
1405 693 1556 720 bestiarum
1568 693 1739 724 incursione,

951 738 1090 773 tantisque
1118 738 1238 774 regionis
1264 739 1448 766 incommodis
1472 739 1579 765 illarum
1606 739 1740 765 laniatum

951 790 983 810 ac
1000 783 1134 811 feritatem
1152 783 1321 819 ell‘ugissent.
1339 783 1379 810 llli
1401 784 1567 811 constitutas
1581 791 1595 809 a
1616 783 1670 811 Deo
1685 784 1738 810 sibi

952 829 1025 864 leges
1041 829 1243 861 demonstrant,
1261 829 1466 867 prudenterque
1481 829 1554 865 quod
1570 835 1629 857 erat
1639 830 1739 856 rationi

952 880 1166 903 consentaneum
1184 876 1340 912 significant
1356 884 1362 902 :
1379 877 1483 903 nullam
1508 876 1544 903 iis
1564 877 1591 903 in
1609 877 1676 903 locis
1688 884 1739 903 Ita-

951 920 1053 948 tionem
1066 928 1148 956 posse
1160 922 1326 954 consistere,
1342 922 1395 950 nisi
1416 921 1549 949 divinitus
1567 921 1677 949 traditis
1691 929 1743 956 per

951 965 1062 1001 Moysen
1076 967 1181 1002 legibus
1203 967 1417 1002 obtemperaret,
1435 966 1518 994 Deum
1543 967 1644 1002 quippe
1659 971 1739 994 terrze

951 1012 1106 1047 praesidem,
1120 1020 1152 1040 ac
1164 1016 1349 1047 protectorem
1361 1020 1441 1045 esse;
1458 1013 1625 1047 minimeque
1637 1011 1691 1046 pati
1705 1011 1739 1038 ab

950 1057 1073 1084 externis
1088 1057 1197 1092 pupulis
1211 1065 1259 1092 per
1281 1057 1494 1084 simulacrorum
1521 1056 1636 1086 cultum,
1654 1055 1722 1082 alias

951 1111 1004 1138 que
1015 1104 1225 1139 superslitiones
1240 1103 1390 1138 quidquam
1416 1104 1474 1130 illic
1488 1107 1584 1130 contra
1612 1102 1737 1129 instituta

951 1150 1094 1177 committi.
1113 1150 1178 1183 Quae
1190 1150 1283 1177 omnia
1296 1149 1550 1177 Nabuchodonosor
1575 1148 1738 1183 negligenda

950 1196 1062 1222 minitne
1076 1201 1163 1229 ratus,
1175 1195 1291 1223 sincera:
1311 1196 1420 1222 illorum
1446 1195 1564 1222 orationi
1583 1193 1661 1221 iidem
1691 1201 1737 1220 ac-

950 1241 1137 1272 commodans,
1156 1241 1222 1274 legis
1232 1241 1386 1275 exetnplum
1412 1241 1548 1275 poposcit.
1571 1240 1624 1274 23
1652 1239 1740 1273 Cujus

950 1293 1011 1311 cum
1029 1285 1066 1312 illi
1083 1285 1190 1319 copiam
1211 1284 1318 1312 abunde
1343 1285 1484 1316 fecissent,
1502 1284 1616 1310 iisdrattt
1643 1291 1738 1318 (litetu-

950 1330 1013 1357 dant
1043 1331 1213 1358 sacerdotetn
1255 1330 1391 1366 Legisque
1426 1331 1567 1358 dot-torem
1600 1329 1738 1364 Babylone

951 1385 1011 1404 cum
1032 1377 1078 1403 illa
1098 1378 1155 1411 ipsa
1173 1377 1230 1412 lege
1256 1377 1404 1408 destinant,
1422 1380 1451 1402 ut
1469 1375 1598 1411 Assyrios
1623 1375 1670 1410 qui
1688 1374 1737 1401 Sa-

950 1423 1064 1450 mariatn
1082 1423 1248 1455 incolebant,
1273 1423 1325 1450 hoc
1347 1427 1390 1450 est
1415 1422 1586 1454 Clutttltaeos,
1615 1422 1737 1455 aliosque

951 1478 1034 1505 supra
1059 1473 1289 1497 coutmetnoratos
1313 1469 1440 1504 populos,
1467 1467 1594 1495 Mosaicis
1617 1467 1738 1493 decretis

107 1511 192 1545 ρίους,
212 1510 274 1541 τοὺς
289 1508 542 1544 προδεδηλωμένους
563 1508 697 1540 Χυθαίους
721 1509 768 1535 καὶ
791 1509 893 1542 ἄλλους,

952 1516 1117 1543 imbuerent.
1133 1515 1241 1542 Accidit
1255 1515 1307 1542 hoc
1317 1514 1458 1541 tricesimo
1472 1514 1533 1548 plus
1546 1513 1638 1539 minus
1652 1520 1736 1544 anno,

104 1556 152 1581 τὸν
179 1555 260 1590 νόμον
286 1555 330 1581 τὸν
353 1555 501 1585 Μωῦσέως.
527 1554 631 1581 Γίνεται
658 1554 686 1581 δὲ
713 1555 791 1581 τοῦτο
812 1557 840 1581 ὲν
859 1555 898 1591 τῷ

105 1600 259 1636 τριακοστῷ
274 1600 328 1626 ἔτει
346 1600 431 1626 πλείω
445 1600 461 1635 ἢ
478 1600 583 1626 ἐλάσσω
598 1600 647 1635 τῆς
663 1600 710 1626 τοῦ
729 1601 835 1636 Ἰσραὴλ
851 1603 898 1628 καὶ

112 1647 287 1683 Ἰερουσαλὴμ
302 1647 500 1682 αἰχμαλωσίας.
518 1647 661 1688 ξΕπαίδευε
675 1647 764 1673 τοίνυν
781 1648 897 1684 Ἔσδρας

106 1694 153 1720 καὶ
167 1693 192 1719 οἱ
210 1692 267 1727 μετ’
283 1692 365 1718 αὐτοῦ
381 1692 411 1718 τὸ
424 1691 501 1726 γένος
523 1691 554 1718 τὸ
579 1692 608 1718 ἐν
626 1693 658 1726 τῇ
678 1692 829 1728 Σαμαρείᾳ,
851 1693 897 1719 καὶ

105 1739 258 1775 ἐκλήθησαν
272 1739 440 1774 Σαμαρεῖται
465 1739 490 1764 οἱ
511 1738 556 1764 τὸν
577 1738 659 1773 νόμον
672 1738 717 1765 διὰ
731 1739 777 1766 τοῦ
794 1740 896 1776 Ἔσδρα

105 1785 152 1812 τοῦ
166 1785 220 1811 ἀπὺ
234 1784 391 1815 Βαϐυλῶνος
411 1785 523 1819 ἥκοντος
538 1784 734 1819 διαδεξάμενοι.
753 1785 848 1820 Διῆλθε
867 1786 895 1812 δὲ

106 1833 200 1868 χρόνος
212 1832 281 1858 ὲτών
293 1831 497 1866 τεσσαράκοντα
512 1831 610 1862 ἄλλων,
625 1831 672 1857 καὶ
692 1831 708 1866 ὴ
723 1832 895 1866 αἰχμαλωσία

105 1878 210 1913 ἀνείθη.
224 1878 279 1904 Καὶ
297 1877 410 1912 ἀνῆλθεν
432 1877 540 1912 Ἰσραὴλ
554 1877 608 1903 ἀπὸ
624 1877 672 1912 τῆς
688 1877 857 1910 Βαϐυλῶνος.

142 1925 179 1952 8'.
203 1924 321 1959 Ἐπέστη
349 1923 379 1949 δὲ
408 1923 568 1958 θαυμάζειν,
596 1923 654 1955 πῶς
679 1924 836 1959 συμϐέϐηκε
861 1925 895 1953 τὰ

105 1970 225 2004 τέσσαρα
247 1969 310 2004 ἔθνη
339 1969 386 1995 καὶ
405 1969 541 2004 τέσσαρας
566 1969 685 2004 αἱρέσεις
707 1970 735 1995 ὲν
757 1970 830 2005 αὐτῷ
856 1971 894 2006 τῷ

107 2014 177 2041 ἔθνει
200 2015 342 2049 γενέσθαι·
361 2014 433 2049 φημὶ
459 2014 487 2040 δὲ
512 2014 619 2049 πρῶτον
639 2015 784 2050 Ἐσσηνῶν,
801 2015 894 2042 δεύτε-

107 2068 153 2096 ρον
176 2059 327 2095 Γορθηνῶν,
351 2059 441 2095 τρίτον
467 2059 638 2089 Σεϐουαίων,
668 2059 795 2096 τέταρτον
822 2062 895 2086 Δοσι-

107 2105 183 2133 θέων.
205 2106 344 2132 Ἐντεῦθεν
361 2106 432 2142 ἀρχή
456 2115 500 2141 μοι
515 2106 617 2140 γίνεται
635 2107 684 2142 τῆς
698 2107 744 2133 τοῦ
761 2107 894 2141 ἐπαγγέλ-

108 2161 190 2187 ματος
206 2153 277 2179 κατὰ
298 2152 429 2187 αἱρέσεων
455 2152 656 2187 πραγματείας.
673 2153 719 2179 καὶ
745 2153 774 2179 τὸ
795 2154 890 2186 αἴτιον,

106 2199 177 2229 ὅπως
195 2198 205 2212 ¹
219 2197 394 2231 διασαφήσων
410 2197 438 2222 ἐν
454 2197 549 2232 βραχεί
563 2197 628 2232 ἐρῶ.
641 2197 672 2222 Τί
687 2197 715 2223 δέ
730 2198 803 2224 ἐστιν
816 2199 888 2228 ἄλλο,

107 2245 123 2281 ἢ
140 2245 179 2271 ὃτι
195 2244 247 2270 ἀπὸ
262 2243 309 2278 τῆς
320 2242 373 2268 τῶν
388 2242 518 2276 γλωσσῶν
533 2242 684 2278 πολυφόρου
699 2244 890 2279 ἁλλοιοιρωνίας

106 2291 186 2325 φυλαὶ
198 2289 341 2324 γεγόνασι;
362 2288 441 2314 Κατὰ
456 2288 484 2314 δὲ
496 2289 612 2324 ἑκάστην
627 2289 713 2324 φυλήν
727 2299 754 2316 τε
770 2291 815 2317 καὶ
836 2300 888 2318 πα-

158 2371 166 2385 ¹
185 2369 265 2396 Forte
277 2370 420 2405 φήσαντες.
458 2369 468 2384 ²
480 2368 560 2399 Forte
576 2369 744 2405 διασαφήσω.

106 2441 136 2467 de
151 2439 247 2470 Cutha,
262 2445 285 2466 et
305 2439 336 2466 de
355 2439 442 2471 ﬂava,
454 2445 478 2466 et
497 2439 529 2466 de
547 2438 653 2471 Ematlt,
672 2445 698 2467 et
717 2440 749 2467 de
773 2440 888 2474 Sep/iar-

107 2476 182 2502 rm‘m.
207 2474 300 2501 Graace
320 2475 356 2501 ita
374 2484 381 2501 τ
397 2475 451 2501 Καὶ
474 2476 506 2500 ὲκ
521 2474 606 2504 Χυθὰ,
635 2475 684 2501 καὶ
710 2475 764 2501 ἀπὸ
778 2476 887 2508 Ἀουὰν,

107 2511 150 2538 καὶ
159 2509 213 2536 ἀπὺ
223 2509 324 2544 Αἰμὰθ,
332 2509 386 2545 Ῠκαὶ
395 2510 448 2536 ἀπὸ
460 2509 667 2545 Σενμφαρουαίμ.
681 2509 759 2542 Quod
772 2511 804 2537 ad
815 2510 888 2537 Clut-

106 2548 187 2572 tltzeos
202 2545 310 2575 attinet,
328 2544 472 2579 Josephus,
493 2544 541 2571 lib.
558 2545 749 2579 ιχἈρχαιολ..
768 2553 794 2573 c.
811 2546 855 2576 lt,
869 2553 884 2572 a

106 2580 209 2608 Chutba
235 2579 356 2607 Persidis
380 2580 499 2614 regione,
515 2583 542 2606 et
556 2580 719 2614 cognomine
736 2580 818 2607 lluvio
832 2588 885 2609 no~

108 2617 221 2642 minatos
243 2614 368 2641 allirmat.
383 2614 451 2641 Vitle
471 2614 556 2641 Eliam
574 2614 735 2646 Thisbitem,
753 2616 886 2643 vocabulo

107 2656 162 2680 nu.
177 2650 218 2677 Ab
235 2650 268 2677 iis
284 2650 364 2681 nihil,
378 2650 486 2684 opinor,
503 2649 660 2684 discrepant
672 2651 809 2682 Κουδαῖοι,
825 2651 887 2678 licet

108 2685 272 2721 Epiphanius
283 2689 407 2712 secernat
417 2694 424 2718 ;
434 2685 488 2721 _n_isi
501 2685 563 2719 quis
574 2685 741 2720 Αιμαθαίους
753 2686 812 2720 ejus
826 2686 886 2713 loco

108 2719 289 2755 reponendum
301 2725 422 2748 censeat.
434 2719 501 2746 Nam
519 2727 568 2753 pro
582 2719 816 2755 Ἀναγωγαναῖους
831 2721 887 2746 for-

108 2754 174 2784 tasse
183 2755 358 2786 Ἀουαναίους
370 2755 467 2782 melius
478 2754 594 2789 erit,pra
608 2754 728 2788 Havaais:
741 2764 804 2782 curn
816 2755 886 2782 LXX

115 2791 204 2818 ’Δουάν
228 2790 360 2818 scribant.
382 2791 416 2816 At
441 2789 561 2824 Scaliger
586 2790 730 2824 Ἀνάγνους
756 2791 887 2823 Γαναίους

109 2826 156 2862 leg.
173 2825 319 2862 ariolatur;
336 2825 398 2862 quia
416 2829 475 2854 ’ΝΠ
491 2829 555 2851 sunt
567 2825 686 2859 ἄναγνοι,
702 2825 884 2862 οθεεεηίηνιε-

109 2860 167 2896 ruit;
188 2860 328 2893 nationum
353 2860 397 2893 ltie
413 2868 537 2894 nomina,
554 2868 608 2887 non
625 2869 740 2894 morum,
757 2869 788 2889 ac
805 2861 884 2889 vitio-

949 1569 1030 1596 quatn
1059 1560 1144 1588 Judaei
1172 1569 1204 1587 ex
1216 1559 1315 1587 lsraele
1330 1567 1361 1586 ac
1386 1559 1583 1594 Hierosolymis
1600 1558 1736 1593 deportati

950 1607 1076 1634 fuissent.
1093 1607 1176 1642 Igitur
1190 1606 1302 1639 Esdras,
1316 1605 1399 1640 etqui
1411 1614 1473 1633 cutn
1487 1614 1519 1632 eo
1531 1604 1645 1639 profecti
1659 1608 1735 1636 sunt,

949 1652 1128 1680 Samaritana:
1156 1653 1276 1689 regionis
1305 1652 1410 1679 incolas
1445 1652 1592 1685 erudiunt;
1619 1651 1736 1686 indeque

949 1699 1091 1727 Samaritae
1106 1699 1185 1732 dicti,
1200 1700 1246 1734 qui
1260 1700 1295 1727 ab
1312 1699 1408 1730 Esdra,
1425 1706 1506 1734 quem
1524 1706 1570 1725 rex
1597 1697 1735 1733 Babylone

947 1746 1069 1776 miserat,
1088 1745 1172 1780 legem
1187 1750 1364 1780 acceperunt.
1381 1744 1445 1772 Post
1460 1744 1515 1771 ltrec
1529 1744 1590 1770 aliis
1607 1751 1640 1770 η
1654 1743 1734 1770 annis

945 1792 1048 1826 elapsis
1073 1791 1207 1818 dissoluta
1232 1791 1392 1826 captivitate
1415 1790 1544 1818 Israelita:
1569 1790 1596 1816 in
1617 1789 1733 1824 patriam

945 1837 1047 1864 reversi
1065 1842 1140 1864 sunt.

980 1922 1025 1950 l.\'.
1043 1923 1113 1950 Illud
1130 1930 1195 1951 vero
1207 1923 1390 1950 admiratione
1406 1923 1470 1950 mibi
1486 1923 1597 1958 dignum
1612 1922 1731 1953 videtur,

944 1968 1175 2003 quemadmodum
1201 1976 1251 2003 pro
1275 1975 1301 1995 tv
1328 1968 1435 1995 illarum
1461 1968 1581 2002 gentium
1604 1973 1730 1998 numero,

944 2014 1057 2042 totidem
1073 2014 1100 2041 in
1116 2022 1148 2042 eo
1160 2015 1260 2049 populo
1279 2018 1362 2042 secta:
1379 2014 1526 2041 coluerint.
1539 2014 1660 2046 Quarum
1675 2012 1732 2046 pri-

944 2068 988 2086 ma
1005 2064 1047 2087 est
1060 2059 1242 2092 Essenorum;
1263 2068 1295 2092 tt,
1312 2060 1530 2090 Gortbenortnn;
1546 2067 1587 2089 tu,
1607 2057 1733 2085 Sebuteo-

943 2114 1020 2139 rum;
1031 2115 1066 2138 tv,
1076 2107 1279 2134 Dositheorunt.
1290 2105 1347 2132 [Ioc
1361 2106 1413 2133 erit
1425 2104 1555 2140 propositi
1563 2104 1641 2131 nobis
1652 2112 1732 2138 argn-

945 2154 1040 2185 mcnti,
1049 2154 1223 2188 susceptique
1230 2154 1362 2180 adversus
1375 2153 1493 2179 haereses
1502 2152 1594 2186 operis
1602 2150 1708 2178 initium
1722 2158 1729 2176 :

944 2207 975 2226 ac
993 2200 1108 2234 primttm
1125 2199 1316 2234 multiplicium
1333 2199 1440 2226 illorutn
1453 2205 1578 2225 errorum
1596 2197 1730 2231 originem

945 2246 1050 2280 paucis,
1078 2246 1124 2273 sed
1155 2246 1298 2281 perspicue
1325 2245 1481 2272 declarabo.
1509 2243 1638 2277 Quaruatn
1668 2251 1732 2270 vero

945 2291 1054 2318 tandem
1067 2291 1122 2319 alia
1149 2300 1211 2319 esse
1228 2295 1330 2326 potest,
1356 2291 1410 2318 nisi
1429 2290 1503 2325 quod
1526 2290 1681 2324 linguarum
1697 2295 1731 2315 ex

940 2448 1000 2467 rum
1010 2439 1124 2474 propria,
1133 2443 1393 2466 commemorantur.

978 2472 1035 2508 (ϐό)
1057 2472 1187 2507 Ἕσδραν
1203 2474 1269 2500 τινὰ
1284 2474 1373 2507 ἱερέα.
1397 2472 1509 2500 Miriﬁca
1534 2479 1637 2508 rerum,
1656 2475 1727 2499 tem-

961 2506 1093 2545 orulnque
1109 2506 1423 2545 perturbatio._Esdram
1433 2508 1537 2545 asserit
1554 2514 1569 2533 a
1582 2506 1727 2545 N_.'_ibu_clto-

961 2519 1093 2545 oruutque
1110 2519 1288 2544 perturbatio.
1309 2519 1423 2535 usuram
1438 2519 1537 2535 assunt.
1554 2519 1569 2533 il
1582 2519 1727 2534 uuuucuu-

938 2519 1074 2572 Sottosore
1087 2545 1212 2576 missum,
1227 2544 1274 2578 qui
1289 2543 1419 2570 Samaria:
1433 2543 1581 2578 inquilinos
1594 2541 1677 2569 Mosis
1691 2543 1728 2569 le-

940 2588 1000 2616 gem
1018 2580 1140 2616 doceret,
1159 2579 1239 2616 idque
1262 2587 1334 2616 anno
1351 2587 1408 2616 xxx‘
1421 2578 1591 2616 Babqupica’.
1612 2578 1726 2616 cap_tivi~

941 2612 1007 2642 fatis
1021 2615 1167 2642 accidisse.
1184 2613 1242 2640 Non
1258 2614 1366 2641 videtur
1385 2612 1500 2640 alterum
1513 2612 1626 2640 Esdram
1643 2613 1677 2638 ab
1693 2620 1729 2639 eo

940 2651 1117 2680 intellexisse,
1133 2649 1179 2684 qui
1199 2649 1315 2676 llecalia:
1327 2649 1400 2676 ﬁlius
1417 2649 1484 2683 legis
1501 2648 1590 2675 scriba
1613 2647 1725 2684 dicitur.

941 2685 994 2713 Sed
1010 2686 1093 2712 alium
1107 2681 1208 2717 tanien,
1219 2685 1242 2711 si
1258 2692 1351 2711 verum
1367 2684 1432 2711 illud
1442 2681 1494 2714 est,
1506 2686 1613 2717 oportet
1627 2681 1726 2711 fuisse.
1765 2703 1769 2707 .

940 2720 1000 2748 Non
1024 2720 1145 2747 melioris
1161 2725 1204 2756 est
1221 2723 1301 2751 notae,
1325 2720 1397 2754 quod
1408 2717 1666 2756 Vlsraeliticamhltoc
1680 2720 1726 2745 est

941 2764 957 2782 x
970 2755 1090 2782 tribuum
1104 2755 1299 2788 capttvitatem,
1313 2752 1374 2781 cum
1390 2755 1475 2781 altera
1491 2752 1643 2788 confundit,
1661 2759 1727 2786 qua)

940 2791 992 2818 sub
1014 2786 1211 2825 Nabuchodon.
1227 2790 1350 2825 contigit.
1364 2790 1433 2822 Quid
1448 2789 1522 2816 enim
1537 2786 1608 2825 aliud
1632 2786 1727 2818 facem

939 2826 1040 2861 potuit;
1067 2825 1113 2860 qui
1134 2821 1332 2861 Nabuchodoh.
1347 2821 1472 2854 eumdem
1485 2831 1547 2851 cum
1563 2821 1725 2854 Saluunass

938 2860 1001 2888 Saro
1016 2860 1212 2888 constituerat?
