1944 3037
209 124 259 151 ω

917 126 945 153 S.
967 125 1139 154 EPII’IIANII

1791 123 1852 151 ρει

209 183 255 210 illa
267 185 401 212 varietate
414 184 556 212 nationum
567 189 632 212 sunt
645 185 715 212 facta
730 185 845 213 dissidia
857 186 868 212 7
882 186 1000 222 Singulce

1058 187 1197 223 τριαρχίαν
1207 186 1270 222 ἔθνη
1282 187 1398 221 διάφορα
1413 186 1539 222 προέστη,
1558 187 1614 213 Πᾶν
1630 186 1659 212 δὲ
1675 186 1748 217 ἔθνος
1759 185 1854 219 ἑαυτῷ

210 238 292 264 porro
307 230 434 258 nationes
452 238 484 258 ac
501 231 611 257 l‘atnilia:
627 231 718 258 varias
739 232 764 258 in
782 237 878 266 gentes
902 241 1002 267 propa-

209 279 278 309 gatm
294 279 377 309 sunt;
391 283 510 310 quarum
526 283 696 311 unaqua-que
706 277 837 312 deinceps
852 286 932 304 suum
949 278 1001 305 sibi

211 329 301 356 regem
330 322 486 349 constituit.
502 322 541 349 Ex
563 331 619 357 quo
639 322 711 349 bella
734 323 944 358 diseordia‘qne,
971 332 1003 351 ac

210 368 332 402 gentium
347 369 419 395 initer
434 376 463 395 se
481 368 626 396 conﬂictus
636 369 724 395 exorti
741 377 746 393 :
763 376 825 395 cum
842 369 869 396 id
885 370 1003 404 quisque

211 413 425 448 quodlihuisset
453 414 579 441 obtinere
603 419 726 449 cuperet,
751 418 778 441 et
799 423 860 450 quae
885 416 1002 443 aliorum

209 462 291 485 erant
314 459 347 486 ad
373 468 433 486 sese
459 460 641 495 pertraheret,
661 460 686 487 id
699 460 772 495 quod
791 461 826 488 ab
850 461 1001 489 insatiabili

210 505 328 540 quadam
355 506 438 532 insita
458 507 549 541 generi
566 512 660 534 nostro
681 507 830 542 cupiditate
848 507 1001 542 profectum

210 555 264 579 est.
283 551 329 579 Sic
348 553 432 587 igitur
445 560 506 579 Ctllll
523 560 576 580 una
593 557 675 588 atque
690 553 804 589 simplex
817 553 1001 581 Israelitarum

211 597 316 631 religio,
346 604 486 633 sacrmque
504 598 599 625 litterae
623 603 731 626 exteras
762 599 794 626 ad
819 600 944 627 nationes
957 600 1002 627 illo

210 648 333 677 tempore
358 644 559 678 pervenissent,
583 645 710 680 Assyrios
738 646 874 677 videlicet,
891 655 924 674 ex
939 648 1002 682 qui—

212 690 264 717 bus
278 690 405 724 inquilini
422 691 460 718 illi
479 691 625 719 Samaritae
639 692 760 724 fuerunt,
775 701 829 719 una
844 693 927 720 etiam
943 694 1002 720 ani—

214 743 321 762 morum
337 736 472 764 dissensio
486 737 615 772 contigit;
632 738 848 773 opinionumque
864 740 1001 767 concitata

210 780 329 814 falsitas,
347 786 374 809 et
392 782 426 808 ab
444 790 498 809 uno
511 783 652 818 religionis
668 783 743 810 cultu
761 783 1001 811 innmnerabilimn

211 834 336 854 errorum
353 835 400 862 per
418 828 491 854 illam
509 828 675 855 discordiam
695 829 798 856 semina
813 829 1000 863 pullularunt;

211 877 292 905 prout
315 873 443 900 nimirum
461 873 682 908 uniuscujusque
695 882 795 902 sensus
810 875 884 905 tulit.
902 879 948 902 aut
973 875 1002 902 in

1057 234 1262 268 τερησπτήςατο
1287 233 1397 267 βασιλεα
1425 233 1465 264 εἰς
1491 233 1622 268 κεφαλήν.
1641 231 1802 266 Συμϐἐϐηκε
1823 230 1852 256 δὲ

1056 280 1110 306 ἀπὸ
1124 279 1220 306 τούτου
1237 279 1355 314 πόλεμον
1371 277 1439 305 εἶναι
1455 279 1502 305 καὶ
1514 278 1649 307 ἔνστασιν.
1665 278 1711 304 καὶ
1729 276 1854 311 συμπλη-

1056 326 1141 360 γὰδας
1171 326 1256 352 ἐθνῶν
1285 327 1314 352 ὲν
1339 325 1428 352 ἔθνεσι
1455 323 1707 361 συρρηγνυμένων,
1732 323 1852 350 ἑκάστου

1058 371 1219 406 βιαζομένου
1232 371 1262 397 τὸ
1277 371 1341 398 ἴδιον
1363 371 1467 406 θέλημα
1484 369 1679 406 προτιμᾶσθαι.
1698 370 1736 400 εἰς
1752 367 1853 395 ἑαυτὸν

1056 417 1083 443 δὲ
1100 417 1135 443 τὰ
1152 417 1206 443 τῶν
1222 416 1306 448 πέλας
1323 415 1519 451 ἀποφέρεσθαι,
1534 415 1578 442 διὰ
1593 415 1642 450 τὴν
1659 415 1688 440 ἐν
1703 414 1740 449 τῷ
1756 414 1806 448 βίῳ
1820 414 1851 439 ἐν

1057 465 1122 498 ἡμῖν
1136 464 1218 490 πᾶσιν
1231 463 1377 498 ἀκόρεστον
1394 462 1558 493 πλεονεξίαν.
1577 461 1655 487 Οὕτω
1675 462 1721 487 καὶ
1742 461 1770 487 ὲν
1785 460 1851 487 τού-

1056 517 1094 544 τῳ
1109 508 1148 544 τῷ
1164 508 1252 543 καιρῴ
1262 507 1301 543 τῷ
1317 507 1559 543 προδεδηλωμένῳ,
1579 506 1785 542 μεταπεσούσης
1799 506 1850 532 τοῦ

1063 555 1170 591 Ἰσραὴλ
1186 555 1234 590 τῆς
1253 556 1316 590 μιᾶς
1331 554 1490 590 θρησκείας,
1511 554 1558 580 καὶ
1577 553 1628 588 τῆς
1649 553 1719 579 κατὰ
1739 553 1784 578 τὸν
1807 552 1852 578 νό-

1058 609 1107 636 μον
1124 601 1232 636 γραφῆς
1248 602 1287 632 εἰς
1301 600 1382 636 ἕτερα
1396 600 1472 635 γένη,
1491 601 1562 635 φημὶ
1577 600 1605 627 δὲ
1619 600 1658 631 εἰς
1678 599 1849 635 Ἀσσυρίους,

1057 647 1086 680 ἐξ
1101 645 1137 674 ὧν
1153 648 1320 682 Σαμαρεῖται
1336 647 1360 673 οἱ
1378 647 1530 680 ἐγκάθετοι,
1556 646 1712 681 συμϐέϐηκε
1734 646 1781 671 καὶ
1796 645 1851 681 τὴν

1056 692 1169 728 γνώμην
1183 693 1371 728 διχονοηοῆναι
1383 702 1389 708 ·
1406 693 1453 720 καὶ
1467 693 1559 719 λοιπὸν
1580 692 1708 728 ὥρμησεν
1725 693 1742 727 ὴ
1759 692 1851 726 πλάνη

1057 739 1104 765 καὶ
1118 741 1134 774 ἡ
1151 739 1268 774 διχόνοια
1282 739 1456 775 ὑποσπείρειν
1478 739 1532 766 ἀπὸ
1546 739 1596 774 τῆς
1617 740 1680 774 μιᾶς
1695 739 1851 770 Θεοσεεείας

1056 787 1096 817 εἰς
1109 786 1208 817 πολλὰς
1223 785 1484 821 παραπεποιημένας
1499 784 1621 820 γνώμας,
1636 784 1726 816 καθὼς
1740 785 1851 819 ἑκάστῳ

1056 831 1139 865 ἔδοξε,
1156 832 1203 858 καὶ
1222 831 1297 867 ὠήθη
1309 831 1347 866 τῷ
1359 833 1504 867 γράμματι
1521 831 1702 863 ἐκιασκείσθαι,
1719 831 1765 857 καὶ
1781 830 1848 865 φρά-

1056 876 1111 908 ζειν
1124 876 1238 908 ἕκαστος
1251 876 1321 902 κατὰ
1333 877 1363 902 τὸ
1378 877 1440 902 ἱδιον
1454 876 1568 911 θέλημα.

212 918 363 953 Scripturis
376 919 562 955 iutclligendis
576 920 681 955 peritiae
697 921 749 948 sibi
765 921 868 956 aliquid
884 921 1032 956 arrogavit,
1050 922 1215 958 easdemque
1235 923 1369 958 privatam
1387 923 1420 949 ad
1445 922 1609 950 sententiam
1639 921 1847 949 accommodare

211 965 327 992 studuit.

473 1024 528 1060 24
546 1024 749 1056 SAMARITAE,

213 1081 279 1113 Qum
293 1086 332 1107 est
348 1081 455 1108 haeresis
470 1082 502 1108 ab
517 1083 608 1117 gentili
619 1083 801 1116 superstitione
821 1082 889 1117 VII,
910 1084 1003 1111 ordine

549 1126 605 1145 vero
614 1117 663 1146 ΙᾸ.

251 1170 271 1197 Ι.
293 1170 386 1206 Itaque
400 1171 543 1199 Samaritae
565 1181 660 1200 earum
686 1174 826 1202 hzereseon
854 1175 1001 1210 principes,

213 1225 274 1251 qua:
290 1217 390 1244 divinis
404 1217 502 1244 litteris
517 1219 654 1252 nituntur,
665 1224 727 1254 post
743 1227 972 1249 eommemoratas
987 1229 1001 1248 a

212 1263 292 1290 nobis
306 1262 463 1291 Graecorum
481 1269 583 1297 sectas,
601 1269 628 1293 et
643 1265 742 1294 stolide
768 1267 828 1294 illas
844 1267 952 1302 quidem
968 1268 1002 1295 ab

214 1309 353 1337 hominum
370 1311 486 1346 ingeniis
502 1312 671 1347 excogitatas
686 1313 809 1346 proxime
837 1318 998 1348 sequuntur.

213 1355 315 1382 llorum
330 1365 417 1393 genus
433 1357 669 1385 Samaritanorum
701 1364 838 1387 vocatum.
855 1359 921 1392 Qure
949 1369 1001 1387 vox

211 1402 340 1429 custodes
357 1403 504 1438 signiﬁcat,
522 1405 594 1439 quod
617 1405 635 1431 ii
653 1405 793 1440 quondam
824 1407 850 1432 in
869 1406 914 1432 illa
930 1411 1001 1433 terra

210 1452 342 1482 tanquam
358 1451 487 1478 custodes
499 1451 624 1478 collocati
644 1455 719 1482 sunt.
743 1453 801 1479 sive
828 1453 899 1487 quod
914 1461 974 1487 qua:
986 1461 1000 1479 a

212 1493 286 1521 Mose
297 1496 444 1522 constituta
457 1500 536 1523 erant
553 1497 578 1523 in
596 1497 654 1532 lege
670 1497 854 1524 custodirent.
870 1498 908 1525 Ae
922 1506 1000 1525 tnons

210 1540 258 1567 ille
271 1549 352 1575 quem
364 1541 522 1570 insederant
548 1542 683 1569 Somoron
701 1544 852 1578 appellatus
877 1548 929 1576 est,
958 1545 1000 1571 vel

212 1586 309 1613 Somer
326 1586 360 1613 ab
372 1588 485 1622 antiquo
501 1589 652 1616 Somorone
669 1589 791 1617 Someris
807 1591 862 1616 lilio
875 1591 912 1623 (id
926 1591 998 1617 enim

209 1632 236 1658 ei
249 1632 308 1659 viro
326 1641 424 1661 nomen
446 1634 518 1668 fuit).
535 1635 669 1662 Cmtcrum
698 1636 794 1663 Somer
822 1636 873 1663 iste
894 1642 998 1671 patrem

211 1676 307 1704 habuit
331 1686 347 1705 e
374 1678 581 1707 Pherezaeorum
599 1689 631 1708 ac
660 1681 865 1716 Gergesa-orum
889 1690 998 1717 genere,

210 1723 257 1756 qui
273 1727 330 1750 tum
348 1731 407 1751 eam
426 1727 563 1760 regionem
588 1727 760 1760 habitabant,
788 1732 815 1754 et
840 1735 855 1754 a
869 1729 997 1755 Chanaan

210 1769 344 1804 originem
366 1770 512 1804 duxerant,
539 1773 586 1806 qui
600 1777 718 1799 tractum
748 1774 834 1803 illum.
853 1782 913 1809 qua:
928 1783 1002 1802 nunc

209 1816 303 1844 Jndma
328 1822 355 1844 et
369 1817 492 1846 Samaria
508 1819 618 1853 dieitur,
634 1822 788 1855 usurpavit.
806 1821 924 1848 alienum
946 1822 1001 1848 uti-

211 1873 276 1898 que,
290 1868 383 1899 utpote
401 1864 520 1892 ﬁliorum
540 1865 615 1897 Sem.
634 1874 696 1894 cum
711 1867 842 1894 Chanaan
856 1867 914 1902 ipse
929 1868 1002 1894 Cha-

211 1909 248 1936 mi
266 1910 338 1937 ﬁlius
358 1914 431 1937 esset
456 1911 551 1938 eodem
581 1919 636 1946 quo
665 1912 728 1938 Seni
747 1917 823 1946 patre
848 1913 943 1948 geniti.
963 1913 1001 1940 Ita

210 1954 325 1989 contigit
342 1959 370 1982 ut
385 1955 503 1983 diversis
520 1956 553 1983 de
569 1957 662 1984 causis
676 1957 746 1984 idem
765 1957 1001 1985 Samaritanorum

211 2008 311 2027 nomen
326 2008 410 2036 penes
425 2009 473 2029 eos
494 2001 646 2036 resederit;
666 2004 796 2031 nimirum
816 2012 831 2030 a
849 2004 963 2031 Somero
976 2008 1003 2032 et

211 2045 364 2074 Somorone
379 2055 384 2072 :
398 2047 432 2074 ab
444 2055 476 2075 co
491 2048 563 2082 quod
578 2049 651 2076 velut
667 2053 746 2076 terrze
770 2051 900 2077 custodes
916 2059 1002 2086 appo—

209 2092 380 2122 sitiessent;
404 2101 437 2121 ac
452 2094 572 2130 denique
589 2095 663 2130 quod
691 2095 775 2123 Musis
796 2096 920 2124 instituta
948 2105 1004 2124 serv

211 2143 317 2166 varent.

247 2207 255 2221 ¹
269 2206 351 2234 Forte
366 2207 436 2243 ἁοχή
442 2228 449 2234 .

247 2274 314 2311 (65)⁸
324 2275 509 2311 Σαμαρεῖται.
531 2274 667 2303 Hactenus
693 2280 774 2303 sectze
796 2277 858 2308 illae,
879 2284 939 2311 qum
959 2277 1001 2304 vel

211 2314 274 2336 ante
297 2309 469 2346 Scripturam
496 2311 661 2338 exstiterunt
686 2312 727 2338 vel
751 2309 895 2346 gentilium
924 2312 1001 2339 fuere

211 2345 337 2378 propriae.
356 2345 514 2381 Sequuntur
537 2354 574 2373 ρει*
599 2355 660 2381 qum
682 2345 820 2381 utcunque
842 2347 1000 2381 Seripturas

212 2384 375 2416 usurpantes
400 2381 597 2416 multiplicibus
624 2390 683 2409 sese
708 2383 850 2409 erroribus
873 2383 998 2416 implica-

212 2419 285 2441 rnnt.
298 2415 417 2446 Quarum
429 2415 580 2450 duo’eapita
598 2422 671 2449 sunt,
687 2417 840 2447 Samaritae,
853 2425 884 2443 ac
899 2415 997 2444 .ludzei.

213 2450 525 2488 Sarnaritanorumfaf)‘
539 2452 723 2488 θποδιαίρεαιν
736 2453 872 2488 [actiones
888 2457 951 2479 sunt
964 2461 1000 2486 tv,

211 2484 369 2520 Jndzeorum
384 2494 431 2513 vn.
452 2485 617 2513 Samaritani
642 2484 706 2515 sunt
733 2487 841 2519 Esseni,
858 2484 1001 2520 Gortheni,

214 2520 331 2549 Sebuaai.
362 2519 494 2548 DoSitbei.
512 2521 680 2554 Iudaeorum,
706 2523 860 2554 Sadducaai,
889 2522 1001 2554 Scriba;

212 2555 353 2587 Pharisaei,
369 2555 620 2590 Hernerobaptistaz,
636 2557 767 2589 Naisartei,
783 2557 891 2589 Osseni,
917 2557 1003 2584 llero-

212 2590 298 2627 diani.
317 2590 380 2618 llaec
400 2590 578 2626 Epiphanius.
597 2592 659 2625 Qui,
687 2597 718 2620 ut
736 2594 803 2620 alias
821 2601 902 2627 saepe,
919 2593 1001 2620 sicin

213 2626 310 2663 harum
335 2630 472 2663 sectarum
489 2628 635 2660 partitione
652 2636 683 2654 ac
696 2626 879 2663 descriptione
893 2636 1001 2662 a3quum

213 2661 300 2696 magis
318 2669 350 2688 ac
364 2661 522 2696 benignum.
537 2670 617 2696 quam
643 2661 801 2690 accuratum
827 2668 853 2690 et
876 2661 1000 2690 severum

211 2695 340 2723 lectorem
355 2695 449 2730 exigit.
469 2695 606 2724 Permulta
621 2699 694 2725 enim
711 2699 772 2726 istic
787 2699 865 2727 falsa.
875 2698 1001 2725 niinime-

210 2738 264 2765 que
279 2732 442 2759 cohaarentia
459 2732 600 2767 disputat;
620 2741 681 2768 qua:
705 2742 756 2761 nos
783 2733 939 2760 invitissimi
955 2740 1000 2758 sa-

210 2774 255 2796 ne.
266 2774 314 2801 pro
325 2774 358 2794 eo
371 2774 403 2794 ac
415 2768 582 2795 sanctissimi
599 2768 649 2795 viri
667 2769 793 2803 pietatem
808 2769 1000 2795 eruditionem-

231 2809 264 2828 ue
277 2809 451 2833 veneramur,
463 2803 509 2830 sed
526 2805 682 2831 necessario
697 2809 787 2831 tamen
800 2811 906 2833 CI'UCI‘C.
920 2810 951 2829 ac
965 2810 998 2830 ne

223 2837 300 2865 ‘raudi
321 2837 449 2873 cuiquam
463 2837 529 2871 sint,
546 2839 681 2874 castigare
695 2839 849 2868 debuimus.
866 2837 997 2874 llegesip-

1342 1027 1563 1057 ΣΑΜΔΡΕΙΤΑΙ,

1063 1082 1190 1117 Ἑϐδόμη
1209 1082 1325 1116 αἵρεσις
1344 1083 1403 1109 ἀπὸ
1420 1082 1472 1108 τοῦ
1503 1081 1716 1115 Ἑλληνισμοῦ,
1735 1081 1846 1114 ἐννάτη

1308 1117 1343 1144 δὲ
1359 1117 1395 1151 τῇ
1411 1117 1586 1150 ἀκολουθίᾳ.

1091 1176 1130 1202 Λ’.
1144 1176 1312 1211 Σαμαρεῖται
1328 1175 1385 1210 (65)
1411 1175 1460 1210 μὲν
1482 1173 1528 1201 οὖν
1545 1175 1552 1190 ¹
1569 1175 1633 1210 ἄχρι
1647 1175 1701 1201 τῶν
1715 1175 1842 1211 αἱρέσεωι

1055 1222 1109 1248 ἀπὸ
1123 1222 1233 1257 Γραφῆς
1245 1222 1337 1257 θεῐκῆς
1350 1221 1504 1257 ὁρμώμενοι
1525 1221 1594 1256 μετὰ
1611 1222 1660 1253 τὰς
1679 1222 1842 1257 προειρημέ-

1056 1277 1104 1299 νας
1125 1268 1283 1303 Ἑλληνικὰς
1296 1268 1416 1303 αἱρέσεις
1439 1268 1485 1294 ἀπ’
1501 1267 1572 1294 ἰδίων
1591 1267 1727 1303 λογισμῶν
1741 1268 1843 1304 ἀνθρώ-

1055 1322 1116 1345 ποις
1142 1314 1370 1349 ἐμϐροντηθείσας
1395 1314 1448 1340 ἀπὸ
1474 1314 1602 1346 διανοίας.
1627 1315 1684 1340 Πᾶν
1705 1314 1793 1340 τοίνυν
1817 1314 1843 1340 τὶ

1055 1360 1132 1393 γένος
1146 1360 1324 1395 Σαμαρειτῶν
1335 1359 1467 1386 ἐκαλεῖτο.
1486 1359 1696 1395 Ἑρμηνεύονται
1711 1360 1738 1386 δὲ
1754 1361 1841 1394 Σαμα-

1057 1407 1142 1440 ρεῖται
1159 1406 1214 1440 (66)
1232 1405 1361 1440 φύλακες,
1377 1405 1420 1432 διὰ
1437 1406 1467 1431 τὸ
1486 1407 1515 1432 ἐν
1529 1405 1603 1438 τάξει
1624 1405 1750 1439 φυλάκων
1768 1406 1841 1432 τετά.

1054 1451 1116 1487 χθαι
1131 1452 1159 1478 ἐν
1170 1453 1201 1487 τῇ
1217 1453 1251 1487 γῇ
1264 1461 1271 1468 ·
1286 1452 1302 1485 ἢ
1314 1452 1367 1478 ἀπὸ
1386 1451 1433 1478 τοῦ
1457 1451 1579 1486 φύλακας
1599 1452 1698 1483 αὐτοὺς
1712 1450 1780 1478 εἶναι
1796 1452 1842 1486 τῆθ

1054 1498 1124 1524 κατὰ
1152 1498 1197 1524 τὸν
1219 1499 1299 1532 νόμον
1323 1498 1461 1529 Matinio);
1481 1498 1636 1530 διατάξεως.
1659 1498 1796 1524 Ἐκαλεῖτο
1816 1499 1842 1526 δὲ

1054 1546 1100 1571 καὶ
1113 1545 1141 1571 τὸ
1154 1545 1216 1580 ὅρος
1233 1545 1296 1571 ἔνθα
1318 1545 1504 1580 ἐκαθέσθησαν
1518 1544 1652 1580 Σωμόρων
1661 1554 1667 1559 ·
1687 1545 1744 1580 ἅμα
1757 1546 1785 1571 δὲ
1799 1547 1842 1572 καὶ

1053 1593 1155 1627 Σωμὴρ
1174 1592 1227 1618 ἀπὸ
1252 1592 1366 1627 ἀρχαίου
1388 1591 1460 1623 τινὸς
1486 1592 1632 1626 Σωμόρων.
1657 1592 1714 1618 υἱοῦ
1733 1592 1842 1628 Σωμὴρ,

1053 1636 1124 1663 οὕτω
1136 1637 1182 1662 τοῦ
1199 1637 1295 1672 ἀνδρὸς
1310 1637 1485 1672 καλουμένου.
1507 1633 1561 1662 Ἶὶν
1577 1636 1604 1662 δὲ
1619 1632 1695 1668 οὗτος
1711 1637 1725 1663 ὁ
1745 1637 1844 1672 Σωμὴρ

1053 1684 1109 1714 υἱὸς
1123 1683 1181 1715 ἐνὸς
1195 1683 1291 1719 ἀνδρὸς
1306 1683 1359 1709 τῶν
1379 1683 1432 1709 ἀπὸ
1454 1682 1548 1717 γένους
1560 1682 1614 1709 τῶν
1628 1681 1781 1718 Φερεζαίων
1795 1684 1843 1709 κα)⁸

1054 1728 1235 1763 Γεργεσαίων,
1256 1729 1280 1754 οἳ
1299 1728 1439 1762 κατῴκουν
1459 1727 1489 1753 τὸ
1507 1727 1657 1762 τηνικαῦτα
1671 1727 1720 1762 τὴν
1735 1727 1797 1762 γῆν.
1813 1729 1844 1754 ἐκ

1053 1776 1176 1811 διαδοχῆς
1192 1776 1268 1808 ὅντες
1283 1775 1376 1806 παῖδες
1395 1774 1441 1802 τοῦ
1454 1774 1566 1800 Χαναὰν
1588 1774 1635 1800 τοῦ
1651 1773 1700 1810 τὴν
1712 1775 1763 1809 γῆν
1778 1774 1844 1800 ταύ-

1052 1830 1102 1857 την
1119 1822 1300 1857 ἁρπάξαντος,
1317 1821 1365 1857 τὴν
1380 1821 1428 1848 νῦν
1446 1820 1603 1856 Ἰουδαία.νῆ
1621 1821 1776 1856 Σαμαρείαν
1789 1820 1844 1853 (67)

1054 1867 1234 1903 καλουμένην,
1254 1865 1336 1894 οὖσαν
1355 1867 1409 1894 τῶν
1431 1867 1496 1894 υἱῶν
1519 1867 1589 1903 Σήμ,
1608 1867 1644 1902 μὴ
1659 1865 1741 1893 οὖσαν
1756 1867 1845 1893 αὐτῶν

1054 1913 1131 1943 ἰδίαν,
1149 1913 1193 1940 διὰ
1211 1913 1241 1940 τὸ
1260 1913 1340 1940 αὑτὸν
1360 1913 1405 1954 τὸν
1426 1912 1536 1939 Χαναὰν
1552 1910 1620 1938 εἶναι
1640 1912 1696 1938 υἱὸν
1718 1911 1765 1938 τοῦ
1781 1912 1843 1948 Kay

1053 1960 1240 1995 πατραδέλψου
1255 1959 1302 1986 τοῦ
1320 1959 1390 1994 Σήμ.
1415 1959 1469 1985 Καὶ
1490 1957 1649 1993 συμϐέϐηκε
1665 1957 1695 1983 τὸ
1711 1958 1796 1992 ὄνομα
1813 1959 1844 1984 ἐκ

1052 2006 1188 2041 διαφόρων
1213 2005 1376 2041 προφάσεων
1397 2005 1535 2032 καλεῖσθαι
1561 2005 1742 2040 Σαμαρείτας.
1764 2005 1795 2031 ἐκ
1816 2015 1844 2032 τε

1051 2051 1099 2078 τοῦ
1114 2052 1225 2087 Σωμὴρ,
1249 2051 1280 2077 ἐκ
1296 2060 1325 2077 τε
1349 2052 1396 2078 τοῦ
1417 2051 1564 2087 Σωμόρων,
1578 2051 1609 2077 ἐκ
1626 2060 1655 2077 τε
1674 2051 1721 2077 τοῦ
1742 2051 1843 2085 φυλάτη

1052 2106 1108 2124 τειν
1124 2097 1173 2132 τὴν
1189 2098 1240 2132 γῆν
1258 2097 1337 2132 (67⁵),
1356 2097 1387 2124 ἐκ
1402 2105 1432 2123 τε
1453 2097 1498 2124 τοῦ
1517 2097 1661 2131 φυλάττειν
1680 2097 1714 2124 τὰ
1736 2097 1844 2124 παιδεύ-

1056 2153 1127 2179 ματα
1141 2144 1187 2171 τοῠ
1204 2145 1296 2179 νόμου.

1056 2286 1106 2312 pus
1122 2284 1204 2312 porro
1220 2276 1290 2311 apud
1308 2275 1453 2312 Eusebium
1476 2276 1523 2303 lib.
1539 2284 1569 2312 ν,
1585 2284 1610 2304 c.
1627 2276 1673 2303 ‘22.
1688 2275 1843 2304 Judaeornm

1056 2310 1147 2340 sectas
1163 2310 1339 2348 percensens,
1352 2310 1546 2348 §atnaritanos
1564 2311 1635 2348 inter
1655 2312 1716 2348 illas
1739 2313 1841 2340 retulit.

1061 2348 1130 2375 Sunt
1145 2351 1234 2374 autem
1247 2347 1311 2382 ista:
1327 2356 1333 2374 :
1352 2346 1447 2377 Essari,
1466 2346 1842 2382 Galilzei,llemerobaptist:e,

1054 2382 1221 2414 Mashotlnei,
1240 2381 1392 2412 Samaritze,
1407 2382 1558 2413 Saddnca'i,
1577 2381 1715 2409 Pharisazi.

1089 2417 1145 2451 (66)
1172 2418 1400 2452 'Eﬂinrsr’vovrm
1423 2417 1458 2442 δὲ
1476 2417 1658 2451 Σαμαρεῖται.
1680 2417 1738 2446 Non
1761 2417 1843 2446 unius

1056 2454 1199 2489 Epiphanii
1212 2457 1257 2489 est
1271 2453 1358 2480 otiosa
1375 2453 1431 2482 illa,
1447 2459 1479 2478 ac
1497 2453 1579 2489 nimis
1597 2458 1691 2489 arguta
1708 2453 1783 2489 vocis
1800 2453 1842 2480 in-

1057 2487 1227 2523 terpretatio.
1244 2487 1316 2514 Pene
1339 2495 1435 2515 omnes
1451 2487 1554 2522 antiqui
1577 2491 1632 2514 tam
1647 2487 1743 2519 (ΕΙ-τεεί,
1759 2496 1841 2522 quam

1058 2522 1147 2551 Latini
1166 2531 1226 2550 eam
1250 2523 1366 2558 amplexi
1382 2527 1456 2558 sunt,
1472 2530 1504 2549 ac
1521 2522 1653 2551 miriﬁca-3
1674 2531 1707 2550 ex
1732 2531 1763 2549 ea
1780 2531 1842 2550 sen—

1058 2559 1160 2586 tentias
1175 2557 1370 2593 procuderunt.
1388 2557 1441 2584 Sed
1458 2558 1613 2585 accuratior
1637 2558 1764 2585 omnibus
1780 2558 1843 2592 Epi-

1057 2594 1174 2628 phanius
1198 2599 1292 2620 noster
1306 2603 1312 2620 :
1328 2593 1373 2627 qui
1397 2593 1433 2620 ita
1451 2601 1622 2620 communem
1647 2593 1721 2620 illam
1739 2593 1841 2624 attulit,

1058 2634 1086 2655 ut
1100 2629 1242 2664 verterent,
1257 2636 1289 2654 ac
1301 2636 1456 2664 germanam
1469 2636 1522 2655 non
1540 2628 1709 2663 praztcriret;
1724 2637 1785 2664 qua:
1799 2633 1841 2656 est

1056 2665 1102 2691 lib.
1120 2663 1150 2690 lll
1166 2662 1230 2699 Reg.
1248 2662 1360 2694 "1,94.

1091 2699 1146 2733 (67)
1169 2698 1228 2731 Τὴν
1246 2699 1304 2724 νῦν
1323 2698 1467 2725 Ἰουδαίαν
1483 2699 1502 2732 ἢ
1519 2699 1695 2734 Σαμαρείην.
1718 2698 1844 2734 Samen"-

1053 2742 1129 2760 mero
1145 2734 1195 2760 hoc
1210 2734 1348 2760 inculcat:
1366 2734 1450 2760 (illam
1469 2734 1495 2760 in
1512 2733 1602 2760 fratris
1627 2735 1669 2761 sui
1697 2733 1844 2767 posscssio-

1054 2777 1115 2796 nem
1132 2769 1275 2797 invasisse.
1291 2777 1323 2795 ac
1335 2768 1455 2795 Judzeam
1475 2776 1644 2803 occupasse;
1667 2770 1746 2802 cujus
1767 2777 1843 2804 pars,

1053 2804 1135 2830 latius
1151 2804 1249 2831 dilTnsa
1264 2803 1390 2831 vocabuli
1406 2803 1528 2836 notione,
1543 2805 1666 2831 Samaria
1684 2804 1744 2831 fuit.

1089 2839 1158 2874 (ϋΤ)
1180 2840 1235 2868 Ἐκ
1254 2848 1286 2866 τε
1312 2838 1364 2867 τοῦ
1391 2839 1553 2874 φυλάττειν
1574 2838 1632 2874 τὴν
1644 2839 1712 2874 γῆν.
1734 2839 1842 2868 Primus
