  <div class='ocr_page' id='page_1' title='image "/cluster/home/n/w/nwhite01/storage/ocr_20150623/41/njp.32101007805813/132.png"; bbox 0 0 1944 3037; ppageno 0'>
   <div class='ocr_carea' id='block_1_1' title="bbox 112 152 171 180">
    <p class='ocr_par' dir='ltr' id='par_1_1' title="bbox 112 152 171 180">
     <span class='ocr_line' id='line_1_1' title="bbox 112 152 171 180; baseline 0 0"><span class='ocrx_word' id='word_1_1' title='bbox 112 152 171 180; x_wconf 66' lang='grc'><strong>295</strong></span> 
     </span>
    </p>
   </div>
   <div class='ocr_carea' id='block_1_2' title="bbox 460 148 1386 177">
    <p class='ocr_par' dir='ltr' id='par_1_2' title="bbox 460 148 1386 177">
     <span class='ocr_line' id='line_1_2' title="bbox 460 148 1386 177; baseline 0.001 -1"><span class='ocrx_word' id='word_1_2' title='bbox 460 148 644 177; x_wconf 78' lang='lat' dir='ltr'><strong>ADVERSUS</strong></span> <span class='ocrx_word' id='word_1_3' title='bbox 663 148 835 176; x_wconf 79' lang='lat' dir='ltr'><strong>ﬂ/ERESES</strong></span> <span class='ocrx_word' id='word_1_4' title='bbox 854 148 918 176; x_wconf 84' lang='lat' dir='ltr'><strong>LIB.</strong></span> <span class='ocrx_word' id='word_1_5' title='bbox 941 148 960 176; x_wconf 88' lang='grc' dir='ltr'><strong>Ι.</strong></span> <span class='ocrx_word' id='word_1_6' title='bbox 983 148 1065 176; x_wconf 77' lang='lat' dir='ltr'><strong>TUM.</strong></span> <span class='ocrx_word' id='word_1_7' title='bbox 1087 149 1108 176; x_wconf 94' lang='grc'>1.</span> <span class='ocrx_word' id='word_1_8' title='bbox 1130 164 1164 169; x_wconf 81' lang='lat'><strong>—~</strong></span> <span class='ocrx_word' id='word_1_9' title='bbox 1183 148 1321 176; x_wconf 56' lang='lat' dir='ltr'><strong>&quot;IERES.</strong></span> <span class='ocrx_word' id='word_1_10' title='bbox 1342 148 1386 177; x_wconf 69' lang='lat' dir='ltr'><strong>IX.</strong></span> 
     </span>
    </p>
   </div>
   <div class='ocr_carea' id='block_1_3' title="bbox 1688 148 1744 176">
    <p class='ocr_par' dir='ltr' id='par_1_3' title="bbox 1688 148 1744 176">
     <span class='ocr_line' id='line_1_3' title="bbox 1688 148 1744 176; baseline 0.018 -1"><span class='ocrx_word' id='word_1_11' title='bbox 1688 148 1744 176; x_wconf 63' lang='lat'><strong>9.26</strong></span> 
     </span>
    </p>
   </div>
   <div class='ocr_carea' id='block_1_4' title="bbox 145 204 910 245">
    <p class='ocr_par' dir='ltr' id='par_1_4' title="bbox 145 206 903 245">
     <span class='ocr_line' id='line_1_4' title="bbox 145 206 903 245; baseline -0.005 -8"><span class='ocrx_word' id='word_1_12' title='bbox 145 210 184 236; x_wconf 83' lang='lat' dir='ltr'><strong>B’.</strong></span> <span class='ocrx_word' id='word_1_13' title='bbox 214 209 392 245; x_wconf 81' lang='grc' dir='ltr'>Διαφὲρονται</span> <span class='ocrx_word' id='word_1_14' title='bbox 420 208 448 235; x_wconf 73' lang='grc' dir='ltr'>δὲ</span> <span class='ocrx_word' id='word_1_15' title='bbox 473 206 544 235; x_wconf 65' lang='grc' dir='ltr'>οὗτοι</span> <span class='ocrx_word' id='word_1_16' title='bbox 569 208 706 239; x_wconf 81' lang='grc' dir='ltr'><strong>Ἰουδαίοις</strong></span> <span class='ocrx_word' id='word_1_17' title='bbox 732 207 802 234; x_wconf 73' lang='grc' dir='ltr'>κατὰ</span> <span class='ocrx_word' id='word_1_18' title='bbox 823 207 903 234; x_wconf 76' lang='grc' dir='ltr'>τοῦτο</span> 
     </span>
    </p>
   </div>
   <div class='ocr_carea' id='block_1_5' title="bbox 963 204 1744 245">
    <p class='ocr_par' dir='ltr' id='par_1_5' title="bbox 990 204 1744 240">
     <span class='ocr_line' id='line_1_5' title="bbox 990 204 1744 240; baseline 0 -8"><span class='ocrx_word' id='word_1_19' title='bbox 990 206 1021 232; x_wconf 82' lang='lat' dir='ltr'><strong>ll.</strong></span> <span class='ocrx_word' id='word_1_20' title='bbox 1040 206 1126 233; x_wconf 84' lang='lat' dir='ltr'><strong>Porro</strong></span> <span class='ocrx_word' id='word_1_21' title='bbox 1142 214 1156 233; x_wconf 88' lang='lat' dir='ltr'><strong>a</strong></span> <span class='ocrx_word' id='word_1_22' title='bbox 1171 206 1272 233; x_wconf 69' lang='lat' dir='ltr'><strong>Judmis</strong></span> <span class='ocrx_word' id='word_1_23' title='bbox 1288 213 1320 233; x_wconf 86' lang='lat' dir='ltr'><strong>ea</strong></span> <span class='ocrx_word' id='word_1_24' title='bbox 1338 213 1366 232; x_wconf 88' lang='lat' dir='ltr'><strong>re</strong></span> <span class='ocrx_word' id='word_1_25' title='bbox 1380 205 1498 240; x_wconf 92' lang='lat' dir='ltr'><strong>primum</strong></span> <span class='ocrx_word' id='word_1_26' title='bbox 1516 204 1656 237; x_wconf 71' lang='lat' dir='ltr'><strong>differunt,</strong></span> <span class='ocrx_word' id='word_1_27' title='bbox 1669 205 1744 240; x_wconf 83' lang='lat' dir='ltr'><strong>quod</strong></span> 
     </span>
    </p>
   </div>
   <div class='ocr_carea' id='block_1_6' title="bbox 105 252 902 289">
    <p class='ocr_par' dir='ltr' id='par_1_6' title="bbox 105 252 902 289">
     <span class='ocr_line' id='line_1_6' title="bbox 105 252 902 289; baseline -0.004 -8"><span class='ocrx_word' id='word_1_28' title='bbox 105 255 230 289; x_wconf 77' lang='grc' dir='ltr'>πρῶτον,</span> <span class='ocrx_word' id='word_1_29' title='bbox 244 255 285 281; x_wconf 79' lang='grc' dir='ltr'>ὅτι</span> <span class='ocrx_word' id='word_1_30' title='bbox 307 254 358 280; x_wconf 74' lang='grc' dir='ltr'><strong>οὐκ</strong></span> <span class='ocrx_word' id='word_1_31' title='bbox 381 254 458 288; x_wconf 79' lang='grc' dir='ltr'><strong>ἐδόοη</strong></span> <span class='ocrx_word' id='word_1_32' title='bbox 482 253 574 284; x_wconf 75' lang='grc' dir='ltr'>αὐτοῖς</span> <span class='ocrx_word' id='word_1_33' title='bbox 597 252 744 288; x_wconf 69' lang='grc' dir='ltr'>προφητῶν</span> <span class='ocrx_word' id='word_1_34' title='bbox 760 252 814 278; x_wconf 85' lang='grc' dir='ltr'><strong>τῶν</strong></span> <span class='ocrx_word' id='word_1_35' title='bbox 835 253 902 288; x_wconf 71' lang='grc' dir='ltr'>μετὰ</span> 
     </span>
    </p>
   </div>
   <div class='ocr_carea' id='block_1_7' title="bbox 107 297 904 335">
    <p class='ocr_par' dir='ltr' id='par_1_7' title="bbox 107 297 904 335">
     <span class='ocr_line' id='line_1_7' title="bbox 107 297 904 335; baseline -0.004 -8"><span class='ocrx_word' id='word_1_36' title='bbox 107 301 232 327; x_wconf 83' lang='grc' dir='ltr'>Μωῡσέα</span> <span class='ocrx_word' id='word_1_37' title='bbox 245 299 376 335; x_wconf 70' lang='grc' dir='ltr'><strong>γραφὴ,ῆ</strong></span> <span class='ocrx_word' id='word_1_38' title='bbox 399 300 478 334; x_wconf 79' lang='grc' dir='ltr'>μόνον</span> <span class='ocrx_word' id='word_1_39' title='bbox 499 301 515 334; x_wconf 77' lang='grc' dir='ltr'>ἡ</span> <span class='ocrx_word' id='word_1_40' title='bbox 534 298 641 325; x_wconf 77' lang='grc' dir='ltr'>δοθεῖσα</span> <span class='ocrx_word' id='word_1_41' title='bbox 661 298 844 333; x_wconf 75' lang='grc' dir='ltr'>Πεντάτευχος</span> <span class='ocrx_word' id='word_1_42' title='bbox 860 297 904 324; x_wconf 84' lang='grc' dir='ltr'>διὰ</span> 
     </span>
    </p>
   </div>
   <div class='ocr_carea' id='block_1_8' title="bbox 107 344 903 381">
    <p class='ocr_par' dir='ltr' id='par_1_8' title="bbox 107 344 903 381">
     <span class='ocr_line' id='line_1_8' title="bbox 107 344 903 381; baseline -0.004 -9"><span class='ocrx_word' id='word_1_43' title='bbox 107 346 252 376; x_wconf 78' lang='grc' dir='ltr'>Μωΰσέως</span> <span class='ocrx_word' id='word_1_44' title='bbox 265 345 303 380; x_wconf 79' lang='grc' dir='ltr'>τῷ</span> <span class='ocrx_word' id='word_1_45' title='bbox 322 345 460 381; x_wconf 83' lang='grc' dir='ltr'>σπέρματι</span> <span class='ocrx_word' id='word_1_46' title='bbox 482 345 587 381; x_wconf 84' lang='grc' dir='ltr'>Ἰσραὴλ</span> <span class='ocrx_word' id='word_1_47' title='bbox 602 345 630 370; x_wconf 86' lang='grc' dir='ltr'>ὲν</span> <span class='ocrx_word' id='word_1_48' title='bbox 642 345 675 380; x_wconf 81' lang='grc' dir='ltr'>τῇ</span> <span class='ocrx_word' id='word_1_49' title='bbox 691 345 772 379; x_wconf 76' lang='grc' dir='ltr'>ἐξόδῳ</span> <span class='ocrx_word' id='word_1_50' title='bbox 788 344 838 379; x_wconf 73' lang='grc' dir='ltr'><strong>τῆς</strong></span> <span class='ocrx_word' id='word_1_51' title='bbox 857 344 903 370; x_wconf 78' lang='grc' dir='ltr'>ἀπ’</span> 
     </span>
    </p>
   </div>
   <div class='ocr_carea' id='block_1_9' title="bbox 110 390 905 427">
    <p class='ocr_par' dir='ltr' id='par_1_9' title="bbox 110 390 905 427">
     <span class='ocr_line' id='line_1_9' title="bbox 110 390 905 427; baseline -0.003 -9"><span class='ocrx_word' id='word_1_52' title='bbox 110 392 253 426; x_wconf 81' lang='grc' dir='ltr'><strong>Αἰγύπτου</strong></span> <span class='ocrx_word' id='word_1_53' title='bbox 268 392 393 427; x_wconf 75' lang='grc' dir='ltr'><strong>πορείας·</strong></span> <span class='ocrx_word' id='word_1_54' title='bbox 409 391 481 426; x_wconf 73' lang='grc' dir='ltr'>φημὶ</span> <span class='ocrx_word' id='word_1_55' title='bbox 494 391 521 417; x_wconf 80' lang='grc' dir='ltr'>δὲ</span> <span class='ocrx_word' id='word_1_56' title='bbox 534 391 653 422; x_wconf 82' lang='grc' dir='ltr'>Γένεσις,</span> <span class='ocrx_word' id='word_1_57' title='bbox 668 391 712 417; x_wconf 72' lang='grc' dir='ltr'><strong>καὶ</strong></span> <span class='ocrx_word' id='word_1_58' title='bbox 728 390 845 423; x_wconf 78' lang='grc' dir='ltr'>’Ἐξοδος,</span> <span class='ocrx_word' id='word_1_59' title='bbox 860 390 905 417; x_wconf 77' lang='grc' dir='ltr'><strong>καὶ</strong></span> 
     </span>
    </p>
   </div>
   <div class='ocr_carea' id='block_1_10' title="bbox 111 436 905 473">
    <p class='ocr_par' dir='ltr' id='par_1_10' title="bbox 111 436 905 473">
     <span class='ocr_line' id='line_1_10' title="bbox 111 436 905 473; baseline -0.003 -8"><span class='ocrx_word' id='word_1_60' title='bbox 111 438 267 469; x_wconf 79' lang='grc' dir='ltr'>Λευῖτικὸν,</span> <span class='ocrx_word' id='word_1_61' title='bbox 283 437 329 464; x_wconf 74' lang='grc' dir='ltr'>καὶ</span> <span class='ocrx_word' id='word_1_62' title='bbox 350 437 485 472; x_wconf 78' lang='grc' dir='ltr'>Ἀριθμοὶ,</span> <span class='ocrx_word' id='word_1_63' title='bbox 503 437 550 463; x_wconf 77' lang='grc' dir='ltr'>καὶ</span> <span class='ocrx_word' id='word_1_64' title='bbox 572 437 788 473; x_wconf 76' lang='grc' dir='ltr'>Δευτερονόμιον.</span> <span class='ocrx_word' id='word_1_65' title='bbox 808 437 851 463; x_wconf 87' lang='grc' dir='ltr'>Ἑν</span> <span class='ocrx_word' id='word_1_66' title='bbox 876 436 905 463; x_wconf 71' lang='grc' dir='ltr'>δὲ</span> 
     </span>
    </p>
   </div>
   <div class='ocr_carea' id='block_1_11' title="bbox 109 483 906 521">
    <p class='ocr_par' dir='ltr' id='par_1_11' title="bbox 109 483 906 521">
     <span class='ocr_line' id='line_1_11' title="bbox 109 483 906 521; baseline -0.004 -9"><span class='ocrx_word' id='word_1_67' title='bbox 109 487 147 521; x_wconf 87' lang='grc' dir='ltr'>τῇ</span> <span class='ocrx_word' id='word_1_68' title='bbox 167 485 288 521; x_wconf 76' lang='grc' dir='ltr'><strong>Ἐϐραΐδι</strong></span> <span class='ocrx_word' id='word_1_69' title='bbox 301 484 433 520; x_wconf 80' lang='grc' dir='ltr'><strong>διαλέκτῳ</strong></span> <span class='ocrx_word' id='word_1_70' title='bbox 454 483 526 510; x_wconf 81' lang='grc' dir='ltr'>οὓτω</span> <span class='ocrx_word' id='word_1_71' title='bbox 543 484 697 515; x_wconf 82' lang='grc' dir='ltr'>καλοῦνται,</span> <span class='ocrx_word' id='word_1_72' title='bbox 715 483 828 519; x_wconf 79' lang='grc' dir='ltr'>Βηρσὶθ,</span> <span class='ocrx_word' id='word_1_73' title='bbox 848 483 906 509; x_wconf 86' lang='grc' dir='ltr'><strong>Ἐλ-</strong></span> 
     </span>
    </p>
   </div>
   <div class='ocr_carea' id='block_1_12' title="bbox 110 528 906 565">
    <p class='ocr_par' dir='ltr' id='par_1_12' title="bbox 110 528 906 565">
     <span class='ocr_line' id='line_1_12' title="bbox 110 528 906 565; baseline -0.004 -8"><span class='ocrx_word' id='word_1_74' title='bbox 110 531 237 565; x_wconf 80' lang='grc' dir='ltr'>λεσιμὸθ,</span> <span class='ocrx_word' id='word_1_75' title='bbox 263 531 399 565; x_wconf 77' lang='grc' dir='ltr'>Δωῖκᾶρα,</span> <span class='ocrx_word' id='word_1_76' title='bbox 424 528 573 565; x_wconf 73' lang='grc' dir='ltr'>Οὺῖδαϐὴρ,</span> <span class='ocrx_word' id='word_1_77' title='bbox 597 528 824 564; x_wconf 77' lang='grc' dir='ltr'>Ἐλλεδδαεϐἀριν.</span> <span class='ocrx_word' id='word_1_78' title='bbox 851 529 906 555; x_wconf 80' lang='grc' dir='ltr'><strong>Καὶ</strong></span> 
     </span>
    </p>
   </div>
   <div class='ocr_carea' id='block_1_13' title="bbox 111 573 907 612">
    <p class='ocr_par' dir='ltr' id='par_1_13' title="bbox 111 573 907 612">
     <span class='ocr_line' id='line_1_13' title="bbox 111 573 907 612; baseline -0.005 -9"><span class='ocrx_word' id='word_1_79' title='bbox 111 576 250 612; x_wconf 70' lang='grc' dir='ltr'>ἔσπαρται</span> <span class='ocrx_word' id='word_1_80' title='bbox 266 575 314 610; x_wconf 83' lang='grc' dir='ltr'><strong>μὲν</strong></span> <span class='ocrx_word' id='word_1_81' title='bbox 326 576 355 601; x_wconf 86' lang='grc' dir='ltr'>ὲν</span> <span class='ocrx_word' id='word_1_82' title='bbox 369 574 481 606; x_wconf 77' lang='grc' dir='ltr'><strong>ταύταις</strong></span> <span class='ocrx_word' id='word_1_83' title='bbox 497 575 557 605; x_wconf 82' lang='grc' dir='ltr'>ταῖς</span> <span class='ocrx_word' id='word_1_84' title='bbox 579 573 659 600; x_wconf 80' lang='grc' dir='ltr'>πέντε</span> <span class='ocrx_word' id='word_1_85' title='bbox 676 573 777 609; x_wconf 77' lang='grc' dir='ltr'>βίϐλοις</span> <span class='ocrx_word' id='word_1_86' title='bbox 790 573 907 600; x_wconf 78' lang='grc' dir='ltr'>ἀναστά-</span> 
     </span>
    </p>
   </div>
   <div class='ocr_carea' id='block_1_14' title="bbox 115 617 907 657">
    <p class='ocr_par' dir='ltr' id='par_1_14' title="bbox 115 617 907 657">
     <span class='ocr_line' id='line_1_14' title="bbox 115 617 907 657; baseline -0.008 -8"><span class='ocrx_word' id='word_1_87' title='bbox 115 631 186 654; x_wconf 84' lang='grc' dir='ltr'>σεως</span> <span class='ocrx_word' id='word_1_88' title='bbox 211 621 316 657; x_wconf 81' lang='grc' dir='ltr'><strong>νεκρῶν</strong></span> <span class='ocrx_word' id='word_1_89' title='bbox 338 620 368 646; x_wconf 77' lang='grc' dir='ltr'><strong>τὸ</strong></span> <span class='ocrx_word' id='word_1_90' title='bbox 397 621 524 654; x_wconf 55' lang='grc' dir='ltr'>σημεῖον</span> <span class='ocrx_word' id='word_1_91' title='bbox 546 619 576 645; x_wconf 86' lang='grc' dir='ltr'><strong>οὐ</strong></span> <span class='ocrx_word' id='word_1_92' title='bbox 599 619 690 654; x_wconf 82' lang='grc' dir='ltr'>μέντοι</span> <span class='ocrx_word' id='word_1_93' title='bbox 713 627 745 652; x_wconf 86' lang='grc' dir='ltr'>γε</span> <span class='ocrx_word' id='word_1_94' title='bbox 763 617 907 653; x_wconf 79' lang='grc' dir='ltr'><strong>τηλαυγῶς</strong></span> 
     </span>
    </p>
   </div>
   <div class='ocr_carea' id='block_1_15' title="bbox 114 663 908 702">
    <p class='ocr_par' dir='ltr' id='par_1_15' title="bbox 114 663 908 702">
     <span class='ocr_line' id='line_1_15' title="bbox 114 663 908 702; baseline -0.008 -8"><span class='ocrx_word' id='word_1_95' title='bbox 114 668 296 702; x_wconf 77' lang='grc' dir='ltr'>κεκήρυκται.</span> <span class='ocrx_word' id='word_1_96' title='bbox 310 665 358 692; x_wconf 75' lang='grc' dir='ltr'><strong>καὶ</strong></span> <span class='ocrx_word' id='word_1_97' title='bbox 372 664 507 699; x_wconf 74' lang='grc' dir='ltr'>ἔσπαρται</span> <span class='ocrx_word' id='word_1_98' title='bbox 527 665 556 690; x_wconf 79' lang='grc' dir='ltr'><strong>ἐν</strong></span> <span class='ocrx_word' id='word_1_99' title='bbox 572 665 667 694; x_wconf 82' lang='grc' dir='ltr'>αὐταῖς</span> <span class='ocrx_word' id='word_1_100' title='bbox 685 664 748 699; x_wconf 80' lang='grc' dir='ltr'>περὶ</span> <span class='ocrx_word' id='word_1_101' title='bbox 763 663 810 689; x_wconf 80' lang='grc' dir='ltr'>τοῦ</span> <span class='ocrx_word' id='word_1_102' title='bbox 829 671 908 698; x_wconf 82' lang='grc' dir='ltr'>μονο-</span> 
     </span>
    </p>
   </div>
   <div class='ocr_carea' id='block_1_16' title="bbox 115 708 908 748">
    <p class='ocr_par' dir='ltr' id='par_1_16' title="bbox 115 708 908 748">
     <span class='ocr_line' id='line_1_16' title="bbox 115 708 908 748; baseline -0.005 -9"><span class='ocrx_word' id='word_1_103' title='bbox 115 712 213 748; x_wconf 81' lang='grc' dir='ltr'>γενοῦς</span> <span class='ocrx_word' id='word_1_104' title='bbox 226 711 289 738; x_wconf 77' lang='grc' dir='ltr'><strong>Υξοῦ</strong></span> <span class='ocrx_word' id='word_1_105' title='bbox 302 711 348 737; x_wconf 78' lang='grc' dir='ltr'><strong>τοῦ</strong></span> <span class='ocrx_word' id='word_1_106' title='bbox 365 710 444 741; x_wconf 76' lang='grc' dir='ltr'>Θεοῦ,</span> <span class='ocrx_word' id='word_1_107' title='bbox 466 710 512 736; x_wconf 77' lang='grc' dir='ltr'><strong>καὶ</strong></span> <span class='ocrx_word' id='word_1_108' title='bbox 535 710 599 745; x_wconf 81' lang='grc' dir='ltr'>περὶ</span> <span class='ocrx_word' id='word_1_109' title='bbox 614 709 661 736; x_wconf 81' lang='grc' dir='ltr'>τοῦ</span> <span class='ocrx_word' id='word_1_110' title='bbox 683 709 761 743; x_wconf 79' lang='grc' dir='ltr'>ἁγίου</span> <span class='ocrx_word' id='word_1_111' title='bbox 784 708 908 744; x_wconf 80' lang='grc' dir='ltr'>Πνεύμα-</span> 
     </span>
    </p>
   </div>
   <div class='ocr_carea' id='block_1_17' title="bbox 115 753 908 789">
    <p class='ocr_par' dir='ltr' id='par_1_17' title="bbox 115 753 908 789">
     <span class='ocr_line' id='line_1_17' title="bbox 115 753 908 789; baseline -0.005 -6"><span class='ocrx_word' id='word_1_112' title='bbox 115 765 174 788; x_wconf 82' lang='grc' dir='ltr'>τος,</span> <span class='ocrx_word' id='word_1_113' title='bbox 189 756 237 782; x_wconf 80' lang='grc' dir='ltr'>καὶ</span> <span class='ocrx_word' id='word_1_114' title='bbox 250 755 321 782; x_wconf 76' lang='grc' dir='ltr'>κατὰ</span> <span class='ocrx_word' id='word_1_115' title='bbox 342 754 469 781; x_wconf 74' lang='grc' dir='ltr'>εἰδώλων.</span> <span class='ocrx_word' id='word_1_116' title='bbox 485 754 522 781; x_wconf 68' lang='lat' dir='ltr'><strong>To</strong></span> <span class='ocrx_word' id='word_1_117' title='bbox 540 754 569 780; x_wconf 83' lang='grc' dir='ltr'>δὲ</span> <span class='ocrx_word' id='word_1_118' title='bbox 588 754 804 789; x_wconf 78' lang='grc' dir='ltr'><strong>τηλαυγέστερον</strong></span> <span class='ocrx_word' id='word_1_119' title='bbox 818 755 847 780; x_wconf 85' lang='grc' dir='ltr'>ὲν</span> <span class='ocrx_word' id='word_1_120' title='bbox 861 753 908 780; x_wconf 74' lang='grc' dir='ltr'><strong>αὺο</strong></span> 
     </span>
    </p>
   </div>
   <div class='ocr_carea' id='block_1_18' title="bbox 115 799 908 836">
    <p class='ocr_par' dir='ltr' id='par_1_18' title="bbox 115 799 908 836">
     <span class='ocr_line' id='line_1_18' title="bbox 115 799 908 836; baseline -0.006 -7"><span class='ocrx_word' id='word_1_121' title='bbox 115 803 178 834; x_wconf 81' lang='grc' dir='ltr'>ταῖς</span> <span class='ocrx_word' id='word_1_122' title='bbox 196 800 344 836; x_wconf 77' lang='grc' dir='ltr'>μοναρχίας</span> <span class='ocrx_word' id='word_1_123' title='bbox 361 799 416 835; x_wconf 64' lang='grc' dir='ltr'>ἔχει</span> <span class='ocrx_word' id='word_1_124' title='bbox 435 799 485 834; x_wconf 84' lang='grc' dir='ltr'>τὴν</span> <span class='ocrx_word' id='word_1_125' title='bbox 510 799 683 834; x_wconf 81' lang='grc' dir='ltr'>εἰσαγωγήν·</span> <span class='ocrx_word' id='word_1_126' title='bbox 698 800 726 825; x_wconf 77' lang='grc' dir='ltr'>ὲν</span> <span class='ocrx_word' id='word_1_127' title='bbox 747 800 775 825; x_wconf 78' lang='grc' dir='ltr'>δὲ</span> <span class='ocrx_word' id='word_1_128' title='bbox 793 800 826 834; x_wconf 81' lang='grc' dir='ltr'>τῇ</span> <span class='ocrx_word' id='word_1_129' title='bbox 843 807 908 834; x_wconf 84' lang='grc' dir='ltr'>μον-</span> 
     </span>
    </p>
   </div>
   <div class='ocr_carea' id='block_1_19' title="bbox 115 841 907 882">
    <p class='ocr_par' dir='ltr' id='par_1_19' title="bbox 115 841 907 882">
     <span class='ocr_line' id='line_1_19' title="bbox 115 841 907 882; baseline -0.008 -9"><span class='ocrx_word' id='word_1_130' title='bbox 115 846 203 882; x_wconf 73' lang='grc' dir='ltr'>αρχίᾳ.</span> <span class='ocrx_word' id='word_1_131' title='bbox 233 843 424 879; x_wconf 79' lang='grc' dir='ltr'><strong>πνευματικῶς</strong></span> <span class='ocrx_word' id='word_1_132' title='bbox 443 844 460 878; x_wconf 86' lang='grc' dir='ltr'>ἡ</span> <span class='ocrx_word' id='word_1_133' title='bbox 482 843 567 878; x_wconf 83' lang='grc' dir='ltr'>Τριάς</span> <span class='ocrx_word' id='word_1_134' title='bbox 582 843 639 868; x_wconf 76' lang='grc' dir='ltr'>ἐστι</span> <span class='ocrx_word' id='word_1_135' title='bbox 657 841 907 876; x_wconf 83' lang='grc' dir='ltr'>καταγγελλομένη.</span> 
     </span>
    </p>
   </div>
   <div class='ocr_carea' id='block_1_20' title="bbox 954 250 1744 287">
    <p class='ocr_par' dir='ltr' id='par_1_20' title="bbox 954 250 1744 287">
     <span class='ocr_line' id='line_1_20' title="bbox 954 250 1744 287; baseline 0.001 -9"><span class='ocrx_word' id='word_1_136' title='bbox 954 252 988 279; x_wconf 90' lang='lat' dir='ltr'><strong>iis</strong></span> <span class='ocrx_word' id='word_1_137' title='bbox 1004 253 1199 287; x_wconf 86' lang='lat' dir='ltr'><strong>prophetarum</strong></span> <span class='ocrx_word' id='word_1_138' title='bbox 1211 252 1313 286; x_wconf 89' lang='lat' dir='ltr'><strong>scripta</strong></span> <span class='ocrx_word' id='word_1_139' title='bbox 1339 250 1490 278; x_wconf 86' lang='lat' dir='ltr'><strong>secundum</strong></span> <span class='ocrx_word' id='word_1_140' title='bbox 1521 250 1614 278; x_wconf 83' lang='lat' dir='ltr'><strong>Mosen</strong></span> <span class='ocrx_word' id='word_1_141' title='bbox 1631 251 1744 279; x_wconf 81' lang='lat' dir='ltr'><strong>minime</strong></span> 
     </span>
    </p>
   </div>
   <div class='ocr_carea' id='block_1_21' title="bbox 954 297 1744 333">
    <p class='ocr_par' dir='ltr' id='par_1_21' title="bbox 954 297 1744 333">
     <span class='ocr_line' id='line_1_21' title="bbox 954 297 1744 333; baseline 0.001 -9"><span class='ocrx_word' id='word_1_142' title='bbox 954 303 1018 325; x_wconf 91' lang='lat' dir='ltr'><strong>sunt</strong></span> <span class='ocrx_word' id='word_1_143' title='bbox 1034 299 1133 325; x_wconf 83' lang='lat' dir='ltr'><strong>tradita</strong></span> <span class='ocrx_word' id='word_1_144' title='bbox 1148 307 1154 326; x_wconf 84' lang='lat'>;</span> <span class='ocrx_word' id='word_1_145' title='bbox 1168 298 1216 325; x_wconf 75' lang='lat' dir='ltr'><strong>sed</strong></span> <span class='ocrx_word' id='word_1_146' title='bbox 1229 298 1351 332; x_wconf 88' lang='lat' dir='ltr'><strong>quinque</strong></span> <span class='ocrx_word' id='word_1_147' title='bbox 1367 297 1500 324; x_wconf 83' lang='lat' dir='ltr'><strong>duntaxat</strong></span> <span class='ocrx_word' id='word_1_148' title='bbox 1517 297 1668 329; x_wconf 81' lang='lat' dir='ltr'><strong>volumina,</strong></span> <span class='ocrx_word' id='word_1_149' title='bbox 1682 306 1744 333; x_wconf 71' lang='lat' dir='ltr'><strong>qua:</strong></span> 
     </span>
    </p>
   </div>
   <div class='ocr_carea' id='block_1_22' title="bbox 954 343 1744 380">
    <p class='ocr_par' dir='ltr' id='par_1_22' title="bbox 954 343 1744 380">
     <span class='ocr_line' id='line_1_22' title="bbox 954 343 1744 380; baseline -0.001 -9"><span class='ocrx_word' id='word_1_150' title='bbox 954 353 1002 380; x_wconf 90' lang='lat' dir='ltr'><strong>per</strong></span> <span class='ocrx_word' id='word_1_151' title='bbox 1017 344 1108 372; x_wconf 86' lang='lat' dir='ltr'><strong>Mosen</strong></span> <span class='ocrx_word' id='word_1_152' title='bbox 1127 344 1314 371; x_wconf 80' lang='lat' dir='ltr'><strong>lsraelitarum</strong></span> <span class='ocrx_word' id='word_1_153' title='bbox 1329 343 1421 378; x_wconf 80' lang='lat' dir='ltr'><strong>generi</strong></span> <span class='ocrx_word' id='word_1_154' title='bbox 1453 343 1517 370; x_wconf 84' lang='lat' dir='ltr'><strong>data</strong></span> <span class='ocrx_word' id='word_1_155' title='bbox 1531 348 1606 376; x_wconf 89' lang='lat' dir='ltr'><strong>sunt,</strong></span> <span class='ocrx_word' id='word_1_156' title='bbox 1623 351 1684 370; x_wconf 87' lang='lat' dir='ltr'><strong>cum</strong></span> <span class='ocrx_word' id='word_1_157' title='bbox 1711 352 1744 370; x_wconf 81' lang='lat' dir='ltr'><strong>ex</strong></span> 
     </span>
    </p>
   </div>
   <div class='ocr_carea' id='block_1_23' title="bbox 955 388 1744 425">
    <p class='ocr_par' dir='ltr' id='par_1_23' title="bbox 955 388 1744 425">
     <span class='ocr_line' id='line_1_23' title="bbox 955 388 1744 425; baseline -0.003 -8"><span class='ocrx_word' id='word_1_158' title='bbox 955 390 1073 425; x_wconf 64' lang='lat' dir='ltr'><strong>IEgypIo</strong></span> <span class='ocrx_word' id='word_1_159' title='bbox 1088 390 1283 417; x_wconf 86' lang='lat' dir='ltr'><strong>decessissent.</strong></span> <span class='ocrx_word' id='word_1_160' title='bbox 1301 389 1371 416; x_wconf 87' lang='lat' dir='ltr'><strong>Sunt</strong></span> <span class='ocrx_word' id='word_1_161' title='bbox 1387 389 1444 416; x_wconf 70' lang='lat' dir='ltr'><strong>htec</strong></span> <span class='ocrx_word' id='word_1_162' title='bbox 1465 388 1591 421; x_wconf 78' lang='lat' dir='ltr'><strong>Genesis,</strong></span> <span class='ocrx_word' id='word_1_163' title='bbox 1621 388 1744 420; x_wconf 83' lang='lat' dir='ltr'><strong>Exodus,</strong></span> 
     </span>
    </p>
   </div>
   <div class='ocr_carea' id='block_1_24' title="bbox 956 434 1745 468">
    <p class='ocr_par' dir='ltr' id='par_1_24' title="bbox 956 434 1745 468">
     <span class='ocr_line' id='line_1_24' title="bbox 956 434 1745 468; baseline -0.003 -5"><span class='ocrx_word' id='word_1_164' title='bbox 956 435 1234 468; x_wconf 83' lang='lat' dir='ltr'><strong>Leviticus,Nnmeri</strong></span> <span class='ocrx_word' id='word_1_165' title='bbox 1261 440 1288 462; x_wconf 90' lang='lat' dir='ltr'><strong>et</strong></span> <span class='ocrx_word' id='word_1_166' title='bbox 1320 434 1574 462; x_wconf 83' lang='lat' dir='ltr'><strong>Deuteronomium.</strong></span> <span class='ocrx_word' id='word_1_167' title='bbox 1603 434 1655 467; x_wconf 87' lang='lat' dir='ltr'><strong>Qui</strong></span> <span class='ocrx_word' id='word_1_168' title='bbox 1682 434 1745 461; x_wconf 81' lang='lat' dir='ltr'><strong>libri</strong></span> 
     </span>
    </p>
   </div>
   <div class='ocr_carea' id='block_1_25' title="bbox 956 478 1745 514">
    <p class='ocr_par' dir='ltr' id='par_1_25' title="bbox 956 478 1745 514">
     <span class='ocr_line' id='line_1_25' title="bbox 956 478 1745 514; baseline -0.004 -7"><span class='ocrx_word' id='word_1_169' title='bbox 956 481 1027 514; x_wconf 83' lang='lat' dir='ltr'><strong>apud</strong></span> <span class='ocrx_word' id='word_1_170' title='bbox 1042 479 1171 507; x_wconf 68' lang='lat' dir='ltr'><strong>llebrmos</strong></span> <span class='ocrx_word' id='word_1_171' title='bbox 1188 481 1225 506; x_wconf 86' lang='lat' dir='ltr'><strong>ita</strong></span> <span class='ocrx_word' id='word_1_172' title='bbox 1241 483 1374 506; x_wconf 86' lang='lat' dir='ltr'><strong>vocantur</strong></span> <span class='ocrx_word' id='word_1_173' title='bbox 1393 487 1399 505; x_wconf 90' lang='lat'>:</span> <span class='ocrx_word' id='word_1_174' title='bbox 1416 479 1538 506; x_wconf 76' lang='lat' dir='ltr'><strong>Beresith</strong></span> <span class='ocrx_word' id='word_1_175' title='bbox 1568 478 1745 510; x_wconf 81' lang='lat' dir='ltr'><strong>Ellesemoth,</strong></span> 
     </span>
    </p>
   </div>
   <div class='ocr_carea' id='block_1_26' title="bbox 957 523 1747 558">
    <p class='ocr_par' dir='ltr' id='par_1_26' title="bbox 957 523 1747 558">
     <span class='ocr_line' id='line_1_26' title="bbox 957 523 1747 558; baseline -0.004 -6"><span class='ocrx_word' id='word_1_176' title='bbox 957 525 1077 558; x_wconf 79' lang='lat' dir='ltr'><strong>Vaiicra,</strong></span> <span class='ocrx_word' id='word_1_177' title='bbox 1110 525 1274 558; x_wconf 80' lang='lat' dir='ltr'><strong>Vaidabber,</strong></span> <span class='ocrx_word' id='word_1_178' title='bbox 1301 524 1549 552; x_wconf 84' lang='lat' dir='ltr'><strong>Ellelmddebarim.</strong></span> <span class='ocrx_word' id='word_1_179' title='bbox 1567 523 1673 557; x_wconf 77' lang='lat' dir='ltr'><strong>Quibus</strong></span> <span class='ocrx_word' id='word_1_180' title='bbox 1689 524 1715 550; x_wconf 95' lang='lat' dir='ltr'><strong>in</strong></span> <span class='ocrx_word' id='word_1_181' title='bbox 1731 532 1747 550; x_wconf 83' lang='grc' dir='ltr'><strong>ν</strong></span> 
     </span>
    </p>
   </div>
   <div class='ocr_carea' id='block_1_27' title="bbox 957 570 1744 607">
    <p class='ocr_par' dir='ltr' id='par_1_27' title="bbox 957 570 1744 607">
     <span class='ocr_line' id='line_1_27' title="bbox 957 570 1744 607; baseline -0.004 -8"><span class='ocrx_word' id='word_1_182' title='bbox 957 572 1034 600; x_wconf 87' lang='lat' dir='ltr'><strong>libris</strong></span> <span class='ocrx_word' id='word_1_183' title='bbox 1046 572 1170 607; x_wconf 68' lang='lat' dir='ltr'><strong>qumdam</strong></span> <span class='ocrx_word' id='word_1_184' title='bbox 1194 577 1366 598; x_wconf 91' lang='lat' dir='ltr'><strong>mortuorum</strong></span> <span class='ocrx_word' id='word_1_185' title='bbox 1396 572 1610 599; x_wconf 72' lang='lat' dir='ltr'><strong>resurrectionis</strong></span> <span class='ocrx_word' id='word_1_186' title='bbox 1628 570 1744 605; x_wconf 73' lang='lat' dir='ltr'><strong>vestigia</strong></span> 
     </span>
    </p>
   </div>
   <div class='ocr_carea' id='block_1_28' title="bbox 957 617 1747 658">
    <p class='ocr_par' dir='ltr' id='par_1_28' title="bbox 957 617 1747 658">
     <span class='ocr_line' id='line_1_28' title="bbox 957 617 1747 658; baseline -0.005 -12"><span class='ocrx_word' id='word_1_187' title='bbox 957 625 1021 658; x_wconf 89' lang='lat' dir='ltr'><strong>sunt</strong></span> <span class='ocrx_word' id='word_1_188' title='bbox 1037 626 1168 654; x_wconf 85' lang='lat' dir='ltr'><strong>aspersa;</strong></span> <span class='ocrx_word' id='word_1_189' title='bbox 1186 619 1224 645; x_wconf 85' lang='lat' dir='ltr'><strong>ita</strong></span> <span class='ocrx_word' id='word_1_190' title='bbox 1238 622 1329 646; x_wconf 87' lang='lat' dir='ltr'><strong>tamen</strong></span> <span class='ocrx_word' id='word_1_191' title='bbox 1350 622 1380 644; x_wconf 90' lang='grc' dir='ltr'><strong>ιιι</strong></span> <span class='ocrx_word' id='word_1_192' title='bbox 1399 626 1573 653; x_wconf 72' lang='lat' dir='ltr'><strong>nequaquam</strong></span> <span class='ocrx_word' id='word_1_193' title='bbox 1600 617 1747 652; x_wconf 71' lang='lat' dir='ltr'><strong>perspicue.</strong></span> 
     </span>
    </p>
   </div>
   <div class='ocr_carea' id='block_1_29' title="bbox 957 665 1748 700">
    <p class='ocr_par' dir='ltr' id='par_1_29' title="bbox 957 665 1748 700">
     <span class='ocr_line' id='line_1_29' title="bbox 957 665 1748 700; baseline -0.001 -9"><span class='ocrx_word' id='word_1_194' title='bbox 957 665 1132 699; x_wconf 68' lang='lat' dir='ltr'><strong>praedicetur.</strong></span> <span class='ocrx_word' id='word_1_195' title='bbox 1146 665 1187 692; x_wconf 80' lang='lat' dir='ltr'><strong>Ad</strong></span> <span class='ocrx_word' id='word_1_196' title='bbox 1202 665 1260 692; x_wconf 58' lang='lat' dir='ltr'><strong>haec</strong></span> <span class='ocrx_word' id='word_1_197' title='bbox 1272 665 1306 693; x_wconf 89' lang='lat' dir='ltr'><strong>de</strong></span> <span class='ocrx_word' id='word_1_198' title='bbox 1318 666 1400 693; x_wconf 91' lang='lat' dir='ltr'><strong>unico</strong></span> <span class='ocrx_word' id='word_1_199' title='bbox 1415 666 1462 693; x_wconf 85' lang='lat' dir='ltr'><strong>Dei</strong></span> <span class='ocrx_word' id='word_1_200' title='bbox 1479 665 1548 692; x_wconf 87' lang='lat' dir='ltr'><strong>Filio</strong></span> <span class='ocrx_word' id='word_1_201' title='bbox 1558 665 1658 700; x_wconf 85' lang='lat' dir='ltr'><strong>injecta</strong></span> <span class='ocrx_word' id='word_1_202' title='bbox 1672 672 1748 691; x_wconf 92' lang='lat' dir='ltr'><strong>men-</strong></span> 
     </span>
    </p>
   </div>
   <div class='ocr_carea' id='block_1_30' title="bbox 957 711 1746 746">
    <p class='ocr_par' dir='ltr' id='par_1_30' title="bbox 957 711 1746 746">
     <span class='ocr_line' id='line_1_30' title="bbox 957 711 1746 746; baseline 0 -9"><span class='ocrx_word' id='word_1_203' title='bbox 957 711 996 738; x_wconf 91' lang='lat' dir='ltr'><strong>tio</strong></span> <span class='ocrx_word' id='word_1_204' title='bbox 1011 715 1064 742; x_wconf 86' lang='lat' dir='ltr'><strong>est,</strong></span> <span class='ocrx_word' id='word_1_205' title='bbox 1080 711 1200 746; x_wconf 85' lang='lat' dir='ltr'><strong>itemque</strong></span> <span class='ocrx_word' id='word_1_206' title='bbox 1217 711 1337 746; x_wconf 83' lang='lat' dir='ltr'><strong>Spiritus</strong></span> <span class='ocrx_word' id='word_1_207' title='bbox 1365 711 1466 744; x_wconf 80' lang='lat' dir='ltr'><strong>sancti,</strong></span> <span class='ocrx_word' id='word_1_208' title='bbox 1492 719 1525 739; x_wconf 89' lang='lat' dir='ltr'><strong>ac</strong></span> <span class='ocrx_word' id='word_1_209' title='bbox 1549 711 1583 738; x_wconf 89' lang='lat' dir='ltr'><strong>de</strong></span> <span class='ocrx_word' id='word_1_210' title='bbox 1611 711 1746 738; x_wconf 85' lang='lat' dir='ltr'><strong>idolorum</strong></span> 
     </span>
    </p>
   </div>
   <div class='ocr_carea' id='block_1_31' title="bbox 958 756 1747 792">
    <p class='ocr_par' dir='ltr' id='par_1_31' title="bbox 958 756 1747 792">
     <span class='ocr_line' id='line_1_31' title="bbox 958 756 1747 792; baseline 0 -9"><span class='ocrx_word' id='word_1_211' title='bbox 958 757 1146 784; x_wconf 77' lang='lat' dir='ltr'><strong>damnatione.</strong></span> <span class='ocrx_word' id='word_1_212' title='bbox 1160 756 1283 785; x_wconf 76' lang='lat' dir='ltr'><strong>Tametsi</strong></span> <span class='ocrx_word' id='word_1_213' title='bbox 1308 757 1412 784; x_wconf 87' lang='lat' dir='ltr'><strong>clarius</strong></span> <span class='ocrx_word' id='word_1_214' title='bbox 1428 758 1455 784; x_wconf 92' lang='lat' dir='ltr'><strong>in</strong></span> <span class='ocrx_word' id='word_1_215' title='bbox 1472 757 1516 784; x_wconf 88' lang='lat' dir='ltr'><strong>his</strong></span> <span class='ocrx_word' id='word_1_216' title='bbox 1532 757 1578 784; x_wconf 88' lang='lat' dir='ltr'><strong>Dei</strong></span> <span class='ocrx_word' id='word_1_217' title='bbox 1598 757 1747 792; x_wconf 77' lang='lat' dir='ltr'><strong>singulari-</strong></span> 
     </span>
    </p>
   </div>
   <div class='ocr_carea' id='block_1_32' title="bbox 959 803 1748 838">
    <p class='ocr_par' dir='ltr' id='par_1_32' title="bbox 959 803 1748 838">
     <span class='ocr_line' id='line_1_32' title="bbox 959 803 1748 838; baseline 0 -9"><span class='ocrx_word' id='word_1_218' title='bbox 959 806 1002 830; x_wconf 89' lang='lat' dir='ltr'><strong>las</strong></span> <span class='ocrx_word' id='word_1_219' title='bbox 1024 803 1169 834; x_wconf 81' lang='lat' dir='ltr'><strong>astruitur,</strong></span> <span class='ocrx_word' id='word_1_220' title='bbox 1202 804 1230 830; x_wconf 94' lang='lat' dir='ltr'><strong>in</strong></span> <span class='ocrx_word' id='word_1_221' title='bbox 1252 811 1307 838; x_wconf 86' lang='lat' dir='ltr'><strong>qua</strong></span> <span class='ocrx_word' id='word_1_222' title='bbox 1324 808 1416 830; x_wconf 87' lang='lat' dir='ltr'><strong>tamen</strong></span> <span class='ocrx_word' id='word_1_223' title='bbox 1438 803 1620 838; x_wconf 83' lang='lat' dir='ltr'><strong>spiritualiter</strong></span> <span class='ocrx_word' id='word_1_224' title='bbox 1639 811 1748 837; x_wconf 87' lang='lat' dir='ltr'><strong>quoque</strong></span> 
     </span>
    </p>
   </div>
   <div class='ocr_carea' id='block_1_33' title="bbox 960 847 1748 882">
    <p class='ocr_par' dir='ltr' id='par_1_33' title="bbox 960 847 1748 882">
     <span class='ocr_line' id='line_1_33' title="bbox 960 847 1748 882; baseline 0.001 -10"><span class='ocrx_word' id='word_1_225' title='bbox 960 847 1082 874; x_wconf 85' lang='lat' dir='ltr'><strong>Trinitas</strong></span> <span class='ocrx_word' id='word_1_226' title='bbox 1094 847 1293 882; x_wconf 88' lang='lat' dir='ltr'><strong>comprehensa</strong></span> <span class='ocrx_word' id='word_1_227' title='bbox 1309 847 1355 874; x_wconf 87' lang='lat' dir='ltr'><strong>sit.</strong></span> <span class='ocrx_word' id='word_1_228' title='bbox 1371 847 1407 873; x_wconf 87' lang='lat' dir='ltr'><strong>At</strong></span> <span class='ocrx_word' id='word_1_229' title='bbox 1428 847 1467 873; x_wconf 92' lang='lat' dir='ltr'><strong>illi</strong></span> <span class='ocrx_word' id='word_1_230' title='bbox 1494 851 1606 881; x_wconf 83' lang='lat' dir='ltr'><strong>accepta</strong></span> <span class='ocrx_word' id='word_1_231' title='bbox 1621 847 1680 882; x_wconf 82' lang='lat' dir='ltr'><strong>lege</strong></span> <span class='ocrx_word' id='word_1_232' title='bbox 1696 847 1748 873; x_wconf 86' lang='lat' dir='ltr'><strong>hoc</strong></span> 
     </span>
    </p>
   </div>
   <div class='ocr_carea' id='block_1_34' title="bbox 115 885 910 927">
    <p class='ocr_par' dir='ltr' id='par_1_34' title="bbox 115 887 910 925">
     <span class='ocr_line' id='line_1_34' title="bbox 115 887 910 925; baseline -0.009 -6"><span class='ocrx_word' id='word_1_233' title='bbox 115 893 150 919; x_wconf 89' lang='grc' dir='ltr'><strong>Οἱ</strong></span> <span class='ocrx_word' id='word_1_234' title='bbox 171 891 199 918; x_wconf 82' lang='grc' dir='ltr'>δὲ</span> <span class='ocrx_word' id='word_1_235' title='bbox 217 891 358 925; x_wconf 74' lang='grc' dir='ltr'><strong>δεξάμενοι</strong></span> <span class='ocrx_word' id='word_1_236' title='bbox 382 888 425 915; x_wconf 79' lang='grc' dir='ltr'><strong>τὸν</strong></span> <span class='ocrx_word' id='word_1_237' title='bbox 447 889 529 923; x_wconf 87' lang='grc' dir='ltr'>νόμον</span> <span class='ocrx_word' id='word_1_238' title='bbox 551 889 592 919; x_wconf 80' lang='grc' dir='ltr'><strong>εἰς</strong></span> <span class='ocrx_word' id='word_1_239' title='bbox 614 888 644 914; x_wconf 80' lang='grc' dir='ltr'>τὸ</span> <span class='ocrx_word' id='word_1_240' title='bbox 664 887 844 922; x_wconf 79' lang='grc' dir='ltr'>μετατεθῆναι</span> <span class='ocrx_word' id='word_1_241' title='bbox 860 888 910 922; x_wconf 82' lang='grc' dir='ltr'><strong>τῆς</strong></span> 
     </span>
    </p>
   </div>
   <div class='ocr_carea' id='block_1_35' title="bbox 963 885 1749 927">
    <p class='ocr_par' dir='ltr' id='par_1_35' title="bbox 963 891 1749 927">
     <span class='ocr_line' id='line_1_35' title="bbox 963 891 1749 927; baseline -0.003 -8"><span class='ocrx_word' id='word_1_242' title='bbox 963 900 1044 919; x_wconf 87' lang='lat' dir='ltr'><strong>unum</strong></span> <span class='ocrx_word' id='word_1_243' title='bbox 1062 892 1237 925; x_wconf 86' lang='lat' dir='ltr'><strong>studuerunt,</strong></span> <span class='ocrx_word' id='word_1_244' title='bbox 1255 897 1285 920; x_wconf 90' lang='lat' dir='ltr'><strong>ut</strong></span> <span class='ocrx_word' id='word_1_245' title='bbox 1299 892 1434 919; x_wconf 90' lang='lat' dir='ltr'><strong>idolorum</strong></span> <span class='ocrx_word' id='word_1_246' title='bbox 1457 891 1598 927; x_wconf 85' lang='lat' dir='ltr'><strong>repudiata</strong></span> <span class='ocrx_word' id='word_1_247' title='bbox 1614 893 1749 926; x_wconf 68' lang='lat' dir='ltr'><strong>supersti-</strong></span> 
     </span>
    </p>
   </div>
   <div class='ocr_carea' id='block_1_36' title="bbox 117 933 909 972">
    <p class='ocr_par' dir='ltr' id='par_1_36' title="bbox 117 933 909 972">
     <span class='ocr_line' id='line_1_36' title="bbox 117 933 909 972; baseline -0.006 -8"><span class='ocrx_word' id='word_1_248' title='bbox 117 937 349 972; x_wconf 79' lang='grc' dir='ltr'>εἰδωλολατρείας,</span> <span class='ocrx_word' id='word_1_249' title='bbox 365 935 411 962; x_wconf 69' lang='grc' dir='ltr'>καὶ</span> <span class='ocrx_word' id='word_1_250' title='bbox 425 934 469 961; x_wconf 80' lang='grc' dir='ltr'>τὸν</span> <span class='ocrx_word' id='word_1_251' title='bbox 485 934 534 961; x_wconf 72' lang='grc' dir='ltr'><strong>ἕνα</strong></span> <span class='ocrx_word' id='word_1_252' title='bbox 553 934 619 960; x_wconf 81' lang='grc' dir='ltr'>Θεὸν</span> <span class='ocrx_word' id='word_1_253' title='bbox 641 933 789 968; x_wconf 76' lang='grc' dir='ltr'>ἐπιγνῶναι</span> <span class='ocrx_word' id='word_1_254' title='bbox 810 934 909 959; x_wconf 73' lang='grc' dir='ltr'>ἐσπου-</span> 
     </span>
    </p>
   </div>
   <div class='ocr_carea' id='block_1_37' title="bbox 117 979 908 1018">
    <p class='ocr_par' dir='ltr' id='par_1_37' title="bbox 117 979 908 1018">
     <span class='ocr_line' id='line_1_37' title="bbox 117 979 908 1018; baseline -0.005 -8"><span class='ocrx_word' id='word_1_255' title='bbox 117 983 255 1018; x_wconf 72' lang='grc' dir='ltr'>δάσθησαν</span> <span class='ocrx_word' id='word_1_256' title='bbox 265 992 272 998; x_wconf 90' lang='grc'><strong>·</strong></span> <span class='ocrx_word' id='word_1_257' title='bbox 285 980 326 1014; x_wconf 76' lang='grc' dir='ltr'><strong>οἷς</strong></span> <span class='ocrx_word' id='word_1_258' title='bbox 338 981 368 1008; x_wconf 83' lang='grc' dir='ltr'>οὺ</span> <span class='ocrx_word' id='word_1_259' title='bbox 382 981 492 1016; x_wconf 74' lang='grc' dir='ltr'>γέγονεν</span> <span class='ocrx_word' id='word_1_260' title='bbox 509 980 652 1015; x_wconf 75' lang='grc' dir='ltr'>ἐπιμέλεια</span> <span class='ocrx_word' id='word_1_261' title='bbox 665 980 696 1006; x_wconf 79' lang='grc' dir='ltr'>τὸ</span> <span class='ocrx_word' id='word_1_262' title='bbox 715 979 908 1016; x_wconf 78' lang='grc' dir='ltr'>ἀκριϐέστερον</span> 
     </span>
    </p>
   </div>
   <div class='ocr_carea' id='block_1_38' title="bbox 118 1025 909 1063">
    <p class='ocr_par' dir='ltr' id='par_1_38' title="bbox 118 1025 909 1063">
     <span class='ocr_line' id='line_1_38' title="bbox 118 1025 909 1063; baseline -0.006 -7"><span class='ocrx_word' id='word_1_263' title='bbox 118 1029 280 1063; x_wconf 75' lang='grc' dir='ltr'>ἐπιγνῶναι.</span> <span class='ocrx_word' id='word_1_264' title='bbox 295 1027 446 1062; x_wconf 79' lang='grc' dir='ltr'>Σφαλέντες</span> <span class='ocrx_word' id='word_1_265' title='bbox 461 1027 490 1053; x_wconf 83' lang='grc' dir='ltr'>δὲ</span> <span class='ocrx_word' id='word_1_266' title='bbox 508 1026 533 1053; x_wconf 92' lang='grc' dir='ltr'>οἱ</span> <span class='ocrx_word' id='word_1_267' title='bbox 550 1026 674 1057; x_wconf 72' lang='grc' dir='ltr'>τοιοῦτοι,</span> <span class='ocrx_word' id='word_1_268' title='bbox 692 1027 739 1052; x_wconf 75' lang='grc' dir='ltr'>καὶ</span> <span class='ocrx_word' id='word_1_269' title='bbox 757 1026 794 1061; x_wconf 85' lang='grc' dir='ltr'><strong>μὴ</strong></span> <span class='ocrx_word' id='word_1_270' title='bbox 810 1025 909 1061; x_wconf 83' lang='grc' dir='ltr'>τηλαυ-</span> 
     </span>
    </p>
   </div>
   <div class='ocr_carea' id='block_1_39' title="bbox 118 1071 909 1110">
    <p class='ocr_par' dir='ltr' id='par_1_39' title="bbox 118 1071 909 1110">
     <span class='ocr_line' id='line_1_39' title="bbox 118 1071 909 1110; baseline -0.005 -9"><span class='ocrx_word' id='word_1_271' title='bbox 118 1075 177 1110; x_wconf 85' lang='grc' dir='ltr'>γῶς</span> <span class='ocrx_word' id='word_1_272' title='bbox 191 1074 221 1101; x_wconf 81' lang='grc' dir='ltr'><strong>τὸ</strong></span> <span class='ocrx_word' id='word_1_273' title='bbox 237 1074 290 1100; x_wconf 84' lang='grc' dir='ltr'><strong>πᾶν</strong></span> <span class='ocrx_word' id='word_1_274' title='bbox 311 1073 392 1109; x_wconf 76' lang='grc' dir='ltr'>μέρος</span> <span class='ocrx_word' id='word_1_275' title='bbox 409 1072 459 1107; x_wconf 80' lang='grc' dir='ltr'><strong>τῆς</strong></span> <span class='ocrx_word' id='word_1_276' title='bbox 474 1072 591 1103; x_wconf 82' lang='grc' dir='ltr'>πίστεως</span> <span class='ocrx_word' id='word_1_277' title='bbox 605 1080 635 1098; x_wconf 83' lang='grc' dir='ltr'><strong>τε</strong></span> <span class='ocrx_word' id='word_1_278' title='bbox 651 1071 697 1098; x_wconf 70' lang='grc' dir='ltr'><strong>καὶ</strong></span> <span class='ocrx_word' id='word_1_279' title='bbox 713 1072 761 1106; x_wconf 80' lang='grc' dir='ltr'><strong>τῆς</strong></span> <span class='ocrx_word' id='word_1_280' title='bbox 772 1072 909 1107; x_wconf 74' lang='grc' dir='ltr'>ἡμετέρας</span> 
     </span>
    </p>
   </div>
   <div class='ocr_carea' id='block_1_40' title="bbox 119 1117 910 1155">
    <p class='ocr_par' dir='ltr' id='par_1_40' title="bbox 119 1117 910 1155">
     <span class='ocr_line' id='line_1_40' title="bbox 119 1117 910 1155; baseline -0.005 -8"><span class='ocrx_word' id='word_1_281' title='bbox 119 1121 195 1155; x_wconf 79' lang='grc' dir='ltr'>ζωῆς</span> <span class='ocrx_word' id='word_1_282' title='bbox 207 1120 238 1146; x_wconf 88' lang='grc' dir='ltr'>τδ</span> <span class='ocrx_word' id='word_1_283' title='bbox 252 1119 412 1154; x_wconf 82' lang='grc' dir='ltr'>ἀκρίὒασμα</span> <span class='ocrx_word' id='word_1_284' title='bbox 428 1117 633 1152; x_wconf 72' lang='grc' dir='ltr'>κατειληφότες,</span> <span class='ocrx_word' id='word_1_285' title='bbox 649 1117 785 1152; x_wconf 78' lang='grc' dir='ltr'>ἠγνόησαν</span> <span class='ocrx_word' id='word_1_286' title='bbox 804 1117 853 1152; x_wconf 74' lang='grc' dir='ltr'><strong>μὲν</strong></span> <span class='ocrx_word' id='word_1_287' title='bbox 867 1126 910 1143; x_wconf 88' lang='grc' dir='ltr'>νε-</span> 
     </span>
    </p>
   </div>
   <div class='ocr_carea' id='block_1_41' title="bbox 119 1163 909 1203">
    <p class='ocr_par' dir='ltr' id='par_1_41' title="bbox 119 1163 909 1203">
     <span class='ocr_line' id='line_1_41' title="bbox 119 1163 909 1203; baseline -0.005 -10"><span class='ocrx_word' id='word_1_288' title='bbox 119 1167 195 1203; x_wconf 89' lang='grc' dir='ltr'>κρῶν</span> <span class='ocrx_word' id='word_1_289' title='bbox 213 1166 370 1196; x_wconf 75' lang='grc' dir='ltr'>ἀνάστασιν,</span> <span class='ocrx_word' id='word_1_290' title='bbox 384 1164 430 1191; x_wconf 79' lang='grc' dir='ltr'><strong>καὶ</strong></span> <span class='ocrx_word' id='word_1_291' title='bbox 444 1163 605 1191; x_wconf 84' lang='grc' dir='ltr'>ἀπιστοῦσι·</span> <span class='ocrx_word' id='word_1_292' title='bbox 620 1163 732 1198; x_wconf 82' lang='grc' dir='ltr'>Πνεῦμα</span> <span class='ocrx_word' id='word_1_293' title='bbox 745 1163 773 1189; x_wconf 84' lang='grc' dir='ltr'>δὲ</span> <span class='ocrx_word' id='word_1_294' title='bbox 786 1163 862 1197; x_wconf 81' lang='grc' dir='ltr'>ἆγιον</span> <span class='ocrx_word' id='word_1_295' title='bbox 878 1163 909 1189; x_wconf 89' lang='grc' dir='ltr'><strong>οὑ</strong></span> 
     </span>
    </p>
   </div>
   <div class='ocr_carea' id='block_1_42' title="bbox 120 1208 910 1247">
    <p class='ocr_par' dir='ltr' id='par_1_42' title="bbox 120 1208 910 1247">
     <span class='ocr_line' id='line_1_42' title="bbox 120 1208 910 1247; baseline -0.006 -8"><span class='ocrx_word' id='word_1_296' title='bbox 120 1212 334 1247; x_wconf 81' lang='grc' dir='ltr'>παραδέχονται·</span> <span class='ocrx_word' id='word_1_297' title='bbox 351 1210 397 1236; x_wconf 74' lang='grc' dir='ltr'>καὶ</span> <span class='ocrx_word' id='word_1_298' title='bbox 411 1210 465 1245; x_wconf 73' lang='grc' dir='ltr'>γὰρ</span> <span class='ocrx_word' id='word_1_299' title='bbox 480 1209 628 1244; x_wconf 81' lang='grc' dir='ltr'><strong>ἠγνόησαν.</strong></span> <span class='ocrx_word' id='word_1_300' title='bbox 644 1209 698 1235; x_wconf 66' lang='grc' dir='ltr'><strong>Καὶ</strong></span> <span class='ocrx_word' id='word_1_301' title='bbox 719 1208 788 1243; x_wconf 71' lang='grc' dir='ltr'>αὓτη</span> <span class='ocrx_word' id='word_1_302' title='bbox 804 1209 820 1244; x_wconf 81' lang='grc' dir='ltr'>ἡ</span> <span class='ocrx_word' id='word_1_303' title='bbox 837 1209 910 1242; x_wconf 75' lang='grc' dir='ltr'>αἴρε-</span> 
     </span>
    </p>
   </div>
   <div class='ocr_carea' id='block_1_43' title="bbox 121 1253 910 1292">
    <p class='ocr_par' dir='ltr' id='par_1_43' title="bbox 121 1253 910 1292">
     <span class='ocr_line' id='line_1_43' title="bbox 121 1253 910 1292; baseline -0.009 -6"><span class='ocrx_word' id='word_1_304' title='bbox 121 1268 164 1290; x_wconf 81' lang='grc' dir='ltr'><strong>σις</strong></span> <span class='ocrx_word' id='word_1_305' title='bbox 178 1257 311 1285; x_wconf 84' lang='grc' dir='ltr'>ἁθετοῦσα</span> <span class='ocrx_word' id='word_1_306' title='bbox 327 1256 376 1292; x_wconf 79' lang='grc' dir='ltr'>μὲν</span> <span class='ocrx_word' id='word_1_307' title='bbox 391 1255 496 1291; x_wconf 81' lang='grc' dir='ltr'>νεκρῶν</span> <span class='ocrx_word' id='word_1_308' title='bbox 511 1255 668 1285; x_wconf 76' lang='grc' dir='ltr'>ἀνάστασιν,</span> <span class='ocrx_word' id='word_1_309' title='bbox 686 1254 866 1289; x_wconf 78' lang='grc' dir='ltr'>ἁπωθουμένη</span> <span class='ocrx_word' id='word_1_310' title='bbox 881 1253 910 1280; x_wconf 79' lang='grc' dir='ltr'>δὲ</span> 
     </span>
    </p>
   </div>
   <div class='ocr_carea' id='block_1_44' title="bbox 120 1298 910 1336">
    <p class='ocr_par' dir='ltr' id='par_1_44' title="bbox 120 1298 910 1336">
     <span class='ocr_line' id='line_1_44' title="bbox 120 1298 910 1336; baseline -0.006 -6"><span class='ocrx_word' id='word_1_311' title='bbox 120 1301 351 1336; x_wconf 80' lang='grc' dir='ltr'>εἰδωλολατρείαν,</span> <span class='ocrx_word' id='word_1_312' title='bbox 381 1301 411 1326; x_wconf 83' lang='grc' dir='ltr'>ὲν</span> <span class='ocrx_word' id='word_1_313' title='bbox 436 1301 504 1335; x_wconf 84' lang='grc' dir='ltr'>αὐτῇ</span> <span class='ocrx_word' id='word_1_314' title='bbox 532 1300 561 1326; x_wconf 78' lang='grc' dir='ltr'>δὲ</span> <span class='ocrx_word' id='word_1_315' title='bbox 591 1298 821 1334; x_wconf 82' lang='grc' dir='ltr'>εἰδωλολατροῦσα</span> <span class='ocrx_word' id='word_1_316' title='bbox 850 1300 910 1326; x_wconf 78' lang='grc' dir='ltr'>κατ’</span> 
     </span>
    </p>
   </div>
   <div class='ocr_carea' id='block_1_45' title="bbox 121 1345 911 1384">
    <p class='ocr_par' dir='ltr' id='par_1_45' title="bbox 121 1345 911 1384">
     <span class='ocr_line' id='line_1_45' title="bbox 121 1345 911 1384; baseline -0.009 -6"><span class='ocrx_word' id='word_1_317' title='bbox 121 1351 244 1384; x_wconf 76' lang='grc' dir='ltr'>ἄγνοιαν,</span> <span class='ocrx_word' id='word_1_318' title='bbox 259 1348 303 1375; x_wconf 79' lang='grc' dir='ltr'>διὰ</span> <span class='ocrx_word' id='word_1_319' title='bbox 315 1348 345 1374; x_wconf 81' lang='grc' dir='ltr'><strong>τὸ</strong></span> <span class='ocrx_word' id='word_1_320' title='bbox 364 1346 572 1382; x_wconf 78' lang='grc' dir='ltr'>ἀποκεκρύφθαι</span> <span class='ocrx_word' id='word_1_321' title='bbox 587 1346 620 1372; x_wconf 85' lang='grc' dir='ltr'>τὰ</span> <span class='ocrx_word' id='word_1_322' title='bbox 633 1345 729 1372; x_wconf 78' lang='grc' dir='ltr'>εἴδωλα</span> <span class='ocrx_word' id='word_1_323' title='bbox 747 1345 800 1372; x_wconf 88' lang='grc' dir='ltr'><strong>τῶν</strong></span> <span class='ocrx_word' id='word_1_324' title='bbox 815 1345 911 1371; x_wconf 74' lang='grc' dir='ltr'>τεσσά-</span> 
     </span>
    </p>
   </div>
   <div class='ocr_carea' id='block_1_46' title="bbox 123 1391 911 1431">
    <p class='ocr_par' dir='ltr' id='par_1_46' title="bbox 123 1391 911 1431">
     <span class='ocr_line' id='line_1_46' title="bbox 123 1391 911 1431; baseline -0.006 -9"><span class='ocrx_word' id='word_1_325' title='bbox 123 1405 179 1431; x_wconf 86' lang='grc' dir='ltr'>ρων</span> <span class='ocrx_word' id='word_1_326' title='bbox 192 1395 277 1422; x_wconf 78' lang='grc' dir='ltr'>ὲθνῶν</span> <span class='ocrx_word' id='word_1_327' title='bbox 294 1395 322 1420; x_wconf 82' lang='grc' dir='ltr'>ὲν</span> <span class='ocrx_word' id='word_1_328' title='bbox 337 1393 376 1428; x_wconf 86' lang='grc' dir='ltr'>τῷ</span> <span class='ocrx_word' id='word_1_329' title='bbox 387 1393 445 1428; x_wconf 79' lang='grc' dir='ltr'>ὄρει</span> <span class='ocrx_word' id='word_1_330' title='bbox 461 1392 499 1427; x_wconf 82' lang='grc' dir='ltr'>τῷ</span> <span class='ocrx_word' id='word_1_331' title='bbox 518 1391 594 1427; x_wconf 86' lang='grc' dir='ltr'><strong>παρά</strong></span> <span class='ocrx_word' id='word_1_332' title='bbox 608 1393 663 1424; x_wconf 84' lang='grc' dir='ltr'>τοῖς</span> <span class='ocrx_word' id='word_1_333' title='bbox 691 1393 698 1408; x_wconf 84' lang='grc'>¹</span> <span class='ocrx_word' id='word_1_334' title='bbox 716 1392 840 1427; x_wconf 74' lang='grc' dir='ltr'>Γαριζεὶν</span> <span class='ocrx_word' id='word_1_335' title='bbox 856 1391 911 1426; x_wconf 77' lang='lat'><strong>(68)</strong></span> 
     </span>
    </p>
   </div>
   <div class='ocr_carea' id='block_1_47' title="bbox 124 1437 911 1475">
    <p class='ocr_par' dir='ltr' id='par_1_47' title="bbox 124 1437 911 1475">
     <span class='ocr_line' id='line_1_47' title="bbox 124 1437 911 1475; baseline -0.006 -7"><span class='ocrx_word' id='word_1_336' title='bbox 124 1440 402 1475; x_wconf 66' lang='grc' dir='ltr'>σεσυκοφαντημένως</span> <span class='ocrx_word' id='word_1_337' title='bbox 423 1438 591 1473; x_wconf 77' lang='grc' dir='ltr'>καλουμένῳ.</span> <span class='ocrx_word' id='word_1_338' title='bbox 609 1437 654 1472; x_wconf 87' lang='grc' dir='ltr'>Τῷ</span> <span class='ocrx_word' id='word_1_339' title='bbox 681 1437 735 1473; x_wconf 80' lang='grc' dir='ltr'><strong>γὰρ</strong></span> <span class='ocrx_word' id='word_1_340' title='bbox 761 1437 911 1472; x_wconf 85' lang='grc' dir='ltr'>βουλομένῳ</span> 
     </span>
    </p>
   </div>
   <div class='ocr_carea' id='block_1_48' title="bbox 123 1483 910 1523">
    <p class='ocr_par' dir='ltr' id='par_1_48' title="bbox 123 1483 910 1523">
     <span class='ocr_line' id='line_1_48' title="bbox 123 1483 910 1523; baseline -0.005 -9"><span class='ocrx_word' id='word_1_341' title='bbox 123 1487 244 1523; x_wconf 76' lang='grc' dir='ltr'>ἀκριϐῶς</span> <span class='ocrx_word' id='word_1_342' title='bbox 261 1486 325 1521; x_wconf 79' lang='grc' dir='ltr'>περὶ</span> <span class='ocrx_word' id='word_1_343' title='bbox 339 1485 386 1512; x_wconf 82' lang='grc' dir='ltr'>τοῦ</span> <span class='ocrx_word' id='word_1_344' title='bbox 401 1485 481 1520; x_wconf 77' lang='grc' dir='ltr'>ὅρους</span> <span class='ocrx_word' id='word_1_345' title='bbox 493 1483 618 1518; x_wconf 69' lang='grc' dir='ltr'>Γαριζεὶν</span> <span class='ocrx_word' id='word_1_346' title='bbox 635 1484 796 1519; x_wconf 79' lang='grc' dir='ltr'>ἐρευνᾶσθαι</span> <span class='ocrx_word' id='word_1_347' title='bbox 814 1484 910 1516; x_wconf 81' lang='grc' dir='ltr'>ἰστέον,</span> 
     </span>
    </p>
   </div>
   <div class='ocr_carea' id='block_1_49' title="bbox 123 1529 911 1568">
    <p class='ocr_par' dir='ltr' id='par_1_49' title="bbox 123 1529 911 1568">
     <span class='ocr_line' id='line_1_49' title="bbox 123 1529 911 1568; baseline -0.006 -7"><span class='ocrx_word' id='word_1_348' title='bbox 123 1535 164 1561; x_wconf 83' lang='grc' dir='ltr'>ὅτι</span> <span class='ocrx_word' id='word_1_349' title='bbox 178 1534 244 1568; x_wconf 77' lang='grc' dir='ltr'>πρὸς</span> <span class='ocrx_word' id='word_1_350' title='bbox 263 1534 297 1568; x_wconf 82' lang='grc' dir='ltr'>τῇ</span> <span class='ocrx_word' id='word_1_351' title='bbox 320 1531 424 1568; x_wconf 85' lang='grc' dir='ltr'>’[εριχῷ</span> <span class='ocrx_word' id='word_1_352' title='bbox 445 1532 546 1558; x_wconf 84' lang='grc' dir='ltr'>κεῖνται</span> <span class='ocrx_word' id='word_1_353' title='bbox 566 1530 600 1557; x_wconf 80' lang='grc' dir='ltr'>τὰ</span> <span class='ocrx_word' id='word_1_354' title='bbox 621 1530 668 1557; x_wconf 81' lang='grc' dir='ltr'><strong>δύο</strong></span> <span class='ocrx_word' id='word_1_355' title='bbox 684 1530 745 1566; x_wconf 75' lang='grc' dir='ltr'>ὅρη,</span> <span class='ocrx_word' id='word_1_356' title='bbox 765 1530 795 1556; x_wconf 80' lang='grc' dir='ltr'>τό</span> <span class='ocrx_word' id='word_1_357' title='bbox 817 1538 845 1556; x_wconf 91' lang='grc' dir='ltr'><strong>τε</strong></span> <span class='ocrx_word' id='word_1_358' title='bbox 864 1529 911 1556; x_wconf 78' lang='grc' dir='ltr'>τοῦ</span> 
     </span>
    </p>
   </div>
   <div class='ocr_carea' id='block_1_50' title="bbox 123 1575 912 1615">
    <p class='ocr_par' dir='ltr' id='par_1_50' title="bbox 123 1575 912 1615">
     <span class='ocr_line' id='line_1_50' title="bbox 123 1575 912 1615; baseline -0.006 -9"><span class='ocrx_word' id='word_1_359' title='bbox 123 1579 260 1615; x_wconf 64' lang='grc' dir='ltr'>Γαριζεὶν,</span> <span class='ocrx_word' id='word_1_360' title='bbox 283 1585 330 1604; x_wconf 84' lang='grc' dir='ltr'><strong>και</strong></span> <span class='ocrx_word' id='word_1_361' title='bbox 351 1577 382 1603; x_wconf 84' lang='grc' dir='ltr'><strong>τὸ</strong></span> <span class='ocrx_word' id='word_1_362' title='bbox 407 1576 454 1603; x_wconf 77' lang='grc' dir='ltr'>τοῦ</span> <span class='ocrx_word' id='word_1_363' title='bbox 472 1576 568 1607; x_wconf 78' lang='grc' dir='ltr'>Γεϐὰλ,</span> <span class='ocrx_word' id='word_1_364' title='bbox 598 1576 684 1612; x_wconf 84' lang='grc' dir='ltr'>πέραν</span> <span class='ocrx_word' id='word_1_365' title='bbox 712 1576 759 1602; x_wconf 84' lang='grc' dir='ltr'>τοῦ</span> <span class='ocrx_word' id='word_1_366' title='bbox 781 1575 912 1611; x_wconf 78' lang='grc' dir='ltr'>Ἰορδάνου</span> 
     </span>
    </p>
   </div>
   <div class='ocr_carea' id='block_1_51' title="bbox 123 1621 913 1661">
    <p class='ocr_par' dir='ltr' id='par_1_51' title="bbox 123 1621 913 1661">
     <span class='ocr_line' id='line_1_51' title="bbox 123 1621 913 1661; baseline -0.006 -9"><span class='ocrx_word' id='word_1_367' title='bbox 123 1625 192 1661; x_wconf 77' lang='grc' dir='ltr'><strong>πρὸς</strong></span> <span class='ocrx_word' id='word_1_368' title='bbox 208 1625 241 1659; x_wconf 86' lang='grc' dir='ltr'>τῇ</span> <span class='ocrx_word' id='word_1_369' title='bbox 261 1623 376 1658; x_wconf 83' lang='grc' dir='ltr'>ἀνατολῇ</span> <span class='ocrx_word' id='word_1_370' title='bbox 393 1623 441 1658; x_wconf 81' lang='grc' dir='ltr'><strong>τῆς</strong></span> <span class='ocrx_word' id='word_1_371' title='bbox 462 1622 576 1658; x_wconf 83' lang='grc' dir='ltr'>Ὶεριχῶ,</span> <span class='ocrx_word' id='word_1_372' title='bbox 603 1621 641 1653; x_wconf 80' lang='grc' dir='ltr'><strong>ὡς</strong></span> <span class='ocrx_word' id='word_1_373' title='bbox 662 1621 718 1657; x_wconf 74' lang='grc' dir='ltr'>ἔχει</span> <span class='ocrx_word' id='word_1_374' title='bbox 734 1621 764 1648; x_wconf 76' lang='grc' dir='ltr'><strong>τὸ</strong></span> <span class='ocrx_word' id='word_1_375' title='bbox 784 1623 913 1657; x_wconf 80' lang='grc' dir='ltr'>Δευτερο-</span> 
     </span>
    </p>
   </div>
   <div class='ocr_carea' id='block_1_52' title="bbox 123 1667 914 1706">
    <p class='ocr_par' dir='ltr' id='par_1_52' title="bbox 123 1667 914 1706">
     <span class='ocr_line' id='line_1_52' title="bbox 123 1667 914 1706; baseline -0.005 -9"><span class='ocrx_word' id='word_1_376' title='bbox 123 1671 227 1706; x_wconf 79' lang='grc' dir='ltr'>νόμιον,</span> <span class='ocrx_word' id='word_1_377' title='bbox 253 1669 300 1696; x_wconf 71' lang='grc' dir='ltr'>καὶ</span> <span class='ocrx_word' id='word_1_378' title='bbox 320 1669 406 1704; x_wconf 80' lang='grc' dir='ltr'>Ἰησοῦ</span> <span class='ocrx_word' id='word_1_379' title='bbox 429 1668 475 1695; x_wconf 83' lang='grc' dir='ltr'><strong>τοῦ</strong></span> <span class='ocrx_word' id='word_1_380' title='bbox 498 1668 573 1703; x_wconf 79' lang='grc' dir='ltr'><strong>Ναυῆ</strong></span> <span class='ocrx_word' id='word_1_381' title='bbox 599 1668 615 1703; x_wconf 82' lang='grc' dir='ltr'>ἡ</span> <span class='ocrx_word' id='word_1_382' title='bbox 642 1667 742 1702; x_wconf 75' lang='grc' dir='ltr'><strong>βίϐλος.</strong></span> <span class='ocrx_word' id='word_1_383' title='bbox 767 1667 914 1693; x_wconf 81' lang='grc' dir='ltr'>Εἰδωλολα-</span> 
     </span>
    </p>
   </div>
   <div class='ocr_carea' id='block_1_53' title="bbox 123 1712 913 1752">
    <p class='ocr_par' dir='ltr' id='par_1_53' title="bbox 123 1712 913 1752">
     <span class='ocr_line' id='line_1_53' title="bbox 123 1712 913 1752; baseline -0.004 -9"><span class='ocrx_word' id='word_1_384' title='bbox 123 1715 233 1752; x_wconf 83' lang='grc' dir='ltr'>τροῦσιν</span> <span class='ocrx_word' id='word_1_385' title='bbox 245 1713 292 1742; x_wconf 75' lang='grc' dir='ltr'><strong>οὖν</strong></span> <span class='ocrx_word' id='word_1_386' title='bbox 307 1713 477 1748; x_wconf 81' lang='grc' dir='ltr'>ἀγνοοῦντες,</span> <span class='ocrx_word' id='word_1_387' title='bbox 489 1715 521 1740; x_wconf 80' lang='grc' dir='ltr'>ἐκ</span> <span class='ocrx_word' id='word_1_388' title='bbox 534 1713 579 1740; x_wconf 78' lang='grc' dir='ltr'>τοῦ</span> <span class='ocrx_word' id='word_1_389' title='bbox 591 1713 757 1748; x_wconf 77' lang='grc' dir='ltr'>πανταχόθεν</span> <span class='ocrx_word' id='word_1_390' title='bbox 771 1712 913 1748; x_wconf 80' lang='grc' dir='ltr'>προσέχειν</span> 
     </span>
    </p>
   </div>
   <div class='ocr_carea' id='block_1_54' title="bbox 123 1759 913 1799">
    <p class='ocr_par' dir='ltr' id='par_1_54' title="bbox 123 1759 913 1799">
     <span class='ocr_line' id='line_1_54' title="bbox 123 1759 913 1799; baseline -0.005 -10"><span class='ocrx_word' id='word_1_391' title='bbox 123 1763 192 1799; x_wconf 78' lang='grc' dir='ltr'><strong>πρὸς</strong></span> <span class='ocrx_word' id='word_1_392' title='bbox 206 1762 236 1788; x_wconf 85' lang='grc' dir='ltr'>τὺ</span> <span class='ocrx_word' id='word_1_393' title='bbox 250 1762 311 1796; x_wconf 74' lang='grc' dir='ltr'>ὅρος</span> <span class='ocrx_word' id='word_1_394' title='bbox 326 1761 355 1786; x_wconf 84' lang='grc' dir='ltr'><strong>ὲν</strong></span> <span class='ocrx_word' id='word_1_395' title='bbox 369 1760 408 1795; x_wconf 83' lang='grc' dir='ltr'><strong>τῷ</strong></span> <span class='ocrx_word' id='word_1_396' title='bbox 422 1760 519 1791; x_wconf 76' lang='grc' dir='ltr'>αὐτοὺς</span> <span class='ocrx_word' id='word_1_397' title='bbox 535 1759 672 1794; x_wconf 76' lang='grc' dir='ltr'>εὔχεσθαι,</span> <span class='ocrx_word' id='word_1_398' title='bbox 685 1759 765 1795; x_wconf 82' lang='grc' dir='ltr'>δῆθεν</span> <span class='ocrx_word' id='word_1_399' title='bbox 780 1760 820 1786; x_wconf 78' lang='grc' dir='ltr'>ὅτι</span> <span class='ocrx_word' id='word_1_400' title='bbox 835 1760 913 1795; x_wconf 84' lang='grc' dir='ltr'>ἡγία-</span> 
     </span>
    </p>
   </div>
   <div class='ocr_carea' id='block_1_55' title="bbox 125 1806 914 1842">
    <p class='ocr_par' dir='ltr' id='par_1_55' title="bbox 125 1806 914 1842">
     <span class='ocr_line' id='line_1_55' title="bbox 125 1806 914 1842; baseline -0.004 -7"><span class='ocrx_word' id='word_1_401' title='bbox 125 1818 196 1835; x_wconf 90' lang='grc' dir='ltr'>σται.</span> <span class='ocrx_word' id='word_1_402' title='bbox 216 1808 356 1834; x_wconf 78' lang='grc' dir='ltr'>’Λδύνατον</span> <span class='ocrx_word' id='word_1_403' title='bbox 371 1807 424 1841; x_wconf 77' lang='grc' dir='ltr'><strong>γὰρ</strong></span> <span class='ocrx_word' id='word_1_404' title='bbox 441 1806 489 1842; x_wconf 82' lang='grc' dir='ltr'><strong>τὴν</strong></span> <span class='ocrx_word' id='word_1_405' title='bbox 503 1806 522 1832; x_wconf 89' lang='grc' dir='ltr'><strong><em>Γ</em></strong></span> <span class='ocrx_word' id='word_1_406' title='bbox 526 1806 613 1842; x_wconf 79' lang='grc' dir='ltr'>ραφὴν</span> <span class='ocrx_word' id='word_1_407' title='bbox 628 1806 780 1841; x_wconf 67' lang='grc' dir='ltr'>ψεύσασθαι</span> <span class='ocrx_word' id='word_1_408' title='bbox 793 1807 914 1841; x_wconf 78' lang='grc' dir='ltr'>φάσκου-</span> 
     </span>
    </p>
   </div>
   <div class='ocr_carea' id='block_1_56' title="bbox 126 1851 914 1887">
    <p class='ocr_par' dir='ltr' id='par_1_56' title="bbox 126 1851 914 1887">
     <span class='ocr_line' id='line_1_56' title="bbox 126 1851 914 1887; baseline -0.003 -6"><span class='ocrx_word' id='word_1_409' title='bbox 126 1862 188 1881; x_wconf 85' lang='grc' dir='ltr'>σαν·</span> <span class='ocrx_word' id='word_1_410' title='bbox 207 1854 351 1887; x_wconf 74' lang='grc' dir='ltr'>Ἕμειναν</span> <span class='ocrx_word' id='word_1_411' title='bbox 366 1851 523 1884; x_wconf 71' lang='grc' dir='ltr'>ποιοῦντες</span> <span class='ocrx_word' id='word_1_412' title='bbox 544 1851 598 1878; x_wconf 87' lang='grc' dir='ltr'><strong>τὸν</strong></span> <span class='ocrx_word' id='word_1_413' title='bbox 622 1852 726 1886; x_wconf 74' lang='grc' dir='ltr'>νόμον,</span> <span class='ocrx_word' id='word_1_414' title='bbox 745 1853 794 1879; x_wconf 76' lang='grc' dir='ltr'>καὶ</span> <span class='ocrx_word' id='word_1_415' title='bbox 819 1861 914 1886; x_wconf 76' lang='grc' dir='ltr'>προσ-</span> 
     </span>
    </p>
   </div>
   <div class='ocr_carea' id='block_1_57' title="bbox 125 1896 915 1933">
    <p class='ocr_par' dir='ltr' id='par_1_57' title="bbox 125 1896 915 1933">
     <span class='ocr_line' id='line_1_57' title="bbox 125 1896 915 1933; baseline -0.001 -6"><span class='ocrx_word' id='word_1_416' title='bbox 125 1899 289 1932; x_wconf 70' lang='grc' dir='ltr'>κυνοῦντες</span> <span class='ocrx_word' id='word_1_417' title='bbox 314 1899 350 1925; x_wconf 79' lang='grc' dir='ltr'>τὰ</span> <span class='ocrx_word' id='word_1_418' title='bbox 374 1896 473 1924; x_wconf 74' lang='grc' dir='ltr'>αὐτῶν</span> <span class='ocrx_word' id='word_1_419' title='bbox 493 1897 601 1923; x_wconf 77' lang='grc' dir='ltr'><strong>εἴδωλα</strong></span> <span class='ocrx_word' id='word_1_420' title='bbox 626 1897 682 1929; x_wconf 79' lang='grc' dir='ltr'><strong>ἕως</strong></span> <span class='ocrx_word' id='word_1_421' title='bbox 705 1897 760 1932; x_wconf 77' lang='grc' dir='ltr'><strong>τῆς</strong></span> <span class='ocrx_word' id='word_1_422' title='bbox 782 1898 915 1933; x_wconf 78' lang='grc' dir='ltr'>σήμερον</span> 
     </span>
    </p>
   </div>
   <div class='ocr_carea' id='block_1_58' title="bbox 123 1943 914 1980">
    <p class='ocr_par' dir='ltr' id='par_1_58' title="bbox 123 1943 914 1980">
     <span class='ocr_line' id='line_1_58' title="bbox 123 1943 914 1980; baseline 0 -8"><span class='ocrx_word' id='word_1_423' title='bbox 123 1946 247 1980; x_wconf 72' lang='grc' dir='ltr'>ἡμέρας,</span> <span class='ocrx_word' id='word_1_424' title='bbox 272 1945 310 1976; x_wconf 84' lang='grc' dir='ltr'>ὡς</span> <span class='ocrx_word' id='word_1_425' title='bbox 333 1943 482 1979; x_wconf 77' lang='grc' dir='ltr'>ἐμφέρεται</span> <span class='ocrx_word' id='word_1_426' title='bbox 505 1944 533 1970; x_wconf 76' lang='grc' dir='ltr'>ἐν</span> <span class='ocrx_word' id='word_1_427' title='bbox 558 1945 592 1979; x_wconf 80' lang='grc' dir='ltr'>τῇ</span> <span class='ocrx_word' id='word_1_428' title='bbox 612 1944 729 1980; x_wconf 82' lang='grc' dir='ltr'>τετάρτῃ</span> <span class='ocrx_word' id='word_1_429' title='bbox 755 1945 808 1971; x_wconf 80' lang='grc' dir='ltr'><strong>τῶν</strong></span> <span class='ocrx_word' id='word_1_430' title='bbox 831 1945 914 1972; x_wconf 82' lang='grc' dir='ltr'>Βασι-</span> 
     </span>
    </p>
   </div>
   <div class='ocr_carea' id='block_1_59' title="bbox 125 1992 214 2019">
    <p class='ocr_par' dir='ltr' id='par_1_59' title="bbox 125 1992 214 2019">
     <span class='ocr_line' id='line_1_59' title="bbox 125 1992 214 2019; baseline -0.011 0"><span class='ocrx_word' id='word_1_431' title='bbox 125 1992 203 2019; x_wconf 88' lang='grc' dir='ltr'>λειῶν</span> <span class='ocrx_word' id='word_1_432' title='bbox 208 2011 214 2019; x_wconf 90' lang='grc'><strong>,</strong></span> 
     </span>
    </p>
   </div>
   <div class='ocr_carea' id='block_1_60' title="bbox 159 2035 916 2072">
    <p class='ocr_par' dir='ltr' id='par_1_60' title="bbox 159 2035 916 2072">
     <span class='ocr_line' id='line_1_60' title="bbox 159 2035 916 2072; baseline -0.003 -8"><span class='ocrx_word' id='word_1_433' title='bbox 159 2038 198 2064; x_wconf 86' lang='grc' dir='ltr'><strong>Γ¹.</strong></span> <span class='ocrx_word' id='word_1_434' title='bbox 219 2037 391 2072; x_wconf 81' lang='grc' dir='ltr'>Ἐλέγχονται</span> <span class='ocrx_word' id='word_1_435' title='bbox 406 2035 435 2061; x_wconf 83' lang='grc' dir='ltr'>δὲ</span> <span class='ocrx_word' id='word_1_436' title='bbox 447 2035 525 2061; x_wconf 77' lang='grc' dir='ltr'>αὐτοὶ</span> <span class='ocrx_word' id='word_1_437' title='bbox 542 2035 712 2071; x_wconf 82' lang='grc' dir='ltr'>πανταχόθεν</span> <span class='ocrx_word' id='word_1_438' title='bbox 729 2036 793 2072; x_wconf 78' lang='grc' dir='ltr'>περὶ</span> <span class='ocrx_word' id='word_1_439' title='bbox 810 2036 916 2070; x_wconf 81' lang='grc' dir='ltr'>νεκρῶν</span> 
     </span>
    </p>
   </div>
   <div class='ocr_carea' id='block_1_61' title="bbox 110 2076 915 2117">
    <p class='ocr_par' dir='ltr' id='par_1_61' title="bbox 110 2076 915 2117">
     <span class='ocr_line' id='line_1_61' title="bbox 110 2076 915 2117; baseline -0.004 -7"><span class='ocrx_word' id='word_1_440' title='bbox 110 2076 316 2114; x_wconf 74' lang='grc' dir='ltr'>’ἀναστάσεως,</span> <span class='ocrx_word' id='word_1_441' title='bbox 329 2081 437 2117; x_wconf 85' lang='grc' dir='ltr'>πρῶτον</span> <span class='ocrx_word' id='word_1_442' title='bbox 460 2081 514 2108; x_wconf 79' lang='grc' dir='ltr'>ἀπὸ</span> <span class='ocrx_word' id='word_1_443' title='bbox 532 2081 579 2108; x_wconf 79' lang='grc' dir='ltr'>τοῦ</span> <span class='ocrx_word' id='word_1_444' title='bbox 601 2081 699 2114; x_wconf 73' lang='grc' dir='ltr'>Ἅϐελ,</span> <span class='ocrx_word' id='word_1_445' title='bbox 727 2081 768 2108; x_wconf 81' lang='grc' dir='ltr'>ὅτι</span> <span class='ocrx_word' id='word_1_446' title='bbox 793 2081 862 2116; x_wconf 79' lang='grc' dir='ltr'>μετὰ</span> <span class='ocrx_word' id='word_1_447' title='bbox 885 2081 915 2107; x_wconf 83' lang='grc' dir='ltr'><strong>τὸ</strong></span> 
     </span>
    </p>
   </div>
   <div class='ocr_carea' id='block_1_62' title="bbox 124 2125 915 2164">
    <p class='ocr_par' dir='ltr' id='par_1_62' title="bbox 124 2125 915 2164">
     <span class='ocr_line' id='line_1_62' title="bbox 124 2125 915 2164; baseline -0.003 -8"><span class='ocrx_word' id='word_1_448' title='bbox 124 2129 270 2157; x_wconf 81' lang='grc' dir='ltr'>ἀποθανεῖν</span> <span class='ocrx_word' id='word_1_449' title='bbox 286 2127 315 2155; x_wconf 81' lang='grc' dir='ltr'>τὸ</span> <span class='ocrx_word' id='word_1_450' title='bbox 325 2125 393 2163; x_wconf 76' lang='grc' dir='ltr'>αἷμα</span> <span class='ocrx_word' id='word_1_451' title='bbox 404 2127 629 2163; x_wconf 77' lang='grc' dir='ltr'>προσδιαλέγεται</span> <span class='ocrx_word' id='word_1_452' title='bbox 639 2127 678 2162; x_wconf 82' lang='grc' dir='ltr'>τῷ</span> <span class='ocrx_word' id='word_1_453' title='bbox 691 2127 823 2164; x_wconf 79' lang='grc' dir='ltr'>Δεσπότῃ.</span> <span class='ocrx_word' id='word_1_454' title='bbox 841 2125 915 2162; x_wconf 78' lang='grc' dir='ltr'>Αἷμα</span> 
     </span>
    </p>
   </div>
   <div class='ocr_carea' id='block_1_63' title="bbox 124 2173 914 2210">
    <p class='ocr_par' dir='ltr' id='par_1_63' title="bbox 124 2173 914 2210">
     <span class='ocr_line' id='line_1_63' title="bbox 124 2173 914 2210; baseline -0.003 -8"><span class='ocrx_word' id='word_1_455' title='bbox 124 2175 200 2202; x_wconf 78' lang='grc' dir='ltr'><strong>δὲ·οὑ</strong></span> <span class='ocrx_word' id='word_1_456' title='bbox 224 2174 297 2210; x_wconf 80' lang='grc' dir='ltr'>ψυχὴ</span> <span class='ocrx_word' id='word_1_457' title='bbox 317 2173 457 2209; x_wconf 83' lang='grc' dir='ltr'>τυγχάνει,</span> <span class='ocrx_word' id='word_1_458' title='bbox 477 2173 536 2200; x_wconf 80' lang='grc' dir='ltr'>ἀλλ’</span> <span class='ocrx_word' id='word_1_459' title='bbox 552 2174 581 2200; x_wconf 84' lang='grc' dir='ltr'>ὲν</span> <span class='ocrx_word' id='word_1_460' title='bbox 606 2173 703 2209; x_wconf 79' lang='grc' dir='ltr'>αἵματι</span> <span class='ocrx_word' id='word_1_461' title='bbox 717 2175 734 2209; x_wconf 81' lang='grc' dir='ltr'>ὴ</span> <span class='ocrx_word' id='word_1_462' title='bbox 751 2174 835 2209; x_wconf 72' lang='grc' dir='ltr'>ψυχή.</span> <span class='ocrx_word' id='word_1_463' title='bbox 859 2174 914 2200; x_wconf 74' lang='grc' dir='ltr'><strong>Καὶ</strong></span> 
     </span>
    </p>
   </div>
   <div class='ocr_carea' id='block_1_64' title="bbox 125 2219 915 2255">
    <p class='ocr_par' dir='ltr' id='par_1_64' title="bbox 125 2219 915 2255">
     <span class='ocr_line' id='line_1_64' title="bbox 125 2219 915 2255; baseline -0.003 -7"><span class='ocrx_word' id='word_1_464' title='bbox 125 2222 176 2248; x_wconf 74' lang='grc' dir='ltr'><strong>οὐκ</strong></span> <span class='ocrx_word' id='word_1_465' title='bbox 191 2219 282 2247; x_wconf 76' lang='grc' dir='ltr'>εἶπεν·</span> <span class='ocrx_word' id='word_1_466' title='bbox 305 2220 337 2247; x_wconf 86' lang='grc' dir='ltr'>Ἡ</span> <span class='ocrx_word' id='word_1_467' title='bbox 358 2220 444 2255; x_wconf 69' lang='grc' dir='ltr'>ψυχὴ</span> <span class='ocrx_word' id='word_1_468' title='bbox 470 2219 532 2254; x_wconf 80' lang='grc' dir='ltr'><strong>βοᾷ</strong></span> <span class='ocrx_word' id='word_1_469' title='bbox 550 2221 625 2254; x_wconf 82' lang='grc' dir='ltr'><strong>πρὸς</strong></span> <span class='ocrx_word' id='word_1_470' title='bbox 642 2219 698 2255; x_wconf 72' lang='grc' dir='ltr'><strong>μέ·</strong></span> <span class='ocrx_word' id='word_1_471' title='bbox 726 2220 848 2252; x_wconf 79' lang='grc' dir='ltr'>δεικνὺς,</span> <span class='ocrx_word' id='word_1_472' title='bbox 873 2220 915 2246; x_wconf 81' lang='grc' dir='ltr'>ὃτι</span> 
     </span>
    </p>
   </div>
   <div class='ocr_carea' id='block_1_65' title="bbox 125 2266 916 2302">
    <p class='ocr_par' dir='ltr' id='par_1_65' title="bbox 125 2266 916 2302">
     <span class='ocr_line' id='line_1_65' title="bbox 125 2266 916 2302; baseline -0.001 -7"><span class='ocrx_word' id='word_1_473' title='bbox 125 2268 200 2295; x_wconf 72' lang='grc' dir='ltr'>ἐστιν</span> <span class='ocrx_word' id='word_1_474' title='bbox 220 2267 296 2298; x_wconf 77' lang='grc' dir='ltr'>ἐλπὶς</span> <span class='ocrx_word' id='word_1_475' title='bbox 318 2267 493 2299; x_wconf 84' lang='grc' dir='ltr'>ἀναστάσεως</span> <span class='ocrx_word' id='word_1_476' title='bbox 516 2266 570 2293; x_wconf 81' lang='grc' dir='ltr'><strong>τῶν</strong></span> <span class='ocrx_word' id='word_1_477' title='bbox 594 2267 737 2302; x_wconf 84' lang='grc' dir='ltr'>σωμάτων.</span> <span class='ocrx_word' id='word_1_478' title='bbox 768 2267 849 2293; x_wconf 81' lang='grc' dir='ltr'>Ἀλλὰ</span> <span class='ocrx_word' id='word_1_479' title='bbox 869 2268 916 2294; x_wconf 74' lang='grc' dir='ltr'><strong>καὶ</strong></span> 
     </span>
    </p>
   </div>
   <div class='ocr_carea' id='block_1_66' title="bbox 132 2313 916 2349">
    <p class='ocr_par' dir='ltr' id='par_1_66' title="bbox 132 2313 916 2349">
     <span class='ocr_line' id='line_1_66' title="bbox 132 2313 916 2349; baseline 0 -10"><span class='ocrx_word' id='word_1_480' title='bbox 132 2313 217 2349; x_wconf 85' lang='grc' dir='ltr'>Ένὼχ</span> <span class='ocrx_word' id='word_1_481' title='bbox 233 2313 363 2349; x_wconf 82' lang='grc' dir='ltr'>μετετέθη</span> <span class='ocrx_word' id='word_1_482' title='bbox 377 2313 423 2340; x_wconf 78' lang='grc' dir='ltr'>τοῦ</span> <span class='ocrx_word' id='word_1_483' title='bbox 440 2313 477 2349; x_wconf 82' lang='grc' dir='ltr'>μὴ</span> <span class='ocrx_word' id='word_1_484' title='bbox 493 2313 556 2340; x_wconf 85' lang='grc' dir='ltr'>ιδεῖν</span> <span class='ocrx_word' id='word_1_485' title='bbox 571 2313 696 2345; x_wconf 83' lang='grc' dir='ltr'>θάνατον,</span> <span class='ocrx_word' id='word_1_486' title='bbox 713 2313 760 2339; x_wconf 69' lang='grc' dir='ltr'>καὶ</span> <span class='ocrx_word' id='word_1_487' title='bbox 774 2313 824 2348; x_wconf 78' lang='grc' dir='ltr'>οὺχ</span> <span class='ocrx_word' id='word_1_488' title='bbox 835 2313 916 2348; x_wconf 78' lang='grc' dir='ltr'><strong>ηὑρί-</strong></span> 
     </span>
    </p>
   </div>
   <div class='ocr_carea' id='block_1_67' title="bbox 127 2358 917 2395">
    <p class='ocr_par' dir='ltr' id='par_1_67' title="bbox 127 2358 917 2395">
     <span class='ocr_line' id='line_1_67' title="bbox 127 2358 917 2395; baseline -0.004 -7"><span class='ocrx_word' id='word_1_489' title='bbox 127 2369 216 2388; x_wconf 82' lang='grc' dir='ltr'>σκετο.</span> <span class='ocrx_word' id='word_1_490' title='bbox 241 2359 321 2387; x_wconf 51' lang='lat' dir='ltr'><strong>ama</strong></span> <span class='ocrx_word' id='word_1_491' title='bbox 334 2359 380 2386; x_wconf 77' lang='grc' dir='ltr'><strong>καὶ</strong></span> <span class='ocrx_word' id='word_1_492' title='bbox 395 2359 489 2395; x_wconf 71' lang='grc' dir='ltr'>Σάρρα</span> <span class='ocrx_word' id='word_1_493' title='bbox 513 2358 583 2394; x_wconf 87' lang='grc' dir='ltr'><strong>μετά</strong></span> <span class='ocrx_word' id='word_1_494' title='bbox 598 2358 629 2385; x_wconf 82' lang='grc' dir='ltr'><strong>τὸ</strong></span> <span class='ocrx_word' id='word_1_495' title='bbox 646 2358 815 2394; x_wconf 85' lang='grc' dir='ltr'>νεκρωθῆναι</span> <span class='ocrx_word' id='word_1_496' title='bbox 831 2359 917 2394; x_wconf 81' lang='grc' dir='ltr'>αὐτῆς</span> 
     </span>
    </p>
   </div>
   <div class='ocr_carea' id='block_1_68' title="bbox 163 2437 910 2473">
    <p class='ocr_par' dir='ltr' id='par_1_68' title="bbox 163 2437 909 2472">
     <span class='ocr_line' id='line_1_68' title="bbox 163 2437 909 2472; baseline 0 -6"><span class='ocrx_word' id='word_1_497' title='bbox 163 2440 172 2456; x_wconf 85' lang='grc'>¹</span> <span class='ocrx_word' id='word_1_498' title='bbox 184 2439 265 2468; x_wconf 85' lang='lat' dir='ltr'><strong>Forte</strong></span> <span class='ocrx_word' id='word_1_499' title='bbox 287 2438 402 2471; x_wconf 80' lang='grc' dir='ltr'>τούτοις.</span> <span class='ocrx_word' id='word_1_500' title='bbox 439 2439 449 2455; x_wconf 85' lang='grc'><strong>¹</strong></span> <span class='ocrx_word' id='word_1_501' title='bbox 463 2438 542 2466; x_wconf 82' lang='lat' dir='ltr'><strong>Deut.</strong></span> <span class='ocrx_word' id='word_1_502' title='bbox 563 2446 602 2472; x_wconf 67' lang='grc' dir='ltr'>ιι,</span> <span class='ocrx_word' id='word_1_503' title='bbox 617 2438 661 2466; x_wconf 65' lang='lat' dir='ltr'><strong>ﬁll.</strong></span> <span class='ocrx_word' id='word_1_504' title='bbox 701 2438 712 2454; x_wconf 85' lang='grc'><strong><em>³</em></strong></span> <span class='ocrx_word' id='word_1_505' title='bbox 726 2437 809 2466; x_wconf 81' lang='lat' dir='ltr'><strong>Josue</strong></span> <span class='ocrx_word' id='word_1_506' title='bbox 820 2446 879 2470; x_wconf 83' lang='lat' dir='ltr'><strong>vnt,</strong></span> <span class='ocrx_word' id='word_1_507' title='bbox 892 2438 909 2466; x_wconf 74' lang='grc' dir='ltr'>ὅ</span> 
     </span>
    </p>
   </div>
   <div class='ocr_carea' id='block_1_69' title="bbox 963 2437 1320 2473">
    <p class='ocr_par' dir='ltr' id='par_1_69' title="bbox 975 2437 1320 2473">
     <span class='ocr_line' id='line_1_69' title="bbox 975 2437 1320 2473; baseline -0.003 -8"><span class='ocrx_word' id='word_1_508' title='bbox 975 2438 985 2454; x_wconf 78' lang='grc'><strong>⁸</strong></span> <span class='ocrx_word' id='word_1_509' title='bbox 998 2437 1031 2465; x_wconf 78' lang='grc' dir='ltr'><strong>ιν</strong></span> <span class='ocrx_word' id='word_1_510' title='bbox 1043 2438 1111 2473; x_wconf 74' lang='lat' dir='ltr'><strong>Reg.</strong></span> <span class='ocrx_word' id='word_1_511' title='bbox 1126 2445 1192 2470; x_wconf 80' lang='lat' dir='ltr'><strong>xvtl,</strong></span> <span class='ocrx_word' id='word_1_512' title='bbox 1209 2437 1253 2471; x_wconf 79' lang='lat'><strong>&#39;55,</strong></span> <span class='ocrx_word' id='word_1_513' title='bbox 1275 2438 1320 2465; x_wconf 69' lang='grc'><strong>54.</strong></span> 
     </span>
    </p>
   </div>
   <div class='ocr_carea' id='block_1_70' title="bbox 127 2517 911 2560">
    <p class='ocr_par' dir='ltr' id='par_1_70' title="bbox 127 2517 911 2560">
     <span class='ocr_line' id='line_1_70' title="bbox 127 2517 911 2560; baseline -0.003 -14"><span class='ocrx_word' id='word_1_514' title='bbox 127 2517 375 2560; x_wconf 48' lang='grc' dir='ltr'>ιιοοιΕιιεεᾹιὶιιδιίη</span> <span class='ocrx_word' id='word_1_515' title='bbox 388 2517 530 2560; x_wconf 52' lang='grc' dir='ltr'><strong>βὴνοηὶςὶε.</strong></span> <span class='ocrx_word' id='word_1_516' title='bbox 540 2517 668 2560; x_wconf 77' lang='lat' dir='ltr'><strong>scripsit;</strong></span> <span class='ocrx_word' id='word_1_517' title='bbox 690 2525 707 2544; x_wconf 86' lang='lat' dir='ltr'><strong>a</strong></span> <span class='ocrx_word' id='word_1_518' title='bbox 723 2525 777 2560; x_wconf 64' lang='lat' dir='ltr'><strong>quo</strong></span> <span class='ocrx_word' id='word_1_519' title='bbox 794 2521 911 2560; x_wconf 60' lang='lat' dir='ltr'><strong>mutua-</strong></span> 
     </span>
    </p>
   </div>
   <div class='ocr_carea' id='block_1_71' title="bbox 129 2552 914 2588">
    <p class='ocr_par' dir='ltr' id='par_1_71' title="bbox 129 2552 914 2588">
     <span class='ocr_line' id='line_1_71' title="bbox 129 2552 914 2588; baseline -0.004 -6"><span class='ocrx_word' id='word_1_520' title='bbox 129 2559 172 2582; x_wconf 83' lang='lat' dir='ltr'><strong>tus</strong></span> <span class='ocrx_word' id='word_1_521' title='bbox 195 2558 237 2581; x_wconf 79' lang='lat' dir='ltr'><strong>est</strong></span> <span class='ocrx_word' id='word_1_522' title='bbox 263 2553 449 2588; x_wconf 86' lang='lat' dir='ltr'><strong>Epiphanius;</strong></span> <span class='ocrx_word' id='word_1_523' title='bbox 475 2553 498 2580; x_wconf 85' lang='lat' dir='ltr'><strong>si</strong></span> <span class='ocrx_word' id='word_1_524' title='bbox 524 2552 582 2580; x_wconf 69' lang='lat' dir='ltr'><strong>bam</strong></span> <span class='ocrx_word' id='word_1_525' title='bbox 606 2557 697 2580; x_wconf 87' lang='lat' dir='ltr'><strong>tamen</strong></span> <span class='ocrx_word' id='word_1_526' title='bbox 722 2552 843 2583; x_wconf 81' lang='lat' dir='ltr'><strong>Eusebii,</strong></span> <span class='ocrx_word' id='word_1_527' title='bbox 858 2560 914 2579; x_wconf 94' lang='lat' dir='ltr'><strong>non</strong></span> 
     </span>
    </p>
   </div>
   <div class='ocr_carea' id='block_1_72' title="bbox 129 2588 914 2625">
    <p class='ocr_par' dir='ltr' id='par_1_72' title="bbox 129 2588 914 2625">
     <span class='ocr_line' id='line_1_72' title="bbox 129 2588 914 2625; baseline -0.004 -8"><span class='ocrx_word' id='word_1_528' title='bbox 129 2589 287 2625; x_wconf 85' lang='lat' dir='ltr'><strong>Hieronymi</strong></span> <span class='ocrx_word' id='word_1_529' title='bbox 303 2595 377 2625; x_wconf 79' lang='lat' dir='ltr'><strong>sunt.</strong></span> <span class='ocrx_word' id='word_1_530' title='bbox 392 2590 438 2625; x_wconf 94' lang='lat' dir='ltr'><strong>qui</strong></span> <span class='ocrx_word' id='word_1_531' title='bbox 463 2588 491 2615; x_wconf 90' lang='lat' dir='ltr'><strong>in</strong></span> <span class='ocrx_word' id='word_1_532' title='bbox 517 2588 671 2625; x_wconf 73' lang='lat' dir='ltr'><strong>istiusmodi</strong></span> <span class='ocrx_word' id='word_1_533' title='bbox 692 2589 799 2625; x_wconf 78' lang='lat' dir='ltr'><strong>origine</strong></span> <span class='ocrx_word' id='word_1_534' title='bbox 813 2589 914 2622; x_wconf 59' lang='lat' dir='ltr'><strong>sapius</strong></span> 
     </span>
    </p>
   </div>
   <div class='ocr_carea' id='block_1_73' title="bbox 129 2623 915 2660">
    <p class='ocr_par' dir='ltr' id='par_1_73' title="bbox 129 2623 915 2660">
     <span class='ocr_line' id='line_1_73' title="bbox 129 2623 915 2660; baseline -0.003 -8"><span class='ocrx_word' id='word_1_535' title='bbox 129 2625 204 2652; x_wconf 83' lang='lat' dir='ltr'><strong>lusit.</strong></span> <span class='ocrx_word' id='word_1_536' title='bbox 221 2623 289 2660; x_wconf 84' lang='lat' dir='ltr'><strong>Huic</strong></span> <span class='ocrx_word' id='word_1_537' title='bbox 301 2623 537 2660; x_wconf 71' lang='lat' dir='ltr'><strong>Epiphaniusnon</strong></span> <span class='ocrx_word' id='word_1_538' title='bbox 554 2623 631 2650; x_wconf 70' lang='lat' dir='ltr'><strong>bella:</strong></span> <span class='ocrx_word' id='word_1_539' title='bbox 645 2623 765 2660; x_wconf 69' lang='lat' dir='ltr'><strong>nominis</strong></span> <span class='ocrx_word' id='word_1_540' title='bbox 779 2623 915 2660; x_wconf 69' lang='lat' dir='ltr'><strong>interpre-</strong></span> 
     </span>
    </p>
   </div>
   <div class='ocr_carea' id='block_1_74' title="bbox 129 2657 914 2692">
    <p class='ocr_par' dir='ltr' id='par_1_74' title="bbox 129 2657 914 2692">
     <span class='ocr_line' id='line_1_74' title="bbox 129 2657 914 2692; baseline 0 -7"><span class='ocrx_word' id='word_1_541' title='bbox 129 2660 237 2692; x_wconf 82' lang='lat' dir='ltr'><strong>talioni,</strong></span> <span class='ocrx_word' id='word_1_542' title='bbox 253 2657 416 2688; x_wconf 63' lang='lat' dir='ltr'><strong>deteriorem</strong></span> <span class='ocrx_word' id='word_1_543' title='bbox 440 2658 540 2692; x_wconf 84' lang='lat' dir='ltr'><strong>adjecit</strong></span> <span class='ocrx_word' id='word_1_544' title='bbox 566 2659 690 2688; x_wconf 83' lang='lat' dir='ltr'><strong>alteram.</strong></span> <span class='ocrx_word' id='word_1_545' title='bbox 707 2657 857 2685; x_wconf 88' lang='lat' dir='ltr'><strong>Samaritas</strong></span> <span class='ocrx_word' id='word_1_546' title='bbox 879 2658 914 2685; x_wconf 89' lang='lat' dir='ltr'><strong>ob</strong></span> 
     </span>
    </p>
   </div>
   <div class='ocr_carea' id='block_1_75' title="bbox 129 2692 783 2730">
    <p class='ocr_par' dir='ltr' id='par_1_75' title="bbox 129 2692 783 2730">
     <span class='ocr_line' id='line_1_75' title="bbox 129 2692 783 2730; baseline -0.005 -8"><span class='ocrx_word' id='word_1_547' title='bbox 129 2695 155 2722; x_wconf 81' lang='lat' dir='ltr'><strong>id</strong></span> <span class='ocrx_word' id='word_1_548' title='bbox 171 2694 322 2729; x_wconf 87' lang='lat' dir='ltr'><strong>appellatos</strong></span> <span class='ocrx_word' id='word_1_549' title='bbox 336 2703 397 2723; x_wconf 84' lang='lat' dir='ltr'><strong>esse</strong></span> <span class='ocrx_word' id='word_1_550' title='bbox 416 2694 489 2730; x_wconf 78' lang='lat' dir='ltr'><strong>quod</strong></span> <span class='ocrx_word' id='word_1_551' title='bbox 503 2694 587 2730; x_wconf 74' lang='lat' dir='ltr'><strong>legem</strong></span> <span class='ocrx_word' id='word_1_552' title='bbox 601 2692 783 2730; x_wconf 72' lang='lat' dir='ltr'><strong>custodirent.</strong></span> 
     </span>
    </p>
   </div>
   <div class='ocr_carea' id='block_1_76' title="bbox 164 2727 916 2765">
    <p class='ocr_par' dir='ltr' id='par_1_76' title="bbox 164 2727 916 2765">
     <span class='ocr_line' id='line_1_76' title="bbox 164 2727 916 2765; baseline -0.003 -9"><span class='ocrx_word' id='word_1_553' title='bbox 164 2727 222 2765; x_wconf 20' lang='lat'><strong>(678‘)</strong></span> <span class='ocrx_word' id='word_1_554' title='bbox 249 2730 297 2756; x_wconf 80' lang='grc' dir='ltr'><strong>Ἑν</strong></span> <span class='ocrx_word' id='word_1_555' title='bbox 308 2730 348 2763; x_wconf 86' lang='grc' dir='ltr'>τῷ</span> <span class='ocrx_word' id='word_1_556' title='bbox 359 2731 418 2765; x_wconf 78' lang='grc' dir='ltr'>ὄρει</span> <span class='ocrx_word' id='word_1_557' title='bbox 426 2727 468 2762; x_wconf 55' lang='grc' dir='ltr'><strong>ἰῷ</strong></span> <span class='ocrx_word' id='word_1_558' title='bbox 478 2728 558 2765; x_wconf 66' lang='grc' dir='ltr'>παρὰ</span> <span class='ocrx_word' id='word_1_559' title='bbox 570 2728 630 2765; x_wconf 71' lang='grc' dir='ltr'>τοῖς</span> <span class='ocrx_word' id='word_1_560' title='bbox 638 2727 783 2765; x_wconf 56' lang='grc' dir='ltr'>Γαρίζειν.</span> <span class='ocrx_word' id='word_1_561' title='bbox 803 2727 841 2765; x_wconf 90' lang='lat' dir='ltr'><strong>_De</strong></span> <span class='ocrx_word' id='word_1_562' title='bbox 851 2728 916 2765; x_wconf 84' lang='lat' dir='ltr'><strong>duo-</strong></span> 
     </span>
    </p>
   </div>
   <div class='ocr_carea' id='block_1_77' title="bbox 130 2763 914 2795">
    <p class='ocr_par' dir='ltr' id='par_1_77' title="bbox 130 2763 914 2795">
     <span class='ocr_line' id='line_1_77' title="bbox 130 2763 914 2795; baseline -0.003 -4"><span class='ocrx_word' id='word_1_563' title='bbox 130 2763 189 2791; x_wconf 82' lang='lat' dir='ltr'><strong>rum</strong></span> <span class='ocrx_word' id='word_1_564' title='bbox 205 2763 339 2792; x_wconf 84' lang='lat' dir='ltr'><strong>montium</strong></span> <span class='ocrx_word' id='word_1_565' title='bbox 357 2763 482 2795; x_wconf 73' lang='lat' dir='ltr'><strong>istorum.</strong></span> <span class='ocrx_word' id='word_1_566' title='bbox 500 2764 623 2794; x_wconf 82' lang='lat' dir='ltr'><strong>Garizin,</strong></span> <span class='ocrx_word' id='word_1_567' title='bbox 638 2768 665 2790; x_wconf 90' lang='lat' dir='ltr'><strong>et</strong></span> <span class='ocrx_word' id='word_1_568' title='bbox 680 2763 774 2792; x_wconf 86' lang='lat' dir='ltr'><strong>llcbal.</strong></span> <span class='ocrx_word' id='word_1_569' title='bbox 790 2763 847 2790; x_wconf 87' lang='lat' dir='ltr'><strong>sive</strong></span> <span class='ocrx_word' id='word_1_570' title='bbox 861 2763 914 2790; x_wconf 83' lang='lat' dir='ltr'><strong>Ge-</strong></span> 
     </span>
    </p>
   </div>
   <div class='ocr_carea' id='block_1_78' title="bbox 130 2798 912 2834">
    <p class='ocr_par' dir='ltr' id='par_1_78' title="bbox 130 2798 912 2834">
     <span class='ocr_line' id='line_1_78' title="bbox 130 2798 912 2834; baseline -0.003 -8"><span class='ocrx_word' id='word_1_571' title='bbox 130 2800 184 2830; x_wconf 82' lang='lat' dir='ltr'><strong>bal.</strong></span> <span class='ocrx_word' id='word_1_572' title='bbox 199 2800 264 2830; x_wconf 86' lang='lat' dir='ltr'><strong>situ,</strong></span> <span class='ocrx_word' id='word_1_573' title='bbox 282 2800 353 2828; x_wconf 86' lang='lat' dir='ltr'><strong>idem</strong></span> <span class='ocrx_word' id='word_1_574' title='bbox 376 2800 460 2828; x_wconf 82' lang='lat' dir='ltr'><strong>sentit</strong></span> <span class='ocrx_word' id='word_1_575' title='bbox 475 2799 652 2834; x_wconf 84' lang='lat' dir='ltr'><strong>Epiphanius,</strong></span> <span class='ocrx_word' id='word_1_576' title='bbox 667 2799 739 2832; x_wconf 90' lang='lat' dir='ltr'><strong>quod</strong></span> <span class='ocrx_word' id='word_1_577' title='bbox 765 2798 912 2834; x_wconf 70' lang='lat' dir='ltr'><strong>Eusebius,</strong></span> 
     </span>
    </p>
   </div>
   <div class='ocr_carea' id='block_1_79' title="bbox 129 2833 912 2868">
    <p class='ocr_par' dir='ltr' id='par_1_79' title="bbox 129 2833 912 2868">
     <span class='ocr_line' id='line_1_79' title="bbox 129 2833 912 2868; baseline -0.001 -6"><span class='ocrx_word' id='word_1_578' title='bbox 129 2835 153 2862; x_wconf 79' lang='lat' dir='ltr'><strong>si</strong></span> <span class='ocrx_word' id='word_1_579' title='bbox 173 2834 196 2862; x_wconf 91' lang='lat' dir='ltr'><strong>is</strong></span> <span class='ocrx_word' id='word_1_580' title='bbox 212 2839 307 2862; x_wconf 86' lang='lat' dir='ltr'><strong>auctor</strong></span> <span class='ocrx_word' id='word_1_581' title='bbox 330 2840 372 2863; x_wconf 87' lang='lat' dir='ltr'><strong>est</strong></span> <span class='ocrx_word' id='word_1_582' title='bbox 395 2836 457 2863; x_wconf 89' lang='lat' dir='ltr'><strong>libri</strong></span> <span class='ocrx_word' id='word_1_583' title='bbox 475 2835 513 2861; x_wconf 87' lang='lat' dir='ltr'><strong>De</strong></span> <span class='ocrx_word' id='word_1_584' title='bbox 529 2833 598 2861; x_wconf 68' lang='lat' dir='ltr'><strong>locis</strong></span> <span class='ocrx_word' id='word_1_585' title='bbox 614 2834 694 2861; x_wconf 77' lang='lat' dir='ltr'><strong>Hebr.</strong></span> <span class='ocrx_word' id='word_1_586' title='bbox 713 2842 793 2868; x_wconf 88' lang='lat' dir='ltr'><strong>quem</strong></span> <span class='ocrx_word' id='word_1_587' title='bbox 815 2833 912 2861; x_wconf 81' lang='lat' dir='ltr'><strong>Latine</strong></span> 
     </span>
    </p>
   </div>
   <div class='ocr_carea' id='block_1_80' title="bbox 129 2868 910 2902">
    <p class='ocr_par' dir='ltr' id='par_1_80' title="bbox 129 2868 910 2902">
     <span class='ocr_line' id='line_1_80' title="bbox 129 2868 910 2902; baseline 0 -6"><span class='ocrx_word' id='word_1_588' title='bbox 129 2869 212 2897; x_wconf 80' lang='lat' dir='ltr'><strong>vertit</strong></span> <span class='ocrx_word' id='word_1_589' title='bbox 229 2868 338 2898; x_wconf 84' lang='lat' dir='ltr'><strong>Hieron.</strong></span> <span class='ocrx_word' id='word_1_590' title='bbox 358 2871 396 2899; x_wconf 90' lang='lat' dir='ltr'><strong>lbi</strong></span> <span class='ocrx_word' id='word_1_591' title='bbox 412 2871 483 2899; x_wconf 89' lang='lat' dir='ltr'><strong>enim</strong></span> <span class='ocrx_word' id='word_1_592' title='bbox 507 2870 540 2898; x_wconf 90' lang='lat' dir='ltr'><strong>ad</strong></span> <span class='ocrx_word' id='word_1_593' title='bbox 561 2869 765 2897; x_wconf 79' lang='lat' dir='ltr'><strong>llicrichuntcm</strong></span> <span class='ocrx_word' id='word_1_594' title='bbox 782 2869 910 2902; x_wconf 78' lang='lat' dir='ltr'><strong>collocat,</strong></span> 
     </span>
    </p>
   </div>
   <div class='ocr_carea' id='block_1_81' title="bbox 961 938 1749 974">
    <p class='ocr_par' dir='ltr' id='par_1_81' title="bbox 961 938 1749 974">
     <span class='ocr_line' id='line_1_81' title="bbox 961 938 1749 974; baseline -0.001 -10"><span class='ocrx_word' id='word_1_595' title='bbox 961 938 1035 965; x_wconf 88' lang='lat' dir='ltr'><strong>tione</strong></span> <span class='ocrx_word' id='word_1_596' title='bbox 1049 946 1134 965; x_wconf 90' lang='lat' dir='ltr'><strong>unum</strong></span> <span class='ocrx_word' id='word_1_597' title='bbox 1154 938 1237 965; x_wconf 88' lang='lat' dir='ltr'><strong>Deum</strong></span> <span class='ocrx_word' id='word_1_598' title='bbox 1254 942 1435 974; x_wconf 79' lang='lat' dir='ltr'><strong>agnoscerent</strong></span> <span class='ocrx_word' id='word_1_599' title='bbox 1453 945 1460 963; x_wconf 88' lang='lat'>:</span> <span class='ocrx_word' id='word_1_600' title='bbox 1477 945 1567 972; x_wconf 85' lang='lat' dir='ltr'><strong>neque</strong></span> <span class='ocrx_word' id='word_1_601' title='bbox 1592 938 1749 964; x_wconf 80' lang='lat' dir='ltr'><strong>accuratius</strong></span> 
     </span>
    </p>
   </div>
   <div class='ocr_carea' id='block_1_82' title="bbox 961 982 1749 1019">
    <p class='ocr_par' dir='ltr' id='par_1_82' title="bbox 961 982 1749 1019">
     <span class='ocr_line' id='line_1_82' title="bbox 961 982 1749 1019; baseline -0.003 -9"><span class='ocrx_word' id='word_1_602' title='bbox 961 984 1111 1019; x_wconf 82' lang='lat' dir='ltr'><strong>quidquam</strong></span> <span class='ocrx_word' id='word_1_603' title='bbox 1128 983 1181 1019; x_wconf 77' lang='lat'><strong>25</strong></span> <span class='ocrx_word' id='word_1_604' title='bbox 1195 984 1342 1019; x_wconf 87' lang='lat' dir='ltr'><strong>exquirere</strong></span> <span class='ocrx_word' id='word_1_605' title='bbox 1369 984 1525 1010; x_wconf 84' lang='lat' dir='ltr'><strong>voluerunt.</strong></span> <span class='ocrx_word' id='word_1_606' title='bbox 1542 982 1625 1009; x_wconf 84' lang='lat' dir='ltr'><strong>Iidem</strong></span> <span class='ocrx_word' id='word_1_607' title='bbox 1642 990 1707 1009; x_wconf 71' lang='lat' dir='ltr'><strong>vero</strong></span> <span class='ocrx_word' id='word_1_608' title='bbox 1722 984 1749 1009; x_wconf 92' lang='lat' dir='ltr'><strong>in</strong></span> 
     </span>
    </p>
   </div>
   <div class='ocr_carea' id='block_1_83' title="bbox 961 1029 1748 1064">
    <p class='ocr_par' dir='ltr' id='par_1_83' title="bbox 961 1029 1748 1064">
     <span class='ocr_line' id='line_1_83' title="bbox 961 1029 1748 1064; baseline -0.003 -8"><span class='ocrx_word' id='word_1_609' title='bbox 961 1037 1083 1056; x_wconf 89' lang='lat' dir='ltr'><strong>errorem</strong></span> <span class='ocrx_word' id='word_1_610' title='bbox 1099 1030 1230 1064; x_wconf 81' lang='lat' dir='ltr'><strong>prolapsi,</strong></span> <span class='ocrx_word' id='word_1_611' title='bbox 1243 1037 1331 1064; x_wconf 87' lang='lat' dir='ltr'><strong>neque</strong></span> <span class='ocrx_word' id='word_1_612' title='bbox 1342 1037 1438 1056; x_wconf 89' lang='lat' dir='ltr'><strong>omnes</strong></span> <span class='ocrx_word' id='word_1_613' title='bbox 1452 1029 1514 1056; x_wconf 79' lang='lat' dir='ltr'><strong>ﬁdei</strong></span> <span class='ocrx_word' id='word_1_614' title='bbox 1530 1033 1630 1056; x_wconf 63' lang='lat' dir='ltr'><strong>nostra:</strong></span> <span class='ocrx_word' id='word_1_615' title='bbox 1645 1033 1748 1063; x_wconf 85' lang='lat' dir='ltr'><strong>partes.</strong></span> 
     </span>
    </p>
   </div>
   <div class='ocr_carea' id='block_1_84' title="bbox 962 1075 1750 1110">
    <p class='ocr_par' dir='ltr' id='par_1_84' title="bbox 962 1075 1750 1110">
     <span class='ocr_line' id='line_1_84' title="bbox 962 1075 1750 1110; baseline -0.003 -8"><span class='ocrx_word' id='word_1_616' title='bbox 962 1079 1009 1102; x_wconf 90' lang='lat' dir='ltr'><strong>aut</strong></span> <span class='ocrx_word' id='word_1_617' title='bbox 1027 1075 1163 1110; x_wconf 79' lang='lat' dir='ltr'><strong>integram</strong></span> <span class='ocrx_word' id='word_1_618' title='bbox 1180 1075 1263 1103; x_wconf 84' lang='lat' dir='ltr'><strong>vitam</strong></span> <span class='ocrx_word' id='word_1_619' title='bbox 1286 1079 1382 1104; x_wconf 87' lang='lat' dir='ltr'><strong>exacte</strong></span> <span class='ocrx_word' id='word_1_620' title='bbox 1404 1075 1550 1110; x_wconf 81' lang='lat' dir='ltr'><strong>complexi,</strong></span> <span class='ocrx_word' id='word_1_621' title='bbox 1577 1079 1750 1101; x_wconf 87' lang='lat' dir='ltr'><strong>mortuorqu</strong></span> 
     </span>
    </p>
   </div>
   <div class='ocr_carea' id='block_1_85' title="bbox 962 1121 1750 1157">
    <p class='ocr_par' dir='ltr' id='par_1_85' title="bbox 962 1121 1750 1157">
     <span class='ocr_line' id='line_1_85' title="bbox 962 1121 1750 1157; baseline -0.004 -9"><span class='ocrx_word' id='word_1_622' title='bbox 962 1121 1193 1148; x_wconf 85' lang='lat' dir='ltr'><strong>resurrectionem</strong></span> <span class='ocrx_word' id='word_1_623' title='bbox 1222 1122 1361 1157; x_wconf 79' lang='lat' dir='ltr'><strong>ignorant,</strong></span> <span class='ocrx_word' id='word_1_624' title='bbox 1387 1129 1438 1148; x_wconf 93' lang='lat' dir='ltr'><strong>nec</strong></span> <span class='ocrx_word' id='word_1_625' title='bbox 1470 1121 1527 1148; x_wconf 84' lang='lat' dir='ltr'><strong>lieri</strong></span> <span class='ocrx_word' id='word_1_626' title='bbox 1545 1129 1626 1156; x_wconf 87' lang='lat' dir='ltr'><strong>posse</strong></span> <span class='ocrx_word' id='word_1_627' title='bbox 1642 1125 1750 1153; x_wconf 85' lang='lat' dir='ltr'><strong>putant.</strong></span> 
     </span>
    </p>
   </div>
   <div class='ocr_carea' id='block_1_86' title="bbox 964 1166 1751 1202">
    <p class='ocr_par' dir='ltr' id='par_1_86' title="bbox 964 1166 1751 1202">
     <span class='ocr_line' id='line_1_86' title="bbox 964 1166 1751 1202; baseline -0.001 -9"><span class='ocrx_word' id='word_1_628' title='bbox 964 1166 1066 1194; x_wconf 87' lang='lat' dir='ltr'><strong>Deinde</strong></span> <span class='ocrx_word' id='word_1_629' title='bbox 1082 1166 1214 1202; x_wconf 90' lang='lat' dir='ltr'><strong>Spiritum</strong></span> <span class='ocrx_word' id='word_1_630' title='bbox 1239 1171 1366 1194; x_wconf 73' lang='lat' dir='ltr'><strong>sanctum</strong></span> <span class='ocrx_word' id='word_1_631' title='bbox 1382 1168 1522 1202; x_wconf 85' lang='lat' dir='ltr'><strong>rejiciunt,</strong></span> <span class='ocrx_word' id='word_1_632' title='bbox 1545 1175 1626 1202; x_wconf 88' lang='lat' dir='ltr'><strong>quem</strong></span> <span class='ocrx_word' id='word_1_633' title='bbox 1657 1167 1751 1201; x_wconf 82' lang='lat' dir='ltr'><strong>utique</strong></span> 
     </span>
    </p>
   </div>
   <div class='ocr_carea' id='block_1_87' title="bbox 964 1213 1751 1249">
    <p class='ocr_par' dir='ltr' id='par_1_87' title="bbox 964 1213 1751 1249">
     <span class='ocr_line' id='line_1_87' title="bbox 964 1213 1751 1249; baseline -0.001 -9"><span class='ocrx_word' id='word_1_634' title='bbox 964 1214 1100 1241; x_wconf 81' lang='lat' dir='ltr'><strong>nesciunt.</strong></span> <span class='ocrx_word' id='word_1_635' title='bbox 1120 1213 1173 1240; x_wconf 87' lang='lat' dir='ltr'><strong>Sed</strong></span> <span class='ocrx_word' id='word_1_636' title='bbox 1192 1214 1260 1240; x_wconf 92' lang='lat' dir='ltr'><strong>illud</strong></span> <span class='ocrx_word' id='word_1_637' title='bbox 1283 1214 1348 1240; x_wconf 85' lang='lat' dir='ltr'><strong>huic</strong></span> <span class='ocrx_word' id='word_1_638' title='bbox 1366 1214 1463 1241; x_wconf 67' lang='lat' dir='ltr'><strong>haeresi</strong></span> <span class='ocrx_word' id='word_1_639' title='bbox 1477 1214 1603 1249; x_wconf 80' lang='lat' dir='ltr'><strong>contigit,</strong></span> <span class='ocrx_word' id='word_1_640' title='bbox 1631 1217 1660 1240; x_wconf 94' lang='lat' dir='ltr'><strong>ut</strong></span> <span class='ocrx_word' id='word_1_641' title='bbox 1686 1213 1751 1240; x_wconf 88' lang='lat' dir='ltr'><strong>dmn</strong></span> 
     </span>
    </p>
   </div>
   <div class='ocr_carea' id='block_1_88' title="bbox 964 1260 1752 1295">
    <p class='ocr_par' dir='ltr' id='par_1_88' title="bbox 964 1260 1752 1295">
     <span class='ocr_line' id='line_1_88' title="bbox 964 1260 1752 1295; baseline 0 -9"><span class='ocrx_word' id='word_1_642' title='bbox 964 1263 1136 1286; x_wconf 89' lang='lat' dir='ltr'><strong>mortuorum</strong></span> <span class='ocrx_word' id='word_1_643' title='bbox 1146 1261 1377 1288; x_wconf 85' lang='lat' dir='ltr'><strong>resurrectionem</strong></span> <span class='ocrx_word' id='word_1_644' title='bbox 1392 1260 1538 1295; x_wconf 84' lang='lat' dir='ltr'><strong>improbat,</strong></span> <span class='ocrx_word' id='word_1_645' title='bbox 1555 1260 1752 1287; x_wconf 68' lang='lat' dir='ltr'><strong>idololatrian:-</strong></span> 
     </span>
    </p>
   </div>
   <div class='ocr_carea' id='block_1_89' title="bbox 964 1306 1752 1341">
    <p class='ocr_par' dir='ltr' id='par_1_89' title="bbox 964 1306 1752 1341">
     <span class='ocr_line' id='line_1_89' title="bbox 964 1306 1752 1341; baseline -0.001 -9"><span class='ocrx_word' id='word_1_646' title='bbox 964 1314 1018 1340; x_wconf 87' lang='lat' dir='ltr'><strong>que</strong></span> <span class='ocrx_word' id='word_1_647' title='bbox 1032 1306 1146 1340; x_wconf 86' lang='lat' dir='ltr'><strong>respuit,</strong></span> <span class='ocrx_word' id='word_1_648' title='bbox 1162 1306 1188 1332; x_wconf 93' lang='lat' dir='ltr'><strong>in</strong></span> <span class='ocrx_word' id='word_1_649' title='bbox 1205 1314 1263 1333; x_wconf 89' lang='lat' dir='ltr'><strong>eam</strong></span> <span class='ocrx_word' id='word_1_650' title='bbox 1279 1306 1438 1338; x_wconf 87' lang='lat' dir='ltr'><strong>imprudens</strong></span> <span class='ocrx_word' id='word_1_651' title='bbox 1455 1306 1584 1334; x_wconf 89' lang='lat' dir='ltr'><strong>inciderit</strong></span> <span class='ocrx_word' id='word_1_652' title='bbox 1598 1315 1605 1332; x_wconf 86' lang='lat'><strong>:</strong></span> <span class='ocrx_word' id='word_1_653' title='bbox 1622 1306 1695 1341; x_wconf 88' lang='lat' dir='ltr'><strong>quod</strong></span> <span class='ocrx_word' id='word_1_654' title='bbox 1707 1313 1752 1332; x_wconf 77' lang='lat' dir='ltr'><strong>na-</strong></span> 
     </span>
    </p>
   </div>
   <div class='ocr_carea' id='block_1_90' title="bbox 965 1352 1752 1387">
    <p class='ocr_par' dir='ltr' id='par_1_90' title="bbox 965 1352 1752 1387">
     <span class='ocr_line' id='line_1_90' title="bbox 965 1352 1752 1387; baseline 0 -8"><span class='ocrx_word' id='word_1_655' title='bbox 965 1352 1071 1379; x_wconf 82' lang='lat' dir='ltr'><strong>tionum</strong></span> <span class='ocrx_word' id='word_1_656' title='bbox 1084 1356 1206 1386; x_wconf 87' lang='lat' dir='ltr'><strong>quatuor</strong></span> <span class='ocrx_word' id='word_1_657' title='bbox 1220 1352 1368 1378; x_wconf 87' lang='lat' dir='ltr'><strong>simulacra</strong></span> <span class='ocrx_word' id='word_1_658' title='bbox 1381 1352 1408 1378; x_wconf 94' lang='lat' dir='ltr'><strong>in</strong></span> <span class='ocrx_word' id='word_1_659' title='bbox 1421 1357 1512 1380; x_wconf 89' lang='lat' dir='ltr'><strong>monte</strong></span> <span class='ocrx_word' id='word_1_660' title='bbox 1525 1353 1644 1387; x_wconf 88' lang='lat' dir='ltr'><strong>quodam</strong></span> <span class='ocrx_word' id='word_1_661' title='bbox 1657 1352 1752 1379; x_wconf 86' lang='lat' dir='ltr'><strong>occul-</strong></span> 
     </span>
    </p>
   </div>
   <div class='ocr_carea' id='block_1_91' title="bbox 965 1396 1752 1432">
    <p class='ocr_par' dir='ltr' id='par_1_91' title="bbox 965 1396 1752 1432">
     <span class='ocr_line' id='line_1_91' title="bbox 965 1396 1752 1432; baseline 0.001 -9"><span class='ocrx_word' id='word_1_662' title='bbox 965 1401 1021 1423; x_wconf 85' lang='lat' dir='ltr'><strong>tata</strong></span> <span class='ocrx_word' id='word_1_663' title='bbox 1030 1403 1105 1428; x_wconf 83' lang='lat' dir='ltr'><strong>sunt,</strong></span> <span class='ocrx_word' id='word_1_664' title='bbox 1118 1397 1165 1432; x_wconf 93' lang='lat' dir='ltr'><strong>qui</strong></span> <span class='ocrx_word' id='word_1_665' title='bbox 1178 1397 1273 1423; x_wconf 79' lang='lat' dir='ltr'><strong>abillis</strong></span> <span class='ocrx_word' id='word_1_666' title='bbox 1286 1396 1397 1424; x_wconf 85' lang='lat' dir='ltr'><strong>Garizin</strong></span> <span class='ocrx_word' id='word_1_667' title='bbox 1410 1397 1601 1424; x_wconf 66' lang='lat' dir='ltr'><strong>fraudulenter</strong></span> <span class='ocrx_word' id='word_1_668' title='bbox 1612 1398 1752 1432; x_wconf 83' lang='lat' dir='ltr'><strong>cognomi-</strong></span> 
     </span>
    </p>
   </div>
   <div class='ocr_carea' id='block_1_92' title="bbox 965 1442 1753 1479">
    <p class='ocr_par' dir='ltr' id='par_1_92' title="bbox 965 1442 1753 1479">
     <span class='ocr_line' id='line_1_92' title="bbox 965 1442 1753 1479; baseline 0 -9"><span class='ocrx_word' id='word_1_669' title='bbox 965 1447 1048 1470; x_wconf 78' lang='lat' dir='ltr'><strong>natus</strong></span> <span class='ocrx_word' id='word_1_670' title='bbox 1067 1448 1118 1471; x_wconf 87' lang='lat' dir='ltr'><strong>est.</strong></span> <span class='ocrx_word' id='word_1_671' title='bbox 1135 1442 1202 1469; x_wconf 85' lang='lat' dir='ltr'><strong>Nam</strong></span> <span class='ocrx_word' id='word_1_672' title='bbox 1224 1444 1247 1470; x_wconf 90' lang='lat' dir='ltr'><strong>si</strong></span> <span class='ocrx_word' id='word_1_673' title='bbox 1262 1444 1324 1478; x_wconf 86' lang='lat' dir='ltr'><strong>quis</strong></span> <span class='ocrx_word' id='word_1_674' title='bbox 1336 1444 1369 1471; x_wconf 91' lang='lat' dir='ltr'><strong>de</strong></span> <span class='ocrx_word' id='word_1_675' title='bbox 1385 1449 1478 1471; x_wconf 91' lang='lat' dir='ltr'><strong>monte</strong></span> <span class='ocrx_word' id='word_1_676' title='bbox 1492 1443 1604 1471; x_wconf 85' lang='lat' dir='ltr'><strong>Garizin</strong></span> <span class='ocrx_word' id='word_1_677' title='bbox 1617 1444 1753 1479; x_wconf 79' lang='lat' dir='ltr'><strong>explorati</strong></span> 
     </span>
    </p>
   </div>
   <div class='ocr_carea' id='block_1_93' title="bbox 966 1487 1753 1522">
    <p class='ocr_par' dir='ltr' id='par_1_93' title="bbox 966 1487 1753 1522">
     <span class='ocr_line' id='line_1_93' title="bbox 966 1487 1753 1522; baseline 0.003 -8"><span class='ocrx_word' id='word_1_678' title='bbox 966 1487 1069 1522; x_wconf 89' lang='lat' dir='ltr'><strong>aliquid</strong></span> <span class='ocrx_word' id='word_1_679' title='bbox 1083 1488 1183 1515; x_wconf 82' lang='lat' dir='ltr'><strong>habere</strong></span> <span class='ocrx_word' id='word_1_680' title='bbox 1199 1488 1274 1520; x_wconf 85' lang='lat' dir='ltr'><strong>velit,</strong></span> <span class='ocrx_word' id='word_1_681' title='bbox 1294 1489 1437 1516; x_wconf 86' lang='lat' dir='ltr'><strong>sciendum</strong></span> <span class='ocrx_word' id='word_1_682' title='bbox 1452 1494 1494 1517; x_wconf 86' lang='lat' dir='ltr'><strong>est</strong></span> <span class='ocrx_word' id='word_1_683' title='bbox 1516 1490 1548 1517; x_wconf 90' lang='lat' dir='ltr'><strong>ad</strong></span> <span class='ocrx_word' id='word_1_684' title='bbox 1565 1489 1753 1517; x_wconf 79' lang='lat' dir='ltr'><strong>Jericlmntcm</strong></span> 
     </span>
    </p>
   </div>
   <div class='ocr_carea' id='block_1_94' title="bbox 967 1534 1753 1568">
    <p class='ocr_par' dir='ltr' id='par_1_94' title="bbox 967 1534 1753 1568">
     <span class='ocr_line' id='line_1_94' title="bbox 967 1534 1753 1568; baseline 0.003 -8"><span class='ocrx_word' id='word_1_685' title='bbox 967 1534 1037 1561; x_wconf 86' lang='lat' dir='ltr'><strong>duos</strong></span> <span class='ocrx_word' id='word_1_686' title='bbox 1059 1542 1120 1561; x_wconf 88' lang='lat' dir='ltr'><strong>csse</strong></span> <span class='ocrx_word' id='word_1_687' title='bbox 1140 1539 1266 1566; x_wconf 85' lang='lat' dir='ltr'><strong>montes,</strong></span> <span class='ocrx_word' id='word_1_688' title='bbox 1285 1535 1395 1562; x_wconf 86' lang='lat' dir='ltr'><strong>Garizin</strong></span> <span class='ocrx_word' id='word_1_689' title='bbox 1412 1543 1444 1562; x_wconf 82' lang='lat' dir='ltr'><strong>ac</strong></span> <span class='ocrx_word' id='word_1_690' title='bbox 1459 1535 1559 1568; x_wconf 86' lang='lat' dir='ltr'><strong>Gebal,</strong></span> <span class='ocrx_word' id='word_1_691' title='bbox 1574 1536 1644 1563; x_wconf 86' lang='lat' dir='ltr'><strong>ultra</strong></span> <span class='ocrx_word' id='word_1_692' title='bbox 1656 1535 1753 1562; x_wconf 83' lang='lat' dir='ltr'><strong>Jorda-</strong></span> 
     </span>
    </p>
   </div>
   <div class='ocr_carea' id='block_1_95' title="bbox 964 1579 1754 1616">
    <p class='ocr_par' dir='ltr' id='par_1_95' title="bbox 964 1579 1754 1616">
     <span class='ocr_line' id='line_1_95' title="bbox 964 1579 1754 1616; baseline 0.001 -10"><span class='ocrx_word' id='word_1_693' title='bbox 964 1587 1037 1611; x_wconf 82' lang='lat' dir='ltr'><strong>nem,</strong></span> <span class='ocrx_word' id='word_1_694' title='bbox 1053 1580 1100 1614; x_wconf 87' lang='lat' dir='ltr'><strong>qui</strong></span> <span class='ocrx_word' id='word_1_695' title='bbox 1118 1579 1306 1608; x_wconf 88' lang='lat' dir='ltr'><strong>Jerichuntem</strong></span> <span class='ocrx_word' id='word_1_696' title='bbox 1331 1581 1365 1607; x_wconf 91' lang='lat' dir='ltr'><strong>ab</strong></span> <span class='ocrx_word' id='word_1_697' title='bbox 1381 1581 1488 1608; x_wconf 88' lang='lat' dir='ltr'><strong>oriente</strong></span> <span class='ocrx_word' id='word_1_698' title='bbox 1503 1580 1667 1616; x_wconf 84' lang='lat' dir='ltr'><strong>respiciunt,</strong></span> <span class='ocrx_word' id='word_1_699' title='bbox 1684 1586 1712 1607; x_wconf 87' lang='grc' dir='ltr'><strong>ιιι</strong></span> <span class='ocrx_word' id='word_1_700' title='bbox 1727 1581 1754 1607; x_wconf 85' lang='lat' dir='ltr'><strong>iu</strong></span> 
     </span>
    </p>
   </div>
   <div class='ocr_carea' id='block_1_96' title="bbox 963 1624 1752 1662">
    <p class='ocr_par' dir='ltr' id='par_1_96' title="bbox 963 1624 1752 1662">
     <span class='ocr_line' id='line_1_96' title="bbox 963 1624 1752 1662; baseline 0.003 -11"><span class='ocrx_word' id='word_1_701' title='bbox 963 1624 1177 1652; x_wconf 86' lang='lat' dir='ltr'><strong>Deuteronomio</strong></span> <span class='ocrx_word' id='word_1_702' title='bbox 1194 1626 1204 1640; x_wconf 89' lang='grc'>¹</span> <span class='ocrx_word' id='word_1_703' title='bbox 1235 1630 1262 1654; x_wconf 90' lang='lat' dir='ltr'><strong>et</strong></span> <span class='ocrx_word' id='word_1_704' title='bbox 1278 1626 1347 1654; x_wconf 88' lang='lat' dir='ltr'><strong>libro</strong></span> <span class='ocrx_word' id='word_1_705' title='bbox 1362 1626 1427 1654; x_wconf 80' lang='lat' dir='ltr'><strong>Jesu</strong></span> <span class='ocrx_word' id='word_1_706' title='bbox 1442 1625 1517 1654; x_wconf 78' lang='lat' dir='ltr'><strong>Nave</strong></span> <span class='ocrx_word' id='word_1_707' title='bbox 1530 1627 1663 1662; x_wconf 83' lang='lat' dir='ltr'><strong>scriptum</strong></span> <span class='ocrx_word' id='word_1_708' title='bbox 1675 1631 1718 1654; x_wconf 88' lang='lat' dir='ltr'><strong>est</strong></span> <span class='ocrx_word' id='word_1_709' title='bbox 1728 1627 1752 1653; x_wconf 82' lang='grc'><strong>³.</strong></span> 
     </span>
    </p>
   </div>
   <div class='ocr_carea' id='block_1_97' title="bbox 964 1671 1754 1707">
    <p class='ocr_par' dir='ltr' id='par_1_97' title="bbox 964 1671 1754 1707">
     <span class='ocr_line' id='line_1_97' title="bbox 964 1671 1754 1707; baseline 0.001 -9"><span class='ocrx_word' id='word_1_710' title='bbox 964 1671 1155 1706; x_wconf 87' lang='lat' dir='ltr'><strong>Imprudentes</strong></span> <span class='ocrx_word' id='word_1_711' title='bbox 1172 1680 1238 1707; x_wconf 69' lang='lat' dir='ltr'><strong>ergo</strong></span> <span class='ocrx_word' id='word_1_712' title='bbox 1253 1673 1401 1700; x_wconf 87' lang='lat' dir='ltr'><strong>simulacra</strong></span> <span class='ocrx_word' id='word_1_713' title='bbox 1413 1678 1590 1706; x_wconf 83' lang='lat' dir='ltr'><strong>venerantur,</strong></span> <span class='ocrx_word' id='word_1_714' title='bbox 1606 1681 1668 1701; x_wconf 92' lang='lat' dir='ltr'><strong>cum</strong></span> <span class='ocrx_word' id='word_1_715' title='bbox 1683 1673 1754 1700; x_wconf 73' lang='lat' dir='ltr'><strong>inter</strong></span> 
     </span>
    </p>
   </div>
   <div class='ocr_carea' id='block_1_98' title="bbox 963 1717 1754 1753">
    <p class='ocr_par' dir='ltr' id='par_1_98' title="bbox 963 1717 1754 1753">
     <span class='ocr_line' id='line_1_98' title="bbox 963 1717 1754 1753; baseline 0.003 -10"><span class='ocrx_word' id='word_1_716' title='bbox 963 1717 1097 1744; x_wconf 84' lang='lat' dir='ltr'><strong>orandum</strong></span> <span class='ocrx_word' id='word_1_717' title='bbox 1124 1719 1244 1753; x_wconf 82' lang='lat' dir='ltr'><strong>undique</strong></span> <span class='ocrx_word' id='word_1_718' title='bbox 1275 1727 1304 1746; x_wconf 80' lang='lat' dir='ltr'><strong>se</strong></span> <span class='ocrx_word' id='word_1_719' title='bbox 1330 1719 1363 1746; x_wconf 92' lang='lat' dir='ltr'><strong>ad</strong></span> <span class='ocrx_word' id='word_1_720' title='bbox 1379 1723 1500 1746; x_wconf 85' lang='lat' dir='ltr'><strong>montem</strong></span> <span class='ocrx_word' id='word_1_721' title='bbox 1530 1720 1605 1747; x_wconf 83' lang='lat' dir='ltr'><strong>velut</strong></span> <span class='ocrx_word' id='word_1_722' title='bbox 1628 1725 1754 1746; x_wconf 85' lang='lat' dir='ltr'><strong>sanctum</strong></span> 
     </span>
    </p>
   </div>
   <div class='ocr_carea' id='block_1_99' title="bbox 963 1762 1754 1799">
    <p class='ocr_par' dir='ltr' id='par_1_99' title="bbox 963 1762 1754 1799">
     <span class='ocr_line' id='line_1_99' title="bbox 963 1762 1754 1799; baseline 0.003 -10"><span class='ocrx_word' id='word_1_723' title='bbox 963 1763 1122 1789; x_wconf 84' lang='lat' dir='ltr'><strong>obvertunt.</strong></span> <span class='ocrx_word' id='word_1_724' title='bbox 1152 1762 1222 1790; x_wconf 85' lang='lat' dir='ltr'><strong>Fieri</strong></span> <span class='ocrx_word' id='word_1_725' title='bbox 1247 1764 1319 1791; x_wconf 90' lang='lat' dir='ltr'><strong>enim</strong></span> <span class='ocrx_word' id='word_1_726' title='bbox 1342 1773 1395 1791; x_wconf 91' lang='lat' dir='ltr'><strong>non</strong></span> <span class='ocrx_word' id='word_1_727' title='bbox 1423 1769 1524 1799; x_wconf 80' lang='lat' dir='ltr'><strong>potest,</strong></span> <span class='ocrx_word' id='word_1_728' title='bbox 1549 1768 1580 1792; x_wconf 88' lang='lat' dir='ltr'><strong>ut</strong></span> <span class='ocrx_word' id='word_1_729' title='bbox 1610 1764 1754 1799; x_wconf 77' lang='lat' dir='ltr'><strong>Scriptura</strong></span> 
     </span>
    </p>
   </div>
   <div class='ocr_carea' id='block_1_100' title="bbox 964 1809 1754 1845">
    <p class='ocr_par' dir='ltr' id='par_1_100' title="bbox 964 1809 1754 1845">
     <span class='ocr_line' id='line_1_100' title="bbox 964 1809 1754 1845; baseline 0.001 -10"><span class='ocrx_word' id='word_1_730' title='bbox 964 1809 1082 1836; x_wconf 78' lang='lat' dir='ltr'><strong>mendax</strong></span> <span class='ocrx_word' id='word_1_731' title='bbox 1101 1809 1147 1840; x_wconf 85' lang='lat' dir='ltr'><strong>sit.</strong></span> <span class='ocrx_word' id='word_1_732' title='bbox 1162 1818 1221 1844; x_wconf 77' lang='lat' dir='ltr'><strong>qua:</strong></span> <span class='ocrx_word' id='word_1_733' title='bbox 1236 1809 1321 1837; x_wconf 88' lang='lat' dir='ltr'><strong>dicit:</strong></span> <span class='ocrx_word' id='word_1_734' title='bbox 1338 1810 1497 1837; x_wconf 72' lang='lat' dir='ltr'><strong>Mensorum</strong></span> <span class='ocrx_word' id='word_1_735' title='bbox 1513 1811 1594 1845; x_wconf 76' lang='lat' dir='ltr'><strong>legem</strong></span> <span class='ocrx_word' id='word_1_736' title='bbox 1610 1816 1754 1841; x_wconf 72' lang='lat' dir='ltr'><strong>servantes,</strong></span> 
     </span>
    </p>
   </div>
   <div class='ocr_carea' id='block_1_101' title="bbox 963 1855 1753 1893">
    <p class='ocr_par' dir='ltr' id='par_1_101' title="bbox 963 1855 1753 1893">
     <span class='ocr_line' id='line_1_101' title="bbox 963 1855 1753 1893; baseline 0.001 -10"><span class='ocrx_word' id='word_1_737' title='bbox 963 1860 989 1883; x_wconf 81' lang='lat' dir='ltr'><strong>et</strong></span> <span class='ocrx_word' id='word_1_738' title='bbox 1020 1855 1162 1883; x_wconf 65' lang='lat' dir='ltr'><strong>adorantes</strong></span> <span class='ocrx_word' id='word_1_739' title='bbox 1187 1857 1333 1882; x_wconf 79' lang='lat' dir='ltr'><strong>simulacra</strong></span> <span class='ocrx_word' id='word_1_740' title='bbox 1366 1865 1437 1888; x_wconf 81' lang='lat' dir='ltr'><strong>sua,</strong></span> <span class='ocrx_word' id='word_1_741' title='bbox 1468 1865 1550 1893; x_wconf 77' lang='lat' dir='ltr'><strong>usque</strong></span> <span class='ocrx_word' id='word_1_742' title='bbox 1580 1857 1613 1884; x_wconf 81' lang='lat' dir='ltr'><strong>ad</strong></span> <span class='ocrx_word' id='word_1_743' title='bbox 1641 1866 1753 1892; x_wconf 82' lang='lat' dir='ltr'><strong>prwsen-</strong></span> 
     </span>
    </p>
   </div>
   <div class='ocr_carea' id='block_1_102' title="bbox 965 1901 1754 1939">
    <p class='ocr_par' dir='ltr' id='par_1_102' title="bbox 965 1901 1754 1939">
     <span class='ocr_line' id='line_1_102' title="bbox 965 1901 1754 1939; baseline 0.003 -11"><span class='ocrx_word' id='word_1_744' title='bbox 965 1907 1016 1928; x_wconf 58' lang='lat' dir='ltr'><strong>tam</strong></span> <span class='ocrx_word' id='word_1_745' title='bbox 1042 1902 1129 1934; x_wconf 84' lang='lat' dir='ltr'><strong>diem,</strong></span> <span class='ocrx_word' id='word_1_746' title='bbox 1156 1907 1185 1929; x_wconf 90' lang='lat' dir='ltr'><strong>ut</strong></span> <span class='ocrx_word' id='word_1_747' title='bbox 1214 1902 1240 1929; x_wconf 87' lang='lat' dir='ltr'><strong>in</strong></span> <span class='ocrx_word' id='word_1_748' title='bbox 1264 1902 1297 1930; x_wconf 79' lang='grc' dir='ltr'><strong>ιν</strong></span> <span class='ocrx_word' id='word_1_749' title='bbox 1325 1901 1480 1933; x_wconf 62' lang='lat' dir='ltr'><strong>Regnorum</strong></span> <span class='ocrx_word' id='word_1_750' title='bbox 1516 1904 1587 1931; x_wconf 89' lang='lat' dir='ltr'><strong>libro</strong></span> <span class='ocrx_word' id='word_1_751' title='bbox 1616 1904 1754 1939; x_wconf 87' lang='lat' dir='ltr'><strong>proditum</strong></span> 
     </span>
    </p>
   </div>
   <div class='ocr_carea' id='block_1_103' title="bbox 969 1949 1048 1976">
    <p class='ocr_par' dir='ltr' id='par_1_103' title="bbox 969 1949 1048 1976">
     <span class='ocr_line' id='line_1_103' title="bbox 969 1949 1048 1976; baseline -0.013 0"><span class='ocrx_word' id='word_1_752' title='bbox 969 1953 1011 1976; x_wconf 79' lang='lat' dir='ltr'><strong>est</strong></span> <span class='ocrx_word' id='word_1_753' title='bbox 1028 1949 1048 1975; x_wconf 77' lang='grc'>⁸.</span> 
     </span>
    </p>
   </div>
   <div class='ocr_carea' id='block_1_104' title="bbox 1000 2037 1755 2070">
    <p class='ocr_par' dir='ltr' id='par_1_104' title="bbox 1000 2037 1755 2070">
     <span class='ocr_line' id='line_1_104' title="bbox 1000 2037 1755 2070; baseline 0.003 -6"><span class='ocrx_word' id='word_1_754' title='bbox 1000 2037 1044 2065; x_wconf 92' lang='lat' dir='ltr'><strong>lll.</strong></span> <span class='ocrx_word' id='word_1_755' title='bbox 1060 2037 1138 2070; x_wconf 86' lang='lat' dir='ltr'><strong>Quod</strong></span> <span class='ocrx_word' id='word_1_756' title='bbox 1153 2046 1218 2066; x_wconf 90' lang='lat' dir='ltr'><strong>vero</strong></span> <span class='ocrx_word' id='word_1_757' title='bbox 1233 2041 1267 2065; x_wconf 88' lang='lat' dir='ltr'><strong>ad</strong></span> <span class='ocrx_word' id='word_1_758' title='bbox 1281 2043 1452 2066; x_wconf 87' lang='lat' dir='ltr'><strong>mortuorum</strong></span> <span class='ocrx_word' id='word_1_759' title='bbox 1464 2039 1695 2067; x_wconf 85' lang='lat' dir='ltr'><strong>resurrectionem</strong></span> <span class='ocrx_word' id='word_1_760' title='bbox 1710 2043 1755 2066; x_wconf 78' lang='lat' dir='ltr'><strong>at-</strong></span> 
     </span>
    </p>
   </div>
   <div class='ocr_carea' id='block_1_105' title="bbox 966 2082 1756 2118">
    <p class='ocr_par' dir='ltr' id='par_1_105' title="bbox 966 2082 1756 2118">
     <span class='ocr_line' id='line_1_105' title="bbox 966 2082 1756 2118; baseline 0.005 -9"><span class='ocrx_word' id='word_1_761' title='bbox 966 2082 1045 2114; x_wconf 83' lang='lat' dir='ltr'><strong>tinet,</strong></span> <span class='ocrx_word' id='word_1_762' title='bbox 1062 2085 1180 2118; x_wconf 89' lang='lat' dir='ltr'><strong>primum</strong></span> <span class='ocrx_word' id='word_1_763' title='bbox 1194 2091 1289 2111; x_wconf 91' lang='lat' dir='ltr'><strong>eorum</strong></span> <span class='ocrx_word' id='word_1_764' title='bbox 1315 2093 1395 2112; x_wconf 87' lang='lat' dir='ltr'><strong>error</strong></span> <span class='ocrx_word' id='word_1_765' title='bbox 1419 2093 1451 2112; x_wconf 73' lang='lat' dir='ltr'><strong>ex</strong></span> <span class='ocrx_word' id='word_1_766' title='bbox 1465 2085 1559 2113; x_wconf 77' lang='lat' dir='ltr'><strong>Abelis</strong></span> <span class='ocrx_word' id='word_1_767' title='bbox 1582 2085 1696 2112; x_wconf 88' lang='lat' dir='ltr'><strong>historia</strong></span> <span class='ocrx_word' id='word_1_768' title='bbox 1713 2093 1756 2113; x_wconf 76' lang='lat' dir='ltr'><strong>re-</strong></span> 
     </span>
    </p>
   </div>
   <div class='ocr_carea' id='block_1_106' title="bbox 966 2128 1755 2166">
    <p class='ocr_par' dir='ltr' id='par_1_106' title="bbox 966 2128 1755 2166">
     <span class='ocr_line' id='line_1_106' title="bbox 966 2128 1755 2166; baseline 0.004 -11"><span class='ocrx_word' id='word_1_769' title='bbox 966 2128 1084 2161; x_wconf 79' lang='lat' dir='ltr'><strong>fellitur;</strong></span> <span class='ocrx_word' id='word_1_770' title='bbox 1100 2129 1180 2164; x_wconf 86' lang='lat' dir='ltr'><strong>cujus</strong></span> <span class='ocrx_word' id='word_1_771' title='bbox 1196 2131 1308 2165; x_wconf 68' lang='lat' dir='ltr'><strong>sanguis</strong></span> <span class='ocrx_word' id='word_1_772' title='bbox 1322 2131 1363 2158; x_wconf 91' lang='lat' dir='ltr'><strong>vel</strong></span> <span class='ocrx_word' id='word_1_773' title='bbox 1390 2136 1450 2166; x_wconf 84' lang='lat' dir='ltr'><strong>post</strong></span> <span class='ocrx_word' id='word_1_774' title='bbox 1467 2132 1571 2158; x_wconf 89' lang='lat' dir='ltr'><strong>obitum</strong></span> <span class='ocrx_word' id='word_1_775' title='bbox 1588 2139 1650 2158; x_wconf 89' lang='lat' dir='ltr'><strong>cum</strong></span> <span class='ocrx_word' id='word_1_776' title='bbox 1665 2131 1755 2158; x_wconf 86' lang='lat' dir='ltr'><strong>Donu-</strong></span> 
     </span>
    </p>
   </div>
   <div class='ocr_carea' id='block_1_107' title="bbox 966 2175 1755 2212">
    <p class='ocr_par' dir='ltr' id='par_1_107' title="bbox 966 2175 1755 2212">
     <span class='ocr_line' id='line_1_107' title="bbox 966 2175 1755 2212; baseline 0.003 -10"><span class='ocrx_word' id='word_1_777' title='bbox 966 2183 1002 2202; x_wconf 93' lang='lat' dir='ltr'><strong>no</strong></span> <span class='ocrx_word' id='word_1_778' title='bbox 1017 2176 1170 2203; x_wconf 87' lang='lat' dir='ltr'><strong>collocutus</strong></span> <span class='ocrx_word' id='word_1_779' title='bbox 1186 2181 1228 2203; x_wconf 88' lang='lat' dir='ltr'><strong>est</strong></span> <span class='ocrx_word' id='word_1_780' title='bbox 1246 2176 1267 2202; x_wconf 81' lang='grc'><strong>⁵.</strong></span> <span class='ocrx_word' id='word_1_781' title='bbox 1282 2175 1365 2210; x_wconf 79' lang='lat' dir='ltr'><strong>Atqui</strong></span> <span class='ocrx_word' id='word_1_782' title='bbox 1382 2177 1495 2212; x_wconf 79' lang='lat' dir='ltr'><strong>sanguis</strong></span> <span class='ocrx_word' id='word_1_783' title='bbox 1520 2177 1610 2204; x_wconf 88' lang='lat' dir='ltr'><strong>anima</strong></span> <span class='ocrx_word' id='word_1_784' title='bbox 1625 2185 1678 2204; x_wconf 91' lang='lat' dir='ltr'><strong>non</strong></span> <span class='ocrx_word' id='word_1_785' title='bbox 1701 2183 1755 2210; x_wconf 85' lang='lat' dir='ltr'><strong>est,</strong></span> 
     </span>
    </p>
   </div>
   <div class='ocr_carea' id='block_1_108' title="bbox 967 2221 1756 2258">
    <p class='ocr_par' dir='ltr' id='par_1_108' title="bbox 967 2221 1756 2258">
     <span class='ocr_line' id='line_1_108' title="bbox 967 2221 1756 2258; baseline 0 -9"><span class='ocrx_word' id='word_1_786' title='bbox 967 2221 1015 2249; x_wconf 88' lang='lat' dir='ltr'><strong>sed</strong></span> <span class='ocrx_word' id='word_1_787' title='bbox 1029 2222 1101 2248; x_wconf 87' lang='lat' dir='ltr'><strong>inest</strong></span> <span class='ocrx_word' id='word_1_788' title='bbox 1117 2229 1148 2248; x_wconf 90' lang='lat' dir='ltr'><strong>ea</strong></span> <span class='ocrx_word' id='word_1_789' title='bbox 1167 2221 1193 2248; x_wconf 93' lang='lat' dir='ltr'><strong>in</strong></span> <span class='ocrx_word' id='word_1_790' title='bbox 1221 2222 1364 2256; x_wconf 83' lang='lat' dir='ltr'><strong>sanguine.</strong></span> <span class='ocrx_word' id='word_1_791' title='bbox 1382 2223 1475 2258; x_wconf 81' lang='lat' dir='ltr'><strong>Neque</strong></span> <span class='ocrx_word' id='word_1_792' title='bbox 1492 2230 1557 2250; x_wconf 90' lang='lat' dir='ltr'><strong>vero</strong></span> <span class='ocrx_word' id='word_1_793' title='bbox 1581 2223 1650 2250; x_wconf 79' lang='lat' dir='ltr'><strong>dixit</strong></span> <span class='ocrx_word' id='word_1_794' title='bbox 1665 2230 1670 2248; x_wconf 91' lang='lat'>:</span> <span class='ocrx_word' id='word_1_795' title='bbox 1688 2224 1756 2249; x_wconf 71' lang='lat' dir='ltr'><strong>Ani-</strong></span> 
     </span>
    </p>
   </div>
   <div class='ocr_carea' id='block_1_109' title="bbox 970 2268 1755 2303">
    <p class='ocr_par' dir='ltr' id='par_1_109' title="bbox 970 2268 1755 2303">
     <span class='ocr_line' id='line_1_109' title="bbox 970 2268 1755 2303; baseline 0.001 -9"><span class='ocrx_word' id='word_1_796' title='bbox 970 2276 1015 2295; x_wconf 89' lang='lat' dir='ltr'><strong>ma</strong></span> <span class='ocrx_word' id='word_1_797' title='bbox 1028 2268 1100 2294; x_wconf 80' lang='lat' dir='ltr'><strong>illius</strong></span> <span class='ocrx_word' id='word_1_798' title='bbox 1120 2268 1218 2294; x_wconf 84' lang='lat' dir='ltr'><strong>clamat</strong></span> <span class='ocrx_word' id='word_1_799' title='bbox 1242 2269 1276 2294; x_wconf 83' lang='lat' dir='ltr'><strong>ad</strong></span> <span class='ocrx_word' id='word_1_800' title='bbox 1290 2276 1330 2295; x_wconf 89' lang='lat' dir='ltr'><strong>me</strong></span> <span class='ocrx_word' id='word_1_801' title='bbox 1353 2277 1362 2296; x_wconf 86' lang='lat'><strong><em>:</em></strong></span> <span class='ocrx_word' id='word_1_802' title='bbox 1381 2273 1410 2295; x_wconf 86' lang='grc' dir='ltr'><strong>ιιι</strong></span> <span class='ocrx_word' id='word_1_803' title='bbox 1425 2276 1500 2303; x_wconf 88' lang='lat' dir='ltr'><strong>spem</strong></span> <span class='ocrx_word' id='word_1_804' title='bbox 1526 2277 1589 2296; x_wconf 90' lang='lat' dir='ltr'><strong>esse</strong></span> <span class='ocrx_word' id='word_1_805' title='bbox 1610 2276 1755 2303; x_wconf 88' lang='lat' dir='ltr'><strong>corporum</strong></span> 
     </span>
    </p>
   </div>
   <div class='ocr_carea' id='block_1_110' title="bbox 969 2311 1756 2349">
    <p class='ocr_par' dir='ltr' id='par_1_110' title="bbox 969 2311 1756 2349">
     <span class='ocr_line' id='line_1_110' title="bbox 969 2311 1756 2349; baseline 0 -8"><span class='ocrx_word' id='word_1_806' title='bbox 969 2313 1182 2341; x_wconf 88' lang='lat' dir='ltr'><strong>resurrectionis</strong></span> <span class='ocrx_word' id='word_1_807' title='bbox 1207 2314 1376 2341; x_wconf 86' lang='lat' dir='ltr'><strong>ostenderet.</strong></span> <span class='ocrx_word' id='word_1_808' title='bbox 1397 2314 1474 2341; x_wconf 88' lang='lat' dir='ltr'><strong>Adde</strong></span> <span class='ocrx_word' id='word_1_809' title='bbox 1488 2311 1568 2349; x_wconf 76' lang='lat' dir='ltr'><strong>&#39;quod</strong></span> <span class='ocrx_word' id='word_1_810' title='bbox 1597 2313 1692 2341; x_wconf 87' lang='lat' dir='ltr'><strong>Enoch</strong></span> <span class='ocrx_word' id='word_1_811' title='bbox 1722 2323 1756 2341; x_wconf 88' lang='lat' dir='ltr'><strong>ne</strong></span> 
     </span>
    </p>
   </div>
   <div class='ocr_carea' id='block_1_111' title="bbox 970 2359 1757 2396">
    <p class='ocr_par' dir='ltr' id='par_1_111' title="bbox 970 2359 1757 2396">
     <span class='ocr_line' id='line_1_111' title="bbox 970 2359 1757 2396; baseline 0 -10"><span class='ocrx_word' id='word_1_812' title='bbox 970 2363 1086 2387; x_wconf 87' lang='lat' dir='ltr'><strong>mortem</strong></span> <span class='ocrx_word' id='word_1_813' title='bbox 1107 2359 1195 2387; x_wconf 78' lang='lat' dir='ltr'><strong>obiret</strong></span> <span class='ocrx_word' id='word_1_814' title='bbox 1212 2360 1365 2387; x_wconf 85' lang='lat' dir='ltr'><strong>translatus</strong></span> <span class='ocrx_word' id='word_1_815' title='bbox 1380 2364 1433 2393; x_wconf 85' lang='lat' dir='ltr'><strong>est,</strong></span> <span class='ocrx_word' id='word_1_816' title='bbox 1456 2367 1508 2387; x_wconf 89' lang='lat' dir='ltr'><strong>nec</strong></span> <span class='ocrx_word' id='word_1_817' title='bbox 1522 2365 1616 2396; x_wconf 87' lang='lat' dir='ltr'><strong>postea</strong></span> <span class='ocrx_word' id='word_1_818' title='bbox 1632 2365 1757 2395; x_wconf 89' lang='lat' dir='ltr'><strong>repertus</strong></span> 
     </span>
    </p>
   </div>
   <div class='ocr_carea' id='block_1_112' title="bbox 1360 2438 1562 2472">
    <p class='ocr_par' dir='ltr' id='par_1_112' title="bbox 1360 2438 1562 2472">
     <span class='ocr_line' id='line_1_112' title="bbox 1360 2438 1562 2472; baseline 0 -6"><span class='ocrx_word' id='word_1_819' title='bbox 1360 2439 1371 2454; x_wconf 86' lang='grc'><strong><em>⁵</em></strong></span> <span class='ocrx_word' id='word_1_820' title='bbox 1389 2438 1458 2466; x_wconf 80' lang='lat' dir='ltr'><strong>Gen.</strong></span> <span class='ocrx_word' id='word_1_821' title='bbox 1477 2447 1512 2472; x_wconf 87' lang='lat' dir='ltr'><strong>IV,</strong></span> <span class='ocrx_word' id='word_1_822' title='bbox 1529 2439 1562 2466; x_wconf 80' lang='grc'><strong>10</strong></span> 
     </span>
    </p>
   </div>
   <div class='ocr_carea' id='block_1_113' title="bbox 965 2515 1756 2553">
    <p class='ocr_par' dir='ltr' id='par_1_113' title="bbox 965 2515 1756 2553">
     <span class='ocr_line' id='line_1_113' title="bbox 965 2515 1756 2553; baseline 0.003 -9"><span class='ocrx_word' id='word_1_823' title='bbox 965 2521 992 2553; x_wconf 79' lang='lat' dir='ltr'><strong>et</strong></span> <span class='ocrx_word' id='word_1_824' title='bbox 1007 2517 1196 2545; x_wconf 79' lang='lat' dir='ltr'><strong>Samaritanos</strong></span> <span class='ocrx_word' id='word_1_825' title='bbox 1211 2518 1347 2545; x_wconf 86' lang='lat' dir='ltr'><strong>mendacii</strong></span> <span class='ocrx_word' id='word_1_826' title='bbox 1361 2519 1451 2553; x_wconf 77' lang='lat' dir='ltr'><strong>arguit</strong></span> <span class='ocrx_word' id='word_1_827' title='bbox 1463 2515 1473 2551; x_wconf 69' lang='grc' dir='ltr'><strong><em>ξ</em></strong></span> <span class='ocrx_word' id='word_1_828' title='bbox 1485 2519 1531 2553; x_wconf 86' lang='lat' dir='ltr'><strong>qui</strong></span> <span class='ocrx_word' id='word_1_829' title='bbox 1546 2518 1657 2546; x_wconf 86' lang='lat' dir='ltr'><strong>eosdem</strong></span> <span class='ocrx_word' id='word_1_830' title='bbox 1672 2526 1756 2553; x_wconf 79' lang='lat' dir='ltr'><strong>prope</strong></span> 
     </span>
    </p>
   </div>
   <div class='ocr_carea' id='block_1_114' title="bbox 966 2552 1756 2588">
    <p class='ocr_par' dir='ltr' id='par_1_114' title="bbox 966 2552 1756 2588">
     <span class='ocr_line' id='line_1_114' title="bbox 966 2552 1756 2588; baseline 0.003 -9"><span class='ocrx_word' id='word_1_831' title='bbox 966 2552 1088 2584; x_wconf 81' lang='lat' dir='ltr'><strong>Siehem.</strong></span> <span class='ocrx_word' id='word_1_832' title='bbox 1104 2555 1161 2581; x_wconf 84' lang='lat' dir='ltr'><strong>sive</strong></span> <span class='ocrx_word' id='word_1_833' title='bbox 1175 2554 1326 2580; x_wconf 84' lang='lat' dir='ltr'><strong>Samariam</strong></span> <span class='ocrx_word' id='word_1_834' title='bbox 1342 2552 1558 2581; x_wconf 75' lang='lat' dir='ltr'><strong>constituebant.</strong></span> <span class='ocrx_word' id='word_1_835' title='bbox 1572 2553 1606 2580; x_wconf 85' lang='lat' dir='ltr'><strong>At</strong></span> <span class='ocrx_word' id='word_1_836' title='bbox 1619 2552 1756 2588; x_wconf 81' lang='lat' dir='ltr'><strong>Joséphus</strong></span> 
     </span>
    </p>
   </div>
   <div class='ocr_carea' id='block_1_115' title="bbox 965 2588 1754 2624">
    <p class='ocr_par' dir='ltr' id='par_1_115' title="bbox 965 2588 1754 2624">
     <span class='ocr_line' id='line_1_115' title="bbox 965 2588 1754 2624; baseline 0.003 -10"><span class='ocrx_word' id='word_1_837' title='bbox 965 2588 1012 2616; x_wconf 90' lang='lat' dir='ltr'><strong>lib.</strong></span> <span class='ocrx_word' id='word_1_838' title='bbox 1030 2596 1066 2619; x_wconf 81' lang='lat' dir='ltr'><strong>Iv.</strong></span> <span class='ocrx_word' id='word_1_839' title='bbox 1081 2596 1107 2616; x_wconf 91' lang='lat' dir='ltr'><strong>c.</strong></span> <span class='ocrx_word' id='word_1_840' title='bbox 1122 2589 1148 2620; x_wconf 87' lang='lat'><strong>8,</strong></span> <span class='ocrx_word' id='word_1_841' title='bbox 1166 2589 1402 2616; x_wconf 82' lang='lat' dir='ltr'><strong>Samaritanorum</strong></span> <span class='ocrx_word' id='word_1_842' title='bbox 1424 2589 1548 2624; x_wconf 84' lang='lat' dir='ltr'><strong>opinioni</strong></span> <span class='ocrx_word' id='word_1_843' title='bbox 1563 2589 1728 2623; x_wconf 70' lang='lat' dir='ltr'><strong>suffragatur</strong></span> <span class='ocrx_word' id='word_1_844' title='bbox 1747 2600 1754 2616; x_wconf 92' lang='lat'><strong>:</strong></span> 
     </span>
    </p>
   </div>
   <div class='ocr_carea' id='block_1_116' title="bbox 965 2624 1754 2659">
    <p class='ocr_par' dir='ltr' id='par_1_116' title="bbox 965 2624 1754 2659">
     <span class='ocr_line' id='line_1_116' title="bbox 965 2624 1754 2659; baseline -0.001 -8"><span class='ocrx_word' id='word_1_845' title='bbox 965 2631 1072 2651; x_wconf 84' lang='lat' dir='ltr'><strong>necnon</strong></span> <span class='ocrx_word' id='word_1_846' title='bbox 1088 2629 1115 2651; x_wconf 86' lang='lat' dir='ltr'><strong>et</strong></span> <span class='ocrx_word' id='word_1_847' title='bbox 1131 2624 1178 2651; x_wconf 89' lang='lat' dir='ltr'><strong>lib.</strong></span> <span class='ocrx_word' id='word_1_848' title='bbox 1196 2631 1233 2656; x_wconf 73' lang='grc' dir='ltr'>ιιι,</span> <span class='ocrx_word' id='word_1_849' title='bbox 1246 2632 1307 2659; x_wconf 83' lang='lat' dir='ltr'><strong>cap.</strong></span> <span class='ocrx_word' id='word_1_850' title='bbox 1323 2625 1349 2651; x_wconf 87' lang='lat'><strong>8.</strong></span> <span class='ocrx_word' id='word_1_851' title='bbox 1366 2625 1412 2651; x_wconf 91' lang='lat' dir='ltr'><strong>ubi</strong></span> <span class='ocrx_word' id='word_1_852' title='bbox 1425 2624 1459 2652; x_wconf 89' lang='lat' dir='ltr'><strong>de</strong></span> <span class='ocrx_word' id='word_1_853' title='bbox 1473 2625 1584 2659; x_wconf 88' lang='lat' dir='ltr'><strong>templo,</strong></span> <span class='ocrx_word' id='word_1_854' title='bbox 1601 2625 1673 2658; x_wconf 88' lang='lat' dir='ltr'><strong>quod</strong></span> <span class='ocrx_word' id='word_1_855' title='bbox 1691 2625 1754 2651; x_wconf 81' lang='lat' dir='ltr'><strong>Ale-</strong></span> 
     </span>
    </p>
   </div>
   <div class='ocr_carea' id='block_1_117' title="bbox 965 2659 1756 2694">
    <p class='ocr_par' dir='ltr' id='par_1_117' title="bbox 965 2659 1756 2694">
     <span class='ocr_line' id='line_1_117' title="bbox 965 2659 1756 2694; baseline 0 -9"><span class='ocrx_word' id='word_1_856' title='bbox 965 2659 1064 2685; x_wconf 79' lang='lat' dir='ltr'><strong>xandri</strong></span> <span class='ocrx_word' id='word_1_857' title='bbox 1081 2659 1170 2694; x_wconf 82' lang='lat' dir='ltr'><strong>Magni</strong></span> <span class='ocrx_word' id='word_1_858' title='bbox 1187 2663 1309 2693; x_wconf 88' lang='lat' dir='ltr'><strong>tempore</strong></span> <span class='ocrx_word' id='word_1_859' title='bbox 1323 2669 1336 2686; x_wconf 91' lang='lat' dir='ltr'><strong>a</strong></span> <span class='ocrx_word' id='word_1_860' title='bbox 1352 2659 1534 2686; x_wconf 86' lang='lat' dir='ltr'><strong>Salnaritanis</strong></span> <span class='ocrx_word' id='word_1_861' title='bbox 1544 2660 1570 2686; x_wconf 88' lang='lat' dir='ltr'><strong>in</strong></span> <span class='ocrx_word' id='word_1_862' title='bbox 1584 2659 1694 2686; x_wconf 83' lang='lat' dir='ltr'><strong>Garizin</strong></span> <span class='ocrx_word' id='word_1_863' title='bbox 1707 2668 1756 2686; x_wconf 77' lang='lat' dir='ltr'><strong>ex-</strong></span> 
     </span>
    </p>
   </div>
   <div class='ocr_carea' id='block_1_118' title="bbox 966 2694 1754 2729">
    <p class='ocr_par' dir='ltr' id='par_1_118' title="bbox 966 2694 1754 2729">
     <span class='ocr_line' id='line_1_118' title="bbox 966 2694 1754 2729; baseline 0.001 -8"><span class='ocrx_word' id='word_1_864' title='bbox 966 2698 1101 2721; x_wconf 87' lang='lat' dir='ltr'><strong>structum</strong></span> <span class='ocrx_word' id='word_1_865' title='bbox 1123 2700 1174 2727; x_wconf 83' lang='lat' dir='ltr'><strong>est,</strong></span> <span class='ocrx_word' id='word_1_866' title='bbox 1187 2694 1329 2721; x_wconf 86' lang='lat' dir='ltr'><strong>historiam</strong></span> <span class='ocrx_word' id='word_1_867' title='bbox 1346 2695 1464 2729; x_wconf 83' lang='lat' dir='ltr'><strong>explicat</strong></span> <span class='ocrx_word' id='word_1_868' title='bbox 1478 2703 1484 2720; x_wconf 94' lang='lat'><em>:</em></span> <span class='ocrx_word' id='word_1_869' title='bbox 1497 2702 1578 2729; x_wconf 91' lang='lat' dir='ltr'><strong>quam</strong></span> <span class='ocrx_word' id='word_1_870' title='bbox 1589 2699 1617 2721; x_wconf 92' lang='lat' dir='ltr'><strong>tu</strong></span> <span class='ocrx_word' id='word_1_871' title='bbox 1631 2697 1754 2722; x_wconf 75' lang='lat' dir='ltr'><strong>Consule.</strong></span> 
     </span>
    </p>
   </div>
   <div class='ocr_carea' id='block_1_119' title="bbox 969 2728 1754 2757">
    <p class='ocr_par' dir='ltr' id='par_1_119' title="bbox 969 2728 1754 2757">
     <span class='ocr_line' id='line_1_119' title="bbox 969 2728 1754 2757; baseline -0.001 -1"><span class='ocrx_word' id='word_1_872' title='bbox 969 2728 1023 2756; x_wconf 85' lang='lat' dir='ltr'><strong>Sed</strong></span> <span class='ocrx_word' id='word_1_873' title='bbox 1046 2730 1168 2756; x_wconf 89' lang='lat' dir='ltr'><strong>omnium</strong></span> <span class='ocrx_word' id='word_1_874' title='bbox 1195 2728 1400 2757; x_wconf 75' lang='lat' dir='ltr'><strong>accuratissime</strong></span> <span class='ocrx_word' id='word_1_875' title='bbox 1427 2729 1460 2757; x_wconf 88' lang='lat' dir='ltr'><strong>de</strong></span> <span class='ocrx_word' id='word_1_876' title='bbox 1475 2728 1584 2756; x_wconf 78' lang='lat' dir='ltr'><strong>Garizin</strong></span> <span class='ocrx_word' id='word_1_877' title='bbox 1600 2734 1627 2756; x_wconf 92' lang='lat' dir='ltr'><strong>et</strong></span> <span class='ocrx_word' id='word_1_878' title='bbox 1644 2729 1754 2756; x_wconf 76' lang='lat' dir='ltr'><strong>chalis</strong></span> 
     </span>
    </p>
   </div>
   <div class='ocr_carea' id='block_1_120' title="bbox 967 2764 1755 2799">
    <p class='ocr_par' dir='ltr' id='par_1_120' title="bbox 967 2764 1755 2799">
     <span class='ocr_line' id='line_1_120' title="bbox 967 2764 1755 2799; baseline -0.001 -8"><span class='ocrx_word' id='word_1_879' title='bbox 967 2765 1022 2792; x_wconf 89' lang='lat' dir='ltr'><strong>situ</strong></span> <span class='ocrx_word' id='word_1_880' title='bbox 1039 2765 1151 2792; x_wconf 77' lang='lat' dir='ltr'><strong>disserit</strong></span> <span class='ocrx_word' id='word_1_881' title='bbox 1166 2765 1370 2792; x_wconf 86' lang='lat' dir='ltr'><strong>eruditissimus</strong></span> <span class='ocrx_word' id='word_1_882' title='bbox 1388 2764 1490 2792; x_wconf 83' lang='lat' dir='ltr'><strong>Masius</strong></span> <span class='ocrx_word' id='word_1_883' title='bbox 1510 2765 1543 2791; x_wconf 88' lang='lat' dir='ltr'><strong>ad</strong></span> <span class='ocrx_word' id='word_1_884' title='bbox 1560 2773 1620 2799; x_wconf 88' lang='lat' dir='ltr'><strong>cap.</strong></span> <span class='ocrx_word' id='word_1_885' title='bbox 1637 2771 1685 2791; x_wconf 82' lang='lat' dir='ltr'><strong>vui</strong></span> <span class='ocrx_word' id='word_1_886' title='bbox 1708 2764 1755 2791; x_wconf 81' lang='lat' dir='ltr'><strong>Jo-</strong></span> 
     </span>
    </p>
   </div>
   <div class='ocr_carea' id='block_1_121' title="bbox 967 2799 1753 2835">
    <p class='ocr_par' dir='ltr' id='par_1_121' title="bbox 967 2799 1753 2835">
     <span class='ocr_line' id='line_1_121' title="bbox 967 2799 1753 2835; baseline 0.001 -8"><span class='ocrx_word' id='word_1_887' title='bbox 967 2807 1027 2831; x_wconf 87' lang='lat' dir='ltr'><strong>sue,</strong></span> <span class='ocrx_word' id='word_1_888' title='bbox 1039 2805 1066 2827; x_wconf 89' lang='lat' dir='ltr'><strong>et</strong></span> <span class='ocrx_word' id='word_1_889' title='bbox 1091 2800 1222 2827; x_wconf 87' lang='lat' dir='ltr'><strong>adversus</strong></span> <span class='ocrx_word' id='word_1_890' title='bbox 1240 2799 1418 2827; x_wconf 81' lang='lat' dir='ltr'><strong>Mercatorem</strong></span> <span class='ocrx_word' id='word_1_891' title='bbox 1441 2799 1753 2835; x_wconf 63' lang='lat' dir='ltr'><strong>Samarimpropinquos</strong></span> 
     </span>
    </p>
   </div>
   <div class='ocr_carea' id='block_1_122' title="bbox 967 2834 1671 2871">
    <p class='ocr_par' dir='ltr' id='par_1_122' title="bbox 967 2834 1671 2871">
     <span class='ocr_line' id='line_1_122' title="bbox 967 2834 1671 2871; baseline 0 -9"><span class='ocrx_word' id='word_1_892' title='bbox 967 2836 1035 2863; x_wconf 84' lang='lat' dir='ltr'><strong>istos</strong></span> <span class='ocrx_word' id='word_1_893' title='bbox 1050 2843 1112 2864; x_wconf 83' lang='lat' dir='ltr'><strong>esse</strong></span> <span class='ocrx_word' id='word_1_894' title='bbox 1127 2835 1210 2864; x_wconf 83' lang='lat' dir='ltr'><strong>colles</strong></span> <span class='ocrx_word' id='word_1_895' title='bbox 1225 2835 1349 2871; x_wconf 86' lang='lat' dir='ltr'><strong>pluribus</strong></span> <span class='ocrx_word' id='word_1_896' title='bbox 1363 2834 1532 2870; x_wconf 78' lang='lat' dir='ltr'><strong>argumentis</strong></span> <span class='ocrx_word' id='word_1_897' title='bbox 1546 2834 1671 2862; x_wconf 82' lang='lat' dir='ltr'><strong>alllnuat.</strong></span> 
     </span>
    </p>
   </div>
  </div>
