1944 3037
184 119 238 162 εει

893 131 922 159 S.
943 131 1113 161 EPIPHANII

1769 134 1835 163 22’8

183 197 227 219 est
249 193 268 218 '.
287 190 356 224 Quid
384 189 457 225 quod
487 192 514 216 et
544 189 626 216 Sarra
650 189 768 225 idipsnm
794 188 973 223 demonstrat,

1026 191 1076 227 τὴν
1091 192 1208 227 μήτραν,
1222 192 1268 219 καὶ
1281 192 1330 228 τὴν
1343 192 1365 208 ¹⁰
1381 190 1433 227 γῆν
1444 191 1505 218 κατ’
1517 191 1627 227 ἐθισμὸν
1644 191 1829 228 ξηρανῦῆναι,

184 237 250 264 dum
264 237 343 264 effeto
366 236 422 270 jam
449 239 537 266 utero,
564 236 774 270 suppressisque
788 236 936 262 menstruis
953 237 974 267 ²,

184 283 330 319 genitalem
357 283 409 309 vim
425 282 516 309 denuo
533 281 566 308 ad
588 281 832 316 proseminandum
863 281 974 316 accipit,

184 337 216 356 ac
234 329 311 356 senio
337 327 462 355 confecta
485 327 570 353 tilium
601 326 782 353 nihilominus
800 334 831 352 ex
859 325 976 360 promis-

184 376 262 402 sione
282 374 400 410 parturit
417 374 438 405 ³,
467 374 504 400 ob
527 381 603 408 spcm
620 377 743 399 venturae
767 372 914 406 aliquando
934 379 976 398 rc-

184 420 386 447 surrectionis?
398 419 468 452 Quin
486 419 568 446 etiam
585 418 671 445 Jacob
686 419 750 444 dum
766 418 799 445 de
817 418 875 445 suis
901 417 968 444 ossi<

185 467 235 493 ltus
258 469 300 493 est
326 465 462 492 sollicitus
484 465 514 496 ⁵,
543 472 598 491 non
615 464 710 498 utique
733 463 766 490 de
786 463 828 491 his
845 468 975 497 tanquam

185 512 314 547 perituris
330 511 458 538 mandata
473 511 532 537 suis
550 510 671 544 reliquit.
692 510 769 542 Quod
789 509 878 544 ipsum
892 508 974 536 .losc-

184 559 256 594 phus
279 562 372 593 postca
398 557 559 592 praecipiens
583 557 604 588 ⁵,
629 556 842 583 resurrectionis
857 555 975 589 speciem

185 604 369 632 adumbravit.
390 603 466 630 Adde
484 602 647 629 Aaronicam
665 602 782 636 virgam,
811 608 871 634 quat
885 599 975 626 arefa-

185 656 229 679 t-ta
244 650 418 687 germinavit,
449 650 609 683 fructusque
626 647 739 682 protulit
753 646 763 661 ⁵
775 665 782 678 ,
808 650 838 672 ut
851 649 975 672 emortua

186 698 326 724 hominum
342 703 456 731 corpora
469 695 501 722 ad
515 695 576 721 vitae
590 701 666 728 spem
678 692 823 719 excitanda
836 697 975 719 monstra-

185 747 244 775 ret;
262 742 288 768 id
303 742 375 769 enim
392 741 425 767 ad
447 739 624 768 astruendam
641 738 875 765 resurrectionem
890 738 975 773 perti-

186 789 255 815 nuit.
273 787 326 816 Sed
339 793 365 815 et
378 787 461 814 Musis
476 787 553 821 virga
566 786 654 820 lignea
683 785 803 811 animata
820 784 867 811 Dei
880 783 974 818 jussu.

184 840 212 862 ct
227 835 252 861 in
269 842 385 869 anguem
409 840 543 860 conversa
561 833 571 847 "
592 831 822 858 resurrectionem
837 830 976 864 signiﬁca-

1027 232 1105 266 αὖθις
1127 235 1387 271 ὰναζωογονουμὲνη
1410 232 1450 267 εἷς
1469 237 1622 270 καταϐολὴν
1647 238 1830 272 σπέρματος,

1027 280 1074 306 καὶ
1093 281 1109 315 ἡ
1127 281 1276 316 πρεσϐῦτις
1291 282 1442 308 κυῖσκουσα
1459 283 1553 309 τέκνον
1575 283 1635 309 κατ’
1655 283 1831 317 ἐπαγγελίαν

1026 325 1071 352 διὰ
1087 327 1138 360 τὴν
1153 327 1248 354 ἐλπίδα
1262 327 1311 362 τῆς
1324 327 1510 360 ἀναστάσεως.
1526 329 1563 355 Οὐ
1582 329 1635 364 μὴν
1650 329 1677 355 δὲ
1690 329 1758 356 ἀλλὰ
1773 329 1831 356 καὶ

1033 372 1141 403 ’Ῐακὼ6,
1156 373 1355 408 ἐπιμελόμενος
1370 374 1425 400 τῶν
1444 369 1517 401 ἰδίων
1533 374 1645 404 ὀστέων.
1662 374 1700 405 ὡς
1714 375 1744 400 οὺ
1757 375 1831 410 περὶ

1026 418 1220 453 ἀπολλυμένων
1247 418 1412 448 ἐνετέλλετο.
1437 419 1475 446 οὗ
1501 419 1582 454 μόνον
1603 419 1650 451 δὲ,
1679 419 1747 446 ἀλλὰ
1775 421 1831 446 καλ,

1033 463 1131 499 Ἰωσὴφ
1152 465 1185 500 τῇ
1208 465 1277 501 αὐτῇ
1295 463 1441 501 ἀκολουθίᾳ
1460 465 1664 500 ἐντελλόμενος,
1683 466 1733 501 τῆς
1754 466 1830 492 ἀνα-

1027 510 1147 541 στάσεως
1162 511 1295 544 ὑπέφαινε
1317 511 1349 538 τὸ
1365 508 1445 543 εἶδος.
1468 511 1507 538 Οὐ
1527 511 1581 547 μὴν
1597 511 1625 538 δὲ
1654 511 1722 539 ἀλλὰ
1736 513 1786 539 καὶ
1807 513 1828 547 ὴ

1028 555 1125 590 ῥάϐδος
1141 555 1189 581 τοῦ
1207 555 1314 591 Ἀαρὼν
1330 557 1347 592 ἡ
1368 556 1551 592 βλαστήσασα.
1564 556 1634 592 ξηρὰ
1657 554 1724 583 οὖσα
1742 555 1828 588 αὖθις

1027 601 1133 636 καρπὸν
1144 601 1259 636 ἤνεγκεν
1277 603 1318 634 εἰς
1334 602 1430 629 ἐλπίδα
1447 603 1531 637 ζωῆς,
1548 603 1583 629 τὰ
1603 602 1687 638 νεκρὰ
1706 602 1827 638 σώματα

1026 646 1105 681 ἡμῶν
1128 647 1330 683 ἀναστήσεσθαι
1353 647 1545 683 σημαίνουσα.
1563 649 1603 679 εἰς
1626 648 1773 674 ἀνάστασιν
1793 648 1826 674 δὲ

1028 691 1156 726 φέρουσα.
1172 692 1227 718 Καὶ
1248 693 1264 728 ἡ
1283 692 1329 719 τοῦ
1354 692 1493 725 Μωῦσέως
1517 692 1546 719 δὲ
1563 693 1661 729 ῥάϐδος
1682 693 1782 728 ὁμοίως
1806 694 1825 728 ἡ

1027 736 1119 772 ξυλίνη
1132 738 1203 765 κατὰ
1217 738 1284 765 Θεοῦ
1303 739 1426 774 βούλημα
1448 739 1591 774 ἐψυχοῦτο,
1607 740 1653 765 καὶ
1668 739 1730 774 ὄφις
1747 748 1827 773 γινο-

1028 783 1096 819 μένη
1115 785 1262 811 ἀνάστασιν
1280 785 1388 821 ἐδήλου.
1414 785 1493 812 Ἀλλὰ
1509 786 1556 812 καὶ
1565 786 1685 821 Μωῡσῆς
1701 786 1826 820 εὐλογῶν

1026 831 1088 862 τοὺς
1105 831 1169 866 περὶ
1185 831 1310 865 Ῥουϐὶμ,
1328 831 1416 866 λέγει*
1441 831 1526 864 Ζήτω
1552 832 1686 866 Ῥουϐὶμ,
1707 833 1757 858 καὶ
1776 832 1824 866 μὴ

186 881 242 908 bat.
255 881 310 916 26
322 881 393 907 Idem
410 887 492 914 porro
519 878 625 913 Moyses
641 876 784 904 Rubenitis
807 876 974 904 benedicens

1029 875 1212 907 ἀποθατέτω,
1227 875 1274 902 τὸν
1288 876 1342 902 ἀπὸ
1360 876 1444 902 πάλαι
1461 876 1671 911 τελευτήσαντα,
1688 878 1730 904 ἵνα
1747 876 1824 912 ζωὴν

186 927 222 952 ita
252 926 397 960 loquitur:
428 925 504 951 Vivat
532 923 623 950 Ruben
642 944 648 955 ,
674 926 700 949 et
728 930 779 948 non
808 922 940 948 moriatur
952 922 973 949 ⁸.

185 971 262 1003 Quod
282 971 307 998 ei
325 975 464 1006 precatur.
491 969 538 1004 qui
551 969 710 1003 jamdudum
730 976 746 995 e
764 968 832 995 vivis
848 975 975 995 extesse—

184 1021 247 1049 rat;
263 1025 317 1053 quo
330 1017 411 1044 vitam
424 1017 504 1042 aliam
516 1024 576 1043 esse
594 1019 655 1050 post
666 1014 771 1042 obitqu
786 1014 909 1044 doceret.
923 1021 983 1041 nec.

184 1071 240 1090 non
255 1063 441 1097 etjudicium,
467 1062 494 1088 in
512 1069 566 1096 quo
591 1061 717 1087 homines
741 1060 862 1086 secunda
887 1063 974 1086 morte

183 1107 362 1135 damnantur.
380 1108 468 1142 Atque
496 1107 557 1133 ideo
582 1106 718 1141 duplicem
748 1105 786 1132 illi
805 1105 976 1132 benedictio-

184 1161 249 1181 nem
276 1153 407 1187 impertit.
431 1152 516 1183 Vivat.
537 1152 636 1186 inquit.
656 1152 683 1178 in
699 1152 903 1178 resurrectione
919 1150 975 1178 sci-

185 1198 265 1230 licet;
293 1205 372 1232 neque
390 1197 530 1227 moriatur.
562 1197 589 1223 iu
619 1196 732 1230 judicio.
757 1195 863 1228 Quibus
880 1195 974 1223 verbis

184 1251 241 1270 non
259 1243 333 1270 illam
347 1247 461 1270 mortem
480 1242 654 1278 signiﬁcavit,
668 1249 730 1276 quae
744 1241 771 1268 in
788 1241 942 1267 animorum
958 1248 974 1267 ιι

185 1297 302 1324 corpore
313 1289 488 1323 separatione
503 1289 637 1318 cernitur.
654 1287 702 1315 sed
716 1295 775 1314 eam
793 1287 895 1321 potius,
912 1295 973 1322 quae

184 1335 212 1361 in
231 1335 407 1362 damnatione
432 1335 572 1362 consistit.
601 1333 693 1360 Pauca
720 1333 778 1359 hzec
793 1332 827 1359 ad
845 1337 972 1360 everteu--

183 1381 249 1408 dum
277 1381 386 1408 illorum
412 1388 534 1408 errorem
562 1380 710 1408 sufﬁcient.
731 1378 838 1406 llabent
862 1383 888 1405 et
905 1379 974 1405 alios

184 1431 290 1454 veteres
304 1429 371 1454 ritus
394 1435 456 1453 cum
487 1431 608 1453 extrema
636 1426 772 1453 dementia
798 1425 973 1459 conjunctos.

1027 920 1100 955 δείξῃ
1115 919 1185 947 εἶναι
1201 921 1270 956 μετὰ
1282 921 1407 954 θάνατον,
1422 922 1514 958 κρίσιν
1524 923 1554 949 δὲ
1565 922 1692 958 δευτέρου
1704 923 1822 949 θανάτου

1027 967 1067 997 εἰς
1082 967 1243 1002 καταδίκην.
1264 967 1309 993 Διὸ
1327 967 1372 994 δύο
1390 968 1515 1002 εὐλογίας
1532 968 1606 1004 αὐτῷ
1625 969 1774 1005 ἐπιτίθησι,
1789 969 1824 995 τὸ

1027 1011 1119 1044 Ζήτω,
1134 1012 1231 1046 ὶΐέγων,
1248 1014 1277 1039 ὲν
1292 1014 1323 1048 τῇ
1343 1013 1502 1045 ἀναστάσει,
1521 1014 1570 1040 καὶ
1584 1014 1628 1048 μὴ
1645 1014 1823 1041 ἀποθανέτω

1026 1057 1061 1083 ἐν
1076 1057 1184 1090 κρῐσει.
1200 1057 1229 1083 οὺ
1253 1057 1365 1084 θάνατον
1389 1058 1435 1084 τὸν
1454 1058 1498 1084 διὰ
1516 1058 1642 1093 σώματος
1659 1058 1823 1093 ἀπαλλαγῆς

1027 1102 1124 1136 λέγων,
1139 1102 1207 1129 ἀλλὰ
1228 1103 1272 1129 τὸν
1293 1103 1337 1130 διὰ
1357 1103 1517 1139 καταδίκης.
1544 1103 1668 1139 Ἀρκέσει
1691 1103 1756 1138 γοῦν
1785 1104 1823 1130 τὰ

1026 1148 1105 1183 ὀλίγα
1129 1149 1197 1184 πρὸς
1214 1149 1352 1176 ἀντίθεσιν
1375 1149 1478 1177 τούτων
1503 1150 1616 1185 Ἔχουσι
1634 1150 1662 1176 δὲ
1690 1151 1736 1176 καὶ
1752 1150 1823 1177 ἄλλα.

1025 1196 1086 1222 τινὰ
1103 1195 1195 1227 ἀνοίας
1210 1195 1257 1231 ἔθη
1271 1196 1388 1222 παλαιά·
1405 1195 1477 1232 οὔρῳ
1490 1195 1662 1231 κλυζόμενοι,
1679 1197 1748 1222 ἐπὰν
1766 1197 1823 1222 ἀπὸ

1027 1241 1106 1276 ξένης
1121 1241 1230 1272 ἔλθωσι,
1244 1241 1426 1277 μεμιασμένοι
1436 1242 1530 1277 δῆθεν·
1546 1241 1623 1269 ὕδατι.
1638 1242 1686 1268 σὺν
1703 1242 1823 1277 ἱματίοις

1027 1287 1232 1322 βαπτιζόμενοι,
1250 1288 1320 1315 ἐπὰν
1335 1288 1458 1323 ἅψωνται
1474 1288 1567 1324 ἑτέρου
1583 1287 1637 1315 τῶν
1658 1288 1820 1315 ἀλλοεθνῶν.

1026 1333 1155 1368 Μιασμὺν
1168 1333 1223 1368 γὰρ
1237 1330 1365 1368 ἡγοῦνται
1379 1334 1409 1360 τὸ
1424 1334 1498 1366 τινὸς
1509 1333 1642 1369 ἅψασθαι,
1656 1334 1715 1370 ἦτοι
1732 1334 1822 1367 Θὲγειν

1027 1379 1107 1406 ἄλλου
1129 1379 1202 1411 τινὸς
1221 1379 1367 1415 ἀνθρώπου
1389 1380 1437 1407 ἀπ’
1457 1380 1537 1407 ἄλλου
1564 1379 1708 1415 δόγματος.
1731 1379 1823 1415 Πολλὴ

1028 1426 1083 1461 γὰρ
1102 1427 1118 1461 ἡ
1135 1426 1237 1453 τούτων
1251 1427 1457 1462 φρενοϐλάϐεια.

185 1472 252 1499 Nam
268 1476 295 1500 et
308 1472 374 1499 lotio
402 1471 526 1506 perfundi
554 1471 667 1502 solent,
692 1471 801 1505 quoties
822 1478 936 1506 peregre
970 1469 1080 1497 domum
1111 1471 1238 1504 redeunt,
1257 1474 1387 1507 tanquam
1418 1472 1508 1507 aliqua
1540 1472 1705 1507 contagione
1732 1471 1822 1507 pollu-

183 1517 204 1544 ti
218 1526 225 1550 ;
241 1522 269 1544 et
286 1525 356 1553 aqua
369 1525 431 1545 sese
445 1521 590 1552 vestesque
604 1525 669 1543 suas
681 1517 807 1548 abluunt.
826 1525 887 1544 cum
915 1517 1028 1545 alterius
1056 1519 1146 1554 gentis
1167 1521 1322 1556 quempiam
1342 1521 1491 1556 tetigerint.
1513 1520 1570 1548 Hae
1593 1521 1666 1548 enim
1694 1528 1724 1547 re
1751 1529 1822 1547 cou-

183 1565 310 1591 tamiuari
325 1571 354 1590 se
371 1568 476 1598 putant,
502 1563 524 1589 si
542 1571 707 1598 queinquam
737 1562 905 1596 mortalium,
936 1568 983 1590 aut
997 1564 1112 1593 alterius
1138 1570 1221 1594 sectas
1252 1566 1390 1594 hominem
1414 1567 1561 1602 attingant.
1578 1566 1666 1593 Tanta
1692 1571 1734 1594 est
1761 1566 1820 1593 illm

185 1617 245 1637 rum
264 1608 401 1636 vecordia.

224 1654 267 1680 IV.
284 1654 343 1680 Jam
358 1653 588 1688 quemadmodum
606 1653 685 1680 facile
701 1653 828 1688 redargui
846 1653 970 1688 ipsorum

1059 1652 1095 1680 Δ’.
1122 1653 1185 1686 Πῶς
1202 1654 1231 1680 δὲ
1252 1654 1446 1689 εὺουέλεγκτος
1468 1655 1485 1689 ὴ
1505 1654 1595 1681 αὐτῶν
1610 1654 1687 1681 ἄνοια
1705 1655 1819 1690 γίνεται,

183 1700 291 1728 insania
307 1699 405 1734 possit,
420 1699 606 1726 animadverte
622 1707 735 1734 qmcso;
757 1707 807 1726 nec
825 1699 880 1726 ullo
892 1706 976 1734 nego-

185 1746 225 1773 tio
239 1744 386 1780 percipies.
404 1743 510 1770 Etenim
526 1744 627 1770 mortui
639 1745 755 1770 cadaver
768 1744 975 1776 abominantur,

183 1799 248 1818 cum
263 1791 320 1818 sint
334 1789 393 1817 suis
404 1789 516 1824 ipsimet
529 1788 609 1817 factis
623 1790 734 1816 mortui.
751 1789 834 1824 Atqui
856 1798 910 1816 non
922 1797 977 1816 uno

183 1838 315 1868 aiterove.
332 1836 380 1864 sed
397 1836 511 1863 inﬁnitis
527 1836 696 1863 testimoniis
713 1836 898 1868 convincitur,
917 1844 974 1864 non

182 1891 246 1911 esse
260 1887 430 1910 mortuorum
443 1889 559 1916 corpora
573 1880 745 1909 detestanda.
762 1880 828 1908 Nam
846 1881 918 1915 quod
934 1881 974 1908 lex

183 1928 351 1957 contrarium
378 1927 487 1955 videtur
502 1935 636 1959 asserere,
662 1927 736 1954 aliud
763 1927 892 1962 quiddam
910 1928 976 1954 aeni-

183 1975 276 2007 gmate
299 1971 465 1999 adumbrare
482 1972 579 1998 voluit.
601 1970 660 1998 Non
692 1972 764 1998 enim
793 1971 922 2004 duorum,
947 1975 976 1998 ut

183 2017 252 2049 dixi,
281 2018 400 2045 triumve
422 2017 448 2045 id
463 2017 619 2045 testimonia
637 2018 825 2052 comprobant,
851 2017 899 2044 sed
913 2025 976 2045 sex-

183 2067 264 2090 centa
281 2063 376 2098 viginti
391 2063 445 2090 duo
460 2063 543 2089 millia
564 2063 704 2089 houdnum
723 2063 749 2089 in
771 2063 891 2094 deserto,
912 2063 976 2090 toti-

184 2108 301 2143 demque
315 2108 379 2139 alia.
399 2113 481 2143 atque
494 2108 528 2134 iis
550 2108 632 2135 etiam
647 2108 736 2142 plura.
752 2107 824 2140 Quin
842 2112 869 2135 et
896 2108 975 2143 longe

184 2154 312 2182 uberiora
327 2159 391 2182 sunt
409 2154 558 2189 Scriptura:
583 2154 655 2185 loca.
685 2162 746 2188 quae
761 2154 794 2181 dc
818 2154 920 2185 loculo.
946 2155 973 2181 in

182 2208 238 2236 quo
253 2198 365 2235 Iosephi
379 2207 443 2227 ossa
459 2199 571 2226 condita
584 2203 659 2232 sunt,
675 2200 840 2227 mentionem
856 2200 972 2227 faciunt.

182 2245 235 2278 Qui
253 2246 359 2273 loculus
374 2245 556 2280 quadraginta
567 2248 641 2271 totos
658 2251 745 2272 annos
763 2245 790 2271 in
805 2245 905 2272 castris
917 2246 974 2272 cir-

181 2292 320 2319 cumlatus
348 2299 437 2327 neque
453 2291 655 2334 abominationi
682 2291 744 2323 fuit,
771 2300 859 2327 neque
876 2298 973 2319 conta-

183 2339 264 2373 gione
281 2345 331 2365 sua
344 2338 434 2365 labem
450 2337 532 2364 ullam
549 2337 677 2372 aspersit.
690 2337 825 2364 Caeterum
844 2346 908 2365 vere
922 2338 973 2366 hoc

184 2391 199 2409 a
216 2383 359 2418 Scriptura
376 2383 479 2410 dictum
496 2386 539 2410 est
555 2392 561 2410 :
580 2382 609 2409 Si
622 2384 679 2418 quis
695 2388 830 2410 mortuum
861 2384 973 2418 tetigerit

184 2430 301 2464 pollutus
325 2429 359 2456 ad
382 2437 517 2464 vesperam
545 2437 627 2464 usque
653 2428 826 2463 permanebit.
858 2429 924 2456 Tum
946 2438 973 2456 se

183 2483 253 2509 aqua
270 2474 379 2505 Iuvabit.
396 2483 427 2501 ac
443 2474 629 2509 repurgabitur
642 2475 662 2501 ’.
676 2474 784 2508 Quibus
801 2475 892 2502 verbis
919 2475 972 2502 Do-

186 2521 250 2549 tuini
268 2521 353 2548 nostri
370 2520 434 2548 Jesu
452 2521 555 2548 Christi
583 2526 707 2553 mortem,
726 2528 759 2548 ac
771 2526 928 2556 susoeptam
944 2521 972 2548 in

183 2575 298 2602 corpore
311 2567 466 2601 passionem
484 2566 585 2593 innuit.
602 2565 641 2593 Ex
654 2573 687 2593 co
704 2566 789 2597 enim,
813 2566 886 2601 quod
905 2567 972 2593 arti-

182 2613 273 2639 culum
287 2611 424 2647 apposuit,
438 2611 616 2638 distinctione
627 2611 749 2638 nominis
765 2619 835 2646 opus
847 2619 907 2640 esse
920 2612 970 2639 de-

218 2689 310 2725 ?Gcsii.
326 2688 415 2725 πει.
453 2689 463 2704 ²
478 2688 545 2725 Gen.
568 2696 649 2721 xvm,
663 2689 707 2716 ’li.
745 2689 755 2704 ³
770 2689 837 2725 Gen.
856 2697 914 2722 XXI,
931 2689 960 2716 2.

1026 2689 1092 2716 Gen.
1108 2697 1195 2725 xmxt
1206 2689 1253 2716 29.
1286 2690 1297 2704 ⁸
1311 2687 1380 2716 Gen.
1396 2697 1422 2720 1,,
1443 2690 1460 2717 5
1478 2697 1539 2725 sqq.

489 2724 499 2739 ‘
515 2724 593 2751 Deut.
610 2732 709 2757 χχχιιι,
729 2725 756 2751 ti.
795 2725 805 2738 ’
821 2724 907 2752 Levit.
924 2732 963 2756 ιι,
976 2724 1022 2757 24,
1037 2732 1098 2759 sqq.

181 2724 192 2740 ⁷
205 2724 290 2752 Exod.
305 2732 341 2757 iv,
356 2724 375 2750 2
390 2732 451 2758 sqq.

216 2804 273 2838 (69)
299 2805 365 2831 Ἀπὸ
389 2804 444 2839 γὰρ
464 2805 570 2831 τούτου
585 2804 637 2830 τοῦ
654 2804 896 2839 ι’ὶρθρουηΑιἩυιο
911 2803 973 2831 [HEC-

179 2840 337 2868 observatio
351 2839 438 2867 Graeci
455 2840 573 2871 articuli,
586 2839 632 2874 qui
644 2841 676 2867 ad
693 2838 790 2873 νεκροῦ
804 2840 963 2867 vocabulum

1028 1700 1174 1735 ἐπίστησον
1190 1700 1236 1727 τὸν
1255 1700 1330 1732 νοῦν,
1345 1698 1367 1727 ὦ
1383 1700 1602 1736 θαυμασιώτατε,
1622 1701 1668 1728 καὶ
1684 1702 1753 1738 εἴσῃ.
1768 1703 1820 1729 Νε-

1027 1746 1093 1782 κρὺν
1110 1746 1159 1781 μὲν
1170 1745 1224 1781 γὰρ
1237 1746 1340 1777 εὐθέως
1353 1746 1539 1782 βδελύττονται
1554 1746 1631 1773 αὐτοὶ
1641 1748 1733 1783 νεκροὶ
1744 1748 1820 1781 ὄντες

1026 1793 1082 1824 τοῖς
1095 1792 1195 1827 ἔργοις.
1214 1792 1390 1828 Μαρτυρουσι
1407 1793 1461 1829 γὰρ
1476 1793 1506 1819 οὐ
1525 1793 1574 1828 μία
1587 1794 1736 1829 μαρτυρία,
1752 1794 1821 1822 ἀλλὰ

1027 1837 1134 1869 πολλαὶ,
1146 1837 1185 1874 τῷ
1204 1838 1241 1873 μὴ
1267 1835 1335 1864 εῖναι
1355 1838 1401 1864 τὸν
1422 1838 1517 1874 νεκρὸν
1535 1838 1741 1874 ὲὸδελυγμένον,
1762 1838 1820 1866 ἀλλ’

1026 1883 1068 1909 ὅτι
1081 1881 1289 1918 αἰνιγματωδῶς
1300 1884 1314 1909 ὁ
1332 1883 1412 1918 νόμος
1428 1883 1530 1916 ἔλεγεν.
1552 1883 1651 1909 Οὐκέτι
1667 1883 1722 1919 γὰρ
1739 1884 1786 1910 δύο
1801 1884 1818 1919 ἢ

1026 1929 1100 1963 τρεῖς
1111 1927 1260 1963 μαρτυρίαι
1275 1929 1315 1959 εἱς
1327 1927 1405 1954 τοῦτο
1416 1928 1482 1963 ἡμῖν
1495 1926 1739 1963 ἐπιμαρτυροῦσιν,
1752 1928 1819 1955 ἀλλὰ

1028 1973 1157 2008 μυριάδες
1171 1971 1302 2008 ἑξήκοντα
1314 1972 1361 1999 δύο
1375 1973 1421 1999 τὸν
1434 1972 1549 2008 ἀριθμὸν
1561 1973 1589 1999 ὲν
1605 1973 1638 2008 τῇ
1652 1973 1758 2008 ἐρήμῳ,
1771 1973 1818 1999 καὶ.

1026 2018 1104 2046 ἄλλαι
1119 2018 1262 2049 τοσαῦται.
1280 2019 1328 2045 καὶ
1349 2019 1489 2049 ἐπέκεινα.
1508 2019 1555 2045 καὶ
1569 2018 1608 2045 ἔτι
1629 2018 1695 2045 πολὺ
1711 2019 1819 2051 πλείους

1026 2065 1054 2092 αἱ
1070 2065 1103 2100 τῇ
1121 2064 1193 2100 σορῷ
1212 2063 1260 2090 τοῦ
1284 2063 1382 2099 Ἰωσὴφ
1400 2063 1638 2099 ὲπιμαρτυροῦσαι
1653 2065 1685 2100 τῇ
1697 2064 1740 2090 διὰ
1755 2073 1817 2090 τες-

1027 2109 1182 2145 σαράκοντα
1198 2108 1267 2135 ἐτῶν
1283 2108 1473 2144 βασταζομὲνῃ
1486 2108 1514 2134 ὲν
1528 2107 1575 2143 ὅλῃ
1592 2109 1626 2144 τῇ
1645 2108 1814 2144 παρεμϐολῇ,

1025 2157 1073 2183 καὶ
1091 2156 1127 2192 μὴ
1148 2156 1362 2191 βδελυττομένῃ,
1391 2156 1461 2191 μήτε
1490 2155 1652 2192 μολυνοὺσῃ.
1673 2156 1769 2191 Ἔλεγε
1787 2157 1816 2183 δὲ

1025 2201 1128 2237 τάληθῆ
1153 2202 1168 2228 ὁ
1189 2202 1288 2237 νόμος,
1316 2201 1373 2231 ὅτι,
1397 2201 1466 2227 Ἐάν
1488 2209 1534 2234 τις
1557 2201 1671 2235 ἅψηται
1692 2202 1814 2235 νεκροῦ,

1023 2246 1107 2281 μένει
1117 2246 1251 2280 βέϐηλος
1269 2245 1325 2278 ἕως
1339 2244 1481 2278 ἑσπέρας,
1493 2245 1543 2272 καὶ
1555 2246 1700 2272 λούσετιιι
1718 2245 1812 2276 ὕδατι,

1026 2292 1075 2319 καὶ
1092 2291 1355 2326 καθαρισθήσεται.
1367 2287 1422 2316 Ἦν
1440 2291 1468 2316 δὲ
1480 2290 1560 2316 τοῦτο
1576 2291 1761 2326 αἰνιττόμενος
1777 2293 1815 2322 εἰς

1025 2338 1075 2373 τὴν
1097 2337 1144 2364 τοῦ
1175 2337 1278 2372 Κυρίου
1305 2336 1383 2372 ἡμῶν
1415 2335 1501 2371 Ἰησοῦ
1527 2336 1645 2371 Χριστοῦ
1671 2337 1812 2373 νέκρωσιν,

1027 2383 1097 2410 κατὰ
1118 2383 1148 2409 τὸ
1169 2382 1299 2418 ἓνσαρκον
1318 2380 1400 2408 αὑτοῦ
1420 2381 1514 2413 πάθος.
1535 2381 1602 2408 Ἀπὸ
1616 2382 1671 2418 γάρ
1685 2383 1705 2398 ¹¹
1720 2383 1814 2408 τούτου

1026 2429 1073 2456 τοῦ
1085 2428 1186 2464 ἄρθρου
1197 2428 1252 2463 (69)
1262 2428 1311 2462 τὴν
1320 2427 1456 2463 διάκρισιν
1463 2427 1509 2453 τοῦ
1517 2427 1648 2462 ὀνόματος
1658 2427 1715 2454 ἐστι
1725 2429 1812 2463 σημᾶ-

1025 2484 1078 2502 ναι.
1092 2475 1179 2501 Ὅπου
1195 2473 1249 2508 γὰρ
1266 2472 1367 2508 ἄρθρον
1383 2473 1544 2509 πρόσκειται
1559 2473 1605 2500 ἐπὶ
1623 2475 1662 2500 ὲνι
1682 2483 1732 2500 τινι
1749 2474 1812 2509 ὡρι-

1027 2521 1118 2556 σμένῳ
1134 2521 1181 2547 καὶ
1193 2519 1408 2554 διαφανεστάτῳ,
1423 2519 1533 2546 πάντων
1548 2520 1621 2546 ἐστιν
1636 2521 1652 2555 ὴ
1672 2520 1812 2555 βεδαίωσις

1024 2567 1068 2593 διὰ
1093 2566 1123 2593 τὸ
1145 2566 1261 2602 ἄρθρον·
1277 2565 1341 2592 ἄνευ
1366 2565 1394 2592 δὲ
1417 2565 1465 2592 τοῦ
1487 2565 1589 2602 ἄρθρου
1615 2567 1661 2592 ἐπὶ
1686 2567 1745 2598 ἐνὸς
1769 2567 1812 2593 τοῦ

1025 2612 1150 2647 τυχόντος
1174 2612 1306 2647 ἀορίστως
1331 2612 1390 2639 ἐστὶ
1411 2611 1538 2647 ληπτέον,
1564 2612 1609 2644 Ὠς
1634 2609 1689 2638 οἷον
1710 2613 1812 2644 εἰπεῖν,

1578 2689 1589 2705 ⁸
1603 2688 1685 2718 Num.
1705 2698 1772 2722 xvii,
1787 2690 1802 2718 8

1140 2725 1161 2740 ¹⁰
1176 2724 1239 2752 For.
1256 2725 1359 2760 πηγήν.
1411 2726 1430 2740 “
1450 2724 1594 2760 ιεδστυῦ,
1609 2725 1668 2751 τοῦ.

1022 2804 1164 2839 appositus
1179 2808 1231 2833 cst.
1249 2805 1398 2842 vimhabct
1415 2806 1528 2842 omnino
1544 2805 1666 2838 nullam;
1681 2810 1711 2832 ιιι
1727 2814 1808 2842 neque

1020 2841 1078 2868 loca
1091 2844 1199 2874 Caetera,
1213 2848 1274 2876 qua:
1289 2840 1443 2867 illustrandi
1459 2841 1547 2876 gratia
1562 2841 1696 2876 congerit.
