1944 3037
85 162 141 192 229

430 156 616 187 ADVERSUS
636 154 807 184 ll/ERESES
826 154 891 182 LIB.
913 154 933 183 l.
951 154 1031 182 TOM.
1056 155 1076 181 l.
1097 169 1131 173 —
1150 153 1290 181 HIERES.
1310 153 1354 180 lx.

1661 149 1719 183 930

84 222 135 249 ὲὰν
159 219 300 253 εἴπωμεν,
324 217 467 252 βασιλεὺς,
492 216 578 250 ὄνομα
605 214 654 250 μὲν
677 212 854 248 ὲσημὰναμεν
870 232 877 242 ,

942 215 1075 239 nonstrat.
1102 211 1168 238 Nam
1194 211 1351 246 ubicunqtte
1378 211 1512 238 articulus
1537 210 1718 246 adjungitnr,

85 267 145 294 ἀλλ’
163 266 193 292 οὺ
211 263 354 299 τηλαυγῶς
366 263 412 289 τὸν
427 261 584 297 ὁριζόμενον
599 259 750 295 ἐδείξαμεν.
763 257 879 285 Βασιλέα

85 313 143 348 γὰρ
158 312 274 346 λέγομεν
295 310 342 336 καὶ
356 309 479 344 Περσῶν,
495 307 542 334 καὶ
562 306 674 341 Μήδων,
696 305 744 332 καὶ
767 304 879 340 Ἐλαμι-

86 358 154 386 τῶν.
175 357 238 384 Ἐὰν
257 355 286 382 δὲ
310 354 378 390 μετὰ
394 353 554 389 προσθήκης
566 351 614 378 τοῦ
634 351 736 388 ἄρθρου
758 349 880 386 εἴπωμεν

88 405 104 431 6
129 403 266 439 βασιλεὺς,
291 399 476 436 ἀναμφίόο).όν
496 399 554 425 ἐστι
573 398 604 425 τὸ
621 397 830 433 σημαινόμενον.
851 397 880 424 Ὀ

89 453 146 488 γὰρ
155 450 285 486 ,βασιλεὺς
294 450 309 475 6
323 447 500 483 ζητούμενος,
516 445 533 482 ἢ
548 447 563 473 6
575 445 730 480 λεγόμενος,
742 444 758 480 ἢ
770 445 784 471 6
800 453 881 479 γινω-

91 500 235 535 σκόμενος,
252 498 269 533 ἢ
285 498 299 524 6
317 496 365 523 τοῦ
384 504 457 527 τινος
480 494 628 530 βασιλεύων
647 493 691 520 διὰ
710 493 756 520 τοῦ
779 492 881 529 ᾷρθρου

91 545 292 572 ὑποδείκνυται.
306 542 359 570 Καὶ
377 542 425 569 ἐὰν
442 542 573 576 εἴπωμεν,
597 539 667 572 θεὸς,
683 539 747 567 ἄνευ
767 539 814 566 τοῦ
833 538 882 574 ἄρ-

93 592 170 627 θρου,
183 591 228 617 τὸν
242 591 359 624 τυχόντα
379 590 496 626 εἴπαμεν
515 589 576 616 θεὸν
596 587 651 614 τῶν
671 585 798 621 ὲθνῶν,ἢ
816 583 883 611 Θεὸν

92 637 140 664 τὸν
157 638 232 664 ὄντα.
250 637 313 663 Ἐὰν
332 637 361 663 δὲ
380 635 513 671 εἴπωμεν,
531 635 546 661 6
565 633 641 666 Θεὸς,
661 631 749 668 δῆλον,
769 630 807 661 ὡς
828 628 883 656 ἀπὸ

93 683 142 711 τοῦ
164 685 179 710 6
201 683 303 719 ἄρθρου
325 683 372 709 τὸν
388 682 452 709 ὄντα
476 680 659 716 σημαίνομεν,
675 676 764 713 ἀληθῆ
785 684 816 702 τε
836 675 884 702 καὶ

94 729 296 764 γινωσκόμενον
307 737 313 744 ·
329 728 367 760 ὡς
388 727 435 755 καὶ
454 726 613 760 ἄνθρωπος,
635 724 682 751 καὶ
698 723 713 750 6
729 721 882 757 ἄνθρωπος.

94 776 152 803 Καὶ
162 776 186 802 εἰ
203 775 252 810 μὲν
273 775 364 809 ἔλεγεν
385 774 399 801 6
417 773 512 808 νόμος·
535 771 606 798 Ἐὰν
623 770 744 804 ᾶψησθε
764 766 883 801 νεκροῦ,

95 821 168 848 κατὰ
191 821 299 847 πάντων
320 819 433 856 ἐφέρετο
452 819 466 844 6
480 818 569 853 ψῆφος
580 836 587 848 ,
603 815 650 842 καὶ
676 814 769 846 ἅπλῶς
784 812 885 843 παντὸς

95 867 195 903 νεκροῦ
208 865 241 903 ἦν
254 867 269 902 ἡ
290 865 450 902 ἐπικειμένη
464 864 510 891 τοῦ
527 863 684 900 ζητήματος
699 859 772 892 λέξις
785 867 790 874 ·
804 859 885 885 ὁπότε

96 913 126 939 δὲ
145 912 235 946 λέγει·
264 911 335 938 Ἐὰν
357 909 470 945 figi-mai
493 917 538 941 τις
551 907 606 935 τοῦ
626 905 746 940 νεκροῦ,
765 903 811 930 ἐπὶ
837 903 887 930 ἕνα
903 913 925 940 Β

97 959 160 985 τινὰ
178 958 256 993 φέρει
271 957 320 992 τὴν
332 956 455 991 ἀγωγὴν,
468 955 539 990 φημὶ
555 954 583 980 δὲ
604 953 652 979 ἐπὶ
663 952 709 978 τὸν
723 950 834 986 Κύριον,
849 949 887 980 ὼς

97 1005 156 1031 ἄνω
171 1013 216 1039 μοι
231 1004 388 1038 δεδήλωται.
402 1002 500 1036 Ἔλεγε
515 1001 544 1027 δὲ
558 999 636 1027 τοῦτο
651 995 858 1034 αἰνιγματωδῶς
873 996 888 1022 6

99 1051 182 1085 νόμος
196 1049 240 1076 διὰ
257 1050 320 1080 τοὺς
339 1049 484 1084 μέλλοντας
497 1048 592 1083 χεῖρας
610 1044 765 1072 ἐπιϐάλλειν
783 1043 830 1070 ἐπὶ
841 1043 888 1069 τὸν

99 1097 228 1131 Χριστὸν,
248 1096 295 1123 καὶ
306 1095 414 1131 σταυρῷ
431 1093 621 1129 ’παραδιδόναι⁸
643 1092 685 1118 ὅτι
704 1090 799 1126 χρείαν
816 1086 889 1124 εἶχον

99 1139 174 1169 οῦτοι
196 1141 384 1178 καθαρισμοῦ,
399 1140 452 1171 ἕως
473 1139 537 1175 δύνῃ
558 1138 649 1169 αὐτοῖς
668 1137 685 1172 ἡ
707 1135 817 1172 ἡμέρα,
841 1134 890 1161 καὶ

100 1188 230 1223 ἁνατείλη
245 1188 336 1219 αὐτοῖς
354 1187 418 1214 ἄλλο
433 1185 501 1220 φῶς,
517 1184 562 1212 διὰ
576 1183 622 1211 τοῦ
641 1182 829 1218 βαπτίσματος
841 1178 889 1207 τοῦ

101 1233 198 1266 ὓδατος
212 1233 259 1260 τοῦ
273 1232 386 1269 λουτροῦ
399 1232 449 1267 τῆς
465 1229 690 1266 παλιγγενεσίας
706 1228 744 1260 ὼς
760 1227 808 1254 καὶ
829 1226 891 1252 ὲπι-

103 1281 239 1316 μαρτυρεῖ
261 1288 306 1316 μοι
325 1278 443 1306 ἐνταῦθα
459 1278 562 1313 Πέτρος
582 1275 669 1310 λέγων
683 1276 740 1306 τοῖς
759 1271 892 1308 Ἰσραηλί-

102 1333 163 1357 ταις
178 1326 207 1352 έν
223 1323 428 1361 Ἰεροσολύμοις,
443 1324 499 1354 τοῖς
516 1322 640 1356 λέγουσιν
657 1319 741 1355 αὐτῷ,
760 1318 790 1346 Τί
805 1316 892 1350 ποιή-

103 1378 223 1405 σωμεν;
242 1369 286 1396 διὰ
303 1369 334 1395 τὸ
350 1368 488 1404 εἰρηκέναι
503 1367 583 1393 αὐτὸν
603 1365 704 1397 αὐτοῖς,
719 1364 761 1391 ὅτι
783 1362 893 1390 Τοῦτον

104 1416 158 1442 τὸν
179 1414 315 1449 Ἰησοῦν,
332 1413 368 1440 ὃν
388 1413 473 1448 ὑμεῖς
491 1411 710 1445 ἐσταυρώσατε.
729 1408 784 1435 Καὶ
809 1415 894 1434 κατα-

105 1463 209 1496 νυγεϊσι
225 1461 274 1495 τὴν
297 1459 409 1496 καρδίαν
430 1457 506 1485 εἶπε-
525 1455 748 1489 Μετανοήσατε,
770 1453 820 1480 καί
835 1452 894 1485 ,βα-

105 1506 256 1539 πτισθήτω
268 1505 396 1537 ἕκαστος
410 1504 444 1530 ὲν·
460 1502 500 1535 τῷ
519 1503 641 1536 ὀνόματι
658 1499 755 1534 Ἰησοῦ
765 1497 895 1532 Χριστοῦ

54 1555 59 1558 ”
106 1553 159 1580 τοῦ
170 1552 278 1586 Κυρίου
293 1550 388 1586 ἡμῶν,
400 1551 449 1577 καὶ
464 1548 666 1584 ἀφεθήσονται
679 1545 750 1581 ὑμῖν
760 1545 790 1572 αι
804 1545 896 1578 ἀμαρ-

932 262 1007 285 certa
1021 265 1053 284 ac
1070 257 1213 292 perspicue
1224 257 1336 284 deiinita
1354 264 1398 284 res
1409 257 1582 292 intelligitur.
1599 257 1663 284 Sine
1678 262 1720 283 ar-

931 303 1016 331 ticulo
1030 303 1064 331 dc
1080 302 1201 338 quolibet
1218 302 1305 337 accipi
1331 302 1437 329 iniinite
1451 303 1530 330 solet.
1549 302 1582 329 Ut
1601 302 1718 337 exempli

931 358 1027 382 causa,
1037 351 1060 378 si
1073 358 1119 377 rex
1128 350 1234 381 dixero,
1251 355 1351 376 nomen
1366 350 1476 384 quidem
1491 349 1579 384 ipsum
1589 350 1698 377 declaro
1711 360 1718 377 :

931 394 995 429 quis
1010 395 1055 421 ille
1070 394 1116 426 sit,
1133 394 1167 421 de
1185 401 1239 429 quo
1251 394 1358 428 loquor,
1384 398 1478 429 aperte
1501 403 1558 421 non
1583 395 1719 429 signiﬁco.

932 439 1032 475 Regem
1045 440 1117 467 enim
1141 443 1196 466 tam
1215 439 1373 472 Persarum,
1393 440 1446 474 27
1459 448 1541 474 quam
1566 440 1721 473 Medorum,

934 492 1016 522 atque
1039 486 1219 514 Elamitarum
1241 487 1423 522 appellamus.
1452 487 1530 520 Quod
1554 488 1577 515 si
1604 488 1722 516 articulo

933 533 1016 560 etiam
1031 533 1166 565 adhibito,
1183 533 1228 560 hic
1243 541 1303 566 rex,
1322 533 1452 566 dicimus,
1477 542 1558 562 nerito
1579 542 1659 570 quem
1676 544 1724 562 vc-

934 579 1016 606 limus
1028 579 1148 614 ignorat.
1169 578 1218 606 llic
1233 579 1305 607 enim
1321 587 1369 607 rex
1400 588 1433 607 eo
1451 581 1569 607 articulo
1598 585 1723 611 notatur.

935 625 969 653 de
982 633 1037 660 quo
1055 626 1182 660 qumstio,
1199 626 1242 653 vel
1257 634 1348 654 sermo
1367 627 1469 661 aliquis
1483 627 1630 660 inciderit;
1645 627 1725 654 deni-

935 677 990 704 que
1006 671 1054 705 qui
1071 670 1105 698 sit
1122 671 1252 706 cognitus
1269 678 1300 697 ac
1319 674 1395 698 certo
1420 671 1537 706 imperio
1554 672 1724 700 dominetur.

937 715 1069 743 Similiter
1082 724 1155 747 cum,
1173 716 1251 748 deus.
1268 717 1428 752 simpliciter
1438 725 1617 753 usurpamus,
1630 726 1727 754 quem-

936 762 1004 790 libet
1017 763 1101 790 dcum
1117 763 1245 794 dicimus,
1267 771 1316 790 nec
1332 763 1424 791 minus
1441 771 1515 794 cum.
1546 765 1620 799 quia
1635 765 1725 800 genti—

937 809 990 837 bus
1005 809 1116 842 colitur,
1131 817 1213 845 quam
1222 811 1268 845 qni
1279 818 1342 837 vere
1353 809 1425 838 Deus
1439 815 1493 838 est.
1508 809 1543 837 At
1557 818 1619 838 cum
1633 811 1647 837 6
1659 811 1726 842 Θεὸς

938 854 1067 888 dicimus,
1086 863 1149 883 eum
1167 856 1272 883 scilicet
1285 856 1466 891 exprimimus
1477 857 1523 891 qui
1536 865 1617 884 verus
1633 860 1726 889 etest,

939 903 967 927 et
983 907 1044 928 esse
1072 900 1252 936 cognoscitur
1269 900 1352 928 Deus.
1379 900 1522 933 Similiter,
1550 909 1613 929 cum
1632 902 1727 933 homo,

939 946 983 974 vel
1001 947 1047 974 hic
1071 947 1153 976 homo
1178 947 1291 975 dicitur.
1310 947 1370 975 Jam
1397 955 1463 975 vero
1481 947 1503 974 si
1517 948 1560 974 lex
1578 948 1630 975 hoc
1646 948 1727 975 modo

939 997 1073 1028 concepta
1099 993 1169 1021 foret
1189 1001 1196 1019 ε
1216 993 1246 1021 Si
1275 998 1409 1020 mortuum
1438 994 1586 1028 tetigeritis,
1606 995 1727 1022 universi

939 1045 971 1066 ea
987 1040 1123 1067 sententia
1137 1040 1450 1074 comprehenderentur,
1463 1045 1490 1067 et
1502 1039 1535 1066 ad
1547 1047 1643 1067 omnes
1658 1048 1728 1067 mor-

940 1091 1005 1115 tuos
1021 1087 1106 1115 dictio
1126 1087 1175 1114 illa
1190 1089 1337 1121 spectaret.
1349 1086 1402 1113 Sed
1412 1094 1474 1113 cum
1486 1087 1522 1113 ita
1534 1087 1666 1122 scriptum
1680 1088 1727 1117 sit.

940 1132 973 1160 Si
987 1133 1044 1168 quis
1056 1132 1125 1159 lium:
1142 1136 1274 1159 mortuum
1289 1131 1411 1164 tetigerit,
1424 1131 1457 1158 ad
1475 1139 1559 1158 unum
1571 1133 1728 1167 quempiam

942 1178 1042 1207 referri
1058 1178 1148 1209 debet,
1169 1178 1297 1205 nimirum
1313 1176 1470 1209 Dominum,
1490 1181 1520 1204 ut
1543 1178 1622 1204 initio
1634 1177 1729 1204 decia-

941 1228 1032 1251 ratum
1048 1227 1101 1251 cst.
1119 1222 1178 1250 [Ioc
1196 1230 1260 1249 vero
1277 1222 1320 1248 lex
1336 1222 1429 1256 specie
1442 1221 1560 1256 quadam
1575 1221 1731 1256 mnigmalis

942 1272 1054 1305 propter
1082 1275 1130 1296 eos
1159 1267 1238 1299 dixit,
1265 1268 1312 1302 qui
1338 1267 1450 1294 Christo
1476 1274 1574 1294 manus
1602 1266 1732 1300 injecturi

943 1320 1033 1344 erant.
1049 1318 1076 1342 et
1089 1315 1239 1342 iucrnccm
1257 1313 1405 1344 sublaturi,
1425 1311 1554 1340 videlicet
1576 1312 1735 1346 expiatione

944 1370 1013 1397 opus
1027 1361 1083 1389 illis
1098 1369 1171 1394 esse,
1189 1360 1278 1387 donec
1299 1359 1367 1394 ipsis
1382 1360 1440 1386 dies
1465 1358 1586 1392 occidat,
1611 1367 1643 1385 ac
1661 1366 1733 1385 nova

944 1408 991 1435 lux
1016 1415 1065 1443 per
1089 1407 1260 1441 baptismum
1296 1413 1327 1432 ac
1357 1405 1457 1431 lavacri
1495 1405 1732 1439 regenerationem

946 1450 1062 1481 tiriatur.
1078 1451 1164 1487 Cujus
1179 1451 1230 1479 mei
1248 1451 1315 1478 dicti
1343 1450 1423 1477 {idem
1444 1449 1540 1477 eodem
1568 1450 1594 1476 in
1611 1450 1672 1477 loco
1686 1450 1736 1476 Pe-

946 1505 1006 1527 trus
1021 1499 1133 1530 astruit,
1152 1498 1217 1525 dum
1234 1497 1432 1532 Hierosolymis
1447 1496 1589 1524 lsraelitas
1619 1495 1737 1530 alloqui-

947 1549 1003 1579 tur,
1019 1547 1064 1581 qui
1085 1552 1114 1572 se
1140 1545 1403 1579 interrogaverunt,
1413 1542 1484 1575 Quid
1509 1541 1657 1576 faciemus?
1674 1549 1739 1576 pro.

107 1599 177 1629 τίαι,
199 1597 248 1624 καὶ
265 1596 404 1630 λήψεσθε
419 1594 476 1628 τὴν
497 1594 610 1628 δωρεὰν
629 1591 681 1619 τοῦ
695 1591 782 1626 ἁγίου
801 1588 891 1616 Πνεύ-

949 1596 1045 1628 pterea
1059 1590 1132 1626 quod
1144 1590 1191 1617 ille
1204 1590 1328 1622 dixerat,
1355 1588 1438 1621 Quem
1455 1596 1499 1615 vos
1516 1589 1542 1614 in
1567 1596 1642 1614 cruce
1659 1588 1737 1622 suffi-

107 1651 209 1678 ματος.
228 1638 266 1669 Οῦ
284 1642 348 1676 περὶ
369 1640 467 1675 νεκροῦ
481 1639 571 1666 τοίνυν
587 1638 662 1671 λέγει
680 1637 695 1663 6
713 1636 804 1671 νόμος.
820 1634 851 1660 El
867 1633 896 1660 δὲ

108 1690 156 1716 καὶ
177 1688 241 1723 περὶ
263 1687 360 1724 νεκροῦ
383 1686 463 1713 ἄλλου
481 1683 641 1720 ὁριζομένου
665 1682 738 1717 λέγει
759 1681 774 1707 6
798 1680 895 1715 νόμος,

107 1734 196 1765 ἄλλως
208 1733 351 1760 ἐκδίδοται.
367 1731 448 1765 Λέγει
462 1730 527 1764 γὰρ,
543 1729 594 1759 ὅτι,
616 1728 687 1755 Ἐὰν
700 1724 834 1760 παρέλθῃ
850 1732 898 1751 ’νε-

108 1780 190 1814 κρὸς,
209 1779 351 1806 κλεισατε
364 1777 418 1810 τὰς
431 1776 522 1810 θύρας
538 1774 587 1801 καί
603 1773 656 1806 τὰς
667 1771 791 1806 θυρίδας
803 1770 897 1806 ὑμῶν,

109 1825 214 1860 ἵναμὴ
238 1823 377 1859 μολυνοῇ
395 1824 410 1850 ὁ
425 1821 518 1855 οἶκος.
542 1820 614 1847 Ὠσεὶ
638 1819 715 1853 ἔλεγε
729 1817 793 1853 περὶ
814 1816 900 1852 ἀκοῆς

110 1872 261 1908 ἁμαρτίας,
281 1872 322 1898 ὅτι
340 1870 403 1896 Ἐὰν
421 1868 542 1904 ἀκούσῃς
559 1867 652 1902 φωνὴν
676 1866 726 1900 τῆς
747 1863 900 1900 ἁμαρτίας,

111 1919 128 1955 ἦ
147 1917 216 1950 εἶδος
242 1916 476 1953 παραπτώματος,
503 1914 610 1941 κλεῖσον
633 1911 678 1939 τὸν
695 1909 835 1946 ὀφθαλμόν
854 1918 901 1936 σου

113 1964 167 1990 ἀπὸ
183 1963 341 1998 ἐπιθυμίας,
351 1962 399 1988 καὶ
411 1960 442 1987 τὺ
457 1960 544 1994 στόμα
558 1957 611 1985 ἀπὸ
623 1956 798 1990 κακολογίας,
812 1955 859 1982 καὶ
871 1955 903 1982 τὸ

112 2009 160 2042 οὖς
179 2009 233 2036 ἀπὸ
247 2009 402 2044 ὲνηχήσεως
417 2007 549 2042 πονηρᾶς,
562 2005 605 2032 ἵνα
621 2005 659 2040 μὴ
671 2003 796 2039 νεκρωθῇ
813 2003 873 2035 ὅλος
889 2003 904 2029 6

113 2053 198 2087 οἶκος,
215 2055 354 2081 τουτέστιν
369 2052 469 2088 ἡψυχὴ
478 2052 524 2078 καὶ¹
538 2051 568 2078 τὸ
586 2050 675 2084 σῶμα.
689 2049 735 2076 Διὸ
748 2049 796 2075 καὶ
809 2049 824 2074 6
838 2056 905 2083 προ-

115 2102 204 2136 φήτης
219 2100 311 2135 ἔλεγεν
325 2108 331 2114 ·
351 2100 421 2126 Ἐὰν
433 2097 530 2132 ἀναϐῇ
545 2097 674 2130 θάνατος
687 2096 737 2123 διὰ
753 2096 813 2122 τῶν
826 2095 906 2129 θυρί-

116 2147 177 2173 δων
187 2154 194 2161 ·
209 2147 256 2172 καὶ
269 2146 298 2172 οὐ
316 2145 424 2176 πάντως
435 2144 499 2180 περὶ
510 2143 564 2169 τῶν
578 2143 693 2179 θυρίδων
703 2142 806 2168 τούτων
819 2141 904 2175 λέγει.

119 2193 156 2218 ’Ἡ
173 2195 227 2228 γὰρ
243 2192 398 2222 κλείσαντες
413 2190 462 2222 τὰς
480 2188 600 2224 θυρίδας,
616 2189 742 2215 οὐδέποτε
761 2187 906 2214 ἀποθανεῖν

948 1637 1026 1664 :cistis
1038 1636 1141 1668 Jesum,
1156 1641 1210 1663 etc.
1228 1634 1346 1669 Moxque
1377 1634 1422 1660 ulii
1437 1641 1471 1661 ex
1502 1633 1595 1660 animo
1611 1633 1738 1660 dolentes

949 1682 1162 1711 animadvertit:
1180 1681 1376 1712 Poznitentiam,
1392 1680 1492 1715 inquit,
1513 1679 1592 1714 agile.
1614 1683 1637 1705 et
1652 1679 1740 1713 bapti-

950 1734 1025 1757 zetur
1040 1728 1217 1763 unusquisque
1235 1727 1262 1753 in
1288 1726 1393 1752 nomine
1420 1724 1483 1751 Iesu
1506 1723 1606 1751 Christi
1632 1724 1740 1750 Domini

951 1776 1045 1805 nostri.
1059 1778 1084 1801 et
1097 1773 1264 1800 remittemur
1277 1771 1350 1798 vobis
1373 1775 1492 1805 peccata,
1512 1775 1536 1797 et
1552 1775 1607 1796 tum
1623 1769 1740 1803 Spiritus

950 1817 1037 1845 sancti
1053 1816 1151 1844 donum
1179 1815 1314 1850 accipietis
1331 1816 1352 1842 '.
1371 1817 1407 1842 De
1422 1822 1476 1849 quo
1495 1815 1606 1849 quidem
1632 1819 1743 1841 mortuo

951 1864 1034 1892 verba
1059 1863 1127 1899 legis
1147 1862 1308 1897 accipienda
1336 1864 1411 1889 sunt.
1442 1861 1477 1887 At
1492 1862 1604 1896 quoties
1623 1861 1657 1888 de
1685 1861 1740 1887 alio

952 1909 1071 1945 quodam
1098 1912 1209 1936 mortuo
1235 1907 1370 1942 loquitur,
1397 1906 1478 1933 aliter
1501 1906 1667 1941 concipitur.
1695 1905 1743 1933 Sic

953 1955 1026 1983 enim
1039 1954 1078 1982 ait
1095 1963 1101 1980 :
1121 1953 1150 1981 Si
1167 1953 1306 1980 transierit
1323 1957 1455 1983 mortuus,
1482 1951 1610 1978 occludite
1631 1952 1743 1986 januas,

955 2010 986 2028 at:
1002 2001 1144 2036 fenestras,
1159 2008 1190 2026 ne
1203 2000 1297 2026 domus
1312 1999 1476 2034 inquinetur.
1492 1998 1576 2031 Quasi
1591 1998 1624 2024 de
1637 1999 1743 2032 peccati

956 2046 1099 2074 auditione
1113 2045 1219 2073 diceret
1238 2052 1244 2070 :
1258 2043 1287 2071 Si
1308 2043 1415 2079 peccati
1432 2050 1526 2070 vocem
1548 2042 1680 2072 audieris,
1697 2046 1744 2067 ant

956 2093 1074 2128 alicujus
1088 2091 1181 2119 delicti
1198 2091 1329 2126 speciem,
1345 2090 1456 2116 oculum
1482 2093 1558 2115 tuum
1574 2088 1608 2114 ab
1619 2095 1650 2114 ea
1664 2087 1746 2122 rupi-

956 2138 1041 2166 ditate
1054 2137 1163 2169 claude,
1190 2144 1298 2164 necnon
1315 2140 1342 2162 ct
1359 2143 1391 2162 os
1407 2139 1483 2161 tuum
1501 2141 1516 2160 a
1542 2133 1702 2164 maledicto,
1719 2137 1747 2159 ct

958 2192 1040 2211 aures
1053 2184 1088 2211 ab
1109 2183 1203 2210 auditu
1227 2181 1353 2210 nefanda!
1372 2181 1422 2212 rei,
1455 2188 1489 2207 ne
1512 2179 1611 2206 domus
1629 2179 1748 2213 integra,

117 2239 239 2274 εἴχομεν.
253 2238 364 2273 Θυρίδες
377 2237 405 2263 δὲ
422 2237 487 2272 ἡμῖν
501 2238 652 2272 ὑπάρχουσι
667 2234 701 2261 τὰ
716 2233 762 2261 τοῦ
782 2233 891 2269 σώματο

958 2231 1011 2258 hoc
1021 2234 1064 2258 est
1078 2231 1168 2257 anima
1189 2237 1250 2256 cum
1278 2235 1397 2263 corpore
1420 2226 1564 2254 moriatur.
1593 2225 1681 2258 Quam
1713 2225 1748 2252 ob

119 2267 299 2320 αἰιίῖθΙητήρια,⁸
312 2267 527 2320 βλέ-μμα,“ἀκοὴ.
607 2283 641 2309 τὰ
660 2281 738 2312 ἄλλα,
755 2280 788 2306 δι’
805 2267 842 2306 ὧν
857 2279 891 2306 θά

942 2271 946 2292 ⁵
960 2284 1072 2304 causam
1088 2275 1219 2312 propheta
1231 2276 1320 2302 dixit:
1334 2274 1364 2302 Si
1377 2281 1447 2312 mors
1458 2281 1503 2307 per
1514 2273 1644 2307 fenestras
1653 2279 1749 2298 ascen-

120 2317 255 2365 νατοςβίς
275 2317 349 2366 ἡμᾶς
362 2317 560 2366 είσπορέυεται,
581 2329 604 2354 εί
620 2327 653 2354 δι’
671 2326 761 2353 αὐτῶν
781 2324 891 2360 ἀμαρτή

960 2323 1030 2350 derit
1047 2323 1068 2349 ³.
1080 2322 1140 2349 Non
1157 2322 1231 2349 enim
1265 2321 1382 2347 usitatas
1402 2319 1463 2346 illas
1494 2318 1630 2345 fenestras
1648 2317 1750 2344 intelli-

121 2363 223 2412 σωμεν.
242 2363 416 2410 Ἐνεταφίασε
433 2363 499 2410 γοῦν
516 2375 531 2401 6
549 2373 648 2409 Ἰωσὴφ
663 2372 709 2399 τὸν
724 2369 848 2406 Ἰσραὴλ,
862 2378 891 2396 κο

961 2369 1012 2404 git.
1028 2368 1140 2403 Alioqui
1157 2367 1286 2394 ienestris
1300 2365 1422 2393 occlusis
1442 2372 1583 2399 nunquam
1601 2371 1651 2390 nos
1666 2363 1750 2390 letum

121 2409 173 2450 οὐκ
195 2409 368 2455 ὲϐδελύξατο·
391 2421 438 2448 καὶ
468 2420 537 2456 μετά
561 2419 675 2446 θάνατον
702 2415 840 2444 ἐπιπεσὼν
864 2416 891 2441 ὲτ

963 2413 1142 2448 opprimeret.
1154 2411 1253 2439 Verum
1270 2410 1337 2437 nihil
1353 2409 1425 2436 aliud
1440 2409 1567 2436 fenestra:
1576 2411 1652 2439 sunt,
1669 2415 1752 2441 quam

123 2469 269 2504 πρόσωπον
283 2452 533 2501 ᾖτεφίλησείΚαὶ
551 2465 582 2491 οὐ
598 2465 764 2500 γέγραπται,
777 2462 818 2489 ὅτι
833 2460 891 2488 ὲλού

965 2457 1094 2493 corporis
1112 2464 1222 2484 sensus.
1249 2457 1336 2489 visus,
1349 2455 1472 2484 auditus,
1487 2462 1535 2488 per
1560 2462 1630 2489 quos
1646 2453 1701 2488 28
1730 2452 1752 2479 si

124 2499 199 2546 σατο,
214 2515 258 2540 ἵνα
273 2499 436 2548 καθαρισθῇ.
460 2510 655 2545 Ἐνεταφίασαν
677 2509 702 2535 οἱ
723 2507 850 2543 ἄγγελοι,
873 2506 891 2532 ἁ

966 2504 1125 2539 peccemus',
1140 2510 1216 2529 mors
1238 2502 1310 2528 intra
1336 2508 1388 2528 nos
1417 2500 1579 2535 ingreditur.
1606 2499 1754 2526 Enimvero

124 2561 141 2595 ἡ
158 2560 198 2590 εἰς
213 2559 286 2594 ἡμᾶς
307 2545 426 2584 ἐλθοῦσα.
440 2555 591 2591 παράδοσις
605 2554 672 2589 ἔχει,
691 2553 721 2579 τὸ
736 2552 817 2587 σῶμα
829 2551 891 2578 Μωί

966 2548 1067 2584 Joscph
1079 2548 1207 2577 lsraelein
1229 2547 1339 2582 sepeliit
1349 2547 1371 2577 ’⁸.
1396 2554 1446 2573 nec
1461 2546 1614 2573 detestatus
1630 2549 1683 2576 est,
1699 2545 1754 2571 imo

126 2605 195 2637 σέως
208 2604 255 2631 τοῦ
272 2604 361 2638 ἁγίου,
379 2603 426 2629 καὶ
440 2603 507 2629 οὐκ*
526 2601 671 2628 ὲλύσαντο’
689 2598 746 2626 ἀλλ’
764 2598 826 2624 οῦτε
842 2597 889 2623 ὲκο

968 2600 1029 2631 post
1042 2595 1102 2630 ejus
1113 2600 1227 2622 mortem
1244 2594 1270 2620 in
1296 2593 1394 2620 faciem
1412 2593 1595 2628 procumbens
1608 2591 1754 2619 exoscula-

125 2636 251 2686 νώθῇσαν
264 2651 288 2676 oi
298 2636 414 2684 tinam
429 2647 484 2675 ἀπὸ
499 2646 546 2674 τοῦ
561 2646 640 2681 ἁγίου
653 2644 790 2680 σώματος.

968 2645 1015 2669 tus
1027 2645 1069 2669 est
1079 2641 1101 2669 ⁸.
1117 2640 1211 2676 Neque
1225 2645 1316 2666 tamen
1333 2640 1465 2673 scriptum
1494 2642 1537 2666 est
1565 2636 1696 2672 expiandi
1724 2643 1755 2662 se

127 2682 215 2731 gratia
229 2696 317 2731 ipsum
329 2682 461 2722 abluiSse.
476 2693 614 2720 Praeterea
626 2690 710 2719 Mosis
734 2696 848 2724 corpus,
864 2686 1097 2724 quemadmodum
1114 2694 1130 2714 a
1149 2686 1299 2721 majoribus
1323 2685 1483 2720 accepimus
1517 2683 1552 2710 ab
1580 2682 1688 2717 angelis
1717 2688 1755 2708 se-

128 2730 232 2779 pultum
250 2747 292 2770 est
306 2742 333 2773 ’ς
361 2749 451 2776 neque
466 2741 506 2768 illi
535 2745 628 2767 tamen
644 2738 695 2766 loti
716 2741 792 2767 sunt.
820 2743 853 2764 ac
882 2743 917 2762 ne
931 2734 1030 2770 polluti
1046 2734 1156 2770 quidem
1172 2733 1260 2761 sancti
1275 2731 1349 2759 illius
1363 2730 1489 2766 corporis
1503 2733 1619 2757 attactu.

154 2789 201 2816 .E’.
223 2789 278 2815 Καὶ
294 2788 367 2815 δέδια
387 2773 468 2815 παλιν
486 2786 523 2822 μὴ
545 2787 584 2817 είς
602 2784 679 2816 τέλος
694 2783 783 2811 ὲλάσω
803 2782 852 2818 τὴν
868 2791 891 2809 τ<

994 2780 1041 2812 .V.
1054 2780 1156 2831 Vegeor
1171 2788 1205 2807 ne
1217 2779 1244 2806 in
1261 2779 1312 2805 hoc
1326 2777 1501 2805 dissolvenda
1527 2775 1679 2811 quaestione
1695 2773 1756 2800 nul-

164 2871 175 2889 ι
192 2867 273 2895 Forte
285 2867 438 2894 ἐλούσαντο.
478 2867 488 2882 ¹
503 2865 564 2893 Act.
577 2872 605 2899 ιι,
619 2864 653 2891 57
667 2871 728 2900 sqq.
768 2863 777 2880 ³
790 2862 890 2891 Jerem.

942 2861 1004 2893 .21.
1045 2860 1054 2876 ⁸
1066 2860 1132 2888 Cen.
1156 2858 1239 2894 1.,15.
1279 2858 1288 2874 ³
1303 2857 1371 2885 ibid.
1403 2860 1413 2876 ι
1431 2856 1510 2884 Dcut.
1528 2862 1620 2887 xxxiv,
1637 2853 1654 2880 6
1667 2860 1730 2888 sqq.
