1944 3037
185 142 237 170 231

882 141 911 168 S.
932 140 1104 169 EPlPllANll

1760 142 1819 173 93?.

185 201 241 228 lum
255 199 357 227 exitum
384 198 505 225 inveniat.
528 198 628 226 oratio.
647 197 699 226 Sed
717 205 749 225 ex
765 206 821 225 una
851 199 986 234 alterave,

1032 201 1179 236 ζητήματος
1190 199 1321 227 ἐπίλυσιν.
1338 201 1397 236 Ἀφ’
1410 200 1469 232 ἐνὸς
1481 201 1509 228 δὲ
1519 201 1536 237 ἢ
1546 201 1671 238 δευτέρου
1683 201 1762 236 λόγου
1773 203 1819 229 δο-

185 246 294 274 ratione
313 253 423 279 sapiens
436 244 463 270 in
481 243 608 276 Domino,
630 250 727 271 contra
742 245 917 272 adversarios
933 246 975 272 iii-

185 296 317 318 structur.
336 289 375 316 Ad
392 290 449 316 luce
477 289 511 316 dc
527 289 633 324 Spiritu
661 294 770 322 sancto,
793 290 883 324 quoad
901 298 975 316 sum-

184 337 279 364 matim
311 337 497 370 perstringere
530 336 594 362 licet
625 343 711 370 pauca
742 336 835 363 dicere
862 336 976 363 minime

183 382 370 416 gravabiinur.
401 379 545 407 Mauil‘este
570 381 664 415 itaque
690 380 824 409 Dominus
858 382 976 409 subinde

186 425 270 461 Moysi
282 426 349 452 dicit
363 436 370 452 :
388 425 482 451 Addue
499 425 563 451 mihi
586 426 613 452 in
629 431 743 452 montem
762 433 815 452 Lxx
840 426 975 458 seniores;

185 477 210 498 et
227 472 359 504 accipiam
382 471 414 498 de
438 471 534 505 spiritu
552 476 607 503 tuo,
635 476 660 497 et
691 472 718 498 in
735 471 798 498 illos
828 471 974 506 effundam,

186 523 265 551 atque
279 516 358 543 iidem
371 517 475 543 auxilio
504 516 552 542 tibi
576 523 654 544 erant
670 518 689 543 ι.
705 516 742 544 De
768 517 825 544 lilio
847 524 911 544 vero
936 518 976 544 uti

185 570 429 598 cognosceremus,
448 561 530 589 Pater
541 562 578 588 ita
596 562 739 597 loquitur:
755 562 899 589 Faciamus
929 563 977 590 Ito-

185 610 282 635 mincm
300 608 334 634 ad
362 608 516 643 imaginem,
538 613 563 634 et
589 609 790 635 similitudinem
816 614 935 636 nostram
954 611 974 636 ².

185 654 270 689 Atqui
289 662 340 681 vox
362 653 424 685 ista,
443 654 588 687 faciamus,
609 662 663 680 non
687 662 771 681 unum
787 654 921 682 duntaxat
940 655 977 682 si-

187 700 311 735 gnificat.
325 699 402 730 Item,
420 699 492 726 I’luit
510 699 640 726 Dominus
658 700 685 726 in
706 700 853 726 Sodomam
880 705 905 727 et
922 699 976 727 Go-

186 745 321 771 morrham
341 746 426 780 ignem
454 750 478 771 et
499 745 611 779 sulphur
637 753 654 771 ιι
681 744 794 771 Domino
808 745 841 772 de
868 746 932 773 cwlo
955 747 976 774 ³.

186 790 265 824 Quod
284 796 374 817 autem
390 791 423 817 ad
442 791 591 825 prophetas
616 791 723 822 attinet,
750 795 898 826 postquam
925 792 976 819 Sa-

187 834 330 861 maritanis
344 834 466 869 quinque
488 833 574 862 Mosis
599 835 739 862 volumina
771 836 871 863 tradita
899 841 975 868 sunt.

1027 246 1139 282 ϐήσεται
1157 246 1195 282 τῷ
1214 247 1288 281 σοφῷ
1308 247 1468 282 σοφισθῆναι
1486 248 1514 273 ὲν
1533 248 1638 283 Κυρίῳ,
1656 249 1726 274 κατὰ
1741 248 1750 263 ⁸
1769 247 1818 274 τὸν

1026 293 1059 320 δι’
1073 293 1206 325 ἐναντίας.
1223 294 1254 319 Ei
1265 293 1292 319 δὲ
1307 294 1353 319 καὶ
1366 293 1430 328 περὶ
1445 292 1491 319 τοῦ
1507 293 1665 328 Πνεύματος
1675 293 1722 319 τοῦ
1736 293 1818 326 ἁγίου

1027 340 1103 366 ἔσται
1120 349 1164 376 μοι
1176 340 1204 367 ὲν
1218 340 1334 374 ἐπιτομῇ
1348 339 1506 373 λέγειν,‹›ὺκ
1518 339 1666 374 ὀκνήσαιμι
1677 339 1719 366 ἄν.
1732 340 1818 374 Διαρ-

1028 386 1112 422 ρήδην
1142 385 1231 411 τοίνυν
1257 384 1338 415 εὐθὺς
1358 385 1372 410 ὁ
1399 383 1501 418 Κύριος
1522 383 1596 417 λέγει
1623 383 1661 418 τῷ
1685 384 1814 410 Μωῡσεῖ·

1034 431 1178 466 ’Λνάγαγέ
1195 439 1246 465 μοι
1266 431 1310 463 εις
1329 430 1362 456 τὸ
1378 429 1446 464 ἔρος
1463 429 1667 462 ἑϐδομήκοντα
1687 431 1820 463 πρεσϐυ-

1027 477 1143 512 τέρους,
1162 477 1211 504 καὶ
1226 476 1361 511 λήψομαι
1374 476 1433 503 ἀπὸ
1450 476 1502 503 τοῦ
1516 476 1564 502 ἐπὶ
1580 475 1618 502 σὲ
1636 476 1818 510 πνεύματος,

1028 524 1078 550 καὶ
1103 522 1196 556 ἐκχεῶ
1218 523 1264 549 ἐπ’
1286 522 1408 555 αὐτοὺς,
1432 522 1483 548 καὶ
1505 521 1723 556 ἀντιλήψονταί
1746 529 1817 548 σου.

1028 570 1098 605 Περὶ
1122 569 1150 596 δὲ
1166 568 1213 596 τοῦ
1238 569 1313 601 Υῐοῦ,
1335 569 1410 600 ὅπως
1428 568 1538 604 γνῶμεν
1550 588 1557 600 ,
1573 569 1588 594 ὁ
1606 568 1699 603 Πατὴρ
1722 568 1817 602 λέγει’

1028 615 1204 649 Ποιήσωμεν
1220 615 1377 648 ἄνθρωπον
1391 614 1454 640 κατ’
1474 615 1576 640 εἰκόνα
1598 614 1745 648 ἡμετέραν·
1767 613 1818 639 καὶ

1029 663 1182 697 ὁμοίωσιν.
1201 661 1237 687 Τὸ
1251 661 1289 693 δὲ,
1303 660 1485 695 ποιήσωμεν,
1499 661 1548 695 οὐχ
1563 660 1622 692 ἑνός
1637 661 1695 686 ἐστι
1713 668 1820 695 σημαν-

1028 708 1112 734 τικόν.
1122 707 1178 735 Καὶ
1187 707 1289 741 ἔϐρεξε
1300 707 1407 741 Κύριος
1423 706 1472 734 ἐπι
1484 707 1601 741 Σόδομα
1617 706 1667 733 καὶ
1681 707 1820 740 Γόμορῤα

1029 754 1089 788 πῦρ
1107 754 1155 781 καὶ
1172 754 1252 781 θεῖον
1267 753 1347 787 παρὰ
1361 753 1471 786 Κυρίου
1484 753 1534 779 ἀπ’
1553 752 1692 786 οἰψανοῦ.
1706 753 1773 787 Περὶ
1789 752 1820 778 δὲ

1030 800 1191 846 προφητῶν,
1210 799 1304 834 ἐπειδὴ
1316 798 1384 834 ἐφοη
1401 799 1492 830 αὐτοῖς
1505 798 1615 834 δοθῆναι
1633 799 1650 834 ἡ
1668 799 1820 825 Πεντάτευ⁴

1029 844 1087 882 χος,
1102 846 1194 872 οὐκέτι
1215 847 1275 877 ταῖς
1292 844 1386 876 ἄλλαις
1400 845 1523 881 Γραφαῖς
1538 845 1710 880 ὲστοίχησαν,
1731 844 1787 870 ἀλλ’
1801 844 1818 878 ἢ
1838 871 1845 876 _

187 879 338 915 Scripturis
353 880 466 915 reliquis
494 889 669 916 nequaquam
695 882 802 909 assensi
819 887 899 916 sunt;
928 883 977 911 sed

1032 879 1099 929 μόνῃ
1120 893 1153 928 τῇ
1175 891 1371 927 Πεντατεύχῳ,
1391 879 1439 917 καὶ
1459 891 1488 918 οὐ
1506 891 1539 926 τῇ
1558 879 1645 926 λοιπῇν
1661 889 1817 925 ἀκολουθίᾳ.

186 926 344 961 praeterilla
369 927 490 960 quinque
515 931 614 953 caetera
644 931 880 962 contempserunt.
898 928 978 962 Quod

187 973 209 1000 si
227 973 290 1007 quis
303 972 375 999 alios
389 971 514 1005 objiciat,
543 972 626 999 veluti
649 972 778 1000 Davidem
795 978 842 1000 aut
866 974 976 1008 lsaiam,

186 1024 213 1043 et
225 1017 356 1051 reliquos,
370 1021 471 1051 negant
485 1025 515 1044 se
527 1025 576 1043 cos
588 1016 745 1050 admittere,
764 1023 846 1052 atque
872 1018 906 1045 iis
916 1026 978 1052 qua:

187 1073 202 1088 a
216 1062 366 1097 majoribus
382 1063 441 1090 suis
458 1068 624 1098 acceperunt
639 1063 818 1098 pertinaciter
834 1064 977 1092 insistunt.

188 1108 327 1135 llactenus
338 1113 434 1135 contra
447 1108 638 1136 Samaritanus
660 1117 675 1135 a
700 1109 779 1136 nobis
806 1109 976 1144 disputatum

187 1161 241 1186 cst,
259 1155 382 1189 adeoque
399 1155 506 1189 paucis,
529 1163 563 1182 ne
577 1156 684 1190 longius
701 1163 783 1190 quani
800 1156 920 1183 instituti
933 1164 978 1183 ra-

187 1201 226 1227 tio
242 1200 295 1227 iert
310 1208 466 1228 sermonem
482 1201 679 1235 producamus.

415 1257 555 1285 CONTRA
576 1258 745 1290 ESSENOS,

254 1313 320 1346 Qua:
334 1319 373 1341 est
387 1314 399 1340 1
413 1313 647 1341 Samaritanorum
659 1320 742 1347 secta,
762 1315 855 1343 ordine
869 1316 905 1343 X.

223 1403 470 1436 Quatuoromnino
492 1403 519 1430 in
533 1408 624 1432 sectas
651 1405 818 1431 Samaritani
835 1404 978 1432 distributi

187 1454 263 1477 sunt.
281 1449 333 1482 Qui
349 1457 412 1476 cum
428 1449 523 1476 cadent
550 1457 644 1477 secum
674 1450 791 1477 invicem
808 1451 929 1478 sentiant
944 1450 984 1478 de!

187 1495 412 1527 circmncisione,
429 1494 560 1527 Sabbato,
581 1496 696 1530 aliiSqne
723 1497 781 1531 lege
795 1496 977 1531 praescriptis.

187 1541 283 1575 paucis
296 1546 386 1568 tamen
399 1541 425 1567 in
441 1541 523 1568 rebus
540 1540 624 1567 trium
641 1541 755 1576 singula:
769 1550 784 1568 a
798 1542 912 1576 reliquis
924 1542 979 1569 dif-

188 1586 291 1613 ferunt.
307 1585 375 1613 Nam
389 1587 534 1613 Dositheos
547 1587 621 1614 solos
631 1587 749 1622 cxeipio.
764 1587 843 1620 Quod
856 1589 929 1615 enim
944 1589 976 1615 ad

188 1632 309 1660 Essenos
321 1637 435 1668 spectat,
465 1633 483 1658 ii
498 1633 571 1659 nulla
598 1640 627 1659 re
652 1634 839 1667 praetermissa
857 1634 977 1668 primum

188 1680 345 1707 institutum
359 1679 545 1713 retinuerunt.
561 1679 615 1714 29
631 1680 787 1707 Secundum
803 1681 852 1708 lios
860 1681 977 1708 Gortlic-

188 1726 246 1753 uia
264 1733 295 1752 se
327 1731 423 1752 mutuo
446 1725 554 1752 levibus
578 1726 612 1753 de
641 1727 733 1754 causis
758 1727 878 1762 separati
902 1730 977 1758 sunt,

188 1780 250 1800 cum
266 1773 365 1807 exigua
380 1773 504 1807 quaedam
517 1774 706 1800 controversia
717 1769 788 1801 inter
803 1775 878 1809 ipsos
892 1775 978 1802 inter-

188 1818 330 1848 cessisset,
351 1818 402 1845 lioc
415 1823 457 1845 est
472 1819 543 1845 inter
559 1817 701 1849 Selnneos,
720 1819 851 1851 Essenos,
866 1823 893 1846 et
907 1819 978 1846 Gor-

189 1864 297 1891 thcnos.
317 1863 383 1897 Qua:
401 1865 592 1892 controversia
621 1864 672 1891 fuit
686 1865 836 1900 ejusmodi.
851 1864 920 1892 Cum
936 1865 979 1893 lex

189 1911 310 1945 undique
326 1910 436 1938 Judzcos
461 1910 711 1946 Hierosolymitana
739 1913 878 1938 conlluere
897 1911 978 1946 jube-

188 1961 229 1983 ret
244 1956 265 1989 ⁵,
278 1957 360 1992 idque
376 1958 464 1985 tribus
488 1958 553 1985 anni
579 1959 767 1993 temporibus;
794 1959 924 1986 nimirum
950 1958 978 1985 in

188 2002 354 2038 Azymorum
371 2003 452 2036 festo,
467 2003 640 2038 Pentecoste,
654 2012 686 2032 ae
702 2005 870 2041 Scenopegia
882 2013 888 2030 :
899 2013 976 2032 cum-

223 2091 231 2107 ‘
247 2091 326 2118 Num.
345 2099 384 2124 xi,
402 2091 446 2120 16.
485 2093 496 2108 ³
514 2091 582 2120 Gen.
604 2100 625 2126 ι,
640 2092 685 2120 26.

224 2170 281 2231 g7?)
302 2170 468 2205 Παραόόσει
492 2169 530 2205 τῇ
546 2171 742 2205 προαχθείσῃ.
763 2170 876 2206 Regius,
894 2179 978 2206 προσ-

242 2214 253 2231 s
268 2213 312 2231 an.

187 2207 312 2232 ανῦεἱση.

206 2213 454 2276 χῖξίῗῃὲσσηνῶν.
464 2240 533 2273 Quid
549 2240 577 2267 in
592 2246 709 2268 mentem
727 2240 878 2275 Epiphanio
895 2247 976 2267 vene-

188 2276 233 2307 rit,
243 2280 271 2302 ut
281 2276 398 2303 Essenos
411 2276 590 2303 Samaritanis
605 2280 773 2307 accenseret,
789 2276 913 2302 divinare
922 2284 976 2302 non

188 2319 318 2346 possum;
338 2319 402 2337 nam
425 2310 663 2346 quod'Occurrcre
675 2315 774 2345 potest,
786 2319 871 2345 genus
889 2311 978 2345 quod-

187 2345 251 2374 dam
268 2345 432 2373 Essenorum
456 2346 540 2373 fuisse
557 2353 571 2372 a
587 2347 659 2373 notis
677 2347 731 2373 illis
749 2351 776 2372 et
791 2346 976 2373 sanctioribus

188 2381 340 2422 diversum,
359 2381 507 2422 probarent
527 2381 665 2422 equidem,
681 2382 704 2408 si
726 2381 797 2414 apud
810 2380 975 2422 Philonem,

188 2421 236 2442 aut
250 2416 410 2450 losepliuul,
423 2417 470 2450 qui
493 2415 526 2443 de
541 2415 708 2443 Essenorum
725 2416 880 2447 generibus,
900 2416 977 2443 insti—

188 2451 255 2478 tutis
280 2458 312 2476 ac
333 2450 455 2478 moribus
471 2451 677 2478 accuratissime
696 2453 874 2486 scripserunt,
892 2452 977 2478 vesti-

188 2486 261 2521 gium
287 2485 396 2520 aliquod
427 2494 559 2513 novorum
586 2486 712 2518 istorum,
736 2494 767 2512 ae
794 2486 976 2520 posteriorum

187 2523 343 2547 exsisteret.
357 2521 433 2547 Nunc
445 2529 506 2547 cum
520 2529 606 2556 neque
616 2522 671 2554 isti,
683 2529 733 2549 nec
752 2521 820 2548 alios
830 2521 976 2556 Quisquam

189 2556 230 2582 vel
247 2555 385 2582 levissime
397 2555 567 2590 signiﬁcarit,
581 2556 703 2583 \Essenns
717 2564 778 2583 eum
795 2555 976 2584 Samaritanis

189 2598 336 2617 commune
350 2590 489 2626 quidpiam
505 2591 644 2622 habuisse,
656 2599 773 2626 cumque
790 2591 860 2618 inter
868 2590 974 2618 Judzeo-

189 2634 248 2652 rum
265 2631 354 2653 sectas
365 2633 380 2651 a
392 2625 511 2661 Joscplio
523 2631 716 2653 recenseantur
731 2626 826 2653 Esseni
840 2635 847 2659 ;
865 2629 977 2661 apparet

188 2661 306 2695 primum
322 2668 410 2695 neque
430 2660 594 2687 Essenoruni
611 2661 691 2687 ullam
706 2662 775 2688 inter
790 2660 976 2689 Samaritanos

189 2696 275 2723 fuisse
287 2701 406 2728 sectam;
424 2703 512 2730 neque
530 2695 710 2730 Epiplianium
725 2696 797 2723 aliud
810 2695 976 2723 Essenorum

188 2739 285 2766 genus,
301 2739 364 2758 cum
388 2731 567 2758 Saniaritanis
597 2731 755 2761 ascriberet.
787 2731 975 2764 intellexisse,

189 2774 271 2801 quam
279 2766 499 2801 celeberrimlun,
509 2774 540 2793 ac
550 2766 764 2793 laudatissini-im
772 2766 850 2799 illud,
858 2774 976 2801 quorum

189 2799 315 2836 instituta
325 2801 403 2836 Philo
413 2808 444 2827 ac
450 2799 587 2835 Iosephus
600 2801 736 2828 uberrime
747 2799 974 2836 perscripserunt.

188 2835 348 2871 Quanquam
380 2835 500 2863 Ossenos
527 2841 620 2870 postea
648 2836 718 2871 inter
745 2835 872 2864 Judaicas
887 2841 976 2866 sectas

189 2870 396 2905 commemorat,
411 2872 457 2907 qui
472 2871 553 2899 iidem
569 2879 631 2899 cum
645 2870 755 2900 Esscnis
769 2871 903 2900 videntur.

1029 939 1088 966 Κᾶν
1103 947 1134 965 τε
1151 938 1180 965 δὲ
1193 939 1284 969 αὐτοῖς
1297 937 1363 973 εἴπῃ
1374 946 1416 968 τις
1425 937 1484 964 νυνὶ
1500 937 1564 972 περὶ
1574 937 1628 963 τῶν
1638 935 1735 965 ἄλλων.
1748 936 1821 970 φημὶ

1028 983 1058 1010 δὲ
1084 983 1150 1019 περὶ
1167 983 1249 1010 Δαϐὶδ
1268 983 1316 1009 καὶ
1335 982 1462 1014 Ἡσαΐου,
1482 982 1530 1008 καὶ
1551 981 1605 1008 τῶν
1632 981 1766 1017 καῡεξῆς,
1786 981 1818 1007 οὑ

1029 1029 1229 1066 παραδέχονται
1242 1049 1249 1062 ,
1267 1029 1445 1064 κατεχόμενοι
1466 1028 1614 1063 παραδόσει
1628 1029 1661 1063 τῇ
1676 1027 1820 1062 προαχθεὶ-

1030 1084 1064 1111 σῃ
1078 1075 1134 1111 (70)
1149 1075 1204 1107 τοῖς
1219 1075 1274 1102 ἀπὸ
1298 1074 1353 1100 τῶν
1379 1074 1450 1100 ἰδίων
1467 1073 1603 1109 πατέρων.
1619 1073 1674 1100 Καὶ
1694 1073 1745 1104 ἕως
1768 1069 1820 1099 ὧδε

1029 1121 1100 1148 ἔστω
1118 1129 1163 1156 μοι
1182 1121 1199 1156 ἡ
1221 1121 1286 1155 περὶ
1303 1119 1480 1155 Σαμαρειτῶν
1507 1119 1654 1154 ὑφήγησις,
1674 1119 1703 1144 ὲν
1723 1118 1822 1153 βραχεῖ

1031 1167 1080 1202 μὲν
1093 1166 1133 1202 τῷ
1149 1166 1222 1202 λόγῳ
1238 1166 1383 1202 εἰρημένη,
1398 1166 1431 1191 δι’
1445 1166 1474 1192 ὃν
1493 1164 1654 1200 προορῶμαι
1671 1164 1762 1199 φόϐον,
1781 1165 1820 1199 μὴ

1029 1213 1197 1244 ἐκτεῖναιείς
1214 1211 1315 1244 πλάτος
1328 1212 1376 1247 τὴν
1388 1212 1534 1246 ὑπόσχεσιν
1551 1211 1602 1245 τῆς
1620 1210 1782 1244 συντάξεως.

1253 1268 1347 1295 ΚΑΤΑ
1366 1267 1525 1294 ammon
1539 1266 1606 1302 (τι),

1030 1326 1132 1361 Πρώτη
1158 1326 1274 1360 αἵρεσις
1297 1325 1356 1361 ἀπὸ
1376 1323 1573 1361 Σαμαρειτῶν,
1598 1322 1707 1356 δεκάτη
1727 1322 1761 1349 δὲ
1783 1321 1821 1357 τῇ

1335 1360 1509 1392 ἀκολουθίᾳ.

1067 1406 1113 1437 Εἰς
1139 1405 1274 1440 τέσσαρας
1295 1404 1345 1439 μὲν
1369 1403 1488 1439 αἱρέσεις
1505 1404 1672 1438 Σαμαρεῖται
1698 1402 1819 1438 ἐτμήθη-

1032 1460 1081 1478 σαν
1090 1460 1096 1466 ·
1109 1450 1143 1476 τὰ
1160 1450 1205 1476 ἴσα
1219 1450 1248 1476 δὲ
1260 1449 1422 1485 φρονοῦντες
1434 1449 1558 1483 ἀλλήλοις
1574 1450 1707 1484 περιτομῇ
1724 1457 1754 1474 τε
1771 1448 1821 1474 καὶ

1031 1498 1172 1532 Σαεὸάτῳ,
1188 1497 1236 1523 καὶ
1250 1497 1302 1522 τῶν
1313 1496 1399 1523 ἄλλων
1413 1496 1467 1522 τῶν
1483 1497 1511 1522 ὲν
1527 1496 1611 1530 νόμῳ,
1623 1496 1652 1521 ἐν
1664 1495 1759 1530 βραχεῖ
1773 1495 1821 1521 καὶ

1031 1544 1060 1570 ἓν
1070 1553 1122 1570 τινι
1132 1542 1222 1574 ποσῶς
1234 1543 1348 1574 ἕκαστος
1361 1542 1414 1568 τῶν
1424 1542 1507 1577 τριῶν
1516 1541 1583 1577 Tt‘nb;
1595 1542 1658 1573 τοὺς
1671 1541 1754 1572 πέλας
1763 1541 1821 1567 δια-

1032 1590 1156 1624 φέρεται,
1172 1589 1242 1623 πλὴν
1258 1588 1312 1614 τῶν
1333 1588 1465 1614 Δοσιϐἑων
1482 1588 1572 1622 μόνον.
1592 1587 1748 1622 Ἐνέμειναν
1765 1589 1821 1622 γὰρ

1031 1636 1057 1662 οἱ
1075 1635 1200 1669 Ἐσσηνοὶ
1212 1636 1244 1670 τῇ
1262 1634 1354 1670 πρώτῃ
1370 1634 1464 1668 ἀγωγῇ
1482 1633 1564 1668 μηδὲν
1578 1632 1820 1668 ὑπερϐαλλόμενοι.

1032 1679 1109 1707 Μετὰ
1126 1679 1239 1710 τούτους
1255 1678 1385 1714 Γορθηνοὶ
1398 1677 1568 1713 διεφώνησαν
1583 1677 1639 1713 ('72)
1656 1678 1724 1712 πρὸς
1739 1677 1821 1712 ἀλλή-

1031 1727 1094 1758 λους
1108 1726 1152 1752 διὰ
1169 1725 1284 1760 σμικρόν
1294 1734 1333 1751 τι·
1353 1725 1504 1759 ἐπειδήπερ
1525 1724 1665 1758 ἀντιλογία
1681 1733 1723 1755 τις
1739 1724 1821 1758 μέσον

1032 1772 1123 1799 αὐτῶν
1146 1771 1312 1807 γεγένηται,
1334 1771 1406 1806 φημὶ
1430 1770 1458 1796 δὲ
1487 1769 1568 1804 μέσον
1596 1769 1748 1795 Σεϐουαίων
1774 1770 1820 1796 καὶ

1038 1818 1175 1852 Ἐσσηνῶν
1189 1817 1237 1843 καὶ
1247 1816 1399 1852 Γοροηνῶν.
1420 1816 1452 1842 'H
1464 1815 1491 1841 δὲ
1507 1815 1645 1849 ἀντιλογία
1659 1815 1753 1841 τοῦτον
1765 1814 1821 1849 ἔχει

1030 1865 1076 1891 τὸν
1093 1865 1203 1900 τρόπον.
1234 1864 1263 1890 '0
1280 1863 1362 1898 νόμος
1383 1861 1509 1889 ἐκέλευεν
1530 1862 1587 1896 (75)
1604 1862 1636 1888 ἐκ
1654 1861 1821 1896 πανταχόῢεν

1030 1910 1094 1942 τοὺς
1119 1909 1263 1940 Ἰουδαίους
1282 1908 1509 1944 συναθροίζεσθαι
1530 1909 1569 1939 εἰς
1583 1907 1618 1934 τὰ
1637 1907 1819 1942 Ἰεροσόλυμα.

1031 1957 1164 1988 Πολλάκις
1177 1955 1227 1990 μὲν
1241 1953 1287 1981 οὖν
1300 1955 1371 1981 κατὰ
1383 1955 1458 1988 τρεῖς
1470 1954 1582 1989 καιροὺς
1592 1953 1639 1979 τοῦ
1653 1952 1740 1984 ἔτους,
1751 1953 1820 1979 κατὰ

1029 2012 1060 2030 τε
1079 2002 1133 2030 τῶν
1155 2001 1291 2037 Ἀζύμων,
1310 1999 1444 2028 καὶκατὰ
1463 1999 1667 2034 Πεντηκοστὴν,
1687 1999 1734 2025 καὶ
1749 1997 1819 2024 κατὰ

724 2093 734 2109 ³
756 2092 826 2120 Gen.
844 2100 902 2125 xix,
915 2092 961 2120 2/5.
999 2091 1011 2108 ’⁸
1025 2091 1112 2119 Exod.
1128 2098 1207 2122 xxni,
1218 2089 1265 2116 '23.
1304 2093 1315 2108 ⁵
1328 2088 1410 2116 Forte
1426 2088 1490 2116 τῶν.

1073 2167 1222 2205 (72)_qu&
1232 2167 1728 2205 τούτουςζορθηνοζλὸιεφῴνησην.
1744 2168 1818 2202 Quo-

993 2215 1014 2240 ι)
1030 2203 1113 2235 modo
1125 2203 1342 2240 Gortlienijrpbg
1355 2203 1650 2240 aliﬁkougdisseiitire
1659 2206 1819 2239 creperum?

1030 2242 1098 2269 Nam
1113 2240 1187 2267 nulla
1203 2239 1247 2266 hic
1260 2237 1462 2265 Gertlienorum
1480 2237 1607 2270 divortia,
1625 2237 1715 2266 sectas
1729 2241 1818 2267 nullas

1029 2279 1191 2305 enumerat:
1209 2279 1234 2310 et
1247 2273 1413 2310 ὲπξξήγησις
1492 2281 1553 2310 (μειβ
1569 2274 1732 2307 subjicitur:
1744 2276 1818 2310 Φημὶ

1029 2313 1057 2339 δὲ
1076 2312 1161 2348 μέσονΔ
1175 2308 1349 2348 Σεϐουαίειίνμ
1364 2309 1411 2335 καὶ
1432 2308 1570 2348 Ἐσσηνῶν
1589 2310 1637 2348 ῥιπὶ
1654 2308 1795 2348 [ορθηνῶν
1807 2319 1814 2326 ο

1031 2343 1121 2381 ιιηξιιίι
1137 2344 1167 2370 τὸ
1190 2343 1258 2381 προς
1274 2344 1404 2379 ἀλλήλους
1426 2351 1482 2381 non
1502 2343 1535 2370 ad
1555 2344 1629 2381 solos
1651 2343 1816 2381 Gortlienos,

1029 2378 1077 2410 sed
1099 2381 1132 2408 ad
1153 2378 1288 2415 ιτςςόλας
1311 2378 1399 2406 sectas
1415 2378 1560 2415 pertinere.
1578 2379 1658 2414 Atqui
1675 2379 1817 2415 διαφωνεῖν

1030 2418 1099 2453 πρὸς
1116 2414 1247 2453 ἀλλήλους
1258 2414 1351 2453 Graece
1361 2422 1416 2453 non
1428 2419 1470 2441 cst
1485 2414 1554 2453 πρὸς
1567 2414 1672 2453 ἄλλους,
1689 2414 1818 2443 Fortasse

1030 2449 1114 2487 igitur
1130 2450 1227 2487 ἄλλους
1246 2457 1295 2487 pro
1309 2449 1440 2485 ἀλλήλους
1449 2449 1699 2487 substituenduni;
1721 2456 1817 2485 postu-

1030 2484 1105 2514 labat
1120 2487 1137 2521 ἡ
1154 2484 1310 2514 ἀκολουθία,
1326 2490 1356 2511 ut
1379 2492 1428 2519 pro
1449 2484 1580 2520 Γορθηνοί
1605 2484 1774 2513 scriberetur
1790 2487 1816 2512 οί

1029 2521 1128 2552 λοιποί,
1144 2521 1186 2547 vel
1200 2526 1281 2546 sectae
1297 2524 1352 2547 tres
1367 2524 1586 2547 recenserentur.

1066 2556 1122 2591 (75)
1144 2556 1175 2581 '0
1193 2555 1285 2591 νόμος
1307 2555 1457 2591 ἐκέλευεν.
1484 2554 1584 2582 Mirum
1601 2560 1643 2583 est
1667 2555 1740 2591 quod
1763 2555 1815 2583 hoc

1031 2592 1093 2620 loco
1105 2589 1211 2622 narrat,
1231 2589 1467 2617 Samaritanorum
1483 2590 1556 2618 inter
1573 2599 1602 2619 se
1619 2589 1764 2618 dissidium
1780 2592 1816 2618 ab

1029 2627 1104 2658 odio,
1120 2631 1146 2654 et
1161 2625 1260 2660 jnrgiis
1276 2633 1413 2658 manasse,
1425 2626 1497 2660 quod
1512 2633 1544 2652 ea
1556 2626 1630 2653 natio
1641 2634 1703 2653 cuni
1713 2625 1816 2654 Judaeis

1029 2666 1159 2690 exercet:
1176 2668 1239 2687 nam
1255 2660 1277 2688 si
1293 2667 1355 2687 eum
1372 2661 1601 2695 prmtereuntibus
1622 2661 1723 2689 Judaeis
1744 2662 1816 2688 rixa-

1030 2697 1143 2728 bantnr,
1156 2703 1218 2730 quae
1234 2702 1317 2722 causa
1340 2695 1402 2728 luit,
1427 2703 1478 2722 cur
1494 2704 1509 2722 a
1527 2704 1557 2723 se
1578 2697 1693 2724 invicem
1708 2697 1817 2724 dissen-

1030 2732 1134 2760 tirent?
1150 2731 1209 2758 Non
1229 2730 1255 2757 id
1271 2731 1391 2765 explicat
1407 2730 1577 2765 Epiphanius
1593 2741 1600 2759 :
1619 2735 1646 2759 et
1667 2732 1742 2759 aliud
1759 2733 1816 2766 agit

1030 2768 1163 2794 omnino:
1185 2766 1290 2793 Etenim
1313 2766 1504 2800 συμπληγάδες
1527 2768 1585 2794 ista:
1606 2775 1659 2794 non
1675 2772 1741 2794 sunt
1761 2767 1816 2793 τῶν

1031 2801 1207 2838 Σαμαρειτῶν
1235 2800 1304 2836 πρὸς
1327 2801 1474 2836 ἀλλήλους,
1499 2802 1546 2829 sed
1568 2802 1636 2838 πρὸς
1659 2803 1722 2834 τοὺς
1750 2803 1815 2829 ‘lou-

1030 2839 1129 2870 δαίους.
