1944 3037
157 119 213 147 τις

513 119 696 149 ΑυνΕιιευδ
715 119 885 148 HAERESES
902 119 949 147 ΙΛιὲ

1002 141 1006 148 .
1027 118 1108 146 TOM.
1131 119 1150 146 1.
1171 134 1206 138 -
1226 117 1360 145 ιιΑιιιιξδ.
1378 116 1436 144 XV.

1728 95 1782 142 sic

160 177 256 212 ἱμάτια
280 176 429 207 ἐπετίθετο,
453 177 574 204 τουτέστι
590 178 693 204 πλατέα
717 178 825 213 σήματα
841 177 945 214 πορφύ-

1002 176 1098 212 gelium
1119 175 1273 203 meminerit
1291 175 1314 206 ι,
1328 174 1464 209 suspicari
1486 173 1619 209 quispiam
1636 173 1733 209 possit,
1747 173 1782 201 de

161 230 213 257 ρας
235 221 300 256 (97').
322 221 451 256 Νομίσειε
467 221 488 247 δ’
512 222 544 248 ἅν
563 231 615 254 τις,
634 222 781 257 ἐπειδήπερ
794 222 842 249 καὶ
858 223 887 248 ὲν
907 220 946 256 τῷ

161 267 318 302 Εὑαγγελιῳ
330 267 341 282 ²
356 267 443 301 τούτῳ
457 268 616 302 ἐμφέρεται,
634 268 671 303 μὴ
688 267 742 303 ἄρα
764 268 774 283 ³
789 269 946 303 περιάπτων

159 314 245 348 λέγει.
270 313 377 348 Ἐπειδὴ
401 313 456 349 γὰρ
478 314 525 340 καὶ
546 314 655 341 είώθασί
669 323 740 345 τινες
752 314 785 341 τὰ
808 315 946 349 περίαπτα

161 359 334 395 φυλακτήρια
360 359 514 394 ὀνομάζειν
532 360 582 386 οὐκ
603 359 660 395 ἔχει
676 360 704 386 δὲ
721 361 735 386 ὀ
757 360 835 394 λόγος
852 360 882 386 τὸ
894 368 946 386 πα-

163 405 254 440 ράπαν
269 404 331 440 περὶ
347 404 442 431 τούτου
452 413 459 420 ο
476 405 532 431 ἀλλ’
546 405 638 440 ἐπειδὴ
654 405 760 438 στολὰς,
776 407 825 433 εἴτ’
837 404 882 433 οὖν
896 406 946 441 ἀμ-

163 449 280 484 πεχόνας
303 450 326 476 οἱ
348 449 462 476 τοιοῦτοι
483 450 672 482 ἀνεϐάλλοντο,
694 451 740 477 καὶ
764 451 944 487 Δαλματικὰς,

161 495 211 522 εἴτ’
225 493 270 521 οὖν
294 495 465 528 Κολοὸίωνας
488 497 520 522 ὲκ
544 495 727 532 πλατυσήμων
747 497 791 524 διὰ
804 498 946 533 πορφύρας

162 541 358 576 ἀλουργοῡφείς
379 543 642 577 κατεσκευασμένας,
666 544 699 569 τὰ
722 543 750 569 δὲ
768 544 876 579 σήματα
898 545 947 579 τῆς

161 587 306 622 πορφύρας
322 587 493 623 φυλακτήρια
504 587 630 615 εἰώθασιν
645 589 670 615 οἱ
687 589 869 624 ήκριὸωμένοι
882 598 946 624 μετ-

159 632 320 667 ονομάζειν’
345 633 439 659 τούτου
460 633 553 661 ἕνεκεν
576 634 748 671 φυλακτήρια
768 635 836 661 αὐτὰ
867 635 913 661 καὶ
933 635 948 661 ὁ

162 677 265 713 Κύριος
278 680 338 705 κατ’
361 679 481 711 ἐκείνους
496 679 599 715 εἴρηκε.
617 679 697 715 Δηλοί
716 679 744 706 δὲ
765 681 782 715 ή
804 680 948 707 ἀκολουθία

161 724 211 759 τὴν
236 724 334 759 φράσιν
359 724 410 759 τῆς
434 725 590 760 ὀνομασίας,
612 726 659 752 καὶ
682 725 717 752 τὰ
739 725 878 761 κράσπεδα
894 726 948 752 τῶν

161 771 294 805 ἱματίων·
309 771 343 798 τὰ
360 771 510 807 κράσπεδα,
528 772 571 798 ἵνα
596 773 661 809 εἴπῃ
683 772 831 807 κροσσούς·
849 773 896 799 καὶ
913 772 948 798 τὰ

161 816 343 851 φυλακτήρια,
371 816 414 842 ῐνα
439 816 503 851 εἴπῃ
529 816 578 851 τῆς
602 815 743 852 πορφύρας
771 816 805 842 τὰ
829 817 946 851 σήματα.

998 221 1126 249 amuletis
1140 221 1182 248 hic
1200 227 1359 248 sermonem
1374 219 1482 246 institui
1497 227 1503 244 :
1517 219 1588 254 quod
1612 226 1627 245 a
1642 218 1782 246 nonnullis

999 269 1116 296 amuleta
1145 268 1316 303 phylacteria
1338 270 1480 294 vocentur.
1497 265 1597 293 Verum
1626 266 1705 300 longe
1728 266 1781 293 alia

999 315 1069 342 ratio
1082 319 1133 341 est.
1160 313 1265 348 Quippe
1287 320 1349 340 cum
1365 312 1453 344 stolis,
1469 312 1527 340 sive
1554 312 1710 339 vestimenti
1735 320 1781 347 ge-

999 369 1064 390 nere
1080 361 1198 396 quodam
1218 364 1359 388 uterentur
1374 360 1430 392 isti.
1454 359 1528 395 quod
1545 359 1719 390 Dalmaticas,
1735 364 1782 386 aut

999 407 1114 435 Colobia
1128 407 1267 442 appellare
1282 414 1439 442 possumus,
1464 414 1524 441 quae
1546 406 1723 440 amplioribus
1749 413 1781 432 ex

999 461 1120 488 purpura
1129 453 1276 488 segmentis
1283 453 1335 488 33
1343 457 1421 479 erant
1436 453 1548 480 intexta.
1564 451 1704 486 Ejusmodi
1718 459 1781 485 por-

999 507 1031 526 ro
1053 503 1186 534 scgmata,
1204 499 1250 534 qui
1281 498 1446 525 accuratius-
1463 499 1627 533 loquuntur,
1640 498 1782 525 nominare

999 544 1166 579 phylacteria
1185 544 1284 571 solent.
1303 543 1404 571 Horum
1419 543 1644 571 consuetudinem
1671 547 1783 570 secutus

999 589 1133 617 Dominus
1143 589 1236 617 eadem
1254 589 1299 616 illa
1315 589 1481 624 phylacteria
1492 589 1671 623 nuncupavit.
1687 588 1741 616 Sed
1756 592 1783 615 et

1000 635 1141 670 sequentia
1153 635 1187 662 de
1202 635 1362 669 aCCeptione
1373 635 1448 662 vocis
1465 634 1546 662 istius
1573 634 1646 661 haud
1671 633 1782 661 dubiam

1000 681 1079 709 ﬁdem
1101 681 1216 708 t‘aciunt.
1244 680 1361 715 Subjicit
1386 681 1476 713 enim;
1498 685 1524 708 et
1555 680 1782 707 vestimentorum

998 726 1149 762 κράσπεδα,
1164 726 1216 754 hoc
1226 731 1267 754 est
1283 726 1412 754 limbrias.
1444 724 1479 752 Ita
1492 730 1518 752 et
1533 726 1700 762 phylacteria
1717 733 1783 760 pur-

999 779 1098 807 pureos
1109 772 1170 799 illos
1182 779 1251 807 quos
1264 772 1320 799 dixi
1339 773 1430 800 clavos
1458 772 1612 806 appellavit.
1637 771 1781 804 Quoniam,

1001 818 1099 852 inquit,
1113 817 1235 845 dilatatis
1249 817 1422 852 pltylacteria,
1447 822 1471 844 et
1486 816 1604 851 ﬁmbrias
1617 817 1783 844 vestimento-

157 848 230 895 φησι
242 848 295 896 γάρ
305 869 311 875 ·
330 860 396 887 ὀτι
408 848 576 888 «datavere
585 860 622 888 τὰ
634 848 832 895 ςρύλακτήρια,
850 848 897 887 καὶ
913 861 947 888 τὰ

1002 870 1058 889 rum
1069 862 1210 897 ampliores
1225 862 1313 896 facitis
1326 862 1346 888 ⁸.
1373 862 1478 890 Etenim
1494 860 1639 897 corymbos
1669 861 1783 896 punico-

159 905 317 940 κράσπεδα
337 905 395 933 τῶν
420 907 542 941 ἱματίων
557 906 639 941 ὑμῶν
653 907 846 941 μεγαλύνετε.
876 906 947 934 Ῥοτ-

161 960 243 983 σκους
256 951 310 987 γάρ
326 960 402 983 τινας
424 952 470 978 ἐπὶ
489 951 524 978 τὰ
545 952 664 987 τέσσαρα
680 952 735 988 (98)
752 952 886 987 πτερύγια
900 952 946 979 τοῦ

159 998 292 1033 τρίὸωνος
314 998 429 1029 ἕκαστος
455 995 538 1033 εἶχεν,
566 997 597 1030 ἐξ
622 998 704 1025 αὑτοῦ
731 998 779 1025 τοῦ
814 999 948 1034 στήμονος

159 1043 388 1079 καταδεδεμένους
404 1044 432 1069 ὲν
449 1040 471 1078 ᾧ
493 1043 582 1078 χρόνῳ
595 1043 797 1079 ὲνεκρατεύετο,
813 1044 829 1079 ἢ
845 1045 947 1079 παρθε-

158 1089 219 1115 νίαν
235 1089 324 1124 ἡσκει,
348 1089 457 1125 Ἐπειδὴ
480 1089 535 1125 γὰρ
552 1089 667 1121 ἕκαστος
693 1089 843 1125 ταξάμενος
867 1090 948 1126 ὥριζε

997 916 1058 935 rum
1080 908 1214 936 malorum
1236 908 1327 943 specie
1337 913 1456 943 quatuor
1470 917 1485 936 e
1502 909 1576 943 pallii
1596 907 1704 935 laciniis
1721 915 1785 942 pen-

999 953 1104 986 dentes,
1120 958 1201 988 atque
1213 961 1244 980 ex
1259 954 1318 988 ipso
1332 954 1449 981 stamine
1472 953 1599 988 alligatos
1613 961 1645 980 eo
1661 957 1783 987 tempore

999 1000 1141 1034 gerebant.
1157 1006 1212 1033 quo
1237 999 1433 1026 continentiam
1456 1003 1503 1026 aut
1519 998 1708 1034 virginitatem
1725 1005 1784 1026 ser-

1000 1046 1110 1071 vabant.
1125 1043 1191 1071 Nam
1210 1045 1325 1080 quilibet
1339 1049 1444 1072 certum
1471 1045 1522 1072 sibi
1548 1050 1655 1079 tempus
1671 1044 1783 1071 castita-

1001 1092 1047 1123 tis,
1068 1095 1115 1118 aut
1126 1091 1302 1119 continentiae
1315 1091 1510 1127 praescribebat
1522 1099 1529 1123 ;
1559 1096 1639 1124 atque
1653 1090 1697 1116 illa
1711 1090 1785 1116 velut

195 1166 203 1181 ¹
221 1165 316 1192 Matth.
332 1174 358 1198 ν,
374 1165 420 1193 25.
458 1166 468 1182 ¹
484 1165 564 1194 Forte
581 1165 669 1193 τοῦτο.
699 1166 709 1182 ³
728 1165 809 1194 Deest
820 1167 894 1202 περί.
932 1166 943 1183 ⁸

1002 1167 1053 1195 tth.
1072 1175 1148 1200 χχιιι,
1160 1168 1190 1196 ὁ.

157 1251 231 1271 com.
254 1244 287 1276 8,
304 1251 365 1271 cum
392 1244 582 1271 mandatorum
607 1252 718 1272 suorum
740 1244 832 1279 jugem
858 1249 886 1272 et
902 1252 947 1272 as-

159 1279 266 1306 siduam
298 1279 498 1306 meditationem
532 1280 690 1314 praeciperet
718 1279 810 1307 Deus:
843 1279 878 1306 Et
914 1281 949 1306 li-

160 1314 255 1349 gabis,
276 1313 384 1348 inquit,
415 1322 446 1341 ea
475 1313 552 1349 quasi
583 1313 686 1349 sianum
713 1315 740 1341 in
771 1323 851 1341 manu
881 1319 947 1346 tua,

160 1354 285 1383 eruntque
304 1353 329 1376 et
345 1350 514 1376 movebuntur
530 1349 598 1376 inter
614 1350 703 1376 oculos
720 1354 794 1382 tuos,
817 1349 947 1377 Hebraice

159 1395 236 1435 ΤἏΪἸ
257 1395 311 1435 ,Γπ
327 1384 525 1435 ΠΊΣᾩῸξ-ῚῩΠῚ-
539 1433 543 1435 ἓ
555 1391 698 1419 Chaldmus
722 1384 830 1435 ’μίξει-ιθ,
844 1391 881 1419 De
896 1391 949 1435 Τρ-

160 1433 276 1467 taphoth
300 1437 354 1468 tant
368 1433 414 1468 fab
441 1433 579 1465 "eburis,
601 1440 681 1468 quam
708 1433 731 1459 a'
747 1434 855 1468 nostris
874 1433 949 1460 varie

160 1467 324 1500 disputatur.
345 1467 413 1494 LXX
428 1476 477 1502 pro
496 1476 527 1495 ea
553 1475 618 1495 voce
631 1487 639 1497 .
657 1468 792 1494 ὰσὰλευτα
812 1467 947 1496 reddunt:

161 1503 208 1529 καὶ
230 1502 349 1529 ἔστωσαν
368 1503 504 1538 ἀσάλευτα
521 1502 573 1538 πρὸ
589 1503 734 1537 ὀφθαλμῶν
762 1511 820 1532 σου.
845 1506 871 1538 et
895 1504 950 1529 sint

161 1537 318 1565 inmobilia.
350 1538 384 1564 At
415 1537 652 1573 Scaligcr'inepte
678 1538 792 1565 credidit
811 1537 947 1564 ἀσάλευτα

161 1573 232 1599 idem
248 1580 309 1599 esse
321 1593 328 1604 ,
346 1577 426 1607 atque
454 1573 589 1600 antuteta:
616 1581 695 1604 quam
714 1580 801 1599 vocem
815 1591 821 1602 ,
849 1572 946 1606 inquit,

158 1608 329 1642 grammatici
356 1607 472 1634 nondum
488 1608 515 1634 in
537 1616 586 1634 sua
600 1607 696 1634 Lexica
716 1607 869 1634 retulerunt.
890 1607 948 1634 Ita-

162 1650 211 1676 que
225 1642 294 1669 idem
310 1648 349 1669 est
364 1643 521 1674 ἀσάλευτον,
536 1643 582 1668 καὶ
597 1643 788 1677 φυλακτήριον.
808 1642 860 1668 Sed
878 1642 949 1670 unde

163 1651 211 1676 que
225 1651 294 1669 mem
310 1651 349 1669 est
364 1651 521 1674 ασαΑευτον,
536 1651 582 1668 και
617 1651 788 1677 υλακτηριον.
809 1651 860 1668 neu
878 1651 948 1670 unae

163 1677 214 1703 hoc
229 1677 337 1704 tandem
352 1678 453 1704 habet?
467 1677 532 1704 Nam
547 1651 684 1704 ἀσάιλευτα
698 1685 750 1704 non
768 1677 948 1709 substantive,

162 1712 298 1747 nequead
317 1720 371 1739 rem
385 1717 485 1739 certam
503 1712 707 1747 signiﬁcandam
721 1721 727 1739 :
745 1712 790 1739 sed
806 1712 947 1746 adjective,

161 1750 191 1774 et
203 1746 335 1783 ἀορίστως
350 1746 638 1783 ιιειιιρςιιοιιιιῐίιςι-ιιιιι,
654 1747 753 1782 inquit.
767 1748 876 1783 immota
890 1752 950 1774 ante

164 1781 254 1809 oculos
270 1787 338 1809 tuos.
356 1781 446 1814 Quare
468 1783 547 1817 [liget
564 1783 621 1809 ha'c
640 1790 716 1809 nova!
732 1782 950 1817 vocigobserva—

164 1817 213 1843 tio.
232 1817 319 1844 Locus
336 1822 378 1844 est
393 1817 487 1844 Matth.
503 1816 582 1848 ιιιιιιι,
596 1817 623 1849 5,
640 1818 668 1844 in
683 1824 737 1852 quo
750 1819 782 1843 ad
796 1816 949 1850 Totaphoth

163 1856 191 1877 et
221 1852 345 1879 lrontalia
362 1852 486 1880 Christus
511 1857 662 1886 respectum
690 1852 816 1879 habuisse
833 1852 948 1879 videtur.

164 1886 231 1913 Nam
256 1886 410 1914 Pharistros
440 1888 645 1922 perstringens:
673 1887 794 1914 Dilatant
808 1906 829 1922 ,ί
852 1886 950 1922 inquit,

164 1921 327 1956 phylacteria
351 1930 400 1948 sua
426 1921 450 1948 ei
473 1921 644 1956 magni/iram
668 1922 797 1956 ﬁmbrias.
814 1921 899 1954 Quem
917 1922 951 1948 ad

166 1958 253 1983 locum
271 1956 425 1991 Hieronym.
443 1957 647 1992 Phariszeorumi
665 1957 884 1992 superstitionem
901 1964 952 1983 no-

165 1995 205 2018 tat
218 2013 225 2023 ,
246 1992 291 2026 qui
314 1992 386 2027 quod
410 1992 570 2026 simpliciter
600 2000 614 2019 a
634 1991 688 2020 Deo
706 1991 862 2018 mandatum
881 1996 950 2023 erat,

167 2031 197 2053 ut
213 2027 238 2053 in
256 2028 313 2060 lege
326 2026 481 2054 ineditanda
500 2027 723 2061 observandaque
737 2026 845 2053 assidue
860 2033 953 2054 versa-

166 2066 278 2095 rentur;
296 2064 388 2096 utique
403 2062 447 2088 illa
461 2068 523 2090 ante
538 2062 633 2089 oculos
649 2065 778 2097 perpetuo
794 2061 872 2096 quasi
894 2069 952 2088 mo-

166 2097 315 2123 nimentum
329 2097 465 2131 quoddam
481 2101 599 2124 exstaret
614 2117 622 2128 ,
638 2097 675 2123 ita
687 2097 855 2131 interpretati
875 2100 951 2128 sunt,

166 2133 245 2166 quasi
265 2131 429 2167 descriptam
454 2132 481 2158 in
505 2132 671 2159 membranis
693 2132 778 2167 legem
791 2151 799 2162 .
815 2135 842 2158 et
858 2131 953 2158 fronti-

167 2167 218 2193 bus
247 2166 383 2202 alligatam
406 2167 507 2202 gestari
535 2166 872 2202 praeciperet.rQuocircar
895 2167 952 2193 haec

164 2201 260 2237 opinio
282 2194 435 2237 Hieronymi
461 2194 651 2233 t‘uit,‘nullu'm
671 2194 778 2228 Judzeos
793 2201 950 2237 mandatum
967 2194 989 2221 Ῑ)

168 2236 295 2264 habuisse
309 2236 342 2264 de
354 2236 537 2272 pliylacteriis,
554 2244 585 2263 ac
602 2237 764 2264 frontalibus
774 2236 950 2272 membranis;

168 2274 215 2298 Sed
229 2279 322 2299 crasse
343 2272 402 2298 illos
417 2277 444 2298 et
467 2272 591 2306 imperite
612 2272 733 2298 divinum
760 2271 892 2306 monitum
908 2278 954 2298 ac-

166 2307 283 2341 cepisse.
305 2306 389 2339 Quam
403 2307 438 2333 ob
451 2305 561 2334 causam
578 2308 710 2334 acerrime
728 2314 743 2332 a
755 2305 895 2340 Scaligero
910 2314 954 2333 re-

169 2342 318 2376 prehensus
333 2346 395 2375 est;
415 2343 459 2376 qui
480 2350 513 2368 ex
533 2342 599 2376 ipsis
615 2342 680 2376 legis
696 2341 787 2368 verbis
805 2345 906 2375 p'Igttat
926 2341 952 2367 in

170 2375 304 2412 Eleae/toi,
330 2385 406 2412 cape
421 2375 454 2408 8,
480 2384 511 2404 ea
529 2375 587 2412 ipsa
614 2377 778 2412 phylai-teria
788 2376 953 2412 prmscripta

171 2411 264 2438 fuisse.
282 2410 339 2438 Non
364 2410 470 2446 inlicior
486 2410 556 2439 idem
583 2410 621 2438 et‘
636 2410 772 2446 plerisque
787 2410 838 2437 PP.
855 2411 952 2446 videri,

168 2450 197 2473 et
211 2448 236 2472 in
252 2446 347 2480 primis
361 2445 468 2482 Iustino
479 2466 486 2476 .
502 2447 529 2473 in
545 2445 656 2482 Dialogo
679 2454 738 2473 cum
752 2445 889 2480 Trypltone
899 2445 954 2482 ,_de

169 2479 309 2516 gestandis
324 2481 520 2516 alligandisque
536 2479 712 2514 lrontaiibus;
734 2479 891 2507 mandatum
904 2479 953 2507 Ju-

170 2515 236 2543 daeis
267 2515 380 2543 editum.
398 2515 450 2543 Sed
468 2515 501 2544 ex
525 2517 592 2551 legis
609 2518 659 2543 hoc
681 2517 770 2543 verbis
789 2520 880 2550 aperte
897 2516 954 2542 col-

171 2551 216 2585 iigi
236 2559 317 2586 posse
329 2571 335 2581 .
349 2551 423 2585 quod
440 2555 516 2585 putat
531 2552 650 2586 Scaliger
663 2572 670 2583 ,
683 2552 732 2578 hoc
746 2558 810 2578 vero
825 2557 953 2586 pernego.

173 2586 204 2612 Et
218 2586 303 2613 multo
318 2586 384 2612 mihi
400 2586 565 2620 probabilior
585 2585 739 2621 Hieronymi
765 2585 898 2621 sententia
914 2585 955 2611 vi-

171 2621 260 2652 detur.
275 2629 335 2648 cum
345 2621 532 2655 antiquissima
548 2620 700 2648 Judaeorutn
716 2620 884 2648 consuetudo
900 2627 954 2646 non

172 2655 261 2690 majus
275 2657 323 2682 hac
344 2656 369 2682 in
384 2662 460 2690 parte
475 2656 659 2690 prtejudiciuni
673 2656 783 2687 alierat,
795 2662 875 2690 quam
892 2662 954 2682 sex—

173 2692 244 2718 centi
264 2692 308 2718 alii
325 2692 393 2718 ritus
417 2699 447 2718 ac
464 2691 637 2726 δευτερώσεις
666 2691 853 2726 nugacissimze
864 2709 871 2721 ,
886 2697 954 2726 quos

171 2726 227 2761 jam
251 2733 307 2753 tum
326 2726 427 2752 Christi
445 2725 549 2753 Domini
577 2725 754 2761 temporerex
780 2725 846 2759 legis
866 2725 954 2761 verius

174 2768 227 2796 non
245 2761 334 2788 minus
352 2762 448 2788 stolide
461 2781 468 2792 ,
496 2769 576 2796 quam
600 2760 776 2796 pertinaciter
800 2760 953 2796 eliciebant.

175 2795 212 2822 De
226 2795 339 2824 ﬁttibriis
350 2796 426 2823 aliter
445 2794 624 2823 sentiendum.
638 2796 741 2823 Etenim
755 2794 834 2822 Num.
850 2802 894 2826 xv,
909 2795 954 2825 58,

173 2831 312 2867 conceptis
332 2831 423 2860 verbis
446 2831 577 2868 jubentur
601 2831 722 2867 ﬁmbrias
747 2838 792 2866 per
813 2829 955 2866 patliorum

1000 1246 1110 1281 angulos
1129 1246 1224 1281 habere
1236 1267 1243 1278 ,
1268 1246 1418 1280 iisdemque
1439 1247 1515 1272 vittas
1533 1245 1717 1281 Ityacintbings
1736 1245 1786 1281 ad-

997 1279 1120 1315 jungcrc.
1135 1280 1270 1308 Fimbrias
1279 1279 1410 1308 llebrai’ce
1422 1281 1510 1307 Moses
1523 1284 1622 1312 matr;
1636 1279 1706 1306 LXX
1718 1280 1785 1316 κρά-

1002 1327 1096 1362 σπεδα.
1112 1326 1199 1354 Vittas
1214 1333 1302 1354 autem
1319 1327 1363 1354 ille
1378 1319 1464 1358 5mg;
1481 1328 1523 1354 isti
1540 1326 1653 1362 κλῶσμα
1674 1330 1783 1353 vocant.

1002 1361 1039 1389 De
1051 1362 1149 1396 quibus
1165 1370 1218 1388 non
1233 1363 1318 1390 solum
1337 1362 1460 1393 Hebr-ter.
1473 1362 1520 1389 sed
1534 1366 1559 1389 et
1577 1366 1715 1389 nostrates
1731 1363 1786 1388 (ιι-ιι

1001 1397 1172 1432 ιιυὶνίιορῑοδθ
1186 1397 1334 1424 disserunt.

1037 1430 1251 1466 (97ΥΤουτέστι
1266 1433 1380 1458 πλατέα
1394 1430 1512 1465 σήματα
1528 1432 1690 1465 πορφύρας.
1717 1430 1785 1458 Mira

1002 1467 1126 1494 vocabuli
1154 1467 1234 1500 hujus
1264 1467 1318 1492 τῶν
1350 1467 1540 1501 φυλακτηρίων
1579 1467 1784 1500 interpretatio;

1002 1502 1093 1529 clavos
1120 1509 1180 1528 esse
1202 1509 1352 1536 purpureos
1371 1503 1453 1534 latos;
1480 1502 1526 1536 qui
1548 1501 1662 1528 colobiis
1680 1506 1707 1528 et
1723 1508 1785 1535 epo-

1001 1537 1120 1566 midibus
1136 1538 1318 1564 insuerentur.
1332 1537 1364 1563 ad
1381 1537 1505 1563 eumdem
1523 1536 1631 1563 modum
1645 1556 1652 1566 .
1666 1544 1720 1570 quo
1733 1536 1787 1563 [lo-

999 1572 1072 1598 ntani
1086 1576 1227 1599 senatores
1251 1572 1292 1598 sui
1314 1571 1418 1599 ordinis
1442 1571 1548 1606 insigne
1563 1571 1714 1605 gestabant.
1731 1571 1786 1598 Hoc

999 1613 1073 1636 vero.
1091 1607 1212 1641 inquam,
1228 1606 1417 1634 admirandum
1434 1606 1524 1640 potius
1536 1627 1543 1638 ,
1565 1613 1646 1641 quam
1669 1613 1714 1633 aut
1727 1607 1787 1633 sine

999 1641 1053 1668 alio
1067 1642 1164 1668 idoneo
1178 1646 1288 1669 auctore
1301 1642 1382 1669 nimis
1396 1641 1622 1675 amplectendam.
1637 1646 1684 1668 aut
1695 1642 1787 1668 acrius

1000 1677 1271 1710 reprehendendum;
1289 1677 1361 1711 quod
1387 1677 1412 1703 in
1431 1677 1544 1703 Elatch
1561 1676 1682 1710 Scaliger
1706 1677 1786 1703 insti-

999 1712 1062 1737 tuit.
1088 1712 1168 1746 Atqui
1193 1717 1283 1739 utrum
1310 1712 1468 1739 dalmaticas
1486 1712 1552 1739 istas
1577 1715 1604 1738 ct
1629 1712 1791 1738 colobionas

1000 1746 1122 1774 clavatos
1136 1747 1264 1774 Pharisaei
1281 1746 1344 1773 olim
1360 1747 1505 1781 gesserint.
1520 1754 1606 1781 eaque
1620 1747 1786 1781 phylacteria

1001 1782 1122 1816 plerique
1137 1782 1346 1813 nominaverint,
1361 1790 1455 1816 necne,
1471 1782 1580 1808 aliunde
1593 1786 1719 1808 constare
1732 1789 1786 1808 non

1001 1815 1090 1851 potest
1103 1836 1110 1848 ,
1128 1821 1156 1844 et
1172 1825 1205 1844 ex
1220 1817 1367 1844 reconditis
1381 1815 1535 1844 Iudaeorum
1553 1817 1629 1843 libris
1644 1824 1675 1843 ac
1689 1816 1787 1843 ritibus

1001 1852 1266 1887 multarEpiphanius
1282 1854 1369 1886 potuit
1383 1852 1535 1887 addiscere,
1553 1859 1613 1886 qua:
1625 1851 1675 1878 hoc
1688 1852 1791 1878 saeculo.

1000 1890 1028 1913 et
1048 1886 1185 1914 hodiernis
1197 1886 1297 1914 Judaais
1316 1887 1407 1920 ignota
1422 1893 1495 1914 sunt.
1507 1886 1571 1914 Esto
1582 1886 1662 1919 igitur
1673 1887 1787 1918 ;,clavos

1000 1922 1081 1948 etiam
1096 1922 1247 1949 istiusmodi
1267 1921 1438 1956 φυλακτήρια
1459 1922 1692 1956 nuncupaverint,
1706 1921 1788 1955 vulgo

1002 1961 1091 1984 tamen
1107 1957 1278 1992 φυλακτήρια
1292 1957 1347 1986 illa,
1362 1964 1477 1991 quorum
1491 1957 1635 1986 Matthqu
1652 1958 1785 1992 meminit.

1002 1999 1063 2018 cunt
1082 1991 1245 2026 Hieronymo
1263 1992 1399 2027 pittaciola
1419 1996 1445 2018 et
1458 1992 1663 2019 membranacea
1685 1991 1787 2018 l'ronta<

1003 2027 1039 2053 lia
1058 2027 1156 2054 eruditi
1172 2027 1296 2054 homines
1311 2027 1534 2061 interpretantur.

1039 2061 1094 2095 (98)
1115 2063 1268 2094 Ῥοΐσκους
1284 2061 1339 2096 γάρ
1350 2060 1432 2094 τιὶηις
1447 2062 1495 2088 ἐπὶ
1512 2061 1548 2087 τὰ
1557 2060 1698 2094 τέσσαρα.
1711 2060 1788 2087 Ridi-

1003 2097 1063 2124 cule
1087 2097 1206 2132 Scaliger
1234 2102 1263 2123 ut
1282 2097 1460 2131 Epiphanium
1489 2096 1589 2132 erroris
1618 2100 1730 2132 arguat:
1757 2096 1788 2122 Si

1003 2132 1076 2158 mala
1092 2130 1188 2165 punica
1199 2152 1207 2164 ,
1221 2130 1310 2166 inquit
1321 2130 1340 2164 ,ί
1355 2140 1405 2158 non
1428 2130 1679 2167 ἱςιὶιαιπηκράσπεδα.
1702 2131 1787 2167 Quasi

1004 2175 1059 2193 non
1087 2167 1168 2193 etiam
1199 2167 1302 2203 ροῖσκοι
1333 2169 1388 2198 τοῖς
1416 2166 1578 2201 κρασπέδοις
1606 2166 1709 2200 alligari
1740 2173 1789 2200 po-

1005 2203 1121 2232 tuerint:
1141 2208 1168 2228 ut
1188 2202 1214 2230 et
1230 2203 1322 2236 spinas
1334 2202 1491 2228 adhibuisse
1503 2221 1509 2232 ,
1530 2209 1584 2233 quo
1599 2208 1722 2236 cruorctn
1739 2202 1789 2227 eli-

1004 2241 1106 2269 cei-ent,
1118 2235 1438 2272 testaturHieronymus.
1455 2236 1508 2263 Nec
1525 2237 1625 2267 obstat,
1641 2235 1713 2272 quod
1730 2237 1787 2272 ῥοῖ-

1005 2280 1086 2303 σχους
1101 2279 1224 2308 sulnnius
1240 2271 1367 2299 sacerdos
1385 2272 1435 2308 sv”
1448 2272 1626 2308 ἀρχιερατικῇ
1647 2271 1725 2306 στολῇ
1740 2279 1788 2306 ge—

1003 2308 1125 2334 staverit.
1147 2306 1213 2333 Nam
1230 2308 1352 2334 diversos
1367 2307 1400 2333 ab
1421 2306 1475 2332 illis
1493 2314 1553 2332 cum
1575 2313 1687 2333 numero
1701 2326 1708 2337 ,
1730 2310 1787 2332 tutu

1004 2343 1116 2369 materia
1129 2362 1135 2373 ,
1152 2342 1266 2376 aliisque
1282 2342 1307 2368 id
1327 2349 1411 2377 genus
1426 2341 1553 2377 Pharistni
1566 2361 1573 2372 ,
1590 2349 1650 2368 cum
1666 2341 1693 2367 in
1711 2346 1788 2368 casto

1003 2381 1105 2411 essent,
1120 2385 1252 2411 usurpare
1271 2376 1404 2411 poterant.
1426 2376 1471 2403 Sic
1487 2377 1706 2410 paludamentum
1725 2383 1787 2402 cuin

1003 2409 1196 2439 Romanorum
1206 2409 1288 2446 impp.
1307 2411 1445 2446 proprium
1462 2409 1552 2442 luerit,
1566 2412 1646 2437 etiam
1659 2411 1789 2437 militibus

1005 2447 1173 2474 attribuitur.
1194 2445 1282 2481 Atque
1306 2452 1335 2473 ut
1351 2455 1366 2472 a
1378 2445 1479 2473 Judzeis
1496 2454 1547 2472 non
1565 2446 1688 2473 recedam
1702 2466 1709 2477 ,
1727 2447 1789 2480 quis

1004 2483 1092 2508 nescit
1107 2483 1177 2508 inter
1195 2480 1294 2508 summi
1319 2481 1468 2508 sacerdotis
1483 2485 1573 2508 vestes
1598 2480 1686 2515 ephod
1698 2500 1705 2512 ,
1733 2481 1790 2507 sive

1004 2516 1053 2551 τὴν
1069 2516 1210 2551 ἐπωμίδα,
1229 2523 1260 2542 ac
1285 2516 1506 2550 superhumerale
1531 2515 1634 2543 I‘uiSse?
1651 2515 1682 2542 Et
1699 2520 1789 2542 tamen

1005 2559 1059 2578 non
1076 2552 1155 2578 modo
1170 2551 1324 2578 sacerdotes
1346 2559 1378 2578 ac
1403 2551 1489 2578 levitze
1513 2551 1621 2582 cmteri;
1643 2551 1689 2577 sed
1707 2551 1790 2577 etiam

1005 2586 1066 2613 laici
1088 2587 1174 2621 ephnd
1198 2586 1364 2619 induebant,
1388 2586 1424 2612 uti
1442 2586 1524 2612 David
1544 2587 1589 2613 hb.
1608 2586 1627 2612 ll
1644 2585 1710 2620 Reg.
1728 2593 1788 2621 cap:

1004 2629 1042 2653 VI,
1060 2619 1171 2649 HfSed
1184 2621 1235 2647 hoc
1250 2621 1374 2648 videlicet
1391 2621 1489 2648 lineum
1504 2625 1577 2648 erat:
1594 2619 1708 2647 alterunt
1725 2619 1789 2646 illud

1024 2657 1163 2684 ontilicum
1179 2657 1318 2691 proprium
1337 2662 1455 2691 quatuor
1473 2664 1504 2682 ex
1520 2656 1658 2683 coloribus
1677 2660 1789 2681 consta-

1024 2664 1163 2684 ontmcum
1179 2664 1318 2691 proprium
1337 2664 1455 2691 quatuor
1473 2664 1504 2682 ex
1520 2664 1658 2683 cotormus
1677 2664 1789 2681 consta~

1005 2664 1063 2723 Bal,
1075 2692 1231 2727 hyacintho,
1249 2691 1448 2727 hysso,_cocco,
1466 2699 1602 2727 purpura;
1619 2691 1664 2727 sed
1681 2693 1708 2727 et
1723 2697 1789 2727 auro

1005 2724 1160 2754 contexitur“
1174 2731 1242 2753 erat.
1258 2724 1325 2753 Vide
1347 2724 1562 2760 Hierouprist.
1582 2727 1616 2752 ad
1636 2724 1787 2752 Fabiolam.

1006 2762 1091 2789 Nimis
1106 2762 1188 2796 igitur
1203 2762 1305 2788 insulse
1319 2761 1449 2790 adversus
1470 2761 1649 2797 Epiphanium
1667 2765 1790 2788 nostrum

1007 2800 1212 2833 argumentatur
1227 2797 1356 2833 Scaliger.
