1944 3037
135 127 193 152 2419

485 126 669 153 Αιινειιδιῖς
687 126 857 154 IMERESES
879 126 928 153 [ΑΒ

1001 127 1082 155 ΤΟΜ.
1105 128 1124 155 l.
1143 143 1177 148 ——
1197 127 1331 155 HZERES.
1348 127 1417 154 XVI.

1711 124 1765 154 250

139 183 367 219 βαοεῖφὲρεσθαι,
394 183 462 211 ἀλλὰ
484 183 622 218 βιάζετοαι
650 185 797 220 γρήγορσιν
817 187 923 217 ἑαυτοῖς

980 191 1078 214 etatem
1101 187 1292 221 transigerent.
1322 186 1374 212 Alii
1403 185 1534 212 collectos
1559 185 1680 213 calculos
1701 187 1764 214 sub-

139 229 388 266 προὰπορίζεσθαι·
416 230 489 257 ἄλλοι
515 230 542 256 δὲ
568 230 614 256 καὶ
636 230 756 262 ἀκάνθας
783 231 925 266 στρωμνὴν

139 274 216 312 εἶχον
228 276 272 303 διὰ
285 276 333 311 τὴν
353 276 436 311 αὐτὴν
449 276 587 302 ὑπόθεσιν.
611 277 769 310 Ἑνήστευον
782 276 811 302 δὲ
830 277 871 308 δὶς
887 276 924 312 (5)

140 322 190 349 τοῦ
211 321 353 350 σαϐϐάτου.
372 321 499 356 δευτέραν
513 321 560 347 καὶ
577 320 714 356 πέμπτην.
730 321 925 348 Ἀπεδεκάτουν

140 369 171 395 δὲ
189 368 237 403 τὴν
260 367 408 393 δεχάτωσιν
435 368 473 401 (4)
486 376 492 382 ·
509 367 558 399 τὰς
574 367 699 402 ἀπαρχὰς
717 367 827 398 ἐδίδουν,
848 375 925 402 τρια-

142 413 274 443 κοντάδας
283 420 312 437 τε
330 412 377 438 καὶ
388 412 613 446 πεντηκοντάδας,
629 413 677 442 τάς
690 420 720 437 τε
735 411 828 442 Θυσίας
837 411 924 444 ἀσφαι

141 458 259 484 λέστατα
275 458 321 484 καὶ
340 459 388 489 τὰς
406 457 487 492 εὐχὰς
512 457 680 484 ἀπετίννυον,
695 457 739 491 Τῷ
757 456 784 482 δὲ
796 464 926 491 προειρη-

144 505 218 539 μένῳ
233 504 351 539 σχήματι
365 503 418 529 τῶν
441 502 627 538 Γραμματέων
652 504 818 538 προήρχοντο
830 502 874 528 διά
886 510 926 528 τοι

142 552 193 586 τῆς
203 550 369 585 ἀμπεχόνης,
393 550 439 576 καὶ
459 549 503 575 διὰ
522 549 576 575 τῶν
599 548 684 575 ἄλλων
704 549 861 583 σχημάτων,
880 548 927 574 καὶ

143 596 310 630 γυναικικῶν
333 595 447 630 ἱματίων
470 595 507 627 (5)
522 595 550 620 ὲν
568 594 708 626 πλατείαις
721 596 780 625 ταῖς
801 596 927 629 κρηπῖσι,

144 644 193 670 καὶ
209 642 341 677 γλώτταις
353 641 407 667 τῶν
425 641 604 676 ὑποδημάτων
621 640 768 676 προϊόντες.
791 640 928 673 Ἐλέγοντο

142 690 172 716 δὲ
186 689 335 723 Φαρισαῖοι,
350 687 394 713 διὰ
407 686 437 713 τὺ
448 686 644 722 ἀφορισμὲνους
662 684 730 712 εἶναι
755 686 851 717 αὐτοὺς
875 685 928 711 ἀπὺ

142 734 198 760 τῶν
210 734 296 761 ἄλλων
305 732 349 759 διὰ
358 732 407 767 τὴν
417 732 754 767 ὲθελοπερισσοθρησχείαν
766 732 828 765 παρ’
838 731 928 762 αὐτοῖς

143 778 351 814 νενομισμένην.
370 778 457 813 Φάρες
482 777 536 811 γὰρ
561 777 630 803 κατὰ
657 776 706 811 τὴν
738 776 865 811 Ἑϐραῖδα
890 775 927 810 (6)

144 824 324 860 ἑρμηνεύεται
336 823 496 859 ἀφορισμός.

181 956 219 981 B’.
239 954 400 990 Ὠμολόγουν
425 954 452 980 δὲ
481 950 552 980 οὗτοι
572 954 719 981 ἀνάστασιν
740 952 853 987 νεκρῶν,
868 951 927 978 ἐπί-

145 1002 240 1029 στευόν
257 1010 286 1028 τε
309 1001 438 1035 ἀγγέλους
466 998 545 1031 εἶναι,
565 1000 612 1026 καὶ
636 999 755 1033 Πνεῦμα.
777 999 927 1034 Ἠγνόησαν

144 1050 174 1076 δὲ
188 1050 250 1076 Υἱὸν
263 1049 340 1083 Θεοῦ,
351 1049 388 1081 ὡς
400 1049 424 1075 οἱ
441 1048 524 1075 ἄλλοι.
544 1048 621 1074 Ἀλλὰ
638 1048 684 1074 καὶ
698 1047 862 1082 εἱμαρμένη,
881 1047 926 1073 καὶ

144 1095 310 1130 ἀστρονομία
325 1095 388 1131 παρ’
398 1095 488 1126 αὐτοῖς
503 1094 604 1129 σφόδρα
619 1093 811 1129 ἐχρημάτιζεν.
824 1093 926 1119 Αὐτίκα

145 1141 211 1175 γοῦν
229 1141 263 1167 τὰ
276 1141 419 1176 Ἑλληνικὰ
433 1141 551 1175 ὀνόματα
565 1140 599 1167 τὰ
612 1141 644 1166 ἐκ
657 1140 706 1175 τῆς
719 1139 773 1165 τῶν
787 1140 926 1174 πεπλανη-

147 1187 236 1221 μένων
265 1186 445 1222 ἀστρονομίας
464 1186 533 1213 κατά
559 1186 607 1221 τὴν
634 1185 760 1220 Ἐϐραῖδα
789 1185 926 1211 διάλεκτον

145 1232 248 1268 ἑτέροις
271 1231 382 1266 ὀνόμασι
411 1231 475 1266 παρ’
502 1231 593 1261 αὐτοῖς
623 1229 846 1264 μετωνόμασται·
872 1225 926 1255 οἷον

143 1278 219 1313 ἥλιος
241 1278 444 1312 Ἡμακαίσεμες
479 1276 528 1311 (7),
556 1275 652 1310 σελήνη
678 1273 926 1310 Ἰερεεκαιαλϐανὰ,

144 1322 205 1349 ὅθεν
223 1323 269 1349 καὶ
287 1324 366 1357 Μήνη
381 1321 510 1348 καλεῖται·
536 1321 617 1356 Ίερεὲ
631 1320 685 1355 γὰρ
703 1322 717 1347 ὁ
736 1320 787 1355 μὴν
808 1320 926 1353 λέγεται,

146 1368 224 1404 Μήνη
241 1369 267 1395 δὲ
281 1369 389 1404 πελήνη,
408 1368 444 1399 ὡς
464 1368 510 1393 καὶ
519 1368 582 1401 παρ’
595 1366 706 1400 Ἕλλησι
723 1366 766 1392 διὰ
781 1366 825 1392 τὸν
844 1366 925 1400 μῆνα·

147 1415 232 1449 ’Ἄρης
244 1414 339 1448 Χωχὲὸ
359 1411 465 1448 Ὀκμὼλ
478 1421 483 1426 ·
505 1411 608 1447 Ἐρμῆς
622 1409 716 1445 Χωχὲϐ
735 1409 832 1444 Ὀχμόδ
842 1418 848 1424 ·
862 1409 928 1440 Ζεὺς

145 1459 239 1494 Χωχὲε
258 1459 343 1486 Βάαλ·
364 1458 506 1494 ’Λφροδίτη
526 1457 639 1492 Σεροῦα,
665 1455 838 1491 ἡτοιΛουήδ·
857 1455 928 1490 Κρό-

144 1515 189 1537 νος
206 1505 301 1540 Χωχὲὸ
314 1504 413 1540 Σαὸήθ.
431 1503 581 1538 Λέγεταιδὲ
596 1503 675 1529 πάλιν
694 1503 757 1537 παρ’
775 1503 865 1533 αὐτοῖς
883 1501 929 1527 καὶ

145 1550 233 1581 ἄλλοις
249 1550 384 1585 ὀνόμασιν.
402 1550 458 1575 Οὐκ
474 1548 607 1583 ἠδυνήθην
625 1547 652 1574 δὲ
668 1546 789 1583 ἀκριϐῶς
803 1547 851 1581 τὴν
869 1545 930 1572 τού-

144 1604 198 1622 των
213 1595 369 1630 ἐπωνυμίαν
382 1594 508 1627 ἐκθεῖναι,
521 1594 587 1621 ἀλλά
605 1594 652 1619 καὶ
666 1592 700 1620 τὰ
716 1592 838 1628 ματαίως
854 1600 931 1627 νομι-

180 1663 219 1698 (5)
234 1662 422 1698 ςΕτ-ήστευον
432 1662 466 1688 δὲ
477 1662 534 1695 δίς.
549 1661 741 1698 Secunda_m_et
756 1661 878 1698 quintam
891 1660 931 1687 fe-

145 1696 213 1724 riam
234 1697 451 1732 Theophylactus
468 1705 544 1731 :eque
565 1702 645 1732 atque
663 1696 830 1731 Epiphanius
845 1696 932 1732 adno—

145 1738 196 1763 lat.
213 1738 238 1759 et
255 1730 427 1759 Hebraeorum
446 1730 507 1759 libri
528 1730 608 1758 fidem
624 1730 740 1759 faciunt.
755 1732 791 1759 Ut
806 1738 838 1758 ea
854 1730 887 1757 de
902 1737 931 1757 re

146 1768 186 1794 vir
199 1767 296 1794 doctus
310 1767 410 1794 frustra
425 1767 597 1794 dubitaverit.

181 1803 218 1838 (4)
241 1802 457 1838 Ἀπεδξκάτουν
476 1802 509 1828 δὲ
524 1802 581 1836 τὴν
596 1801 769 1838 δεηάτωσιν.
786 1800 930 1836 Proprium

145 1836 196 1864 hoc
238 1838 287 1864 fuit
334 1837 504 1867 Levitarutn.
544 1839 590 1871 qui
629 1836 815 1867 decimarum.
862 1844 930 1870 quas

146 1873 260 1907 populus
287 1873 448 1907 praestabat,
472 1872 592 1899 decimas
620 1872 807 1898 sacerdotibus
830 1871 931 1907 exime-

146 1906 228 1940 bant;
247 1906 425 1934 Numerorum
454 1915 531 1934 xvnt.
559 1907 639 1940 Atqui
665 1915 717 1933 non
741 1914 836 1933 omnes
859 1906 931 1933 Pha-

147 1943 216 1969 ris;ci
235 1947 313 1970 erant
330 1943 436 1973 Levita},
455 1942 527 1976 quod
551 1947 641 1968 tamen
666 1941 846 1976 Epiphaniqu
868 1949 931 1968 sen-

146 1979 225 2009 sisse,
247 1986 279 2005 ex
305 1979 356 2005 hoc
381 1979 440 2004 loco
464 1977 596 2012 suspicari
614 1977 712 2011 aliquis
736 1980 838 2011 posset.
865 1977 931 2009 Quae

145 2014 217 2040 enim
229 2013 329 2047 alioqui
343 2013 520 2040 decumarum
535 2016 599 2039 sunt
613 2012 743 2043 decuma,
756 2019 817 2038 cum
834 2016 930 2046 pra-ter

146 2046 298 2075 Leviticunt
312 2049 434 2075 ordinem
447 2048 576 2074 decumas
591 2047 682 2074 nullus
697 2046 851 2081 acceperit?
873 2046 931 2073 Pri-

146 2091 218 2110 mum
234 2084 356 2109 omnium
370 2084 404 2110 ab
417 2083 548 2109 lsraelitis
562 2083 688 2117 primitiae
701 2082 735 2109 de
750 2081 844 2116 spicis,
871 2082 930 2108 uvis

145 2123 172 2145 et
195 2119 262 2145 oleis
279 2118 462 2145 ail'erebantur
476 2127 482 2144 :
498 2116 613 2144 tunrde
638 2116 759 2152 frugibus
782 2117 930 2152 elaboratis

145 2154 268 2180 thernma
292 2158 319 2180 et.
333 2152 453 2179 decimaa.
469 2152 604 2179 Theruma
622 2152 648 2178 in
670 2153 727 2186 lege
746 2151 855 2178 definita
875 2160 929 2178 non

145 2188 286 2228 eratased
311 2196 326 2214 a
349 2188 486 2228 magistris
509 2187 806 2228 praescriptusnmodus
830 2191 888 2228 est...
899 2190 928 2213 ut
945 2198 966 2224 ι)

146 2231 179 2250 ne
198 2223 288 2250 minus
307 2221 475 2257 sexagesima
493 2221 667 2256 penderetur.
686 2221 776 2254 Quare
800 2222 845 2256 qui
863 2222 928 2249 libe—

146 2259 216 2285 rales
237 2262 325 2289 erant.
351 2258 599 2292 quadragesimam,
626 2258 698 2291 parci
720 2257 927 2291 sexagesimam,

145 2293 225 2320 medii
244 2294 315 2319 inter
329 2297 469 2325 utrosque,
489 2293 523 2319 ad
540 2292 590 2320 hos
608 2297 653 2318 aut
669 2292 730 2319 illos
751 2292 925 2319 accedebant.

148 2326 183 2355 De
196 2336 248 2362 qua
266 2335 294 2355 re
305 2332 394 2355 exstat
408 2326 518 2362 Iosephi
535 2326 665 2362 Scaligeri
681 2327 842 2361 opusculum
858 2327 929 2353 inter

146 2361 299 2395 posthuma.
317 2362 354 2389 De
370 2363 403 2390 iis
418 2361 509 2397 itaque
523 2361 654 2389 therulitis
672 2362 776 2389 fortean
794 2361 930 2396 accipien-

146 2398 197 2424 dus
213 2397 388 2433 Epiphanius,
406 2406 468 2433 cum
484 2397 689 2432 τριακοντάδας,
705 2401 731 2433 et
745 2398 928 2433 πεντηκοντά-

145 2434 192 2465 δας
210 2432 364 2468 persolutas
386 2441 401 2459 a
422 2432 568 2468 Pharisazis
593 2440 652 2468 esse
677 2432 782 2459 scribit.
807 2432 885 2463 Quod
906 2434 929 2459 si

146 2467 239 2495 verum
261 2471 314 2499 est,
338 2468 444 2502 egregia
461 2467 569 2494 illorum
592 2467 740 2494 liberalitas
755 2468 869 2499 exstitit,
887 2471 929 2494 ut-

146 2508 207 2538 pote
222 2503 267 2538 qui
284 2502 444 2537 praziinitum
460 2510 474 2528 a
494 2502 628 2538 hlagisytris
641 2502 786 2538 terminum
801 2501 855 2528 τῶν
869 2511 929 2528 τεσ-

147 2537 320 2573 ὸαρακοστῶν
347 2538 545 2572 superaverint.
570 2537 640 2573 Tria
655 2545 735 2572 porro
752 2537 928 2564 decumarum

147 2572 217 2608 apud
241 2573 368 2600 Hebraeos
391 2580 490 2607 genera
513 2576 608 2607 praeter
623 2572 773 2608 theruimas,
789 2579 816 2599 et
836 2572 930 2608 primi:

147 2607 197 2636 tias
216 2609 302 2636 fuere.
323 2608 414 2635 Prima
438 2608 482 2634 illa
508 2608 569 2640 fuit,
597 2615 678 2642 quam
696 2607 822 2634 Leviticat
844 2607 927 2634 tribui

146 2644 292 2679 quotannis
310 2643 494 2679 pensitabant,
525 2642 606 2669 Num.
631 2650 708 2679 Ulli,
733 2643 779 2672 ΞΟ,
801 2646 829 2669 et
853 2642 930 2679 dein-

147 2678 218 2714 ceps.
234 2680 335 2709 Altera.
353 2686 434 2712 quam
451 2678 565 2712 singulis
578 2678 657 2704 annis
672 2686 755 2712 penes
771 2686 800 2705 se
815 2678 930 2712 quiSque

147 2716 290 2744 retinebat.
308 2720 337 2740 ut
358 2714 404 2743 ibi.
421 2714 466 2740 ubi
483 2714 667 2740 sanctuarinm
689 2717 757 2744 erat,
778 2714 821 2740 illa
836 2721 930 2740 vesce-

149 2755 230 2781 retur,
247 2750 375 2777 adhibitis
396 2749 428 2774 ad
453 2749 607 2775 convivium
635 2748 745 2779 Levitis,
775 2748 853 2775 Deut.
872 2756 927 2774 xtv.

148 2784 236 2811 Tertia
247 2785 367 2814 demum.
383 2791 463 2818 quam
479 2785 558 2811 tertio
571 2791 679 2818 quoilue
696 2791 767 2810 anno
780 2784 805 2810 in
823 2783 929 2810 Levitas

147 2824 173 2846 et
187 2820 313 2854 pupillos,
322 2819 477 2854 viduasque
485 2819 694 2849 distribucbant,
704 2819 767 2854 eod.
783 2819 858 2846 Deut.
868 2826 928 2852 cap.

181 2853 295 2890 (5)7Kul
320 2853 503 2889 τύιιαιιίικῶν
526 2854 659 2888 ἰματίωτκ
687 2853 850 2888 Magnnpere
875 2861 928 2894 ψι-

976 232 1145 262 sterncbant,
1168 238 1285 266 quorum
1299 231 1436 257 vellicatio
1459 230 1662 265 profundiorem
1691 239 1764 258 som-

976 285 1040 303 num
1053 281 1169 308 arceret,
1197 281 1227 302 ut
1243 276 1285 303 vel
1307 276 1385 302 inviti
1406 276 1551 310 pervigiles
1569 284 1630 303 esse
1648 284 1765 305 consue-

976 326 1094 349 scerent.
1115 322 1170 349 Nec
1189 322 1299 349 defuere
1323 322 1368 356 qui
1388 321 1484 348 iisdem
1509 322 1542 348 de
1562 322 1654 350 causis
1672 323 1765 357 spinas

977 368 1150 400 subjicetent.
1168 367 1302 394 Czetcrum
1319 367 1360 394 bis
1384 366 1554 393 bebdomada
1575 374 1684 401 quaque
1698 367 1765 401 jeju-

977 420 1042 439 nare
1054 420 1113 439 mos
1128 413 1182 439 illis
1197 413 1259 443 fuit,
1276 412 1398 439 secunda
1410 412 1537 439 videlicet
1554 421 1585 439 ac
1601 414 1696 447 quinta
1709 413 1763 440 die.

976 458 1015 484 Ad
1034 458 1091 484 haec
1104 458 1271 485 decimarum
1286 459 1407 485 decimas
1425 457 1542 490 dabant;
1557 459 1690 493 primitias
1704 458 1766 485 olTe-

977 504 1082 534 rebant.
1110 505 1263 531 tricesimus
1291 508 1317 530 et
1343 504 1600 539 quinquagesimas;
1629 503 1765 531 sacriﬁcia

977 554 1094 583 votaque
1125 557 1174 577 sua
1201 550 1407 577 accuratissime
1436 549 1636 584 persolvebaut.
1666 548 1765 576 Cultus

978 595 1047 621 idem
1064 595 1128 626 illis,
1150 595 1196 629 qui
1214 599 1241 621 et
1263 594 1375 624 Scribis.
1399 595 1433 621 de
1457 602 1511 629 quo
1526 594 1648 629 proxime
1663 594 1765 621 dictum

977 645 1029 671 est,
1053 640 1137 667 vestis
1160 641 1264 667 scilicet
1288 648 1320 667 ac
1344 641 1467 674 reliquus
1496 640 1621 674 corporis
1645 640 1764 666 habitus.

978 684 1030 711 Sed
1049 689 1076 712 et
1092 685 1236 711 muliebria
1251 685 1361 720 palliola
1385 685 1538 720 gestabant,
1562 689 1589 727 et
1608 691 1670 711 cum
1688 678 1767 711 latio-

978 731 1055 758 ribus
1070 731 1190 765 crepidis
1206 738 1238 757 ac
1261 731 1396 757 solearum
1423 730 1513 765 ligulis
1535 729 1681 764 procedere
1699 730 1767 756 sole-

978 777 1055 803 bant.
1079 776 1131 809 Qui
1149 776 1211 803 ideo
1238 776 1368 803 Pharisaei
1390 775 1456 803 dicti
1479 779 1553 807 sunt,
1572 774 1645 809 quod
1670 778 1765 802 essent

979 826 1087 856 propter
1110 822 1256 849 ascititiam
1281 822 1355 848 illam
1382 821 1655 856 superstitiosamque
1679 820 1763 847 disci-

979 868 1079 902 plinam
1099 875 1114 894 a
1137 868 1249 902 reliquis
1267 867 1394 902 sejuncti.
1414 866 1517 894 Phares
1542 867 1614 894 enim
1636 866 1767 893 llebraice

977 915 1168 947 separatione":
1180 913 1327 948 significat.

1012 959 1042 986 ll.
1065 960 1231 986 Morluorum
1249 967 1331 994 porro
1355 958 1587 986 resurrectionem
1608 966 1766 993 persuasam

978 1005 1125 1031 habebant.
1153 1005 1289 1037 Angelos,
1315 1012 1348 1031 ac
1371 1004 1497 1039 spiritum
1517 1011 1579 1031 esse
1608 1003 1767 1038 credebant.

978 1051 1030 1078 Sed
1042 1057 1070 1078 ttt
1081 1051 1172 1078 caateri
1188 1050 1232 1078 Dei
1244 1050 1341 1077 Filium
1351 1050 1521 1084 ignorarunt.
1535 1048 1607 1081 Quin
1619 1048 1700 1075 etiam
1713 1047 1767 1075 fato

977 1100 1003 1123 et
1017 1096 1192 1123 astronomiae
1203 1096 1350 1130 plurimum
1367 1095 1534 1122 tribuebant.
1548 1094 1716 1129 Argutnento
1727 1097 1767 1120 est

977 1141 1048 1176 quod
1070 1140 1163 1168 Graeca
1180 1141 1270 1168 omnia
1286 1141 1419 1167 vocabula
1440 1139 1596 1166 vanissima:
1614 1139 1688 1166 illius
1701 1139 1768 1165 artis

977 1188 1088 1222 propria
1103 1187 1213 1214 totidem
1233 1187 1266 1213 ab
1286 1188 1319 1214 iis
1333 1186 1476 1214 Hebraicis
1498 1190 1562 1212 sunt
1576 1185 1681 1212 reddita
1695 1184 1768 1212 voci-

977 1234 1038 1260 bus.
1065 1232 1187 1267 Exempli
1208 1240 1291 1259 cansa
1318 1234 1358 1259 sol
1381 1232 1494 1258 llamtna
1510 1236 1537 1258 et
1557 1231 1652 1258 Semes
1679 1231 1713 1257 ab
1735 1230 1768 1257 iis

978 1280 1138 1313 appellatur.
1166 1278 1253 1311 Luna,
1281 1277 1360 1305 Jeree
1389 1281 1416 1305 et
1446 1277 1593 1303 llallebana
1615 1276 1712 1303 tunde
1740 1281 1767 1303 et

978 1325 1055 1352 Mene
1079 1329 1215 1351 vocatur:
1232 1332 1293 1350 nam
1310 1323 1389 1350 Jeree
1418 1322 1530 1354 mensis,
1556 1326 1584 1349 et
1606 1323 1669 1348 luna
1692 1321 1769 1349 illene

978 1372 1097 1405 dicitur;
1111 1379 1143 1398 ac
1158 1371 1269 1406 perinde
1283 1374 1313 1396 ut
1332 1369 1402 1405 apud
1420 1369 1529 1396 Graecos
1544 1376 1558 1395 a
1573 1376 1667 1396 mense
1680 1369 1769 1394 nomi-

978 1418 1022 1444 nis
1047 1417 1253 1452 appellationem
1276 1416 1391 1442 derivat.
1421 1414 1550 1449 Sequitur
1576 1414 1658 1445 Mars,
1687 1422 1768 1448 quem

978 1462 1087 1489 Cochah
1103 1462 1197 1489 0cmo|
1215 1461 1376 1494 nominant;
1391 1460 1555 1487 Mercurium
1579 1468 1644 1486 vero
1660 1459 1769 1486 Cochab

980 1508 1111 1539 Ochmod,
1130 1507 1222 1535 Jovem
1244 1506 1355 1533 Cocbab
1372 1506 1446 1532 Baal.
1464 1505 1596 1533 Venerem
1617 1505 1712 1537 Serua,
1729 1505 1769 1532 vel

982 1556 1067 1582 Lued.
1090 1555 1225 1582 Saturnus
1243 1555 1362 1589 denique
1386 1554 1498 1580 Cochab
1524 1551 1623 1579 Sabeth
1641 1557 1767 1579 vocatur.

983 1601 1052 1628 Sunt
1065 1605 1092 1627 et
1108 1600 1214 1626 illorum
1230 1600 1289 1626 alia;
1315 1599 1537 1630 nomenclaturaa,
1554 1605 1622 1632 quas
1642 1601 1770 1624 accurate

982 1668 1108 1699 randum,
1124 1667 1147 1693 si
1171 1666 1252 1693 modo
1270 1673 1364 1693 verum
1383 1669 1436 1697 est,
1454 1665 1633 1692 muliebribus
1654 1663 1770 1698 palliolis

982 1710 1047 1731 usos
1068 1710 1129 1729 esse
1152 1701 1314 1728 Pharisaeos.
1331 1700 1409 1733 Quod
1433 1701 1568 1734 sequitur,
1583 1701 1611 1726 ἐν
1629 1699 1769 1730 πλατείαις

981 1740 1041 1770 ταῖς
1055 1738 1180 1773 κρηπῖσι,
1195 1737 1263 1773 latas
1279 1737 1389 1763 eosdem
1405 1735 1530 1773 crepidas
1547 1735 1675 1773 habuisse
1688 1735 1769 1769 signi-

982 1774 1055 1804 ﬁcat,
1075 1770 1124 1799 nec
1141 1773 1220 1804 aliter
1235 1771 1395 1798 Cornarins.
1419 1770 1534 1803 Quidam
1551 1775 1640 1796 tamen
1655 1770 1690 1796 ita
1710 1778 1769 1796 cor-

982 1807 1124 1843 rigendum
1143 1810 1249 1841 putant,
1264 1807 1294 1843 λέν
1308 1806 1457 1843 πλατείαις,
1471 1807 1499 1831 ὲν
1513 1806 1572 1843 ταῖς
1584 1806 1708 1843 κρηπῖσι,
1724 1804 1769 1830 καὶ

981 1840 1124 1878 γλῖῦτταις.
1132 1840 1187 1878 etc.
1198 1843 1236 1868 Ac
1246 1841 1347 1878 plateas
1356 1841 1519 1878 intelligunt,
1527 1840 1553 1866 in
1567 1841 1667 1878 quibus
1678 1843 1769 1866 osten-

982 1875 1075 1905 tabant
1088 1885 1117 1904 se
1132 1876 1271 1903 Pharisaei.
1290 1876 1345 1909 Ego
1372 1876 1437 1902 nihil
1463 1875 1646 1902 innovandum
1662 1881 1769 1901 censeo.

1017 1914 1054 1947 (ὕ)
1075 1911 1171 1946 Φάρες
1191 1912 1246 1946 γὰρ
1265 1911 1340 1937 κατὰ
1362 1911 1419 1947 τὴν
1435 1910 1578 1947 Ἐϐρίιΐδατ
1604 1909 1669 1947 iteg.
1686 1909 1769 1947 rode:

980 1944 1064 1983 Φέρές
1078 1944 1163 1982 quasi
1180 1944 1336 1983 εἰιμῷέρις,
1351 1950 1377 1983 et
1395 1946 1536 1983 legendum
1557 1945 1592 1971 sit
1611 1944 1769 1979 ἀφωρισμέ-

980 1981 1034 2015 νοέ.
1051 1981 1212 2016 Quanquam
1235 1981 1386 2016 ἀφορισμὸς
1403 1988 1447 2008 res
1463 1985 1505 2007 est
1527 1981 1694 2016 ipsatquam
1718 1987 1769 2005 vo-

980 2019 1108 2045 cabulum
1125 2015 1263 2051 significat
1276 2015 1351 2043 {non
1367 2020 1396 2042 ut
1408 2016 1535 2051 τὸΦάρες
1548 2015 1588 2041 vel
1599 2015 1682 2049 Φέρες
1698 2021 1770 2048 prae-

981 2054 1038 2080 cise
1067 2053 1103 2080 sit
1125 2049 1233 2078 vei'bale
1263 2052 1464 2078 substantivuni
1489 2049 1633 2085 ’ἐνέργειαν
1657 2056 1770 2076 sonans.

982 2088 1029 2116 Est
1043 2088 1115 2115 enim
1136 2088 1226 2122 potius
1241 2091 1391 2121 separatus,
1405 2093 1486 2120 quam
1502 2085 1648 2118 separatio.

1015 2136 1053 2171 (7)
1076 2132 1151 2171 olori
1166 2134 1252 2171 ἣλιος
1279 2134 1504 2171 Ἠμακαίσεμξς.
1522 2132 1558 2171 [_)e
1581 2130 1769 2171 hishﬂebl‘teo-

982 2165 1050 2197 rum
1068 2165 1292 2204 appellationibus
1310 2165 1369 2202 agit
1394 2165 1598 2204 eruditissimus
1622 2165 1770 2204 _S_erraril_ts

980 2210 1073 2233 noster
1085 2201 1109 2231 Ῑξ
1132 2213 1140 2231 ι
1165 2204 1203 2230 De
1218 2204 1301 2230 tribus
1326 2201 1413 2234 sectis,
1430 2210 1455 2229 c.
1474 2202 1501 2233 ‘2,
1521 2207 1547 2228 et
1569 2203 1595 2228 in
1617 2201 1769 2232 Minervali,

980 2241 1025 2268 lib.
1051 2248 1087 2271 ιν,
1114 2247 1139 2267 c.
1163 2240 1190 2266 5.
1217 2239 1254 2265 Ea
1270 2240 1309 2267 sic
1331 2238 1463 2265 llebraice
1486 2236 1666 2271 concipienda
1695 2241 1769 2263 sunt.

977 2291 1051 2318 nm,
1068 2286 1109 2313 vel
1121 2289 1278 2315 W1m7
1298 2284 1340 2311 vel
1356 2276 1432 2313 .1125.
1452 2283 1570 2310 Duorum
1597 2283 1769 2317 sequentium

978 2322 1101 2352 nomina,
1111 2321 1183 2355 quod
1201 2328 1295 2347 eorum
1313 2320 1388 2352 origo
1398 2320 1435 2355 sit
1449 2319 1563 2355 incerta,
1573 2326 1627 2344 non
1647 2318 1715 2355 satis
1728 2318 1770 2355 s5:

979 2353 1151 2390 εϐραΐςεσοαι
1183 2359 1302 2390 queunt;
1332 2354 1427 2388 Χωχὲὸ
1458 2354 1585 2388 Ὀκμώλ,
1619 2357 1646 2379 et
1675 2353 1770 2387 Χωχὲῦ

987 2402 1095 2436 Ὀχμόδ.
1111 2401 1232 2434 Quorum
1248 2400 1325 2435 prius
1343 2399 1452 2435 Ὀκμώλ
1461 2399 1552 2427 fortea
1564 2390 1635 2440 513p,
1648 2399 1719 2434 quod
1726 2403 1769 2426 est

980 2446 1130 2477 succidere.
1156 2446 1270 2472 alterunt
1296 2452 1311 2471 a
1324 2449 1387 2474 mn
1410 2445 1482 2479 quod
1499 2448 1541 2471 est
1561 2444 1768 2478 concupiscere.

979 2482 1043 2516 quia
1058 2481 1207 2508 Mercurius
1226 2480 1395 2516 lucrionibus
1421 2484 1448 2507 et
1464 2479 1680 2516 negotiatoribus
1695 2487 1769 2516 qlia:-

981 2514 1038 2543 stus
1067 2516 1232 2543 avidissimis
1263 2515 1408 2549 praesidet;
1441 2523 1504 2541 nam
1540 2514 1612 2549 quod
1647 2514 1770 2548 Scaliger

979 2551 1073 2578 OCIIIOI
1100 2552 1134 2577 ad
1161 2550 1324 2580 Camulum,
1351 2550 1396 2584 qui
1422 2550 1451 2577 in
1475 2552 1558 2577 veteri
1588 2550 1769 2583 inscriptione

980 2590 1080 2616 exstat.
1110 2587 1245 2620 pertinere
1268 2585 1402 2615 defendit,
1427 2593 1480 2612 non
1506 2585 1612 2619 probat.
1639 2585 1769 2620 Sequitur

979 2626 1042 2653 Y‘HT
1060 2619 1131 2650 2313.
1150 2620 1262 2647 Veneris
1279 2621 1356 2647 stella
1382 2620 1493 2655 Σερούα.
1514 2621 1554 2646 vel
1576 2620 1671 2653 Λουήδ.
1689 2619 1768 2655 Prior

980 2665 1032 2683 vos
1049 2664 1063 2682 a
1080 2662 1142 2688 1717.
1164 2660 1192 2683 ut
1216 2655 1340 2682 Serrario
1358 2653 1446 2682 visum
1462 2659 1513 2687 est,
1531 2655 1667 2687 deducta;
1687 2653 1767 2688 quasi

979 2708 1062 2734 3111‘s:
1080 2702 1257 2736 posteriorem
1275 2708 1288 2728 a
1303 2692 1346 2728 ἦν
1362 2700 1462 2730 malim.
1481 2708 1562 2735 quam
1580 2708 1594 2726 a
1606 2692 1678 2736 nn‘j.
1699 2698 1766 2725 Nam

980 2744 1006 2765 et
1022 2735 1124 2772 Assyrii
1140 2736 1297 2771 Ἀφροδίτην
1310 2736 1441 2766 Μύλιττα,
1457 2736 1560 2763 Arabes
1575 2735 1680 2761 Ἀλίττα
1697 2741 1766 2760 nun-

981 2788 1125 2817 cuparunt.
1143 2782 1246 2809 Auctor
1268 2782 1421 2809 Herodotus
1437 2783 1518 2817 Clio,
1560 2774 1669 2810 κοξηῆἫὲ
1684 2781 1700 2815 ἠ
1719 2787 1767 2813 γε·

981 2816 1104 2853 νέτειρα.
1134 2817 1253 2852 Denique
1277 2822 1342 2847 nam
1368 2823 1430 2847 22D
1457 2816 1566 2844 Sabbati
1589 2816 1670 2844 stella
1691 2819 1766 2843 reue

983 2855 1117 2881 Saturnus
1131 2854 1238 2880 dicitur.
