1944 3037
136 141 196 170 255

477 141 661 170 ADVERSUS
681 140 851 170 HIERESES
870 142 936 170 LIB.

993 138 1076 171 ΤΟΜ.
1097 145 1117 171 Ι.
1139 160 1174 165 -
1190 144 1326 172 ΗᾸζῘῖΕδ.
1347 143 1434 180 ΧΠ,

1721 144 1775 174 256

137 200 208 234 ἡμῖν
219 199 266 226 καὶ
280 199 409 235 ὀνομαστὶ
420 200 536 237 εἴρηται.
555 202 672 237 Ἐσχάτη
686 202 715 228 δὲ
729 203 820 234 αὐτοῖς
832 202 933 238 ἀπορία

991 202 1068 235 lerre.
1089 204 1249 230 nominatim
1268 204 1313 230 illa
1329 204 1514 238 pereensenda
1532 203 1672 231 duximus.
1685 202 1730 230 Est
1744 205 1776 231 il-

138 245 192 271 καὶ
206 245 344 281 ἠλιθιότης
356 247 405 282 οὑχ
420 248 563 283 ἡτυχοῦσα
576 249 632 279 τοῖς
646 249 694 275 καὶ
703 249 850 275 ἀνάστασιν
866 250 931 284 ὁμο-

139 289 263 325 λογοῦσι,
277 293 323 319 καὶ
340 293 430 328 κρίσιν
450 294 556 321 δικαίαν
569 293 747 330 ὁριζομένοις.
762 295 932 330 εἱμαρμένην

140 337 242 371 λέγειν.
260 338 320 370 Πῶς
332 339 385 375 γὰρ
397 339 508 366 δύναται
516 340 605 376 κρίσις
618 338 687 367 εἶναι
701 341 748 367 καὶ
766 341 931 376 εἱμαρμένης

141 385 222 411 Δυοίν
233 384 286 420 γὰρ
298 385 403 420 ἀνάγκη
420 385 531 422 θάτερον
539 395 545 402 ·
558 387 586 422 ἢ,
602 386 735 421 γενέσεως
745 386 931 422 ὑπαρχούσης,

143 430 184 466 μὴ
195 429 263 456 εἶναι
274 432 374 466 κρίσιν,
383 431 427 457 διὰ
440 433 471 457 τὺ
487 432 532 459 τὸν
550 433 761 467 πράττονταούκ
775 433 820 467 ἀφ’
835 432 932 459 ἑαυτοῦ

143 476 288 512 πράττειν,
314 477 382 504 ἀλλὰ
411 479 472 504 κατ’
485 478 608 513 ἀνάγκην
628 478 806 514 ἐπικρατείας
818 478 868 512 τῆς
884 486 933 504 πε-

143 523 309 559 πρωμένηςο
320 523 349 559 ἢ,
364 524 404 550 ὅτι
418 524 535 560 κρίσεως
556 524 742 560 ὑπαρχούσης,
759 525 806 551 καὶ
826 525 854 551 ὲν
869 524 936 559 ἀληο

143 570 207 606 θείᾳ
230 570 480 606 ὲπαπειλουμένης,
504 571 551 598 καὶ
578 571 668 606 νόμων
692 570 866 602 δικαζόντων,
888 571 935 597 καὶ

142 616 202 643 τῶν
214 616 245 642 τὸ
258 616 374 652 πονηρὸν
391 616 515 653 δρώντων
531 617 608 652 δίκην
625 617 790 652 ὐπεχόντων,
806 617 888 652 νόμον
906 625 936 644 τε

140 662 361 698 ὁμολογουμένου
382 663 487 690 δικαίου
502 663 549 690 καὶ
561 663 678 699 κρίσεως
699 663 767 690 Θεοῦ
782 663 933 698 ἀληθεστά-

142 717 205 744 της,
223 709 308 744 ἀργὴν
324 706 392 735 εἶναι
405 709 455 744 τὴν
465 709 659 746 πεπρωμένην,
675 709 722 736 καὶ
734 709 771 745 μὴ
781 709 852 744 ἔχειν
865 708 933 741 ὅλως

144 754 276 781 σύστασιν
290 754 320 780 τὸ
339 754 478 790 παράπαν.

986 250 1032 277 lud
1056 258 1122 277 vero
1137 256 1265 278 extremae
1287 250 1430 285 cujusdam
1455 250 1607 286 imperitiae,
1629 257 1664 277 ne
1686 249 1774 277 dicam

986 297 1121 327 amentiae.
1145 303 1207 324 cum
1223 297 1453 324 resurrectionem
1471 300 1641 324 mortuorum
1657 304 1718 324 esse
1735 296 1776 323 fa-

987 347 1069 374 teare,
1091 350 1123 369 ac
1141 343 1325 376 justissilnum
1340 343 1374 369 de
1397 343 1529 378 cujusque
1549 342 1629 370 factis
1643 343 1776 377 judicium

988 387 1180 418 constitutum.
1198 387 1282 414 l'atnm
1306 387 1486 415 nihilominus
1506 395 1567 416 esse
1589 388 1674 414 ullum
1699 395 1775 415 asse-

986 441 1055 460 rere.
1079 433 1129 466 Qui
1151 434 1222 460 enim
1246 434 1300 460 duo
1322 434 1375 461 ista
1397 433 1543 461 convenire
1558 438 1682 468 possunt,
1704 432 1777 467 judi-

985 479 1069 512 cium,
1087 480 1208 515 inquam,
1230 486 1312 515 atque
1328 480 1434 507 fatum?
1451 481 1555 507 Horum
1570 480 1642 507 enim
1661 480 1776 506 alterum

985 533 1098 555 necesse
1121 528 1239 555 est:vel
1264 527 1287 554 si
1309 528 1363 554 ulla
1389 527 1425 556 sit
1454 527 1581 563 genitalis
1605 526 1775 558 necessitas,

986 573 1091 600 nullum
1106 574 1310 609 essejudicium
1325 583 1331 601 :
1350 573 1422 609 quod
1437 574 1484 610 qui
1501 573 1647 601 committit
1660 571 1776 607 aliquid,

987 626 1041 645 non
1061 619 1088 646 id
1108 627 1156 646 sua
1180 624 1276 654 sponte
1294 619 1368 652 facit,
1392 620 1438 647 sed
1457 619 1574 646 fatorum
1590 619 1616 645 vl
1637 625 1669 645 ac
1684 622 1778 654 tyran-

987 665 1052 692 nide
1071 666 1240 700 compulsus,
1265 666 1307 693 vel
1330 666 1352 693 si
1377 665 1511 700 judicium
1537 668 1580 692 est
1603 665 1700 695 ullum,
1727 670 1778 691 nec

986 708 1089 736 frustra
1114 710 1140 736 in
1162 710 1423 738 comminationibus
1442 710 1525 745 objici
1546 710 1626 742 solet,
1653 712 1734 744 atque
1749 711 1777 735 et

987 754 1058 788 leges
1074 755 1171 791 aliqum
1195 760 1269 788 sunt,
1287 760 1314 783 et
1339 756 1483 790 ﬂagitiosis
1506 755 1663 783 hominibus
1690 755 1778 782 scele-

143 809 207 828 rum
221 809 308 836 paenae
321 800 504 834 'constitutae;
531 802 553 828 si
567 801 685 836 denique
699 801 773 836 justa
804 808 819 827 a
853 800 907 828 Deo
925 801 968 828 lex
985 802 1098 834 tradita,
1121 807 1148 830 et
1166 803 1238 830 illius
1257 803 1392 838 judicium
1414 803 1489 830 omni
1516 810 1549 829 ex
1573 806 1650 837 parte
1668 801 1778 829 veritati

143 853 361 877 consentaneum
386 855 437 881 est,
460 857 573 877 necesse
597 854 649 882 est,
663 851 786 884 inquam,
804 857 1004 884 supervacuum
1023 857 1084 878 esse
1100 849 1184 877 fatum
1199 851 1276 882 illud,
1290 858 1340 878 nec
1353 851 1408 878 ullo
1422 850 1448 877 in
1467 850 1528 877 ineo
1548 849 1709 876 consistere.

182 899 219 924 A'.
244 897 352 929 Ὁπότε,
382 897 426 924 διὰ
445 897 474 923 τὸ
487 896 617 924 δύνασθαι
639 897 817 933 ἁμαρτάνειν,
835 896 882 923 καὶ
899 897 935 932 μὴ

1025 897 1068 924 IV.
1089 897 1195 925 Etenim
1211 906 1266 925 non
1282 898 1362 925 aliam
1376 898 1412 925 ob
1424 905 1546 929 causam,
1564 897 1617 924 nisi
1628 896 1700 931 quod
1712 903 1778 930 pec-

145 944 290 979 ἁμαρτεῖν,
305 943 350 970 τὸν
370 943 418 979 μὲν
445 943 489 970 διὰ
509 943 544 970 τὰ
560 943 750 979 ἁμαρτήματα
764 943 843 978 δίκην
857 943 938 969 ἀπαι-

144 989 262 1020 τεῖσθαι,
283 989 327 1016 τὸν
342 989 370 1016 δὲ
386 989 496 1016 ἔπαινον
514 989 720 1024 ἁπεκδέχεσθαι,
736 988 780 1015 διὰ
795 988 825 1014 τδ
843 986 872 1015 εὖ
893 996 939 1014 πε-

146 1035 293 1070 πραχέναι,
307 1034 421 1071 ὥρισται
444 1035 506 1061 καθ’
531 1035 669 1071 ἑκατέρων
688 1035 718 1061 τὸ
737 1034 880 1070 διάφορον·
900 1034 938 1066 ὡς

146 1082 196 1109 καὶ
218 1081 267 1117 μιᾷ
293 1083 368 1117 φωνῇ
393 1081 486 1117 δικαίᾳ
504 1081 594 1116 λέγειν
618 1082 647 1107 ὲν
664 1081 789 1116 συντόμῳ
812 1079 937 1116 ἀληθείᾳ,

144 1128 192 1156 διὰ
213 1127 322 1154 Ἡσαῖου
336 1127 383 1154 τοῦ
404 1128 545 1164 προφήτου
565 1128 597 1153 ὲκ
619 1126 765 1163 προσώπου
785 1125 888 1162 Κυρίου
901 1126 940 1152 εἰ-

148 1173 276 1210 ρημένον,
290 1173 336 1200 τό’
358 1173 428 1200 Ἐὰν
447 1173 561 1207 θέλητε,
583 1173 632 1199 καὶ
655 1171 855 1205 εισακούσητέ
867 1180 937 1205 μου.

146 1220 184 1247 τὰ
202 1218 298 1253 ἀγαθὰ
320 1216 374 1254 τῆς
399 1217 455 1254 γῆς
468 1218 619 1253 φάγησθε³
637 1218 691 1245 ἐὰν
709 1217 743 1244 δὲ
755 1217 799 1252 μὴ
820 1217 937 1250 θέλητε,

148 1265 223 1300 μηδὲ
237 1264 438 1298 είσακούσητέ
449 1273 518 1299 μου,
537 1264 670 1299 μάχαιρα
685 1263 763 1298 ὑμᾶς
775 1263 937 1290 κατέδεται.

151 1313 186 1339 π)
199 1312 254 1346 γὰρ
268 1313 366 1346 στόμα
375 1311 485 1345 Kvplov
501 1310 634 1344 ἐλάλησε
648 1310 751 1338 ταῦτα.
760 1310 842 1336 Ὥστε
859 1308 939 1337 παντί

148 1368 188 1394 τῳ
202 1359 280 1394 δῆλον
304 1359 363 1386 ἐστι
385 1361 432 1385 καὶ
453 1358 647 1394 ἀναμφίϐολον,
668 1359 707 1390 ὡς
723 1358 753 1385 τὸ
768 1357 940 1390 αὐτεξούσιον

150 1405 294 1440 παρείχετο
308 1404 385 1438 Θεὸς,
404 1405 436 1432 δι’
460 1404 556 1431 ἑαυτοῦ
576 1405 665 1440 φήσας
675 1404 714 1435 τὸ,
740 1405 810 1431 Ἐὰν
821 1404 937 1438 θέλητε,

149 1451 198 1478 καὶ
220 1451 264 1485 μὴ
292 1451 414 1485 θέλητε·
435 1450 504 1477 ὥστε
520 1451 584 1486 περὶ
598 1451 644 1476 τὸν
663 1449 805 1486 ἄνθρωπον
825 1447 939 1476 εἶναιτὸ

149 1497 338 1533 ἀγαθοεργεῖν,
353 1495 369 1532 ἢ
384 1496 415 1522 τὸ
427 1495 536 1530 φαύλων
553 1494 676 1530 ἐφίεσθαι
693 1495 872 1530 πραγμάτων.
893 1492 939 1527 Οἷς

150 1544 336 1579 ὲπιφωνητέον
349 1543 408 1569 ἐστὶ
426 1542 592 1578 πυκνότερον
612 1541 659 1568 καὶ
675 1541 824 1577 πολλαχῶς.
840 1541 886 1568 καὶ
909 1541 939 1568 οὑ

149 1590 193 1616 διὰ
211 1590 276 1625 μιᾶς
292 1589 394 1625 φωνῆς,
410 1588 479 1615 ἀλλὰ
497 1588 627 1620 πολλάκις
645 1587 679 1614 τὰ
698 1588 774 1623 παρὰ
787 1588 833 1614 τοῦ
848 1588 939 1624 Σωτῆ-

152 1642 198 1670 ρος
215 1634 282 1670 πρὸς
305 1635 402 1666 αὐτοὺς
417 1634 564 1670 εἰρημένα·
577 1634 648 1661 Οὐαὶ
663 1633 744 1668 ὑμῖν,
757 1633 941 1668 Γραμματεῖς

150 1681 200 1707 καὶ
216 1680 368 1715 Φαρισαῖοι
389 1680 560 1715 ὑποκριταί·
582 1679 626 1706 ὅτι
646 1680 882 1706 καταλελοίπατε
905 1680 942 1707 τὰ

150 1726 245 1760 βαρέα
264 1726 316 1753 τοῦ
331 1727 435 1761 νόμου,
462 1725 519 1760 τὴν
532 1726 633 1760 κρίσιν
647 1725 697 1752 καὶ
714 1726 766 1752 τὸν
776 1726 874 1756 ἔλεον,
892 1725 942 1752 καὶ

151 1772 370 1799 ἀποδεκατοῦτε
396 1772 429 1799 τὸ
448 1772 572 1806 ἄνηθον,
585 1771 636 1799 καὶ
652 1772 685 1800 τὸ
704 1771 869 1806 ἡδύοσμον,
892 1772 941 1798 καὶ

152 1816 185 1843 τὸ
203 1815 349 1851 πήγανον,
372 1816 421 1843 καὶ
443 1816 612 1850 καθαρίζετε
631 1817 664 1844 τὸ
681 1816 767 1850 ἐκτὸς
781 1816 835 1843 τοῦ
850 1824 942 1851 ποτη-

151 1863 218 1896 ρίου
238 1862 288 1889 καὶ
314 1862 367 1889 τοῦ
383 1863 523 1896 πίνακος,
544 1863 578 1890 τὸ
598 1863 631 1890 δὲ
644 1864 732 1897 ἐντός
744 1864 812 1890 ἑστι
829 1863 943 1898 μεστὸν

153 1909 337 1944 ἀκαθαρσίας
353 1909 401 1936 καὶ
419 1909 574 1943 ἀκρασίας.
588 1910 640 1936 Kal
650 1909 817 1945 δοκιμάζετε
827 1909 944 1936 δίκαιον

153 1953 229 1982 εἶναι
255 1955 381 1989 ὀμνύναι
409 1955 444 1982 ὲν
458 1954 499 1988 τῷ
515 1955 614 1982 ἐπάνω
634 1955 687 1982 τοῦ
707 1956 922 1990 θυσιαστηρίου
934 1963 941 1970 ·

153 2002 186 2029 τὸ
205 2002 238 2028 δὲ
263 2002 298 2028 ἐν
315 2001 395 2034 αὐτῷ
418 2001 457 2034 τῷ
478 2001 680 2035 (θυσιαστηρίῳ
702 2003 771 2035 παρ’
801 2001 871 2036 ὑμῖν
902 2000 943 2034 τῷ

155 2047 230 2081 ὅρκῳ
249 2047 387 2073 λέλεκται
405 2047 426 2078 ί,
447 2046 495 2073 καὶ
518 2046 551 2073 τὸ
566 2046 600 2073 ἐν
620 2045 660 2078 τῷ
679 2046 795 2080 οὐρανῷ
817 2046 943 2081 ὀμνύναι

155 2091 245 2118 οὐδὲν
259 2089 335 2118 εἷναι
348 2090 432 2125 φατέ.
454 2091 525 2118 Ἐὰν
543 2090 576 2117 δέ
585 2100 630 2124 τις
642 2091 738 2125 ὀμόσῃ
754 2091 789 2118 ἐν
803 2090 843 2122 τῷ
853 2092 944 2124 ὑπερ-

155 2137 215 2164 άνω
222 2136 325 2169 αὑτοῦ,
339 2137 427 2163 τοῦτο
440 2136 632 2165 δεδικαίωται,
649 2137 723 2171 Οὐχὶ
735 2137 768 2163 τὸ
781 2136 945 2170 θυσιαστή-

154 2191 220 2217 ριον
227 2181 370 2215 βαστάζει
381 2182 414 2209 τὸ
435 2182 634 2216 ἐπικείμενον,
651 2182 700 2208 καὶ
715 2183 730 2208 ό
742 2181 869 2216 οὐρανὸς
879 2182 944 2216 θρό-

988 951 1062 976 care,
1080 952 1166 971 necne
1186 944 1222 971 sit
1237 946 1264 971 in
1287 944 1401 971 arbitrio
1413 944 1559 979 {cujusque
1573 943 1704 978 positum.
1726 942 1778 969 hoc

988 989 1134 1017 discrimen
1159 989 1346 1017 introductum
1368 993 1420 1021 est,
1449 993 1477 1016 ut
1507 989 1574 1016 alter
1594 989 1777 1016 admissoruru

989 1035 1121 1062 scelerum
1145 1043 1240 1070 poenas
1263 1035 1332 1066 luat,
1354 1035 1423 1062 alter
1438 1042 1488 1069 pro
1511 1039 1586 1062 recte
1607 1034 1686 1061 factis
1709 1042 1778 1069 prae-

989 1081 1074 1108 mium
1089 1081 1252 1116 laudemque
1269 1085 1464 1115 consequatur.
1482 1080 1558 1113 Quod
1574 1080 1683 1115 quidem
1702 1081 1777 1108 brevi

987 1127 1200 1163 justissimaqne
1226 1129 1359 1156 sententia
1382 1128 1524 1162 complecti
1540 1126 1595 1162 36
1611 1135 1757 1162 possumus
1768 1146 1776 1158 ,

989 1183 1050 1210 qua:
1070 1175 1104 1202 ab
1120 1174 1191 1202 Isaia
1210 1174 1343 1209 propheta
1369 1182 1402 1201 ex
1423 1180 1541 1209 persona
1566 1173 1612 1200 Dei
1635 1173 1779 1200 verissime

989 1221 1164 1256 pronuntiata
1195 1221 1302 1256 legitur.
1332 1220 1362 1248 Si
1388 1213 1541 1252 volueritis,
1575 1223 1599 1246 et
1628 1219 1778 1246 obedieritis

989 1266 1064 1298 mihi,
1089 1266 1156 1293 bona
1183 1271 1260 1293 terra:
1284 1266 1433 1293 comedetis.
1461 1266 1492 1293 Si
1520 1270 1607 1292 autent
1628 1265 1778 1296 nolueritis,

989 1320 1070 1346 neque
1093 1311 1242 1339 obedieritis
1272 1312 1345 1345 mihi,
1368 1311 1503 1339 devorabit
1530 1320 1573 1339 t-os
1598 1311 1716 1346 gladius.
1742 1311 1779 1339 Os

989 1359 1059 1386 enim
1079 1359 1186 1385 Domini
1202 1358 1317 1386 locutum
1337 1363 1375 1385 est
1397 1359 1451 1385 ista
1461 1360 1482 1385 ¹.
1505 1359 1543 1386 Ex
1566 1366 1621 1393 quo
1636 1359 1779 1393 perspicue

990 1405 1067 1438 illud,
1087 1413 1120 1433 ac
1138 1406 1206 1433 citra
1225 1405 1305 1432 ullam
1325 1405 1525 1432 dubitationem
1545 1404 1670 1436 ellicitur,
1686 1404 1780 1431 Liber-

990 1455 1073 1479 tatem
1094 1451 1197 1478 homini
1219 1459 1233 1478 a
1255 1450 1310 1478 Deo
1323 1458 1385 1478 esse
1401 1457 1580 1483 concessam;
1601 1457 1663 1476 eum
1683 1449 1719 1476 ita
1733 1456 1781 1483 per

991 1504 1052 1525 sese
1063 1496 1163 1523 dixerit
1176 1506 1182 1523 :
1199 1496 1228 1523 Si
1239 1495 1373 1523 volueritis
1385 1499 1411 1523 et
1422 1495 1571 1523 nolueritis.
1585 1495 1660 1522 Adeo
1671 1499 1701 1521 ut
1711 1494 1781 1521 bene

991 1550 1080 1578 agere,
1104 1543 1146 1570 vel
1171 1543 1304 1569 malorum
1328 1542 1507 1577 cupiditatem
1528 1541 1683 1576 concipere,
1708 1540 1781 1568 illius

992 1588 1105 1616 arbitrio
1122 1588 1157 1616 sit
1170 1588 1304 1614 relictum.
1318 1587 1501 1620 Quamobrem
1515 1594 1585 1621 smpe
1600 1586 1677 1617 illud,
1691 1593 1722 1612 ac
1735 1593 1782 1612 va-

991 1634 1041 1666 rie,
1064 1642 1113 1661 nec
1131 1641 1183 1660 una
1197 1641 1263 1661 voce
1281 1633 1495 1668 personandum,
1513 1639 1545 1659 ac
1561 1631 1783 1667 frequentissime

991 1685 1086 1708 contra
1104 1681 1268 1715 impostores
1290 1680 1359 1708 istos
1385 1679 1561 1714 repetendum
1577 1685 1618 1706 est
1636 1678 1737 1705 dictum
1754 1677 1781 1704 in

991 1734 1039 1754 eos
1055 1726 1205 1753 Salvatoris
1225 1725 1290 1752 illud
1304 1735 1310 1752 :
1330 1725 1375 1752 Va:
1392 1725 1475 1758 vobis,
1495 1724 1595 1752 Scriba:
1609 1729 1633 1752 et
1651 1723 1782 1751 Phariswi

992 1773 1145 1807 hypocritw,
1161 1772 1286 1807 quoniam
1302 1771 1446 1806 reliquistis
1464 1779 1522 1806 qua:
1536 1771 1658 1806 graviora
1672 1774 1732 1797 sunt
1747 1769 1783 1796 le-

991 1819 1042 1853 gis,
1065 1818 1197 1853 judicium
1219 1822 1243 1844 et
1263 1816 1493 1848 misericordiam;
1512 1820 1537 1843 et
1562 1815 1698 1842 decimatis
1721 1823 1784 1841 ane—

993 1865 1077 1896 thum,
1094 1870 1117 1891 et
1141 1864 1283 1895 ment/iam,
1302 1868 1326 1890 et
1342 1868 1441 1894 rutam,
1462 1869 1486 1890 et
1501 1862 1636 1889 mundatis
1650 1861 1719 1894 quod
1737 1860 1784 1887 de-

993 1910 1059 1945 foris
1074 1914 1111 1936 est
1137 1909 1228 1936 salicis
1249 1913 1273 1936 et
1297 1908 1448 1943 paropsidis
1461 1916 1470 1935 :
1485 1907 1553 1943 quod
1574 1908 1644 1933 intus
1665 1913 1714 1939 est,
1728 1906 1784 1940 ple-

993 1965 1057 1984 num
1083 1961 1121 1983 est
1153 1955 1322 1982 immunditia
1350 1960 1374 1982 et
1407 1955 1535 1989 fwditate.
1562 1953 1596 1980 Et
1632 1953 1783 1987 approbatis

988 2003 1092 2037 justum
1113 2009 1169 2028 esse
1177 2001 1272 2034 jurare
1291 2001 1318 2027 in
1335 2009 1375 2032 eo,
1391 1999 1459 2034 quod
1480 2005 1517 2026 est
1533 2007 1610 2032 super
1625 1998 1710 2024 altare
1723 1997 1784 2032 :ju-

993 2057 1054 2076 rare
1069 2052 1155 2074 autem
1173 2048 1199 2073 iu
1219 2047 1302 2073 altari
1314 2047 1381 2081 ipso,
1392 2045 1574 2080 jurisjurandi
1598 2044 1666 2078 apud
1685 2053 1728 2070 vos
1744 2052 1785 2070 re-

994 2094 1090 2129 ligione
1105 2093 1225 2120 solvitur.
1253 2092 1285 2119 Et
1301 2094 1329 2118 in
1344 2092 1407 2119 caelo
1420 2092 1513 2127 jurare
1527 2091 1593 2118 nihil
1613 2099 1669 2117 esse
1684 2090 1783 2116 dicitis.

995 2139 1047 2172 Qui
1064 2145 1151 2166 autem
1168 2139 1298 2173 jurat‘erit
1319 2139 1346 2164 in
1367 2146 1408 2169 eo,
1429 2138 1474 2173 qui
1499 2145 1578 2171 supra
1600 2136 1666 2163 illud
1691 2141 1740 2168 est,
1757 2135 1784 2162 id

995 2195 1053 2214 vero
1065 2187 1169 2221 justum
1190 2191 1319 2212 censetur.
1338 2184 1433 2212 Nonne
1457 2183 1542 2210 altare
1559 2187 1646 2217 portat
1662 2183 1700 2215 id,
1716 2182 1785 2218 quod

155 2237 208 2261 νος
223 2228 288 2254 ἐστὶ
306 2228 358 2255 τοῦ
370 2228 416 2255 ἐπ’
433 2228 514 2261 αὐτῷ
526 2226 790 2262 ἐπικαθεζομένου;
817 2227 871 2255 Kal
898 2227 939 2254 ὅτι

995 2232 1146 2266 impositura
1159 2236 1209 2264 est,
1224 2236 1248 2258 et
1266 2231 1359 2258 cwlum
1373 2230 1482 2257 thronus
1501 2230 1558 2265 ejus
1569 2233 1617 2260 est.
1634 2230 1678 2263 qui
1695 2230 1722 2255 in
1737 2229 1785 2256 illo

155 2273 267 2308 λέγετε,
285 2273 355 2300 Ἐάν
372 2282 417 2306 τις
439 2273 509 2307 εἴπῃ
526 2273 614 2307 πατρὶ
631 2273 680 2300 καὶ
694 2274 794 2308 μητρί·
812 2273 940 2307 Κορϐάν,

157 2320 173 2347 ὅ
185 2320 250 2346 ἐστι
265 2319 383 2353 δῶρονὲ
401 2319 439 2346 ἂν
454 2319 489 2351 ἐξ
508 2319 581 2354 ἐμοῦ
592 2319 763 2354 ὠφεληθῇς,
775 2319 825 2346 καὶ
840 2319 941 2346 οὐκέτι

156 2365 196 2401 μὴ
227 2366 346 2400 τιμήσει
370 2365 424 2392 τὸν
437 2365 564 2400 Πατέρα,
584 2365 633 2392 καὶ
648 2365 814 2400 ὴθετήσατε
823 2366 881 2399 τὴν
892 2366 942 2392 ὲν-

157 2411 251 2446 τολὴν
267 2411 321 2438 τοῦ
347 2411 420 2438 Θεοῦ
435 2411 482 2438 διὰ
496 2411 551 2445 τῆς
563 2411 623 2438 τῶν
638 2411 847 2445 πρεσϐυτέρων
860 2410 944 2446 ὑμῶν

157 2458 360 2493 παραδόσεως.
374 2458 427 2484 Καὶ
441 2458 604 2484 κυκλεύετε
618 2457 779 2484 θάλασσαν
791 2458 839 2484 καὶ
848 2457 944 2491 ξηρὰν

158 2505 282 2539 ποιῆσαι
308 2504 362 2531 ἕνα
390 2504 606 2538 προσήλυτον’
634 2503 684 2530 καὶ
708 2503 781 2530 ὅταν
810 2504 942 2538 γένηται,

158 2551 266 2578 ποιεῖτε
281 2549 375 2576 αὑτὸν
385 2549 562 2583 διπλότερον
573 2548 657 2584 ὑμῶν
666 2549 732 2576 υἱὸν
744 2549 880 2584 γεέννης.

194 2608 226 2635 Τί
243 2608 332 2635 τοίνυν
354 2607 544 2643 περιττότερον
568 2606 622 2632 τῶν
635 2606 720 2640 ἁγίων
736 2607 840 2641 ῥήσεων
862 2605 946 2640 ὑπερ-

160 2654 266 2682 ϐάλοιτό
282 2663 323 2686 τις
338 2653 406 2689 πρὸς
416 2653 550 2680 ἀντίθεσιν
558 2652 611 2679 τῶν
622 2652 827 2688 προειρημένων
838 2660 845 2683 ;
866 2651 946 2678 Ἀλλὰ

159 2701 207 2727 καὶ
222 2700 364 2735 ἀρκεῖσθαι
385 2699 458 2735 μάλα
475 2699 594 2735 ἡγοῦμαι
611 2701 670 2730 ταῖς
689 2698 735 2725 τοῦ
747 2699 873 2734 Σωτῆρος
890 2707 946 2732 (pw—

161 2747 219 2778 ναῖς
230 2746 275 2772 καὶ
292 2746 431 2781 ἀληθιναῖς
452 2745 551 2777 λέξεσι,
578 2745 645 2780 πρὸς
663 2745 696 2776 ἃς
713 2745 762 2771 οὐκ
777 2744 947 2780 ἠδυνήθησαν

160 2790 329 2826 ἀντωπῆσαι,
341 2789 403 2817 οὔτε
416 2790 483 2825 πρὸς
492 2789 523 2816 τὸ
535 2789 712 2824 βραχύτατον.

992 2277 1111 2305 insidet?
1139 2277 1172 2304 Et
1195 2279 1264 2312 quod
1285 2277 1374 2304 dicitis
1388 2285 1397 2303 :
1412 2276 1441 2303 Si
1464 2276 1522 2311 quis
1545 2275 1644 2302 dixerit
1664 2275 1735 2309 patri
1761 2278 1785 2302 et

993 2324 1095 2350 matri:
1109 2322 1224 2355 Corban,
1241 2324 1290 2350 hoc
1312 2327 1350 2349 est
1366 2330 1462 2349 munus
1476 2321 1545 2357 quod
1560 2329 1592 2348 ex
1608 2330 1647 2348 me
1664 2321 1711 2348 tibi
1725 2328 1785 2354 pro-

993 2371 1072 2402 derit,
1094 2374 1118 2396 et
1138 2378 1188 2396 non
1215 2368 1356 2396 honorabit
1378 2372 1490 2402 patrem,
1512 2373 1537 2394 et
1560 2368 1665 2394 irritum
1687 2366 1786 2401 fecistis

994 2416 1149 2443 mandatum
1167 2416 1213 2442 Dei
1231 2423 1277 2450 per
1294 2414 1462 2441 traditionem
1479 2414 1611 2441 seniorum
1629 2418 1785 2440 vestrorum.

995 2463 1029 2489 Et
1048 2463 1165 2489 circuitis
1181 2470 1264 2493 mare,
1288 2467 1312 2488 et
1332 2460 1445 2491 aridam,
1464 2465 1492 2486 ut
1509 2460 1615 2495 faciatis
1630 2468 1710 2485 unum
1725 2467 1787 2493 pro-

995 2509 1124 2543 selytum;
1146 2513 1170 2534 et
1192 2515 1251 2534 cum
1276 2507 1362 2541 factus
1379 2506 1469 2541 fuerit.
1490 2507 1578 2540 facitis
1603 2505 1681 2532 illum
1704 2505 1785 2532 duulo

995 2559 1073 2586 quam
1095 2559 1139 2578 vos
1160 2550 1246 2585 ﬁlium
1259 2549 1382 2585 gehennw
1392 2549 1412 2576 ³.

1031 2606 1102 2640 Quid
1126 2607 1209 2642 igitur
1235 2607 1269 2632 ad
1293 2614 1340 2633 eos
1356 2607 1481 2632 homines
1504 2605 1668 2632 refellendos
1686 2604 1787 2632 divinis

997 2652 1052 2679 illis
1072 2652 1214 2679 sententiis
1234 2651 1317 2685 adjici
1341 2652 1451 2685 gravius
1476 2650 1583 2685 potest?
1607 2649 1699 2684 Itaque
1719 2650 1787 2677 satis

996 2707 1057 2726 esse
1071 2699 1190 2725 arbitror
1207 2698 1358 2725 Salvatoris
1375 2705 1469 2724 vocem
1483 2705 1514 2723 at:
1530 2696 1702 2723 verissimum
1719 2694 1786 2721 illud

1002 2743 1154 2774 oraculum,
1172 2743 1216 2770 cui
1236 2751 1269 2770 ne
1291 2742 1433 2770 minimum
1456 2741 1564 2777 quidem
1587 2740 1714 2768 reluctari
1739 2746 1789 2775 po—

1003 2793 1123 2816 luerunt.

199 2863 208 2879 ¹
222 2861 304 2890 Forte
312 2861 360 2889 τοῦ
372 2862 453 2898 ὅρκου
469 2861 587 2889 λέλυται.
623 2862 635 2878 ³
649 2860 734 2895 [53.1,
750 2860 792 2894 19,
807 2861 852 2889 20.
890 2860 900 2877 ³
917 2859 939 2888 Μ

991 2869 1011 2888 1.
1024 2868 1103 2893 um,
1117 2859 1150 2888 15
1167 2867 1227 2896 sqq.
