1944 3037
164 120 220 148 255

279 176 463 204 ADVERSUS
483 176 821 205 IIEMEROBAPTISTAS
829 198 837 210 ,

229 235 295 267 Qua:
311 239 350 262 est
364 234 471 262 Ita'resa's
486 234 499 261 I
509 234 525 260 V
538 234 684 266 Judaismi,
699 235 790 262 ordine
800 234 825 261 X
834 233 896 261 VII.

203 323 331 366 Proxima
349 329 391 352 est
408 325 705 359 Hemerobaptistarum
729 329 822 358 secta;
847 332 908 359 quae
928 328 958 352 ut

171 371 204 397 ab
217 371 278 398 aliis
290 371 364 397 nulla
377 371 402 397 in
416 379 444 397 re.
456 370 508 405 37
521 371 635 397 dissidet
648 379 656 402 ;
671 370 819 404 eademque
831 369 956 404 dogmata

170 424 231 443 cum
261 416 365 444 Scribis
390 424 422 443 ac
447 416 589 443 Pharisaeis
612 417 810 451 amplectitur:
835 416 871 443 ita
893 423 956 442 cum

171 461 328 489 Sadducmis
341 470 394 488 non
408 461 489 489 modo
504 462 532 488 in
548 462 671 496 neganda
686 466 855 488 mortuorum
869 469 958 489 resur-

171 510 292 536 rectione
315 510 460 542 convenit;
479 517 572 536 verum
598 509 679 536 etiam
701 516 873 536 communem
894 517 956 536 cum

171 555 206 583 iis
230 555 428 587 inﬁdelitatem,
451 559 667 589 caaterarumque
689 562 779 582 rerum
796 555 956 588 pravitatem

169 602 280 628 retinet.
307 600 364 628 Hoc
391 609 457 629 vero
479 601 643 636 praecipuum
666 601 781 632 habent,
804 600 877 635 quod
901 605 955 627 tam

171 655 245 678 vere,
259 651 453 682 autumnoque,
468 655 547 680 quam
566 651 670 676 aestate.
687 651 767 680 atque
783 646 870 673 hieme
889 653 957 679 quo-

171 693 237 719 tidie
256 693 346 719 lavant
363 702 368 719 :
384 693 455 719 unde
474 697 501 719 et
523 691 819 726 llemerobaptistarum
838 692 957 725 appella-

170 737 272 764 tionem
299 738 388 772 adepti
414 741 487 764 sunt.
513 737 550 764 lta
576 739 648 765 enim
672 738 848 765 statuebant:
866 737 956 764 vivere

171 782 252 809 aliter
272 781 407 809 hominem
434 789 490 809 non
514 790 604 817 posse.
632 790 712 816 quant
736 782 758 809 si
784 782 904 816 quotidie
926 789 956 809 se

169 827 251 860 aquis
268 827 381 859 clueret,
397 831 478 861 atque
497 827 530 854 ab
546 827 618 853 omni
635 826 748 853 crimine
764 831 902 861 purgaret.

208 871 258 898 Sed
276 879 291 898 a
305 871 383 898 nobis
407 880 462 899 uno
476 872 559 899 verbo
581 872 703 899 funditus
718 873 801 899 everti
817 877 891 899 secta
909 872 956 899 illa

171 916 369 951 potest;cuiue
381 917 509 951 dogmata
522 921 551 943 ut
566 924 580 943 a
601 916 652 943 (ide
670 924 783 951 prorsus
798 917 896 947 aliena,
918 917 957 944 sic

170 969 234 988 cut."
250 962 410 989 inﬁdelitate
425 962 571 996 conjuncta
595 966 667 988 sunt.
688 962 756 988 Cum
770 963 842 989 enim
861 962 957 989 diebus

172 1009 288 1043 singulis
304 1009 458 1038 abluantur.
475 1009 516 1035 vel
539 1016 587 1036 sua
604 1009 656 1043 ipsi
680 1009 847 1035 conscientia
864 1009 958 1036 redar-

172 1057 301 1085 guuntur,
329 1059 436 1078 omnem
455 1051 544 1083 illam,
563 1060 644 1086 quam
660 1051 748 1086 pridie
766 1057 956 1086 conceperant,

171 1104 247 1130 spem
261 1104 323 1123 cum
337 1096 388 1123 fide
402 1101 482 1131 atque
496 1097 650 1131 expiatione
668 1097 827 1132 perdidisse.
850 1097 916 1123 Nam
934 1098 957 1124 si

173 1150 256 1168 unum
274 1142 408 1168 duntaxat
424 1142 585 1177 baptismum
605 1147 739 1174 tenerent,
759 1144 784 1169 in
808 1151 839 1170 co
855 1144 958 1170 fiduciae

172 1187 275 1222 aliqttid
297 1192 390 1222 utpote
403 1192 531 1223 perpetuo
545 1192 626 1223 atque
642 1189 805 1221 immortali,
823 1189 959 1216 collocare

172 1237 293 1268 possent.
308 1232 367 1260 Jam
384 1241 446 1261 vero
462 1234 508 1268 qui
532 1234 611 1261 hodie
628 1243 681 1260 non
705 1235 818 1262 curandi
834 1236 958 1270 corporis

172 1279 270 1314 gratia,
289 1279 336 1307 sed
353 1279 386 1306 ad
407 1280 540 1315 expianda
562 1281 664 1307 scelera
680 1281 726 1307 loti
752 1285 830 1313 sunt,
847 1282 958 1315 quibus-

173 1332 224 1358 que
238 1325 299 1352 ideo
312 1329 468 1360 repurgata,
479 1330 508 1351 ut
521 1325 571 1359 ipsi
590 1330 724 1356 statuunt.
739 1326 830 1353 omnia
843 1334 904 1354 esse
912 1327 959 1354 de—

172 1371 236 1397 bent
251 1379 256 1395 :
273 1371 352 1398 iidem
368 1378 429 1397 cum
452 1371 583 1405 postridie
603 1379 711 1398 rursum
736 1372 895 1403 abluuntur,
911 1373 958 1399 de-

172 1415 277 1442 elarant
295 1415 415 1448 profecto
430 1415 586 1442 hesternum
607 1415 682 1442 illum
707 1417 870 1450 baptismum
894 1424 958 1444 eva-

172 1460 275 1487 nuisse.
292 1459 349 1487 Nisi
373 1461 444 1487 enim
470 1462 521 1488 iste
539 1462 680 1496 periisset,
697 1462 764 1488 nihil
787 1467 846 1490 erat
862 1470 910 1489 cur
925 1463 958 1490 ad

172 1506 315 1532 criminum
340 1507 519 1541 expiationem
548 1507 637 1534 denuo
660 1508 734 1534 illum
760 1513 867 1543 postera
897 1509 957 1536 luce

172 1555 334 1586 repeterent.
355 1552 431 1584 Quod
446 1553 469 1579 si
485 1560 597 1586 peccare
611 1554 721 1580 omnino
733 1561 787 1580 non
808 1554 955 1587 desinunt;

171 1597 382 1631 existimautquc
397 1604 437 1629 se,
457 1604 518 1623 cum
536 1601 665 1632 perpetuo
678 1606 709 1624 ac
727 1599 823 1625 diebus
835 1600 957 1634 isingulis

172 1645 295 1676 peccent,
313 1642 416 1676 expiari
432 1649 502 1677 aqua
517 1649 606 1676 posse,
622 1644 795 1671 vehementer
818 1645 956 1676 aberrant,

173 1695 222 1714 nec
241 1691 283 1714 est
295 1695 389 1714 eorum
404 1688 529 1716 instituto
543 1690 641 1717 vanius
655 1696 701 1716 aut
721 1690 866 1718 absurdius
878 1691 958 1725 quid-

172 1741 264 1768 quam.
287 1734 390 1761 Etenim
412 1742 499 1769 neque
516 1734 639 1763 Oceanus
662 1736 736 1770 ipse,
757 1745 845 1772 neque
871 1738 957 1764 maria

172 1779 282 1812 omnia;
308 1787 395 1813 neque
421 1787 551 1814 perennes
577 1780 719 1808 fluviorum
736 1789 822 1816 aqum,
838 1783 879 1809 vel
896 1782 957 1810 fon-

172 1825 258 1858 tium;
284 1833 370 1861 ncque
393 1826 524 1861 quidquid
547 1828 652 1862 uspiam
675 1828 828 1863 pluviarum
850 1833 910 1861 est,
933 1829 956 1857 si

208 1902 218 1918 ί
233 1902 314 1931 Forte
333 1904 597 1939 Ἡμεροὸαπτιστῶν.

208 1981 263 2016 (10)
317 1981 600 2016 Ἰζμεροϐαπτιστῶν.
652 1981 800 2008 Commune
854 1980 956 2008 Judzcis

173 2017 318 2046 munibus.
341 2021 368 2044 et
396 2018 422 2044 in
445 2018 539 2052 primis
571 2017 715 2044 Pharisaeis
738 2017 822 2044 fuisse
847 2016 955 2043 Marcus

172 2053 338 2085 evangelista
355 2058 469 2079 testatur
493 2060 551 2086 cap.
575 2060 624 2082 vn,
644 2052 660 2078 ’5
676 2057 702 2078 et
726 2053 753 2082 4,
771 2056 800 2078 ttt
816 2056 843 2078 et
859 2059 956 2078 manus

174 2086 330 2120 frequenter
353 2088 503 2116 abluerent.
518 2093 543 2113 et
559 2095 573 2113 a
594 2087 652 2113 foro
669 2087 812 2113 redeuntes
835 2087 955 2121 baptiza-

174 2127 277 2148 rentur.
293 2122 382 2154 Quare
400 2131 452 2148 non
469 2123 575 2149 videtur
589 2122 731 2156 peculiaris
750 2122 806 2148 haec
822 2126 895 2148 secta
910 2121 956 2148 .Iu-

174 2156 292 2183 theon-um
309 2158 462 2189 exstitisse;
481 2158 533 2184 nisi
552 2158 588 2183 ita
611 2158 732 2183 dicamus
749 2157 894 2184 nonnullos
908 2157 955 2191 qui

877 119 906 147 S.
925 118 1097 146 EPIPIIANII

969 182 992 206 Λ

973 852 992 879 Β

970 1521 991 1548 G

1738 117 1804 145 256

1144 175 1237 201 KATA
1256 173 1566 201 ΗΜΕΡΟΒΑΠΤΙΣΤΩΝ
1578 172 1648 208 (10),
1695 209 1699 214 λ

1009 227 1134 265 Τετάρτῃ
1148 230 1267 266 αἵρεσις
1285 230 1413 266 dicere?
1434 230 1629 266 Ἱουδαῖσμοῦ,
1649 231 1737 257 eam»
1745 239 1802 258 m-

1199 264 1306 299 mea.
1323 265 1357 291 δὲ
1373 265 1409 299 τῇ
1423 264 1596 298 ἀκολουθίᾳ.

1043 322 1160 354 Ταύταις
1177 323 1205 349 δὲ
1229 322 1373 349 συνέπεται
1402 331 1445 354 τις
1468 323 1573 359 αἵρεσις
1592 324 1801 359 Ἦμεροὸαπτι-

1008 368 1088 400 στῶν,
1109 369 1179 395 οὕτω
1206 368 1368 404 καλουμένη,
1396 368 1478 403 μηδὲν
1497 370 1546 404 μὲν
1564 369 1798 404 παραλλάττουσα

1006 414 1060 441 τῶν
1069 414 1167 446 ἄλλων,
1180 413 1237 440 ἀλλ’
1250 414 1295 440 ἴσα
1309 413 1363 439 τῶν
1377 413 1565 449 Γραμματέων
1575 415 1622 439 καὶ
1634 414 1796 449 Φαρισαίων

1007 459 1144 496 φρονοῦσα
1154 468 1161 475 ⁸
1177 460 1208 486 οὑ
1224 460 1277 495 μὴν
1289 459 1447 494 ὲξισουμένη
1461 460 1517 490 τοῖς
1531 459 1719 491 Σαδδουκαίοις
1732 459 1795 494 (11)

1007 507 1035 531 ὲν
1054 507 1085 540 τῇ
1099 505 1154 531 τῶν
1171 505 1274 540 νεκρῶν
1288 504 1434 530 ἀναστάσει
1448 504 1537 539 μόνον,
1551 504 1618 531 ἀλλὰ
1627 506 1659 540 τῇ
1675 505 1796 540 ἀπιστίᾳ

1007 552 1054 578 καὶ
1067 552 1123 582 τοῖς
1137 551 1233 582 ἄλλοις.
1263 551 1347 577 Τοῦτο
1360 550 1387 576 δὲ
1402 551 1526 586 περιττὸν
1548 550 1615 586 αὕτη
1632 551 1793 587 κεκτημένη

1007 596 1023 630 ἡ
1039 596 1161 630 αἵρεσις·
1179 594 1215 626 ὡς
1229 595 1257 621 ἐν
1273 594 1333 630 ἓαρί
1348 603 1377 620 τε
1394 595 1441 621 καὶ
1457 595 1615 630 μετοπώρῳ,
1633 595 1745 630 χειμῶνί
1762 604 1796 622 τε

1007 642 1053 668 καὶ
1066 641 1138 676 θέρει
1147 641 1425 676 πάντοτεκαθημὲραν
1438 641 1613 676 βαπτίζεσθαι
1624 650 1631 657 ⁸
1643 642 1703 668 ὅθεν
1717 642 1767 668 καὶ
1784 642 1794 658 ¹

1013 686 1267 722 Ὶῖμεροῦαπτιστὰν
1294 686 1387 721 εἴληφε
1410 686 1458 722 τὴν
1479 687 1645 722 ἐπωνυμίαν.
1667 688 1795 721 Ἔφασκε

1006 732 1060 767 γὰρ
1076 732 1145 767 αὕτη
1165 731 1253 763 ἄλλως
1276 741 1336 763 πως
1351 733 1387 767 μὴ
1397 729 1465 758 εἶναι
1484 731 1532 767 ζῇν
1548 732 1693 768 ἀνθρώπῳ,
1710 734 1734 758 εἰ
1751 733 1794 767 μή

1006 785 1032 803 τι
1049 777 1102 812 ἄρα
1117 776 1178 802 καθ’
1194 776 1312 810 ἑκάστην
1322 776 1428 811 ἡμέραν
1442 775 1596 810 βαπτίζοιτό
1604 784 1645 807 τις
1660 776 1688 801 ὲν
1701 774 1794 806 ὕδατι,

1007 821 1203 856 ἁπολουόμενός
1215 829 1243 847 τε
1261 821 1306 847 καὶ
1322 820 1496 855 ἁγνιζόμενος
1513 820 1565 848 ἀπὸ
1580 820 1668 855 πάσης
1689 820 1793 851 αἰτίας.

1043 867 1114 903 Πρὸς
1139 867 1240 902 ταύτην
1258 867 1285 893 δὲ
1309 868 1355 894 καὶ
1379 868 1463 902 αὐτὴν
1482 867 1511 899 ἐξ
1540 867 1599 898 ἐνὸς
1622 867 1699 900 λόγου
1723 867 1794 901 ἡμῖν

1008 913 1147 948 ἀνατροπὴ
1159 913 1304 947 γενήσεται
1315 921 1321 927 '
1339 913 1379 938 ὃτι
1396 912 1522 943 ἀπιστίας
1539 913 1602 947 παρ’
1618 912 1706 943 αὐτοῖς
1723 912 1794 947 μᾶλ-

1008 957 1080 993 λονῆ
1099 958 1215 988 πίστεως
1229 958 1253 983 οἱ
1271 957 1355 991 λόγοι.
1377 957 1497 992 Ἐλέγχει
1513 957 1566 992 γὰρ
1582 957 1680 988 αὐτοὺς
1696 957 1712 992 ὴ
1729 965 1794 983 συν-

1008 1004 1111 1038 είδησις
1127 1003 1216 1029 αὐτῶν
1239 1003 1300 1029 καθ’
1315 1003 1432 1037 ἑκάστην
1449 1003 1554 1038 ἡμέραν
1573 1002 1792 1037 βαπτιζομένων,

1007 1050 1044 1079 ὡς
1055 1050 1095 1076 ὅτι
1111 1050 1127 1084 ὴ
1143 1049 1219 1080 ἐλπὶς
1232 1049 1280 1084 τῆς
1294 1048 1356 1083 χθὲς
1368 1049 1473 1085 ἡμέρας
1487 1049 1550 1084 παρ’
1564 1048 1653 1079 αὐτοῖς
1663 1047 1743 1081 τέθντ,
1752 1056 1792 1079 ιε,

1009 1096 1055 1122 καὶ
1069 1096 1085 1130 ἡ
1102 1095 1192 1126 πίστις
1207 1103 1237 1120 τε
1254 1095 1300 1121 καὶ
1324 1095 1338 1120 ὁ
1352 1095 1493 1129 ἁγνισμός.
1514 1095 1545 1120 Εἰ
1568 1094 1617 1129 μὲν
1633 1093 1686 1128 γὰρ
1700 1094 1728 1119 ὲν
1750 1093 1794 1120 ἑνὶ

1009 1141 1176 1176 βαπτίσματι
1187 1140 1334 1175 ἑστοίχουν,
1345 1141 1398 1175 ἄρα
1409 1140 1540 1176 ἐθάρρουν
1552 1139 1649 1174 τούτῳ,
1660 1140 1696 1170 ὡς
1710 1138 1792 1170 ςῶντι

1008 1188 1055 1213 καὶ
1070 1187 1194 1222 ἀθανάτῳ
1214 1186 1269 1213 om
1289 1187 1326 1218 El;
1342 1187 1386 1213 τὸν
1411 1186 1510 1212 αἰῶνα·
1526 1186 1605 1212 ὁπότε
1623 1185 1650 1212 δὲ
1671 1187 1792 1220 σήμερον

1010 1233 1059 1267 μὲν
1084 1233 1225 1258 ἐλούσαντο
1247 1233 1295 1266 οὐχ
1315 1232 1407 1258 ἕνεκεν
1428 1231 1550 1263 πλύσεως
1569 1231 1703 1266 σώματος,
1722 1231 1792 1257 ἀλλὰ

1009 1279 1100 1304 ἕνεκεν
1117 1278 1332 1313 ἁμαρτημάτων,
1350 1277 1403 1312 ἄρα
1422 1278 1480 1304 κατ’
1496 1277 1594 1308 αὐτοὺς
1611 1276 1789 1311 ἐκαθαρίσθη.

1008 1322 1090 1354 Αὖθις
1113 1324 1142 1350 δὲ
1160 1324 1193 1358 τῇ
1214 1323 1277 1358 ἑξῆς
1301 1323 1381 1350 πάλιν
1394 1323 1542 1358 λουόμενοι,
1563 1323 1736 1356 ἀπεφήναντο
1760 1322 1792 1348 τὸ

1009 1369 1142 1405 παρελθὸν
1158 1370 1187 1396 ὲν
1202 1370 1233 1404 τῇ
1251 1368 1314 1404 χθὲς
1328 1369 1451 1395 τεθνάναι
1467 1368 1617 1404 βάπτισμα.
1631 1369 1662 1394 Εἰ
1680 1367 1716 1403 μὴ
1735 1367 1792 1401 γὰρ

1008 1416 1038 1442 τὸ
1058 1416 1110 1451 πρὸ
1126 1417 1190 1450 μιᾶς
1203 1415 1352 1450 ἐτεθνήκει,
1365 1416 1415 1441 οὐκ
1436 1414 1468 1441 ἂν
1487 1416 1525 1446 εἰς
1545 1414 1592 1450 τὴν
1615 1414 1676 1449 ἑξῆς
1695 1414 1789 1449 ἑτέρου

1009 1462 1149 1489 ἐπεδέοντο
1173 1462 1241 1497 πρὸς
1264 1461 1433 1496 καθαρισμὸν
1457 1460 1671 1496 ἁμαρτημάτων.
1691 1460 1746 1486 Καὶ
1765 1460 1790 1485 εἰ

1009 1509 1076 1540 ὅλως
1091 1509 1142 1535 οὐκ
1160 1508 1306 1543 ἀπέχονται
1320 1507 1367 1533 τοῦ
1383 1505 1733 1542 ἁμαρτάνειν,νομίζοντες,
1748 1506 1790 1532 ὅτι

1007 1555 1039 1581 τὸ
1065 1555 1136 1590 ὕδωρ
1158 1554 1299 1590 καθαρίσει
1331 1554 1393 1585 τοὺς
1418 1553 1560 1588 ἐνδελεχῶς
1588 1552 1647 1579 καθ’
1672 1553 1790 1588 ἑκάστην

1009 1601 1228 1636 ἁμαρτάνοντας,
1255 1600 1368 1635 μάταιος
1393 1599 1481 1626 αὐτῶν
1500 1601 1516 1634 ὴ
1540 1599 1669 1630 ὑπόνοια,
1688 1600 1735 1626 καὶ
1759 1597 1791 1625 τὸ

1009 1647 1175 1682 ἐπιτήδευμα
1197 1646 1310 1682 φροῦδον
1332 1646 1379 1672 καὶ
1391 1646 1483 1672 ἕωλον.
1500 1645 1567 1672 Οὕτε
1587 1645 1640 1681 γὰρ
1654 1645 1788 1676 Ὠκεανὸς,

1008 1693 1068 1720 οὔτε
1084 1693 1171 1719 πάντα
1186 1693 1218 1719 τὰ
1236 1692 1330 1728 ῥεῖθρα
1345 1692 1391 1718 καὶ
1415 1691 1530 1726 πελάγη,
1549 1691 1666 1726 ποταμοί
1679 1699 1708 1716 τε
1727 1691 1789 1716 ἀέν-

1009 1748 1067 1766 ναοι
1083 1740 1128 1765 καὶ
1145 1739 1244 1773 πηγαὶ,
1266 1738 1341 1764 πᾶσά
1354 1746 1383 1763 τε
1403 1738 1419 1772 ἡ
1438 1736 1604 1772 ὀμϐροτόκος
1623 1736 1703 1770 φύσις
1727 1745 1788 1762 συν-

1010 1784 1124 1810 ελθοῠσα
1142 1784 1252 1810 δύναται
1273 1783 1458 1818 ἁμαρτήματα
1479 1782 1623 1816 ἀφανίσαι·
1644 1781 1790 1817 ἐπειδήπερ

1009 1830 1040 1856 οὑ
1053 1829 1124 1856 κατὰ
1141 1830 1230 1864 λόγον.
1249 1829 1308 1855 οὐδὲ
1323 1829 1355 1855 ἐκ
1371 1827 1579 1863 προστάγματος
1590 1827 1658 1854 Θεοῦ
1675 1828 1788 1861 γίνεται.

1005 1981 1105 2019 Iri-:17»;
1117 1982 1221 2019 νεκρῷν
1240 1982 1396 2015 ἀναστάσει,
1411 1983 1478 2011 ἀλλὰ
1496 1984 1529 2019 τῇ
1545 1983 1658 2019 ἀπιστία
1673 1984 1719 2010 καὶ
1733 1986 1787 2016 τοῖς

1005 2017 1104 2053 ᾂλλοις.
1125 2016 1177 2044 Sed
1193 2017 1249 2044 haec
1271 2020 1402 2053 sententia
1430 2018 1463 2045 ab
1489 2016 1533 2050 iis,
1554 2026 1613 2052 quae
1629 2016 1708 2053 paulo
1728 2023 1788 2047 ante

1007 2051 1150 2088 leguntur;
1168 2057 1225 2088 tum
1250 2052 1277 2078 in
1294 2052 1431 2080 Breviario
1453 2051 1588 2080 sectarum
1615 2051 1695 2088 hujus
1718 2054 1787 2087 libri,

1007 2091 1033 2114 et
1053 2117 1057 2118 γ
1077 2087 1104 2122 in
1129 2087 1319 2114 universarum
1364 2088 1584 2122 Anaccphalreosi
1619 2087 1787 2122 reperiuntur

1006 2122 1039 2148 ab
1065 2121 1226 2156 Epiphanio.
1252 2122 1426 2159 vehementer
1452 2121 1573 2150 dissidet.
1596 2121 1788 2159 Narnrubiqne

1006 2161 1164 2184 constanter
1182 2158 1322 2189 asscritnr,
1339 2156 1586 2192 Hemerobaptistas
1602 2166 1617 2185 a
1632 2157 1733 2186 Iudaeis
1745 2156 1786 2186 re-

174 2199 203 2218 se
228 2193 370 2228 sanctitate
396 2197 522 2226 pnestare
547 2191 652 2219 caeteris
675 2192 781 2224 vellent,
799 2199 852 2218 nou
875 2188 953 2228 mo'lo
972 2188 993 2215 D
1009 2192 1089 2226 liquis
1105 2193 1178 2228 nulla
1196 2188 1501 2228 ittrpartejlism'epare':
1525 2193 1591 2223 sive,
1609 2199 1639 2220 ut
1657 2194 1710 2220 hoc
1729 2194 1786 2221 loco

174 2227 281 2260 quoties
304 2235 318 2253 a
342 2227 400 2253 foro
420 2228 550 2259 redirent,
567 2234 659 2253 verum
677 2232 758 2253 etiam
779 2227 886 2253 tametsi
910 2234 955 2260 pc-

173 2261 234 2288 dem
259 2261 339 2288 domo
357 2270 410 2288 nou
433 2262 603 2289 extulissent.
627 2262 660 2288 de
682 2261 726 2288 die
748 2263 846 2296 smpius
866 2262 956 2288 lavare

174 2297 359 2324 consuevisse.
376 2296 535 2330 Cujusmodi
556 2296 645 2323 Baulis
661 2296 705 2323 ille
722 2295 842 2328 fuit,’cui
859 2304 888 2323 se
909 2295 955 2322 Jo-

175 2331 275 2364 scphus
295 2332 321 2358 in
337 2332 506 2367 disciplinain
520 2331 685 2363 tradidit,-ut
701 2332 726 2357 in
741 2331 801 2358 Vita
822 2339 870 2367 sua
881 2332 953 2367 scri-

175 2370 250 2402 ptum
284 2365 607 2402 reliquitflluncrenim
627 2366 724 2402 refert,
753 2366 849 2402 ψυχρῷ
879 2365 953 2402 ὕδατι

174 2401 223 2436 τὴν
238 2401 354 2436 ἡμέραν,
370 2403 416 2427 καὶ
434 2402 481 2436 τὴν
495 2401 580 2428 νύκτα
591 2401 719 2432 πολλάκις
733 2401 876 2436 λουόμενον
890 2401 957 2436 πρὸς

180 2420 199 2426 ..
214 2420 221 2426 ν
241 2420 245 2426 .
264 2420 291 2426 ..-
312 2420 342 2427 ..ν
371 2420 416 2427 μ...
439 2420 458 2427 ...
472 2420 481 2428 ν
500 2420 580 2428 νη...
595 2420 703 2428 "suum.
734 2420 795 2427 mw
818 2420 874 2428 ..νη
893 2420 909 2426 ..
928 2420 942 2427 ν

174 2420 354 2468 ὰθνείέινδιδίιῖ
367 2420 544 2469 Εδδριιίίιψιιό
561 2436 685 2463 eumdem
699 2420 845 2470 iosephhm
861 2420 955 2468 libr”:

176 2477 235 2506 cap.
253 2470 381 2506 7corpus
398 2476 460 2498 ante
482 2472 571 2497 cibum
594 2472 739 2497 abluebant
756 2471 861 2506 frigida.
887 2471 957 2503 Quid

175 2505 258 2539 igitur
279 2505 517 2540 llmuerobaptistm
532 2506 579 2538 illi,
598 2514 666 2539 quos
681 2505 847 2540 Epiphanius
863 2507 956 2538 refert,

176 2541 333 2571 meruerint,
350 2546 378 2566 ut
400 2541 554 2566 distinctam
570 2541 603 2568 ab
617 2542 677 2567 aliis
692 2545 792 2568 sectam
807 2542 955 2573 ellicereut,

175 2583 229 2602 non
247 2576 315 2602 satis
329 2575 518 2602 discernimus.

211 2610 266 2644 (Η)
282 2611 322 2636 Οὐ
335 2611 398 2644 μὴν
408 2609 587 2643 ἑξισουμένη
602 2610 662 2642 τοῖς
670 2609 889 2642 Σαδδουκαίοις.
905 2610 957 2643 Qui

176 2645 263 2679 prima
286 2646 375 2680 specie
389 2645 532 2671 verborum
546 2645 658 2671 istorum
673 2653 770 2672 sensus
787 2646 916 2676 occurrit,
934 2646 956 2672 is

175 2683 227 2710 est,
241 2688 321 2714 quem
335 2689 389 2707 non
405 2681 486 2707 modo
502 2687 550 2706 nos
568 2680 629 2714 ipsi,
647 2680 693 2707 sed
707 2681 788 2707 ctiam
807 2680 957 2707 Cornarius

175 2717 319 2749 expressit.
340 2715 586 2749 llemerobaptistas
605 2722 658 2741 non
688 2716 774 2742 solum
791 2716 817 2741 in
834 2715 956 2749 neganda

177 2754 344 2783 mortuorum
369 2750 579 2780 resurrectione,
594 2758 686 2776 verum
710 2750 735 2776 in
757 2750 859 2783 reliqua
883 2751 956 2776 onmi

175 2782 331 2818 dogmatum
348 2787 465 2812 falsitate
482 2784 647 2811 concordare
663 2793 722 2810 cum
738 2782 903 2812 Sailducseis.
919 2785 956 2811 Οὐ

177 2818 231 2852 μὴν
246 2820 404 2856 ἑξισουμὲνη
427 2820 515 2856 μόνον,
532 2820 628 2854 inquit,
642 2821 697 2850 τοῖς
723 2820 909 2850 Σαῆδουκαίοις
928 2821 956 2845 ὲν

1007 2227 1125 2261 scripsit,
1136 2235 1150 2253 a
1164 2227 1267 2254 Scribis
1279 2231 1305 2254 et
1320 2226 1475 2255 Pharisfeis.
1491 2228 1566 2260 Quod
1579 2228 1600 2254 si
1613 2236 1782 2255 communem

1006 2269 1068 2288 cum
1089 2262 1245 2289 Sadducaeis
1267 2263 1437 2296 negationem
1460 2263 1669 2290 resurrectionis
1688 2263 1786 2291 habue-

1006 2298 1072 2332 rint.
1093 2298 1200 2332 aliaque
1222 2297 1358 2331 dogmata,
1373 2298 1472 2331 quibus
1494 2299 1537 2326 isti
1559 2305 1573 2324 a
1599 2297 1742 2325 Pharisteis
1760 2303 1785 2325 et

1008 2331 1111 2359 Scribis
1127 2331 1265 2366 tantopere
1279 2332 1471 2364 abhorrebant,
1495 2337 1523 2359 nt
1546 2332 1578 2358 ad
1601 2332 1784 2361 Samaritanus

1007 2368 1176 2397 accederent,
1199 2367 1424 2401 quemadmodum
1447 2367 1473 2394 in
1499 2368 1605 2394 illorum
1625 2367 1785 2395 declaranda

1007 2401 1102 2429 haeresi
1119 2407 1233 2428 testatus
1252 2405 1308 2433 est;
1330 2402 1450 2436 proferto
1474 2403 1587 2428 multum
1612 2410 1673 2429 cum
1694 2410 1708 2428 a
1725 2404 1784 2430 reli~

1007 2438 1068 2470 quis
1089 2436 1242 2464 Judmorum
1267 2437 1438 2468 factionibus,
1458 2442 1513 2464 tum
1539 2445 1554 2463 a
1580 2437 1733 2467 Pharismis,
1756 2446 1784 2465 ac

1009 2472 1111 2499 Scribis
1138 2472 1377 2505 Heiuerobaptista:
1405 2472 1520 2504 separati
1546 2477 1620 2499 sunt.
1654 2472 1718 2504 Quze
1747 2481 1785 2500 me

1007 2507 1078 2534 ratio
1094 2511 1254 2537 commovet,
1279 2511 1307 2532 ut
1330 2507 1406 2533 aliter
1431 2507 1571 2541 Epiphauii
1601 2508 1683 2534 verba
1707 2508 1785 2534 inter-

1007 2542 1137 2575 pretanda
1164 2542 1294 2575 judicem,
1323 2542 1443 2575 adeoque
1465 2542 1602 2568 contrario
1627 2550 1707 2569 sensu
1728 2551 1734 2568 :
1757 2549 1785 2569 ac

1008 2577 1083 2612 prior
1096 2577 1152 2612 rillc
1172 2581 1224 2606 est,
1250 2583 1329 2610 quam
1341 2577 1373 2612 Vin
1387 2576 1482 2603 Latina
1498 2577 1622 2604 versione
1646 2578 1733 2612 posui.
1750 2578 1783 2603 Οὐ

1009 2611 1061 2646 μὴν
1077 2611 1247 2646 ὲξισουμένη,
1272 2611 1369 2644 inquit,
1385 2612 1440 2642 τοῖς
1455 2611 1651 2643 Σαδδουκαίοιςξ
1669 2611 1730 2639 Νοη
1748 2617 1783 2639 lu-

1008 2654 1066 2672 men
1095 2655 1152 2672 cum
1183 2645 1336 2673 Saddncasis
1361 2654 1514 2680 congruens,
1534 2648 1585 2673 hoc
1614 2655 1668 2674 uno
1689 2648 1783 2681 capite,

1008 2681 1079 2715 quod
1101 2685 1268 2707 mortuorum
1292 2682 1519 2708 resurrectionem
1545 2690 1608 2712 non,
1631 2686 1660 2708 ut
1677 2683 1731 2710 illis
1746 2683 1783 2709 vi-

1008 2723 1067 2752 sum
1081 2720 1134 2745 est,
1152 2717 1276 2750 abneget,
1292 2723 1444 2751 quanquam
1464 2717 1566 2751 reliqua
1583 2717 1609 2744 in
1624 2718 1747 2752 perlitlia.
1762 2722 1784 2744 et

1008 2751 1138 2778 adversus
1162 2751 1298 2778 Christum
1322 2752 1456 2785 praecipue
1481 2753 1661 2783 contumacia,
1685 2752 1784 2779 Saddu-

1009 2793 1135 2824 ciem-um,
1149 2794 1180 2813 ac
1203 2793 1359 2813 cancrorum
1377 2787 1509 2814 Judaismi
1525 2788 1662 2814 hatreseon
1683 2789 1784 2822 gemina

1009 2825 1053 2847 SH.
