  <div class='ocr_page' id='page_1' title='image "/cluster/home/n/w/nwhite01/storage/ocr_20150623/41/njp.32101007805813/149.png"; bbox 0 0 1944 3037; ppageno 0'>
   <div class='ocr_carea' id='block_1_1' title="bbox 163 89 216 117">
    <p class='ocr_par' dir='ltr' id='par_1_1' title="bbox 163 89 216 117">
     <span class='ocr_line' id='line_1_1' title="bbox 163 89 216 117; baseline 0 0"><span class='ocrx_word' id='word_1_1' title='bbox 163 89 216 117; x_wconf 74' lang='grc'><strong>259</strong></span> 
     </span>
    </p>
   </div>
   <div class='ocr_carea' id='block_1_2' title="bbox 872 83 1086 113">
    <p class='ocr_par' dir='ltr' id='par_1_2' title="bbox 872 83 1086 113">
     <span class='ocr_line' id='line_1_2' title="bbox 872 83 1086 113; baseline -0.005 0"><span class='ocrx_word' id='word_1_2' title='bbox 872 84 902 113; x_wconf 89' lang='lat' dir='ltr'><strong>S.</strong></span> <span class='ocrx_word' id='word_1_3' title='bbox 917 83 1086 112; x_wconf 80' lang='lat' dir='ltr'><strong>EPIPHANII</strong></span> 
     </span>
    </p>
   </div>
   <div class='ocr_carea' id='block_1_3' title="bbox 1731 83 1786 112">
    <p class='ocr_par' dir='ltr' id='par_1_3' title="bbox 1731 83 1786 112">
     <span class='ocr_line' id='line_1_3' title="bbox 1731 83 1786 112; baseline 0.036 -2"><span class='ocrx_word' id='word_1_4' title='bbox 1731 83 1786 112; x_wconf 79' lang='grc'><strong>260</strong></span> 
     </span>
    </p>
   </div>
   <div class='ocr_carea' id='block_1_4' title="bbox 165 140 953 182">
    <p class='ocr_par' dir='ltr' id='par_1_4' title="bbox 165 145 949 182">
     <span class='ocr_line' id='line_1_4' title="bbox 165 145 949 182; baseline -0.004 -8"><span class='ocrx_word' id='word_1_5' title='bbox 165 148 306 182; x_wconf 76' lang='lat' dir='ltr'><strong>Scriptura</strong></span> <span class='ocrx_word' id='word_1_6' title='bbox 322 147 455 180; x_wconf 89' lang='lat' dir='ltr'><strong>meminit,</strong></span> <span class='ocrx_word' id='word_1_7' title='bbox 469 145 541 174; x_wconf 91' lang='lat' dir='ltr'><strong>unde</strong></span> <span class='ocrx_word' id='word_1_8' title='bbox 557 149 585 174; x_wconf 91' lang='lat' dir='ltr'><strong>et</strong></span> <span class='ocrx_word' id='word_1_9' title='bbox 601 146 699 173; x_wconf 87' lang='lat' dir='ltr'><strong>horum</strong></span> <span class='ocrx_word' id='word_1_10' title='bbox 725 145 891 181; x_wconf 76' lang='lat' dir='ltr'><strong>appellatio,</strong></span> <span class='ocrx_word' id='word_1_11' title='bbox 921 147 949 172; x_wconf 88' lang='lat' dir='ltr'><strong>et</strong></span> 
     </span>
    </p>
   </div>
   <div class='ocr_carea' id='block_1_5' title="bbox 1007 140 1787 182">
    <p class='ocr_par' dir='ltr' id='par_1_5' title="bbox 1007 140 1787 178">
     <span class='ocr_line' id='line_1_5' title="bbox 1007 140 1787 178; baseline -0.003 -9"><span class='ocrx_word' id='word_1_12' title='bbox 1007 143 1054 178; x_wconf 66' lang='grc' dir='ltr'><strong>τὰρ</strong></span> <span class='ocrx_word' id='word_1_13' title='bbox 1065 142 1241 177; x_wconf 75' lang='grc' dir='ltr'>περὶτούτων</span> <span class='ocrx_word' id='word_1_14' title='bbox 1254 141 1291 177; x_wconf 85' lang='grc' dir='ltr'>μὴ</span> <span class='ocrx_word' id='word_1_15' title='bbox 1301 142 1442 177; x_wconf 78' lang='grc' dir='ltr'><strong>λεγούσης,</strong></span> <span class='ocrx_word' id='word_1_16' title='bbox 1454 141 1536 168; x_wconf 83' lang='grc' dir='ltr'>πόθεν</span> <span class='ocrx_word' id='word_1_17' title='bbox 1550 141 1641 172; x_wconf 79' lang='grc' dir='ltr'>αὐτοῖς</span> <span class='ocrx_word' id='word_1_18' title='bbox 1654 141 1671 176; x_wconf 79' lang='grc' dir='ltr'>ἡ</span> <span class='ocrx_word' id='word_1_19' title='bbox 1685 140 1787 174; x_wconf 82' lang='grc' dir='ltr'>γνῶσις</span> 
     </span>
    </p>
   </div>
   <div class='ocr_carea' id='block_1_6' title="bbox 163 189 952 227">
    <p class='ocr_par' dir='ltr' id='par_1_6' title="bbox 163 189 952 227">
     <span class='ocr_line' id='line_1_6' title="bbox 163 189 952 227; baseline -0.005 -7"><span class='ocrx_word' id='word_1_20' title='bbox 163 193 270 227; x_wconf 74' lang='lat' dir='ltr'><strong>egregia</strong></span> <span class='ocrx_word' id='word_1_21' title='bbox 284 192 370 219; x_wconf 87' lang='lat' dir='ltr'><strong>virtus</strong></span> <span class='ocrx_word' id='word_1_22' title='bbox 385 191 437 219; x_wconf 86' lang='lat' dir='ltr'><strong>nisi</strong></span> <span class='ocrx_word' id='word_1_23' title='bbox 447 199 480 218; x_wconf 79' lang='lat' dir='ltr'><strong>ex</strong></span> <span class='ocrx_word' id='word_1_24' title='bbox 496 191 551 218; x_wconf 86' lang='lat' dir='ltr'><strong>illis</strong></span> <span class='ocrx_word' id='word_1_25' title='bbox 564 190 751 218; x_wconf 80' lang='lat' dir='ltr'><strong>voluminibus</strong></span> <span class='ocrx_word' id='word_1_26' title='bbox 766 189 874 224; x_wconf 72' lang='lat' dir='ltr'><strong>cognita</strong></span> <span class='ocrx_word' id='word_1_27' title='bbox 890 196 952 217; x_wconf 90' lang='lat' dir='ltr'><strong>esse</strong></span> 
     </span>
    </p>
   </div>
   <div class='ocr_carea' id='block_1_7' title="bbox 164 236 951 274">
    <p class='ocr_par' dir='ltr' id='par_1_7' title="bbox 164 236 951 274">
     <span class='ocr_line' id='line_1_7' title="bbox 164 236 951 274; baseline -0.005 -9"><span class='ocrx_word' id='word_1_28' title='bbox 164 238 298 274; x_wconf 80' lang='lat' dir='ltr'><strong>potuerit?</strong></span> <span class='ocrx_word' id='word_1_29' title='bbox 312 238 364 271; x_wconf 83' lang='lat' dir='ltr'><strong>Qui</strong></span> <span class='ocrx_word' id='word_1_30' title='bbox 386 245 468 273; x_wconf 90' lang='lat' dir='ltr'><strong>porro</strong></span> <span class='ocrx_word' id='word_1_31' title='bbox 493 237 620 264; x_wconf 74' lang='lat' dir='ltr'><strong>convenit</strong></span> <span class='ocrx_word' id='word_1_32' title='bbox 648 237 789 264; x_wconf 85' lang='lat' dir='ltr'><strong>veritatem</strong></span> <span class='ocrx_word' id='word_1_33' title='bbox 814 236 840 262; x_wconf 93' lang='lat' dir='ltr'><strong>in</strong></span> <span class='ocrx_word' id='word_1_34' title='bbox 868 243 951 261; x_wconf 91' lang='lat' dir='ltr'><strong>unum</strong></span> 
     </span>
    </p>
   </div>
   <div class='ocr_carea' id='block_1_8' title="bbox 163 282 951 317">
    <p class='ocr_par' dir='ltr' id='par_1_8' title="bbox 163 282 951 317">
     <span class='ocr_line' id='line_1_8' title="bbox 163 282 951 317; baseline -0.004 -6"><span class='ocrx_word' id='word_1_35' title='bbox 163 293 225 311; x_wconf 87' lang='lat' dir='ltr'><strong>curn</strong></span> <span class='ocrx_word' id='word_1_36' title='bbox 241 284 360 311; x_wconf 80' lang='lat' dir='ltr'><strong>falsitate</strong></span> <span class='ocrx_word' id='word_1_37' title='bbox 375 284 561 311; x_wconf 80' lang='lat' dir='ltr'><strong>concurrere?</strong></span> <span class='ocrx_word' id='word_1_38' title='bbox 583 284 762 317; x_wconf 83' lang='lat' dir='ltr'><strong>eamdemque</strong></span> <span class='ocrx_word' id='word_1_39' title='bbox 781 282 951 316; x_wconf 86' lang='lat' dir='ltr'><strong>Scripturam</strong></span> 
     </span>
    </p>
   </div>
   <div class='ocr_carea' id='block_1_9' title="bbox 164 323 952 366">
    <p class='ocr_par' dir='ltr' id='par_1_9' title="bbox 164 323 952 366">
     <span class='ocr_line' id='line_1_9' title="bbox 164 323 952 366; baseline -0.005 -9"><span class='ocrx_word' id='word_1_40' title='bbox 164 323 264 366; x_wconf 44' lang='lat' dir='ltr'><strong>parti-ni</strong></span> <span class='ocrx_word' id='word_1_41' title='bbox 281 337 355 361; x_wconf 86' lang='lat' dir='ltr'><strong>vera,</strong></span> <span class='ocrx_word' id='word_1_42' title='bbox 381 331 478 364; x_wconf 91' lang='lat' dir='ltr'><strong>partim</strong></span> <span class='ocrx_word' id='word_1_43' title='bbox 502 330 570 356; x_wconf 79' lang='lat' dir='ltr'><strong>falsa</strong></span> <span class='ocrx_word' id='word_1_44' title='bbox 585 329 711 364; x_wconf 79' lang='lat' dir='ltr'><strong>jactare?</strong></span> <span class='ocrx_word' id='word_1_45' title='bbox 733 337 796 355; x_wconf 87' lang='lat' dir='ltr'><strong>cum</strong></span> <span class='ocrx_word' id='word_1_46' title='bbox 825 328 952 355; x_wconf 87' lang='lat' dir='ltr'><strong>Salvator</strong></span> 
     </span>
    </p>
   </div>
   <div class='ocr_carea' id='block_1_10' title="bbox 164 374 952 409">
    <p class='ocr_par' dir='ltr' id='par_1_10' title="bbox 164 374 952 409">
     <span class='ocr_line' id='line_1_10' title="bbox 164 374 952 409; baseline -0.004 -7"><span class='ocrx_word' id='word_1_47' title='bbox 164 376 264 403; x_wconf 80' lang='lat' dir='ltr'><strong>dixerit</strong></span> <span class='ocrx_word' id='word_1_48' title='bbox 279 385 284 402; x_wconf 89' lang='lat'>:</span> <span class='ocrx_word' id='word_1_49' title='bbox 297 376 349 401; x_wconf 79' lang='lat' dir='ltr'><strong>Aut</strong></span> <span class='ocrx_word' id='word_1_50' title='bbox 359 375 438 409; x_wconf 81' lang='lat' dir='ltr'><strong>facile</strong></span> <span class='ocrx_word' id='word_1_51' title='bbox 449 375 568 402; x_wconf 83' lang='lat' dir='ltr'><strong>arborem</strong></span> <span class='ocrx_word' id='word_1_52' title='bbox 581 376 686 406; x_wconf 84' lang='lat' dir='ltr'><strong>bonam,</strong></span> <span class='ocrx_word' id='word_1_53' title='bbox 700 379 724 401; x_wconf 81' lang='lat' dir='ltr'><strong>et</strong></span> <span class='ocrx_word' id='word_1_54' title='bbox 738 374 840 408; x_wconf 77' lang='lat' dir='ltr'><strong>fruetus</strong></span> <span class='ocrx_word' id='word_1_55' title='bbox 853 374 932 400; x_wconf 74' lang='lat' dir='ltr'><strong>bonos</strong></span> <span class='ocrx_word' id='word_1_56' title='bbox 943 381 952 399; x_wconf 93' lang='lat'><strong><em>:</em></strong></span> 
     </span>
    </p>
   </div>
   <div class='ocr_carea' id='block_1_11' title="bbox 164 418 953 454">
    <p class='ocr_par' dir='ltr' id='par_1_11' title="bbox 164 418 953 454">
     <span class='ocr_line' id='line_1_11' title="bbox 164 418 953 454; baseline -0.004 -6"><span class='ocrx_word' id='word_1_57' title='bbox 164 425 211 448; x_wconf 86' lang='lat' dir='ltr'><strong>aut</strong></span> <span class='ocrx_word' id='word_1_58' title='bbox 227 421 346 448; x_wconf 85' lang='lat' dir='ltr'><strong>arborem</strong></span> <span class='ocrx_word' id='word_1_59' title='bbox 368 421 485 453; x_wconf 85' lang='lat' dir='ltr'><strong>malam,</strong></span> <span class='ocrx_word' id='word_1_60' title='bbox 506 425 530 447; x_wconf 88' lang='lat' dir='ltr'><strong>et</strong></span> <span class='ocrx_word' id='word_1_61' title='bbox 550 421 651 454; x_wconf 60' lang='lat' dir='ltr'><strong>[ructus</strong></span> <span class='ocrx_word' id='word_1_62' title='bbox 667 420 762 448; x_wconf 73' lang='lat' dir='ltr'><strong>&quot;talos.</strong></span> <span class='ocrx_word' id='word_1_63' title='bbox 780 418 870 454; x_wconf 85' lang='lat' dir='ltr'><strong>Neque</strong></span> <span class='ocrx_word' id='word_1_64' title='bbox 883 419 953 446; x_wconf 80' lang='lat' dir='ltr'><strong>enim</strong></span> 
     </span>
    </p>
   </div>
   <div class='ocr_carea' id='block_1_12' title="bbox 163 465 954 501">
    <p class='ocr_par' dir='ltr' id='par_1_12' title="bbox 163 465 954 501">
     <span class='ocr_line' id='line_1_12' title="bbox 163 465 954 501; baseline -0.004 -7"><span class='ocrx_word' id='word_1_65' title='bbox 163 472 247 501; x_wconf 75' lang='lat' dir='ltr'><strong>potest</strong></span> <span class='ocrx_word' id='word_1_66' title='bbox 261 466 341 494; x_wconf 86' lang='lat' dir='ltr'><strong>arbor</strong></span> <span class='ocrx_word' id='word_1_67' title='bbox 356 467 424 493; x_wconf 86' lang='lat' dir='ltr'><strong>bona</strong></span> <span class='ocrx_word' id='word_1_68' title='bbox 436 466 520 493; x_wconf 82' lang='lat' dir='ltr'><strong>malos</strong></span> <span class='ocrx_word' id='word_1_69' title='bbox 535 467 638 500; x_wconf 77' lang='lat' dir='ltr'><strong>fructus</strong></span> <span class='ocrx_word' id='word_1_70' title='bbox 659 466 762 498; x_wconf 76' lang='lat' dir='ltr'><strong>facere,</strong></span> <span class='ocrx_word' id='word_1_71' title='bbox 779 473 859 500; x_wconf 84' lang='lat' dir='ltr'><strong>neque</strong></span> <span class='ocrx_word' id='word_1_72' title='bbox 874 465 954 491; x_wconf 79' lang='lat' dir='ltr'><strong>arbor</strong></span> 
     </span>
    </p>
   </div>
   <div class='ocr_carea' id='block_1_13' title="bbox 164 511 954 547">
    <p class='ocr_par' dir='ltr' id='par_1_13' title="bbox 164 511 954 547">
     <span class='ocr_line' id='line_1_13' title="bbox 164 511 954 547; baseline -0.003 -9"><span class='ocrx_word' id='word_1_73' title='bbox 164 513 237 539; x_wconf 84' lang='lat' dir='ltr'><strong>mala</strong></span> <span class='ocrx_word' id='word_1_74' title='bbox 249 513 257 527; x_wconf 89' lang='grc'>¹</span> <span class='ocrx_word' id='word_1_75' title='bbox 272 511 353 539; x_wconf 78' lang='lat' dir='ltr'><strong>bonos</strong></span> <span class='ocrx_word' id='word_1_76' title='bbox 369 513 471 547; x_wconf 72' lang='lat' dir='ltr'><strong>fructus</strong></span> <span class='ocrx_word' id='word_1_77' title='bbox 491 512 587 546; x_wconf 73' lang='lat' dir='ltr'><strong>facere.</strong></span> <span class='ocrx_word' id='word_1_78' title='bbox 602 512 656 546; x_wconf 82' lang='lat'><strong>39</strong></span> <span class='ocrx_word' id='word_1_79' title='bbox 674 511 808 544; x_wconf 81' lang='lat' dir='ltr'><strong>Quocirca</strong></span> <span class='ocrx_word' id='word_1_80' title='bbox 836 511 954 538; x_wconf 83' lang='lat' dir='ltr'><strong>vanissi-</strong></span> 
     </span>
    </p>
   </div>
   <div class='ocr_carea' id='block_1_14' title="bbox 164 556 954 592">
    <p class='ocr_par' dir='ltr' id='par_1_14' title="bbox 164 556 954 592">
     <span class='ocr_line' id='line_1_14' title="bbox 164 556 954 592; baseline -0.001 -8"><span class='ocrx_word' id='word_1_81' title='bbox 164 565 239 585; x_wconf 89' lang='lat' dir='ltr'><strong>mum</strong></span> <span class='ocrx_word' id='word_1_82' title='bbox 256 558 353 585; x_wconf 89' lang='lat' dir='ltr'><strong>horum</strong></span> <span class='ocrx_word' id='word_1_83' title='bbox 376 558 516 585; x_wconf 86' lang='lat' dir='ltr'><strong>hominum</strong></span> <span class='ocrx_word' id='word_1_84' title='bbox 535 558 672 592; x_wconf 72' lang='lat' dir='ltr'><strong>ingenium</strong></span> <span class='ocrx_word' id='word_1_85' title='bbox 695 560 753 589; x_wconf 80' lang='lat' dir='ltr'><strong>est;</strong></span> <span class='ocrx_word' id='word_1_86' title='bbox 777 556 954 590; x_wconf 76' lang='lat' dir='ltr'><strong>doctrinaque</strong></span> 
     </span>
    </p>
   </div>
   <div class='ocr_carea' id='block_1_15' title="bbox 164 601 952 638">
    <p class='ocr_par' dir='ltr' id='par_1_15' title="bbox 164 601 952 638">
     <span class='ocr_line' id='line_1_15' title="bbox 164 601 952 638; baseline -0.003 -8"><span class='ocrx_word' id='word_1_87' title='bbox 164 604 224 638; x_wconf 87' lang='lat' dir='ltr'><strong>ipsa</strong></span> <span class='ocrx_word' id='word_1_88' title='bbox 240 604 334 631; x_wconf 89' lang='lat' dir='ltr'><strong>multis</strong></span> <span class='ocrx_word' id='word_1_89' title='bbox 347 611 379 630; x_wconf 84' lang='lat' dir='ltr'><strong>ex</strong></span> <span class='ocrx_word' id='word_1_90' title='bbox 398 603 534 638; x_wconf 86' lang='lat' dir='ltr'><strong>capitibus</strong></span> <span class='ocrx_word' id='word_1_91' title='bbox 557 603 641 630; x_wconf 86' lang='lat' dir='ltr'><strong>everti</strong></span> <span class='ocrx_word' id='word_1_92' title='bbox 666 610 697 629; x_wconf 91' lang='lat' dir='ltr'><strong>ac</strong></span> <span class='ocrx_word' id='word_1_93' title='bbox 714 601 827 630; x_wconf 81' lang='lat' dir='ltr'><strong>refutari</strong></span> <span class='ocrx_word' id='word_1_94' title='bbox 852 605 952 636; x_wconf 85' lang='lat' dir='ltr'><strong>potest.</strong></span> 
     </span>
    </p>
   </div>
   <div class='ocr_carea' id='block_1_16' title="bbox 163 649 953 685">
    <p class='ocr_par' dir='ltr' id='par_1_16' title="bbox 163 649 953 685">
     <span class='ocr_line' id='line_1_16' title="bbox 163 649 953 685; baseline -0.004 -9"><span class='ocrx_word' id='word_1_95' title='bbox 163 649 319 677; x_wconf 60' lang='lat' dir='ltr'><strong>Prmsertim</strong></span> <span class='ocrx_word' id='word_1_96' title='bbox 336 657 398 676; x_wconf 91' lang='lat' dir='ltr'><strong>cum</strong></span> <span class='ocrx_word' id='word_1_97' title='bbox 421 649 448 676; x_wconf 93' lang='lat' dir='ltr'><strong>in</strong></span> <span class='ocrx_word' id='word_1_98' title='bbox 471 649 633 676; x_wconf 87' lang='lat' dir='ltr'><strong>hodiernum</strong></span> <span class='ocrx_word' id='word_1_99' title='bbox 655 656 741 682; x_wconf 88' lang='lat' dir='ltr'><strong>usque</strong></span> <span class='ocrx_word' id='word_1_100' title='bbox 769 653 876 685; x_wconf 74' lang='lat' dir='ltr'><strong>tempus</strong></span> <span class='ocrx_word' id='word_1_101' title='bbox 899 654 953 673; x_wconf 92' lang='lat' dir='ltr'><strong>non</strong></span> 
     </span>
    </p>
   </div>
   <div class='ocr_carea' id='block_1_17' title="bbox 162 693 953 727">
    <p class='ocr_par' dir='ltr' id='par_1_17' title="bbox 162 693 953 727">
     <span class='ocr_line' id='line_1_17' title="bbox 162 693 953 727; baseline -0.001 -8"><span class='ocrx_word' id='word_1_102' title='bbox 162 693 245 719; x_wconf 92' lang='lat' dir='ltr'><strong>modo</strong></span> <span class='ocrx_word' id='word_1_103' title='bbox 262 693 436 720; x_wconf 80' lang='lat' dir='ltr'><strong>celebrentur</strong></span> <span class='ocrx_word' id='word_1_104' title='bbox 448 701 491 724; x_wconf 88' lang='lat' dir='ltr'><strong>ea,</strong></span> <span class='ocrx_word' id='word_1_105' title='bbox 508 700 568 727; x_wconf 81' lang='lat' dir='ltr'><strong>quae</strong></span> <span class='ocrx_word' id='word_1_106' title='bbox 580 693 613 720; x_wconf 91' lang='lat' dir='ltr'><strong>iis</strong></span> <span class='ocrx_word' id='word_1_107' title='bbox 630 693 657 719; x_wconf 95' lang='lat' dir='ltr'><strong>in</strong></span> <span class='ocrx_word' id='word_1_108' title='bbox 670 693 747 720; x_wconf 91' lang='lat' dir='ltr'><strong>libris</strong></span> <span class='ocrx_word' id='word_1_109' title='bbox 761 697 837 727; x_wconf 80' lang='lat' dir='ltr'><strong>gesta</strong></span> <span class='ocrx_word' id='word_1_110' title='bbox 850 699 953 719; x_wconf 92' lang='lat' dir='ltr'><strong>memo-</strong></span> 
     </span>
    </p>
   </div>
   <div class='ocr_carea' id='block_1_18' title="bbox 163 737 953 773">
    <p class='ocr_par' dir='ltr' id='par_1_18' title="bbox 163 737 953 773">
     <span class='ocr_line' id='line_1_18' title="bbox 163 737 953 773; baseline 0 -9"><span class='ocrx_word' id='word_1_111' title='bbox 163 743 277 771; x_wconf 84' lang='lat' dir='ltr'><strong>rantur;</strong></span> <span class='ocrx_word' id='word_1_112' title='bbox 294 739 342 766; x_wconf 90' lang='lat' dir='ltr'><strong>sed</strong></span> <span class='ocrx_word' id='word_1_113' title='bbox 357 743 384 766; x_wconf 90' lang='lat' dir='ltr'><strong>et</strong></span> <span class='ocrx_word' id='word_1_114' title='bbox 411 739 527 773; x_wconf 84' lang='lat' dir='ltr'><strong>ipsanict</strong></span> <span class='ocrx_word' id='word_1_115' title='bbox 547 739 606 766; x_wconf 88' lang='lat' dir='ltr'><strong>loca</strong></span> <span class='ocrx_word' id='word_1_116' title='bbox 630 742 879 773; x_wconf 57' lang='lat' dir='ltr'><strong>repraesententur,</strong></span> <span class='ocrx_word' id='word_1_117' title='bbox 906 737 953 765; x_wconf 88' lang='lat' dir='ltr'><strong>ubi</strong></span> 
     </span>
    </p>
   </div>
   <div class='ocr_carea' id='block_1_19' title="bbox 163 784 953 819">
    <p class='ocr_par' dir='ltr' id='par_1_19' title="bbox 163 784 953 819">
     <span class='ocr_line' id='line_1_19' title="bbox 163 784 953 819; baseline -0.001 -8"><span class='ocrx_word' id='word_1_118' title='bbox 163 784 323 811; x_wconf 85' lang='lat' dir='ltr'><strong>admiranda</strong></span> <span class='ocrx_word' id='word_1_119' title='bbox 334 785 380 811; x_wconf 88' lang='lat' dir='ltr'><strong>illa</strong></span> <span class='ocrx_word' id='word_1_120' title='bbox 393 785 516 819; x_wconf 84' lang='lat' dir='ltr'><strong>prodigia</strong></span> <span class='ocrx_word' id='word_1_121' title='bbox 526 785 700 819; x_wconf 81' lang='lat' dir='ltr'><strong>contigerunt</strong></span> <span class='ocrx_word' id='word_1_122' title='bbox 725 785 753 811; x_wconf 91' lang='lat' dir='ltr'><strong>In</strong></span> <span class='ocrx_word' id='word_1_123' title='bbox 769 784 865 819; x_wconf 90' lang='lat' dir='ltr'><strong>primis</strong></span> <span class='ocrx_word' id='word_1_124' title='bbox 875 791 953 811; x_wconf 88' lang='lat' dir='ltr'><strong>mons</strong></span> 
     </span>
    </p>
   </div>
   <div class='ocr_carea' id='block_1_20' title="bbox 1002 185 1788 223">
    <p class='ocr_par' dir='ltr' id='par_1_20' title="bbox 1002 185 1788 223">
     <span class='ocr_line' id='line_1_20' title="bbox 1002 185 1788 223; baseline -0.003 -9"><span class='ocrx_word' id='word_1_125' title='bbox 1002 189 1053 223; x_wconf 81' lang='grc' dir='ltr'>τῆς</span> <span class='ocrx_word' id='word_1_126' title='bbox 1066 188 1121 214; x_wconf 82' lang='grc' dir='ltr'><strong>τῶν</strong></span> <span class='ocrx_word' id='word_1_127' title='bbox 1140 188 1266 223; x_wconf 81' lang='grc' dir='ltr'>πατέρων</span> <span class='ocrx_word' id='word_1_128' title='bbox 1284 189 1431 222; x_wconf 77' lang='grc' dir='ltr'><strong>ὀνομασίας</strong></span> <span class='ocrx_word' id='word_1_129' title='bbox 1447 187 1494 214; x_wconf 74' lang='grc' dir='ltr'><strong>καὶ</strong></span> <span class='ocrx_word' id='word_1_130' title='bbox 1510 187 1648 223; x_wconf 81' lang='grc' dir='ltr'><strong>ἀριστείας</strong></span> <span class='ocrx_word' id='word_1_131' title='bbox 1662 187 1686 212; x_wconf 87' lang='grc' dir='ltr'>εἰ</span> <span class='ocrx_word' id='word_1_132' title='bbox 1703 186 1740 221; x_wconf 85' lang='grc' dir='ltr'><strong>μὴ</strong></span> <span class='ocrx_word' id='word_1_133' title='bbox 1757 185 1788 218; x_wconf 73' lang='grc' dir='ltr'><strong>ἐξ</strong></span> 
     </span>
    </p>
   </div>
   <div class='ocr_carea' id='block_1_21' title="bbox 1003 228 1788 269">
    <p class='ocr_par' dir='ltr' id='par_1_21' title="bbox 1003 228 1788 269">
     <span class='ocr_line' id='line_1_21' title="bbox 1003 228 1788 269; baseline -0.003 -9"><span class='ocrx_word' id='word_1_134' title='bbox 1003 234 1092 260; x_wconf 79' lang='grc' dir='ltr'>αὐτῶν</span> <span class='ocrx_word' id='word_1_135' title='bbox 1109 233 1162 260; x_wconf 87' lang='grc' dir='ltr'><strong>τῶν</strong></span> <span class='ocrx_word' id='word_1_136' title='bbox 1181 233 1297 269; x_wconf 78' lang='grc' dir='ltr'>Γραφῶν</span> <span class='ocrx_word' id='word_1_137' title='bbox 1310 234 1359 268; x_wconf 80' lang='grc' dir='ltr'><strong>τῆς</strong></span> <span class='ocrx_word' id='word_1_138' title='bbox 1374 232 1558 268; x_wconf 84' lang='grc' dir='ltr'>Πεντατεύχου</span> <span class='ocrx_word' id='word_1_139' title='bbox 1570 241 1577 265; x_wconf 90' lang='lat'><strong>;</strong></span> <span class='ocrx_word' id='word_1_140' title='bbox 1589 233 1642 259; x_wconf 80' lang='lat' dir='ltr'><strong>Kal.</strong></span> <span class='ocrx_word' id='word_1_141' title='bbox 1659 231 1717 263; x_wconf 89' lang='grc' dir='ltr'>πῶς</span> <span class='ocrx_word' id='word_1_142' title='bbox 1732 228 1788 258; x_wconf 77' lang='grc' dir='ltr'>οἷόν</span> 
     </span>
    </p>
   </div>
   <div class='ocr_carea' id='block_1_22' title="bbox 1002 278 1790 316">
    <p class='ocr_par' dir='ltr' id='par_1_22' title="bbox 1002 278 1790 316">
     <span class='ocr_line' id='line_1_22' title="bbox 1002 278 1790 316; baseline -0.004 -10"><span class='ocrx_word' id='word_1_143' title='bbox 1002 289 1032 307; x_wconf 81' lang='grc' dir='ltr'><strong>τε</strong></span> <span class='ocrx_word' id='word_1_144' title='bbox 1048 282 1076 306; x_wconf 78' lang='grc' dir='ltr'>ἐν</span> <span class='ocrx_word' id='word_1_145' title='bbox 1091 280 1182 316; x_wconf 86' lang='grc' dir='ltr'>ταυτῷ</span> <span class='ocrx_word' id='word_1_146' title='bbox 1201 278 1271 306; x_wconf 81' lang='grc' dir='ltr'>εἶναι</span> <span class='ocrx_word' id='word_1_147' title='bbox 1286 280 1385 315; x_wconf 80' lang='grc' dir='ltr'>ἀληθὲς</span> <span class='ocrx_word' id='word_1_148' title='bbox 1405 280 1450 306; x_wconf 69' lang='grc' dir='ltr'>καὶ</span> <span class='ocrx_word' id='word_1_149' title='bbox 1465 279 1577 314; x_wconf 55' lang='grc' dir='ltr'>ψεῦδος</span> <span class='ocrx_word' id='word_1_150' title='bbox 1591 280 1636 305; x_wconf 86' lang='grc' dir='ltr'><strong>καὶ</strong></span> <span class='ocrx_word' id='word_1_151' title='bbox 1656 279 1684 304; x_wconf 82' lang='grc' dir='ltr'><strong>ὲν</strong></span> <span class='ocrx_word' id='word_1_152' title='bbox 1708 278 1790 313; x_wconf 82' lang='grc' dir='ltr'><strong>μέρει</strong></span> 
     </span>
    </p>
   </div>
   <div class='ocr_carea' id='block_1_23' title="bbox 1003 322 1789 360">
    <p class='ocr_par' dir='ltr' id='par_1_23' title="bbox 1003 322 1789 360">
     <span class='ocr_line' id='line_1_23' title="bbox 1003 322 1789 360; baseline -0.004 -9"><span class='ocrx_word' id='word_1_153' title='bbox 1003 325 1051 360; x_wconf 85' lang='grc' dir='ltr'><strong>τὴν</strong></span> <span class='ocrx_word' id='word_1_154' title='bbox 1069 325 1179 360; x_wconf 60' lang='grc' dir='ltr'>Γραφὴν</span> <span class='ocrx_word' id='word_1_155' title='bbox 1197 324 1350 358; x_wconf 75' lang='grc' dir='ltr'><strong>ἀληθεύειν,</strong></span> <span class='ocrx_word' id='word_1_156' title='bbox 1367 325 1395 350; x_wconf 82' lang='grc' dir='ltr'><strong>ὲν</strong></span> <span class='ocrx_word' id='word_1_157' title='bbox 1414 324 1491 359; x_wconf 78' lang='grc' dir='ltr'>μέρει</span> <span class='ocrx_word' id='word_1_158' title='bbox 1514 323 1542 350; x_wconf 80' lang='grc' dir='ltr'><strong>δὲ</strong></span> <span class='ocrx_word' id='word_1_159' title='bbox 1563 323 1724 358; x_wconf 72' lang='grc' dir='ltr'>ψεύδεσθαι;</span> <span class='ocrx_word' id='word_1_160' title='bbox 1739 322 1789 348; x_wconf 81' lang='grc' dir='ltr'>τοῦ</span> 
     </span>
    </p>
   </div>
   <div class='ocr_carea' id='block_1_24' title="bbox 1004 368 1790 406">
    <p class='ocr_par' dir='ltr' id='par_1_24' title="bbox 1004 368 1790 406">
     <span class='ocr_line' id='line_1_24' title="bbox 1004 368 1790 406; baseline -0.003 -10"><span class='ocrx_word' id='word_1_161' title='bbox 1004 371 1130 406; x_wconf 78' lang='grc' dir='ltr'><strong>Σωτῆρος</strong></span> <span class='ocrx_word' id='word_1_162' title='bbox 1143 371 1282 404; x_wconf 80' lang='grc' dir='ltr'>λέγοντος·</span> <span class='ocrx_word' id='word_1_163' title='bbox 1301 370 1338 397; x_wconf 81' lang='grc' dir='ltr'><strong>’Ἠ</strong></span> <span class='ocrx_word' id='word_1_164' title='bbox 1356 369 1500 402; x_wconf 76' lang='grc' dir='ltr'>ποιήσατε</span> <span class='ocrx_word' id='word_1_165' title='bbox 1522 368 1555 396; x_wconf 85' lang='grc' dir='ltr'>τὸ</span> <span class='ocrx_word' id='word_1_166' title='bbox 1571 368 1696 402; x_wconf 74' lang='grc' dir='ltr'><strong>δένδρον</strong></span> <span class='ocrx_word' id='word_1_167' title='bbox 1714 369 1790 403; x_wconf 77' lang='grc' dir='ltr'><strong>ἀγα-</strong></span> 
     </span>
    </p>
   </div>
   <div class='ocr_carea' id='block_1_25' title="bbox 1004 415 1790 450">
    <p class='ocr_par' dir='ltr' id='par_1_25' title="bbox 1004 415 1790 450">
     <span class='ocr_line' id='line_1_25' title="bbox 1004 415 1790 450; baseline -0.004 -7"><span class='ocrx_word' id='word_1_168' title='bbox 1004 416 1067 447; x_wconf 84' lang='grc' dir='ltr'><strong>θὸν.</strong></span> <span class='ocrx_word' id='word_1_169' title='bbox 1092 417 1141 443; x_wconf 74' lang='grc' dir='ltr'>καὶ</span> <span class='ocrx_word' id='word_1_170' title='bbox 1163 416 1233 449; x_wconf 82' lang='grc' dir='ltr'>τοὺς</span> <span class='ocrx_word' id='word_1_171' title='bbox 1249 416 1383 450; x_wconf 78' lang='grc' dir='ltr'>καρποὺς</span> <span class='ocrx_word' id='word_1_172' title='bbox 1407 415 1553 450; x_wconf 79' lang='grc' dir='ltr'>ἀγαθοὺς,</span> <span class='ocrx_word' id='word_1_173' title='bbox 1569 415 1588 449; x_wconf 84' lang='grc' dir='ltr'>ἢ</span> <span class='ocrx_word' id='word_1_174' title='bbox 1611 415 1644 441; x_wconf 79' lang='grc' dir='ltr'>τὸ</span> <span class='ocrx_word' id='word_1_175' title='bbox 1662 415 1790 449; x_wconf 79' lang='grc' dir='ltr'><strong>δένδρον</strong></span> 
     </span>
    </p>
   </div>
   <div class='ocr_carea' id='block_1_26' title="bbox 1003 460 1790 496">
    <p class='ocr_par' dir='ltr' id='par_1_26' title="bbox 1003 460 1790 496">
     <span class='ocr_line' id='line_1_26' title="bbox 1003 460 1790 496; baseline -0.006 -6"><span class='ocrx_word' id='word_1_176' title='bbox 1003 463 1131 496; x_wconf 78' lang='grc' dir='ltr'>σαπρὸν,</span> <span class='ocrx_word' id='word_1_177' title='bbox 1145 462 1194 490; x_wconf 75' lang='grc' dir='ltr'>καὶ</span> <span class='ocrx_word' id='word_1_178' title='bbox 1214 462 1285 495; x_wconf 83' lang='grc' dir='ltr'>τοὺς</span> <span class='ocrx_word' id='word_1_179' title='bbox 1299 461 1431 495; x_wconf 81' lang='grc' dir='ltr'>καρποὺς</span> <span class='ocrx_word' id='word_1_180' title='bbox 1448 462 1594 494; x_wconf 79' lang='grc' dir='ltr'>σαπροὺς.</span> <span class='ocrx_word' id='word_1_181' title='bbox 1608 462 1648 487; x_wconf 85' lang='grc' dir='ltr'><strong>Οὐ</strong></span> <span class='ocrx_word' id='word_1_182' title='bbox 1665 460 1790 486; x_wconf 78' lang='grc' dir='ltr'>δύναται</span> 
     </span>
    </p>
   </div>
   <div class='ocr_carea' id='block_1_27' title="bbox 1004 506 1789 545">
    <p class='ocr_par' dir='ltr' id='par_1_27' title="bbox 1004 506 1789 545">
     <span class='ocr_line' id='line_1_27' title="bbox 1004 506 1789 545; baseline -0.005 -9"><span class='ocrx_word' id='word_1_183' title='bbox 1004 510 1058 545; x_wconf 69' lang='grc' dir='ltr'><strong>γὰρ</strong></span> <span class='ocrx_word' id='word_1_184' title='bbox 1077 509 1202 543; x_wconf 83' lang='grc' dir='ltr'><strong>δένδρον</strong></span> <span class='ocrx_word' id='word_1_185' title='bbox 1231 509 1343 543; x_wconf 78' lang='grc' dir='ltr'><strong>ἀγαθὸν</strong></span> <span class='ocrx_word' id='word_1_186' title='bbox 1367 507 1483 542; x_wconf 76' lang='grc' dir='ltr'>καρπὸν</span> <span class='ocrx_word' id='word_1_187' title='bbox 1506 509 1623 540; x_wconf 75' lang='grc' dir='ltr'>σαπρὸν</span> <span class='ocrx_word' id='word_1_188' title='bbox 1647 506 1789 540; x_wconf 79' lang='grc' dir='ltr'>ποιῆσαι,</span> 
     </span>
    </p>
   </div>
   <div class='ocr_carea' id='block_1_28' title="bbox 1004 551 1788 588">
    <p class='ocr_par' dir='ltr' id='par_1_28' title="bbox 1004 551 1788 588">
     <span class='ocr_line' id='line_1_28' title="bbox 1004 551 1788 588; baseline -0.005 -7"><span class='ocrx_word' id='word_1_189' title='bbox 1004 555 1075 582; x_wconf 83' lang='grc' dir='ltr'><strong>οὐδὲ</strong></span> <span class='ocrx_word' id='word_1_190' title='bbox 1089 554 1214 588; x_wconf 75' lang='grc' dir='ltr'><strong>δένδρον</strong></span> <span class='ocrx_word' id='word_1_191' title='bbox 1228 555 1346 588; x_wconf 73' lang='grc' dir='ltr'>σαπρὸν</span> <span class='ocrx_word' id='word_1_192' title='bbox 1360 553 1492 588; x_wconf 80' lang='grc' dir='ltr'>καρποὺς</span> <span class='ocrx_word' id='word_1_193' title='bbox 1507 553 1636 588; x_wconf 73' lang='grc' dir='ltr'>ἀγαθοὺς</span> <span class='ocrx_word' id='word_1_194' title='bbox 1652 551 1788 586; x_wconf 81' lang='grc' dir='ltr'>ποιῆσαι.</span> 
     </span>
    </p>
   </div>
   <div class='ocr_carea' id='block_1_29' title="bbox 1005 599 1790 634">
    <p class='ocr_par' dir='ltr' id='par_1_29' title="bbox 1005 599 1790 634">
     <span class='ocr_line' id='line_1_29' title="bbox 1005 599 1790 634; baseline -0.004 -7"><span class='ocrx_word' id='word_1_195' title='bbox 1005 602 1129 632; x_wconf 76' lang='grc' dir='ltr'>Μάταιος</span> <span class='ocrx_word' id='word_1_196' title='bbox 1143 601 1233 627; x_wconf 82' lang='grc' dir='ltr'><strong>τοίνυν</strong></span> <span class='ocrx_word' id='word_1_197' title='bbox 1248 600 1337 627; x_wconf 79' lang='grc' dir='ltr'>αὐτῶν</span> <span class='ocrx_word' id='word_1_198' title='bbox 1348 602 1364 634; x_wconf 85' lang='grc' dir='ltr'>ἡ</span> <span class='ocrx_word' id='word_1_199' title='bbox 1380 600 1493 632; x_wconf 76' lang='grc' dir='ltr'><strong>διάνοια,</strong></span> <span class='ocrx_word' id='word_1_200' title='bbox 1509 600 1555 626; x_wconf 70' lang='grc' dir='ltr'>καὶ</span> <span class='ocrx_word' id='word_1_201' title='bbox 1568 601 1583 634; x_wconf 86' lang='grc' dir='ltr'>ἡ</span> <span class='ocrx_word' id='word_1_202' title='bbox 1601 599 1741 634; x_wconf 81' lang='grc' dir='ltr'>εἰσήγησις</span> <span class='ocrx_word' id='word_1_203' title='bbox 1756 599 1790 624; x_wconf 75' lang='grc' dir='ltr'>ὲκ</span> 
     </span>
    </p>
   </div>
   <div class='ocr_carea' id='block_1_30' title="bbox 1005 643 1791 681">
    <p class='ocr_par' dir='ltr' id='par_1_30' title="bbox 1005 643 1791 681">
     <span class='ocr_line' id='line_1_30' title="bbox 1005 643 1791 681; baseline -0.004 -9"><span class='ocrx_word' id='word_1_204' title='bbox 1005 646 1113 672; x_wconf 77' lang='grc' dir='ltr'>πολλῶν</span> <span class='ocrx_word' id='word_1_205' title='bbox 1133 645 1230 681; x_wconf 73' lang='grc' dir='ltr'>ἔχουσα</span> <span class='ocrx_word' id='word_1_206' title='bbox 1245 646 1294 680; x_wconf 82' lang='grc' dir='ltr'><strong>τὴν</strong></span> <span class='ocrx_word' id='word_1_207' title='bbox 1315 645 1471 681; x_wconf 71' lang='grc' dir='ltr'>ἀνατροπὴν</span> <span class='ocrx_word' id='word_1_208' title='bbox 1482 653 1489 659; x_wconf 78' lang='grc'><strong>’</strong></span> <span class='ocrx_word' id='word_1_209' title='bbox 1505 645 1541 676; x_wconf 84' lang='grc' dir='ltr'>ὡς</span> <span class='ocrx_word' id='word_1_210' title='bbox 1556 645 1618 680; x_wconf 79' lang='grc' dir='ltr'>ἄχρι</span> <span class='ocrx_word' id='word_1_211' title='bbox 1636 644 1685 679; x_wconf 83' lang='grc' dir='ltr'>τῆς</span> <span class='ocrx_word' id='word_1_212' title='bbox 1710 643 1791 678; x_wconf 81' lang='grc' dir='ltr'>δεῦρο</span> 
     </span>
    </p>
   </div>
   <div class='ocr_carea' id='block_1_31' title="bbox 1004 689 1791 727">
    <p class='ocr_par' dir='ltr' id='par_1_31' title="bbox 1004 689 1791 727">
     <span class='ocr_line' id='line_1_31' title="bbox 1004 689 1791 727; baseline -0.005 -9"><span class='ocrx_word' id='word_1_213' title='bbox 1004 692 1034 718; x_wconf 75' lang='grc' dir='ltr'><strong>οὐ</strong></span> <span class='ocrx_word' id='word_1_214' title='bbox 1051 691 1130 726; x_wconf 84' lang='grc' dir='ltr'>μόνον</span> <span class='ocrx_word' id='word_1_215' title='bbox 1148 691 1182 717; x_wconf 83' lang='grc' dir='ltr'>τὰ</span> <span class='ocrx_word' id='word_1_216' title='bbox 1198 693 1226 718; x_wconf 84' lang='grc' dir='ltr'>ὲν</span> <span class='ocrx_word' id='word_1_217' title='bbox 1241 692 1300 722; x_wconf 78' lang='grc' dir='ltr'>ταῖς</span> <span class='ocrx_word' id='word_1_218' title='bbox 1314 692 1436 727; x_wconf 84' lang='grc' dir='ltr'>Γραφαῖς</span> <span class='ocrx_word' id='word_1_219' title='bbox 1451 689 1551 725; x_wconf 78' lang='grc' dir='ltr'>ᾅδεται,</span> <span class='ocrx_word' id='word_1_220' title='bbox 1565 690 1631 716; x_wconf 77' lang='grc' dir='ltr'>ἀλλὰ</span> <span class='ocrx_word' id='word_1_221' title='bbox 1650 689 1696 716; x_wconf 72' lang='grc' dir='ltr'>καὶ</span> <span class='ocrx_word' id='word_1_222' title='bbox 1712 689 1791 716; x_wconf 73' lang='grc' dir='ltr'>αὐτοι</span> 
     </span>
    </p>
   </div>
   <div class='ocr_carea' id='block_1_32' title="bbox 1004 734 1791 772">
    <p class='ocr_par' dir='ltr' id='par_1_32' title="bbox 1004 734 1791 772">
     <span class='ocr_line' id='line_1_32' title="bbox 1004 734 1791 772; baseline -0.005 -8"><span class='ocrx_word' id='word_1_223' title='bbox 1004 739 1027 764; x_wconf 83' lang='grc' dir='ltr'>οἱ</span> <span class='ocrx_word' id='word_1_224' title='bbox 1039 738 1114 763; x_wconf 82' lang='grc' dir='ltr'>τόποι</span> <span class='ocrx_word' id='word_1_225' title='bbox 1127 737 1180 763; x_wconf 87' lang='grc' dir='ltr'><strong>τῶν</strong></span> <span class='ocrx_word' id='word_1_226' title='bbox 1195 736 1427 772; x_wconf 79' lang='grc' dir='ltr'>παραδοξοποιιῶν</span> <span class='ocrx_word' id='word_1_227' title='bbox 1440 735 1698 771; x_wconf 80' lang='grc' dir='ltr'>σωματοποιοῦνται.</span> <span class='ocrx_word' id='word_1_228' title='bbox 1710 734 1791 770; x_wconf 86' lang='grc' dir='ltr'>Πρῶ-</span> 
     </span>
    </p>
   </div>
   <div class='ocr_carea' id='block_1_33' title="bbox 1004 781 1778 819">
    <p class='ocr_par' dir='ltr' id='par_1_33' title="bbox 1004 781 1778 819">
     <span class='ocr_line' id='line_1_33' title="bbox 1004 781 1778 819; baseline -0.004 -9"><span class='ocrx_word' id='word_1_229' title='bbox 1004 793 1050 810; x_wconf 85' lang='grc' dir='ltr'><strong>τον</strong></span> <span class='ocrx_word' id='word_1_230' title='bbox 1061 785 1128 810; x_wconf 81' lang='grc' dir='ltr'>ὅπου</span> <span class='ocrx_word' id='word_1_231' title='bbox 1141 783 1170 809; x_wconf 85' lang='grc' dir='ltr'>τὺ</span> <span class='ocrx_word' id='word_1_232' title='bbox 1186 784 1320 819; x_wconf 77' lang='grc' dir='ltr'>πρόϐατον</span> <span class='ocrx_word' id='word_1_233' title='bbox 1335 784 1348 809; x_wconf 88' lang='grc' dir='ltr'>ὁ</span> <span class='ocrx_word' id='word_1_234' title='bbox 1365 782 1489 818; x_wconf 75' lang='grc' dir='ltr'><strong>Ἀϐραὰμ</strong></span> <span class='ocrx_word' id='word_1_235' title='bbox 1503 782 1654 818; x_wconf 78' lang='grc' dir='ltr'>προσέφερε</span> <span class='ocrx_word' id='word_1_236' title='bbox 1668 781 1706 817; x_wconf 87' lang='grc' dir='ltr'>τῷ</span> <span class='ocrx_word' id='word_1_237' title='bbox 1718 781 1778 816; x_wconf 86' lang='grc' dir='ltr'><strong>Θεῷ</strong></span> 
     </span>
    </p>
   </div>
   <div class='ocr_carea' id='block_1_34' title="bbox 164 827 953 866">
    <p class='ocr_par' dir='ltr' id='par_1_34' title="bbox 164 829 952 861">
     <span class='ocr_line' id='line_1_34' title="bbox 164 829 952 861; baseline -0.001 -5"><span class='ocrx_word' id='word_1_238' title='bbox 164 829 241 861; x_wconf 85' lang='lat' dir='ltr'><strong>Sion,</strong></span> <span class='ocrx_word' id='word_1_239' title='bbox 259 830 304 857; x_wconf 88' lang='lat' dir='ltr'><strong>ubi</strong></span> <span class='ocrx_word' id='word_1_240' title='bbox 325 837 402 857; x_wconf 86' lang='lat' dir='ltr'><strong>ovem</strong></span> <span class='ocrx_word' id='word_1_241' title='bbox 424 830 478 857; x_wconf 88' lang='lat' dir='ltr'><strong>Deo</strong></span> <span class='ocrx_word' id='word_1_242' title='bbox 503 830 680 858; x_wconf 83' lang='lat' dir='ltr'><strong>Abrahamus</strong></span> <span class='ocrx_word' id='word_1_243' title='bbox 702 830 863 861; x_wconf 87' lang='lat' dir='ltr'><strong>immolavit,</strong></span> <span class='ocrx_word' id='word_1_244' title='bbox 881 829 952 856; x_wconf 90' lang='lat' dir='ltr'><strong>idem</strong></span> 
     </span>
    </p>
   </div>
   <div class='ocr_carea' id='block_1_35' title="bbox 1007 827 1791 866">
    <p class='ocr_par' dir='ltr' id='par_1_35' title="bbox 1007 827 1791 866">
     <span class='ocr_line' id='line_1_35' title="bbox 1007 827 1791 866; baseline -0.004 -10"><span class='ocrx_word' id='word_1_245' title='bbox 1007 830 1066 866; x_wconf 67' lang='grc' dir='ltr'>ὅρος</span> <span class='ocrx_word' id='word_1_246' title='bbox 1087 829 1155 856; x_wconf 86' lang='grc' dir='ltr'>Σιὼν</span> <span class='ocrx_word' id='word_1_247' title='bbox 1176 830 1238 864; x_wconf 75' lang='grc' dir='ltr'>ἄχρι</span> <span class='ocrx_word' id='word_1_248' title='bbox 1255 829 1302 856; x_wconf 81' lang='grc' dir='ltr'>τοῦ</span> <span class='ocrx_word' id='word_1_249' title='bbox 1320 828 1398 864; x_wconf 83' lang='grc' dir='ltr'>δεῦρο</span> <span class='ocrx_word' id='word_1_250' title='bbox 1418 828 1488 855; x_wconf 71' lang='grc' dir='ltr'>οὕτω</span> <span class='ocrx_word' id='word_1_251' title='bbox 1509 828 1683 863; x_wconf 79' lang='grc' dir='ltr'>καλούμενον.</span> <span class='ocrx_word' id='word_1_252' title='bbox 1709 827 1791 854; x_wconf 71' lang='grc' dir='ltr'>’Δλλι</span> 
     </span>
    </p>
   </div>
   <div class='ocr_carea' id='block_1_36' title="bbox 163 875 953 910">
    <p class='ocr_par' dir='ltr' id='par_1_36' title="bbox 163 875 953 910">
     <span class='ocr_line' id='line_1_36' title="bbox 163 875 953 910; baseline 0 -8"><span class='ocrx_word' id='word_1_253' title='bbox 163 876 196 902; x_wconf 91' lang='lat' dir='ltr'><strong>ad</strong></span> <span class='ocrx_word' id='word_1_254' title='bbox 216 877 267 903; x_wconf 91' lang='lat' dir='ltr'><strong>hoc</strong></span> <span class='ocrx_word' id='word_1_255' title='bbox 292 880 401 910; x_wconf 88' lang='lat' dir='ltr'><strong>tempus</strong></span> <span class='ocrx_word' id='word_1_256' title='bbox 421 883 521 903; x_wconf 90' lang='lat' dir='ltr'><strong>nomen</strong></span> <span class='ocrx_word' id='word_1_257' title='bbox 535 876 666 902; x_wconf 89' lang='lat' dir='ltr'><strong>obtinuit.</strong></span> <span class='ocrx_word' id='word_1_258' title='bbox 683 875 752 902; x_wconf 90' lang='lat' dir='ltr'><strong>Tum</strong></span> <span class='ocrx_word' id='word_1_259' title='bbox 767 875 814 903; x_wconf 89' lang='lat' dir='ltr'><strong>ubi</strong></span> <span class='ocrx_word' id='word_1_260' title='bbox 836 883 953 910; x_wconf 87' lang='lat' dir='ltr'><strong>quercus</strong></span> 
     </span>
    </p>
   </div>
   <div class='ocr_carea' id='block_1_37' title="bbox 162 921 952 956">
    <p class='ocr_par' dir='ltr' id='par_1_37' title="bbox 162 921 952 956">
     <span class='ocr_line' id='line_1_37' title="bbox 162 921 952 956; baseline 0 -8"><span class='ocrx_word' id='word_1_261' title='bbox 162 921 209 948; x_wconf 82' lang='lat' dir='ltr'><strong>illa</strong></span> <span class='ocrx_word' id='word_1_262' title='bbox 233 922 355 949; x_wconf 84' lang='lat' dir='ltr'><strong>Mambre</strong></span> <span class='ocrx_word' id='word_1_263' title='bbox 375 921 442 954; x_wconf 82' lang='lat' dir='ltr'><strong>fuit;</strong></span> <span class='ocrx_word' id='word_1_264' title='bbox 461 929 515 955; x_wconf 89' lang='lat' dir='ltr'><strong>quo</strong></span> <span class='ocrx_word' id='word_1_265' title='bbox 533 921 561 948; x_wconf 89' lang='lat' dir='ltr'><strong>in</strong></span> <span class='ocrx_word' id='word_1_266' title='bbox 577 922 637 948; x_wconf 90' lang='lat' dir='ltr'><strong>loco</strong></span> <span class='ocrx_word' id='word_1_267' title='bbox 653 921 768 948; x_wconf 88' lang='lat' dir='ltr'><strong>vitulum</strong></span> <span class='ocrx_word' id='word_1_268' title='bbox 787 921 889 956; x_wconf 76' lang='lat' dir='ltr'><strong>angelis</strong></span> <span class='ocrx_word' id='word_1_269' title='bbox 904 929 952 956; x_wconf 87' lang='lat' dir='ltr'><strong>ap-</strong></span> 
     </span>
    </p>
   </div>
   <div class='ocr_carea' id='block_1_38' title="bbox 163 966 954 1002">
    <p class='ocr_par' dir='ltr' id='par_1_38' title="bbox 163 966 954 1002">
     <span class='ocr_line' id='line_1_38' title="bbox 163 966 954 1002; baseline 0 -9"><span class='ocrx_word' id='word_1_270' title='bbox 163 968 265 1002; x_wconf 85' lang='lat' dir='ltr'><strong>posuit.</strong></span> <span class='ocrx_word' id='word_1_271' title='bbox 287 966 373 1000; x_wconf 88' lang='lat' dir='ltr'><strong>Quem</strong></span> <span class='ocrx_word' id='word_1_272' title='bbox 398 974 460 993; x_wconf 89' lang='lat' dir='ltr'><strong>cum</strong></span> <span class='ocrx_word' id='word_1_273' title='bbox 485 966 540 994; x_wconf 80' lang='lat' dir='ltr'><strong>illis</strong></span> <span class='ocrx_word' id='word_1_274' title='bbox 564 967 707 1001; x_wconf 86' lang='lat' dir='ltr'><strong>epularum</strong></span> <span class='ocrx_word' id='word_1_275' title='bbox 728 972 887 1002; x_wconf 84' lang='lat' dir='ltr'><strong>apparatum</strong></span> <span class='ocrx_word' id='word_1_276' title='bbox 912 967 954 993; x_wconf 91' lang='lat' dir='ltr'><strong>in-</strong></span> 
     </span>
    </p>
   </div>
   <div class='ocr_carea' id='block_1_39' title="bbox 162 1012 952 1048">
    <p class='ocr_par' dir='ltr' id='par_1_39' title="bbox 162 1012 952 1048">
     <span class='ocr_line' id='line_1_39' title="bbox 162 1012 952 1048; baseline -0.001 -8"><span class='ocrx_word' id='word_1_277' title='bbox 162 1016 291 1044; x_wconf 85' lang='lat' dir='ltr'><strong>strueret,</strong></span> <span class='ocrx_word' id='word_1_278' title='bbox 305 1012 454 1040; x_wconf 89' lang='lat' dir='ltr'><strong>verisimile</strong></span> <span class='ocrx_word' id='word_1_279' title='bbox 470 1017 513 1040; x_wconf 88' lang='lat' dir='ltr'><strong>est</strong></span> <span class='ocrx_word' id='word_1_280' title='bbox 528 1019 624 1040; x_wconf 88' lang='lat' dir='ltr'><strong>eorum</strong></span> <span class='ocrx_word' id='word_1_281' title='bbox 643 1016 671 1040; x_wconf 89' lang='lat' dir='ltr'><strong>et</strong></span> <span class='ocrx_word' id='word_1_282' title='bbox 686 1013 775 1048; x_wconf 86' lang='lat' dir='ltr'><strong>ipsum</strong></span> <span class='ocrx_word' id='word_1_283' title='bbox 792 1013 952 1048; x_wconf 85' lang='lat' dir='ltr'><strong>participem</strong></span> 
     </span>
    </p>
   </div>
   <div class='ocr_carea' id='block_1_40' title="bbox 161 1059 313 1086">
    <p class='ocr_par' dir='ltr' id='par_1_40' title="bbox 161 1059 313 1086">
     <span class='ocr_line' id='line_1_40' title="bbox 161 1059 313 1086; baseline -0.007 0"><span class='ocrx_word' id='word_1_284' title='bbox 161 1059 313 1086; x_wconf 80' lang='lat' dir='ltr'><strong>exstitisse.</strong></span> 
     </span>
    </p>
   </div>
   <div class='ocr_carea' id='block_1_41' title="bbox 199 1102 953 1139">
    <p class='ocr_par' dir='ltr' id='par_1_41' title="bbox 199 1102 953 1139">
     <span class='ocr_line' id='line_1_41' title="bbox 199 1102 953 1139; baseline 0.003 -10"><span class='ocrx_word' id='word_1_285' title='bbox 199 1103 242 1130; x_wconf 92' lang='lat' dir='ltr'><strong>Ill.</strong></span> <span class='ocrx_word' id='word_1_286' title='bbox 260 1103 331 1136; x_wconf 86' lang='lat' dir='ltr'><strong>Quin</strong></span> <span class='ocrx_word' id='word_1_287' title='bbox 344 1102 426 1129; x_wconf 88' lang='lat' dir='ltr'><strong>etiam</strong></span> <span class='ocrx_word' id='word_1_288' title='bbox 442 1103 515 1138; x_wconf 90' lang='lat' dir='ltr'><strong>quod</strong></span> <span class='ocrx_word' id='word_1_289' title='bbox 535 1102 570 1130; x_wconf 91' lang='lat' dir='ltr'><strong>ad</strong></span> <span class='ocrx_word' id='word_1_290' title='bbox 586 1103 662 1130; x_wconf 92' lang='lat' dir='ltr'><strong>illum</strong></span> <span class='ocrx_word' id='word_1_291' title='bbox 676 1111 773 1139; x_wconf 86' lang='lat' dir='ltr'><strong>agnum</strong></span> <span class='ocrx_word' id='word_1_292' title='bbox 793 1103 898 1135; x_wconf 87' lang='lat' dir='ltr'><strong>attinet,</strong></span> <span class='ocrx_word' id='word_1_293' title='bbox 925 1103 953 1131; x_wconf 92' lang='lat' dir='ltr'><strong>in</strong></span> 
     </span>
    </p>
   </div>
   <div class='ocr_carea' id='block_1_42' title="bbox 162 1148 954 1185">
    <p class='ocr_par' dir='ltr' id='par_1_42' title="bbox 162 1148 954 1185">
     <span class='ocr_line' id='line_1_42' title="bbox 162 1148 954 1185; baseline 0.003 -10"><span class='ocrx_word' id='word_1_294' title='bbox 162 1149 280 1184; x_wconf 62' lang='lat' dir='ltr'><strong>[Egypto</strong></span> <span class='ocrx_word' id='word_1_295' title='bbox 290 1156 305 1176; x_wconf 94' lang='lat' dir='ltr'><strong>a</strong></span> <span class='ocrx_word' id='word_1_296' title='bbox 317 1148 417 1176; x_wconf 72' lang='lat' dir='ltr'><strong>Judaeis</strong></span> <span class='ocrx_word' id='word_1_297' title='bbox 433 1149 602 1176; x_wconf 87' lang='lat' dir='ltr'><strong>immolatum</strong></span> <span class='ocrx_word' id='word_1_298' title='bbox 614 1151 673 1184; x_wconf 82' lang='lat' dir='ltr'><strong>ejus</strong></span> <span class='ocrx_word' id='word_1_299' title='bbox 688 1150 725 1176; x_wconf 87' lang='lat' dir='ltr'><strong>rei</strong></span> <span class='ocrx_word' id='word_1_300' title='bbox 740 1150 868 1176; x_wconf 88' lang='lat' dir='ltr'><strong>memoria</strong></span> <span class='ocrx_word' id='word_1_301' title='bbox 883 1149 954 1185; x_wconf 92' lang='lat' dir='ltr'><strong>apud</strong></span> 
     </span>
    </p>
   </div>
   <div class='ocr_carea' id='block_1_43' title="bbox 162 1194 954 1231">
    <p class='ocr_par' dir='ltr' id='par_1_43' title="bbox 162 1194 954 1231">
     <span class='ocr_line' id='line_1_43' title="bbox 162 1194 954 1231; baseline 0.001 -8"><span class='ocrx_word' id='word_1_302' title='bbox 162 1195 321 1230; x_wconf 57' lang='lat' dir='ltr'><strong>Egyptios,</strong></span> <span class='ocrx_word' id='word_1_303' title='bbox 340 1195 469 1230; x_wconf 89' lang='lat' dir='ltr'><strong>ipsosque</strong></span> <span class='ocrx_word' id='word_1_304' title='bbox 484 1194 597 1222; x_wconf 90' lang='lat' dir='ltr'><strong>deorum</strong></span> <span class='ocrx_word' id='word_1_305' title='bbox 616 1195 734 1223; x_wconf 85' lang='lat' dir='ltr'><strong>cultores</strong></span> <span class='ocrx_word' id='word_1_306' title='bbox 760 1195 895 1231; x_wconf 81' lang='lat' dir='ltr'><strong>hodieque</strong></span> <span class='ocrx_word' id='word_1_307' title='bbox 911 1204 954 1224; x_wconf 87' lang='lat' dir='ltr'><strong>re-</strong></span> 
     </span>
    </p>
   </div>
   <div class='ocr_carea' id='block_1_44' title="bbox 162 1240 955 1278">
    <p class='ocr_par' dir='ltr' id='par_1_44' title="bbox 162 1240 955 1278">
     <span class='ocr_line' id='line_1_44' title="bbox 162 1240 955 1278; baseline 0 -10"><span class='ocrx_word' id='word_1_308' title='bbox 162 1247 263 1269; x_wconf 90' lang='lat' dir='ltr'><strong>manet.</strong></span> <span class='ocrx_word' id='word_1_309' title='bbox 280 1241 385 1269; x_wconf 88' lang='lat' dir='ltr'><strong>Etenim</strong></span> <span class='ocrx_word' id='word_1_310' title='bbox 402 1241 454 1269; x_wconf 87' lang='lat' dir='ltr'><strong>sub</strong></span> <span class='ocrx_word' id='word_1_311' title='bbox 464 1240 536 1268; x_wconf 90' lang='lat' dir='ltr'><strong>idem</strong></span> <span class='ocrx_word' id='word_1_312' title='bbox 553 1245 671 1276; x_wconf 88' lang='lat' dir='ltr'><strong>tempus,</strong></span> <span class='ocrx_word' id='word_1_313' title='bbox 686 1248 741 1278; x_wconf 83' lang='lat' dir='ltr'><strong>quo</strong></span> <span class='ocrx_word' id='word_1_314' title='bbox 754 1241 809 1268; x_wconf 92' lang='lat' dir='ltr'><strong>illic</strong></span> <span class='ocrx_word' id='word_1_315' title='bbox 824 1241 888 1268; x_wconf 90' lang='lat' dir='ltr'><strong>olim</strong></span> <span class='ocrx_word' id='word_1_316' title='bbox 904 1240 955 1268; x_wconf 91' lang='lat' dir='ltr'><strong>Pa-</strong></span> 
     </span>
    </p>
   </div>
   <div class='ocr_carea' id='block_1_45' title="bbox 163 1286 956 1322">
    <p class='ocr_par' dir='ltr' id='par_1_45' title="bbox 163 1286 956 1322">
     <span class='ocr_line' id='line_1_45' title="bbox 163 1286 956 1322; baseline 0 -8"><span class='ocrx_word' id='word_1_317' title='bbox 163 1287 229 1314; x_wconf 85' lang='lat' dir='ltr'><strong>scha</strong></span> <span class='ocrx_word' id='word_1_318' title='bbox 250 1287 417 1315; x_wconf 81' lang='lat' dir='ltr'><strong>celebratum</strong></span> <span class='ocrx_word' id='word_1_319' title='bbox 435 1290 493 1318; x_wconf 89' lang='lat' dir='ltr'><strong>est.</strong></span> <span class='ocrx_word' id='word_1_320' title='bbox 507 1286 581 1322; x_wconf 87' lang='lat' dir='ltr'><strong>quod</strong></span> <span class='ocrx_word' id='word_1_321' title='bbox 603 1287 630 1314; x_wconf 90' lang='lat' dir='ltr'><strong>in</strong></span> <span class='ocrx_word' id='word_1_322' title='bbox 648 1287 720 1314; x_wconf 75' lang='lat' dir='ltr'><strong>veris</strong></span> <span class='ocrx_word' id='word_1_323' title='bbox 744 1287 850 1314; x_wconf 89' lang='lat' dir='ltr'><strong>initium</strong></span> <span class='ocrx_word' id='word_1_324' title='bbox 873 1291 956 1322; x_wconf 89' lang='lat' dir='ltr'><strong>atque</strong></span> 
     </span>
    </p>
   </div>
   <div class='ocr_carea' id='block_1_46' title="bbox 162 1332 955 1368">
    <p class='ocr_par' dir='ltr' id='par_1_46' title="bbox 162 1332 955 1368">
     <span class='ocr_line' id='line_1_46' title="bbox 162 1332 955 1368; baseline 0.001 -8"><span class='ocrx_word' id='word_1_325' title='bbox 162 1332 355 1367; x_wconf 58' lang='lat' dir='ltr'><strong>aequinoctium</strong></span> <span class='ocrx_word' id='word_1_326' title='bbox 367 1332 473 1364; x_wconf 90' lang='lat' dir='ltr'><strong>incidit,</strong></span> <span class='ocrx_word' id='word_1_327' title='bbox 485 1332 605 1368; x_wconf 59' lang='grc' dir='ltr'>Λεπριῆ</span> <span class='ocrx_word' id='word_1_328' title='bbox 615 1340 710 1360; x_wconf 88' lang='lat' dir='ltr'><strong>omnes</strong></span> <span class='ocrx_word' id='word_1_329' title='bbox 721 1333 804 1360; x_wconf 90' lang='lat' dir='ltr'><strong>minio</strong></span> <span class='ocrx_word' id='word_1_330' title='bbox 817 1341 882 1361; x_wconf 89' lang='lat' dir='ltr'><strong>oves</strong></span> <span class='ocrx_word' id='word_1_331' title='bbox 891 1341 955 1362; x_wconf 87' lang='lat' dir='ltr'><strong>suas</strong></span> 
     </span>
    </p>
   </div>
   <div class='ocr_carea' id='block_1_47' title="bbox 162 1379 956 1413">
    <p class='ocr_par' dir='ltr' id='par_1_47' title="bbox 162 1379 956 1413">
     <span class='ocr_line' id='line_1_47' title="bbox 162 1379 956 1413; baseline 0.001 -7"><span class='ocrx_word' id='word_1_332' title='bbox 162 1379 298 1412; x_wconf 74' lang='lat' dir='ltr'><strong>inliciunt,</strong></span> <span class='ocrx_word' id='word_1_333' title='bbox 323 1387 432 1406; x_wconf 89' lang='lat' dir='ltr'><strong>necnon</strong></span> <span class='ocrx_word' id='word_1_334' title='bbox 451 1383 479 1406; x_wconf 91' lang='lat' dir='ltr'><strong>et</strong></span> <span class='ocrx_word' id='word_1_335' title='bbox 492 1379 621 1411; x_wconf 86' lang='lat' dir='ltr'><strong>arbores,</strong></span> <span class='ocrx_word' id='word_1_336' title='bbox 646 1379 684 1406; x_wconf 92' lang='lat' dir='ltr'><strong>uti</strong></span> <span class='ocrx_word' id='word_1_337' title='bbox 711 1379 793 1413; x_wconf 80' lang='lat' dir='ltr'><strong>licus,</strong></span> <span class='ocrx_word' id='word_1_338' title='bbox 814 1383 841 1407; x_wconf 86' lang='lat' dir='ltr'><strong>et</strong></span> <span class='ocrx_word' id='word_1_339' title='bbox 860 1384 956 1408; x_wconf 74' lang='lat' dir='ltr'><strong>caetera</strong></span> 
     </span>
    </p>
   </div>
   <div class='ocr_carea' id='block_1_48' title="bbox 163 1425 955 1461">
    <p class='ocr_par' dir='ltr' id='par_1_48' title="bbox 163 1425 955 1461">
     <span class='ocr_line' id='line_1_48' title="bbox 163 1425 955 1461; baseline 0 -7"><span class='ocrx_word' id='word_1_340' title='bbox 163 1426 306 1461; x_wconf 67' lang='lat' dir='ltr'><strong>ejusmodi.</strong></span> <span class='ocrx_word' id='word_1_341' title='bbox 324 1425 410 1461; x_wconf 78' lang='lat' dir='ltr'><strong>Cujus</strong></span> <span class='ocrx_word' id='word_1_342' title='bbox 433 1425 543 1461; x_wconf 88' lang='lat' dir='ltr'><strong>quidem</strong></span> <span class='ocrx_word' id='word_1_343' title='bbox 571 1426 641 1453; x_wconf 89' lang='lat' dir='ltr'><strong>ritus</strong></span> <span class='ocrx_word' id='word_1_344' title='bbox 655 1426 762 1453; x_wconf 87' lang='lat' dir='ltr'><strong>tametsi</strong></span> <span class='ocrx_word' id='word_1_345' title='bbox 778 1433 889 1454; x_wconf 87' lang='lat' dir='ltr'><strong>causam</strong></span> <span class='ocrx_word' id='word_1_346' title='bbox 905 1434 955 1454; x_wconf 89' lang='lat' dir='ltr'><strong>ne-</strong></span> 
     </span>
    </p>
   </div>
   <div class='ocr_carea' id='block_1_49' title="bbox 162 1471 956 1508">
    <p class='ocr_par' dir='ltr' id='par_1_49' title="bbox 162 1471 956 1508">
     <span class='ocr_line' id='line_1_49' title="bbox 162 1471 956 1508; baseline 0 -9"><span class='ocrx_word' id='word_1_347' title='bbox 162 1472 262 1505; x_wconf 81' lang='lat' dir='ltr'><strong>sciant,</strong></span> <span class='ocrx_word' id='word_1_348' title='bbox 279 1471 352 1498; x_wconf 86' lang='lat' dir='ltr'><strong>istud</strong></span> <span class='ocrx_word' id='word_1_349' title='bbox 371 1475 462 1498; x_wconf 88' lang='lat' dir='ltr'><strong>tamen</strong></span> <span class='ocrx_word' id='word_1_350' title='bbox 486 1478 542 1506; x_wconf 65' lang='lat' dir='ltr'><strong>prae</strong></span> <span class='ocrx_word' id='word_1_351' title='bbox 564 1479 594 1499; x_wconf 87' lang='lat' dir='ltr'><strong>se</strong></span> <span class='ocrx_word' id='word_1_352' title='bbox 614 1471 719 1503; x_wconf 81' lang='lat' dir='ltr'><strong>ferunt,</strong></span> <span class='ocrx_word' id='word_1_353' title='bbox 733 1478 765 1498; x_wconf 88' lang='lat' dir='ltr'><strong>ac</strong></span> <span class='ocrx_word' id='word_1_354' title='bbox 787 1472 866 1508; x_wconf 75' lang='lat' dir='ltr'><strong>vulgo</strong></span> <span class='ocrx_word' id='word_1_355' title='bbox 875 1472 956 1507; x_wconf 91' lang='lat' dir='ltr'><strong>jacti-</strong></span> 
     </span>
    </p>
   </div>
   <div class='ocr_carea' id='block_1_50' title="bbox 162 1516 954 1545">
    <p class='ocr_par' dir='ltr' id='par_1_50' title="bbox 162 1516 954 1545">
     <span class='ocr_line' id='line_1_50' title="bbox 162 1516 954 1545; baseline 0 -1"><span class='ocrx_word' id='word_1_356' title='bbox 162 1520 222 1544; x_wconf 85' lang='lat' dir='ltr'><strong>tant</strong></span> <span class='ocrx_word' id='word_1_357' title='bbox 242 1525 248 1543; x_wconf 90' lang='lat'>:</span> <span class='ocrx_word' id='word_1_358' title='bbox 265 1516 312 1543; x_wconf 93' lang='lat' dir='ltr'><strong>illo</strong></span> <span class='ocrx_word' id='word_1_359' title='bbox 332 1516 376 1543; x_wconf 85' lang='lat' dir='ltr'><strong>die</strong></span> <span class='ocrx_word' id='word_1_360' title='bbox 393 1517 550 1543; x_wconf 88' lang='lat' dir='ltr'><strong>universum</strong></span> <span class='ocrx_word' id='word_1_361' title='bbox 566 1520 702 1543; x_wconf 86' lang='lat' dir='ltr'><strong>terrarum</strong></span> <span class='ocrx_word' id='word_1_362' title='bbox 719 1517 811 1544; x_wconf 91' lang='lat' dir='ltr'><strong>orbem</strong></span> <span class='ocrx_word' id='word_1_363' title='bbox 829 1517 954 1545; x_wconf 88' lang='lat' dir='ltr'><strong>incendio</strong></span> 
     </span>
    </p>
   </div>
   <div class='ocr_carea' id='block_1_51' title="bbox 163 1563 953 1598">
    <p class='ocr_par' dir='ltr' id='par_1_51' title="bbox 163 1563 953 1598">
     <span class='ocr_line' id='line_1_51' title="bbox 163 1563 953 1598; baseline 0.001 -7"><span class='ocrx_word' id='word_1_364' title='bbox 163 1563 361 1598; x_wconf 80' lang='lat' dir='ltr'><strong>conﬂagrasse;</strong></span> <span class='ocrx_word' id='word_1_365' title='bbox 376 1563 458 1597; x_wconf 90' lang='lat' dir='ltr'><strong>hujus</strong></span> <span class='ocrx_word' id='word_1_366' title='bbox 465 1570 547 1598; x_wconf 84' lang='lat' dir='ltr'><strong>porro</strong></span> <span class='ocrx_word' id='word_1_367' title='bbox 561 1563 723 1590; x_wconf 87' lang='lat' dir='ltr'><strong>calamitatis</strong></span> <span class='ocrx_word' id='word_1_368' title='bbox 736 1565 890 1592; x_wconf 69' lang='lat' dir='ltr'><strong>avertenda:</strong></span> <span class='ocrx_word' id='word_1_369' title='bbox 899 1565 953 1592; x_wconf 84' lang='lat' dir='ltr'><strong>vim</strong></span> 
     </span>
    </p>
   </div>
   <div class='ocr_carea' id='block_1_52' title="bbox 162 1609 954 1645">
    <p class='ocr_par' dir='ltr' id='par_1_52' title="bbox 162 1609 954 1645">
     <span class='ocr_line' id='line_1_52' title="bbox 162 1609 954 1645; baseline 0.003 -9"><span class='ocrx_word' id='word_1_370' title='bbox 162 1609 307 1645; x_wconf 81' lang='lat' dir='ltr'><strong>quamdam</strong></span> <span class='ocrx_word' id='word_1_371' title='bbox 327 1609 354 1635; x_wconf 94' lang='lat' dir='ltr'><strong>in</strong></span> <span class='ocrx_word' id='word_1_372' title='bbox 380 1616 478 1636; x_wconf 88' lang='lat' dir='ltr'><strong>cruore</strong></span> <span class='ocrx_word' id='word_1_373' title='bbox 503 1609 549 1635; x_wconf 92' lang='lat' dir='ltr'><strong>illo</strong></span> <span class='ocrx_word' id='word_1_374' title='bbox 570 1613 651 1643; x_wconf 91' lang='lat' dir='ltr'><strong>atque</strong></span> <span class='ocrx_word' id='word_1_375' title='bbox 680 1609 759 1644; x_wconf 79' lang='lat' dir='ltr'><strong>igneo</strong></span> <span class='ocrx_word' id='word_1_376' title='bbox 783 1610 875 1638; x_wconf 80' lang='lat' dir='ltr'><strong>colare</strong></span> <span class='ocrx_word' id='word_1_377' title='bbox 893 1618 954 1638; x_wconf 85' lang='lat' dir='ltr'><strong>esse</strong></span> 
     </span>
    </p>
   </div>
   <div class='ocr_carea' id='block_1_53' title="bbox 163 1653 954 1690">
    <p class='ocr_par' dir='ltr' id='par_1_53' title="bbox 163 1653 954 1690">
     <span class='ocr_line' id='line_1_53' title="bbox 163 1653 954 1690; baseline 0.003 -8"><span class='ocrx_word' id='word_1_378' title='bbox 163 1655 290 1690; x_wconf 84' lang='lat' dir='ltr'><strong>positam.</strong></span> <span class='ocrx_word' id='word_1_379' title='bbox 308 1653 413 1687; x_wconf 81' lang='lat' dir='ltr'><strong>Quibus</strong></span> <span class='ocrx_word' id='word_1_380' title='bbox 438 1661 502 1680; x_wconf 84' lang='lat' dir='ltr'><strong>vero</strong></span> <span class='ocrx_word' id='word_1_381' title='bbox 523 1653 557 1680; x_wconf 93' lang='lat' dir='ltr'><strong>de</strong></span> <span class='ocrx_word' id='word_1_382' title='bbox 583 1653 689 1686; x_wconf 88' lang='lat' dir='ltr'><strong>causis,</strong></span> <span class='ocrx_word' id='word_1_383' title='bbox 706 1658 805 1689; x_wconf 76' lang='lat' dir='ltr'><strong>negant</strong></span> <span class='ocrx_word' id='word_1_384' title='bbox 819 1655 871 1682; x_wconf 88' lang='lat' dir='ltr'><strong>sibi</strong></span> <span class='ocrx_word' id='word_1_385' title='bbox 893 1663 954 1684; x_wconf 79' lang='lat' dir='ltr'><strong>esse</strong></span> 
     </span>
    </p>
   </div>
   <div class='ocr_carea' id='block_1_54' title="bbox 163 1699 954 1735">
    <p class='ocr_par' dir='ltr' id='par_1_54' title="bbox 163 1699 954 1735">
     <span class='ocr_line' id='line_1_54' title="bbox 163 1699 954 1735; baseline 0.001 -8"><span class='ocrx_word' id='word_1_386' title='bbox 163 1704 346 1735; x_wconf 88' lang='lat' dir='ltr'><strong>compertum;</strong></span> <span class='ocrx_word' id='word_1_387' title='bbox 367 1699 414 1726; x_wconf 88' lang='lat' dir='ltr'><strong>sed</strong></span> <span class='ocrx_word' id='word_1_388' title='bbox 436 1702 464 1726; x_wconf 87' lang='lat' dir='ltr'><strong>et</strong></span> <span class='ocrx_word' id='word_1_389' title='bbox 491 1699 632 1733; x_wconf 90' lang='lat' dir='ltr'><strong>hucusque</strong></span> <span class='ocrx_word' id='word_1_390' title='bbox 654 1700 681 1726; x_wconf 94' lang='lat' dir='ltr'><strong>in</strong></span> <span class='ocrx_word' id='word_1_391' title='bbox 700 1699 891 1735; x_wconf 66' lang='lat' dir='ltr'><strong>Cardyzeorum</strong></span> <span class='ocrx_word' id='word_1_392' title='bbox 911 1708 954 1728; x_wconf 87' lang='lat' dir='ltr'><strong>re-</strong></span> 
     </span>
    </p>
   </div>
   <div class='ocr_carea' id='block_1_55' title="bbox 163 1745 954 1781">
    <p class='ocr_par' dir='ltr' id='par_1_55' title="bbox 163 1745 954 1781">
     <span class='ocr_line' id='line_1_55' title="bbox 163 1745 954 1781; baseline 0 -9"><span class='ocrx_word' id='word_1_393' title='bbox 163 1746 243 1781; x_wconf 71' lang='lat' dir='ltr'><strong>gione</strong></span> <span class='ocrx_word' id='word_1_394' title='bbox 262 1752 332 1772; x_wconf 77' lang='lat' dir='ltr'><strong>arcae</strong></span> <span class='ocrx_word' id='word_1_395' title='bbox 355 1745 510 1772; x_wconf 73' lang='lat' dir='ltr'><strong>Noemitica:</strong></span> <span class='ocrx_word' id='word_1_396' title='bbox 536 1745 665 1780; x_wconf 87' lang='lat' dir='ltr'><strong>reliquias</strong></span> <span class='ocrx_word' id='word_1_397' title='bbox 689 1745 844 1772; x_wconf 86' lang='lat' dir='ltr'><strong>ostendunt.</strong></span> <span class='ocrx_word' id='word_1_398' title='bbox 870 1745 909 1772; x_wconf 82' lang='lat' dir='ltr'><strong>Ac</strong></span> <span class='ocrx_word' id='word_1_399' title='bbox 930 1746 954 1773; x_wconf 87' lang='lat' dir='ltr'><strong>si</strong></span> 
     </span>
    </p>
   </div>
   <div class='ocr_carea' id='block_1_56' title="bbox 163 1790 954 1827">
    <p class='ocr_par' dir='ltr' id='par_1_56' title="bbox 163 1790 954 1827">
     <span class='ocr_line' id='line_1_56' title="bbox 163 1790 954 1827; baseline 0 -9"><span class='ocrx_word' id='word_1_400' title='bbox 163 1792 225 1827; x_wconf 84' lang='lat' dir='ltr'><strong>quis</strong></span> <span class='ocrx_word' id='word_1_401' title='bbox 238 1791 394 1826; x_wconf 76' lang='lat' dir='ltr'><strong>diligentius</strong></span> <span class='ocrx_word' id='word_1_402' title='bbox 408 1790 557 1825; x_wconf 87' lang='lat' dir='ltr'><strong>perquirat,</strong></span> <span class='ocrx_word' id='word_1_403' title='bbox 574 1797 628 1817; x_wconf 91' lang='lat' dir='ltr'><strong>non</strong></span> <span class='ocrx_word' id='word_1_404' title='bbox 653 1790 763 1823; x_wconf 89' lang='lat' dir='ltr'><strong>dubito,</strong></span> <span class='ocrx_word' id='word_1_405' title='bbox 778 1791 844 1826; x_wconf 92' lang='lat' dir='ltr'><strong>quin</strong></span> <span class='ocrx_word' id='word_1_406' title='bbox 860 1791 954 1818; x_wconf 85' lang='lat' dir='ltr'><strong>altaris</strong></span> 
     </span>
    </p>
   </div>
   <div class='ocr_carea' id='block_1_57' title="bbox 163 1836 953 1872">
    <p class='ocr_par' dir='ltr' id='par_1_57' title="bbox 163 1836 953 1872">
     <span class='ocr_line' id='line_1_57' title="bbox 163 1836 953 1872; baseline 0 -8"><span class='ocrx_word' id='word_1_407' title='bbox 163 1845 272 1872; x_wconf 88' lang='lat' dir='ltr'><strong>quoque</strong></span> <span class='ocrx_word' id='word_1_408' title='bbox 288 1837 418 1871; x_wconf 77' lang='lat' dir='ltr'><strong>vestigia,</strong></span> <span class='ocrx_word' id='word_1_409' title='bbox 439 1836 512 1871; x_wconf 89' lang='lat' dir='ltr'><strong>quod</strong></span> <span class='ocrx_word' id='word_1_410' title='bbox 536 1836 625 1871; x_wconf 86' lang='lat' dir='ltr'><strong>ipsum</strong></span> <span class='ocrx_word' id='word_1_411' title='bbox 649 1843 822 1870; x_wconf 88' lang='lat' dir='ltr'><strong>consequens</strong></span> <span class='ocrx_word' id='word_1_412' title='bbox 849 1842 904 1869; x_wconf 83' lang='lat' dir='ltr'><strong>est,</strong></span> <span class='ocrx_word' id='word_1_413' title='bbox 920 1837 953 1864; x_wconf 89' lang='lat' dir='ltr'><strong>ad</strong></span> 
     </span>
    </p>
   </div>
   <div class='ocr_carea' id='block_1_58' title="bbox 164 1882 953 1918">
    <p class='ocr_par' dir='ltr' id='par_1_58' title="bbox 164 1882 953 1918">
     <span class='ocr_line' id='line_1_58' title="bbox 164 1882 953 1918; baseline 0 -8"><span class='ocrx_word' id='word_1_414' title='bbox 164 1883 265 1910; x_wconf 86' lang='lat' dir='ltr'><strong>montis</strong></span> <span class='ocrx_word' id='word_1_415' title='bbox 288 1882 395 1910; x_wconf 86' lang='lat' dir='ltr'><strong>radices</strong></span> <span class='ocrx_word' id='word_1_416' title='bbox 424 1882 546 1910; x_wconf 88' lang='lat' dir='ltr'><strong>invenire</strong></span> <span class='ocrx_word' id='word_1_417' title='bbox 567 1883 653 1918; x_wconf 91' lang='lat' dir='ltr'><strong>possit</strong></span> <span class='ocrx_word' id='word_1_418' title='bbox 672 1892 678 1909; x_wconf 89' lang='lat'><strong>:</strong></span> <span class='ocrx_word' id='word_1_419' title='bbox 696 1882 741 1909; x_wconf 85' lang='lat' dir='ltr'><strong>ubi</strong></span> <span class='ocrx_word' id='word_1_420' title='bbox 761 1886 818 1909; x_wconf 90' lang='lat' dir='ltr'><strong>tum</strong></span> <span class='ocrx_word' id='word_1_421' title='bbox 839 1882 896 1910; x_wconf 81' lang='lat' dir='ltr'><strong>Noe</strong></span> <span class='ocrx_word' id='word_1_422' title='bbox 921 1891 953 1910; x_wconf 77' lang='lat' dir='ltr'><strong>ex</strong></span> 
     </span>
    </p>
   </div>
   <div class='ocr_carea' id='block_1_59' title="bbox 164 1928 952 1964">
    <p class='ocr_par' dir='ltr' id='par_1_59' title="bbox 164 1928 952 1964">
     <span class='ocr_line' id='line_1_59' title="bbox 164 1928 952 1964; baseline 0.003 -9"><span class='ocrx_word' id='word_1_423' title='bbox 164 1936 227 1956; x_wconf 89' lang='lat' dir='ltr'><strong>arca</strong></span> <span class='ocrx_word' id='word_1_424' title='bbox 244 1929 420 1964; x_wconf 80' lang='lat' dir='ltr'><strong>progrediens</strong></span> <span class='ocrx_word' id='word_1_425' title='bbox 439 1929 554 1959; x_wconf 83' lang='lat' dir='ltr'><strong>mansit.</strong></span> <span class='ocrx_word' id='word_1_426' title='bbox 576 1933 603 1956; x_wconf 84' lang='lat' dir='ltr'><strong>et</strong></span> <span class='ocrx_word' id='word_1_427' title='bbox 622 1928 655 1956; x_wconf 88' lang='lat' dir='ltr'><strong>de</strong></span> <span class='ocrx_word' id='word_1_428' title='bbox 676 1929 751 1963; x_wconf 88' lang='lat' dir='ltr'><strong>puris</strong></span> <span class='ocrx_word' id='word_1_429' title='bbox 779 1929 952 1962; x_wconf 85' lang='lat' dir='ltr'><strong>animalibus,</strong></span> 
     </span>
    </p>
   </div>
   <div class='ocr_carea' id='block_1_60' title="bbox 163 1974 952 2009">
    <p class='ocr_par' dir='ltr' id='par_1_60' title="bbox 163 1974 952 2009">
     <span class='ocr_line' id='line_1_60' title="bbox 163 1974 952 2009; baseline 0.001 -8"><span class='ocrx_word' id='word_1_430' title='bbox 163 1978 247 2009; x_wconf 88' lang='lat' dir='ltr'><strong>atque</strong></span> <span class='ocrx_word' id='word_1_431' title='bbox 271 1974 397 2008; x_wconf 90' lang='lat' dir='ltr'><strong>adipibus</strong></span> <span class='ocrx_word' id='word_1_432' title='bbox 425 1974 538 2001; x_wconf 90' lang='lat' dir='ltr'><strong>Domino</strong></span> <span class='ocrx_word' id='word_1_433' title='bbox 556 1974 610 2001; x_wconf 88' lang='lat' dir='ltr'><strong>Deo</strong></span> <span class='ocrx_word' id='word_1_434' title='bbox 636 1975 800 2002; x_wconf 89' lang='lat' dir='ltr'><strong>saerilicium</strong></span> <span class='ocrx_word' id='word_1_435' title='bbox 824 1975 952 2003; x_wconf 86' lang='lat' dir='ltr'><strong>instituit.</strong></span> 
     </span>
    </p>
   </div>
   <div class='ocr_carea' id='block_1_61' title="bbox 164 2020 953 2057">
    <p class='ocr_par' dir='ltr' id='par_1_61' title="bbox 164 2020 953 2057">
     <span class='ocr_line' id='line_1_61' title="bbox 164 2020 953 2057; baseline 0.004 -11"><span class='ocrx_word' id='word_1_436' title='bbox 164 2020 224 2052; x_wconf 83' lang='lat' dir='ltr'><strong>Quo</strong></span> <span class='ocrx_word' id='word_1_437' title='bbox 240 2021 321 2047; x_wconf 89' lang='lat' dir='ltr'><strong>etiam</strong></span> <span class='ocrx_word' id='word_1_438' title='bbox 343 2024 464 2055; x_wconf 89' lang='lat' dir='ltr'><strong>tempore</strong></span> <span class='ocrx_word' id='word_1_439' title='bbox 477 2020 542 2047; x_wconf 90' lang='lat' dir='ltr'><strong>illud</strong></span> <span class='ocrx_word' id='word_1_440' title='bbox 561 2028 575 2046; x_wconf 91' lang='lat' dir='ltr'><strong>a</strong></span> <span class='ocrx_word' id='word_1_441' title='bbox 592 2020 646 2048; x_wconf 85' lang='lat' dir='ltr'><strong>Deo</strong></span> <span class='ocrx_word' id='word_1_442' title='bbox 664 2023 804 2048; x_wconf 87' lang='lat' dir='ltr'><strong>oraculum</strong></span> <span class='ocrx_word' id='word_1_443' title='bbox 825 2023 929 2057; x_wconf 76' lang='lat' dir='ltr'><strong>accepit</strong></span> <span class='ocrx_word' id='word_1_444' title='bbox 946 2031 953 2049; x_wconf 94' lang='lat'>:</span> 
     </span>
    </p>
   </div>
   <div class='ocr_carea' id='block_1_62' title="bbox 165 2065 955 2100">
    <p class='ocr_par' dir='ltr' id='par_1_62' title="bbox 165 2065 955 2100">
     <span class='ocr_line' id='line_1_62' title="bbox 165 2065 955 2100; baseline 0.003 -8"><span class='ocrx_word' id='word_1_445' title='bbox 165 2065 233 2093; x_wconf 81' lang='lat' dir='ltr'><strong>Ecce</strong></span> <span class='ocrx_word' id='word_1_446' title='bbox 245 2065 306 2092; x_wconf 81' lang='lat' dir='ltr'><strong>dedi</strong></span> <span class='ocrx_word' id='word_1_447' title='bbox 324 2066 370 2092; x_wconf 81' lang='lat' dir='ltr'><strong>tibi</strong></span> <span class='ocrx_word' id='word_1_448' title='bbox 383 2067 482 2098; x_wconf 79' lang='lat' dir='ltr'><strong>omnia,</strong></span> <span class='ocrx_word' id='word_1_449' title='bbox 501 2071 624 2100; x_wconf 81' lang='lat' dir='ltr'><strong>tanquam</strong></span> <span class='ocrx_word' id='word_1_450' title='bbox 642 2066 782 2094; x_wconf 78' lang='lat' dir='ltr'><strong>herbarum</strong></span> <span class='ocrx_word' id='word_1_451' title='bbox 797 2067 880 2099; x_wconf 84' lang='lat' dir='ltr'><strong>olera,</strong></span> <span class='ocrx_word' id='word_1_452' title='bbox 897 2076 955 2094; x_wconf 89' lang='lat' dir='ltr'><strong>ma-</strong></span> 
     </span>
    </p>
   </div>
   <div class='ocr_carea' id='block_1_63' title="bbox 165 2111 953 2147">
    <p class='ocr_par' dir='ltr' id='par_1_63' title="bbox 165 2111 953 2147">
     <span class='ocr_line' id='line_1_63' title="bbox 165 2111 953 2147; baseline 0.001 -9"><span class='ocrx_word' id='word_1_453' title='bbox 165 2117 219 2144; x_wconf 78' lang='lat' dir='ltr'><strong>cta,</strong></span> <span class='ocrx_word' id='word_1_454' title='bbox 244 2117 269 2139; x_wconf 87' lang='lat' dir='ltr'><strong>et</strong></span> <span class='ocrx_word' id='word_1_455' title='bbox 293 2112 397 2139; x_wconf 86' lang='lat' dir='ltr'><strong>comede</strong></span> <span class='ocrx_word' id='word_1_456' title='bbox 409 2113 428 2139; x_wconf 82' lang='lat'><strong>&#39;.</strong></span> <span class='ocrx_word' id='word_1_457' title='bbox 444 2111 543 2139; x_wconf 87' lang='lat' dir='ltr'><strong>Verum</strong></span> <span class='ocrx_word' id='word_1_458' title='bbox 568 2113 772 2147; x_wconf 64' lang='lat' dir='ltr'><strong>hmresishujus</strong></span> <span class='ocrx_word' id='word_1_459' title='bbox 791 2113 953 2144; x_wconf 85' lang='lat' dir='ltr'><strong>adulterina,</strong></span> 
     </span>
    </p>
   </div>
   <div class='ocr_carea' id='block_1_64' title="bbox 165 2156 954 2192">
    <p class='ocr_par' dir='ltr' id='par_1_64' title="bbox 165 2156 954 2192">
     <span class='ocr_line' id='line_1_64' title="bbox 165 2156 954 2192; baseline 0.001 -8"><span class='ocrx_word' id='word_1_460' title='bbox 165 2157 302 2192; x_wconf 86' lang='lat' dir='ltr'><strong>stultaque</strong></span> <span class='ocrx_word' id='word_1_461' title='bbox 318 2158 442 2190; x_wconf 79' lang='lat' dir='ltr'><strong>dogmata</strong></span> <span class='ocrx_word' id='word_1_462' title='bbox 468 2157 552 2184; x_wconf 85' lang='lat' dir='ltr'><strong>missa</strong></span> <span class='ocrx_word' id='word_1_463' title='bbox 577 2156 685 2184; x_wconf 81' lang='lat' dir='ltr'><strong>faciam.</strong></span> <span class='ocrx_word' id='word_1_464' title='bbox 705 2157 844 2192; x_wconf 85' lang='lat' dir='ltr'><strong>Siquidem</strong></span> <span class='ocrx_word' id='word_1_465' title='bbox 868 2166 954 2192; x_wconf 83' lang='lat' dir='ltr'><strong>pauca</strong></span> 
     </span>
    </p>
   </div>
   <div class='ocr_carea' id='block_1_65' title="bbox 166 2203 953 2238">
    <p class='ocr_par' dir='ltr' id='par_1_65' title="bbox 166 2203 953 2238">
     <span class='ocr_line' id='line_1_65' title="bbox 166 2203 953 2238; baseline 0 -8"><span class='ocrx_word' id='word_1_466' title='bbox 166 2203 224 2230; x_wconf 57' lang='lat' dir='ltr'><strong>haec</strong></span> <span class='ocrx_word' id='word_1_467' title='bbox 237 2203 373 2231; x_wconf 73' lang='lat' dir='ltr'><strong>suiliriunt</strong></span> <span class='ocrx_word' id='word_1_468' title='bbox 390 2210 405 2229; x_wconf 86' lang='lat' dir='ltr'><strong>a</strong></span> <span class='ocrx_word' id='word_1_469' title='bbox 419 2203 498 2230; x_wconf 89' lang='lat' dir='ltr'><strong>nobis</strong></span> <span class='ocrx_word' id='word_1_470' title='bbox 514 2203 656 2237; x_wconf 87' lang='lat' dir='ltr'><strong>hucusque</strong></span> <span class='ocrx_word' id='word_1_471' title='bbox 668 2203 815 2238; x_wconf 82' lang='lat' dir='ltr'><strong>disputata,</strong></span> <span class='ocrx_word' id='word_1_472' title='bbox 830 2209 910 2238; x_wconf 87' lang='lat' dir='ltr'><strong>atque</strong></span> <span class='ocrx_word' id='word_1_473' title='bbox 922 2203 953 2230; x_wconf 90' lang='lat' dir='ltr'><strong>ad</strong></span> 
     </span>
    </p>
   </div>
   <div class='ocr_carea' id='block_1_66' title="bbox 165 2247 866 2282">
    <p class='ocr_par' dir='ltr' id='par_1_66' title="bbox 165 2247 866 2282">
     <span class='ocr_line' id='line_1_66' title="bbox 165 2247 866 2282; baseline -0.003 -6"><span class='ocrx_word' id='word_1_474' title='bbox 165 2256 226 2277; x_wconf 83' lang='lat' dir='ltr'><strong>eum</strong></span> <span class='ocrx_word' id='word_1_475' title='bbox 236 2256 355 2276; x_wconf 83' lang='lat' dir='ltr'><strong>errorem</strong></span> <span class='ocrx_word' id='word_1_476' title='bbox 372 2247 582 2282; x_wconf 82' lang='lat' dir='ltr'><strong>propulsandum</strong></span> <span class='ocrx_word' id='word_1_477' title='bbox 599 2248 625 2274; x_wconf 92' lang='lat' dir='ltr'><strong>in</strong></span> <span class='ocrx_word' id='word_1_478' title='bbox 643 2248 760 2275; x_wconf 88' lang='lat' dir='ltr'><strong>medium</strong></span> <span class='ocrx_word' id='word_1_479' title='bbox 774 2249 866 2274; x_wconf 85' lang='lat' dir='ltr'><strong>allata.</strong></span> 
     </span>
    </p>
   </div>
   <div class='ocr_carea' id='block_1_67' title="bbox 360 2303 761 2339">
    <p class='ocr_par' dir='ltr' id='par_1_67' title="bbox 360 2303 761 2339">
     <span class='ocr_line' id='line_1_67' title="bbox 360 2303 761 2339; baseline 0.002 -9"><span class='ocrx_word' id='word_1_480' title='bbox 360 2303 498 2332; x_wconf 71' lang='lat' dir='ltr'><strong>CONTRA</strong></span> <span class='ocrx_word' id='word_1_481' title='bbox 517 2303 672 2331; x_wconf 65' lang='lat' dir='ltr'><strong>osscsos</strong></span> <span class='ocrx_word' id='word_1_482' title='bbox 689 2304 761 2339; x_wconf 74' lang='grc' dir='ltr'>(ιι),</span> 
     </span>
    </p>
   </div>
   <div class='ocr_carea' id='block_1_68' title="bbox 238 2359 883 2394">
    <p class='ocr_par' dir='ltr' id='par_1_68' title="bbox 238 2359 883 2394">
     <span class='ocr_line' id='line_1_68' title="bbox 238 2359 883 2394; baseline 0.002 -8"><span class='ocrx_word' id='word_1_483' title='bbox 238 2359 304 2392; x_wconf 61' lang='lat' dir='ltr'><strong>Quae</strong></span> <span class='ocrx_word' id='word_1_484' title='bbox 313 2365 350 2386; x_wconf 79' lang='lat' dir='ltr'><strong>est</strong></span> <span class='ocrx_word' id='word_1_485' title='bbox 369 2359 406 2386; x_wconf 88' lang='lat' dir='ltr'><strong>VI</strong></span> <span class='ocrx_word' id='word_1_486' title='bbox 419 2360 524 2387; x_wconf 72' lang='lat' dir='ltr'><strong>ltwresis</strong></span> <span class='ocrx_word' id='word_1_487' title='bbox 541 2359 686 2394; x_wconf 78' lang='lat' dir='ltr'><strong>Juduismi,</strong></span> <span class='ocrx_word' id='word_1_488' title='bbox 699 2361 790 2388; x_wconf 79' lang='lat' dir='ltr'><strong>ordine</strong></span> <span class='ocrx_word' id='word_1_489' title='bbox 804 2361 883 2388; x_wconf 80' lang='lat' dir='ltr'><strong>XIX.</strong></span> 
     </span>
    </p>
   </div>
   <div class='ocr_carea' id='block_1_69' title="bbox 202 2447 956 2485">
    <p class='ocr_par' dir='ltr' id='par_1_69' title="bbox 202 2447 956 2485">
     <span class='ocr_line' id='line_1_69' title="bbox 202 2447 956 2485; baseline 0.005 -11"><span class='ocrx_word' id='word_1_490' title='bbox 202 2448 222 2475; x_wconf 89' lang='grc'><strong>1.</strong></span> <span class='ocrx_word' id='word_1_491' title='bbox 240 2447 368 2482; x_wconf 87' lang='lat' dir='ltr'><strong>Sequitur</strong></span> <span class='ocrx_word' id='word_1_492' title='bbox 383 2448 548 2476; x_wconf 80' lang='lat' dir='ltr'><strong>Ossenorum</strong></span> <span class='ocrx_word' id='word_1_493' title='bbox 566 2449 675 2477; x_wconf 67' lang='lat' dir='ltr'><strong>haeresis</strong></span> <span class='ocrx_word' id='word_1_494' title='bbox 688 2457 750 2476; x_wconf 90' lang='lat' dir='ltr'><strong>cum</strong></span> <span class='ocrx_word' id='word_1_495' title='bbox 769 2450 956 2485; x_wconf 89' lang='lat' dir='ltr'><strong>superioribus</strong></span> 
     </span>
    </p>
   </div>
   <div class='ocr_carea' id='block_1_70' title="bbox 205 2525 948 2563">
    <p class='ocr_par' dir='ltr' id='par_1_70' title="bbox 205 2525 948 2563">
     <span class='ocr_line' id='line_1_70' title="bbox 205 2525 948 2563; baseline 0.005 -11"><span class='ocrx_word' id='word_1_496' title='bbox 205 2527 212 2542; x_wconf 79' lang='grc'>⁸</span> <span class='ocrx_word' id='word_1_497' title='bbox 234 2526 299 2553; x_wconf 86' lang='lat' dir='ltr'><strong>Luc.</strong></span> <span class='ocrx_word' id='word_1_498' title='bbox 320 2534 356 2558; x_wconf 75' lang='lat' dir='ltr'><strong>vr,</strong></span> <span class='ocrx_word' id='word_1_499' title='bbox 373 2525 418 2553; x_wconf 73' lang='grc'><strong>45.</strong></span> <span class='ocrx_word' id='word_1_500' title='bbox 457 2527 467 2541; x_wconf 79' lang='lat'><strong>’</strong></span> <span class='ocrx_word' id='word_1_501' title='bbox 480 2526 547 2553; x_wconf 85' lang='lat' dir='ltr'><strong>Gen.</strong></span> <span class='ocrx_word' id='word_1_502' title='bbox 566 2535 601 2554; x_wconf 80' lang='lat' dir='ltr'><strong>Ix.</strong></span> <span class='ocrx_word' id='word_1_503' title='bbox 615 2528 640 2554; x_wconf 87' lang='lat'><strong>5.</strong></span> <span class='ocrx_word' id='word_1_504' title='bbox 680 2528 691 2543; x_wconf 86' lang='grc'>³</span> <span class='ocrx_word' id='word_1_505' title='bbox 703 2526 784 2554; x_wconf 87' lang='lat' dir='ltr'><strong>Forte</strong></span> <span class='ocrx_word' id='word_1_506' title='bbox 795 2528 823 2563; x_wconf 78' lang='grc' dir='ltr'>ἡ,</span> <span class='ocrx_word' id='word_1_507' title='bbox 837 2529 877 2556; x_wconf 87' lang='lat' dir='ltr'><strong>vel</strong></span> <span class='ocrx_word' id='word_1_508' title='bbox 891 2528 948 2556; x_wconf 79' lang='grc' dir='ltr'>τοῦ.</span> 
     </span>
    </p>
   </div>
   <div class='ocr_carea' id='block_1_71' title="bbox 205 2604 957 2641">
    <p class='ocr_par' dir='ltr' id='par_1_71' title="bbox 205 2604 957 2641">
     <span class='ocr_line' id='line_1_71' title="bbox 205 2604 957 2641; baseline 0.005 -9"><span class='ocrx_word' id='word_1_509' title='bbox 205 2606 260 2640; x_wconf 77' lang='grc'><strong>(13)</strong></span> <span class='ocrx_word' id='word_1_510' title='bbox 271 2605 324 2633; x_wconf 79' lang='grc' dir='ltr'><strong>Καὶ</strong></span> <span class='ocrx_word' id='word_1_511' title='bbox 340 2604 415 2632; x_wconf 81' lang='grc' dir='ltr'>ὅπου</span> <span class='ocrx_word' id='word_1_512' title='bbox 428 2607 446 2638; x_wconf 80' lang='grc' dir='ltr'><strong><em>ὴ</em></strong></span> <span class='ocrx_word' id='word_1_513' title='bbox 460 2605 533 2640; x_wconf 77' lang='grc' dir='ltr'>δρῦς</span> <span class='ocrx_word' id='word_1_514' title='bbox 544 2606 600 2640; x_wconf 84' lang='grc' dir='ltr'><strong>τῆς</strong></span> <span class='ocrx_word' id='word_1_515' title='bbox 610 2608 743 2641; x_wconf 71' lang='grc' dir='ltr'><strong>Μαμϐρῆ.</strong></span> <span class='ocrx_word' id='word_1_516' title='bbox 756 2607 957 2637; x_wconf 78' lang='lat' dir='ltr'><strong>Celeberrimus</strong></span> 
     </span>
    </p>
   </div>
   <div class='ocr_carea' id='block_1_72' title="bbox 169 2641 953 2678">
    <p class='ocr_par' dir='ltr' id='par_1_72' title="bbox 169 2641 953 2678">
     <span class='ocr_line' id='line_1_72' title="bbox 169 2641 953 2678; baseline 0.005 -11"><span class='ocrx_word' id='word_1_517' title='bbox 169 2642 238 2678; x_wconf 76' lang='lat' dir='ltr'><strong>apud</strong></span> <span class='ocrx_word' id='word_1_518' title='bbox 256 2646 379 2676; x_wconf 84' lang='lat' dir='ltr'><strong>posteros</strong></span> <span class='ocrx_word' id='word_1_519' title='bbox 398 2641 474 2678; x_wconf 70' lang='lat' dir='ltr'><strong>locus</strong></span> <span class='ocrx_word' id='word_1_520' title='bbox 494 2643 538 2668; x_wconf 86' lang='lat' dir='ltr'><strong>illc</strong></span> <span class='ocrx_word' id='word_1_521' title='bbox 552 2642 611 2671; x_wconf 77' lang='lat' dir='ltr'><strong>fuit.</strong></span> <span class='ocrx_word' id='word_1_522' title='bbox 625 2643 664 2678; x_wconf 67' lang='lat' dir='ltr'><strong>ad</strong></span> <span class='ocrx_word' id='word_1_523' title='bbox 683 2651 769 2678; x_wconf 83' lang='lat' dir='ltr'><strong>usque</strong></span> <span class='ocrx_word' id='word_1_524' title='bbox 782 2644 953 2671; x_wconf 81' lang='lat' dir='ltr'><strong>Constantini</strong></span> 
     </span>
    </p>
   </div>
   <div class='ocr_carea' id='block_1_73' title="bbox 171 2676 954 2711">
    <p class='ocr_par' dir='ltr' id='par_1_73' title="bbox 171 2676 954 2711">
     <span class='ocr_line' id='line_1_73' title="bbox 171 2676 954 2711; baseline 0.008 -10"><span class='ocrx_word' id='word_1_525' title='bbox 171 2676 257 2708; x_wconf 65' lang='lat' dir='ltr'><strong>Magni</strong></span> <span class='ocrx_word' id='word_1_526' title='bbox 271 2681 405 2710; x_wconf 73' lang='lat' dir='ltr'><strong>tempora,</strong></span> <span class='ocrx_word' id='word_1_527' title='bbox 420 2676 520 2710; x_wconf 81' lang='lat' dir='ltr'><strong>quibus</strong></span> <span class='ocrx_word' id='word_1_528' title='bbox 535 2681 588 2702; x_wconf 83' lang='lat' dir='ltr'><strong>tam</strong></span> <span class='ocrx_word' id='word_1_529' title='bbox 599 2676 762 2706; x_wconf 39' lang='lat' dir='ltr'><strong>aJudzcis‘et</strong></span> <span class='ocrx_word' id='word_1_530' title='bbox 779 2679 954 2711; x_wconf 86' lang='lat' dir='ltr'><strong>Christianis,</strong></span> 
     </span>
    </p>
   </div>
   <div class='ocr_carea' id='block_1_74' title="bbox 169 2711 955 2748">
    <p class='ocr_par' dir='ltr' id='par_1_74' title="bbox 169 2711 955 2748">
     <span class='ocr_line' id='line_1_74' title="bbox 169 2711 955 2748; baseline 0.006 -12"><span class='ocrx_word' id='word_1_531' title='bbox 169 2720 249 2744; x_wconf 73' lang='lat' dir='ltr'><strong>quam</strong></span> <span class='ocrx_word' id='word_1_532' title='bbox 268 2721 280 2737; x_wconf 72' lang='grc' dir='ltr'><strong>ιι</strong></span> <span class='ocrx_word' id='word_1_533' title='bbox 298 2712 444 2743; x_wconf 60' lang='lat' dir='ltr'><strong>gentilibus</strong></span> <span class='ocrx_word' id='word_1_534' title='bbox 466 2711 621 2748; x_wconf 62' lang='lat' dir='ltr'><strong>frequentes</strong></span> <span class='ocrx_word' id='word_1_535' title='bbox 645 2714 785 2746; x_wconf 66' lang='lat' dir='ltr'><strong>religionis</strong></span> <span class='ocrx_word' id='word_1_536' title='bbox 804 2722 868 2748; x_wconf 73' lang='lat' dir='ltr'><strong>ergo</strong></span> <span class='ocrx_word' id='word_1_537' title='bbox 889 2723 955 2741; x_wconf 87' lang='lat' dir='ltr'><strong>con-</strong></span> 
     </span>
    </p>
   </div>
   <div class='ocr_carea' id='block_1_75' title="bbox 171 2747 955 2782">
    <p class='ocr_par' dir='ltr' id='par_1_75' title="bbox 171 2747 955 2782">
     <span class='ocr_line' id='line_1_75' title="bbox 171 2747 955 2782; baseline 0.009 -12"><span class='ocrx_word' id='word_1_538' title='bbox 171 2753 276 2777; x_wconf 67' lang='lat' dir='ltr'><strong>u-utim,</strong></span> <span class='ocrx_word' id='word_1_539' title='bbox 293 2756 324 2771; x_wconf 76' lang='lat' dir='ltr'><strong>ar</strong></span> <span class='ocrx_word' id='word_1_540' title='bbox 343 2753 478 2773; x_wconf 61' lang='lat' dir='ltr'><strong>meri-atus</strong></span> <span class='ocrx_word' id='word_1_541' title='bbox 498 2747 551 2772; x_wconf 77' lang='lat' dir='ltr'><strong>illlt‘</strong></span> <span class='ocrx_word' id='word_1_542' title='bbox 568 2747 661 2779; x_wconf 77' lang='lat' dir='ltr'><strong>habiti,</strong></span> <span class='ocrx_word' id='word_1_543' title='bbox 675 2757 744 2782; x_wconf 79' lang='lat' dir='ltr'><strong>quos</strong></span> <span class='ocrx_word' id='word_1_544' title='bbox 757 2747 955 2777; x_wconf 74' lang='lat' dir='ltr'><strong>Constantinus</strong></span> 
     </span>
    </p>
   </div>
   <div class='ocr_carea' id='block_1_76' title="bbox 169 2782 752 2813">
    <p class='ocr_par' dir='ltr' id='par_1_76' title="bbox 169 2782 752 2813">
     <span class='ocr_line' id='line_1_76' title="bbox 169 2782 752 2813; baseline 0.01 -8"><span class='ocrx_word' id='word_1_545' title='bbox 169 2786 259 2808; x_wconf 60' lang='lat' dir='ltr'><strong>.gmrtn</strong></span> <span class='ocrx_word' id='word_1_546' title='bbox 278 2782 400 2808; x_wconf 61' lang='lat' dir='ltr'><strong>sustulit.</strong></span> <span class='ocrx_word' id='word_1_547' title='bbox 418 2783 585 2808; x_wconf 62' lang='lat' dir='ltr'><strong>Smnuuutus</strong></span> <span class='ocrx_word' id='word_1_548' title='bbox 603 2784 619 2808; x_wconf 86' lang='lat' dir='ltr'><strong>l.</strong></span> <span class='ocrx_word' id='word_1_549' title='bbox 635 2791 665 2813; x_wconf 77' lang='lat' dir='ltr'><strong>II,</strong></span> <span class='ocrx_word' id='word_1_550' title='bbox 683 2792 708 2810; x_wconf 70' lang='grc' dir='ltr'><strong>(Σ.</strong></span> <span class='ocrx_word' id='word_1_551' title='bbox 727 2784 752 2811; x_wconf 83' lang='grc'><strong>5.</strong></span> 
     </span>
    </p>
   </div>
   <div class='ocr_carea' id='block_1_77' title="bbox 206 2817 955 2856">
    <p class='ocr_par' dir='ltr' id='par_1_77' title="bbox 206 2817 955 2856">
     <span class='ocr_line' id='line_1_77' title="bbox 206 2817 955 2856; baseline 0.008 -15"><span class='ocrx_word' id='word_1_552' title='bbox 206 2817 260 2848; x_wconf 61' lang='grc' dir='ltr'><strong>(Μ)</strong></span> <span class='ocrx_word' id='word_1_553' title='bbox 278 2819 357 2845; x_wconf 50' lang='lat' dir='ltr'><strong>[sua</strong></span> <span class='ocrx_word' id='word_1_554' title='bbox 376 2817 541 2850; x_wconf 62' lang='lat' dir='ltr'><strong>‘Uchrdir.</strong></span> <span class='ocrx_word' id='word_1_555' title='bbox 557 2817 630 2850; x_wconf 75' lang='lat' dir='ltr'><strong>Quos</strong></span> <span class='ocrx_word' id='word_1_556' title='bbox 644 2819 764 2848; x_wconf 86' lang='lat' dir='ltr'><strong>Osscnos</strong></span> <span class='ocrx_word' id='word_1_557' title='bbox 779 2820 822 2847; x_wconf 92' lang='lat' dir='ltr'><strong>hic</strong></span> <span class='ocrx_word' id='word_1_558' title='bbox 838 2821 955 2856; x_wconf 85' lang='lat' dir='ltr'><strong>appellat</strong></span> 
     </span>
    </p>
   </div>
   <div class='ocr_carea' id='block_1_78' title="bbox 1004 874 1791 912">
    <p class='ocr_par' dir='ltr' id='par_1_78' title="bbox 1004 874 1791 912">
     <span class='ocr_line' id='line_1_78' title="bbox 1004 874 1791 912; baseline -0.004 -9"><span class='ocrx_word' id='word_1_559' title='bbox 1004 877 1051 904; x_wconf 75' lang='grc' dir='ltr'>καὶ</span> <span class='ocrx_word' id='word_1_560' title='bbox 1065 878 1130 903; x_wconf 84' lang='grc' dir='ltr'>ὅπου</span> <span class='ocrx_word' id='word_1_561' title='bbox 1149 877 1165 912; x_wconf 81' lang='grc' dir='ltr'>ἡ</span> <span class='ocrx_word' id='word_1_562' title='bbox 1181 877 1246 912; x_wconf 84' lang='grc' dir='ltr'><strong>δρῦς</strong></span> <span class='ocrx_word' id='word_1_563' title='bbox 1258 877 1268 892; x_wconf 91' lang='grc'><strong><em>³</em></strong></span> <span class='ocrx_word' id='word_1_564' title='bbox 1283 877 1331 912; x_wconf 80' lang='grc' dir='ltr'>τῆς</span> <span class='ocrx_word' id='word_1_565' title='bbox 1346 876 1470 911; x_wconf 84' lang='grc' dir='ltr'><strong>Μαμὸρῆ</strong></span> <span class='ocrx_word' id='word_1_566' title='bbox 1483 875 1537 909; x_wconf 79' lang='grc'><strong>(15)</strong></span> <span class='ocrx_word' id='word_1_567' title='bbox 1558 876 1621 901; x_wconf 77' lang='grc' dir='ltr'>ἔνθα</span> <span class='ocrx_word' id='word_1_568' title='bbox 1635 876 1692 906; x_wconf 82' lang='grc' dir='ltr'>τοῖς</span> <span class='ocrx_word' id='word_1_569' title='bbox 1705 874 1791 908; x_wconf 79' lang='grc' dir='ltr'><strong>ἀγγέ-</strong></span> 
     </span>
    </p>
   </div>
   <div class='ocr_carea' id='block_1_79' title="bbox 1003 920 1791 958">
    <p class='ocr_par' dir='ltr' id='par_1_79' title="bbox 1003 920 1791 958">
     <span class='ocr_line' id='line_1_79' title="bbox 1003 920 1791 958; baseline -0.003 -10"><span class='ocrx_word' id='word_1_570' title='bbox 1003 924 1060 954; x_wconf 82' lang='grc' dir='ltr'>λοις</span> <span class='ocrx_word' id='word_1_571' title='bbox 1075 921 1212 958; x_wconf 81' lang='grc' dir='ltr'><strong>παρετέθη</strong></span> <span class='ocrx_word' id='word_1_572' title='bbox 1231 923 1246 948; x_wconf 82' lang='grc' dir='ltr'>ὁ</span> <span class='ocrx_word' id='word_1_573' title='bbox 1264 922 1374 957; x_wconf 86' lang='grc' dir='ltr'>μόσχος·</span> <span class='ocrx_word' id='word_1_574' title='bbox 1394 922 1460 948; x_wconf 83' lang='grc' dir='ltr'>ὅπου</span> <span class='ocrx_word' id='word_1_575' title='bbox 1480 922 1509 948; x_wconf 80' lang='grc' dir='ltr'><strong>δὲ</strong></span> <span class='ocrx_word' id='word_1_576' title='bbox 1528 921 1653 957; x_wconf 73' lang='grc' dir='ltr'>Ἀϐραὰμ</span> <span class='ocrx_word' id='word_1_577' title='bbox 1664 920 1791 955; x_wconf 80' lang='grc' dir='ltr'><strong>ἀγγέλοις</strong></span> 
     </span>
    </p>
   </div>
   <div class='ocr_carea' id='block_1_80' title="bbox 1005 964 1791 1004">
    <p class='ocr_par' dir='ltr' id='par_1_80' title="bbox 1005 964 1791 1004">
     <span class='ocr_line' id='line_1_80' title="bbox 1005 964 1791 1004; baseline -0.003 -9"><span class='ocrx_word' id='word_1_578' title='bbox 1005 969 1140 1003; x_wconf 80' lang='grc' dir='ltr'>παρέθετο</span> <span class='ocrx_word' id='word_1_579' title='bbox 1164 968 1252 1004; x_wconf 82' lang='grc' dir='ltr'>κρεῶν</span> <span class='ocrx_word' id='word_1_580' title='bbox 1278 969 1327 1004; x_wconf 79' lang='grc' dir='ltr'>τὴν</span> <span class='ocrx_word' id='word_1_581' title='bbox 1354 967 1522 1003; x_wconf 82' lang='grc' dir='ltr'>ἑτοιμασίαν,</span> <span class='ocrx_word' id='word_1_582' title='bbox 1549 967 1669 994; x_wconf 79' lang='grc' dir='ltr'><strong>ἀποδέων</strong></span> <span class='ocrx_word' id='word_1_583' title='bbox 1685 967 1734 993; x_wconf 78' lang='grc' dir='ltr'><strong>οὐκ</strong></span> <span class='ocrx_word' id='word_1_584' title='bbox 1755 964 1791 1001; x_wconf 79' lang='grc' dir='ltr'>ἦν</span> 
     </span>
    </p>
   </div>
   <div class='ocr_carea' id='block_1_81' title="bbox 1005 1014 1409 1049">
    <p class='ocr_par' dir='ltr' id='par_1_81' title="bbox 1005 1014 1409 1049">
     <span class='ocr_line' id='line_1_81' title="bbox 1005 1014 1409 1049; baseline 0 -9"><span class='ocrx_word' id='word_1_585' title='bbox 1005 1014 1085 1046; x_wconf 81' lang='grc' dir='ltr'>αὐτὸς</span> <span class='ocrx_word' id='word_1_586' title='bbox 1098 1014 1148 1049; x_wconf 80' lang='grc' dir='ltr'><strong>τῆς</strong></span> <span class='ocrx_word' id='word_1_587' title='bbox 1165 1014 1268 1040; x_wconf 82' lang='grc' dir='ltr'>τούτων</span> <span class='ocrx_word' id='word_1_588' title='bbox 1283 1014 1409 1049; x_wconf 79' lang='grc' dir='ltr'>μετοχῆς.</span> 
     </span>
    </p>
   </div>
   <div class='ocr_carea' id='block_1_82' title="bbox 1040 1100 1792 1136">
    <p class='ocr_par' dir='ltr' id='par_1_82' title="bbox 1040 1100 1792 1136">
     <span class='ocr_line' id='line_1_82' title="bbox 1040 1100 1792 1136; baseline -0.003 -8"><span class='ocrx_word' id='word_1_589' title='bbox 1040 1102 1076 1128; x_wconf 71' lang='lat' dir='ltr'><strong>I“.</strong></span> <span class='ocrx_word' id='word_1_590' title='bbox 1099 1101 1179 1128; x_wconf 75' lang='grc' dir='ltr'>Ἀλλὰ</span> <span class='ocrx_word' id='word_1_591' title='bbox 1193 1102 1240 1128; x_wconf 83' lang='grc' dir='ltr'>καὶ</span> <span class='ocrx_word' id='word_1_592' title='bbox 1263 1102 1309 1128; x_wconf 84' lang='grc' dir='ltr'>τοῦ</span> <span class='ocrx_word' id='word_1_593' title='bbox 1325 1101 1462 1136; x_wconf 78' lang='grc' dir='ltr'>προϐάτου</span> <span class='ocrx_word' id='word_1_594' title='bbox 1484 1101 1611 1132; x_wconf 82' lang='grc' dir='ltr'>τυθέντος</span> <span class='ocrx_word' id='word_1_595' title='bbox 1632 1101 1661 1126; x_wconf 84' lang='grc' dir='ltr'>ἐν</span> <span class='ocrx_word' id='word_1_596' title='bbox 1681 1102 1713 1136; x_wconf 83' lang='grc' dir='ltr'>τῇ</span> <span class='ocrx_word' id='word_1_597' title='bbox 1735 1100 1792 1126; x_wconf 83' lang='grc' dir='ltr'><strong>τῶν</strong></span> 
     </span>
    </p>
   </div>
   <div class='ocr_carea' id='block_1_83' title="bbox 1005 1147 1792 1184">
    <p class='ocr_par' dir='ltr' id='par_1_83' title="bbox 1005 1147 1792 1184">
     <span class='ocr_line' id='line_1_83' title="bbox 1005 1147 1792 1184; baseline -0.004 -8"><span class='ocrx_word' id='word_1_598' title='bbox 1005 1149 1162 1183; x_wconf 74' lang='grc' dir='ltr'>Αἰγυπτίων</span> <span class='ocrx_word' id='word_1_599' title='bbox 1179 1148 1254 1184; x_wconf 79' lang='grc' dir='ltr'>χώρᾳ</span> <span class='ocrx_word' id='word_1_600' title='bbox 1270 1148 1310 1174; x_wconf 78' lang='grc' dir='ltr'>ἐτι</span> <span class='ocrx_word' id='word_1_601' title='bbox 1331 1148 1396 1183; x_wconf 79' lang='grc' dir='ltr'>παρ’</span> <span class='ocrx_word' id='word_1_602' title='bbox 1412 1147 1570 1182; x_wconf 80' lang='grc' dir='ltr'><strong>Αἰγυπτίοις</strong></span> <span class='ocrx_word' id='word_1_603' title='bbox 1582 1147 1710 1182; x_wconf 83' lang='grc' dir='ltr'>τυγχάνει</span> <span class='ocrx_word' id='word_1_604' title='bbox 1729 1147 1792 1182; x_wconf 83' lang='grc' dir='ltr'>ᾁδο-</span> 
     </span>
    </p>
   </div>
   <div class='ocr_carea' id='block_1_84' title="bbox 1008 1194 1792 1231">
    <p class='ocr_par' dir='ltr' id='par_1_84' title="bbox 1008 1194 1792 1231">
     <span class='ocr_line' id='line_1_84' title="bbox 1008 1194 1792 1231; baseline -0.004 -9"><span class='ocrx_word' id='word_1_605' title='bbox 1008 1195 1102 1231; x_wconf 84' lang='grc' dir='ltr'>μένηὴ</span> <span class='ocrx_word' id='word_1_606' title='bbox 1118 1195 1277 1231; x_wconf 83' lang='grc' dir='ltr'>παράδοσις,</span> <span class='ocrx_word' id='word_1_607' title='bbox 1289 1195 1336 1221; x_wconf 76' lang='grc' dir='ltr'>καὶ</span> <span class='ocrx_word' id='word_1_608' title='bbox 1348 1194 1423 1230; x_wconf 72' lang='grc' dir='ltr'>παρὰ</span> <span class='ocrx_word' id='word_1_609' title='bbox 1435 1196 1492 1226; x_wconf 87' lang='grc' dir='ltr'>τοῖς</span> <span class='ocrx_word' id='word_1_610' title='bbox 1509 1194 1725 1229; x_wconf 80' lang='grc' dir='ltr'>εἰδωλολάτραις.</span> <span class='ocrx_word' id='word_1_611' title='bbox 1746 1194 1792 1220; x_wconf 85' lang='grc' dir='ltr'>Ἐν</span> 
     </span>
    </p>
   </div>
   <div class='ocr_carea' id='block_1_85' title="bbox 1006 1239 1792 1278">
    <p class='ocr_par' dir='ltr' id='par_1_85' title="bbox 1006 1239 1792 1278">
     <span class='ocr_line' id='line_1_85' title="bbox 1006 1239 1792 1278; baseline -0.004 -10"><span class='ocrx_word' id='word_1_612' title='bbox 1006 1243 1061 1278; x_wconf 82' lang='grc' dir='ltr'><strong>γὰρ</strong></span> <span class='ocrx_word' id='word_1_613' title='bbox 1076 1241 1115 1277; x_wconf 87' lang='grc' dir='ltr'><strong>τῷ</strong></span> <span class='ocrx_word' id='word_1_614' title='bbox 1127 1240 1228 1276; x_wconf 81' lang='grc' dir='ltr'>καιρῷ,</span> <span class='ocrx_word' id='word_1_615' title='bbox 1245 1241 1289 1268; x_wconf 86' lang='grc' dir='ltr'>ὅτε</span> <span class='ocrx_word' id='word_1_616' title='bbox 1305 1241 1335 1267; x_wconf 85' lang='grc' dir='ltr'><strong>τὸ</strong></span> <span class='ocrx_word' id='word_1_617' title='bbox 1343 1241 1437 1276; x_wconf 82' lang='grc' dir='ltr'><strong>Πάσχα</strong></span> <span class='ocrx_word' id='word_1_618' title='bbox 1452 1240 1559 1274; x_wconf 76' lang='grc' dir='ltr'>ἐγένετο</span> <span class='ocrx_word' id='word_1_619' title='bbox 1571 1241 1669 1267; x_wconf 75' lang='grc' dir='ltr'>ἐκεῖσε.</span> <span class='ocrx_word' id='word_1_620' title='bbox 1678 1239 1748 1275; x_wconf 82' lang='grc' dir='ltr'>ἀρχὴ</span> <span class='ocrx_word' id='word_1_621' title='bbox 1762 1239 1792 1265; x_wconf 82' lang='grc' dir='ltr'><strong>δὲ</strong></span> 
     </span>
    </p>
   </div>
   <div class='ocr_carea' id='block_1_86' title="bbox 1006 1286 1792 1323">
    <p class='ocr_par' dir='ltr' id='par_1_86' title="bbox 1006 1286 1792 1323">
     <span class='ocr_line' id='line_1_86' title="bbox 1006 1286 1792 1323; baseline -0.003 -9"><span class='ocrx_word' id='word_1_622' title='bbox 1006 1287 1075 1323; x_wconf 76' lang='grc' dir='ltr'>αὕτη</span> <span class='ocrx_word' id='word_1_623' title='bbox 1090 1288 1196 1322; x_wconf 83' lang='grc' dir='ltr'>γίνεται</span> <span class='ocrx_word' id='word_1_624' title='bbox 1212 1287 1258 1314; x_wconf 83' lang='grc' dir='ltr'>τοῦ</span> <span class='ocrx_word' id='word_1_625' title='bbox 1279 1287 1369 1322; x_wconf 70' lang='grc' dir='ltr'>ἔαρος,</span> <span class='ocrx_word' id='word_1_626' title='bbox 1385 1287 1430 1313; x_wconf 79' lang='grc' dir='ltr'>ὅτε</span> <span class='ocrx_word' id='word_1_627' title='bbox 1450 1287 1467 1322; x_wconf 81' lang='grc' dir='ltr'>ἡ</span> <span class='ocrx_word' id='word_1_628' title='bbox 1481 1286 1577 1322; x_wconf 83' lang='grc' dir='ltr'>πρώτη</span> <span class='ocrx_word' id='word_1_629' title='bbox 1601 1286 1740 1321; x_wconf 78' lang='grc' dir='ltr'>ἱσημερία,</span> <span class='ocrx_word' id='word_1_630' title='bbox 1758 1286 1792 1312; x_wconf 79' lang='grc' dir='ltr'>ἐκ</span> 
     </span>
    </p>
   </div>
   <div class='ocr_carea' id='block_1_87' title="bbox 1008 1331 1791 1369">
    <p class='ocr_par' dir='ltr' id='par_1_87' title="bbox 1008 1331 1791 1369">
     <span class='ocr_line' id='line_1_87' title="bbox 1008 1331 1791 1369; baseline -0.001 -10"><span class='ocrx_word' id='word_1_631' title='bbox 1008 1333 1123 1369; x_wconf 84' lang='grc' dir='ltr'>μίλτεως</span> <span class='ocrx_word' id='word_1_632' title='bbox 1143 1333 1309 1368; x_wconf 78' lang='grc' dir='ltr'>λαμϐάνουσι</span> <span class='ocrx_word' id='word_1_633' title='bbox 1326 1332 1427 1364; x_wconf 84' lang='grc' dir='ltr'>πάντες</span> <span class='ocrx_word' id='word_1_634' title='bbox 1449 1333 1591 1367; x_wconf 74' lang='grc' dir='ltr'>Αἰγύπτιοι</span> <span class='ocrx_word' id='word_1_635' title='bbox 1612 1331 1681 1359; x_wconf 82' lang='grc' dir='ltr'>κατὰ</span> <span class='ocrx_word' id='word_1_636' title='bbox 1701 1332 1791 1366; x_wconf 85' lang='grc' dir='ltr'><strong>ἀγνω-</strong></span> 
     </span>
    </p>
   </div>
   <div class='ocr_carea' id='block_1_88' title="bbox 1008 1378 1792 1414">
    <p class='ocr_par' dir='ltr' id='par_1_88' title="bbox 1008 1378 1792 1414">
     <span class='ocr_line' id='line_1_88' title="bbox 1008 1378 1792 1414; baseline -0.003 -8"><span class='ocrx_word' id='word_1_637' title='bbox 1008 1380 1077 1411; x_wconf 85' lang='grc' dir='ltr'>σίαν,</span> <span class='ocrx_word' id='word_1_638' title='bbox 1095 1379 1142 1405; x_wconf 73' lang='grc' dir='ltr'>καὶ</span> <span class='ocrx_word' id='word_1_639' title='bbox 1155 1379 1260 1414; x_wconf 86' lang='grc' dir='ltr'>χρίουσι</span> <span class='ocrx_word' id='word_1_640' title='bbox 1277 1379 1324 1414; x_wconf 84' lang='grc' dir='ltr'>μὲν</span> <span class='ocrx_word' id='word_1_641' title='bbox 1338 1378 1374 1405; x_wconf 83' lang='grc' dir='ltr'><strong>τά</strong></span> <span class='ocrx_word' id='word_1_642' title='bbox 1385 1379 1517 1414; x_wconf 70' lang='grc' dir='ltr'>πρόϐατα,</span> <span class='ocrx_word' id='word_1_643' title='bbox 1533 1379 1639 1414; x_wconf 88' lang='grc' dir='ltr'>χρίουσι</span> <span class='ocrx_word' id='word_1_644' title='bbox 1653 1379 1681 1405; x_wconf 81' lang='grc' dir='ltr'><strong>δὲ</strong></span> <span class='ocrx_word' id='word_1_645' title='bbox 1698 1378 1745 1405; x_wconf 72' lang='grc' dir='ltr'><strong>καὶ</strong></span> <span class='ocrx_word' id='word_1_646' title='bbox 1756 1378 1792 1405; x_wconf 81' lang='grc' dir='ltr'>τὰ</span> 
     </span>
    </p>
   </div>
   <div class='ocr_carea' id='block_1_89' title="bbox 1007 1424 1794 1460">
    <p class='ocr_par' dir='ltr' id='par_1_89' title="bbox 1007 1424 1794 1460">
     <span class='ocr_line' id='line_1_89' title="bbox 1007 1424 1794 1460; baseline -0.001 -8"><span class='ocrx_word' id='word_1_647' title='bbox 1007 1425 1112 1460; x_wconf 80' lang='grc' dir='ltr'>δένδρα,</span> <span class='ocrx_word' id='word_1_648' title='bbox 1124 1425 1174 1456; x_wconf 82' lang='grc' dir='ltr'>τὰς</span> <span class='ocrx_word' id='word_1_649' title='bbox 1185 1426 1282 1457; x_wconf 80' lang='grc' dir='ltr'>συκᾶς,</span> <span class='ocrx_word' id='word_1_650' title='bbox 1297 1426 1342 1452; x_wconf 80' lang='grc' dir='ltr'>καὶ</span> <span class='ocrx_word' id='word_1_651' title='bbox 1360 1425 1393 1452; x_wconf 80' lang='grc' dir='ltr'>τὰ</span> <span class='ocrx_word' id='word_1_652' title='bbox 1409 1425 1487 1457; x_wconf 82' lang='grc' dir='ltr'>ἄλλα,</span> <span class='ocrx_word' id='word_1_653' title='bbox 1504 1425 1669 1460; x_wconf 77' lang='grc' dir='ltr'>φημίζοντες</span> <span class='ocrx_word' id='word_1_654' title='bbox 1684 1425 1733 1452; x_wconf 74' lang='grc' dir='ltr'>καὶ</span> <span class='ocrx_word' id='word_1_655' title='bbox 1748 1424 1794 1451; x_wconf 79' lang='grc' dir='ltr'><strong>λέ-</strong></span> 
     </span>
    </p>
   </div>
   <div class='ocr_carea' id='block_1_90' title="bbox 1007 1471 1791 1507">
    <p class='ocr_par' dir='ltr' id='par_1_90' title="bbox 1007 1471 1791 1507">
     <span class='ocr_line' id='line_1_90' title="bbox 1007 1471 1791 1507; baseline 0.001 -10"><span class='ocrx_word' id='word_1_656' title='bbox 1007 1479 1111 1505; x_wconf 85' lang='grc' dir='ltr'>γοντες,</span> <span class='ocrx_word' id='word_1_657' title='bbox 1137 1472 1179 1497; x_wconf 80' lang='grc' dir='ltr'>ὅτι</span> <span class='ocrx_word' id='word_1_658' title='bbox 1195 1471 1271 1505; x_wconf 80' lang='grc' dir='ltr'>φησι·</span> <span class='ocrx_word' id='word_1_659' title='bbox 1294 1471 1325 1497; x_wconf 86' lang='grc' dir='ltr'><strong>τὸ</strong></span> <span class='ocrx_word' id='word_1_660' title='bbox 1341 1471 1396 1507; x_wconf 76' lang='grc' dir='ltr'><strong>πῦρ</strong></span> <span class='ocrx_word' id='word_1_661' title='bbox 1409 1471 1439 1498; x_wconf 82' lang='grc' dir='ltr'>ὲν</span> <span class='ocrx_word' id='word_1_662' title='bbox 1460 1471 1546 1507; x_wconf 81' lang='grc' dir='ltr'>ταύτῃ</span> <span class='ocrx_word' id='word_1_663' title='bbox 1563 1473 1595 1507; x_wconf 78' lang='grc' dir='ltr'>τῇ</span> <span class='ocrx_word' id='word_1_664' title='bbox 1609 1471 1699 1507; x_wconf 78' lang='grc' dir='ltr'>ἡμέρᾳ</span> <span class='ocrx_word' id='word_1_665' title='bbox 1723 1480 1791 1498; x_wconf 81' lang='grc' dir='ltr'>κατ-</span> 
     </span>
    </p>
   </div>
   <div class='ocr_carea' id='block_1_91' title="bbox 1007 1516 1791 1553">
    <p class='ocr_par' dir='ltr' id='par_1_91' title="bbox 1007 1516 1791 1553">
     <span class='ocr_line' id='line_1_91' title="bbox 1007 1516 1791 1553; baseline 0.001 -10"><span class='ocrx_word' id='word_1_666' title='bbox 1007 1517 1104 1551; x_wconf 72' lang='grc' dir='ltr'>έφλεξε</span> <span class='ocrx_word' id='word_1_667' title='bbox 1138 1525 1204 1543; x_wconf 85' lang='grc' dir='ltr'>ποτε</span> <span class='ocrx_word' id='word_1_668' title='bbox 1232 1516 1282 1552; x_wconf 78' lang='grc' dir='ltr'>τὴν</span> <span class='ocrx_word' id='word_1_669' title='bbox 1309 1517 1482 1553; x_wconf 81' lang='grc' dir='ltr'>οίκουμένην.</span> <span class='ocrx_word' id='word_1_670' title='bbox 1514 1518 1551 1543; x_wconf 79' lang='grc' dir='ltr'><strong>Τὸ</strong></span> <span class='ocrx_word' id='word_1_671' title='bbox 1578 1518 1606 1544; x_wconf 83' lang='grc' dir='ltr'><strong>δὲ</strong></span> <span class='ocrx_word' id='word_1_672' title='bbox 1630 1518 1720 1553; x_wconf 85' lang='grc' dir='ltr'>σχῆμα</span> <span class='ocrx_word' id='word_1_673' title='bbox 1744 1517 1791 1544; x_wconf 80' lang='grc' dir='ltr'>τοῦ</span> 
     </span>
    </p>
   </div>
   <div class='ocr_carea' id='block_1_92' title="bbox 1008 1563 1792 1600">
    <p class='ocr_par' dir='ltr' id='par_1_92' title="bbox 1008 1563 1792 1600">
     <span class='ocr_line' id='line_1_92' title="bbox 1008 1563 1792 1600; baseline 0.003 -11"><span class='ocrx_word' id='word_1_674' title='bbox 1008 1563 1123 1598; x_wconf 73' lang='grc' dir='ltr'>αἵματος</span> <span class='ocrx_word' id='word_1_675' title='bbox 1144 1563 1175 1590; x_wconf 79' lang='grc' dir='ltr'>τὸ</span> <span class='ocrx_word' id='word_1_676' title='bbox 1188 1564 1318 1599; x_wconf 81' lang='grc' dir='ltr'>πυρωπὸν</span> <span class='ocrx_word' id='word_1_677' title='bbox 1334 1563 1510 1600; x_wconf 82' lang='grc' dir='ltr'>ἀλεξητήριόν</span> <span class='ocrx_word' id='word_1_678' title='bbox 1538 1565 1595 1590; x_wconf 77' lang='grc' dir='ltr'>ἐστι</span> <span class='ocrx_word' id='word_1_679' title='bbox 1620 1565 1669 1599; x_wconf 82' lang='grc' dir='ltr'>τῆς</span> <span class='ocrx_word' id='word_1_680' title='bbox 1695 1565 1792 1591; x_wconf 82' lang='grc' dir='ltr'>τοσαύ-</span> 
     </span>
    </p>
   </div>
   <div class='ocr_carea' id='block_1_93' title="bbox 1006 1609 1792 1646">
    <p class='ocr_par' dir='ltr' id='par_1_93' title="bbox 1006 1609 1792 1646">
     <span class='ocr_line' id='line_1_93' title="bbox 1006 1609 1792 1646; baseline 0.003 -11"><span class='ocrx_word' id='word_1_681' title='bbox 1006 1618 1055 1645; x_wconf 83' lang='grc' dir='ltr'><strong>της</strong></span> <span class='ocrx_word' id='word_1_682' title='bbox 1070 1609 1177 1644; x_wconf 84' lang='grc' dir='ltr'>πληγῆς</span> <span class='ocrx_word' id='word_1_683' title='bbox 1189 1610 1236 1636; x_wconf 75' lang='grc' dir='ltr'>καὶ</span> <span class='ocrx_word' id='word_1_684' title='bbox 1249 1610 1386 1646; x_wconf 85' lang='grc' dir='ltr'>τοιαύτης.</span> <span class='ocrx_word' id='word_1_685' title='bbox 1403 1610 1488 1636; x_wconf 89' lang='grc' dir='ltr'>Πόθεν</span> <span class='ocrx_word' id='word_1_686' title='bbox 1500 1609 1529 1636; x_wconf 76' lang='grc' dir='ltr'><strong>δὲ</strong></span> <span class='ocrx_word' id='word_1_687' title='bbox 1539 1611 1588 1637; x_wconf 81' lang='grc' dir='ltr'>οὐκ</span> <span class='ocrx_word' id='word_1_688' title='bbox 1603 1610 1699 1646; x_wconf 75' lang='grc' dir='ltr'>ἔχομεν</span> <span class='ocrx_word' id='word_1_689' title='bbox 1708 1611 1792 1644; x_wconf 72' lang='grc' dir='ltr'>δεῖξαι</span> 
     </span>
    </p>
   </div>
   <div class='ocr_carea' id='block_1_94' title="bbox 1007 1655 1792 1691">
    <p class='ocr_par' dir='ltr' id='par_1_94' title="bbox 1007 1655 1792 1691">
     <span class='ocr_line' id='line_1_94' title="bbox 1007 1655 1792 1691; baseline 0.001 -10"><span class='ocrx_word' id='word_1_690' title='bbox 1007 1655 1071 1690; x_wconf 75' lang='grc' dir='ltr'>περὶ</span> <span class='ocrx_word' id='word_1_691' title='bbox 1090 1655 1140 1689; x_wconf 79' lang='grc' dir='ltr'>τῆς</span> <span class='ocrx_word' id='word_1_692' title='bbox 1156 1655 1330 1687; x_wconf 84' lang='grc' dir='ltr'>ἀκολουθίας,</span> <span class='ocrx_word' id='word_1_693' title='bbox 1346 1655 1383 1687; x_wconf 85' lang='grc' dir='ltr'>ὡς</span> <span class='ocrx_word' id='word_1_694' title='bbox 1398 1655 1437 1681; x_wconf 74' lang='grc' dir='ltr'>ἔτι</span> <span class='ocrx_word' id='word_1_695' title='bbox 1460 1656 1507 1682; x_wconf 78' lang='grc' dir='ltr'><strong>καὶ</strong></span> <span class='ocrx_word' id='word_1_696' title='bbox 1521 1655 1601 1691; x_wconf 83' lang='grc' dir='ltr'>δεῦρο</span> <span class='ocrx_word' id='word_1_697' title='bbox 1620 1655 1654 1682; x_wconf 78' lang='grc' dir='ltr'>τὰ</span> <span class='ocrx_word' id='word_1_698' title='bbox 1679 1655 1792 1690; x_wconf 63' lang='grc' dir='ltr'>λείψανα</span> 
     </span>
    </p>
   </div>
   <div class='ocr_carea' id='block_1_95' title="bbox 1006 1701 1792 1737">
    <p class='ocr_par' dir='ltr' id='par_1_95' title="bbox 1006 1701 1792 1737">
     <span class='ocr_line' id='line_1_95' title="bbox 1006 1701 1792 1737; baseline 0.001 -10"><span class='ocrx_word' id='word_1_699' title='bbox 1006 1702 1055 1736; x_wconf 79' lang='grc' dir='ltr'><strong>τῆς</strong></span> <span class='ocrx_word' id='word_1_700' title='bbox 1071 1701 1118 1727; x_wconf 84' lang='grc' dir='ltr'>τοῦ</span> <span class='ocrx_word' id='word_1_701' title='bbox 1129 1701 1190 1727; x_wconf 84' lang='grc' dir='ltr'>Νῶε</span> <span class='ocrx_word' id='word_1_702' title='bbox 1202 1702 1336 1736; x_wconf 84' lang='grc' dir='ltr'>λάρνακος</span> <span class='ocrx_word' id='word_1_703' title='bbox 1346 1702 1482 1728; x_wconf 78' lang='grc' dir='ltr'>δείκνυται</span> <span class='ocrx_word' id='word_1_704' title='bbox 1495 1702 1524 1727; x_wconf 78' lang='grc' dir='ltr'>ἐν</span> <span class='ocrx_word' id='word_1_705' title='bbox 1537 1703 1569 1737; x_wconf 80' lang='grc' dir='ltr'>τῇ</span> <span class='ocrx_word' id='word_1_706' title='bbox 1581 1701 1634 1728; x_wconf 90' lang='grc' dir='ltr'><strong>τῶν</strong></span> <span class='ocrx_word' id='word_1_707' title='bbox 1646 1702 1688 1728; x_wconf 83' lang='grc' dir='ltr'><strong>Κα</strong></span> <span class='ocrx_word' id='word_1_708' title='bbox 1694 1702 1792 1737; x_wconf 78' lang='grc' dir='ltr'>ρδυέων</span> 
     </span>
    </p>
   </div>
   <div class='ocr_carea' id='block_1_96' title="bbox 1007 1745 1793 1782">
    <p class='ocr_par' dir='ltr' id='par_1_96' title="bbox 1007 1745 1793 1782">
     <span class='ocr_line' id='line_1_96' title="bbox 1007 1745 1793 1782; baseline 0.001 -10"><span class='ocrx_word' id='word_1_709' title='bbox 1007 1745 1094 1781; x_wconf 74' lang='grc' dir='ltr'>χώρᾳ.</span> <span class='ocrx_word' id='word_1_710' title='bbox 1113 1746 1168 1772; x_wconf 76' lang='grc' dir='ltr'>Καὶ</span> <span class='ocrx_word' id='word_1_711' title='bbox 1192 1747 1301 1778; x_wconf 86' lang='grc' dir='ltr'>πάντως</span> <span class='ocrx_word' id='word_1_712' title='bbox 1319 1746 1347 1772; x_wconf 73' lang='grc' dir='ltr'><strong>δὲ</strong></span> <span class='ocrx_word' id='word_1_713' title='bbox 1371 1747 1395 1773; x_wconf 80' lang='grc' dir='ltr'><strong>εἰ</strong></span> <span class='ocrx_word' id='word_1_714' title='bbox 1417 1746 1592 1782; x_wconf 75' lang='grc' dir='ltr'>ἐπιζητήσειε</span> <span class='ocrx_word' id='word_1_715' title='bbox 1613 1755 1664 1778; x_wconf 86' lang='grc' dir='ltr'>τις,</span> <span class='ocrx_word' id='word_1_716' title='bbox 1682 1747 1730 1774; x_wconf 79' lang='grc' dir='ltr'>καὶ</span> <span class='ocrx_word' id='word_1_717' title='bbox 1746 1747 1793 1773; x_wconf 84' lang='grc' dir='ltr'>άν-</span> 
     </span>
    </p>
   </div>
   <div class='ocr_carea' id='block_1_97' title="bbox 1007 1792 1792 1828">
    <p class='ocr_par' dir='ltr' id='par_1_97' title="bbox 1007 1792 1792 1828">
     <span class='ocr_line' id='line_1_97' title="bbox 1007 1792 1792 1828; baseline 0.001 -10"><span class='ocrx_word' id='word_1_718' title='bbox 1007 1793 1164 1828; x_wconf 85' lang='grc' dir='ltr'>ερευνήσειε</span> <span class='ocrx_word' id='word_1_719' title='bbox 1177 1793 1224 1819; x_wconf 73' lang='grc' dir='ltr'><strong>καὶ</strong></span> <span class='ocrx_word' id='word_1_720' title='bbox 1233 1792 1267 1818; x_wconf 78' lang='grc' dir='ltr'>τὰ</span> <span class='ocrx_word' id='word_1_721' title='bbox 1278 1792 1391 1827; x_wconf 74' lang='grc' dir='ltr'>λείψανα</span> <span class='ocrx_word' id='word_1_722' title='bbox 1405 1792 1451 1819; x_wconf 77' lang='grc' dir='ltr'>τοῦ</span> <span class='ocrx_word' id='word_1_723' title='bbox 1462 1793 1665 1828; x_wconf 83' lang='grc' dir='ltr'>θυσιαστηρίου,</span> <span class='ocrx_word' id='word_1_724' title='bbox 1678 1793 1792 1828; x_wconf 81' lang='grc' dir='ltr'>ἐπείπερ</span> 
     </span>
    </p>
   </div>
   <div class='ocr_carea' id='block_1_98' title="bbox 1008 1837 1790 1874">
    <p class='ocr_par' dir='ltr' id='par_1_98' title="bbox 1008 1837 1790 1874">
     <span class='ocr_line' id='line_1_98' title="bbox 1008 1837 1790 1874; baseline 0.001 -10"><span class='ocrx_word' id='word_1_725' title='bbox 1008 1837 1152 1864; x_wconf 82' lang='grc' dir='ltr'>ἀκόλουθόν</span> <span class='ocrx_word' id='word_1_726' title='bbox 1163 1837 1248 1868; x_wconf 76' lang='grc' dir='ltr'>ἐστιν,</span> <span class='ocrx_word' id='word_1_727' title='bbox 1265 1837 1341 1873; x_wconf 80' lang='grc' dir='ltr'>εὕροι</span> <span class='ocrx_word' id='word_1_728' title='bbox 1358 1838 1391 1864; x_wconf 85' lang='grc' dir='ltr'><strong>ἂν</strong></span> <span class='ocrx_word' id='word_1_729' title='bbox 1404 1838 1432 1864; x_wconf 82' lang='grc' dir='ltr'>ἐν</span> <span class='ocrx_word' id='word_1_730' title='bbox 1449 1839 1480 1873; x_wconf 88' lang='grc' dir='ltr'>τῇ</span> <span class='ocrx_word' id='word_1_731' title='bbox 1500 1838 1622 1873; x_wconf 72' lang='grc' dir='ltr'>ὑπωρείᾳ</span> <span class='ocrx_word' id='word_1_732' title='bbox 1637 1838 1684 1865; x_wconf 85' lang='grc' dir='ltr'>τοῦ</span> <span class='ocrx_word' id='word_1_733' title='bbox 1697 1839 1790 1874; x_wconf 73' lang='grc' dir='ltr'>Ερουςο</span> 
     </span>
    </p>
   </div>
   <div class='ocr_carea' id='block_1_99' title="bbox 1007 1883 1794 1921">
    <p class='ocr_par' dir='ltr' id='par_1_99' title="bbox 1007 1883 1794 1921">
     <span class='ocr_line' id='line_1_99' title="bbox 1007 1883 1794 1921; baseline 0.001 -11"><span class='ocrx_word' id='word_1_734' title='bbox 1007 1883 1074 1910; x_wconf 82' lang='grc' dir='ltr'>ὅπου</span> <span class='ocrx_word' id='word_1_735' title='bbox 1087 1883 1178 1919; x_wconf 78' lang='grc' dir='ltr'>ἔμεινε</span> <span class='ocrx_word' id='word_1_736' title='bbox 1191 1883 1251 1910; x_wconf 82' lang='grc' dir='ltr'>Νῶε</span> <span class='ocrx_word' id='word_1_737' title='bbox 1264 1883 1379 1915; x_wconf 76' lang='grc' dir='ltr'>ἐξελθὼν</span> <span class='ocrx_word' id='word_1_738' title='bbox 1393 1883 1447 1910; x_wconf 82' lang='grc' dir='ltr'>ἀπὸ</span> <span class='ocrx_word' id='word_1_739' title='bbox 1457 1885 1506 1919; x_wconf 81' lang='grc' dir='ltr'>τῆς</span> <span class='ocrx_word' id='word_1_740' title='bbox 1517 1884 1642 1916; x_wconf 72' lang='grc' dir='ltr'>κιϐωτοῦ,</span> <span class='ocrx_word' id='word_1_741' title='bbox 1653 1885 1700 1911; x_wconf 79' lang='grc' dir='ltr'>καὶ</span> <span class='ocrx_word' id='word_1_742' title='bbox 1713 1893 1794 1921; x_wconf 84' lang='grc' dir='ltr'>προσ-</span> 
     </span>
    </p>
   </div>
   <div class='ocr_carea' id='block_1_100' title="bbox 1007 1929 1792 1964">
    <p class='ocr_par' dir='ltr' id='par_1_100' title="bbox 1007 1929 1792 1964">
     <span class='ocr_line' id='line_1_100' title="bbox 1007 1929 1792 1964; baseline 0.001 -8"><span class='ocrx_word' id='word_1_743' title='bbox 1007 1929 1121 1963; x_wconf 84' lang='grc' dir='ltr'>ενέγκας</span> <span class='ocrx_word' id='word_1_744' title='bbox 1137 1929 1190 1955; x_wconf 72' lang='grc' dir='ltr'><strong>ἀπὸ</strong></span> <span class='ocrx_word' id='word_1_745' title='bbox 1203 1929 1257 1956; x_wconf 78' lang='grc' dir='ltr'><strong>τῶν</strong></span> <span class='ocrx_word' id='word_1_746' title='bbox 1269 1929 1345 1960; x_wconf 78' lang='grc' dir='ltr'><strong>ζώων</strong></span> <span class='ocrx_word' id='word_1_747' title='bbox 1362 1929 1416 1956; x_wconf 84' lang='grc' dir='ltr'><strong>τῶν</strong></span> <span class='ocrx_word' id='word_1_748' title='bbox 1431 1929 1570 1964; x_wconf 78' lang='grc' dir='ltr'>καθαρῶν,</span> <span class='ocrx_word' id='word_1_749' title='bbox 1591 1930 1699 1957; x_wconf 75' lang='grc' dir='ltr'>καὶτῶν</span> <span class='ocrx_word' id='word_1_750' title='bbox 1714 1932 1792 1958; x_wconf 67' lang='grc' dir='ltr'>στεάσ</span> 
     </span>
    </p>
   </div>
   <div class='ocr_carea' id='block_1_101' title="bbox 1007 1975 1792 2011">
    <p class='ocr_par' dir='ltr' id='par_1_101' title="bbox 1007 1975 1792 2011">
     <span class='ocr_line' id='line_1_101' title="bbox 1007 1975 1792 2011; baseline 0.005 -10"><span class='ocrx_word' id='word_1_751' title='bbox 1007 1983 1060 2001; x_wconf 87' lang='grc' dir='ltr'>των</span> <span class='ocrx_word' id='word_1_752' title='bbox 1085 1975 1180 2010; x_wconf 84' lang='grc' dir='ltr'>Κυρίῳ</span> <span class='ocrx_word' id='word_1_753' title='bbox 1205 1975 1244 2010; x_wconf 81' lang='grc' dir='ltr'><strong>τῷ</strong></span> <span class='ocrx_word' id='word_1_754' title='bbox 1269 1975 1343 2010; x_wconf 87' lang='grc' dir='ltr'>Θεῷ,</span> <span class='ocrx_word' id='word_1_755' title='bbox 1368 1976 1412 2002; x_wconf 81' lang='grc' dir='ltr'>ὅτε</span> <span class='ocrx_word' id='word_1_756' title='bbox 1436 1976 1565 2011; x_wconf 73' lang='grc' dir='ltr'>ἤκουσεν·</span> <span class='ocrx_word' id='word_1_757' title='bbox 1588 1976 1660 2003; x_wconf 79' lang='grc' dir='ltr'><strong>Ἰδοὺ</strong></span> <span class='ocrx_word' id='word_1_758' title='bbox 1680 1977 1792 2005; x_wconf 77' lang='grc' dir='ltr'><strong>δέδωκά</strong></span> 
     </span>
    </p>
   </div>
   <div class='ocr_carea' id='block_1_102' title="bbox 1007 2020 1789 2058">
    <p class='ocr_par' dir='ltr' id='par_1_102' title="bbox 1007 2020 1789 2058">
     <span class='ocr_line' id='line_1_102' title="bbox 1007 2020 1789 2058; baseline 0.005 -11"><span class='ocrx_word' id='word_1_759' title='bbox 1007 2029 1056 2048; x_wconf 88' lang='grc' dir='ltr'><strong>σοι</strong></span> <span class='ocrx_word' id='word_1_760' title='bbox 1071 2020 1178 2053; x_wconf 78' lang='grc' dir='ltr'>πάντα,</span> <span class='ocrx_word' id='word_1_761' title='bbox 1196 2022 1236 2054; x_wconf 88' lang='grc' dir='ltr'><strong>ὡς</strong></span> <span class='ocrx_word' id='word_1_762' title='bbox 1247 2021 1366 2055; x_wconf 81' lang='grc' dir='ltr'>λάχανα</span> <span class='ocrx_word' id='word_1_763' title='bbox 1382 2021 1491 2055; x_wconf 79' lang='grc' dir='ltr'>χόρτου</span> <span class='ocrx_word' id='word_1_764' title='bbox 1501 2030 1508 2036; x_wconf 93' lang='grc'><strong>·</strong></span> <span class='ocrx_word' id='word_1_765' title='bbox 1527 2022 1633 2055; x_wconf 81' lang='grc' dir='ltr'>θῦσον,</span> <span class='ocrx_word' id='word_1_766' title='bbox 1645 2023 1693 2050; x_wconf 74' lang='grc' dir='ltr'>καὶ</span> <span class='ocrx_word' id='word_1_767' title='bbox 1705 2024 1789 2058; x_wconf 71' lang='grc' dir='ltr'>φάγε.</span> 
     </span>
    </p>
   </div>
   <div class='ocr_carea' id='block_1_103' title="bbox 1007 2066 1791 2102">
    <p class='ocr_par' dir='ltr' id='par_1_103' title="bbox 1007 2066 1791 2102">
     <span class='ocr_line' id='line_1_103' title="bbox 1007 2066 1791 2102; baseline 0.005 -10"><span class='ocrx_word' id='word_1_768' title='bbox 1007 2066 1212 2102; x_wconf 84' lang='grc' dir='ltr'>Παρελεύσομαι</span> <span class='ocrx_word' id='word_1_769' title='bbox 1236 2067 1264 2094; x_wconf 81' lang='grc' dir='ltr'><strong>δὲ</strong></span> <span class='ocrx_word' id='word_1_770' title='bbox 1281 2067 1328 2094; x_wconf 79' lang='grc' dir='ltr'><strong>καὶ</strong></span> <span class='ocrx_word' id='word_1_771' title='bbox 1349 2067 1453 2102; x_wconf 81' lang='grc' dir='ltr'>ταύτης</span> <span class='ocrx_word' id='word_1_772' title='bbox 1475 2068 1556 2094; x_wconf 81' lang='grc' dir='ltr'>πάλιν</span> <span class='ocrx_word' id='word_1_773' title='bbox 1582 2069 1612 2095; x_wconf 76' lang='grc' dir='ltr'>τὸ</span> <span class='ocrx_word' id='word_1_774' title='bbox 1630 2069 1791 2096; x_wconf 77' lang='grc' dir='ltr'>ἐπείσακτον</span> 
     </span>
    </p>
   </div>
   <div class='ocr_carea' id='block_1_104' title="bbox 1007 2111 1792 2151">
    <p class='ocr_par' dir='ltr' id='par_1_104' title="bbox 1007 2111 1792 2151">
     <span class='ocr_line' id='line_1_104' title="bbox 1007 2111 1792 2151; baseline 0.008 -15"><span class='ocrx_word' id='word_1_775' title='bbox 1007 2111 1054 2137; x_wconf 74' lang='grc' dir='ltr'>καὶ</span> <span class='ocrx_word' id='word_1_776' title='bbox 1068 2111 1171 2145; x_wconf 69' lang='grc' dir='ltr'>ἠλίθιον</span> <span class='ocrx_word' id='word_1_777' title='bbox 1191 2112 1241 2147; x_wconf 82' lang='grc' dir='ltr'>τῆς</span> <span class='ocrx_word' id='word_1_778' title='bbox 1258 2112 1402 2148; x_wconf 83' lang='grc' dir='ltr'>αἱρέσεως,</span> <span class='ocrx_word' id='word_1_779' title='bbox 1421 2113 1566 2148; x_wconf 77' lang='grc' dir='ltr'>ἀρκεσθεὶς</span> <span class='ocrx_word' id='word_1_780' title='bbox 1579 2115 1638 2146; x_wconf 87' lang='grc' dir='ltr'>ταῖς</span> <span class='ocrx_word' id='word_1_781' title='bbox 1660 2124 1792 2151; x_wconf 86' lang='grc' dir='ltr'>προειρη-</span> 
     </span>
    </p>
   </div>
   <div class='ocr_carea' id='block_1_105' title="bbox 1009 2156 1790 2196">
    <p class='ocr_par' dir='ltr' id='par_1_105' title="bbox 1009 2156 1790 2196">
     <span class='ocr_line' id='line_1_105' title="bbox 1009 2156 1790 2196; baseline 0.008 -14"><span class='ocrx_word' id='word_1_782' title='bbox 1009 2156 1104 2191; x_wconf 84' lang='grc' dir='ltr'>μέναις</span> <span class='ocrx_word' id='word_1_783' title='bbox 1119 2157 1224 2191; x_wconf 78' lang='grc' dir='ltr'>ὀλίγαις</span> <span class='ocrx_word' id='word_1_784' title='bbox 1242 2157 1356 2190; x_wconf 79' lang='grc' dir='ltr'>λέξεσιν,</span> <span class='ocrx_word' id='word_1_785' title='bbox 1375 2159 1568 2194; x_wconf 77' lang='grc' dir='ltr'>ὲνσπαρείσαις</span> <span class='ocrx_word' id='word_1_786' title='bbox 1583 2160 1635 2186; x_wconf 85' lang='grc' dir='ltr'>ὑπὸ</span> <span class='ocrx_word' id='word_1_787' title='bbox 1650 2161 1699 2196; x_wconf 81' lang='grc' dir='ltr'>τῆς</span> <span class='ocrx_word' id='word_1_788' title='bbox 1714 2162 1790 2196; x_wconf 80' lang='grc' dir='ltr'>ἡμῶν</span> 
     </span>
    </p>
   </div>
   <div class='ocr_carea' id='block_1_106' title="bbox 1010 2201 1792 2243">
    <p class='ocr_par' dir='ltr' id='par_1_106' title="bbox 1010 2201 1792 2243">
     <span class='ocr_line' id='line_1_106' title="bbox 1010 2201 1792 2243; baseline 0.009 -16"><span class='ocrx_word' id='word_1_789' title='bbox 1010 2201 1188 2237; x_wconf 76' lang='grc' dir='ltr'>βραχύτητος,</span> <span class='ocrx_word' id='word_1_790' title='bbox 1204 2203 1321 2229; x_wconf 79' lang='grc' dir='ltr'>ἐνταῦθα</span> <span class='ocrx_word' id='word_1_791' title='bbox 1338 2203 1406 2240; x_wconf 77' lang='grc' dir='ltr'>πρὸς</span> <span class='ocrx_word' id='word_1_792' title='bbox 1419 2204 1554 2232; x_wconf 83' lang='grc' dir='ltr'>ἀντίθεσιν</span> <span class='ocrx_word' id='word_1_793' title='bbox 1566 2206 1616 2240; x_wconf 88' lang='grc' dir='ltr'><strong>τῆς</strong></span> <span class='ocrx_word' id='word_1_794' title='bbox 1628 2207 1732 2243; x_wconf 88' lang='grc' dir='ltr'>πλάνης</span> <span class='ocrx_word' id='word_1_795' title='bbox 1743 2209 1792 2243; x_wconf 85' lang='grc' dir='ltr'>τῆς</span> 
     </span>
    </p>
   </div>
   <div class='ocr_carea' id='block_1_107' title="bbox 1009 2248 1360 2284">
    <p class='ocr_par' dir='ltr' id='par_1_107' title="bbox 1009 2248 1360 2284">
     <span class='ocr_line' id='line_1_107' title="bbox 1009 2248 1360 2284; baseline 0.009 -12"><span class='ocrx_word' id='word_1_796' title='bbox 1009 2248 1210 2283; x_wconf 78' lang='grc' dir='ltr'>προειρημένης</span> <span class='ocrx_word' id='word_1_797' title='bbox 1221 2249 1360 2284; x_wconf 79' lang='grc' dir='ltr'>αἱρέσεως.</span> 
     </span>
    </p>
   </div>
   <div class='ocr_carea' id='block_1_108' title="bbox 1220 2305 1582 2344">
    <p class='ocr_par' dir='ltr' id='par_1_108' title="bbox 1220 2305 1582 2344">
     <span class='ocr_line' id='line_1_108' title="bbox 1220 2305 1582 2344; baseline 0.014 -13"><span class='ocrx_word' id='word_1_798' title='bbox 1220 2305 1313 2331; x_wconf 81' lang='grc' dir='ltr'><strong>ΚΑΤΑ</strong></span> <span class='ocrx_word' id='word_1_799' title='bbox 1333 2307 1492 2334; x_wconf 83' lang='grc' dir='ltr'><strong>ΟΣΣΗΝΩΝ</strong></span> <span class='ocrx_word' id='word_1_800' title='bbox 1507 2309 1531 2343; x_wconf 79' lang='grc'>(1</span> <span class='ocrx_word' id='word_1_801' title='bbox 1537 2309 1563 2344; x_wconf 74' lang='grc' dir='ltr'>ι)</span> <span class='ocrx_word' id='word_1_802' title='bbox 1574 2330 1582 2342; x_wconf 92' lang='grc'><strong>,</strong></span> 
     </span>
    </p>
   </div>
   <div class='ocr_carea' id='block_1_109' title="bbox 1009 2360 1792 2403">
    <p class='ocr_par' dir='ltr' id='par_1_109' title="bbox 1009 2360 1792 2403">
     <span class='ocr_line' id='line_1_109' title="bbox 1009 2360 1792 2403; baseline 0.013 -18"><span class='ocrx_word' id='word_1_803' title='bbox 1009 2360 1102 2386; x_wconf 72' lang='grc' dir='ltr'>”Εκτπι</span> <span class='ocrx_word' id='word_1_804' title='bbox 1122 2361 1237 2394; x_wconf 75' lang='grc' dir='ltr'>αἵρεσις</span> <span class='ocrx_word' id='word_1_805' title='bbox 1252 2361 1311 2403; x_wconf 50' lang='lat' dir='ltr'><strong>diro</strong></span> <span class='ocrx_word' id='word_1_806' title='bbox 1331 2362 1529 2403; x_wconf 54' lang='lat' dir='ltr'><strong>Zoqéaifrjwfg,</strong></span> <span class='ocrx_word' id='word_1_807' title='bbox 1545 2365 1792 2403; x_wconf 74' lang='grc' dir='ltr'>ἐννεακαιδεκάτῃ</span> 
     </span>
    </p>
   </div>
   <div class='ocr_carea' id='block_1_110' title="bbox 1264 2396 1541 2433">
    <p class='ocr_par' dir='ltr' id='par_1_110' title="bbox 1264 2396 1541 2433">
     <span class='ocr_line' id='line_1_110' title="bbox 1264 2396 1541 2433; baseline 0.014 -11"><span class='ocrx_word' id='word_1_808' title='bbox 1264 2396 1297 2422; x_wconf 81' lang='grc' dir='ltr'><strong>δὲ</strong></span> <span class='ocrx_word' id='word_1_809' title='bbox 1313 2397 1349 2431; x_wconf 81' lang='grc' dir='ltr'>τῇ</span> <span class='ocrx_word' id='word_1_810' title='bbox 1367 2396 1541 2433; x_wconf 69' lang='grc' dir='ltr'>ἀκολουθίᾳ.</span> 
     </span>
    </p>
   </div>
   <div class='ocr_carea' id='block_1_111' title="bbox 1043 2452 1794 2492">
    <p class='ocr_par' dir='ltr' id='par_1_111' title="bbox 1043 2452 1794 2492">
     <span class='ocr_line' id='line_1_111' title="bbox 1043 2452 1794 2492; baseline 0.011 -15"><span class='ocrx_word' id='word_1_811' title='bbox 1043 2452 1083 2478; x_wconf 77' lang='lat' dir='ltr'><strong>A&#39;.</strong></span> <span class='ocrx_word' id='word_1_812' title='bbox 1099 2452 1178 2478; x_wconf 80' lang='grc' dir='ltr'>Μετὰ</span> <span class='ocrx_word' id='word_1_813' title='bbox 1193 2461 1296 2488; x_wconf 81' lang='grc' dir='ltr'>ταυτην</span> <span class='ocrx_word' id='word_1_814' title='bbox 1314 2454 1395 2481; x_wconf 86' lang='grc' dir='ltr'>πάλιν</span> <span class='ocrx_word' id='word_1_815' title='bbox 1410 2454 1476 2491; x_wconf 84' lang='grc' dir='ltr'>ἄλλη</span> <span class='ocrx_word' id='word_1_816' title='bbox 1497 2464 1539 2487; x_wconf 88' lang='grc' dir='ltr'><strong>τις</strong></span> <span class='ocrx_word' id='word_1_817' title='bbox 1560 2457 1667 2492; x_wconf 83' lang='grc' dir='ltr'>αἵρεσις</span> <span class='ocrx_word' id='word_1_818' title='bbox 1683 2458 1794 2491; x_wconf 74' lang='grc' dir='ltr'>ταύταις</span> 
     </span>
    </p>
   </div>
   <div class='ocr_carea' id='block_1_112' title="bbox 1012 2610 1792 2651">
    <p class='ocr_par' dir='ltr' id='par_1_112' title="bbox 1012 2610 1792 2651">
     <span class='ocr_line' id='line_1_112' title="bbox 1012 2610 1792 2651; baseline 0.012 -15"><span class='ocrx_word' id='word_1_819' title='bbox 1012 2610 1190 2651; x_wconf 68' lang='lat' dir='ltr'><strong>Epiphanius,</strong></span> <span class='ocrx_word' id='word_1_820' title='bbox 1208 2612 1349 2651; x_wconf 57' lang='lat' dir='ltr'><strong>Domitio;</strong></span> <span class='ocrx_word' id='word_1_821' title='bbox 1361 2613 1458 2642; x_wconf 71' lang='lat' dir='ltr'><strong>haeresi</strong></span> <span class='ocrx_word' id='word_1_822' title='bbox 1473 2623 1528 2642; x_wconf 75' lang='lat' dir='ltr'><strong>xxx</strong></span> <span class='ocrx_word' id='word_1_823' title='bbox 1546 2620 1572 2644; x_wconf 86' lang='lat' dir='ltr'><strong>et</strong></span> <span class='ocrx_word' id='word_1_824' title='bbox 1585 2625 1644 2648; x_wconf 79' lang='lat' dir='ltr'><strong>uti,</strong></span> <span class='ocrx_word' id='word_1_825' title='bbox 1661 2618 1792 2649; x_wconf 79' lang='lat' dir='ltr'><strong>nominat.</strong></span> 
     </span>
    </p>
   </div>
   <div class='ocr_carea' id='block_1_113' title="bbox 1010 2645 1794 2687">
    <p class='ocr_par' dir='ltr' id='par_1_113' title="bbox 1010 2645 1794 2687">
     <span class='ocr_line' id='line_1_113' title="bbox 1010 2645 1794 2687; baseline 0.01 -15"><span class='ocrx_word' id='word_1_826' title='bbox 1010 2650 1052 2687; x_wconf 46' lang='lat' dir='ltr'><strong>ut</strong></span> <span class='ocrx_word' id='word_1_827' title='bbox 1067 2645 1188 2687; x_wconf 70' lang='lat' dir='ltr'><strong>Scaliger</strong></span> <span class='ocrx_word' id='word_1_828' title='bbox 1216 2648 1358 2687; x_wconf 71' lang='lat' dir='ltr'><strong>observat.</strong></span> <span class='ocrx_word' id='word_1_829' title='bbox 1384 2651 1612 2687; x_wconf 66' lang='lat' dir='ltr'><strong>quemadmodum</strong></span> <span class='ocrx_word' id='word_1_830' title='bbox 1634 2645 1750 2679; x_wconf 78' lang='grc' dir='ltr'>Ἐσσαῖοι</span> <span class='ocrx_word' id='word_1_831' title='bbox 1767 2645 1794 2681; x_wconf 79' lang='lat' dir='ltr'><strong>et</strong></span> 
     </span>
    </p>
   </div>
   <div class='ocr_carea' id='block_1_114' title="bbox 1016 2681 1792 2722">
    <p class='ocr_par' dir='ltr' id='par_1_114' title="bbox 1016 2681 1792 2722">
     <span class='ocr_line' id='line_1_114' title="bbox 1016 2681 1792 2722; baseline 0.013 -17"><span class='ocrx_word' id='word_1_832' title='bbox 1016 2681 1205 2722; x_wconf 58' lang='grc' dir='ltr'>Ὀςξσηνοίρτο</span> <span class='ocrx_word' id='word_1_833' title='bbox 1222 2682 1318 2722; x_wconf 73' lang='lat' dir='ltr'><strong>iisdem</strong></span> <span class='ocrx_word' id='word_1_834' title='bbox 1337 2681 1517 2722; x_wconf 80' lang='lat' dir='ltr'><strong>accipiuntur.</strong></span> <span class='ocrx_word' id='word_1_835' title='bbox 1533 2686 1581 2722; x_wconf 19' lang='lat' dir='ltr'><strong>VEx</strong></span> <span class='ocrx_word' id='word_1_836' title='bbox 1595 2695 1650 2722; x_wconf 82' lang='lat' dir='ltr'><strong>quo</strong></span> <span class='ocrx_word' id='word_1_837' title='bbox 1666 2689 1792 2715; x_wconf 76' lang='lat' dir='ltr'><strong>nin&#39;iirum</strong></span> 
     </span>
    </p>
   </div>
   <div class='ocr_carea' id='block_1_115' title="bbox 1008 2716 1792 2755">
    <p class='ocr_par' dir='ltr' id='par_1_115' title="bbox 1008 2716 1792 2755">
     <span class='ocr_line' id='line_1_115' title="bbox 1008 2716 1792 2755; baseline 0.01 -13"><span class='ocrx_word' id='word_1_838' title='bbox 1008 2716 1111 2749; x_wconf 70' lang='lat' dir='ltr'><strong>colligit</strong></span> <span class='ocrx_word' id='word_1_839' title='bbox 1126 2717 1172 2755; x_wconf 66' lang='grc' dir='ltr'><strong>τόν</strong></span> <span class='ocrx_word' id='word_1_840' title='bbox 1187 2718 1298 2755; x_wconf 79' lang='lat' dir='ltr'><strong>nonnisi</strong></span> <span class='ocrx_word' id='word_1_841' title='bbox 1309 2720 1378 2745; x_wconf 85' lang='grc' dir='ltr'>κατὰ</span> <span class='ocrx_word' id='word_1_842' title='bbox 1388 2716 1558 2755; x_wconf 84' lang='grc' dir='ltr'>παραγωγήν</span> <span class='ocrx_word' id='word_1_843' title='bbox 1574 2716 1710 2749; x_wconf 64' lang='grc' dir='ltr'>ἰιιᾮτιιξου</span> <span class='ocrx_word' id='word_1_844' title='bbox 1722 2731 1792 2755; x_wconf 85' lang='lat' dir='ltr'><strong>csse,</strong></span> 
     </span>
    </p>
   </div>
   <div class='ocr_carea' id='block_1_116' title="bbox 1009 2752 1793 2785">
    <p class='ocr_par' dir='ltr' id='par_1_116' title="bbox 1009 2752 1793 2785">
     <span class='ocr_line' id='line_1_116' title="bbox 1009 2752 1793 2785; baseline 0.013 -9"><span class='ocrx_word' id='word_1_845' title='bbox 1009 2759 1096 2784; x_wconf 82' lang='lat' dir='ltr'><strong>neque</strong></span> <span class='ocrx_word' id='word_1_846' title='bbox 1116 2752 1236 2779; x_wconf 82' lang='lat' dir='ltr'><strong>radicale</strong></span> <span class='ocrx_word' id='word_1_847' title='bbox 1256 2753 1351 2784; x_wconf 84' lang='lat' dir='ltr'><strong>videri,</strong></span> <span class='ocrx_word' id='word_1_848' title='bbox 1370 2755 1407 2781; x_wconf 87' lang='lat' dir='ltr'><strong>uti</strong></span> <span class='ocrx_word' id='word_1_849' title='bbox 1427 2752 1518 2782; x_wconf 81' lang='lat' dir='ltr'><strong>iteciu</strong></span> <span class='ocrx_word' id='word_1_850' title='bbox 1535 2752 1698 2784; x_wconf 71' lang='lat' dir='ltr'><strong>l-Jsscnonun</strong></span> <span class='ocrx_word' id='word_1_851' title='bbox 1714 2752 1793 2785; x_wconf 51' lang='lat' dir='ltr'><strong>voca;</strong></span> 
     </span>
    </p>
   </div>
   <div class='ocr_carea' id='block_1_117' title="bbox 1009 2785 1791 2828">
    <p class='ocr_par' dir='ltr' id='par_1_117' title="bbox 1009 2785 1791 2828">
     <span class='ocr_line' id='line_1_117' title="bbox 1009 2785 1791 2828; baseline 0.01 -16"><span class='ocrx_word' id='word_1_852' title='bbox 1009 2786 1082 2828; x_wconf 81' lang='lat' dir='ltr'><strong>bulo.</strong></span> <span class='ocrx_word' id='word_1_853' title='bbox 1101 2785 1182 2813; x_wconf 80' lang='lat' dir='ltr'><strong>Addit</strong></span> <span class='ocrx_word' id='word_1_854' title='bbox 1194 2788 1349 2827; x_wconf 52' lang='lat' dir='ltr'><strong>&quot;Oaanvoﬁ;</strong></span> <span class='ocrx_word' id='word_1_855' title='bbox 1363 2789 1471 2828; x_wconf 83' lang='lat' dir='ltr'><strong>eosdem</strong></span> <span class='ocrx_word' id='word_1_856' title='bbox 1485 2798 1546 2818; x_wconf 85' lang='lat' dir='ltr'><strong>esse</strong></span> <span class='ocrx_word' id='word_1_857' title='bbox 1560 2801 1620 2818; x_wconf 78' lang='lat' dir='ltr'><strong>cum</strong></span> <span class='ocrx_word' id='word_1_858' title='bbox 1643 2794 1791 2828; x_wconf 52' lang='grc' dir='ltr'>Ἐσσηνοῖς</span> 
     </span>
    </p>
   </div>
   <div class='ocr_carea' id='block_1_118' title="bbox 1008 2825 1792 2862">
    <p class='ocr_par' dir='ltr' id='par_1_118' title="bbox 1008 2825 1792 2862">
     <span class='ocr_line' id='line_1_118' title="bbox 1008 2825 1792 2862; baseline 0.011 -15"><span class='ocrx_word' id='word_1_859' title='bbox 1008 2825 1141 2856; x_wconf 86' lang='lat' dir='ltr'><strong>utrosque</strong></span> <span class='ocrx_word' id='word_1_860' title='bbox 1156 2825 1229 2850; x_wconf 85' lang='lat' dir='ltr'><strong>enim</strong></span> <span class='ocrx_word' id='word_1_861' title='bbox 1249 2829 1327 2851; x_wconf 85' lang='lat' dir='ltr'><strong>esse:</strong></span> <span class='ocrx_word' id='word_1_862' title='bbox 1342 2828 1413 2854; x_wconf 58' lang='lat' dir='ltr'><strong>’NDl&#39;l</strong></span> <span class='ocrx_word' id='word_1_863' title='bbox 1426 2825 1490 2860; x_wconf 78' lang='lat' dir='ltr'><strong>quia</strong></span> <span class='ocrx_word' id='word_1_864' title='bbox 1507 2834 1669 2862; x_wconf 67' lang='lat' dir='ltr'><strong>saepenunu-i</strong></span> <span class='ocrx_word' id='word_1_865' title='bbox 1679 2838 1693 2855; x_wconf 76' lang='grc' dir='ltr'><strong>υ</strong></span> <span class='ocrx_word' id='word_1_866' title='bbox 1707 2825 1792 2856; x_wconf 74' lang='lat' dir='ltr'><strong>liolcm</strong></span> 
     </span>
    </p>
   </div>
  </div>
