1944 3037
127 100 183 128 261

468 98 654 128 ADVERSUS
670 99 850 128 HERESES.
871 99 915 127 Lll

970 119 977 127 .
998 97 1079 127 TOM.
1099 99 1120 126 l.
1137 114 1171 119 —
1188 99 1326 127 ILERES.
1347 98 1417 127 XIX.

1719 96 1772 124 26$

130 157 398 194 παραπεπλεγμὲνη,
413 157 430 193 ἢ
445 157 500 184 τῶν
520 157 656 193 Ὀσσηνῶν
669 158 834 194 καλουμένη.
855 158 915 185 Ἰουι

975 157 1116 192 implicita.
1132 157 1187 193 40
1197 156 1264 184 Nam
1279 164 1306 185 et
1319 157 1346 184 hi
1363 156 1476 192 perinde
1489 160 1518 183 ut
1533 156 1573 184 illi
1585 153 1672 183 Judaei
1690 159 1767 188 sunt,

127 204 203 231 δαϊοί
218 213 249 230 τε
274 201 358 235 οὗτοι,
374 203 412 235 ὡς
432 203 479 230 καὶ
498 204 527 229 αἱ
549 203 758 239 προειρημέναι,
777 204 925 240 ὑποκριταὶ

127 251 180 276 τὸν
203 249 314 285 τρόπον,
338 249 420 276 δεινοὶ
440 249 489 284 τὴν
509 248 642 276 ὲπίνοιαν.
659 249 812 286 ’Ὠρμηνται
835 249 862 276 δὲ
877 246 924 276 οὗ-

127 305 174 322 τοι
188 296 254 332 (15),
266 295 303 328 ὡς
322 296 338 330 ἡ
351 296 390 327 είς
407 296 481 331 ἡμᾶς
493 295 609 322 ἐλθοῦσα
623 295 746 331 περιέχει
763 296 922 331 παράδοσις,

128 342 189 368 ἀπὸ
204 341 255 376 τῆς
272 341 432 376 Ναϐατικῆς
446 341 550 377 χώρας,
568 341 616 369 κα)⁸
639 342 798 377 Ἰτουραίας,
815 341 924 368 Μωαϐί-

128 387 207 418 τιδός
219 396 249 413 τε
266 388 314 413 καὶ
327 387 504 422 Ἀρηϊλιτιδος
522 387 577 413 τῶν
592 387 720 414 ἐπέκεινα
734 388 783 422 τῆς
803 387 924 419 κοιλάδος

127 434 185 469 τῆς
202 433 318 468 Ἀλυκῆς
338 433 424 464 οὕτως
448 433 476 459 ὲν
499 434 533 469 τῇ
549 433 610 469 θείᾳ
635 433 730 469 Γραφῇ
754 433 923 469 καλουμένης

95 500 99 505 .
128 479 336 515 ὑπερκειμένης
346 478 448 514 χώρας.
457 479 536 506 Ἐστι
547 479 575 505 δὲ
586 477 656 514 αὕτη
667 479 761 515 Νεκρὰ
769 479 922 515 καλουμένη

129 525 276 552 Θάλασσα.
291 524 376 550 Τοῦτο
387 524 414 550 δὲ
421 523 452 550 τὸ
464 524 541 558 γένος
552 523 607 550 τῶν
623 523 824 559 Ὀσσηνῶν(16)
837 525 923 560 ἑρμη-

128 570 240 597 νεύεται
266 569 310 596 διὰ
334 570 383 605 τῆς
409 569 542 601 ἐκδόσεως
564 569 611 596 τοῦ
637 570 769 605 ὀνόματος
795 570 922 606 στιϐαρὸν

128 617 222 651 γένος.
237 615 365 651 Συνήφθη
385 615 413 642 δὲ
429 615 534 647 τούτοις
554 615 700 650 μετέπειτα
716 615 774 651 (17)
792 617 806 642 ό
826 616 923 642 καλού-

130 670 215 697 μενος
237 661 346 693 ἸΙλξαῒ,
369 662 398 688 ὲν
414 660 519 696 χρόνοις
539 660 675 696 Τραϊανοῦ
696 661 829 696 βασιλέως
854 661 923 696 μετὰ

127 709 183 743 τὴν
199 707 247 734 τοῦ
270 707 396 743 Σωτῆρος
412 707 576 743 παρουσίαν,
595 707 624 739 ὃς
645 707 753 741 ἐγένετο
772 707 921 743 ψευδοπρο-

129 755 233 789 φήτης.
258 753 450 788 Συνεγράψατο
473 753 501 779 δὲ
527 751 603 785 οὗτος
626 752 727 787 βιϐλίον
748 753 828 788 δῆθεν
851 754 922 781 κατὰ

130 799 314 836 προφητείαν,
333 799 349 834 ἢ
369 799 407 831 ὼς
425 799 495 826 κατὰ
510 799 599 826 ἔνθεον
614 799 719 834 σοφίαν.
737 800 807 825 Φασὶ
826 799 854 826 δὲ
876 800 922 826 καὶ

975 207 1003 230 et
1019 203 1163 230 simulandi
1180 203 1309 234 artilices,
1326 207 1408 238 atque
1427 202 1454 229 in
1475 201 1570 237 primis
1587 201 1690 229 callidi.
1711 200 1766 229 Fe-’

975 252 1040 276 runt
1055 250 1123 277 istos
1135 257 1168 276 ex
1184 249 1322 282 Nabataea,
1338 249 1446 281 lturaaa,
1461 247 1606 276 Moabitide
1619 252 1647 275 et
1668 248 1768 275 Areili-

975 295 1030 322 tide
1046 296 1178 330 originem
1193 295 1328 327 traxisse,
1348 302 1410 330 quae
1427 295 1554 330 regiones
1577 295 1648 322 ultra
1666 294 1766 321 vallem

974 342 1173 377 salsuginosam
1189 341 1284 376 posita:
1294 345 1367 369 sunt.
1385 340 1444 368 Hoc
1460 341 1532 368 enim
1554 340 1665 367 nomine
1681 339 1769 368 sacris

976 387 1004 414 in
1025 387 1122 414 litteris
1138 392 1242 414 tractus
1258 387 1303 414 ille
1318 387 1442 422 superior
1455 387 1618 421 appellatur,
1635 386 1681 421 qui
1695 385 1768 413 idem

973 436 1015 460 est
1031 440 1093 459 cum
1111 434 1176 459 mari
1190 432 1307 460 Mortuo.
1325 431 1491 460 Ossenorum
1501 439 1583 468 porro
1593 440 1680 467 genus
1694 432 1768 460 istud

973 478 996 505 si
1012 486 1110 505 nomen
1126 478 1315 512 interpretere,
1332 477 1403 505 idem
1417 481 1461 505 est
1481 484 1514 504 ac
1530 477 1637 504 ﬁrmum
1652 482 1680 504 et
1700 477 1768 504 soli-

973 524 1048 551 dum.
1066 523 1106 550 Ad
1133 524 1182 551 hos
1201 529 1293 558 postea
1316 524 1390 551 Elxai
1412 532 1441 552 se
1471 523 1582 558 quidam
1600 522 1766 558 aggregavit,

973 571 1124 605 imperante
1137 570 1267 605 Trajano,
1282 574 1342 605 post
1362 569 1509 596 adventum
1526 568 1629 596 Christi
1646 568 1766 596 Domini.

973 617 1024 650 Qui
1049 624 1110 644 cum
1130 616 1200 644 falso
1216 616 1374 650 prophetam
1386 623 1416 642 se
1429 615 1542 646 diceret,
1559 615 1656 642 librum
1672 622 1768 648 quem-

973 663 1034 690 dam
1060 663 1134 690 relnt
1149 663 1308 697 prophetico
1322 663 1420 697 spiritu
1436 661 1542 689 alllatus
1556 661 1657 692 edidit,
1674 661 1767 689 divina

973 709 1077 736 scilicet
1094 708 1227 743 sapientia
1245 708 1363 742 plenum.
1381 707 1469 742 llujus
1485 711 1616 742 praeterea
1640 706 1767 740 fratrem,

972 754 1083 783 Jexenm
1100 755 1220 786 nomine,
1233 758 1457 781 commemorant.
1475 753 1610 781 Caeterum
1628 753 1711 781 homo
1722 754 1768 781 ille

973 802 1095 829 moribus
1108 802 1230 837 perditus
1242 805 1325 836 atque
1341 801 1477 835 impostor
1492 800 1560 834 fuit;
1572 807 1636 827 nam
1645 808 1706 827 cum
1720 808 1767 835 ge-

129 846 212 873 ἄλλον
226 845 288 872 τινὰ
308 844 404 877 Ἰεξέον
425 845 541 879 ἀδελφὺν
558 845 663 871 τούτου.
687 844 785 878 Γέγονε
803 845 830 871 δὲ
845 843 915 877 οὗτος

972 855 1036 875 nere
1054 855 1085 875 ac
1108 852 1181 875 secta
1205 847 1316 875 Iudaeus
1331 851 1420 879 esset,
1441 847 1474 874 ad
1490 847 1558 882 legis
1573 846 1764 882 praescriptum

127 893 143 919 ὁ
155 891 300 926 ἄνθρωπος
316 889 522 926 πεπλανημένος
535 889 581 916 τὸν
595 890 704 924 τρόπον,
721 890 859 925 ἀπατηλὸς
872 891 921 926 τὴν

127 936 255 973 γνώμην,
271 937 325 963 ἀπὸ
342 936 475 963 Ἰουδαίων
489 935 657 972 ὁρμώμενος,
676 937 721 962 καὶ
736 936 770 962 τὰ
791 936 922 963 Ἰουδαίων

128 982 250 1018 φρονῶν,
262 981 334 1009 κατὰ
349 981 431 1016 νόμον
448 980 477 1008 δὲ
500 980 537 1016 μὴ
560 980 781 1016 πολιτευόμενος,
798 981 880 1016 ἕτερα
894 982 922 1008 δὲ

127 1028 191 1056 ἀνθ’
214 1028 316 1065 ἐτέρων
337 1027 541 1064 παρεισφέρων,
561 1027 608 1054 καὶ
625 1027 674 1063 τὴν
692 1027 759 1054 ἰδίαν
780 1027 862 1054 αὐτοῦ
880 1028 922 1054 αϊ-

129 1083 208 1112 ρεσιν
230 1074 382 1109 -πλανήσας,
405 1073 508 1105 ”Λ).ας,
533 1073 580 1100 καὶ
607 1073 697 1109 ὔδωρ,
717 1073 764 1100 καὶ
784 1074 853 1109 γῆν,
875 1074 922 1100 καὶ

127 1121 230 1157 κᾶρτον
239 1121 295 1155 (18)
306 1120 354 1147 καὶ
365 1119 488 1154 οὐρανὸν,
500 1119 547 1146 καὶ
558 1119 664 1152 αίθέρα,
675 1120 722 1146 καὶ
734 1119 833 1155 ἄνεμον
841 1119 922 1154 ὅρκον

127 1167 223 1199 αὐτοῖς
237 1167 277 1198 είς
294 1165 420 1201 λατρείαν
434 1166 597 1201 ὁρισάμενος
612 1165 798 1201 παραδέδωκε.
811 1166 878 1192 Ilo-rs
893 1166 922 1193 δὲ

129 1214 211 1241 πάλιν
222 1213 319 1244 ἄλλους
333 1212 473 1248 μάρτυρας
484 1211 555 1238 ἑπτὰ
563 1212 738 1247 ὁρισάμενος,
750 1211 796 1239 τὸν
808 1212 922 1248 οὐρανὸν

127 1259 211 1294 φημὶ,
223 1258 270 1284 καὶ
287 1258 316 1284 τὸ
331 1257 413 1293 ὕδωρ,
433 1257 479 1283 καὶ
495 1257 640 1292 πνεύματα
655 1258 747 1292 φησὶν,
763 1257 811 1284 καὶ
827 1257 921 1291 ἁγίους

127 1305 192 1336 τοὺς
204 1303 336 1338 ἀγγέλους
355 1303 404 1339 τῆς
422 1304 587 1339 προσευχῆς,
607 1303 654 1330 καὶ
670 1304 701 1330 τὸ
716 1304 815 1337 ἔλαιον,
832 1304 922 1331 καὶτὸ

128 1349 206 1381 ἃλας.
229 1350 276 1376 καὶ
294 1349 343 1384 τὴν
359 1350 422 1383 γῆν.
445 1348 639 1383 Ἀπεχθάνεται
663 1348 691 1375 δὲ
710 1350 742 1385 τῇ
768 1349 919 1384 παρθενίᾳ,

129 1397 204 1431 μισεῖ
218 1395 245 1422 δὲ
264 1395 312 1431 τὴν
328 1395 491 1431 ἐγκράτειαν
501 1415 507 1427 ,
522 1395 670 1428 ἀναγκάζει
683 1395 711 1421 δὲ
732 1395 820 1430 γάμον
831 1404 837 1410 ·
852 1404 919 1430 φαν-

127 1441 246 1477 τασιώδη
257 1441 285 1468 δέ
298 1450 358 1468 τινα
369 1441 406 1472 ὼς
421 1441 500 1477 δῆθεν
516 1441 713 1476 ἀποκαλύψεως
729 1442 919 1476 παρεισφέρει·

127 1488 278 1523 ὑποκριτὰς
289 1488 318 1514 δὲ
338 1488 345 1503 ¹
360 1487 492 1519 διδάσκει,
509 1488 598 1523 φήσας
620 1488 657 1524 μὴ
678 1486 746 1514 εἶναι
765 1489 900 1523 ἁμαρτίαν
911 1508 918 1518 ,

972 894 1084 921 minime
1098 894 1179 920 vitam
1193 901 1270 921 suam
1286 893 1517 926 accommodavit;
1535 892 1583 920 sed
1599 893 1651 920 alia
1670 893 1763 920 omnia

972 940 1033 966 lnco
1043 939 1104 973 ejus
1113 939 1241 970 obtrusit,
1252 946 1284 965 ac
1295 942 1446 966 sectatores
1456 946 1522 966 suos
1537 938 1565 965 in
1578 941 1765 966 transversum

972 984 1095 1012 abduxit.
1123 985 1195 1012 Inter
1219 985 1272 1012 alia
1296 992 1346 1020 per
1365 984 1450 1012 salem
1469 992 1501 1012 ac
1523 989 1641 1017 terram,
1655 991 1765 1019 panem,

972 1030 1088 1063 caelum,
1103 1031 1204 1058 aethera
1214 1051 1221 1063 ,
1239 1034 1406 1065 ventumque
1418 1030 1493 1058 velut
1514 1030 1627 1057 numina
1643 1030 1767 1065 dejerare

969 1076 1063 1111 jussit.
1085 1075 1224 1103 Interdum
1239 1083 1277 1102 vn
1303 1076 1372 1104 alios
1396 1079 1481 1104 testes
1506 1074 1620 1103 deﬁnit:
1635 1075 1765 1102 nimirum

972 1122 1083 1154 caelum.
1100 1129 1198 1157 aquam
1215 1126 1242 1149 et
1260 1123 1384 1157 spiritus.
1403 1126 1514 1150 sanctos
1530 1121 1664 1150 orationis
1683 1129 1767 1157 ange—

971 1167 1024 1200 los,
1037 1168 1137 1197 oleum.
1159 1168 1243 1195 salem
1258 1173 1285 1196 et
1302 1172 1415 1196 terram.
1433 1168 1568 1196 Praeterea
1581 1168 1767 1204 virginitatem

971 1214 1039 1246 odit,
1055 1214 1251 1241 continentiam
1267 1214 1391 1246 damnat,
1407 1218 1434 1241 et
1450 1214 1485 1242 ad
1499 1213 1635 1242 ineundas
1652 1214 1765 1249 nuptias

971 1259 1120 1294 compellit.
1137 1259 1205 1286 Tum
1221 1267 1286 1287 vero
1299 1265 1452 1287 commenta
1475 1259 1599 1295 quaedam
1614 1267 1647 1287 ac
1659 1259 1765 1288 somnia

971 1309 1101 1340 tanquam
1116 1306 1294 1340 apocalypses
1314 1306 1373 1333 suis
1396 1306 1515 1341 reliquit.
1537 1305 1612 1339 Quos
1626 1306 1707 1334 etiam
1727 1305 1765 1334 si-

971 1351 1121 1379 mulatores
1146 1359 1208 1379 esse
1233 1351 1343 1384 docuit;
1369 1359 1431 1378 cum
1460 1351 1545 1379 ullum
1564 1355 1678 1387 negaret
1703 1359 1765 1379 esse

971 1396 1090 1428 crimen,
1108 1396 1131 1424 si
1149 1396 1211 1431 quis
1230 1396 1429 1430 persecutionis
1447 1400 1569 1431 tempore
1590 1397 1662 1424 idola
1681 1403 1759 1423 vene-

971 1445 1056 1473 retur,
1072 1441 1222 1468 dummodo
1235 1441 1348 1469 minime
1364 1441 1392 1468 id
1403 1450 1437 1469 ex
1454 1443 1546 1469 animo
1565 1441 1665 1476 faciat;
1679 1446 1725 1469 aut
1738 1441 1761 1469 si

971 1487 1035 1522 quid
1054 1495 1101 1514 ore
1116 1491 1195 1526 tenus
1210 1495 1263 1514 non
1281 1488 1344 1514 item
1360 1488 1452 1515 animo
1464 1488 1636 1523 proﬁteatur.

127 1533 152 1558 si
167 1533 213 1559 κα),
234 1532 417 1568 παρατύχοιεν
431 1532 526 1559 εἴδωλα
537 1533 725 1568 προσκυνῆσαι
736 1532 832 1569 καιροῦ
860 1532 1002 1564 ἐνστάντος
1030 1532 1161 1568 διωγμοῦ,
1180 1533 1228 1560 ἐὰν
1252 1532 1332 1569 μόνον
1355 1534 1383 1560 ὲν
1406 1535 1440 1569 τῇ
1461 1533 1612 1569 συνειδήσει
1635 1533 1673 1569 μὴ
1696 1541 1760 1569 προ-

130 1578 267 1613 σκυνήσῃ,
290 1578 337 1604 καὶ
358 1578 425 1605 εἴτι
442 1578 464 1605 δ’
485 1579 517 1605 ἂν
533 1578 688 1615 ὁμολογήσῃ
709 1579 738 1607 ἐν
761 1579 885 1615 στόματι,
905 1579 934 1606 ὲν
952 1578 981 1604 δὲ
998 1579 1031 1614 τῇ
1047 1577 1145 1614 καρδίᾳ
1159 1579 1214 1614 μή.

163 1635 172 1651 ι
194 1635 273 1662 Deest
289 1632 368 1662 εἶναι.

146 1712 177 1732 l0
189 1704 299 1736 scheva,
312 1707 339 1731 et
355 1703 475 1731 vicissim
484 1703 584 1731 seheva
597 1711 645 1738 pro
653 1703 743 1731 holem
755 1708 914 1739 usurpatur.

127 1711 204 1767 flant.
219 1740 405 1767 coniecturam
422 1738 530 1766 duobus
549 1739 721 1767 potissimum
743 1740 914 1767 argumentis

969 1704 997 1730 ὲν
1014 1705 1047 1739 τῇ
1071 1702 1190 1738 Ἰτουρέᾳ
1210 1704 1257 1730 καὶ
1271 1702 1429 1731 Ναϐαττίδι.
1457 1702 1495 1730 Ex
1515 1703 1615 1738 quibus
1634 1702 1759 1732 fortassis

969 1738 1137 1766 emendanda
1151 1747 1200 1765 vox
1215 1739 1264 1767 τῆς
1281 1739 1468 1767 ’Ᾱοηῑλίτιδος.
1484 1746 1545 1767 quae
1558 1739 1609 1766 hoc
1623 1739 1682 1766 loco
1695 1740 1759 1767 leui-

153 1747 204 1767 anc
219 1740 405 1774 conjecturam
422 1738 530 1766 duobus
549 1739 721 1773 potissimum
743 1738 914 1774 argumentis

128 1776 243 1802 astruit:
265 1775 397 1806 alterum,
418 1775 491 1809 quod
516 1775 599 1800 multa
623 1775 649 1801 in
670 1782 764 1801 eorum
789 1774 914 1802 instituto

127 1810 431 1846 νειετιιηιΕδεθιιονυηι
443 1809 556 1846 vestigia
570 1813 740 1846 comparent,
774 1814 869 1844 utputa
895 1812 911 1846 ὴ

127 1845 179 1872 τῶν
192 1845 315 1879 ἀγγέλων
333 1844 476 1880 θρησκεία,
493 1844 571 1871 cibus
585 1852 618 1871 ex
629 1845 686 1872 sale
697 1849 724 1871 et
736 1852 815 1879 pane,
833 1844 913 1880 potus

126 1888 159 1916 ex
174 1888 244 1916 aqua
255 1899 263 1912 ,
278 1886 335 1916 tum
347 1879 419 1915 quod
436 1879 532 1916 Osseni
546 1880 630 1907 solem
638 1880 797 1912 adorarunt,
810 1881 880 1907 unde
887 1886 914 1908 et

128 1915 258 1951 Sampsasi
272 1915 338 1942 dicti
350 1925 356 1942 :
371 1922 434 1951 nam
448 1915 590 1951 Satiipsaei,
611 1923 730 1949 quorum
744 1921 786 1951 est
802 1915 914 1944 Itzercsis

127 1949 288 1984 LIII,'iidem
308 1957 370 1977 cum
390 1949 503 1977 Ossenis
521 1950 661 1978 videntur.
685 1951 720 1976 At
745 1949 911 1978 Essenorum

127 1986 266 2021 proprium
283 1985 335 2012 hoc
350 1984 410 2016 fuit,
428 1986 533 2012 oriente
543 1986 601 2013 sole
618 1993 711 2019 preces
725 1984 853 2018 fundere;
873 1987 914 2012 al-

126 2020 213 2048 terum
230 2026 282 2052 est,
296 2021 368 2055 quod
384 2020 459 2047 Elxai
473 2020 605 2054 impOstor
621 2021 675 2052 ille,
688 2020 733 2055 qui
749 2021 782 2047 ad
793 2023 912 2048 Ussenos

128 2057 245 2088 transiit.
258 2057 379 2083 Essenus
394 2055 571 2089 luerit.lNiliil
588 2056 660 2082 enim
678 2056 750 2082 aliud
764 2061 805 2083 est
822 2056 912 2089 Ἐλξαῖ

126 2099 206 2126 qualn
226 2083 245 2118 6'
259 2091 382 2122 Ἐσσαῖος
401 2095 471 2120 εκεῖ-ι
487 2083 522 2120 5n
537 2095 565 2117 ut
578 2091 604 2117 id
615 2095 706 2121 sectm,
723 2099 777 2117 non
794 2083 911 2119 hominis

127 2127 266 2162 proprium
278 2126 425 2162 exstiterit.
444 2126 496 2152 Sed
508 2134 540 2153 ea
553 2126 684 2161 Scaligeri
697 2126 854 2162 conjectura
866 2134 912 2154 ea-

127 2160 204 2189 tenus
223 2170 236 2188 a
253 2162 332 2188 nobis
344 2161 483 2196 probatur,
500 2166 529 2187 nt
542 2162 608 2187 nihil
625 2160 706 2195 supra
723 2160 910 2192 conjecturam

127 2204 157 2223 ac
182 2197 347 2231 probabilem
364 2197 518 2231 opinionem
541 2197 647 2223 haheat.
672 2196 704 2222 Et
719 2197 828 2230 quidem
846 2204 909 2224 cum

126 2233 175 2259 tria
197 2233 266 2267 apud
282 2231 390 2258 Judzeos
415 2231 635 2267 auteChristum
658 2235 795 2267 sectarum
819 2232 909 2266 capita

126 2265 239 2300 loci-ini;
253 2267 461 2297 Pharisaeorum,
470 2266 653 2293 Sadduczeoru
659 2274 682 2292 m
695 2271 721 2293 et
731 2265 907 2299 Essenorum,

127 2307 228 2329 caetera!
244 2310 350 2333 omnes,
364 2310 423 2336 quae
442 2303 476 2328 ab
492 2302 653 2336 Epiphanio,
667 2302 708 2328 vel
727 2302 789 2329 aliis
807 2309 909 2328 memo-

126 2342 228 2369 rantur,
245 2338 363 2365 lmreses
374 2338 408 2364 ad
423 2337 530 2363 illarum
546 2338 700 2372 quampiam
714 2337 811 2364 merito
829 2345 908 2364 revo-

967 1738 1137 1766 emendanda
1151 1747 1200 1765 vox
1215 1739 1264 1774 τῆς
1281 1739 1468 1774 ’Ᾱρηῑλίτιδος,
1484 1746 1545 1774 quae
1558 1739 1609 1766 hoc
1623 1739 1682 1766 loco
1695 1740 1759 1774 legi-

967 1778 1020 1806 tur.
1034 1781 1094 1808 qum
1108 1781 1243 1808 nusquam
1257 1775 1409 1808 reperitur:
1424 1782 1528 1808 proque
1544 1781 1575 1801 ea
1589 1774 1759 1801 substituen-

965 1809 1033 1845 dum
1054 1809 1247 1845 Ἀρωηρίτιδος
1267 1810 1303 1845 ab
1321 1811 1418 1840 Aroer,
1443 1817 1503 1844 quze
1525 1813 1551 1836 et
1573 1809 1613 1845 Ar
1633 1815 1756 1841 vocatur,

966 1843 1152 1871 Moabitaruni
1171 1844 1238 1871 urbe
1263 1843 1496 1878 frequentissima.
1517 1852 1578 1879 quae
1597 1844 1700 1871 Gnecis
1716 1849 1758 1872 est

971 1878 1136 1913 Ἀρεόπολις,
1154 1879 1187 1906 ad
1204 1883 1352 1907 torrentem
1362 1880 1475 1910 Arnom,
1492 1878 1571 1906 ut’ad
1587 1888 1612 1905 (ι.
1627 1879 1758 1907 quosue

965 1913 1068 1942 Masius
1082 1915 1220 1950 observat.
1242 1914 1394 1942 Possumus
1411 1919 1438 1941 et
1459 1915 1646 1950 Ἀρνωνίτιδος
1669 1923 1682 1941 a
1700 1919 1758 1941 to:-

964 1950 1051 1977 rentis
1065 1949 1177 1976 nomine
1193 1950 1328 1984 suspicari
1344 1950 1488 1983 scriptum.

1000 1984 1056 2020 (16)
1078 1984 1169 2011 Τοῦτο
1189 1984 1223 2010 δὲ
1249 1985 1337 2019 γένος
1357 1984 1416 2011 τῶν
1438 1984 1601 2018 Ὀσσηνῶν.
1629 1984 1714 2017 Ουτεί
1741 1993 1756 2012 a

964 2020 1046 2062 verbo
1063 2024 1112 2062 pm
1135 2019 1285 2062 profectum
1311 2021 1364 2052 sit,
1386 2020 1466 2062 quod
1483 2021 1509 2062 in
1526 2020 1755 2062 Ai'aiiit‘ea‘lilngua

963 2054 1144 2088 fartem'esse.
1170 2055 1209 2081 rei
1225 2055 1352 2081 γνώω-τινε
1371 2055 1517 2089 signiﬁcat,
1538 2055 1583 2081 alii
1596 2055 1630 2082 ab
1643 2055 1756 2082 llebrwo

961 2095 1005 2122 Tw
1016 2090 1164 2125 deducunt.
1182 2089 1304 2124 Scaliger
1321 2098 1374 2117 non
1387 2091 1504 2122 dubitat,
1521 2090 1586 2125 quin
1614 2090 1754 2125 Ὀσσηνός,

963 2124 1252 2170 υιςβσσηνὸςηκατὰ
1276 2127 1447 2170 παραγωγήν
1469 2124 1635 2170 υοιιςξριυιη
1653 2124 1756 2152 sitcin

961 2160 1009 2186 τοῦ
1021 2165 1102 2190 mon,
1119 2164 1148 2187 ut
1171 2160 1241 2187 idem
1260 2161 1296 2188 sit
1317 2160 1451 2192 Ὀσσαίος,
1472 2164 1499 2187 et
1523 2160 1652 2195 Ὀσσηνός
1664 2168 1671 2174 '
1690 2169 1754 2188 naut

961 2195 1098 2229 ejusmodi
1112 2197 1305 2230 patronymica)
1320 2195 1480 2223 inﬂexiones
1494 2196 1521 2222 in
1536 2195 1599 2230 ηνός
1618 2195 1751 2228 Arabum,

961 2235 988 2257 et
1000 2231 1164 2257 Asianorum
1191 2231 1307 2265 propria:
1328 2234 1403 2260 sunt.
1427 2234 1456 2257 ut
1473 2231 1543 2257 idem
1564 2238 1596 2256 ex
1615 2230 1753 2265 Sirphano

960 2265 989 2292 in
1002 2265 1156 2301 V‘A6aanv6;
1169 2265 1259 2301 docet.
1275 2274 1337 2293 cum
1354 2265 1475 2300 Europtei
1493 2266 1572 2292 aliter
1587 2265 1716 2293 formem.
1728 2296 1735 2301 .

996 2300 1052 2335 (l7)
1071 2301 1215 2334 Συνήφθη
1237 2300 1271 2327 δὲ
1286 2301 1405 2334 τούτοις
1425 2300 1594 2335 μετέπειτα.
1622 2301 1657 2327 De
1675 2300 1753 2328 E‘ixiii

960 2336 1096 2366 meminit.
1119 2340 1147 2362 ut
1168 2335 1272 2363 dictum
1291 2341 1345 2367 est,
1368 2337 1395 2362 in
1418 2335 1620 2369 Sampsmorum
1643 2337 1752 2364 lueresi.

126 2379 229 2411 cantur,
247 2380 332 2411 aqua
345 2372 429 2411 _inil_io
445 2369 641 2411 proﬂuxerunt.
665 2371 827 2411 Quanquam
843 2380 909 2411 pau-
924 2381 948 2411 ο
960 2369 1039 2403 Quod
1059 2375 1140 2398 secta:
1159 2379 1258 2398 nomen
1282 2379 1354 2402 esse,
1379 2379 1434 2397 non
1460 2371 1589 2402 hominis,
1610 2373 1751 2411 proprium

126 2407 199 2434 latim
214 2408 290 2435 novis
300 2408 332 2434 ad
344 2408 497 2434 institutum
511 2408 620 2438 ritibus,
632 2415 663 2433 ac
676 2407 849 2441 dogmatibus
860 2408 908 2434 ad-

124 2442 258 2477 jiciendis,
282 2448 328 2469 aut
342 2447 437 2469 contra
455 2443 592 2470 veteribus
608 2442 774 2476 rejiciendis,
792 2443 906 2469 multum

127 2486 141 2505 a
157 2479 245 2512 priore
261 2477 347 2505 forma
358 2477 528 2505 dellexerint.
550 2478 732 2510 Quamobrem
749 2478 784 2504 ab
796 2477 908 2506 Essenis

126 2512 316 2541 Ossenosistos
325 2520 451 2539 manasse
459 2512 590 2540 credibile
598 2517 639 2539 est
649 2522 655 2539 :
673 2513 780 2540 tametsi
791 2513 907 2547 plurima

126 2548 177 2576 illis
193 2549 332 2575 contraria
344 2548 471 2582 dogmata
479 2548 574 2575 Osseni
592 2548 764 2582 postmodum
779 2553 907 2575 astruxe-

126 2584 192 2611 rint:
211 2584 284 2619 quod
298 2591 331 2611 ex
346 2583 443 2617 Epiph.
460 2589 586 2611 constare
598 2587 695 2618 potest.

153 2630 208 2665 (l5)
220 2631 381 2664 Ὣρμηνται
394 2628 428 2665 ὃς
441 2626 534 2656 οὗτοι.
545 2628 621 2665 Unde
634 2627 805 2665 etSaimpszei
818 2630 908 2663 prol'e-

124 2663 167 2692 cti'.
181 2667 232 2699 Qui
249 2663 315 2692 uteri
328 2668 392 2692 sunt
409 2663 514 2695 Osseni.
534 2664 585 2691 nisi
599 2664 670 2698 quod
687 2664 720 2690 ad
736 2671 908 2691 communem

125 2701 341 2736 superstitionem
352 2705 490 2736 utcunque
504 2699 654 2736 Christiani
670 2700 789 2736 Itoniinis
805 2700 910 2734 profes—

126 2734 224 2763 sionem
241 2735 434 2770 adjuuxerant.
458 2734 559 2761 Horum
584 2735 667 2769 igitur
689 2735 857 2761 domicilium
881 2735 908 2762 in

124 2770 208 2798 Ριϊωίι
225 2769 284 2801 fuit,
310 2775 340 2797 ut
358 2770 452 2798 luet-esi
471 2769 533 2796 Llll-
543 2770 674 2804 scriptum
689 2775 742 2801 est,
759 2770 846 2805 πέραν
858 2770 909 2804 τῆς

125 2805 307 2841 ᾊλυκῆς,ητοι
315 2806 338 2831 N
341 2815 371 2832 εκ
375 2806 424 2841 ρᾶς
433 2805 514 2831 καλου
520 2804 788 2841 μένηςνοαλάῗσσηςὲν
795 2804 826 2840 ἑῇ
837 2806 908 2832 Moz-

124 2840 198 2868 σίτιδι
210 2840 285 2876 χώρᾳ
295 2850 328 2867 πε
334 2842 358 2876 ρ)
369 2840 413 2868 τὸν
422 2841 588 2876 χειμάρρουν
601 2840 703 2874 Ἀρνῶν
712 2842 759 2867 καὶ
769 2841 906 2873 ἐπέκεινα,

963 2412 1095 2439 ariolatur
1116 2411 1249 2447 Scaliger.
1279 2412 1383 2440 Etenim
1407 2413 1540 2440 Arabicus
1562 2414 1696 2441 articulus
1717 2406 1753 2444 ΒΝ

962 2455 1025 2475 cum
1042 2448 1223 2482 appellatione
1237 2453 1319 2475 sectae
1330 2469 1337 2479 .
1350 2450 1401 2475 hoc
1419 2453 1461 2476 est
1473 2453 1544 2479 780i"!
1564 2449 1687 2482 Ἐσσαῐθς
1703 2458 1753 2476 no-

961 2497 1022 2516 men
1033 2489 1099 2516 illud
1112 2489 1216 2524 peperit
1231 2482 1354 2520 tutan-5x
1372 2490 1502 2522 Ἐλξαῐος,
1516 2492 1529 2517 ό
1544 2491 1676 2523 Ἐσσαῖος.
1693 2491 1751 2525 Qua

960 2524 1042 2560 etiam
1054 2525 1160 2551 ratione
1174 2525 1294 2558 ejusdem
1313 2525 1395 2552 frater
1413 2525 1523 2558 Ὶεξαῖος
1535 2534 1584 2560 pro
1600 2526 1703 2558 Ἰἰξαίος
1718 2528 1752 2554 ab

961 2558 1113 2596 Epiphanio
1126 2564 1309 2596 nuncupatur,
1325 2561 1397 2596 sicut
1411 2558 1542 2592 Ἰεσσαῖος
1554 2570 1602 2596 pro
1617 2562 1750 2593 Ἑσταῐος.
1763 2565 1766 2567 λ

963 2593 1020 2622 sed
1033 2595 1090 2621 base
1105 2602 1180 2621 mera
1200 2593 1332 2628 Siraligeri
1344 2595 1476 2622 divinatio
1493 2601 1545 2623 est.

997 2629 1053 2665 (18)
1074 2629 1174 2666 Ἅλυς,
1185 2630 1235 2656 καὶ
1248 2630 1335 2664 ὕδωρ,
1349 2631 1398 2657 καὶ
1408 2630 1477 2665 γῆν,
1489 2632 1536 2658 καὶ
1549 2631 1649 2665 ἄρτον.
1663 2630 1753 2666 Friget

962 2663 1094 2699 Scaligeri
1110 2665 1279 2699 conjectura,
1297 2663 1343 2700 qui
1358 2666 1384 2693 in
1400 2663 1520 2693 Eleneho
1529 2663 1748 2700 Triha'resiicap.

960 2700 1006 2732 27,
1019 2701 1242 2734 superstitiosum
1258 2700 1426 2728 Osscnorutn
1438 2702 1631 2736 jusjurandum
1647 2710 1693 2735 per
1708 2710 1752 2727 so-

961 2736 1023 2767 lem,
1042 2744 1139 2769 panem
1151 2741 1177 2762 et
1192 2744 1300 2770 aquam,
1316 2737 1348 2762 ad
1363 2736 1526 2763 lissenorum
1540 2739 1640 2763 vietum
1658 2737 1748 2766 ivli-rt.

960 2771 1006 2805 qui
1027 2779 1105 2805 pune,
1125 2772 1180 2798 sale
1195 2777 1220 2798 et
1238 2779 1307 2805 aqua
1327 2773 1478 2798 constabat.
1495 2772 1580 2798 Porro
1596 2777 1619 2798 et
1641 2772 1706 2801 list-1;,
1724 2777 1750 2798 ('l.

959 2814 1020 2840 qua:
1040 2806 1170 2840 deinceps
1192 2812 1353 2841 sequuntur.
1369 2807 1533 2834 documento
1547 2815 1607 2834 esse
1625 2807 1748 2841 possuntl

959 2841 1126 2869 Osscnorum
1139 2846 1243 2869 sectam
1256 2843 1289 2869 ab
1300 2843 1411 2870 Essenis
1421 2843 1496 2870 valde
1505 2843 1641 2869 diversam
1654 2843 1748 2870 fuisse.
