1944 3037
199 142 256 173 267

899 139 929 169 S.
946 139 1118 169 ΕΡΙΡΗΑΝῙΙ

1763 145 1821 174 268

201 204 252 231 bus
272 201 339 230 meis
352 203 515 237 propagata,
536 199 770 228 condemnationis
785 200 905 234 ipsorum
917 219 926 233 ,
957 203 980 228 el

1035 201 1151 237 κρίσεως
1167 201 1267 234 αὐτῶν,
1285 202 1332 229 καὶ
1349 202 1580 238 καταπατήματος
1592 201 1691 236 αὐτῶν,
1708 212 1755 231 και
1769 204 1820 231 πὸ-

201 248 417 276 coneulcationis
443 247 574 282 ipsorum,
592 250 619 273 et
643 246 745 274 laboris
765 245 896 280 ipsorum,
918 253 985 274 con-

201 294 354 322 culcatione
375 294 402 321 in
428 291 654 320 condcmnatione
673 299 721 326 per
746 295 837 326 patres
862 299 937 319 meos
951 299 985 319 ex

201 340 354 374 abjcctione
367 346 427 373 qua:
446 338 575 373 praeteriit
589 337 615 364 in
628 337 782 372 apostolatu
800 336 983 371 perfectionis.

201 385 267 419 Quae
282 385 373 412 omnia
396 385 423 411 in
449 384 494 411 illo
516 384 575 418 ipso
595 383 715 418 perfecta
742 388 822 416 sunt;
839 383 918 417 cuius
943 383 985 411 vis

201 432 291 459 omnis
311 435 392 466 atque
411 430 484 463 fraus
503 430 530 456 in
548 430 662 456 nihilum
676 433 719 457 est
731 430 850 456 redacta.
866 429 943 462 Quod
961 430 984 458 si

202 476 264 512 quis
277 476 446 511 singulorum
461 475 606 502 verborum
620 475 868 509 interpretationem
890 475 986 502 audire

201 522 276 553 velit,
296 529 330 548 ne
344 521 395 547 hoc
409 520 517 556 quidem
535 520 624 547 facere
638 519 775 555 pigrabor,
792 520 839 547 sed
853 520 887 548 iis
903 521 984 548 etiam

202 566 248 601 qui
263 566 416 592 minutatim
432 565 502 592 scire
526 564 578 591 ista
598 564 754 591 desiderant
776 565 888 592 omnino
905 565 985 592 satis-

203 611 310 639 faciam.
330 611 414 646 Igitur
429 610 545 646 singulis
558 610 671 638 vocibus
695 610 831 645 propriam
851 611 985 645 interpre-

200 657 329 685 tationem
362 656 534 688 adscribam,
565 663 626 690 quce
652 659 695 683 est
728 656 862 691 ejusmodi
887 657 985 684 :Abar

201 707 336 736 transeat;
361 701 447 733 Anid,
470 700 608 736 ahjectio;
632 700 713 734 Moib,
735 709 749 728 a
767 702 888 736 patribus
917 702 984 729 meis

201 752 364 783 propagata;
376 746 498 778 Nocbile,
516 747 750 775 condemnationis
765 747 885 781 ipsorum
897 755 904 780 ;
915 746 985 774 Daa-

200 793 251 821 sim
273 812 280 824 ,
296 796 324 819 et
338 791 552 819 conculcationis
577 792 715 826 ipsorum;
743 790 812 823 Ane,
833 795 860 818 et
882 791 983 818 laboris

201 839 338 874 ipsorum;
357 837 475 868 Daasim,
501 837 722 872 proculcatione;
742 836 854 864 Nochile
877 836 905 864 in
918 844 983 864 con-

200 873 390 916 demnatione;
406 883 478 911 Moib
493 891 540 918 per
563 887 654 917 patres
671 890 763 916 meos;
785 882 866 914 Anid,
882 890 916 909 ex
935 883 984 910 ab-
999 873 1020 901 Β

197 932 316 966 jeclione
328 930 426 964 ;Abar,
443 936 502 964 qua:
514 928 659 963 praeteriit;
673 927 762 955 Selam
771 947 778 960 ,
792 928 820 955 in
832 929 985 963 apostolatu

198 976 385 1013 perfectionis.

236 1021 267 1049 ν.
280 1020 420 1057 Ejusmodi
431 1024 473 1048 est
482 1019 648 1047 Ossenorum
658 1021 869 1046 commemorata
880 1025 895 1045 a
905 1018 984 1046 nobis

198 1068 321 1099 hmresis.
333 1075 393 1102 qua:
405 1074 467 1094 cum
481 1065 637 1093 Iudaeorum
648 1066 682 1092 ad
694 1066 775 1092 ritum
788 1066 870 1092 vitam
883 1065 982 1100 exigat,

198 1117 226 1141 et
241 1112 401 1144 Sabbatum,
418 1119 449 1138 ac
465 1111 701 1138 circumcisionem
725 1115 854 1145 usurpet,
877 1110 983 1144 aliaque

198 1168 259 1196 quae
273 1160 331 1194 lege
343 1158 559 1194 prescribuntur
568 1158 675 1190 omnia,
694 1161 783 1184 certos
797 1161 886 1184 tamen
899 1156 983 1183 libros

198 1205 389 1234 Nazaraeorum
405 1205 528 1240 exemplo
549 1204 674 1239 repudiat
690 1213 697 1230 :
719 1207 800 1238 atque
817 1210 832 1229 a
853 1210 900 1229 sex
918 1202 982 1229 reli-

197 1252 259 1288 quis
270 1251 354 1278 sectis
367 1251 441 1278 velut
457 1250 603 1278 schismate
617 1249 777 1284 sejungitur.
790 1248 843 1275 Sed
859 1248 892 1274 ad
909 1248 982 1274 illam

198 1296 320 1324 funditus
338 1295 532 1331 proﬂigandam
553 1302 636 1322 unum
653 1294 718 1321 illud
735 1294 865 1326 sufﬁciet,
879 1293 952 1328 quod
966 1301 982 1320 a

197 1342 253 1370 Deo
267 1342 375 1378 penitus
389 1341 544 1369 abhorreat.
563 1340 667 1368 Etenim
681 1348 742 1368 eum
764 1340 867 1367 diserte
887 1339 981 1367 Domi-

197 1396 250 1416 nus
256 1392 370 1419 asserat,
381 1387 570 1415 sacerdotesin
579 1387 679 1422 templo
690 1386 790 1414 violare
802 1386 949 1413 Sabbatum
959 1386 980 1418 ',

196 1433 262 1469 quid
278 1433 404 1461 estaliud
418 1439 472 1467 quo
486 1432 588 1460 violare
602 1431 672 1458 diem
687 1432 762 1458 illum
778 1432 915 1464 dicuntur,
927 1431 980 1459 nisi

195 1479 270 1515 quod
286 1478 404 1506 Sabbato
418 1485 497 1505 nemo
517 1485 585 1511 opus
598 1477 683 1504 ullum
702 1476 819 1508 faceret;
842 1480 869 1503 at
889 1483 981 1503 sacer-

195 1524 274 1553 dotes
291 1524 321 1551 in
334 1523 434 1559 templo
451 1522 592 1550 sacriﬁciis
605 1523 711 1557 operati
724 1521 872 1549 Sabbatum
890 1521 979 1549 solve-
993 1540 1015 1570 ϐ

195 1575 267 1602 rent,
284 1573 312 1598 et
335 1570 486 1597 hostiarum
511 1568 677 1595 mactatione
699 1568 810 1596 assidua
826 1567 979 1595 violarent?

196 1615 251 1644 Sed
267 1623 317 1651 ego
328 1615 442 1643 heresin
456 1615 528 1641 illam
543 1614 756 1649 praetermittam.
775 1613 842 1641 Nam
861 1617 888 1641 et
903 1613 979 1640 Elxai

195 1669 293 1689 rursus
308 1660 360 1688 iste
374 1667 436 1687 cum
455 1659 600 1691 Ebionazis,
614 1659 660 1694 qui
681 1659 782 1686 Christi
798 1663 918 1693 tempora
935 1665 978 1686 se-

196 1706 252 1734 cuti
273 1709 347 1737 sunt,
362 1706 526 1740 conjunctus
540 1708 592 1738 est,
609 1711 659 1731 nec
675 1711 729 1731 non
746 1711 808 1731 cum
822 1703 979 1739 posteriori-

196 1753 248 1780 bus
261 1751 411 1786 Nazarteis;
420 1759 536 1786 eumque
547 1755 629 1779 sectae
639 1755 756 1786 quatuor
770 1754 907 1778 auctorem
926 1749 979 1777 sibi

195 1797 351 1830 vindicant,
364 1805 425 1832 qua:
449 1797 522 1824 illius
536 1797 681 1833 prmstigiis
703 1795 856 1823 adiciuntur
873 1805 879 1822 :
897 1795 980 1822 nimi-

195 1851 256 1871 rum
274 1843 409 1876 Ebionaei,
425 1851 457 1870 ac
480 1843 645 1879 posteriores
663 1842 794 1874 Nazaraai,
821 1841 916 1870 Osseni
933 1842 979 1878 qui

195 1892 251 1916 tam
269 1893 333 1916 ante
351 1889 439 1922 illum,
455 1896 536 1924 quam
550 1896 611 1916 cum
631 1889 678 1916 illo
700 1888 870 1924 prodierunt,
885 1893 911 1915 et
925 1887 980 1914 Na-

195 1935 287 1966 :arazi,
299 1934 333 1962 de
350 1934 450 1970 quibus
467 1940 546 1961 antea
558 1934 704 1969 disputavi.
722 1934 856 1961 Caeterum
871 1941 925 1961 una
938 1937 979 1960 est

195 1980 254 2007 haec
277 1980 387 2008 heresis
413 1988 446 2007 ex
472 1980 526 2008 illis
550 1984 670 2015 septem,
698 1988 758 2015 qua:
783 1979 978 2015 Hierosolymis

195 2025 371 2058 exstiterunt,
390 2028 417 2052 et
432 2024 465 2051 ad
480 2024 583 2052 Christi
595 2025 740 2052 adventum
753 2023 808 2060 Μ
818 2031 905 2058 usque
915 2030 980 2058 pro-

194 2075 297 2105 pagata:
312 2074 385 2102 sunt,
406 2077 438 2097 ac
451 2070 579 2105 deinceps
599 2070 633 2098 ab
653 2070 735 2105 hujus
755 2070 921 2105 temporibus
944 2069 979 2096 ad

196 2115 471 2151 Hierosolymitanum
479 2115 626 2148 excidium,
639 2115 711 2151 quod
720 2115 781 2143 Tito
802 2115 871 2142 duce
888 2115 978 2142 conti-

193 2162 242 2197 git,
252 2161 396 2189 Domitiani
406 2161 499 2194 fratre,
511 2166 538 2189 et
548 2161 709 2196 Vespasiani
724 2161 896 2196 imperatoris
911 2161 975 2189 ﬁlio.

1035 256 1081 273 νου
1097 247 1196 279 αὐτῶν,
1221 249 1432 284 καταπατήματι
1457 249 1486 275 έν
1511 249 1671 284 κατακρίσει
1695 250 1738 276 διά
1761 250 1821 277 τῶν

1035 292 1161 328 πατέρων
1175 301 1236 328 μου,
1250 293 1305 319 ἀπὸ
1316 293 1505 325 ταπεινώσεως
1517 294 1704 329 παρελθούσης
1713 294 1742 321 έν
1751 295 1822 321 ἀπο-

1036 337 1115 373 στολῇ
1138 337 1312 369 τελειώσεως.
1330 339 1388 365 Ἐπ’
1405 338 1479 374 αὑτῷ
1499 339 1527 365 δὲ
1554 339 1641 366 πάντα
1667 339 1820 374 πληροῦται

1034 382 1129 410 ταῦτα.
1142 383 1300 410 Κεκένωται
1313 383 1369 419 γὰρ
1380 383 1489 419 αὑτοῦὴ
1505 384 1618 420 δύναμις
1629 384 1676 411 καὶ
1687 386 1702 419 ἡ
1717 384 1820 420 πλάνη,

1035 429 1065 454 Ei
1096 429 1124 456 δὲ
1138 428 1167 455 ἓν
1187 429 1263 464 ῥῆμα
1283 430 1351 465 πρὸς
1368 429 1397 455 ἓν
1414 429 1520 465 θελήσει
1541 438 1582 462 τις
1604 430 1675 457 κατὰ
1690 430 1820 457 λεπτολο-

1035 475 1097 509 γίαν
1111 474 1226 502 ἀκοῦσαι
1238 475 1464 511 ἑρμηνευόμενον,
1482 475 1618 502 καὶτοῦτο
1631 477 1681 502 οὐκ
1694 475 1726 502 ἂν
1738 476 1823 511 ὀκνή-

1036 528 1132 556 σαιμεν
1151 521 1273 556 ποιῆσαι,
1293 521 1351 548 ἀλλ’
1367 522 1406 553 εἱς
1421 521 1539 556 καθῆκον
1560 521 1632 548 κατὰ
1656 522 1743 548 πάντα
1762 521 1820 548 τῶν

1035 565 1203 601 βουλομένων
1215 566 1227 581 ²
1245 565 1414 601 λεπτολόγως
1433 567 1553 599 ἀκούειν,
1579 567 1647 593 αὑτά
1667 567 1699 603 δὴ
1718 567 1751 594 τὰ
1769 568 1820 604 ῥή-

1035 621 1108 648 ματα
1122 612 1205 638 αὐτοῦ
1216 613 1320 644 καὶτὰς
1333 612 1422 640 αὐτῶν
1434 613 1581 648 ἑρμηνείας
1592 613 1719 648 ἄντικρυς
1732 621 1820 648 παρα-

1035 658 1183 694 θησόμεθα,
1198 659 1245 685 καὶ
1261 659 1334 685 ἔστιν
1348 658 1444 691 οὕτως’
1461 659 1547 695 Ἀϐαρ
1563 659 1729 694 παρελθέτω-
1745 660 1821 686 Ἀνὶδ

1033 704 1207 736 ταπείνωσις-
1229 704 1307 731 Μωῖϐ
1328 706 1344 740 ἠ
1365 706 1397 731 ὲκ
1417 705 1542 741 πατέρων
1565 714 1625 740 μου·
1644 706 1749 740 Νωχιλὲ
1767 706 1818 742 τῆς

1033 750 1223 786 κατακρίσεως
1246 750 1346 777 αὐτῶν·
1376 752 1482 786 Δαασὶμ
1511 751 1558 778 καὶ
1587 753 1819 787 καταπατήματος

1033 796 1133 823 αὐτῶν*
1157 795 1220 831 Ἀνὴ
1244 796 1290 822 καὶ
1313 796 1394 824 πόνου
1412 797 1508 824 αὐτῶν·
1533 798 1640 832 Δαασὶμ.
1659 798 1819 833 καταπατή-

1035 850 1109 877 ματι·
1124 842 1228 877 Νωχιλὲ
1242 843 1271 869 ὲν
1286 843 1455 878 κατακρίσει·
1471 843 1550 870 Μωῖϐ
1563 843 1607 870 διὰ
1620 844 1674 870 τῶν
1690 843 1818 880 πατέρων

1035 897 1094 923 μου·
1113 888 1186 914 Ἀνὶδ
1204 888 1258 914 ἀπὸ
1281 888 1482 920 ταπεινώσεως
1506 889 1594 926 Ἀεαρ
1617 889 1814 925 παρελθούσης·

1032 934 1124 970 Σελάμ
1135 935 1164 960 ὲν
1179 934 1313 970 ἀποστολῇ
1325 934 1499 966 τελειώσεως.

1067 1022 1105 1050 E'.
1127 1023 1200 1058 Αὕτη
1217 1022 1283 1057 γοῦν
1306 1024 1323 1060 ἡ
1348 1024 1456 1060 αἵρεσις
1478 1025 1496 1060 ἡ
1520 1024 1577 1051 τῶν
1596 1024 1734 1060 Ὀσσηνῶν
1758 1024 1818 1052 ἀνω

1032 1069 1228 1104 προειρημένη,
1246 1070 1262 1104 ὴ
1276 1069 1470 1105 πολιτευομένη
1486 1070 1537 1104 μὲν
1553 1069 1601 1105 τὴν
1616 1069 1669 1096 τῶν
1680 1069 1818 1096 Ἰουδαίων

1033 1113 1179 1145 πολιτείαν,
1192 1114 1262 1140 κατὰ
1272 1114 1302 1140 τὸ
1316 1113 1488 1147 σαϐϐατίξειν
1498 1123 1527 1141 τε
1537 1115 1582 1141 καὶ
1595 1114 1816 1150 περιτέμνεσθαι,

1031 1159 1078 1185 καὶ
1090 1158 1137 1185 τοῦ
1149 1159 1232 1194 νόμου
1244 1161 1331 1187 ποιεῖν
1341 1160 1375 1187 τὰ
1388 1161 1485 1192 πάντα,
1499 1160 1578 1196 μόνον
1593 1160 1622 1187 δὲ
1635 1160 1815 1196 ἀπαγορεύειν

1030 1205 1081 1237 τὰς
1095 1205 1203 1241 βίϐλους
1218 1206 1319 1241 ὁμοίως
1335 1207 1391 1237 τοῖς
1406 1205 1581 1241 Ναζαραίοις.
1598 1206 1704 1241 Σχίσμα
1722 1206 1750 1231 δὲ
1768 1206 1819 1241 ἐρ·-

1030 1250 1143 1285 γάζεται
1159 1251 1229 1286 αὕτη
1255 1251 1436 1287 διαφερομένῃ
1460 1251 1528 1287 πρὸς
1546 1250 1596 1283 τὰς
1615 1251 1697 1282 ἄλλας
1715 1251 1744 1284 ἓξ
1760 1251 1816 1277 τῶν

1030 1297 1161 1332 αἱρέσεων
1176 1297 1288 1323 τούτων.
1307 1297 1433 1332 Ἀρκέσει
1449 1297 1514 1331 γοῦν
1525 1298 1565 1328 εἱς
1578 1297 1733 1332 ἀνατροπὴν
1747 1296 1815 1323 ταύ-

1030 1350 1080 1376 της
1095 1342 1126 1368 τὺ
1138 1339 1207 1369 εἶναι
1224 1342 1308 1378 αὐτὴν
1327 1342 1470 1378 ἀλλοτρίαν
1488 1342 1567 1374 Θεοῦ,
1581 1342 1630 1369 τοῦ
1645 1342 1747 1377 Κυρίου
1763 1350 1814 1368 σα-

1031 1387 1088 1421 φῶς
1100 1387 1235 1421 λέγοντος,
1250 1388 1291 1414 ὅτι
1309 1388 1333 1414 οί
1349 1388 1431 1423 ἱερεῖς
1445 1387 1475 1414 ἐν
1491 1386 1530 1422 τῷ
1546 1387 1610 1423 ἱερῷ
1625 1387 1765 1423 βεϐηλοῦσι
1782 1388 1817 1415 τὸ

1030 1432 1178 1459 Σάϐϐατον.
1200 1433 1233 1459 Ἡ
1249 1433 1278 1459 δὲ
1296 1433 1445 1468 βεϐήλωσις
1459 1433 1506 1459 τοῦ
1523 1433 1663 1460 Σαϐϐάτου
1674 1434 1716 1465 τίς
1731 1433 1814 1469 αὕτη,

1029 1477 1087 1504 ἀλλ’
1111 1478 1151 1504 ὅτι
1167 1477 1246 1514 ἔργον
1263 1478 1350 1510 οὐδεὶς
1365 1479 1506 1515 εἰργάζετο
1525 1480 1553 1505 ὲν
1567 1478 1606 1514 τῷ
1622 1479 1762 1515 Σαϐϐάτῳ,
1783 1481 1816 1506 ὲν

1030 1521 1058 1548 δὲ
1074 1521 1112 1557 τῷ
1134 1523 1198 1558 ἱερῷ
1219 1523 1313 1549 θυσίαν
1333 1524 1358 1549 oi.
1382 1525 1465 1559 ἱερεῖς
1488 1523 1674 1556 ἐπιτελοῦντες
1689 1524 1766 1550 ἔλυον
1781 1524 1815 1551 τὸ

1031 1567 1178 1599 Σάϐϐατον,
1203 1567 1377 1603 βεϐηλοῦντες
1390 1568 1436 1594 διὰ,
1459 1569 1508 1604 τὴν
1523 1569 1646 1604 ἐνδελεχῆ
1663 1568 1718 1596 τῶν
1736 1569 1816 1601 ζώων

1030 1612 1141 1645 θυσίανς
1155 1613 1361 1649 Παρελεύσομαι
1376 1614 1423 1640 καὶ
1438 1613 1540 1648 ταύτην
1552 1614 1600 1649 τὴν
1615 1614 1729 1650 αἰρεσιν.
1747 1615 1814 1641 Συν»

1029 1659 1113 1695 ἧπται
1129 1659 1184 1694 γάρ
1196 1656 1273 1691 οὗτος
1289 1659 1372 1687 πάλιν
1388 1661 1402 1686 ὁ
1419 1659 1514 1692 Ἠλξατ
1530 1661 1586 1692 τοῖς
1605 1661 1674 1695 μετὰ
1689 1660 1734 1687 τὸν
1747 1661 1815 1697 Χρι-

1030 1704 1090 1730 στὸν
1110 1703 1287 1736 Ἐϐιωναίοις,
1311 1704 1380 1731 ἀλλά
1400 1705 1447 1731 καὶ
1476 1706 1533 1736 τοῖς
1556 1705 1732 1741 Ναζαραίοις,
1756 1707 1814 1738 τοῖς

1031 1748 1177 1783 μετέπειτα
1198 1748 1333 1783 γεγονόσι·
1357 1750 1403 1777 καὶ
1425 1750 1571 1785 κέχρηνται
1589 1750 1663 1785 αὑτῷ
1681 1751 1813 1786 τέσσαρες

1029 1795 1159 1830 αἱρέσεις,
1179 1795 1274 1830 ἐπειδὴ
1295 1795 1435 1829 θελγονται
1457 1796 1491 1831 τῇ
1505 1795 1586 1823 αὐτοῦ
1603 1796 1700 1832 πλάνῃ·
1718 1796 1815 1823 Ἐϐιω-

1029 1840 1110 1867 ναίων
1131 1848 1173 1872 τε,
1192 1840 1245 1867 τῶν
1270 1841 1416 1876 μετέπειτα
1438 1841 1612 1877 Ναζαραίων,
1634 1841 1771 1878 Ὀσσηνῶν
1782 1850 1813 1868 τε

1028 1885 1082 1912 τῶν
1100 1885 1153 1922 πρὸ
1171 1886 1252 1913 αὐτοῦ
1273 1886 1322 1913 καὶ
1342 1887 1390 1914 σὺν
1408 1887 1492 1922 αὐτῷ,
1514 1888 1562 1913 καὶ
1580 1886 1742 1922 Ναζαραίων
1757 1887 1813 1914 τῶν

1029 1930 1085 1958 ἄνω
1102 1939 1147 1966 μοι
1170 1931 1426 1967 προδεδηλωμένων.
1445 1932 1520 1967 Αὕτη
1542 1932 1570 1958 δὲ
1592 1933 1608 1967 ὴ
1630 1932 1735 1968 αἵρεσις
1756 1932 1812 1959 τῶν

1029 1977 1099 2003 ἑπτὰ
1116 1976 1170 2003 τῶν
1192 1977 1220 2004 ἐν
1242 1977 1449 2013 Ἰεροσολύμοις,
1467 1978 1570 2010 αῖτινες
1586 1978 1727 2013 ἐνέμειναν
1746 1979 1813 2014 ἄχρι

1028 2023 1079 2058 τῆς
1092 2023 1139 2049 τοῦ
1157 2023 1274 2060 Χριστοῦ
1291 2023 1452 2059 παρουσίας,
1473 2024 1521 2051 καὶ
1544 2024 1613 2059 μετά
1631 2024 1680 2060 τὴν
1693 2024 1813 2060 Χριστοῦ

1029 2066 1160 2103 ένσαρκον
1184 2068 1335 2103 παρουσίαν
1364 2069 1428 2105 ἄχρι
1453 2069 1502 2104 τῆς
1529 2069 1585 2095 τῶν
1617 2069 1813 2105 Ἰεροσολύμων

1029 2113 1165 2146 ἁλώσεως,
1180 2114 1242 2149 ἥτις
1255 2114 1367 2149 γέγονεν
1384 2115 1437 2141 ὑπὸ
1455 2114 1534 2141 Τίτου
1551 2114 1683 2149 βασιλέως
1693 2114 1812 2149 ἀδελφοῦ

1027 2158 1203 2194 Δομετιανοῦ,
1223 2159 1281 2186 υἱοῦ
1299 2160 1328 2186 δὲ
1345 2160 1548 2187 Οὐεσπασιανοῦ
1570 2160 1711 2196 βασιλέως.
1735 2161 1812 2188 Μετά

193 2207 260 2236 I‘ost
279 2215 374 2236 eversa
396 2207 504 2235 demum
531 2206 716 2243 Hierosolyma
738 2208 813 2235 stetit
838 2207 885 2234 illa
901 2208 976 2235 brevi

1031 2204 1058 2230 δὲ
1081 2204 1129 2240 τὴν
1150 2204 1204 2231 τῶν
1232 2205 1425 2241 Ἰεροσολύμων
1448 2205 1547 2233 ἅλωσιν
1571 2206 1715 2242 ἐπέμεινεν
1741 2206 1758 2242 ἦ
1780 2214 1812 2233 τι

192 2259 315 2288 tempore
329 2261 391 2281 cum
405 2253 510 2280 caeteris
525 2261 586 2287 qua:
601 2257 655 2280 tum
668 2253 876 2280 celebrabantur
884 2256 978 2287 sectis;

193 2306 287 2333 eaeque
308 2297 418 2325 fuerunt
438 2297 649 2324 Sadducaeornm
660 2317 668 2330 ,
687 2297 845 2325 Scribarum
856 2319 864 2332 ,
879 2297 979 2325 Phari-

194 2351 322 2376 satorum,
346 2343 653 2378 Hemerobaptistarum,
676 2341 883 2376 Nazarazorum',
899 2343 979 2372 Osse-

194 2397 292 2417 norum
307 2393 335 2416 et
349 2388 576 2421 Herodianorum,
590 2389 676 2416 donec
688 2397 738 2416 sua
749 2397 863 2425 quaeque
879 2397 979 2425 oppor-

194 2435 311 2462 tunitate
324 2441 357 2461 ac
373 2438 495 2469 tempore
508 2434 639 2469 dissipata
653 2435 744 2469 periit.

230 2479 274 2506 Vl.
295 2479 435 2506 Postremo
451 2480 519 2506 satis
535 2487 598 2507 esse
617 2479 707 2513 debet,
724 2480 796 2515 quod
815 2487 848 2508 ex
862 2480 977 2516 ipsamet

193 2525 302 2553 illorum
317 2524 437 2557 vesania,
454 2525 574 2560 ipsisque
593 2525 661 2552 adeo
678 2526 802 2558 vocibus,
818 2527 918 2561 quibus
929 2527 978 2554 do-

194 2575 284 2607 gmata
300 2577 350 2597 sua
372 2570 537 2605 praedicant,
553 2574 648 2597 contra
670 2571 768 2599 Ietbale
786 2579 879 2599 eorum
900 2572 977 2600 virus

193 2615 347 2650 comparari
363 2616 520 2651 remedium;
533 2621 634 2650 potest,
661 2617 695 2644 ab
714 2624 748 2644 co
761 2617 809 2651 qui
832 2617 976 2652 prudentia

193 2661 284 2695 aliqua
308 2661 343 2687 sit
366 2660 512 2694 praeditus,
540 2665 569 2687 ut
590 2660 670 2692 facile
694 2661 832 2688 sordidam
860 2662 976 2690 istorum

193 2706 363 2738 doctrinam,
384 2710 411 2733 et
431 2705 621 2741 loquacitatem
641 2707 814 2734 condemnet.
836 2707 976 2743 Praecipue

192 2759 227 2780 ex
243 2759 276 2779 eo
290 2752 361 2787 quod
382 2755 437 2779 tam
459 2752 486 2779 in
506 2751 579 2786 lege,
603 2760 683 2788 quam
700 2753 727 2780 in
749 2752 895 2789 Evangelia
909 2754 944 2783 sit
960 2762 976 2782 a

230 2829 239 2844 ι
256 2828 350 2857 Matth.
365 2837 414 2862 xu,
429 2829 458 2865 5.
495 2830 505 2846 ¹
520 2829 593 2858 Fort.
602 2830 642 2866 τῷ
655 2830 819 2868 βουλομένῳ.

1027 2249 1107 2284 αὕτη,
1122 2250 1169 2277 καὶ
1188 2251 1218 2277 αἱ
1233 2250 1312 2277 ἄλλαι
1326 2251 1409 2287 ὀλίγῳ
1420 2251 1459 2286 τῷ
1473 2251 1563 2287 χρόνῳ
1581 2252 1610 2278 αἱ
1626 2251 1812 2287 φημιζόμεναι

1027 2297 1158 2333 αἱρέσεις,
1176 2297 1363 2324 Σαδδουκαίων
1378 2298 1459 2333 φημὶ,
1472 2299 1519 2325 καὶ
1540 2299 1739 2334 Γραμματέων,
1757 2299 1813 2325 Φα-

1028 2342 1139 2377 ρισαίων
1149 2350 1189 2376 τε,
1196 2342 1243 2369 καὶ
1250 2342 1573 2378 Ἥμεροϐαπτιστῶννκαὶ
1581 2344 1754 2379 Ναξαραίων,
1763 2344 1811 2371 καὶ

1027 2387 1174 2423 Ὀσσηνῶν,
1190 2388 1423 2424 καὶἩρωδιανῶν·
1434 2388 1512 2424 ἄχρις
1525 2386 1554 2415 οὗ
1570 2388 1641 2415 κατά
1653 2390 1748 2424 καιρὸν
1762 2389 1814 2416 καὶ

1027 2433 1098 2460 κατά
1106 2433 1201 2469 χρόνον
1213 2433 1316 2468 ἑκάστη
1331 2434 1420 2460 αὐτῶν
1435 2434 1677 2469 διασκορπισαείσά
1688 2434 1808 2470 διελύθη.

1064 2481 1108 2512 (τ’.
1125 2479 1262 2515 Ἀρκετῶς
1279 2480 1307 2506 δὲ
1326 2480 1398 2515 ἔχειν
1417 2480 1464 2506 ἀπ’
1481 2479 1567 2514 αὐτῆς
1580 2480 1629 2515 τῆς
1643 2480 1732 2507 αὐτῶν
1745 2489 1810 2517 φρε-

1026 2525 1195 2558 νοϐλαϐείας,
1219 2525 1267 2552 καὶ
1287 2525 1341 2552 τῶν
1362 2526 1492 2562 ῥημάτων
1506 2527 1552 2553 τοῦ
1569 2526 1746 2562 κηρύγματος
1761 2527 1810 2554 τοῦ

1025 2569 1190 2606 δηλητηρίου
1216 2570 1256 2597 ἰοῦ
1281 2571 1460 2606 ἀλεξητήριον
1481 2572 1570 2608 ἐαυτῷ
1591 2573 1678 2599 πάντα
1695 2574 1811 2609 νουνεχῆ

1027 2615 1239 2646 κατασκευάσαι,
1260 2615 1427 2651 καταγνόντα
1441 2616 1490 2651 τῆς
1514 2616 1699 2652 συρφετώδους
1722 2618 1810 2644 αὐτῶν

1026 2661 1200 2693 διδασκαλίας
1214 2670 1243 2687 τε
1259 2662 1306 2688 καὶ
1324 2662 1428 2694 λαλιᾶς,
1447 2663 1494 2689 καὶ
1509 2663 1626 2698 μάλιστα
1643 2662 1688 2689 τοῦ
1706 2662 1810 2698 Κυρίου

1026 2705 1107 2737 εὐθὺς
1125 2706 1250 2740 λέγοντος
1261 2705 1290 2732 ἐν
1305 2715 1333 2732 τε
1346 2706 1384 2741 τῷ
1399 2706 1474 2742 νόμῳ
1486 2708 1532 2734 καὶ
1546 2709 1574 2734 ἐν
1586 2707 1625 2743 τῷ
1638 2709 1810 2743 Εὐαγγελίψ

1024 2752 1085 2779 οὺχ
1106 2750 1228 2778 ἔσονταί
1241 2758 1291 2779 σοι
1302 2751 1362 2779 0εοὶ
1374 2752 1467 2787 ἕτεροι
1477 2753 1560 2788 πλὴν
1572 2753 1655 2788 ἐμοῦ⁵
1671 2755 1706 2781 οὐ
1719 2753 1809 2790 λήψῃ
