1944 3037
103 155 164 183 269

458 151 641 181 ADVERSUS
660 150 831 179 HA‘IRESES
849 145 922 178 LIB.‘
935 149 955 177 l.
981 149 1061 178 TOM.
1084 150 1103 177 l.
1123 166 1157 170 --
1176 150 1312 178 ΠᾸΞΒΕΞ.
1334 149 1392 178 XX.

1686 147 1740 177 270

106 211 208 247 ὄνομά
231 206 313 245 τινος
334 211 438 246 ἐτέρου
460 210 506 244 ἐφ’
531 209 618 244 ὅρκῳο
639 209 687 236 καὶ
706 207 788 235 πάλιν
811 208 841 233 ὲν
861 206 901 242 τῷ

956 206 1068 234 Domino
1083 207 1184 235 dictum
1198 206 1277 234 :Non
1291 206 1396 233 habebis
1417 206 1475 232 deos
1501 205 1567 232 alios
1580 209 1675 239 pra'ter
1687 213 1738 232 me.

107 258 272 293 Εὑαγγελιῳ
288 258 423 292 λέγοντος·
441 256 489 290 Μὴ
507 256 632 290 ἐμνύναι
646 254 722 289 μήτε
740 254 793 281 τὸν
808 254 897 287 οὐρα-

107 304 178 336 νιὲν,
193 304 270 338 μήτε
284 303 342 338 τὴν
360 302 428 338 γῆν,
437 301 513 337 μήτε
523 301 625 335 ἕτερόν
635 308 703 327 τινα
718 300 818 334 ὅρκον·
828 299 898 327 ἀλλ’

108 348 174 382 ἤτω
187 348 270 381 ὑμῶν
286 348 318 374 τὸ
334 347 384 374 ναὶ
402 347 463 379 ναὶ,
482 347 531 374 καὶ
550 346 584 373 τὸ
601 346 637 372 οὒ
651 346 697 373 οὔ·
713 346 746 373 τὸ
758 347 899 381 περισσό-

108 401 201 427 τερον
214 393 269 428 γὰρ
280 393 393 419 τούτων
402 392 436 420 ἐκ
448 392 501 420 τοῦ
515 392 649 427 πονηροῦ
667 391 807 426 ὑπάρχει.
828 391 900 426 Ἐγὼ

107 439 142 465 δὲ
160 438 224 474 περὶ
240 438 335 466 τούτου
353 438 457 474 νομίζω
471 437 597 465 θεσπίσαι
611 437 657 466 τὸν
673 437 786 474 Κύριον,
805 437 849 465 διὰ
869 438 900 464 τὸ

111 484 223 520 μέλλειν
236 484 312 515 τινὰς
326 484 426 518 λέγειν,
444 483 473 510 ὲν
489 483 578 516 ἄλλοις
591 484 719 519 ὀνόμασιν
736 484 816 520 ὅρκον
832 492 899 520 προ-

110 530 270 558 ϐάλλεσθαι.
286 529 397 566 Πρῶτον
412 530 461 565 μὲν
475 528 532 564 οὖν,
548 530 590 556 ὅτι
604 530 634 557 οὐ
652 530 693 557 δεῖ
707 530 821 566 ὀμνύναι
839 529 900 557 οὔτε

111 576 197 603 αὑτὸν
209 575 255 602 τὸν
266 576 379 612 Κύριον,
390 575 452 603 οὒτε
467 576 545 603 ἄλλον
557 576 617 603 τινά
627 576 717 612 ὅρκον·
729 576 776 603 τοῦ
788 576 843 611 γὰρ
857 584 902 603 πο-

111 620 198 657 νηροῦ
214 622 272 647 ἐστι
291 621 321 647 τὸ
342 620 467 656 ὀμνύναι.
487 621 607 657 Πονηρὸς
619 621 648 648 δὲ
663 622 716 657 ἄρα
732 622 779 649 καὶ
795 623 809 649 ὁ
823 623 852 649 ἐν
863 622 902 657 τῷ

118 666 213 700 Ἦλξατ
239 666 367 702 λαλήσας,
396 667 409 694 ό
429 668 638 701 καταναγκάσας
654 668 685 695 οὺ
699 669 779 704 μόνον
795 669 824 695 ὲν
843 668 903 704 Θεῷ

110 712 238 748 ὀμνύναι,
255 712 322 740 ἀλλὰ
337 712 384 739 καὶ
397 713 425 739 ὲν
441 712 484 738 ἁλὶ
498 712 545 739 καὶ
559 713 588 739 ὲν
602 712 686 746 ὕδατι,
701 713 747 740 καὶ
761 714 790 740 ὲν
804 713 902 750 αἰθέρι,

111 758 162 785 καὶ
174 759 203 785 ἐν
216 758 320 794 ἀνέμῳ,
333 759 378 784 καὶ
390 759 419 784 ὲν
426 759 460 794 τῇ
485 759 531 793 γῇ,
547 759 596 785 καὶ
609 759 638 785 ὲν
649 759 765 795 οὐρανῷ.
776 759 904 795 Ἀρκετδν

114 806 146 832 δὲ
161 806 198 837 ὡς
209 805 238 832 ὲν
253 805 361 841 παρόδῳ
378 805 423 832 διὰ
434 805 487 831 τῶν
498 805 544 832 δύο
565 805 652 840 λόγων
676 806 744 841 πρὸς
768 806 904 833 ἀντίθεσιν

112 851 167 887 τῆς
183 851 264 878 αὐτοῦ
281 851 384 886 πλάνης
400 851 529 886 ἀντιδότῳ
544 851 662 888 χρῆσθαι
684 851 729 878 τὸν
746 851 905 887 βουλόμενον

115 897 300 932 ἰατρευθῆναι.
332 896 478 932 Παρελθὼν
502 896 531 923 δὲ
551 896 645 923 τούτου
663 897 712 932 τὴν
735 897 901 933 ὲρεσχελίαν,

113 943 204 970 καὶτὸ
219 943 335 970 ὕπουλον
348 942 450 978 ταύτης
464 943 514 978 τῆς
524 942 666 978 αἱρέσεως,
682 942 781 978 ἑφεξῆς
792 945 904 980 ποιήσο-

115 998 167 1024 μαι
187 989 237 1024 τῆς
259 989 375 1025 ἑϐδόμης
394 989 526 1024 αἱρέσεως
548 989 592 1015 τὸν
618 988 736 1024 ἔλεγχον,
754 990 804 1026 τῆς
827 991 903 1027 παρὰ

112 1036 171 1067 τοῖς
188 1036 279 1067 αὐτοῖς
294 1035 354 1062 τότε
370 1034 609 1070 νομιστευομένης.
624 1035 678 1062 Καὶ
691 1035 764 1063 ἐστιν
776 1035 857 1073 αὕτη.

949 252 1012 280 Non
1033 252 1174 286 usurpabis
1194 253 1220 279 in
1235 251 1413 286 jurejurando
1433 259 1524 277 nomen
1546 251 1656 277 alterius
1672 251 1690 278 ¹.
1705 251 1741 278 At

949 302 978 330 in
994 301 1141 337 Evangelio
1158 301 1292 336 praecipit,
1316 300 1379 327 Non
1397 299 1506 334 jurare,
1532 307 1611 334 neque
1633 298 1740 330 caelum.

949 356 1030 384 neque
1047 352 1165 379 terram,
1188 355 1269 382 neque
1292 345 1366 373 aliud
1383 345 1596 380 jusjurandum:
1617 345 1662 371 sed
1684 347 1740 370 esto

949 393 1019 422 vobis
1028 392 1209 429 jurisjurandi
1226 393 1322 424 instar,
1335 390 1433 419 Etiam.
1447 390 1536 420 etiam,
1547 394 1572 417 et
1591 388 1618 415 N
1620 396 1662 420 on,
1677 396 1740 416 non.

951 439 1028 473 Quod
1047 439 1117 466 enim
1139 437 1319 465 abundantius
1337 437 1371 463 iis
1386 440 1460 469 est,a
1480 433 1551 462 malo
1565 434 1635 461 est'.
1658 432 1742 468 Equi-

950 486 1011 513 dem
1031 485 1133 512 idcirco
1149 483 1294 511 Dominum
1318 481 1352 509 de
1377 488 1409 509 ea
1425 488 1455 509 re
1473 480 1599 508 sanxisse
1616 478 1741 507 credide-

951 533 1016 565 rim,
1038 530 1112 567 quod
1130 531 1262 559 exsistere
1275 528 1343 556 certi
1369 527 1494 555 homines
1521 525 1671 558 deberent,
1694 524 1742 559 qui

953 577 1005 605 alia
1025 583 1159 612 usurpare
1172 575 1199 603 in
1221 573 1370 609 dejerando
1386 573 1497 600 nomina
1521 570 1680 599 suaderent.
1700 570 1741 596 Ac

952 624 1071 659 primum
1086 621 1226 654 statuisse,
1240 628 1296 648 non
1319 627 1381 649 esse
1399 619 1548 655 jurandum
1566 617 1691 653 penitus,
1707 623 1742 643 ne

953 670 1096 698 Dominum
1107 668 1217 704 quidem
1231 668 1331 703 ipsum.
1350 673 1439 702 neque
1458 665 1531 693 aliud
1552 664 1637 692 ullum
1650 661 1742 698 jusju-

953 715 1033 743 randi
1044 723 1130 750 genus
1143 713 1363 749 concipiendum.
1391 711 1454 739 Mali
1473 711 1546 739 enim
1571 713 1614 738 est
1628 708 1742 736 omnino

952 762 1055 796 jurare.
1082 760 1202 788 Proinde
1226 759 1316 787 malus
1334 763 1377 786 est
1397 757 1444 792 qui
1463 764 1512 792 per
1529 754 1605 782 Elxai
1633 753 1742 781 loculus

954 812 997 836 est
1013 817 1019 835 :
1037 807 1082 842 qui
1103 815 1156 834 non
1174 806 1255 833 modo
1274 805 1397 840 dejerare
1410 810 1458 839 per
1481 802 1567 829 Deum
1589 799 1676 835 cogit.
1694 806 1742 826 ve-

956 859 1015 879 rum
1038 851 1121 879 etiam
1140 858 1189 885 per
1209 850 1311 882 salem,
1331 855 1440 884 aquam,
1468 847 1588 878 aethera,
1617 848 1741 876 ventum,

921 881 942 909 Β
957 902 1068 928 terram.
1085 901 1166 932 atque
1189 896 1301 924 coelum.
1322 881 1411 930 Atque
1437 894 1479 921 hae
1497 893 1558 920 duae
1570 891 1708 921 rationes,
1726 897 1741 918 a

956 951 1000 971 me
1014 943 1101 971 obiter
1117 943 1258 978 explicatae
1273 941 1411 969 sufﬁciunt
1421 960 1428 972 ,
1445 943 1475 968 ut
1498 943 1595 967 contra
1611 937 1686 965 illius
1698 943 1743 963 er-

957 998 1033 1018 rores
1053 989 1184 1026 quilibet,
1210 989 1255 1024 qui
1276 988 1384 1024 quidem
1403 986 1494 1015 curari
1514 985 1595 1017 velit,
1615 986 1742 1019 paratum

956 1037 1105 1066 antidotum
1121 1036 1229 1064 habeat.
1246 1035 1427 1068 Quamobrem
1442 1033 1522 1068 nugis
1535 1031 1615 1059 istius
1629 1027 1742 1057 haeresis

114 1089 148 1109 ac
169 1081 282 1109 subdola
302 1081 475 1108 cavillatione
491 1082 685 1116 praetermissa,
701 1081 733 1109 ad
745 1090 783 1110 vn
795 1091 902 1120 earum,

958 1095 980 1114 aa
996 1092 1051 1113 tum
1063 1084 1135 1121 apud
1151 1083 1260 1111 Judaeos
1284 1081 1427 1118 vigebant,
1453 1078 1668 1116 redarguendam
1699 1083 1742 1103 me

112 1127 264 1156 conferam.
278 1127 315 1154 Ea
328 1131 370 1155 est
384 1126 528 1162 ejusmodi.

293 1193 390 1220 ΚΑΤΑ
420 1193 618 1221 ΗΡΩΔΙΑΝΩΝ
635 1195 685 1230 (22
691 1195 700 1229 )
706 1216 713 1228 ,

157 1239 282 1275 Ἑϐδόμη
304 1240 498 1280 αἵρεσις-ἀπὸ
512 1240 712 1280 ςιουδατσμοῦ,
733 1243 854 1279 elatae-ti;
869 1244 904 1271 δὲ

398 1276 436 1309 τῇ
445 1276 620 1310 ἀκολουθίᾳ.

150 1342 190 1368 A’.
211 1341 288 1369 Μετὰ
303 1341 405 1377 ταύτην
419 1341 447 1368 δὲ
462 1341 509 1368 καὶ
520 1341 589 1376 μετὰ
600 1341 701 1374 ταύτας
708 1342 789 1370 πάλιν
801 1343 901 1380 ἑϐδόμη

115 1387 221 1422 αἵρεσις
235 1385 268 1423 ἦν
293 1388 310 1422 ὴ
336 1387 389 1414 τῶν
409 1386 581 1422 Ὴρωδιανῶν
596 1387 759 1424 καλουμένη.
777 1389 859 1416 Οὐδὲν
875 1388 904 1415 δὲ

115 1433 196 1468 ἔσχον
219 1441 246 1459 τι
271 1433 496 1469 παρηλλαγμένον
510 1429 597 1459 οὗτοι·
611 1432 667 1459 ἀλλ’
681 1433 735 1460 ὃλοι
759 1434 828 1461 εἰσιν
839 1434 904 1461 Ἰου-

114 1477 280 1514 δαῖοι,ἀργοί
293 1486 322 1505 τε
335 1478 381 1505 καὶ
394 1477 549 1514 ὑποκριταί.
558 1477 680 1514 Ἡρώδην
689 1478 718 1505 δὲ
727 1475 799 1506 οὗτοι
808 1480 905 1515 ἡγοῦν-

115 1533 149 1551 το
163 1525 280 1561 Χριστὸν
293 1524 406 1560 Κύριον.
421 1523 466 1550 τὸν
480 1524 509 1550 ὲν
526 1523 625 1556 πάσαις
639 1524 761 1560 Γραφαϊς
777 1525 858 1561 νόμου
875 1534 905 1552 τε

1091 1197 1145 1234 45
1168 1194 1354 1223 ADVERSUS
1375 1192 1610 1225 HERODIANOS,

1019 1243 1084 1277 Qua:
1098 1247 1138 1270 est
1152 1242 1258 1270 hwresis
1269 1240 1404 1268 Judaismi
1426 1238 1492 1271 VII,
1508 1237 1601 1266 ordine
1613 1237 1677 1265 ΧΧ.

992 1332 1013 1360 ι.
1032 1331 1153 1367 Septima
1176 1334 1238 1366 post
1260 1329 1416 1365 superiores
1438 1328 1500 1355 illas
1524 1326 1742 1354 Herodiauorum

956 1378 1070 1407 haeresis
1087 1382 1138 1405 est.
1153 1376 1205 1410 Qui
1220 1375 1288 1403 nihil
1309 1375 1447 1402 diversum
1469 1381 1483 1400 a
1504 1373 1618 1408 reliquis
1638 1372 1742 1400 habue-

957 1427 1039 1456 runt;
1054 1427 1081 1450 et
1094 1421 1178 1449 Judaei
1198 1421 1266 1449 meri
1281 1425 1356 1451 sunt,
1372 1419 1472 1447 inerles
1489 1418 1569 1446 iidem
1584 1426 1616 1446 ac
1630 1418 1742 1446 simula-

957 1474 1043 1498 tores.
1057 1469 1108 1502 Qui
1123 1467 1257 1496 Herodem
1273 1466 1410 1494 Christum
1429 1464 1572 1492 Dominum
1588 1471 1649 1492 esse
1666 1463 1742 1491 dice-

957 1516 1131 1549 bant;eum,
1146 1513 1268 1548 inquam,
1290 1511 1441 1543 Christum,
1466 1511 1513 1546 qui
1539 1511 1566 1538 in
1591 1510 1743 1545 Scripturis

117 1570 165 1597 καὶ
181 1555 327 1606 προφητῶν
338 1555 576 1606 προσδοκώμενον,
592 1555 757 1605 νομίσαντες
769 1555 850 1597 αὐτὸν
864 1568 902 1597 εἷ-

956 1562 1083 1590 omnibus
1095 1568 1127 1588 ac
1140 1559 1279 1596 prophetis
1293 1558 1513 1594 exspectabatur,
1528 1564 1589 1584 esse
1605 1555 1743 1584 Herodem

117 1627 160 1645 ναι
171 1618 217 1645 τὸν
235 1617 356 1654 Ἡρώδην
369 1617 496 1653 Χριστὸν,
514 1617 560 1644 καὶ
576 1617 619 1644 ἐπ’
634 1617 708 1653 αὐτῷ
720 1617 904 1654 ἀπατώμενοι,

119 1663 297 1699 ἐσεμνύνοντο
308 1663 346 1699 τῷ
361 1662 477 1699 Ἡρώδῃ,
492 1663 524 1689 ὲκ
539 1662 586 1689 τοῦ
604 1662 687 1698 ῥητοῦ
705 1663 906 1699 συναρπασθέν-

117 1719 174 1741 τες.
194 1710 263 1745 μετὰ
277 1709 325 1736 τοῦ
340 1709 386 1736 καὶ
396 1710 436 1741 εἰς
453 1709 532 1745 χάριν
546 1708 593 1736 τοῦ
609 1709 669 1736 τότε
683 1708 815 1744 βασιλέως
828 1717 906 1736 κενο-

117 1755 238 1790 δοξῆσαι,
256 1754 304 1781 τοῦ
322 1755 481 1790 εΙρημένου·
507 1755 567 1781 οὐκ
592 1753 726 1788 ἐκλείψει
748 1753 848 1788 ἅρχων
871 1753 905 1786 ἐξ

124 1801 226 1834 Ἰούδα,
238 1800 309 1828 οὐδὲ
324 1801 488 1835 ἡγούμενος
499 1800 533 1827 ἐκ
548 1800 607 1827 τῶν
620 1800 722 1835 μηρῶν
734 1799 838 1833 αὐτοῦ,
851 1800 906 1832 ἓως

117 1846 158 1874 ἂν
172 1847 246 1881 ἔλθῃ
269 1843 293 1880 ᾧ
315 1847 529 1878 ἁπόκειτιιι.Ὠς
544 1846 572 1873 δὲ
583 1846 638 1881 ἔχει
650 1846 683 1873 τὰ
697 1846 764 1873 ἄλλα
782 1846 906 1882 ἀντίγρα-

119 1900 168 1926 φα,
183 1891 239 1924 ἕως
253 1891 327 1925 ἔλθῃ
341 1887 365 1924 ᾧ
373 1891 410 1918 τὰ
422 1891 613 1926 ἀποκείμενα.
621 1891 785 1927 Ἐπειδήπερ
797 1890 811 1917 ό
822 1891 906 1927 Ἠρώ-

119 1936 167 1971 δης
189 1936 245 1967 υἱὸς
337 1936 515 1972 ’Δντιπάτρου
537 1934 684 1971 ἐτύγχανεν
706 1935 905 1963 ’Δσκαλωνίτου

119 1982 191 2014 τινὸς
204 1982 353 2018 ἱεροδούλου
362 1982 527 2013 ’Λπόλλωνος
541 1981 588 2008 τοῦ
603 1981 724 2008 εἰδώλου.
735 1978 773 2008 Οὔ
787 1981 801 2007 ό
814 1981 905 2017 πατὴρ

119 2028 166 2054 τοῦ
198 2028 280 2055 αὑτοῦ
300 2027 478 2062 Ἀντιπάτρου
498 2027 622 2063 Ἡρώδης
645 2027 694 2063 μὲν
719 2026 754 2063 ἦν
775 2027 904 2063 τοῦνομα,

121 2074 177 2106 υἱὸς
192 2074 220 2100 δὲ
235 2071 270 2109 ἦν
284 2069 361 2105 οὗτος
372 2073 420 2100 τοῦ
431 2074 555 2100 ’Δντίπα.
570 2073 746 2109 Αἱχμάλωτος
761 2072 789 2099 δὲ
801 2072 904 2109 ἐλήφθη

127 2108 280 2156 Ἰδουμαίιυν
296 2121 311 2147 ό
322 2119 404 2151 αὐτὸς
418 2108 605 2155 Ἀντίπατρος,
615 2120 726 2146 κάκεῖσε
742 2119 771 2145 ἐν
783 2119 816 2154 τῇ
826 2118 907 2145 Ἰδου-

123 2165 189 2201 μαίᾳ
204 2165 348 2201 διατρίϐων
360 2165 488 2199 ἐγέννησε
504 2165 549 2191 τὸν
557 2163 687 2200 Ἡρώδην.
696 2163 750 2190 Τοῦ
764 2163 792 2190 δὲ
804 2163 906 2199 πατρὸς

120 2211 233 2247 πένητος
244 2211 330 2243 δντος,
347 2211 395 2238 καὶ
420 2211 457 2246 μὴ
478 2210 627 2245 δυναμένου
643 2209 751 2245 λύτροις
774 2209 906 2244 ῥύσασθαι

120 2256 165 2283 τὸν
180 2256 246 2289 υἱὸν,
258 2255 330 2291 λέγω
346 2256 379 2292 δὴ
393 2256 438 2283 τὸν
448 2255 637 2290 Ἀντίπατρον,
652 2254 758 2290 ἔμεινεν
772 2254 802 2280 ὲν
818 2252 908 2288 πολλῷ

155 2348 164 2363 ί
176 2346 260 2376 Exod.
276 2354 322 2380 xx,
335 2347 362 2374 5.
399 2347 410 2362 ¹
427 2345 523 2373 Matth.
538 2353 565 2377 v,
579 2345 614 2372 54
633 2351 693 2379 sqq.

166 2434 211 2469 2‘2)
231 2433 311 2461 Κατὰ
331 2432 521 2469 Ἠρωδιανᾷηξ.
538 2430 721 2469 Herodianos,
745 2437 859 2469 quorum
877 2429 904 2469 in

122 2464 266 2503 Evauéelio
280 2464 381 2496 mentio
395 2472 447 2498 est.
463 2468 510 2494 alii
520 2467 554 2494 ab
565 2464 791 2503 Herodermagiio.
805 2464 851 2503 ιιῇί
863 2465 904 2503 _al)

122 2505 179 2539 ejus
188 2498 242 2531 lilio
255 2503 359 2531 Herode
369 2503 465 2537 Aulipa
473 2502 630 2539 nominatos
640 2498 807 2539 existimant.
824 2498 889 2539 Ρηιο
897 2514 903 2519 -

123 2534 176 2567 rein
191 2538 353 2567 sententiam
369 2534 460 2565 tuetur
473 2537 660 2571 Epiphanius;
674 2535 720 2570 qui
736 2539 763 2562 et
774 2534 903 2571 Herodia-

124 2581 218 2602 norum
230 2579 344 2604 sectam.
357 2580 389 2600 ac
401 2568 621 2607 dogma‘eppiose
634 2568 816 2607 persequitur.
832 2568 902 2607 Cum

123 2614 211 2636 autem
226 2609 260 2636 de
274 2607 391 2638 Herode,
411 2605 498 2641 deque
511 2605 672 2634 Herodiauis
684 2605 900 2641 aecuratissime,

123 2644 359 2678 eruditissimeque
369 2640 511 2678 Serrarius
525 2646 617 2668 noster
633 2641 764 2678 peculiari
780 2640 810 2678 in_
820 2647 902 2674 opere

123 2676 419 2714 disputaveritineque
432 2676 596 2714 quidquam._
613 2676 685 2711 quod
700 2682 733 2702 eo
743 2676 900 2714 pertineret,

124 2709 264 2744 int-ictum,
273 2709 459 2746 indictumque
471 2709 830 2746 rel—iquerit,'supervacuuin
843 2709 901 2736 exi—

124 2749 268 2777 stimamus
278 2748 389 2775 verbum
398 2744 514 2781 amplius
526 2744 610 2773 ullum
623 2744 704 2781 super
712 2752 748 2781 ea
755 2753 784 2772 re
796 2744 899 2781 facere;

124 2790 184 2811 cum
199 2783 232 2809 ad
246 2790 354 2809 manum
366 2782 402 2809 sit
415 2779 483 2809 lilier
495 2782 549 2812 ille,
565 2781 592 2807 in
608 2779 665 2815 quo
679 2780 712 2807 de
727 2779 841 2807 Herodis
855 2786 901 2814 ge-

126 2825 198 2849 nere.
211 2818 377 2851 conditione,
392 2817 479 2851 deque
489 2815 661 2847 Herodianis,
670 2822 702 2842 ac
715 2815 830 2851 caeteris.
840 2821 900 2851 qum

125 2853 177 2881 hoc
199 2854 260 2881 loco
280 2849 374 2889 attigit.
384 2849 562 2889 Epiphanius.
579 2851 722 2887 diligenter
743 2849 898 2890 explicavit,

731 2343 742 2358 ³
761 2341 827 2370 Gen.
841 2349 915 2375 χιιι,

957 1607 1160 1637 existimabant,
1173 1605 1261 1640 deque
1275 1612 1308 1632 eo
1324 1603 1393 1631 falsa
1410 1603 1526 1638 quadam
1552 1601 1635 1628 animi
1664 1599 1743 1627 indu-

956 1654 1047 1681 ctione
1062 1652 1258 1688 gloriabantur.
1280 1650 1319 1678 Ac
1330 1654 1508 1685 praterquam
1528 1647 1601 1684 quod
1625 1648 1652 1674 in
1669 1647 1743 1674 illius

957 1699 1029 1735 regis
1041 1699 1158 1734 gratiam
1170 1705 1239 1726 vane
1250 1697 1303 1725 ista
1317 1695 1470 1732 jactabant,
1483 1695 1565 1722 etiam
1581 1694 1649 1729 ipsis
1665 1692 1741 1720 Scri-

955 1750 1042 1780 ptura:
1064 1745 1110 1773 ille
1130 1744 1208 1771 locus
1230 1742 1379 1778 imposuit:
1398 1740 1461 1768 Non
1480 1739 1579 1767 desinet
1598 1740 1715 1774 princeps
1727 1747 1743 1766 ο

955 1791 1038 1824 Iuda,
1055 1798 1135 1826 neque
1157 1789 1214 1816 dua;
1239 1796 1271 1816 ea:
1292 1787 1350 1823 ejus
1365 1787 1474 1822 femore,
1495 1786 1575 1813 donec
1597 1786 1683 1812 ueniat
1698 1785 1742 1810 cui

956 1841 1116 1866 reservatum
1134 1840 1172 1863 est
1183 1836 1204 1863 '.
1235 1833 1285 1862 Vel
1301 1837 1331 1860 ut
1349 1833 1378 1860 in
1393 1832 1454 1860 aliis
1468 1831 1598 1866 exemplis
1615 1831 1741 1866 legimus,

955 1883 1037 1910 donec
1053 1882 1140 1910 veniat
1158 1881 1200 1908 cui
1222 1884 1283 1907 sunt
1301 1883 1443 1906 reseruata.
1460 1877 1601 1912 Siquidem
1619 1875 1741 1903 Herodes

955 1929 1091 1964 Antipatri
1122 1926 1265 1963 cujusdam
1290 1924 1464 1955 Ascalonita,
1495 1927 1578 1958 atque
1606 1922 1741 1958 Apollinis

956 1975 1059 2004 [Editui
1083 1974 1155 2002 lilius
1175 1973 1238 2001 fuit.
1255 1972 1342 2008 Cujus
1360 1972 1472 2007 insuper
1487 1969 1622 2005 Antipatri
1642 1977 1742 2004 parens

956 2021 1078 2050 Herodes
1095 2021 1206 2048 nomine
1219 2019 1292 2047 ﬁlius
1317 2018 1423 2053 Antipaz
1450 2016 1512 2044 fuit.
1537 2016 1680 2051 Antipater
1706 2015 1742 2042 ab

955 2068 1080 2096 ldumaeis
1093 2070 1191 2102 captus
1202 2071 1229 2094 et
1241 2066 1269 2093 in
1280 2065 1400 2093 Idumam
1416 2063 1516 2098 degens
1526 2061 1661 2090 Herodem
1675 2068 1742 2089 sus-

956 2115 1032 2150 cipit.
1051 2114 1111 2147 Qua
1137 2114 1165 2140 in
1185 2112 1296 2147 regione
1315 2111 1362 2138 diu
1385 2109 1530 2137 admodum
1555 2109 1584 2136 iu
1609 2108 1742 2136 servitute

956 2161 1040 2188 \‘llil:
1066 2159 1138 2195 quod
1154 2166 1216 2186 eum
1240 2157 1358 2185 Herodes
1375 2159 1452 2191 pater
1472 2155 1508 2182 ob
1524 2154 1644 2189 inopiam
1666 2153 1740 2180 redi-

958 2212 1032 2233 mere
1046 2211 1101 2232 non
1121 2207 1225 2238 pOsset.
1244 2200 1365 2228 Tandem
1383 2207 1398 2227 a
1415 2197 1594 2234 popularibus
1611 2195 1742 2224 collatitia

960 2249 1076 2285 pecunia
1089 2255 1142 2276 una
1155 2254 1217 2275 cum
1232 2245 1338 2274 Herode
1352 2242 1408 2272 tilio
1420 2244 1554 2271 liberatus
1573 2240 1742 2276 postliminio

939 2340 981 2367 l0.

957 2435 990 2456 ac
1001 2426 1131 2461 Scaligeri
1141 2424 1321 2453 ἀναπόδεικτα
1337 2423 1370 2451 de
1385 2421 1492 2450 Herode
1506 2420 1613 2450 somnia
1625 2420 1740 2448 validis-

957 2464 1026 2491 sime
1041 2462 1177 2489 rel'utavit.

992 2497 1048 2532 (25)
1074 2495 1247 2529 Ἐπειδήπερ
1258 2496 1286 2532 _d
1308 2493 1433 2532 Ἡρώδης
1460 2492 1535 2532 υἱός.
1546 2530 1552 2532 _
1566 2490 1616 2532 De.
1623 2490 1741 2532 Herodis

955 2525 1068 2594 gerente
1091 2525 1208 2571 avoquei
1219 2525 1243 2571 ἑ.
1255 2525 1373 2570 Josepbo
1390 2525 1556 2556 dissentiunt
1579 2525 1738 2567 Africanus.

979 2567 1100 2594 nseblus.
1112 2565 1290 2594 Epiphanius.
1302 2564 1403 2594 alisque
1410 2563 1505 2590 Patres
1514 2569 1619 2589 omnes.
1633 2561 1738 2588 Etenim

979 2567 1100 2598 usebius,
1112 2561 1290 2600 Epiphanius.
1302 2561 1403 2600 aliique
1410 2563 1505 2600 Patres
1514 2569 1619 2589 omnes.
1633 2561 1740 2600 Etenim

955 2603 1000 2630 ille
1014 2596 1188 2637 Antipatrum
1203 2599 1350 2637 ldumautm
1358 2596 1479 2637 Herodis
1493 2600 1597 2637 patrem
1612 2596 1740 2637 praedivi-

954 2644 1008 2665 tem
1024 2644 1056 2663 ac
1072 2630 1208 2672 potentem
1227 2635 1313 2672 fuisse
1333 2633 1441 2672 scribit.
1456 2630 1536 2660 avum
1552 2630 1643 2672 autem
1657 2630 1739 2672 Anti:

974 2680 1017 2700 am
1034 2665 1158 2699 Idumam
1181 2671 1217 2697 ab
1232 2669 1388 2696 Alexandro
1405 2675 1468 2703 rege
1489 2666 1676 2703 praepositum.
1704 2665 1740 2691 At

974 2681 1017 2700 am
1034 2681 1158 2699 Idumam
1181 2681 1217 2697 au
1232 2681 1388 2696 ntcxalluru
1406 2681 1468 2703 regis
1490 2681 1676 2702 praepositum.
1704 2681 1737 2691 n-

953 2681 1049 2734 Batres
1070 2714 1150 2734 avum
1166 2704 1280 2732 Herodis
1302 2707 1330 2731 et
1351 2707 1492 2738 parentem
1515 2700 1737 2738 obscurissimos,

952 2751 984 2770 ac
998 2742 1188 2777 pauperrimus
1200 2739 1341 2777 egstitisse
1352 2734 1520 2768 'memorant,
1538 2740 1568 2763 ut
1584 2741 1645 2777 eum
1660 2734 1738 2774 Anti-

952 2769 1038 2813 pater,
1050 2769 1064 2803 ὦ
1078 2784 1132 2813 quo
1142 2774 1261 2813 Herodes
1270 2775 1379 2808 genitus
1389 2777 1442 2813 est,
1457 2775 1560 2812 captus~
1569 2770 1604 2797 ab
1613 2769 1736 2810 lduma‘tis

951 2804 1038 2844 Esset;
1053 2804 1150 2839 redimi
1171 2818 1185 2837 a
1206 2804 1285 2845 patre
1299 2816 1349 2836 suo
1365 2811 1475 2845 propter
1488 2804 1606 2845 inopiam
1625 2804 1739 2845 minime

950 2839 1080 2883 potuerit.
1090 2846 1126 2874 De
1139 2847 1189 2874 hac
1198 2839 1347 2883 quaestione
1357 2839 1470 2871 éonéule
1488 2840 1656 2876 ,Serrarium,
1674 2839 1700 2866 ι».
1709 2845 1736 2867 c.
