1944 3037
203 139 253 166 2³11

863 132 866 134 ⁷
897 140 924 168 s.
951 141 1122 170 EPIPHANII

1769 140 1823 173 ΞΗ

205 200 231 225 in
249 198 362 234 patriam
387 199 541 226 revertitur.
568 199 654 232 Quam
677 198 712 226 ob
735 200 903 227 causam-ab
927 201 986 228 aliis

1040 201 1075 236 τῷ
1092 197 1179 238 χρόνῴ
1197 202 1341 229 δουλεύων·
1358 202 1468 238 ὕστερον
1484 203 1511 229 δὲ
1526 203 1662 239 ἐλυτρωυη
1678 203 1708 236 ἐξ
1723 203 1822 238 ἐράνου

206 244 348 275 ldunmus,
370 245 403 271 ab
424 245 485 272 aliis
505 245 661 271 Ascalonita
682 244 775 272 fuisse.
788 245 912 280 proditus
933 250 986 274 cst.

204 289 302 318 Postea
313 298 374 317 cum
387 291 420 317 ad
435 290 562 317 Demetrii
578 290 791 318 familiaritatem
807 292 985 326 pervenisset,

206 339 232 364 in
248 333 339 364 Judara
351 338 571 372 procurationem
583 338 711 365 obtinuit.
725 337 794 365 Tum
808 339 890 365 etiam
906 342 987 365 notus

205 383 327 417 Augusto
341 382 497 417 imperatori
511 382 570 409 fuit.
584 383 673 418 Atque
686 391 718 410 ex
733 384 777 410 illa
793 384 987 418 procuratione

206 427 371 463 proselytum
385 435 414 454 se
426 427 530 455 faciens
544 436 597 454 una
607 436 668 455 eum
681 428 786 456 Herode
802 429 856 455 filio
870 429 987 456 circum-

205 474 280 500 cisus
298 478 350 503 est,
373 473 406 500 ad
429 481 509 508 quem
537 472 693 500 Judmorum
717 481 831 509 regnum
852 474 985 509 pervenit.

204 519 271 546 Nam
287 520 409 553 Augusto
427 519 584 554 imperatori
604 519 745 553 subjectus
767 519 923 546 Judmorum
943 519 988 546 ille

205 572 252 592 rex
267 565 413 600 populique
427 564 542 591 Βοηωηί
558 564 708 593 foederatus
720 569 788 592 erat.
804 564 987 598 Quamobrem

205 605 280 644 quod
298 617 331 636 ex
356 609 443 636 aliena
467 609 513 636 ille
534 613 613 644 gente
635 617 749 644 regnare
775 613 907 644 cmperat,
924 617 986 636 cum

205 657 339 682 hactenus
365 663 381 682 a
401 655 481 688 Juda,
507 654 534 682 et
565 655 663 682 Davide
692 663 815 691 regnum,
845 660 929 690 atque
953 663 987 683 ex

204 700 281 729 .ludae
294 702 379 736 stirpe
397 701 535 736 principes
556 709 589 728 ac
609 701 772 736 patriarcha:
792 702 986 736 perstitissent,

205 748 290 782 quod,
311 747 433 782 inquam,
452 746 595 781 imperium
625 747 651 773 in
679 751 821 774 externum
850 746 986 773 hominem

205 792 367 820 translatum
384 791 482 822 fuerat,
502 791 630 818 idoneum
646 791 699 819 illis
715 792 802 819 visum
825 795 867 819 est
883 792 987 820 erroris

205 843 405 872 argumentum,
424 841 453 863 ut
471 836 604 864 Herodem
628 845 689 864 esse
708 837 845 865 Christum
872 838 988 864 arbitra-

206 885 318 918 rentur),
327 884 399 918 quod
415 891 447 910 ex
460 884 505 910 illo
517 883 571 919 46
584 883 734 918 Scripturaa
746 884 806 910 loco
817 891 987 918 consequens
1003 875 1022 901 Β

205 929 347 957 videbatur
365 938 373 956 :
393 928 454 956 Non
473 929 571 956 desinet
587 930 706 964 princeps
722 937 736 956 ε
749 929 832 962 Iuda,
847 930 928 956 donec
944 938 987 957 ve-

204 975 272 1001 nerit
283 975 325 1001 cui
334 979 492 1001 reservatum
504 979 552 1001 est.
567 973 601 1001 Ut
613 982 645 1002 eo
656 983 738 1003 sensu
751 975 786 1002 sit
799 975 991 1010 accipiendus,

205 1021 284 1056 quasi
311 1019 411 1047 Herodi
437 1024 605 1048 reservatum
630 1026 712 1048 esset.
741 1020 886 1048 Desierunt
901 1022 986 1054 enim,

205 1067 324 1098 aiebant,
342 1067 390 1092 illi.
410 1065 496 1094 Porro
511 1066 562 1093 iste
584 1066 617 1094 de
637 1066 714 1093 Judze
741 1074 839 1101 genere
864 1075 918 1094 non
934 1072 986 1099 est,

205 1120 237 1140 ac
255 1120 288 1139 ne
304 1113 415 1140 omnino
431 1113 540 1146 quidem
557 1112 713 1139 Israeliticae
726 1113 824 1147 gentis.
850 1112 919 1140 Huic
935 1120 986 1140 au—

206 1163 259 1186 tem
271 1159 380 1186 Christo
397 1165 457 1185 esse
470 1161 638 1184 reservatum
652 1157 751 1185 fuerat.

239 1247 272 1273 ll.
290 1246 390 1273 Verum
406 1253 465 1280 quin
479 1250 633 1280 sequuntur
649 1246 710 1273 illos
729 1246 872 1275 manifeste
891 1247 986 1275 redar-

206 1297 292 1329 guunt
307 1302 318 1328 ε,
332 1293 464 1326 Quoniam
482 1293 536 1328 ipse
547 1294 705 1327 exspectatio
718 1295 833 1328 gentium
846 1295 906 1326 erit,
920 1299 944 1321 ef
958 1296 986 1321 in

203 1348 262 1367 eum
273 1344 360 1375 gentes
374 1339 525 1374 sperabunt.
544 1339 672 1372 Quanam
689 1347 753 1367 vero
771 1341 846 1368 natio
860 1341 887 1367 in
902 1340 988 1368 Hero—

205 1385 265 1412 dem
289 1384 428 1419 speravit?
449 1387 496 1410 aut
520 1392 581 1419 qua:
611 1384 731 1420 gentium
755 1392 817 1419 spes
844 1385 871 1412 in
892 1393 987 1420 exspe—

205 1430 305 1458 ctando
317 1430 424 1457 Herode
438 1431 523 1458 deﬁxa
536 1431 597 1458 est?
610 1430 649 1457 Ad
665 1430 724 1457 haec
737 1430 782 1465 qui
799 1430 906 1458 tandem
921 1430 987 1457 illud

205 1478 275 1512 apud
291 1477 359 1504 istos
382 1477 521 1512 impletum
536 1477 740 1505 est?Dormivit
761 1481 789 1502 ut
809 1477 847 1503 leo
867 1485 898 1503 ac
919 1477 987 1504 velut

204 1523 286 1550 leonis
301 1522 425 1554 catulus;
441 1522 499 1557 quis
515 1523 600 1556 ipsum
612 1522 735 1549 excitabit
748 1524 760 1551 ?
780 1521 894 1549 Ubinam
909 1522 985 1549 deni-
999 1541 1022 1572 ο

205 1576 258 1603 que
270 1568 335 1594 lavit
348 1568 376 1593 in
390 1575 488 1595 cruore
502 1567 599 1595 stolam
615 1575 704 1599 suam,
718 1571 745 1595 et
760 1568 889 1594 amictum
906 1576 985 1595 suum

206 1615 234 1641 in
251 1622 311 1641 uvae
331 1613 483 1648 sanguine?
512 1613 740 1647 quemadmodum
761 1612 841 1640 Jesus
860 1613 987 1641 Christus

207 1660 338 1687 Dominus
355 1663 461 1690 noster,
473 1658 520 1693 qui
533 1666 583 1686 suo
595 1659 728 1695 sanguine
743 1666 844 1694 c0rpus
858 1659 987 1694 aspersit,

204 1709 233 1733 et
257 1713 315 1732 uvae
337 1705 469 1739 sanguine
492 1704 651 1732 vestimenta
674 1711 723 1731 sua
746 1704 849 1731 tinxit?
865 1704 906 1731 Tu
923 1712 987 1732 vero

202 1759 266 1786 qua:
284 1759 299 1778 a
314 1759 357 1778 me
370 1750 500 1778 dicuntur
513 1750 604 1776 animo
618 1750 738 1785 percipe.
756 1749 834 1776 Dabit
845 1750 920 1777 enim
935 1749 984 1776 tibi

206 1798 338 1825 Dominus
351 1795 555 1830 intelligentiam
576 1796 605 1822 in
620 1795 759 1823 omnibus.
773 1795 878 1830 Quippe
894 1795 986 1831 populi

205 1842 253 1870 Dei
274 1841 411 1878 piaculum
426 1845 456 1868 ut
471 1841 620 1872 exhiberet,
638 1841 712 1867 venit
728 1841 783 1874 ille,
801 1848 855 1875 quo
873 1848 921 1876 per
938 1840 987 1867 do‘

203 1888 297 1914 ctrina:
310 1895 367 1914 sua:
377 1887 450 1914 velut
463 1886 623 1920 sanguinem
642 1886 737 1914 dentes
759 1886 900 1913 hominum
920 1893 986 1920 pur-

205 1938 281 1969 garet
295 1940 422 1968 pecorum
445 1933 578 1968 sanguine
598 1940 630 1960 ac
646 1931 752 1964 nidore,
769 1939 802 1959 ac
818 1931 986 1959 detestandis

204 1979 349 2008 sacriﬁciis
360 1978 527 2013 inquinatos.
545 1979 706 2013 Quanquam
720 1977 785 2013 quid
809 1977 905 2004 attinet
927 1977 988 2012 plu-

203 2026 280 2052 ribus
294 2025 346 2052 ista
359 2023 503 2059 persequi?
518 2023 627 2050 Infinita
642 2028 705 2051 sunt
727 2023 817 2056 enim;
838 2030 927 2057 neque
944 2031 988 2050 me

204 2072 231 2098 in
249 2071 438 2106 superioribus
450 2069 608 2097 refellendis
622 2068 771 2096 limresibus
783 2069 932 2104 longiorem
945 2069 988 2095 in-

204 2119 318 2146 stituere
333 2123 485 2145 sermonem
500 2115 632 2150 temporis
647 2115 717 2142 ratio
731 2115 845 2150 patitur.

240 2163 283 2190 Ill.
300 2163 371 2198 Ergo
389 2166 493 2197 septem
508 2161 619 2189 omnino
635 2161 752 2188 haereses
768 2161 820 2188 illa:
833 2160 987 2196 Hierosoly<

1037 247 1091 272 τῶν
1109 246 1224 273 πολιτῶν
1237 248 1284 274 σὺν
1299 247 1337 283 τῷ
1350 249 1424 275 παιδὶ
1443 248 1559 284 Ἡρώδῃ,
1574 248 1622 274 καὶ
1638 248 1769 284 μετῆλθεν
1780 250 1823 279 είς

1037 292 1071 318 τὰ
1096 293 1191 319 οἰκεῖα.
1206 293 1305 328 Διόπερ
1331 293 1402 325 τινὲς
1422 293 1503 320 αὑτὸν
1526 294 1649 328 λέγουσιν
1661 294 1821 329 Ίδουμαῖον,

1037 337 1110 364 ἄλλοι
1125 338 1152 364 δὲ
1163 338 1361 375 Ἀσκαλωνίτην
1384 339 1486 366 ἴσασιν·
1505 339 1617 376 ὕστερον
1638 339 1667 366 δὲ
1689 339 1821 375 ὲιριλιώθη

1037 381 1183 416 Δημητρίῳ
1199 382 1265 417 (Ἡ),
1285 383 1331 409 καὶ
1344 383 1487 418 ἐπίτροπος
1505 384 1621 419 κατέστη
1637 385 1682 410 ἐπὶ
1696 384 1822 420 τῆςἸου-

1037 427 1121 458 δαίας.
1134 427 1178 453 Ἐν
1194 428 1292 461 γνώσει
1310 437 1340 455 τε
1355 428 1464 463 γέγονεν
1480 430 1626 465 Αὐγούστῳ
1641 430 1752 465 βασιλεῖ,
1772 430 1821 456 καὶ

1038 472 1092 498 ἀπὺ
1104 472 1149 499 τοῦ
1168 474 1354 508 ἐπιτροπεύειν
1367 475 1571 510 προσηλυτεύει,
1588 475 1778 511 περιτέμνεται
1789 483 1821 501 τε

1038 519 1084 544 καὶ
1101 519 1180 550 αὐτὸς
1196 519 1261 553 (25),
1274 521 1320 546 καὶ
1335 521 1492 556 περιτέμνει
1508 521 1629 557 Ἡρώδην
1642 521 1684 547 τὸν
1700 521 1767 553 υίὸν,
1780 521 1835 552 είς¹

1037 564 1066 590 ὃν
1082 562 1162 599 ἦλθεν
1187 566 1201 591 ὁ
1224 565 1324 600 κλῆρος
1341 566 1389 601 τῆς
1404 566 1457 593 τῶν
1467 567 1600 594 Ἰουδαίων
1616 565 1836 602 βασιλείαςῘΗν

1037 610 1065 636 δὲ
1085 610 1208 644 βασιλεὺς
1231 612 1260 637 ἐν
1276 612 1309 647 τῇ
1322 612 1437 648 Ἰουδαίᾳ
1455 613 1506 639 ὑπὸ
1527 613 1638 648 βασιλέα
1655 613 1820 647 Αὔγουστον,

1037 656 1118 687 αὐτὸς
1140 657 1304 689 ὑπόσπονδος
1319 658 1457 694 ὑπάρχων.
1470 659 1546 686 Ἐπεὶ
1559 657 1605 686 οὖν
1621 659 1650 691 ἐξ
1664 659 1823 693 ἀλλοφύλων

1037 698 1113 733 οὗτος
1128 702 1272 737 βασιλεύει,
1286 703 1356 730 κατὰ
1372 704 1497 740 διαδοχὴν
1510 705 1537 731 δὲ
1551 705 1693 740 διήρκεσεν
1708 705 1761 731 ἀπὸ
1772 703 1820 730 τοῦ
1834 706 1840 713 ’

1044 747 1126 774 Ἰούδα
1141 748 1186 775 καὶ
1201 749 1254 775 ἀπὸ
1267 749 1313 775 τοῦ
1326 749 1406 776 Δαίῖιδ
1418 751 1448 776 τὸ
1461 750 1604 785 βασίλειον,
1620 750 1665 777 καὶ
1683 750 1707 776 οξ
1728 750 1760 776 ἐκ
1772 749 1822 776 τοῦ

1044 795 1126 822 Ἰούδα
1139 795 1268 831 ἄρχοντες
1287 796 1334 822 καὶ
1349 796 1526 833 πατριάρχαι,
1545 796 1659 831 μετέστη
1676 796 1705 823 δὲ
1718 795 1748 822 τὸ
1769 795 1822 830 βαέ

1039 840 1135 867 σίλειον
1160 842 1199 872 εἰς
1220 840 1382 875 ἀλλόφυλον·
1399 841 1510 867 πιθανὸν
1526 840 1614 872 ἔδοξεν
1629 841 1657 867 ἐν
1720 839 1836 874 ὑπολή-”

1037 886 1081 920 ψει
1098 886 1151 912 τῶν
1168 886 1382 921 πεπλανημένων
1399 886 1429 912 τὸ
1446 886 1619 922 ἀπατηθῆναι
1641 886 1687 912 καὶ
1710 885 1821 920 νομίσαι

1037 931 1118 958 αὑτὸν
1134 931 1250 967 Χριστὸν
1265 930 1344 964 εἶναι,
1361 932 1414 959 ἀπὸ
1430 932 1480 966 τῆς
1492 932 1650 964 ἀκολουθίας
1666 931 1712 958 τοῦ
1728 939 1822 966 προει-

1039 977 1155 1012 ρημένου
1168 977 1260 1013 ῥητοῦ,
1278 977 1335 1009 τοῦ,
1357 978 1416 1004 οὐκ
1430 978 1563 1012 ἐκλείψει
1579 977 1679 1012 ἄρχων
1697 977 1731 1009 ἐξ
1746 977 1822 1004 Ἰού-

1037 1023 1083 1054 δα,
1096 1023 1150 1056 ἕως
1165 1023 1203 1050 ἂν
1216 1024 1288 1058 ἔλθῃ
1301 1020 1325 1056 ᾧ
1338 1024 1498 1050 ἀπόκειται.
1508 1024 1552 1055 Ὠς
1573 1022 1642 1050 εἶναι
1659 1023 1736 1050 τοῦτο
1753 1023 1822 1058 παρ’
1835 1030 1838 1031 ⁷

1037 1070 1127 1100 αὐτοῖς
1151 1069 1270 1104 νοητέον,
1287 1070 1328 1096 ὅτι
1350 1069 1437 1103 τούτῳ
1454 1069 1593 1101 ἀπέκειτο,
1614 1068 1706 1104 φησίν.
1718 1064 1835 1101 Ἐξέλισ-

1037 1123 1087 1140 πον
1099 1115 1153 1150 γὰρ
1164 1115 1270 1146 ἐκεῖνοι,
1281 1116 1327 1142 καὶ
1341 1112 1417 1147 οὗτος
1432 1116 1481 1142 οὐκ
1493 1115 1547 1141 ἀπὸ
1561 1115 1655 1149 γένους
1665 1115 1711 1141 τοῦ
1723 1114 1820 1146 Ἰούδα,
1831 1126 1835 1133 ι

1037 1160 1093 1186 ἀλλ’
1109 1160 1169 1186 οὔτε
1191 1160 1259 1192 ὅλως
1282 1160 1328 1186 τοῦ
1344 1160 1452 1196 Ἰσραὴλ
1475 1160 1600 1196 ὑπάρχει.
1617 1160 1708 1188 Τούτω
1724 1160 1751 1186 δὲ
1765 1160 1820 1186 ἀπ-

1037 1207 1125 1233 έκειτο
1141 1205 1209 1233 εἶναι
1223 1206 1349 1242 Χριστόν,

1073 1254 1108 1280 B'.
1131 1252 1199 1279 Ἀλλ’
1215 1253 1319 1288 ἐλέγχει
1345 1252 1442 1284 αὐτοὺς
1459 1253 1474 1287 ἡ
1494 1252 1637 1278 ἀκολουθία
1659 1253 1820 1287 φάσκουσι-ι’

1038 1299 1097 1325 Ὅτι
1119 1298 1209 1331 αὐτὸς
1232 1298 1395 1333 προσδοκία
1407 1297 1511 1330 ἐθνῶν,
1527 1297 1575 1324 καὶ
1595 1298 1641 1324 ἐπ’
1655 1297 1733 1330 αὐτῷ
1747 1298 1821 1332 ἔθνη

1036 1346 1184 1373 ἐλπιοῦσι.
1202 1345 1278 1371 Ποῖον
1298 1344 1327 1371 δὲ
1341 1343 1394 1371 τῶν
1410 1343 1495 1370 ἐθνῶν
1515 1344 1562 1370 ἐπὶ
1584 1343 1688 1379 Ἡρώδῃ
1707 1344 1821 1379 manus;

1039 1391 1103 1418 ποία
1119 1390 1146 1417 δὲ
1170 1390 1316 1426 προσδοκία
1340 1389 1424 1416 ἐθνῶν
1441 1388 1563 1424 Ἡρώδην
1577 1389 1737 1424 καραδοκεί;
1758 1388 1820 1420 Πῶς

1036 1436 1063 1463 δὲ
1078 1436 1117 1468 τὸ,
1127 1435 1283 1470 Ἐκοιμήοη
1302 1435 1369 1469 παρ’
1377 1434 1488 1467 αὐτοῖς,
1505 1434 1665 1470 ἐπληροῦτο,
1678 1434 1718 1467 ὡς
1731 1434 1819 1466 λέων,

1038 1481 1086 1508 καὶ
1111 1482 1151 1514 ὡς
1177 1482 1311 1516 σκύμνος
1336 1481 1474 1514 λέοντος-ο
1498 1481 1543 1514 τίς
1561 1481 1691 1516 ἐξεγερεῖ
1710 1483 1822 1514 nom-,-

1038 1526 1091 1554 Ποῦ
1108 1527 1136 1554 δὲ
1149 1527 1262 1554 ἓπλυνεν
1277 1527 1305 1554 ἐν
1320 1527 1415 1562 αἵματι
1430 1527 1478 1562 τὴν
1496 1527 1589 1562 στολὴν
1603 1522 1685 1554 αὺτοῦ
1699 1528 1713 1554 ό
1733 1518 1834 1562 Ἣρώέ

1037 1573 1094 1608 δης,
1107 1573 1123 1609 ἢ
1137 1574 1163 1599 ὲν
1178 1572 1273 1608 αἵματι
1293 1573 1430 1608 σταφυλῆς
1443 1573 1473 1599 τὸ
1489 1574 1659 1609 περιϐόλαιον
1676 1572 1768 1605 αὑτοῦ,
1783 1573 1822 1605 ὡς

1037 1620 1050 1645 ὁ
1064 1619 1164 1654 Κύριος
1178 1619 1257 1654 ἡμῶν
1269 1618 1373 1654 Ἰησοῦς
1387 1619 1503 1654 Χριστὸς
1516 1619 1544 1645 τὸ
1559 1619 1638 1654 σῶμα
1652 1618 1732 1645 αὐτοῦ
1751 1619 1822 1654 ῥαν-

1037 1665 1110 1696 τίσας
1137 1666 1232 1700 αἵματι
1254 1665 1292 1701 τῷ
1318 1665 1384 1701 ἰδίῳ,
1403 1665 1449 1692 καὶ
1471 1667 1500 1692 ὲν
1516 1665 1612 1701 αἵματι
1630 1665 1766 1700 σταφυλῆς
1790 1664 1822 1691 τὸ

1039 1711 1210 1745 περιϐόλαιον
1225 1711 1322 1744 αὖτοῦ;
1340 1711 1421 1738 Ἀλλὰ
1431 1713 1486 1738 νόει
1502 1711 1519 1737 ἃ
1534 1711 1613 1745 λέγω.
1631 1711 1691 1746 Δῲη
1707 1711 1761 1747 γάρ
1780 1719 1821 1737 σοι

1037 1756 1052 1781 ὁ
1064 1757 1164 1792 Κύριος
1180 1757 1285 1785 σύνεσιν
1298 1757 1326 1783 ὲν
1340 1758 1494 1784 πᾶσιν.”Ἰνα
1509 1757 1562 1792 γὰρ
1577 1757 1650 1792 δείξῃ
1671 1757 1702 1783 τὸ
1719 1756 1822 1791 καθάρ-

1038 1811 1094 1829 σιον
1120 1803 1168 1838 τῆς
1191 1803 1237 1828 τοῦ
1263 1802 1327 1828 λαοῦ
1351 1803 1397 1829 τοῦ
1418 1803 1520 1837 Κυρίου
1540 1803 1742 1834 καταστάσεως,
1755 1800 1820 1837 ἦλθε

1037 1846 1081 1873 διὰ
1097 1846 1143 1872 τοῦ
1163 1846 1226 1872 ἰδίου
1249 1847 1363 1881 αἵματος
1376 1847 1423 1881 τῆς
1438 1846 1609 1877 διδασκαλίας
1625 1845 1743 1881 καθᾶραι
1758 1846 1821 1876 τοὺς

1037 1890 1145 1922 ὀδόντας
1161 1892 1214 1918 τῶν
1231 1891 1391 1927 ἀνθρώπων,
1406 1892 1468 1923 τοὺς
1485 1893 1524 1923 είς
1537 1889 1607 1927 αἷμα
1625 1892 1720 1926 κνίσης
1731 1900 1761 1918 τε
1775 1892 1822 1918 καὶ⁴

1037 1936 1166 1971 ἀθεμίτου
1183 1936 1278 1968 θυσίας
1294 1937 1523 1971 μεμολυσμένους.
1539 1937 1593 1962 Καὶ
1607 1936 1632 1962 τί
1649 1945 1693 1971 μοι
1705 1936 1739 1962 τὰ
1753 1936 1822 1971 πλή-

1038 1980 1072 2016 θη
1087 1981 1193 2016 λέγειν;
1210 1982 1298 2009 Πολλὰ
1311 1982 1365 2017 γάρ
1377 1983 1445 2015 ἐστι,
1460 1982 1507 2008 καὶ
1522 1983 1572 2008 οὐκ
1587 1982 1721 2016 ἐνδέχεται
1732 1983 1745 2008 ὁ
1756 1981 1821 2017 χρό-

1038 2036 1082 2059 νος
1100 2027 1166 2063 πρὸς
1183 2028 1317 2054 ἀντίθεσιν
1330 2028 1382 2054 τῶν
1395 2028 1599 2064 προειρημένων
1612 2027 1742 2063 αἱρέσεων
1758 2028 1820 2053 sm-

1040 2073 1169 2109 μηκύνειν
1183 2073 1228 2100 τὸν
1244 2072 1332 2108 λόγον.

1074 2163 1109 2188 Γ’.
1131 2161 1201 2188 Ἀλλ’
1213 2161 1294 2188 αὑταὶ
1310 2160 1359 2196 μὲν
1373 2161 1401 2188 αἱ
1415 2161 1484 2188 ἑπτὰ
1496 2158 1566 2195 ἦσαν
1580 2161 1609 2187 ὲν
1625 2160 1734 2196 Ἰσραὴλ
1746 2160 1773 2186 ἐν
1788 2167 1819 2187 τε

204 2212 257 2239 mis
273 2216 354 2246 atque
370 2211 397 2237 in
411 2209 504 2236 Iudaea
526 2209 644 2239 fuerunt.
662 2211 779 2243 quatuor
792 2215 857 2235 vero
874 2215 889 2234 a
907 2208 986 2235 nobis

1040 2209 1071 2243 τῇ
1092 2207 1266 2243 Ἰερουσαλὴμ
1280 2207 1328 2233 καὶ
1348 2207 1376 2233 ὲν
1391 2208 1424 2241 τῇ
1438 2206 1566 2241 Ἰουδαίᾳ·
1590 2207 1618 2232 αἱ
1640 2206 1669 2233 δὲ
1692 2206 1823 2241 τέσσαρες

206 2263 287 2285 antea
299 2262 517 2284 commemorata:
532 2254 602 2290 apud
616 2253 766 2281 Samaritas
777 2257 804 2280 et
821 2253 848 2279 in
865 2252 986 2280 Samaria

205 2304 364 2339 viguerunt;
380 2302 427 2330 sed
442 2302 499 2335 jam
517 2308 613 2336 magna
628 2308 661 2327 ex
678 2303 754 2334 parte
769 2299 894 2334 collapsa:
909 2304 985 2327 sunt.

205 2349 299 2384 Neque
311 2349 382 2376 enim
400 2348 501 2375 Scribat
514 2347 631 2382 amplius
643 2345 690 2372 ulli
703 2349 777 2377 sunt,
791 2352 878 2379 neque
891 2344 988 2372 Phari-

243 2428 297 2462 (Ξιί)
309 2428 449 2461 Ὕστερον
459 2425 492 2452 δὲ
501 2424 640 2462 essetqu
649 2423 813 2462 ῥημητρίῳ.
834 2422 987 2462 Demetrius

206 2458 258 2490 iste
274 2458 453 2498 cognomento
466 2458 599 2498 Εὐκαίρου
617 2467 632 2486 a
646 2459 747 2486 Judaais
763 2458 916 2485 Alexandro
929 2461 986 2498 regi

207 2505 258 2525 suo
269 2495 382 2524 infensis
404 2497 436 2523 ad
452 2495 584 2522 auxilium
599 2499 710 2522 vocatus
733 2501 795 2520 cum
809 2501 842 2520 eo
855 2495 986 2527 pugnavit

206 2537 234 2560 et
250 2533 342 2567 pmlio
356 2531 503 2567 superavit.
522 2530 575 2557 Sed
596 2537 656 2556 cum
671 2529 822 2567 Alexander
833 2529 864 2567 in
875 2533 985 2567 montes

208 2562 269 2595 sese
286 2562 445 2600 recepisset.
469 2565 502 2592 ad
524 2572 639 2600 eumque
654 2563 763 2600 plurimi
778 2562 984 2600 confluxissent,

208 2603 319 2630 territus
328 2598 491 2633 Demetrius,
506 2598 603 2627 relicta
617 2599 720 2632 Judaaa,
730 2602 824 2625 contra
832 2598 984 2633 Philippum

208 2638 319 2665 fratrem
332 2635 430 2663 bellum
444 2642 588 2670 aggressus
604 2638 655 2670 est.
671 2635 702 2660 ln
729 2641 783 2668 quo
796 2633 929 2670 a_l‘arthis
940 2641 987 2661 ca-

209 2678 270 2708 ptus
282 2671 376 2699 morbo
388 2668 579 2708 apud’eosdem
587 2669 741 2708 exstinctus
747 2672 797 2695 est.
807 2668 987 2700 Quamobrem

210 2703 277 2734 nihil
298 2714 360 2734 cum
382 2703 414 2732 eo
431 2705 544 2732 Herodis
566 2712 664 2739 parens
680 2703 821 2739 Antipa_ter
843 2710 987 2739 commune

209 2741 314 2774 habuit,
332 2740 429 2768 nedum
448 2745 477 2767 ut
493 2741 527 2767 ab
543 2737 589 2766 illo
601 2738 701 2766 Iudaeae
714 2737 902 2772 praefecturam
916 2738 988 2764 obti-

209 2778 308 2804 nuerit.
324 2777 358 2802 At
369 2775 484 2803 Herodis
497 2782 563 2802 avus
578 2774 702 2808 Antipas.
714 2780 767 2807 quo
779 2776 891 2806 parente
906 2777 986 2799 natus

209 2816 252 2838 est
268 2812 419 2847 Antipater,
431 2809 585 2847 Alexandro
598 2809 653 2844 regi
668 2808 828 2847 percharus,
851 2808 987 2847 a_h_eoque

213 2842 342 2874 lduiuaeaz'
356 2842 589 2881 przepositus'est,
605 2842 715 2871 auctore
731 2842 849 2877 Josepho
864 2842 911 2869 lib.
928 2850 984 2876 xw,

1040 2256 1068 2281 αί
1082 2253 1276 2289 προειρημέναι
1293 2252 1367 2288 παρὰ
1381 2253 1563 2288 Σαμαρείταις
1579 2253 1608 2278 ἐν
1622 2253 1654 2288 τῇ
1670 2252 1822 2287 Σαμαρείᾳ.

1040 2301 1073 2328 At
1087 2300 1194 2331 πλείους
1209 2300 1236 2327 δὲ
1247 2298 1549 2334 καθῃρέθησαν.οὑκέτι
1559 2298 1745 2333 Γραμματεῖς,
1757 2299 1822 2325 οὐκ·

1041 2348 1080 2374 έτι
1094 2347 1243 2382 Φαρισαῖοι.
1255 2345 1346 2371 οὐκέτι
1360 2344 1542 2376 Σαδδουκαῖοι,
1560 2344 1650 2370 οὐκέτι
1670 2344 1823 2380 Ἡμεροϐα-

1041 2429 1101 2456 cap.
1118 2421 1146 2448 Ξ.
1162 2420 1340 2455 Suspicamur
1355 2425 1447 2455 itaque
1463 2420 1649 2456 multipliciter
1667 2420 1823 2447 hallucina-

1042 2455 1098 2483 tuin
1121 2455 1302 2490 Epiphanium
1320 2463 1326 2480 :
1358 2457 1475 2491 primum
1495 2456 1568 2490 quod
1588 2455 1752 2491 Demetrium
1772 2463 1822 2490 pro

1042 2489 1194 2518 Alexandro
1209 2491 1340 2525 posuerit.
1359 2489 1442 2517 ’Tum
1463 2489 1533 2524 qubd
1549 2489 1665 2517 Herodis
1682 2495 1822 2524 parentem

1041 2534 1090 2561 pro
1103 2525 1308 2558 avo;Judaaamj
1321 2533 1370 2559 pro
1393 2526 1509 2552 Idumam
1528 2525 1685 2561 imprudens
1706 2532 1822 2561 usurpaf

1041 2560 1119 2589 verit.
1141 2561 1270 2594 Quamvis
1285 2561 1356 2596 quod
1376 2561 1409 2588 ad
1425 2561 1614 2596 praefecturam
1629 2560 1736 2596 attinet,
1755 2560 1821 2587 alibi

1041 2604 1112 2631 smpe
1123 2596 1296 2629 Antipatrum
1316 2594 1433 2622 Herodis
1447 2600 1585 2630 parentem
1600 2594 1700 2631 Judaza:
1721 2602 1821 2631 proeli:

1041 2629 1159 2658 ratorem
1177 2631 1211 2658 ab
1225 2630 1348 2665 Augusto
1365 2629 1467 2657 factum
1481 2634 1629 2658 asseverat.
1660 2629 1698 2657 De
1714 2637 1769 2664 quo
1785 2629 1820 2656 ad

1041 2666 1164 2693 haeresim
1176 2673 1201 2692 Li
1216 2665 1314 2692 dicturi
1327 2673 1432 2692 sumus.

1077 2699 1352 2737 (25)]Ιεριτέμνεταί
1366 2709 1405 2737 τεν
1414 2700 1464 2726 καὶ
1474 2700 1574 2737 αὑτός.
1584 2698 1673 2737 chat
1687 2699 1740 2737 hoq
1753 2699 1822 2737 Sca-

1040 2733 1107 2771 liger
1123 2733 1162 2762 'in
1182 2733 1343 2762 Eusebianis
1357 2733 1655 2771 Aliimadversioriibus,
1671 2733 1810 2771 quodrldu

1040 2769 1124 2798 maius
1136 2774 1207 2798 esset
1217 2770 1366 2804 Antipater.
1382 2770 1416 2796 At
1427 2769 1535 2796 ldumazi
1549 2777 1644 2796 omnes
1655 2773 1718 2796 autc
1729 2770 1822 2804 plures

1041 2813 1126 2832 annos
1146 2805 1216 2833 inter
1236 2804 1343 2832 Judzeos
1369 2805 1491 2840 ascripti.
1521 2804 1574 2832 Sed
1596 2804 1653 2832 haec
1676 2804 1782 2832 erudite
1804 2811 1821 2831 ιι

1042 2840 1164 2869 Serrario
1180 2844 1273 2868 nostro
1286 2840 1453 2869 refelluntur.
1821 2856 1824 2860 .
