1944 3037
117 159 175 188 275

458 161 642 188 ADVERSUS
662 159 834 188 H/ERESES
852 159 916 187 LIB.
937 159 960 186 Ι.
994 158 1076 187 ΤΟΜ.
1098 158 1117 185 1.
1138 173 1173 179 —
1193 158 1329 186 llA-ZliES.
1351 157 1409 185 XX.

1690 154 1746 183 274

121 222 246 254 πτισταὶ,
265 223 353 250 οὐκέτι
372 223 542 258 Ἑρωδιανοί.
560 224 642 250 Μόνοι
658 223 685 250 δέ
697 232 770 255 τινες
790 224 818 249 ἐν
843 224 911 250 σπά-
926 250 928 254 ,

981 222 1032 253 ali;
1049 229 1136 256 neque
1153 220 1306 252 Sadducaei,
1323 227 1414 255 neque
1429 218 1679 253 Hemerobaptislze,
1697 225 1747 244 nec

122 276 165 295 νει
186 269 368 304 εὑρίσκονται,
386 269 402 304 ἥ
420 269 472 296 ποῦ
489 267 539 302 εἷς,
559 270 575 305 ἢ
592 269 639 296 δύο
664 269 819 305 Νασαρηνοι⁸
842 269 913 305 ὑπὲρ

123 313 175 348 τὴν
199 313 254 340 ἄνω
277 313 407 348 Θηϐαΐδα,
427 314 473 341 καὶ
500 314 628 341 ἐπέκεινα
646 315 695 349 τῆς
709 314 848 349 Ἀραὸίας,
866 315 913 340 καὶ

131 359 269 395 Ὀσσηνῶν
279 360 309 386 τὸ
320 360 439 395 λῆμμα¹,
445 360 536 386 οὐκέτι
547 360 697 393 Ἰουδαΐζον,
707 359 774 386 ἀλλὰ
782 359 912 394 συναφθὲν

124 405 278 440 Σαμψίταις
293 407 349 437 τοῖς
367 405 437 432 κατὰ
450 406 576 441 διαδοχὴν
593 407 621 432 ἐν
637 405 675 441 τῷ
692 405 778 440 πέραν
794 405 843 440 τῆς
861 405 914 430 Νε-

125 451 196 486 κρᾶς
211 451 348 487 θαλάσσης
364 451 574 487 ὑπερκειμένης.
587 451 654 478 Νυνὶ
669 451 697 477 δὲ
713 452 746 486 τῇ
758 450 812 477 τῶν
820 449 915 476 Ἐϐιω-

125 496 208 522 ναίων
218 496 323 531 αἱρέσει
334 496 519 531 συνήφθησαν.
532 496 587 522 Καὶ
601 495 695 530 γέγονε
707 495 784 530 λῆξαι
801 494 849 529 μὲν
863 493 912 520 αὑ-

125 542 189 573 τοὺς
210 542 263 569 ἀπὸ
279 542 456 577 Ὶουδαῖσμοῦ,
474 541 567 578 ὥσπερ
588 542 616 568 δὲ
641 540 717 576 ῥίζαν
733 540 878 575 τμηθῆναι,
896 539 912 574 ἢ

127 586 208 621 σῶμα
224 586 350 622 ἑρπετοῦ,
370 587 417 614 καὶ
438 587 468 620 ἐξ
490 588 572 614 αὐτοῦ
598 587 678 622 φῦναι
696 586 847 620 δικέφαλον,
868 585 914 611 καὶ

126 631 239 667 ἇρῤιξον
253 632 314 666 ὅφιν
332 634 360 660 ἐν
375 633 415 660 ἑνὶ
430 633 536 668 σώματι
549 633 677 669 ἡμιτόμῳ
696 632 850 667 ἐκπεφυκὸς
868 632 915 658 καὶ

127 677 175 711 ὲξη
181 678 323 712 ρτημένον.

966 268 1113 296 Herodiani
1129 271 1287 302 supersunt.
1309 266 1390 294 Pauci
1417 265 1527 300 quidem
1547 264 1680 291 duntaxat
1695 261 1749 288 Nam

965 315 1068 346 zareni,
1083 322 1155 341 unus
1167 313 1271 341 scilicet
1285 313 1327 340 vel
1339 313 1408 339 alter
1423 319 1505 346 supra
1519 309 1684 337 Thebaidem
1703 316 1750 335 su-

965 360 1112 394 periorem,
1126 364 1173 387 aut
1191 359 1318 386 Arabiam
1336 361 1448 386 restant.
1471 357 1524 384 Sed
1540 361 1566 383 et
1582 355 1749 382 Ossenorum

966 405 1105 432 nonnullae
1121 409 1186 432 sunt
1199 404 1330 439 reliquiae,
1342 410 1401 438 qua:
1415 409 1476 429 cum
1491 410 1504 428 a
1516 399 1637 428 lndaicis
1651 400 1752 427 ritibus

966 451 1129 483 defecerint,
1144 458 1174 478 se
1184 450 1217 477 ad
1235 449 1387 484 Sampsitas
1402 449 1585 483 aggregarunt
1599 455 1605 472 :
1623 451 1682 480 qua:
1710 443 1752 470 ia-

967 497 1023 523 ctio
1031 496 1100 522 ultra
1115 503 1192 522 mare
1206 493 1435 529 Mortuum.quod
1450 490 1602 518 Palaestina:
1618 488 1751 519 imminet,

967 541 1133 568 constitutas
1150 548 1165 567 a
1189 539 1341 574 majoribus
1357 539 1435 566 sedes
1449 538 1550 564 obtiuet
1566 545 1573 568 ;
1600 534 1648 562 sed
1673 533 1754 560 hodie

968 585 1103 613 Ebionitis
1118 585 1240 620 adjuncti
1260 588 1334 612 sunt.
1352 585 1392 610 lta
1409 583 1511 610 factum
1527 581 1661 611 videmus,
1684 583 1713 605 ut
1727 582 1755 604 et

968 629 1012 657 isti
1027 637 1040 655 a
1057 629 1170 656 Iudaica
1192 629 1322 664 religione
1342 627 1517 658 desciverint,
1537 630 1563 654 et
1579 625 1653 652 velut
1676 623 1755 651 radix

968 677 1091 711 quaedam
1107 677 1134 703 iu
1151 677 1220 703 duas
1232 680 1323 711 partes
1337 675 1424 703 scissa
1440 674 1486 706 sit,
1502 671 1672 708 serpentisve
1693 677 1755 697 cor-

120 729 190 757 pus,
205 730 239 750 ex
262 731 317 758 quo
330 723 422 759 biceps
450 723 558 760 anguis,
574 723 773 759 posteriorique
802 726 880 757 parte
911 723 1025 750 mutilus
1054 722 1198 749 dimidiato
1213 729 1329 757 corpore
1347 721 1475 752 adnatus,
1497 719 1675 753 pendensque
1697 722 1757 751 pro-

127 768 222 797 dierit.

165 815 238 847 Ἕως
251 812 302 842 ὦδε
317 816 333 850 ἡ
352 815 416 851 περὶ
432 815 485 842 τῶν
500 816 640 851 τεσσάρων
652 815 784 850 αἱρέσεων
799 813 853 840 τῶν
865 813 917 840 Σα-

130 861 268 898 μαρειτῶν
291 861 413 897 διαλογὴ,
437 862 484 888 καὶ
505 861 574 887 ἑπτὰ
595 861 652 887 τῶν
664 860 809 892 Ἰουδαίων,
830 859 859 892 ἐξ
881 857 918 885 ὧν

128 908 224 936 οὐκέτι
241 909 417 945 ὲμφέρονται,
431 908 448 943 ἢ
472 909 546 943 τρεῖς
560 908 609 943 μὲν
623 908 651 934 αἱ
664 907 718 933 τῶν
731 905 918 942 Σαμαρειτῶν,

131 953 274 989 Γορθηνῶν
294 962 324 981 τε
348 954 395 981 καὶ
418 953 563 986 Δοσιθέων,
578 953 626 980 καὶ
649 952 810 984 Σεϐουαίων,
823 952 920 986 Ἐσση-

124 1000 186 1027 -νῶν
200 1000 228 1027 δὲ
240 1001 270 1027 οὐ
285 1000 366 1033 πάνυ,
379 1000 435 1027 ἀλλ’
447 1000 484 1032 ὼς
496 1000 525 1027 ἐν
538 1000 625 1035 σκότῳ
637 999 825 1034 τεθαμμένων.
842 997 920 1033 Παρὰ

131 1046 161 1073 δὲ
176 1048 231 1078 τοῖς
245 1046 382 1077 Ἰουδαίοις
397 1046 499 1078 οὐκέτι,
514 1045 571 1072 ἀλλ’
586 1046 599 1081 ἡ
615 1045 749 1072 Ἰουδαίων
765 1045 812 1071 καὶ
828 1043 919 1070 Νασα-

134 1092 229 1129 ραίων.
241 1092 366 1128 ὐσσηνο).
389 1093 417 1119 δὲ
443 1092 610 1127 μετέστησαν
630 1091 684 1117 ἀπὸ
698 1089 866 1125 Ίουδαῖσμοῦ
881 1090 920 1121 είς

132 1139 183 1174 τὴν
202 1137 256 1165 τῶν
271 1138 403 1174 Σαμψέων
415 1138 532 1173 αἵρεσιν,
545 1137 592 1164 καὶ
606 1137 698 1163 οὐκέτι
723 1135 783 1162 οὕτε
800 1135 922 1162 Ἰουδαῖοι

135 1185 303 1221 ὑπάρχουσιν
329 1184 390 1211 οὔτε
413 1184 582 1220 Χριστιανοί.
598 1182 692 1210 Ταῦτά
716 1191 760 1217 μοι
782 1181 845 1217 περὶ
868 1180 922 1206 τῶν

135 1230 339 1267 προειρημένων
354 1230 405 1262 ἕως
420 1226 470 1256 ὦδε
486 1229 581 1265 ἐχέτω.

127 1286 281 1321 ΔἘνδημία
303 1287 431 1319 Χριστοῦ
450 1287 518 1320 (‘26),
534 1286 582 1313 καὶ
598 1287 745 1319 ἒγσαρκος
762 1283 923 1321 :rapoqu’a,

172 1317 374 1358 καῖ’ἁλήρέιω
392 1317 574 1358 [πρόσωπον]
588 1322 610 1356 ,ἡ
625 1317 679 1356 μίᾰ
696 1321 745 1347 καὶ
756 1317 833 1355 μόνη
847 1317 925 1346 οὖσα

173 1357 225 1384 τοῦ
241 1357 313 1384 Θεοῦ
329 1358 440 1390 πίστις.

173 1414 212 1440 Λ’.
233 1412 322 1444 Εὐθὺς
335 1412 364 1439 δὲ
376 1412 532 1447 ἐπεδήμησε
545 1411 615 1438 κατὰ
630 1410 712 1442 πόδας
730 1412 744 1446 ἡ
759 1410 804 1436 τοῦ
827 1409 925 1445 Κυρίου

139 1458 218 1494 ἡμῶν
231 1457 318 1493 Ἰησοῦ
339 1457 458 1493 Χριστοῦ
477 1454 765 1492 ἑνσαρκοςιπαρουσία,
779 1455 839 1489 ἥτις
860 1463 927 1480 κατ-

140 1504 219 1531 έλαϐε
233 1504 281 1535 τὰς
298 1503 499 1539 προειρημένας
512 1502 582 1528 ἑπτὰ
596 1501 714 1537 αἱρέσεις
731 1502 758 1526 ἐν
779 1499 927 1535 Ἱεροσολύ-

1005 810 1205 847 4711ιιριθηιιε
1217 810 1250 837 de
1260 818 1285 837 IV
1295 809 1530 836 Samaritanorum
1543 807 1636 838 sectis,
1647 806 1756 834 Judan-

970 865 1030 884 I'um
1051 864 1107 884 vu:
1129 865 1160 884 ex
1177 856 1276 891 quibus
1293 855 1470 882 Samaritana:
1482 854 1616 881 duntaxat
1635 857 1691 880 tres
1706 853 1758 880 hoc

970 907 1091 938 tempore
1117 906 1264 938 supersunt
1284 910 1290 928 :
1310 901 1525 933 Gorthenorum,
1553 899 1758 931 Dosithoorum,

971 956 1002 976 ac
1016 948 1204 976 Sebureorum.
1226 947 1295 974 Nam
1317 946 1485 974 Essenorum
1500 947 1575 974 velut
1592 946 1620 973 in
1639 945 1759 972 tenebris

971 995 1140 1030 sepultorum
1159 994 1276 1021 obscura
1301 993 1424 1027 quzedam
1455 992 1570 1028 vestigia
1596 995 1758 1019 cernuntur.

971 1041 1009 1067 Ex
1027 1040 1149 1067 Judaicis
1171 1040 1222 1067 soli
1238 1038 1324 1066 Judmi
1341 1047 1373 1066 ac
1389 1038 1510 1066 Νηιστεεί
1526 1042 1643 1066 restant.
1662 1037 1761 1064 Osseni

972 1093 987 1112 a
997 1085 1113 1112 Iudaico
1128 1085 1184 1111 ritu
1201 1084 1235 1112 ad
1248 1084 1444 1120 Sampseorum
1458 1083 1584 1111 haeresim
1604 1081 1762 1116 transfuge—

973 1135 1047 1161 runt.
1064 1134 1093 1157 ut
1118 1137 1205 1165 neque
1219 1129 1317 1162 Iudaei,
1335 1137 1424 1164 neque
1437 1128 1588 1156 Christiani
1609 1128 1674 1156 Sint.
1699 1126 1762 1154 Haec

974 1177 1066 1209 habui,
1082 1184 1143 1212 quae
1156 1177 1190 1204 de
1204 1176 1332 1205 omnibus
1348 1177 1403 1204 illis
1419 1176 1501 1204 sectis
1517 1176 1661 1210 hucusque.
1675 1173 1762 1202 disse-

972 1231 1072 1251 rerem.
1738 1222 1741 1224 '

974 1280 1014 1307 De
1026 1279 1212 1307 Incamatiane
1233 1278 1333 1306 Chriin
1354 1278 1471 1309 Domini,
1489 1286 1520 1304 ac
1541 1278 1650 1304 veritate
1666 1278 1766 1311 [perso-

1030 1315 1136 1351 narum}
1148 1323 1206 1350 quae
1222 1319 1259 1341 est
1275 1315 1354 1341 unica
1371 1321 1402 1340 ac
1417 1313 1561 1348 singularis
1573 1313 1622 1339 Dei
1634 1313 1710 1347 ﬁdes.

1013 1404 1032 1431 1.
1047 1401 1099 1429 Sed
1114 1409 1129 1428 e
1144 1401 1259 1436 vestigio
1277 1400 1378 1427 Christi
1401 1399 1466 1426 Jesu
1486 1399 1592 1426 Domini
1607 1400 1693 1426 nostri
1715 1399 1766 1427 ad—

977 1453 1076 1477 ventus
1087 1455 1150 1475 cum
1166 1455 1199 1474 eo
1214 1447 1286 1482 quod
1302 1449 1463 1480 susceperat
1474 1453 1587 1481 corpore
1599 1450 1765 1473 consecutus

979 1499 1039 1527 est;
1056 1494 1102 1527 qui
1121 1496 1148 1520 et
1162 1500 1200 1520 vu
1219 1492 1281 1519 illas
1297 1493 1416 1518 hmrcscs
1431 1490 1628 1526 Hierosolymis
1644 1490 1767 1523 offendit,

143 1548 332 1584 μοις.”Εσ6εσε
345 1549 374 1574 δὲ
389 1548 516 1583 ταύταςὴ
530 1547 611 1575 αὑτοῦ
625 1547 748 1581 δύναμις,
763 1546 809 1572 καὶ
824 1545 928 1572 διεσκέ-

981 1544 1006 1568 et
1016 1540 1126 1567 easdem
1139 1546 1188 1566 sua
1201 1538 1225 1564 vi
1237 1537 1381 1572 dissipavit
1393 1543 1420 1565 et
1429 1538 1571 1565 exstinxit.
1584 1537 1768 1570 Quamobrem

140 1596 216 1622 δασε.
234 1594 333 1622 Λοιπὸν
357 1595 386 1621 δὲ
414 1595 483 1629 μετὰ
503 1593 553 1629 τὴν
572 1593 654 1620 αὐτοῦ
668 1591 816 1627 ἐπιδημίαν
827 1592 855 1618 αἱ
869 1600 930 1626 μετ.

141 1641 237 1666 έπειτα
253 1641 339 1666 πᾶσαι
356 1640 500 1674 γεγόνασιν
513 1639 633 1675 αἱρέσεις
644 1648 650 1654 ο
669 1638 741 1672 λέγω
764 1637 796 1671 δὴ
818 1636 886 1672 μετὰ
900 1636 930 1662 τὸ

142 1684 367 1720 εὐαγγελισοῆναι
381 1684 498 1720 Μαριὰμ
508 1685 536 1710 ὲν
547 1683 674 1718 Ναζαρὲτ
682 1683 726 1709 διὰ
740 1681 786 1708 τοῦ
799 1681 928 1718 Γαϐριὴλ,

143 1731 189 1758 καὶ
217 1731 286 1766 μετὰ
309 1731 397 1757 πᾶσαν
424 1729 523 1761 ἁπλῶς
538 1729 588 1765 τὴν
613 1729 745 1764 ἕνσαρκου
762 1728 809 1755 τοῦ
826 1728 930 1764 Κυρίου

143 1778 306 1814 παρουσίαν,
319 1775 377 1804 εἶτα
388 1776 531 1812 ἀνάληψιν.
543 1776 682 1811 Ηὺδόκησε
693 1775 748 1810 γὰρ
760 1776 773 1801 ό
786 1774 852 1805 Θεὸς
863 1773 931 1809 πρὸς

145 1825 281 1859 σωτηρίαν
305 1824 359 1850 τῶν
380 1823 530 1858 ἀνθρώπων
544 1822 589 1849 τὸν
612 1821 676 1848 ἴδιον
693 1822 756 1848 Υίὺν
770 1820 932 1847 κατελθόντα

146 1871 175 1897 ὲν
201 1871 292 1905 μήτρα
313 1868 465 1904 παρθενικῇ
488 1867 684 1903 συλληφθῆναι,
702 1867 787 1901 Λόγον
801 1866 865 1892 ὄντα
882 1866 931 1892 ἀπ’

145 1915 270 1951 οὐρανοῦ,
288 1915 320 1941 ἐκ
334 1915 441 1941 κόλπων
455 1912 590 1948 πατρῴων
604 1911 801 1947 γεγεννημένον
812 1910 933 1946 ἀχρόνως

147 1961 195 1988 καὶ
215 1961 350 1997 ἀνάρχως,
373 1960 484 1986 ἐλθόντα
498 1959 526 1985 δὲ
543 1959 586 1984 ἐπ’
601 1958 723 1993 ἐσχάτων
739 1956 793 1983 τῶν
811 1955 932 1991 ἡμερῶν,

147 2007 214 2034 Θεὸν
230 2007 315 2041 Λόγον
336 2007 399 2033 ὄντα
416 2007 448 2032 ὲκ
462 2005 529 2032 Θεοῦ
543 2004 647 2040 [ἰατρὸς
658 2003 796 2039 ἀληθινῶςὶ
807 2010 935 2036 γεγεννη-

150 2053 239 2088 μένον,
252 2052 394 2087 όμοούσιον
409 2052 472 2078 ὄντα
486 2050 525 2086 τῷ
539 2051 635 2085 Πατρὶ,
651 2049 699 2076 καὶ
713 2048 787 2075 οὐδὲν
806 2047 878 2083 παρὰ
890 2047 935 2074 τὸν

150 2099 259 2134 Πατέρα
272 2098 460 2133 ἠλλοιωμένον,
475 2097 532 2124 ἀλλ’
546 2097 678 2131 ἄτρεπτον
697 2095 762 2121 ὄντα
788 2094 835 2120 καὶ
855 2093 936 2119 ἀναλ-

150 2145 268 2171 λοίωτον
278 2144 368 2179 ἀπαθῆ
386 2152 415 2169 τε
429 2143 505 2174 ὅλως,
524 2143 561 2177 μὴ
575 2142 724 2176 πάσχοντα,
740 2140 936 2174 συμπάσχοντα

151 2194 179 2220 δὲ
189 2193 229 2228 τῷ
245 2193 369 2228 ἡμετέρῳ
386 2191 469 2226 γένει,
481 2190 644 2218 κατελθόντα
658 2189 705 2216 ἀπ’
715 2186 842 2223 οὐρανοῦ,
854 2188 936 2220 ἐγκυ-

981 1586 1092 1620 reliqua:
1105 1592 1201 1612 omnes
1213 1584 1330 1610 haereses
1344 1583 1460 1610 adventu
1472 1583 1518 1609 illo
1531 1582 1696 1618 posteriores
1708 1581 1770 1609 fue-

981 1635 1063 1664 runt;
1081 1630 1209 1658 nimirum
1227 1634 1371 1664 postquam
1388 1629 1471 1656 Maria
1493 1628 1574 1664 Virgo
1592 1627 1737 1655 Nazarethi
1755 1636 1769 1654 a

981 1677 1108 1704 Gabriele
1124 1676 1262 1703 caelestem
1284 1675 1409 1701 nuntium
1435 1675 1558 1709 accepit,
1580 1681 1612 1701 ac
1639 1666 1770 1700 Dominus

982 1724 1101 1750 humano
1117 1729 1232 1757 corpore
1253 1720 1439 1748 circumfusus
1456 1720 1566 1756 prodiit,
1582 1724 1609 1747 et
1628 1719 1655 1746 in
1670 1719 1771 1746 coelum

982 1774 1109 1804 receptus
1129 1772 1181 1796 est.
1207 1767 1314 1795 Etenim
1331 1767 1364 1794 ad
1391 1766 1504 1794 humani
1527 1765 1636 1801 generis
1656 1765 1771 1791 salutem

983 1817 1020 1843 ita
1039 1815 1093 1842 Deo
1110 1814 1199 1841 visum
1213 1819 1263 1846 est,
1277 1818 1306 1840 ut
1323 1813 1410 1848 ipsius
1425 1812 1508 1839 Filius
1524 1819 1539 1838 ο
1552 1811 1621 1837 ςωίο
1644 1810 1773 1844 delapsus

983 1865 1012 1891 in
1038 1863 1158 1899 Virginis
1184 1866 1263 1890 utero
1291 1861 1448 1896 gigneretur
1467 1858 1619 1888 :Verbum.
1649 1857 1772 1891 inquam,

985 1910 1051 1937 illud
1066 1913 1209 1938 alternum.
1225 1908 1298 1942 quod
1316 1915 1331 1933 e
1355 1910 1471 1941 paterno
1489 1905 1551 1932 sinu
1575 1907 1638 1930 ante
1666 1907 1774 1936 tempus

986 1960 1066 1990 atque
1082 1955 1189 1982 initium
1202 1961 1283 1980 omne
1294 1952 1415 1988 genitum
1432 1956 1491 1984 cst;
1507 1950 1633 1984 idemque
1644 1948 1775 1975 extremis

985 2001 1153 2036 temporibus
1164 2000 1296 2034 allapsum
1307 1997 1378 2024 Deus
1388 1996 1506 2024 Verbum
1516 2002 1532 2022 ιι
1555 1994 1610 2021 Deo
1631 1993 1710 2019 Patre
1733 1999 1776 2018 re~

984 2055 1047 2075 vera
1064 2047 1182 2081 genitus,
1201 2040 1643 2079 ejusdemque‘cumilloessentiat,
1661 2045 1710 2065 nec
1722 2037 1776 2064 ulla

986 2102 1016 2121 re
1032 2102 1046 2120 a
1058 2093 1137 2120 Patre
1150 2095 1288 2123 mutatus;
1306 2089 1353 2117 sed
1364 2087 1563 2116 vicissitudinis
1573 2084 1777 2112 aemulationis

988 2145 1015 2168 et
1040 2138 1192 2167 affectionis
1213 2138 1302 2165 oumis
1325 2143 1435 2171 expers.
1460 2133 1512 2166 Qui
1529 2140 1589 2160 cum
1607 2132 1676 2158 citra
1691 2130 1776 2156 ullam

989 2186 1073 2214 animi
1088 2184 1299 2212 commotionem
1313 2181 1420 2217 generis
1439 2179 1527 2206 nostri
1547 2178 1676 2205 misertus
1697 2176 1778 2204 foret.

153 2221 302 2274 μονηθέντα
331 2221 466 2265 δόκίἀπὸῐ
485 2237 640 2273 σπέρματος
666 2221 777 2270 ἀνδρὸς,
804 2235 872 2261 ἀλλὰ
896 2234 928 2261 διὲ

991 2229 1134 2258 descendit
1145 2237 1159 2256 ο
1174 2229 1256 2257 caelo.
1276 2235 1308 2254 ac
1323 2227 1357 2253 de
1372 2225 1476 2260 Spiritu
1491 2227 1596 2254 sancto,
1613 2229 1666 2249 non
1679 2229 1693 2248 e
1706 2221 1779 2247 virili

152 2285 308 2321 Πνεύματος
325 2285 414 2319 ἁγίου.
427 2284 562 2319 ἀληθινῶς
577 2283 655 2318 σῶμα
670 2282 723 2309 ἀπὸ
739 2282 849 2317 Μαρίας
861 2282 939 2316 ἐσχη-

153 2333 228 2364 κότα,
245 2331 437 2358 ἁναπλόισαντα
463 2329 552 2364 ἑαυτῷ
575 2328 624 2364 τὴν
646 2328 735 2363 σάρκα
749 2327 803 2353 ἀπὺ
819 2327 868 2361 τῆς
886 2327 939 2362 μή·

152 2386 219 2413 τρας
231 2377 279 2411 τῆς
293 2376 383 2410 ἁγίας,
395 2375 440 2402 καὶ
453 2374 541 2410 ψυχὴν
555 2373 604 2409 τὴν
616 2371 788 2408 ἀνθρωπείαν
799 2371 938 2406 είληφότα,

154 2423 201 2449 καὶ
213 2422 284 2453 νοῦν,
300 2422 346 2448 καὶ
359 2422 412 2447 πᾶν
424 2420 487 2446 εἴτι
504 2419 577 2446 ἐστὶν
594 2418 736 2454 ἄνθρωπος
750 2417 834 2452 χωρὶς
850 2417 942 2452 ἀμαρ-

154 2468 224 2500 τίας,
235 2468 275 2499 εἰς
288 2466 382 2493 ἑαυτὸν
396 2468 429 2502 τῇ
447 2465 542 2492 ἑαυτοῦ
557 2464 663 2500 θεότητι
680 2463 867 2490 συνενώσαντα
876 2471 882 2477 ·
895 2470 942 2496 γε-

154 2514 317 2549 γεννημένον
327 2522 356 2539 τε
371 2514 398 2539 ὲν
413 2512 545 2548 Βηθλεὲμ,
560 2510 764 2547 περιτμηθέντα
778 2511 807 2537 ὲν
820 2509 860 2544 τῷ
875 2503 943 2544 σπη-

155 2560 233 2595 λαίῳ,
243 2558 457 2595 προσενεχθέντα
471 2559 499 2584 ἐν
512 2557 718 2593 Ἱεροσολύμοις,
731 2554 942 2589 ὲναγκαλισθέν-

155 2614 190 2632 τα
207 2605 259 2632 ὑπὸ
281 2603 326 2630 τοῦ
340 2603 491 2638 Συμεῶνος,
509 2602 758 2637 ἀνθομολογηθέντα
778 2601 830 2627 ὑπὸ
845 2600 943 2634 Ἀννης

155 2651 206 2686 τῆς
216 2649 264 2676 τοῦ
277 2648 398 2685 Φανουὴλ
412 2649 587 2685 προφήτιδος,
601 2647 784 2682 ἀπενεχθέντα
796 2648 836 2678 εἰς
853 2645 945 2677 Ναζα-

195 2730 203 2746 ¹
222 2729 297 2757 Fort.
313 2729 426 2764 λεῖμμα.
463 2728 473 2743 ¹
491 2727 557 2763 Reg.
573 2727 695 2763 ἀλήθεια.
713 2727 745 2753 Ἣ
763 2725 820 2760 μία,
839 2728 893 2752 etc.

153 2806 157 2808 ’
197 2811 254 2845 (‘26)
279 2809 418 2843 Ἐνδημία
440 2807 585 2845 Χρισῖοτῦι-
605 2807 670 2840 Qum
686 2806 730 2833 hic.
749 2805 783 2832 ab
797 2791 947 2844 Epiphanio

161 2842 442 2875 deVSa'lvatorisortu,
459 2842 613 2874 cunabulis,
628 2850 658 2869 ac
672 2846 808 2877 postremo
820 2842 948 2877 passione

163 2874 302 2914 dicuntur,
318 2887 367 2908 nec
382 2887 436 2907 non
450 2883 476 2907 et
489 2878 521 2906 de
541 2874 760 2912 Augusti,‘atquc
773 2874 887 2904 llcrodis
900 2881 947 2901 au-

993 2276 1097 2303 semine
1110 2274 1271 2309 productus,
1291 2279 1385 2300 verum
1404 2277 1504 2305 corpus
1518 2277 1533 2296 e
1546 2267 1630 2295 Maria
1645 2267 1778 2300 suscepit,

992 2329 1055 2349 cum
1067 2329 1082 2348 e
1097 2323 1192 2347 sancto
1206 2319 1266 2353 ejus
1280 2322 1358 2345 utero
1377 2323 1489 2343 carnem
1511 2314 1561 2341 sibi
1580 2313 1713 2343 tinxisset,
1729 2311 1780 2338 lm-

994 2374 1157 2401 manamque
1178 2369 1236 2392 tum
1253 2364 1384 2395 animam,
1409 2366 1466 2388 tum
1490 2365 1608 2388 mentem
1629 2360 1780 2390 induisset;

995 2421 1026 2440 ac
1041 2411 1172 2448 quidquid
1188 2411 1300 2437 omnino
1316 2416 1378 2436 cum
1396 2407 1506 2434 homine
1527 2405 1704 2439 conjunctum
1726 2407 1780 2435 est,

994 2463 1092 2494 praeter
1108 2460 1249 2493 peccatum
1264 2463 1357 2483 secum
1381 2462 1413 2480 ac
1430 2461 1491 2480 cum
1510 2452 1651 2479 divinitate
1670 2457 1717 2477 sua
1732 2457 1782 2476 eo-

996 2505 1129 2540 pulasset.
1143 2503 1208 2530 Inde
1222 2501 1386 2530 Bethlehemi
1399 2501 1426 2526 in
1440 2501 1527 2526 lucem
1543 2498 1645 2528 editus,
1658 2501 1741 2531 atque
1755 2495 1781 2521 in

976 2544 982 2550 ’
996 2558 1079 2585 specu
1093 2549 1274 2577 circumcisus
1287 2546 1480 2581 Hierosolymis
1491 2545 1601 2572 oblatus
1612 2547 1654 2570 est
1666 2551 1673 2576 ;
1691 2542 1783 2575 ibique

998 2604 1012 2622 a
1030 2596 1160 2623 Simeone
1178 2595 1248 2622 inter
1261 2593 1373 2621 brachia
1386 2597 1540 2626 susceptus.
1560 2590 1650 2626 ᾅδει
1660 2588 1694 2614 ab
1705 2587 1782 2613 Anna

997 2643 1145 2670 Phanuelis
1161 2642 1214 2669 lilia
1226 2640 1398 2676 prophetissa
1411 2638 1584 2673 prmdicatus,
1600 2634 1782 2662 Nazarethum

1001 2801 1056 2831 nis,
1070 2796 1298 2833 opportuniusrad
1312 2796 1435 2833 ltmresim
1451 2793 1668 2833 “explicantur.
1687 2790 1738 2833 .iji
1752 2789 1785 2829 de

1002 2826 1074 2863 anno
1090 2826 1224 2861 b'omiuici
1241 2832 1354 2861 Natalis.
1377 2839 1408 2857 ac
1430 2826 1578 2865 passionis.
1603 2835 1634 2865 ac
1660 2826 1785 2860 reliquis,

1002 2879 1061 2907 qua:
1072 2871 1166 2899 eodem
1183 2872 1316 2904 spectant,
1333 2862 1467 2903 agetidu'm
1482 2866 1533 2892 erit
1549 2862 1683 2898 pluribus.
