1944 3037
180 113 232 142 275

874 112 903 141 S.
924 112 1095 140 EPlPHANIl

1744 113 1798 142 276

182 171 341 207 deportatus
355 173 406 197 est.
419 168 487 196 Tum
504 175 578 196 anno
592 167 714 202 Sequenti
730 167 925 203 Hierosolymis
936 175 966 196 se

1025 168 1073 200 ιὲτ,
1090 168 1201 195 ἐλθόντα
1214 168 1253 204 τῷ
1274 167 1337 203 ἑξῆς
1352 168 1466 204 ἐνιαυτῷ
1482 168 1596 203 ὀφθῆναι
1614 168 1728 196 ἐνώπιον
1741 171 1801 197 Κυ-

181 223 274 245 eoram
287 215 342 242 Deo
354 215 575 250 repraesentavit:
592 216 676 247 atque
685 212 747 240 inde
759 212 963 240 Bethlehemum

180 265 293 297 propter
318 261 427 296 generis
455 260 686 295 propinquitatem
710 266 725 286 ο
748 261 835 286 matre
858 258 965 286 delatus

181 311 234 335 est.
253 305 305 334 Sed
329 314 439 334 rursum
462 305 645 333 Nazarethum
663 304 773 332 rediens
792 312 864 332 anno
878 304 965 332 altero

183 359 308 382 vertente
335 352 523 388 Hierosolyma
551 351 813 385 Bethlehemumque
842 353 966 385 gestante

184 403 271 427 matre
281 398 428 434 perductus
441 400 493 425 est.
504 394 669 424 Bcthleheml
681 401 764 429 porro
778 400 840 421 cum
849 393 883 420 ad
894 392 966 422 aedes

185 445 317 479 quasdam
340 451 402 473 cum
426 442 510 470 Matre
537 449 569 469 ac
591 440 710 476 Josepho
734 439 900 470 divertisset.
919 438 966 474 qui

183 491 239 526 jam
263 489 359 525 grandi
378 493 443 516 natu
460 496 522 516 cum
537 487 622 515 Maria
643 487 770 522 degebat,
793 486 915 514 secundo
933 485 967 512 ab

186 535 329 562 nativitate
345 541 417 561 anno
432 541 447 561 a
460 533 545 569 Magis
558 532 690 560 adorandi
703 537 788 559 causa
803 534 965 564 coriventus,

185 587 217 608 ac
231 580 310 608 donis
323 583 435 607 ornatus
448 583 501 607 est.
518 578 617 606 Eadem
628 585 693 605 vero
709 580 800 610 nocte,
816 583 879 604 eum
890 575 967 604 Jose-

185 627 256 662 phus
275 633 322 661 per
338 625 474 654 somnium
492 624 526 652 ab
548 623 643 659 angelo
662 626 735 651 esset
752 622 919 654 admonitus,
939 621 967 648 in

187 671 334 707 Egyptum
350 669 525 699 transfertur.
542 668 620 697 Unde
635 676 734 696 rursus
751 673 813 704 post
826 668 966 695 biennium

186 720 296 744 mortuo
308 715 365 751 jam
384 714 499 748 Herode,
514 721 547 742 ac
560 714 723 743 succedente
732 713 864 742 Archelao
875 719 968 740 rever-

184 763 262 790 titur.

221 808 253 835 ιι.
269 807 408 843 Siquidem
420 814 492 835 anno
505 805 620 834 Herodis
645 813 743 837 xutu,
768 803 884 840 Augusti
911 811 968 831 nu

185 853 351 881 Bethlehemi
372 853 400 880 in
415 852 508 880 Judtea
532 851 655 878 Salvator
677 851 809 879 nascitur.
825 849 894 878 Tum
918 849 970 877 He-

185 899 261 928 rodis
292 906 365 927 xxxv
393 898 422 926 in
452 897 597 933 Egyptum
623 896 762 931 profectus
785 899 837 924 est.
866 895 969 922 Eodem

187 944 294 973 Herode
316 947 436 977 mortuo,
449 943 483 972 ab
507 942 625 979 Λεπριο
641 941 732 970 rediit.
748 941 838 974 Quare
858 948 970 969 necesse

185 995 229 1018 est
254 997 347 1017 xxxvn
360 987 474 1017 Herodis
486 995 557 1015 anno
570 990 698 1023 quartum
711 988 801 1015 aetatis
821 994 878 1014 sua:
902 993 969 1021 pue-

187 1035 279 1062 rulum
294 1035 394 1070 egisse.
410 1041 473 1061 cum
487 1033 620 1065 Herodes,
630 1033 753 1068 inquam.
764 1035 868 1068 septem
881 1039 914 1060 ac
924 1032 970 1059 tri-

185 1082 262 1118 ginta
287 1080 420 1109 coniectis
439 1080 519 1107 annis
543 1079 652 1118 vivendi
678 1079 758 1106 tinem
779 1078 883 1106 habuit.
906 1078 971 1106 Post

187 1115 261 1154 hunc
269 1125 418 1154 Archelaus
427 1131 524 1153 novem
536 1115 615 1151 annis
624 1124 766 1159 imperavit
775 1132 783 1157 ;
794 1132 848 1159 quo
856 1131 970 1160 regnum

186 1173 299 1200 ineunte
314 1171 446 1206 Iosephus
458 1178 491 1198 ex
513 1169 632 1206 Egypto
645 1177 708 1198 cum
724 1169 820 1201 Maria,
836 1177 869 1197 ac
885 1177 971 1204 puero

187 1218 340 1253 digressus.
358 1217 404 1245 ubi
418 1216 582 1245 Archelaum
601 1216 736 1251 imperare
749 1215 857 1248 didicit,
874 1216 902 1243 in
917 1215 972 1243 Ga-

187 1263 287 1291 lilaeam
301 1261 425 1294 secessit,
448 1268 481 1288 ac
499 1264 558 1288 tum
581 1260 706 1290 Nazareti
725 1260 848 1288 consedit
884 1260 971 1288 Caete-

187 1315 247 1336 rum
259 1307 409 1336 Archelaus
423 1305 557 1336 Herodem
568 1306 704 1341 juniorem
715 1306 825 1341 genuit;
840 1306 887 1342 qui
900 1313 972 1333 nono

189 1354 278 1389 patris
291 1360 363 1381 anno
375 1353 403 1381 in
416 1353 561 1388 imperium
574 1353 718 1380 successit.
734 1351 862 1387 Idemque
883 1359 972 1380 annus

189 1407 206 1428 a
224 1400 366 1428 nativitate
382 1399 485 1427 Christi
506 1406 556 1426 xm
580 1398 767 1427 numerandus
780 1402 832 1427 est.
869 1399 972 1427 Octavo

189 1447 296 1474 decimo
309 1453 381 1474 anno
393 1445 509 1473 Herodis
523 1445 658 1481 Agrippze.
675 1444 756 1473 Jesus
768 1445 897 1474 Christus
909 1453 972 1481 pro-

1016 215 1074 249 ρίου
1097 215 1137 246 είς
1152 214 1338 250 Ἰερουσαλὴμ,
1350 213 1494 249 γενόμενόν
1516 223 1546 240 τε
1567 215 1596 241 ὲν
1617 215 1741 251 Βηθλεὲμ
1753 216 1799 244 διὰ

1014 259 1063 295 τὴν
1078 260 1236 294 συγγένειαν
1250 259 1363 294 sema;
1376 260 1478 295 μητρὸς
1494 259 1706 296 βασταζόμενοψ
1721 260 1799 294 αὖθις

1016 305 1096 332 πάλιν
1115 307 1155 338 εἰς
1170 305 1296 342 Ναζαρὲτ
1312 305 1506 340 ἀπενεχθέντα,
1519 306 1567 332 καὶ
1584 305 1655 332 κατά
1671 305 1801 342 δευτέραν

1016 351 1138 388 περίοδον
1160 351 1281 379 ἐνιαυτοῦ
1309 351 1348 383 εἰς
1368 351 1402 378 τὰ
1419 351 1591 386 Ἱεροσόλυμα
1613 353 1660 381 καὶ
1676 352 1802 388 Βηθλεὲμ

1016 397 1175 434 ἐληλυθότα,
1188 397 1387 433 βασταζόμενον
1400 396 1530 430 ὡσαύτως
1543 397 1653 434 ὑπὸτῆς
1668 398 1734 430 ἰδίας
1748 407 1802 434 μη-

1017 442 1094 478 τρός’
1109 443 1138 469 ὲν
1152 442 1274 477 Βηθλεὲμ
1285 441 1315 469 δὲ
1325 442 1354 468 ὲν
1368 441 1442 477 οἰκία
1454 442 1619 470 κατελθόντα
1633 443 1680 470 σὺν
1695 445 1727 478 τῇ
1747 443 1804 478 ἰδίᾳ

1019 490 1103 525 μητρὶ
1127 489 1174 516 καὶ
1188 488 1287 524 Ἰωσὴφ
1310 487 1417 524 γέροντι
1439 487 1506 519 ὄντι,
1520 489 1569 515 σὺν
1591 490 1624 525 τῇ
1653 489 1747 525 Μαρίᾳ
1771 489 1803 516 δὲ

1016 534 1073 561 ὄντι
1083 543 1090 549 ·
1103 535 1213 561 κάκεῖσε
1227 534 1265 569 τῷ
1278 533 1394 569 δευτέρῳ
1406 532 1461 560 ἔτει
1475 533 1557 560 αὑτοῦ
1572 535 1724 570 γεννήσεως
1735 543 1802 562 κατ-

1017 582 1182 609 οπτευθέντα
1209 582 1262 610 ὑπὸ
1286 582 1340 609 τῶν
1366 581 1460 617 μάγων
1484 581 1703 616 προσκυνηθῆναι
1727 581 1804 616 δῶρα

1017 626 1144 658 λαὸόντα,
1160 628 1207 654 καὶ
1220 627 1249 653 ὲν
1261 626 1328 662 αὐτῇ
1350 627 1382 662 τῇ
1402 625 1479 652 νυκτὶ
1493 625 1540 652 ὑπ’
1556 625 1672 660 ἀγγέλου
1685 625 1732 652 τοῦ
1744 626 1804 652 Ἰω-

1019 673 1073 709 σὴφ
1082 672 1301 708 χρηματίσαντος
1314 672 1353 703 εἰς
1362 671 1500 706 Αἴγυπτον
1514 669 1725 706 παραληφθέντα
1734 677 1741 684 ·
1753 669 1804 697 ἀπ’

1019 719 1123 746 ἐκεῖθέν
1136 727 1165 746 τε
1177 718 1258 745 πάλιν
1276 717 1320 744 διὰ
1337 718 1384 745 δύο
1399 717 1468 744 ὲτῶν
1482 715 1698 751 ἐπανεληλυθότα
1711 715 1806 742 τελευ-

1018 766 1149 802 τήσαντος
1161 764 1207 792 τοῦ
1226 763 1357 800 Ἡρώδου,
1369 763 1515 799 Ἀρχελάου
1526 761 1755 798 τελδιαδεξαμένου

1055 812 1093 838 B'.
1113 810 1158 846 Τῷ
1179 810 1234 845 γὰρ
1253 809 1407 846 τριακοπῷ
1423 809 1507 844 τρίτῳ
1525 809 1580 835 ἔτει
1595 807 1726 843 Ἡρώδου,
1743 815 1806 833 τεσο

1022 855 1182 892 σαρακοστῷ
1193 856 1222 882 δὲ
1235 855 1352 891 δευτέρῳ
1365 854 1520 889 Αὐγούστου
1534 853 1663 889 βασιλέως
1676 853 1804 888 γεννᾶται

1019 902 1035 929 ὀ
1047 902 1142 938 Σωτὴρ
1156 902 1184 928 ὲν
1199 901 1321 936 Βηθλεὲμ
1331 900 1382 936 τῆς
1391 899 1530 931 Ἰουδαίας.
1542 900 1655 927 Κάτεισι
1666 899 1694 925 δὲ
1705 899 1745 930 εἰς
1757 897 1807 924 AE-
1840 896 1843 899 ’

1020 956 1122 983 γυπτον
1143 946 1181 982 τῷ
1203 945 1357 982 τριακοστῷ
1382 944 1437 971 ἔτει
1461 945 1508 972 καὶ
1526 944 1643 980 πέμπτῳ
1662 942 1803 979 Ἡρώδουο

1020 994 1106 1022 ἀνεισι
1126 993 1154 1020 δὲ
1176 993 1229 1019 ἀπὸ
1244 993 1294 1027 τῆς
1307 991 1443 1026 Αἰγύπτου
1460 990 1530 1027 μετά
1552 990 1602 1025 τὴν
1623 989 1743 1026 Ἡρώδου
1760 997 1807 1015 τε-

1019 1039 1127 1074 λευτήν.
1143 1038 1188 1065 Διὸ
1203 1038 1250 1065 ἐπὶ
1262 1037 1408 1074 τριάκοντα
1429 1037 1476 1064 καὶ
1490 1036 1559 1063 ἑπτὰ
1572 1036 1644 1063 ἔτεσι
1657 1036 1707 1070 τῆς
1721 1035 1807 1070 αὐτῆς

1019 1084 1067 1113 τοῦ
1090 1083 1210 1120 Ἡρώδου
1224 1084 1311 1120 ἀρχῆς
1332 1081 1366 1119 ἦν
1390 1085 1404 1110 ό
1426 1084 1490 1115 παῖς
1501 1082 1642 1118 τεσσάρων
1659 1080 1806 1108 ὲτῶν.”οτε

1026 1129 1158 1166 Ἡρώδης,
1175 1129 1393 1166 τριακονταεπτά
1406 1129 1453 1164 έτη
1470 1127 1626 1164 πληρώσας,
1639 1126 1806 1162 κατέστρεψε

1020 1176 1066 1203 τὸν
1079 1175 1145 1211 βίον.
1157 1175 1301 1211 Ἀρχέλαος
1318 1175 1346 1202 δὲ
1361 1174 1438 1202 ἐννέα
1454 1174 1501 1210 ἐτη
1515 1173 1662 1209 βασιλεύει,
1672 1169 1702 1200 οῦ
1715 1173 1744 1198 ὲν
1756 1172 1808 1208 ἀρ-

1021 1223 1055 1257 χῇ
1069 1221 1118 1256 τῆς
1131 1221 1268 1256 βασιλείας
1281 1219 1361 1254 ἐξιὼν
1373 1220 1473 1256 Ἰωσὴφ
1490 1220 1537 1246 ἀπ’
1549 1219 1686 1253 Αἰγύπτου
1705 1218 1762 1253 ἅμα
1773 1217 1808 1253 τῇ

1021 1268 1116 1304 Μαρίᾳ
1132 1267 1178 1294 καὶ
1199 1267 1240 1302 τῷ
1262 1267 1347 1299 παιδὶ,
1369 1266 1488 1298 ἀκούσας
1507 1266 1553 1292 τὸν
1562 1264 1706 1300 Ἀρχέλαον
1730 1263 1807 1298 βασι-

1021 1313 1118 1341 λεύειν.
1133 1312 1305 1348 ἀνεχώρησεν
1326 1312 1366 1343 είς
1388 1311 1421 1338 τὰ
1441 1311 1510 1347 μέρη
1527 1311 1577 1346 τῆς
1589 1309 1742 1341 Γαλιλαίας,
1760 1308 1809 1335 καὶ

1022 1359 1167 1395 κατῴκησε
1182 1359 1242 1385 τότε
1254 1358 1294 1390 είς
1307 1357 1444 1393 Ναζαρέτ.
1457 1356 1603 1392 Ἀρχέλαος
1624 1356 1653 1382 δὲ
1668 1355 1750 1390 γεννᾷ
1762 1354 1809 1381 τὸν

1028 1404 1151 1440 Ἡρώδην
1175 1404 1221 1432 τδν
1244 1403 1385 1439 νεώτερον.
1401 1403 1455 1430 Καὶ
1479 1402 1615 1437 βασιλεύει
1632 1401 1754 1436 Ἡρώδης
1770 1399 1809 1436 τῷ

1023 1449 1125 1484 ὲννάτῳ
1139 1447 1194 1475 ἔτει
1207 1448 1257 1483 τῆς
1272 1447 1319 1474 τοῦ
1333 1447 1435 1483 πατρὸς
1446 1446 1593 1483 Ἀρχελάου
1610 1445 1746 1481 βασιλείας
1761 1453 1811 1471 κα-

187 1491 308 1527 mulgare
333 1491 456 1519 divinum
477 1491 591 1518 verbum
619 1498 765 1526 aggressus
792 1494 845 1523 est,
861 1499 894 1519 ac
909 1499 970 1518 cum

1025 1495 1056 1521 τὰ
1070 1495 1205 1530 διαδοχήν.
1221 1493 1277 1521 Καὶ
1300 1493 1396 1528 γέγονε
1417 1492 1457 1528 τῷ
1472 1492 1547 1528 αὐτῷ
1560 1492 1690 1528 δεκατρία
1704 1491 1751 1527 ἔτη
1765 1491 1811 1518 λο-

187 1537 304 1566 Joaunis
326 1538 461 1572 baptismo
480 1537 621 1570 initiatur,
637 1540 694 1564 tum
710 1544 811 1564 annum
835 1537 911 1565 illum
925 1545 972 1564 ac-

188 1588 296 1619 ceptum
318 1583 347 1610 in
365 1590 397 1610 ea
418 1583 546 1617 praeconii
570 1582 710 1610 iunctione
731 1583 880 1614 consumit.
896 1583 973 1610 nullo

189 1635 279 1661 neque
293 1626 459 1659 Judaeorum,
478 1634 565 1661 neque
577 1627 729 1662 gentilium,
745 1635 834 1662 neque
856 1627 974 1655 Samari-

190 1677 334 1705 tanorum,
354 1679 443 1707 neque
461 1673 574 1700 alterius
597 1673 705 1708 generis
725 1678 904 1708 repugnante.
922 1673 972 1702 Se-

189 1718 282 1747 cundo
290 1718 419 1753 praeconii
429 1718 548 1746 caelestis
562 1725 634 1746 anno
644 1719 858 1753 quamplurisz
883 1719 975 1747 obtre-

189 1767 311 1792 ctatores
327 1764 440 1797 habuit;
457 1765 505 1799 qui
513 1765 621 1799 quidem
639 1764 754 1792 Herodis
776 1765 898 1800 ejusdem
916 1774 972 1798 xtx.

190 1809 294 1837 Christi
315 1817 391 1838 nm
410 1810 524 1837 exstitit.
540 1809 653 1837 Demum
675 1818 710 1837 xx
731 1811 874 1838 tetrarchae
888 1811 975 1839 Hero-

191 1854 235 1882 dis
250 1862 322 1882 anno
339 1854 465 1882 Christus
479 1854 610 1883 Dominus
627 1855 663 1883 ob
678 1855 790 1883 humani
805 1858 914 1891 generis
928 1865 973 1884 sa-

192 1900 278 1928 lutem
295 1907 404 1936 passus,
424 1904 506 1935 atque
526 1900 621 1928 eodem
646 1906 769 1936 tempore
788 1901 856 1929 nihil
878 1909 977 1936 passus

190 1946 315 1984 “est:
331 1950 388 1974 tum
405 1954 467 1973 cum
489 1951 605 1976 mortem
621 1946 769 1982 degustans
791 1947 879 1982 ipsum
895 1949 977 1976 etiam

195 1993 288 2021 crucis
311 1992 475 2027 supplicium
498 1992 598 2024 subiit,
618 1999 681 2020 cum
703 1992 811 2020 interim
832 1992 900 2020 nihil
919 1993 977 2027 ipsa

192 2039 336 2066 divinitate
363 2041 513 2073 pateretur.
538 2037 643 2065 Christo
663 2038 743 2069 enim.
767 2038 805 2065 ait
825 2037 976 2073 Scriptura.

191 2093 239 2120 pro
249 2085 324 2113 nobis
339 2085 366 2111 in
376 2092 456 2111 carne
464 2085 572 2116 passo‘.
587 2083 762 2119 Rursumque
777 2092 784 2110 :
797 2084 977 2118 Mortiﬁcatus

190 2140 281 2164 carne,
298 2131 448 2164 viviﬁcatus
460 2135 548 2156 autem
558 2130 653 2160 spiritu
664 2130 685 2162 ’,
696 2134 726 2156 ct
740 2137 800 2164 qua:
814 2134 977 2165 sequuntur.

1023 1541 1153 1576 γιζόμενα
1169 1541 1201 1576 τῇ
1219 1539 1343 1576 ὲνσάρκῳ
1360 1538 1477 1575 Χριστοῦ
1491 1538 1638 1575 παρουσίᾳ.
1659 1538 1809 1564 νυκτωκαιφ

1023 1589 1128 1624 δεκάτῳ
1143 1588 1172 1615 δὲ
1183 1587 1238 1614 ἔτει
1249 1587 1369 1623 Ἡρώδου
1382 1586 1429 1613 τοῦ
1444 1585 1637 1620 ἐπικληθέντος
1647 1584 1808 1619 Ἀγρίππου,

1023 1637 1083 1663 τότε
1103 1635 1204 1672 ἤρξατο
1217 1634 1346 1670 ὸἾησοῦς
1366 1634 1412 1660 τοῦ
1435 1632 1621 1668 κηρύγματος,
1643 1632 1690 1658 καὶ
1707 1631 1738 1657 τὸ
1762 1629 1811 1665 βά-

1024 1690 1129 1717 πτισμα
1141 1682 1172 1708 τὸ
1187 1681 1241 1708 ἀπὸ
1255 1680 1377 1707 Ἰωάννου
1392 1679 1451 1706 τότε
1468 1678 1612 1714 λαμϐάνει,
1638 1677 1686 1704 καὶ
1708 1674 1812 1711 κηρύσ-

1025 1736 1066 1754 σει
1103 1726 1226 1754 ὲνιαυτδν
1259 1725 1350 1752 δεκτὺν
1364 1745 1371 1756 ,
1398 1725 1443 1751 ὑπ’
1460 1723 1565 1754 οὐδενὸς
1593 1721 1810 1757 ἀντιλεγόμενος,

1025 1773 1087 1800 οὔτε
1109 1773 1162 1799 ὑπὸ
1179 1771 1330 1802 Ἰουδαίων,
1353 1770 1415 1798 οὔτε
1437 1770 1490 1797 ὑπὸ
1507 1769 1650 1804 Ἑλλήνων,
1673 1768 1733 1795 οὗτε
1758 1767 1813 1794 ὑπὸ

1026 1817 1211 1854 Σαμαρειτῶν,
1226 1817 1286 1844 οὔτε
1310 1816 1362 1843 ὑπό
1388 1825 1459 1848 τινος
1482 1815 1587 1851 έτέρου.
1601 1814 1715 1841 Ἔπειτα
1735 1814 1812 1840 ἀντι-

1026 1864 1171 1898 λεγόμενος
1191 1862 1322 1898 ἐκήρυξεν
1343 1861 1462 1889 ἐνιαυτὸν
1481 1861 1617 1896 δεύτερον,
1637 1860 1683 1886 καὶ
1702 1859 1813 1893 γέγονεν

1026 1909 1218 1936 ἐννεακαίδεκα
1242 1908 1289 1943 ἔτη
1316 1907 1355 1943 τῷ
1379 1906 1452 1942 αὐτῷ
1467 1906 1584 1942 Ἡρώδῃ,
1599 1905 1638 1941 τῷ
1655 1906 1683 1932 δὲ
1705 1905 1812 1940 Σωτῆρι

1027 1953 1186 1990 τριακοστὸν
1208 1952 1343 1988 δεύτερον.
1364 1952 1409 1979 Ἐν
1436 1952 1462 1979 δὲ
1487 1951 1525 1987 τῷ
1550 1950 1665 1985 εἰκοστῷ
1688 1949 1742 1976 ἔτει
1763 1948 1812 1976 τοῦ

1033 1998 1153 2035 Ἡρώδου
1169 1997 1216 2024 τοῦ
1229 1997 1378 2033 τετράρχου
1393 1997 1559 2031 καλουμένου
1570 1995 1673 2030 γίνεται
1685 1994 1715 2021 τὸ
1729 1994 1814 2028 σωτή-

1030 2052 1086 2080 ριον
1102 2043 1188 2075 πάθος
1203 2043 1249 2070 καὶ
1265 2045 1282 2079 ἡ
1297 2043 1425 2075 ἀπάθεια,
1440 2042 1456 2077 ἢ
1470 2041 1586 2068 θανάτου
1599 2040 1704 2075 γεῦσις,
1719 2039 1813 2073 γεῦσίς

1028 2099 1058 2116 τε
1081 2090 1208 2122 θανάτου,
1232 2090 1296 2125 ἀχρι
1321 2088 1437 2122 σταυροῦ
1464 2088 1613 2123 πάσχοντος
1635 2087 1664 2113 ὲν
1687 2085 1812 2121 ἀληθείᾳ,

1029 2135 1151 2168 ἀπαθοῦς
1165 2135 1193 2163 δὲ
1208 2135 1331 2172 μένοντος
1352 2136 1381 2162 ὲν
1400 2135 1517 2170 θεότητι.
1532 2133 1660 2168 Χριστοῦ
1683 2133 1737 2168 γὰρ
1758 2140 1815 2158 πο-

192 2177 221 2205 Ιιι
237 2186 321 2205 cruce
337 2178 524 2213 suspenditur,
536 2176 683 2211 sepelitur;
699 2175 733 2202 ad
748 2175 851 2204 inferos
862 2183 925 2203 cum
936 2176 972 2203 di-

1030 2182 1135 2215 θόντος
1145 2181 1221 2216 ὑπὲρ
1233 2181 1316 2216 ἡμῶν
1329 2181 1428 2215 σαρκὶ,
1442 2184 1524 2216 φησιν
1537 2180 1554 2215 ὴ
1569 2179 1662 2214 Γραφή
1673 2189 1680 2196 -
1699 2178 1747 2204 καὶ
1761 2177 1814 2204 πά-

191 2225 306 2253 vinitate
321 2232 382 2256 sua,
399 2224 545 2258 animaque
563 2222 721 2253 descendit;
740 2222 875 2256 captivam
902 2222 978 2249 ducit

191 2270 399 2305 captivitatem;
420 2276 452 2296 ac
474 2269 555 2296 tertio
577 2267 621 2295 die
643 2275 706 2294 cum
727 2267 902 2298 sanctissimo
927 2275 978 2298 suo

192 2323 308 2350 corpore
331 2315 364 2342 ad
384 2315 467 2342 vitam
487 2316 631 2344 excitatur.
648 2312 726 2347 Quod
752 2313 860 2348 quidem
877 2320 977 2349 corpus

194 2369 283 2396 neque
302 2361 505 2389 dissolvendum
524 2360 653 2395 amplius,
674 2367 725 2388 nec
746 2367 902 2395 passurum,
927 2367 978 2390 nec

194 2406 246 2434 sub
259 2406 356 2434 mortis
381 2406 549 2434 dominatum
565 2410 658 2442 postea
681 2413 822 2433 cessurum
845 2412 908 2432 cum
928 2412 978 2432 sua

194 2451 338 2480 divinitate
358 2452 511 2486 conjunxit.
530 2451 559 2479 ld
583 2451 656 2487 quod
676 2450 799 2486 Apostoli
821 2451 978 2480 testimonio

195 2498 409 2533 comprobatur:
428 2497 514 2531 Mors,
530 2498 628 2533 inquit,
648 2505 700 2524 non
718 2497 833 2532 amplius
854 2498 878 2525 ei
893 2497 979 2524 domi-

196 2545 305 2572 nabitur
321 2544 341 2571 ³.

230 2590 274 2618 Ill.
293 2590 351 2620 Hoc
372 2591 456 2626 igitur
474 2591 564 2626 ipsum
585 2597 697 2625 corpus.
720 2597 830 2621 carnem
849 2590 935 2627 ipsam
952 2593 980 2618 et

196 2637 328 2669 animum,
354 2637 412 2672 ipsa
432 2637 533 2672 quibus
556 2636 699 2663 constabat
718 2637 819 2668 omnia,
834 2643 889 2663 non
905 2635 978 2662 aliud

194 2682 344 2718 quidquam
357 2686 454 2718 praeter
468 2690 562 2710 verum
574 2689 684 2717 c0rpus,
697 2681 744 2709 sed
758 2682 900 2716 ipsmumet
913 2681 978 2708 illud

194 2730 222 2756 vi
237 2728 341 2756 ctelcsti
358 2728 488 2764 perfudit,
500 2732 527 2755 et
545 2727 573 2754 in
587 2734 672 2754 unum
687 2727 824 2762 idemque,
843 2727 869 2754 in
886 2734 978 2760 unam,

236 2809 246 2826 ³
262 2808 272 2836 ι
287 2808 360 2837 Petr.
379 2815 416 2842 tv,
437 2808 460 2835 Ι.
501 2808 510 2823 ¹
524 2806 532 2835 l
546 2805 618 2835 Pctr.
636 2814 677 2839 ιιι,
699 2807 740 2834 l8.
780 2808 789 2824 ³
806 2808 883 2836 noun.
899 2815 934 2839 τι,
950 2806 977 2837 9.

1031 2227 1072 2255 λιν
1080 2238 1086 2244 ·
1104 2228 1287 2261 Θανατωθεῑς
1300 2226 1399 2262 σαρκὶ.
1411 2226 1601 2261 ζωογονηθεὶς
1613 2224 1647 2251 δὲ
1657 2224 1812 2258 πνεύματι,

1030 2275 1077 2301 καὶ
1098 2274 1134 2301 τά
1158 2274 1232 2309 ἑξῆς.
1247 2272 1424 2308 Σταυροῦται,
1438 2272 1580 2304 θάπτεται,
1597 2270 1761 2306 κατέρχεται
1774 2270 1814 2300 είς

1030 2321 1065 2347 τὰ
1078 2320 1241 2355 καταχθόνια
1255 2320 1284 2346 ὲν
1296 2319 1402 2354 θεότητι
1415 2319 1462 2345 καὶ
1473 2319 1502 2345 ἐν
1512 2317 1584 2353 ψυχῇ
1594 2324 1602 2331 ·
1617 2315 1815 2352 αίχμαλωτεύει

1030 2367 1080 2401 τὴν
1097 2365 1293 2401 αἰχμαλωσίαν,
1303 2365 1351 2391 καὶ¹
1363 2363 1504 2391 ἀνίσταται
1520 2365 1553 2399 τῇ
1567 2362 1645 2398 τρίτῃ
1659 2361 1750 2397 ἡμέρᾳ
1765 2361 1813 2387 σὺν

1031 2411 1105 2447 αὺτῷ
1120 2411 1159 2446 τῷ
1172 2411 1242 2446 ἁγίῳ
1258 2410 1375 2446 σώματι,
1391 2410 1541 2441 συνενώσας
1555 2409 1585 2436 τὸ
1600 2409 1679 2444 σῶμα
1701 2409 1735 2443 τῇ
1756 2407 1814 2434 θεὰ

1031 2458 1102 2493 τητι.
1121 2456 1218 2492 μηκέτι
1236 2456 1375 2491 λυόμενον,
1397 2457 1495 2491 μηκέτι
1517 2455 1630 2490 πάσχον,
1649 2453 1746 2490 μηκέτι
1762 2453 1814 2480 ύπθ

1032 2503 1147 2529 θανάτου
1172 2501 1374 2538 κυριευόμενον,
1389 2501 1427 2533 ὥς
1441 2509 1522 2536 φησιν
1537 2501 1552 2527 ὁ
1566 2499 1741 2530 Ἀπόστολος·
1759 2498 1814 2525 Θά-

1031 2556 1121 2580 νατος
1134 2546 1227 2574 αὐτοῦ
1240 2546 1341 2574 οὐκέτι
1351 2547 1490 2581 κυριεύει.

1066 2594 1102 2620 Γ’.
1124 2593 1195 2620 Δὺτὺ
1207 2592 1287 2628 σῶμα
1301 2592 1444 2627 ἀληθινῶς,
1455 2591 1538 2626 αὐτὴν
1553 2592 1602 2627 τὴν
1615 2591 1714 2626 σάρκα,
1729 2589 1814 2623 αὐτὴν

1031 2639 1081 2676 τὴν
1098 2638 1197 2674 ψυχὴν.
1209 2638 1278 2665 αὺτά
1289 2638 1324 2665 τά
1337 2639 1426 2666 πάντα
1437 2660 1444 2672 ,
1460 2639 1509 2665 οὐκ
1525 2638 1588 2664 ἀλλο
1604 2646 1630 2664 τι
1644 2636 1719 2671 παρά
1736 2635 1767 2662 τὸ
1785 2635 1813 2662 δν

1034 2685 1112 2720 σῶμα
1123 2705 1130 2717 ,
1145 2684 1202 2710 ἀλλ’
1220 2684 1285 2710 αὐτὸ
1301 2685 1331 2711 τὸ
1344 2684 1373 2711 ὃν
1392 2683 1598 2719 ὲνδυναμώσας,
1615 2683 1654 2714 εἰς
1677 2681 1742 2717 μίαν
1757 2681 1815 2708 ἐνό-

1034 2738 1118 2766 τητα,
1135 2730 1173 2761 εἰς
1194 2728 1257 2764 μίαν
1275 2728 1388 2766 θεότητα
1399 2750 1407 2763 ,
1428 2730 1458 2757 τὸ
1474 2728 1603 2765 σαρκικον
1619 2726 1771 2762 ¹ἀφθαρτον.
1786 2725 1815 2753 τὴ
