  <div class='ocr_page' id='page_1' title='image "/cluster/home/n/w/nwhite01/storage/ocr_20150623/41/njp.32101007805813/158.png"; bbox 0 0 1944 3037; ppageno 0'>
   <div class='ocr_carea' id='block_1_1' title="bbox 151 115 211 143">
    <p class='ocr_par' dir='ltr' id='par_1_1' title="bbox 151 115 211 143">
     <span class='ocr_line' id='line_1_1' title="bbox 151 115 211 143; baseline 0 0"><span class='ocrx_word' id='word_1_1' title='bbox 151 115 211 143; x_wconf 68' lang='lat'><strong>277</strong></span> 
     </span>
    </p>
   </div>
   <div class='ocr_carea' id='block_1_2' title="bbox 495 114 943 149">
    <p class='ocr_par' dir='ltr' id='par_1_2' title="bbox 495 114 942 143">
     <span class='ocr_line' id='line_1_2' title="bbox 495 114 942 143; baseline 0.002 -1"><span class='ocrx_word' id='word_1_2' title='bbox 495 115 680 143; x_wconf 78' lang='lat' dir='ltr'><strong>ADVERSUS</strong></span> <span class='ocrx_word' id='word_1_3' title='bbox 699 114 869 143; x_wconf 66' lang='grc' dir='ltr'><strong>ίΙίΕΒΕὸΕΞ</strong></span> <span class='ocrx_word' id='word_1_4' title='bbox 886 115 942 143; x_wconf 71' lang='lat' dir='ltr'><strong>LIB</strong></span> 
     </span>
    </p>
   </div>
   <div class='ocr_carea' id='block_1_3' title="bbox 994 114 1423 149">
    <p class='ocr_par' dir='ltr' id='par_1_3' title="bbox 1014 116 1423 149">
     <span class='ocr_line' id='line_1_3' title="bbox 1014 116 1423 149; baseline 0.01 -5"><span class='ocrx_word' id='word_1_5' title='bbox 1014 116 1096 145; x_wconf 78' lang='lat' dir='ltr'><strong>TOM.</strong></span> <span class='ocrx_word' id='word_1_6' title='bbox 1115 116 1136 144; x_wconf 91' lang='grc' dir='ltr'>Ι.</span> <span class='ocrx_word' id='word_1_7' title='bbox 1157 133 1191 137; x_wconf 94' lang='grc'><strong>-</strong></span> <span class='ocrx_word' id='word_1_8' title='bbox 1210 117 1347 147; x_wconf 73' lang='grc' dir='ltr'><strong>ΗΑΞΒΕΞ.</strong></span> <span class='ocrx_word' id='word_1_9' title='bbox 1365 118 1423 149; x_wconf 76' lang='lat' dir='ltr'><strong>XX.</strong></span> 
     </span>
    </p>
   </div>
   <div class='ocr_carea' id='block_1_4' title="bbox 1723 123 1780 152">
    <p class='ocr_par' dir='ltr' id='par_1_4' title="bbox 1723 123 1780 152">
     <span class='ocr_line' id='line_1_4' title="bbox 1723 123 1780 152; baseline 0.018 -1"><span class='ocrx_word' id='word_1_10' title='bbox 1723 123 1780 152; x_wconf 74' lang='grc'><strong>⁸278</strong></span> 
     </span>
    </p>
   </div>
   <div class='ocr_carea' id='block_1_5' title="bbox 155 171 943 209">
    <p class='ocr_par' dir='ltr' id='par_1_5' title="bbox 155 171 943 209">
     <span class='ocr_line' id='line_1_5' title="bbox 155 171 943 209; baseline -0.001 -9"><span class='ocrx_word' id='word_1_11' title='bbox 155 173 316 209; x_wconf 80' lang='grc' dir='ltr'>σωματικὸν</span> <span class='ocrx_word' id='word_1_12' title='bbox 331 171 515 207; x_wconf 77' lang='grc' dir='ltr'>πνευματικὸν</span> <span class='ocrx_word' id='word_1_13' title='bbox 525 194 532 205; x_wconf 89' lang='grc'><strong>,</strong></span> <span class='ocrx_word' id='word_1_14' title='bbox 545 173 576 199; x_wconf 76' lang='grc' dir='ltr'>τὸ</span> <span class='ocrx_word' id='word_1_15' title='bbox 595 173 752 208; x_wconf 80' lang='grc' dir='ltr'><strong>παχυμερὲς</strong></span> <span class='ocrx_word' id='word_1_16' title='bbox 769 172 943 209; x_wconf 81' lang='grc' dir='ltr'>λεπτομερὲς,</span> 
     </span>
    </p>
   </div>
   <div class='ocr_carea' id='block_1_6' title="bbox 994 171 1778 209">
    <p class='ocr_par' dir='ltr' id='par_1_6' title="bbox 998 173 1778 209">
     <span class='ocr_line' id='line_1_6' title="bbox 998 173 1778 209; baseline 0.01 -9"><span class='ocrx_word' id='word_1_17' title='bbox 998 173 1118 209; x_wconf 89' lang='lat' dir='ltr'><strong>inquam,</strong></span> <span class='ocrx_word' id='word_1_18' title='bbox 1128 174 1297 202; x_wconf 73' lang='lat' dir='ltr'><strong>divinitatem</strong></span> <span class='ocrx_word' id='word_1_19' title='bbox 1319 176 1488 204; x_wconf 89' lang='lat' dir='ltr'><strong>consociavit</strong></span> <span class='ocrx_word' id='word_1_20' title='bbox 1500 185 1508 208; x_wconf 88' lang='lat'><strong>;</strong></span> <span class='ocrx_word' id='word_1_21' title='bbox 1526 181 1558 204; x_wconf 86' lang='lat' dir='ltr'><strong>ut</strong></span> <span class='ocrx_word' id='word_1_22' title='bbox 1573 181 1600 206; x_wconf 92' lang='lat' dir='ltr'><strong>et</strong></span> <span class='ocrx_word' id='word_1_23' title='bbox 1615 186 1698 207; x_wconf 87' lang='lat' dir='ltr'><strong>carne</strong></span> <span class='ocrx_word' id='word_1_24' title='bbox 1711 187 1778 207; x_wconf 89' lang='lat' dir='ltr'><strong>con-</strong></span> 
     </span>
    </p>
   </div>
   <div class='ocr_carea' id='block_1_7' title="bbox 155 219 946 256">
    <p class='ocr_par' dir='ltr' id='par_1_7' title="bbox 155 219 946 256">
     <span class='ocr_line' id='line_1_7' title="bbox 155 219 946 256; baseline -0.001 -9"><span class='ocrx_word' id='word_1_25' title='bbox 155 220 189 247; x_wconf 74' lang='grc' dir='ltr'><strong>τὸ</strong></span> <span class='ocrx_word' id='word_1_26' title='bbox 201 220 297 256; x_wconf 82' lang='grc' dir='ltr'>θνητὸν</span> <span class='ocrx_word' id='word_1_27' title='bbox 314 219 457 252; x_wconf 74' lang='grc' dir='ltr'>ἀθάνατον,</span> <span class='ocrx_word' id='word_1_28' title='bbox 476 219 512 255; x_wconf 87' lang='grc' dir='ltr'>μὴ</span> <span class='ocrx_word' id='word_1_29' title='bbox 524 219 645 255; x_wconf 83' lang='grc' dir='ltr'>ἑωρακὸς</span> <span class='ocrx_word' id='word_1_30' title='bbox 656 219 724 251; x_wconf 82' lang='grc' dir='ltr'><strong>ὅλως</strong></span> <span class='ocrx_word' id='word_1_31' title='bbox 735 219 894 254; x_wconf 82' lang='grc' dir='ltr'>διαφθορὰν,</span> <span class='ocrx_word' id='word_1_32' title='bbox 908 219 946 254; x_wconf 81' lang='grc' dir='ltr'>μὴ</span> 
     </span>
    </p>
   </div>
   <div class='ocr_carea' id='block_1_8' title="bbox 155 263 946 300">
    <p class='ocr_par' dir='ltr' id='par_1_8' title="bbox 155 263 946 300">
     <span class='ocr_line' id='line_1_8' title="bbox 155 263 946 300; baseline -0.003 -8"><span class='ocrx_word' id='word_1_33' title='bbox 155 265 385 300; x_wconf 80' lang='grc' dir='ltr'><strong>καταλειφθείσης</strong></span> <span class='ocrx_word' id='word_1_34' title='bbox 400 264 451 299; x_wconf 82' lang='grc' dir='ltr'>τῆς</span> <span class='ocrx_word' id='word_1_35' title='bbox 468 264 559 299; x_wconf 83' lang='grc' dir='ltr'>ψυχῆς</span> <span class='ocrx_word' id='word_1_36' title='bbox 580 265 609 290; x_wconf 81' lang='grc' dir='ltr'>ὲν</span> <span class='ocrx_word' id='word_1_37' title='bbox 625 263 692 300; x_wconf 72' lang='grc' dir='ltr'>ᾄδῃ,</span> <span class='ocrx_word' id='word_1_38' title='bbox 709 264 747 299; x_wconf 87' lang='grc' dir='ltr'>μὴ</span> <span class='ocrx_word' id='word_1_39' title='bbox 771 264 946 299; x_wconf 82' lang='grc' dir='ltr'><strong>μερισθέντος</strong></span> 
     </span>
    </p>
   </div>
   <div class='ocr_carea' id='block_1_9' title="bbox 153 308 945 346">
    <p class='ocr_par' dir='ltr' id='par_1_9' title="bbox 153 308 945 346">
     <span class='ocr_line' id='line_1_9' title="bbox 153 308 945 346; baseline -0.001 -9"><span class='ocrx_word' id='word_1_40' title='bbox 153 310 206 337; x_wconf 77' lang='grc' dir='ltr'><strong>τοῦ</strong></span> <span class='ocrx_word' id='word_1_41' title='bbox 224 310 340 346; x_wconf 83' lang='grc' dir='ltr'><strong>ὀργάνου</strong></span> <span class='ocrx_word' id='word_1_42' title='bbox 358 310 426 345; x_wconf 79' lang='grc' dir='ltr'>πρὸς</span> <span class='ocrx_word' id='word_1_43' title='bbox 444 309 590 345; x_wconf 82' lang='grc' dir='ltr'>ἁμαρτίαν,</span> <span class='ocrx_word' id='word_1_44' title='bbox 608 310 644 345; x_wconf 80' lang='grc' dir='ltr'>μὴ</span> <span class='ocrx_word' id='word_1_45' title='bbox 657 309 818 345; x_wconf 84' lang='grc' dir='ltr'>χρανθέντος</span> <span class='ocrx_word' id='word_1_46' title='bbox 836 310 884 336; x_wconf 78' lang='grc' dir='ltr'>τοῦ</span> <span class='ocrx_word' id='word_1_47' title='bbox 898 308 945 336; x_wconf 81' lang='grc' dir='ltr'><strong>νού</strong></span> 
     </span>
    </p>
   </div>
   <div class='ocr_carea' id='block_1_10' title="bbox 153 354 946 392">
    <p class='ocr_par' dir='ltr' id='par_1_10' title="bbox 153 354 946 392">
     <span class='ocr_line' id='line_1_10' title="bbox 153 354 946 392; baseline 0.001 -10"><span class='ocrx_word' id='word_1_48' title='bbox 153 357 246 392; x_wconf 79' lang='grc' dir='ltr'>τροπῇ</span> <span class='ocrx_word' id='word_1_49' title='bbox 258 375 266 387; x_wconf 87' lang='grc'><strong>,</strong></span> <span class='ocrx_word' id='word_1_50' title='bbox 280 355 348 382; x_wconf 82' lang='grc' dir='ltr'><strong>ἀλλά</strong></span> <span class='ocrx_word' id='word_1_51' title='bbox 360 355 395 382; x_wconf 84' lang='grc' dir='ltr'><strong>τὰ</strong></span> <span class='ocrx_word' id='word_1_52' title='bbox 408 355 457 382; x_wconf 76' lang='grc' dir='ltr'>ὅλα</span> <span class='ocrx_word' id='word_1_53' title='bbox 473 355 524 390; x_wconf 83' lang='grc' dir='ltr'>μὲν</span> <span class='ocrx_word' id='word_1_54' title='bbox 540 355 684 391; x_wconf 81' lang='grc' dir='ltr'>ἀνθρώπου</span> <span class='ocrx_word' id='word_1_55' title='bbox 700 354 789 382; x_wconf 87' lang='grc' dir='ltr'>λαϐὼν</span> <span class='ocrx_word' id='word_1_56' title='bbox 799 376 807 388; x_wconf 91' lang='grc'><strong>,</strong></span> <span class='ocrx_word' id='word_1_57' title='bbox 825 355 946 389; x_wconf 81' lang='grc' dir='ltr'><strong>φυλάξας</strong></span> 
     </span>
    </p>
   </div>
   <div class='ocr_carea' id='block_1_11' title="bbox 155 400 945 437">
    <p class='ocr_par' dir='ltr' id='par_1_11' title="bbox 155 400 945 437">
     <span class='ocr_line' id='line_1_11' title="bbox 155 400 945 437; baseline 0 -9"><span class='ocrx_word' id='word_1_58' title='bbox 155 401 187 428; x_wconf 76' lang='grc' dir='ltr'>δὲ</span> <span class='ocrx_word' id='word_1_59' title='bbox 202 401 250 429; x_wconf 85' lang='grc' dir='ltr'>ὂλα</span> <span class='ocrx_word' id='word_1_60' title='bbox 262 401 352 428; x_wconf 88' lang='grc' dir='ltr'>τέλεια</span> <span class='ocrx_word' id='word_1_61' title='bbox 372 400 566 432; x_wconf 83' lang='grc' dir='ltr'>ὲπιδεδωκυίας</span> <span class='ocrx_word' id='word_1_62' title='bbox 579 400 628 436; x_wconf 83' lang='grc' dir='ltr'>τῆς</span> <span class='ocrx_word' id='word_1_63' title='bbox 643 400 769 436; x_wconf 84' lang='grc' dir='ltr'><strong>θεότητος</strong></span> <span class='ocrx_word' id='word_1_64' title='bbox 781 402 814 437; x_wconf 83' lang='grc' dir='ltr'>τῇ</span> <span class='ocrx_word' id='word_1_65' title='bbox 832 401 945 437; x_wconf 83' lang='grc' dir='ltr'><strong>ἀληθινῇ</strong></span> 
     </span>
    </p>
   </div>
   <div class='ocr_carea' id='block_1_12' title="bbox 155 446 945 483">
    <p class='ocr_par' dir='ltr' id='par_1_12' title="bbox 155 446 945 483">
     <span class='ocr_line' id='line_1_12' title="bbox 155 446 945 483; baseline 0.001 -10"><span class='ocrx_word' id='word_1_66' title='bbox 155 446 364 483; x_wconf 81' lang='grc' dir='ltr'>ὲνανθρωπήσει</span> <span class='ocrx_word' id='word_1_67' title='bbox 387 447 456 482; x_wconf 79' lang='grc' dir='ltr'>πρὸς</span> <span class='ocrx_word' id='word_1_68' title='bbox 475 446 525 478; x_wconf 85' lang='grc' dir='ltr'><strong>τὰς</strong></span> <span class='ocrx_word' id='word_1_69' title='bbox 547 446 673 480; x_wconf 82' lang='grc' dir='ltr'><strong>εὐλόγους</strong></span> <span class='ocrx_word' id='word_1_70' title='bbox 695 447 807 482; x_wconf 82' lang='grc' dir='ltr'><strong>χρείας,</strong></span> <span class='ocrx_word' id='word_1_71' title='bbox 828 447 900 482; x_wconf 90' lang='grc' dir='ltr'>λέγω</span> <span class='ocrx_word' id='word_1_72' title='bbox 913 448 945 483; x_wconf 85' lang='grc' dir='ltr'>δὴ</span> 
     </span>
    </p>
   </div>
   <div class='ocr_carea' id='block_1_13' title="bbox 155 491 946 528">
    <p class='ocr_par' dir='ltr' id='par_1_13' title="bbox 155 491 946 528">
     <span class='ocr_line' id='line_1_13' title="bbox 155 491 946 528; baseline 0 -10"><span class='ocrx_word' id='word_1_73' title='bbox 155 492 210 524; x_wconf 84' lang='grc' dir='ltr'><strong>τὰς</strong></span> <span class='ocrx_word' id='word_1_74' title='bbox 227 493 258 519; x_wconf 82' lang='grc' dir='ltr'>ὲκ</span> <span class='ocrx_word' id='word_1_75' title='bbox 273 491 397 526; x_wconf 84' lang='grc' dir='ltr'>σώματός</span> <span class='ocrx_word' id='word_1_76' title='bbox 414 500 444 518; x_wconf 85' lang='grc' dir='ltr'><strong>τε</strong></span> <span class='ocrx_word' id='word_1_77' title='bbox 461 492 508 518; x_wconf 73' lang='grc' dir='ltr'>καὶ</span> <span class='ocrx_word' id='word_1_78' title='bbox 521 491 624 527; x_wconf 82' lang='grc' dir='ltr'>ψυχῆς,</span> <span class='ocrx_word' id='word_1_79' title='bbox 639 492 687 518; x_wconf 78' lang='grc' dir='ltr'><strong>καὶ</strong></span> <span class='ocrx_word' id='word_1_80' title='bbox 701 492 733 518; x_wconf 80' lang='grc' dir='ltr'>ἐκ</span> <span class='ocrx_word' id='word_1_81' title='bbox 746 491 791 518; x_wconf 81' lang='grc' dir='ltr'>νοῦ</span> <span class='ocrx_word' id='word_1_82' title='bbox 807 492 946 528; x_wconf 88' lang='grc' dir='ltr'>ἀνθρωπί-</span> 
     </span>
    </p>
   </div>
   <div class='ocr_carea' id='block_1_14' title="bbox 155 537 944 575">
    <p class='ocr_par' dir='ltr' id='par_1_14' title="bbox 155 537 944 575">
     <span class='ocr_line' id='line_1_14' title="bbox 155 537 944 575; baseline -0.001 -10"><span class='ocrx_word' id='word_1_83' title='bbox 155 546 206 565; x_wconf 85' lang='grc' dir='ltr'><strong>νου</strong></span> <span class='ocrx_word' id='word_1_84' title='bbox 218 537 434 573; x_wconf 76' lang='grc' dir='ltr'>ὲπιζητουμένας</span> <span class='ocrx_word' id='word_1_85' title='bbox 450 537 499 573; x_wconf 85' lang='grc' dir='ltr'><strong>τὴν</strong></span> <span class='ocrx_word' id='word_1_86' title='bbox 512 537 708 574; x_wconf 80' lang='grc' dir='ltr'><strong>πληροφορίαν,</strong></span> <span class='ocrx_word' id='word_1_87' title='bbox 726 538 850 564; x_wconf 80' lang='grc' dir='ltr'><strong>τουτέστι</strong></span> <span class='ocrx_word' id='word_1_88' title='bbox 864 537 944 575; x_wconf 86' lang='grc' dir='ltr'>πείνῃ</span> 
     </span>
    </p>
   </div>
   <div class='ocr_carea' id='block_1_15' title="bbox 156 583 946 620">
    <p class='ocr_par' dir='ltr' id='par_1_15' title="bbox 156 583 946 620">
     <span class='ocr_line' id='line_1_15' title="bbox 156 583 946 620; baseline -0.001 -9"><span class='ocrx_word' id='word_1_89' title='bbox 156 584 207 611; x_wconf 80' lang='grc' dir='ltr'>καὶ</span> <span class='ocrx_word' id='word_1_90' title='bbox 224 584 293 620; x_wconf 74' lang='grc' dir='ltr'>δίψει</span> <span class='ocrx_word' id='word_1_91' title='bbox 303 604 310 616; x_wconf 87' lang='grc'><strong>,</strong></span> <span class='ocrx_word' id='word_1_92' title='bbox 326 583 458 619; x_wconf 83' lang='grc' dir='ltr'>κλαυθμῷ</span> <span class='ocrx_word' id='word_1_93' title='bbox 471 592 501 610; x_wconf 86' lang='grc' dir='ltr'><strong>τε</strong></span> <span class='ocrx_word' id='word_1_94' title='bbox 515 584 561 610; x_wconf 73' lang='grc' dir='ltr'>καὶ</span> <span class='ocrx_word' id='word_1_95' title='bbox 576 583 681 619; x_wconf 76' lang='grc' dir='ltr'>ἀθυμίᾳ</span> <span class='ocrx_word' id='word_1_96' title='bbox 691 603 698 616; x_wconf 89' lang='grc'><strong>,</strong></span> <span class='ocrx_word' id='word_1_97' title='bbox 711 583 839 619; x_wconf 81' lang='grc' dir='ltr'><strong>δακρύσει</strong></span> <span class='ocrx_word' id='word_1_98' title='bbox 851 591 882 610; x_wconf 89' lang='grc' dir='ltr'><strong>τε</strong></span> <span class='ocrx_word' id='word_1_99' title='bbox 899 584 946 610; x_wconf 60' lang='grc' dir='ltr'><strong>καὶ¹</strong></span> 
     </span>
    </p>
   </div>
   <div class='ocr_carea' id='block_1_16' title="bbox 157 626 946 666">
    <p class='ocr_par' dir='ltr' id='par_1_16' title="bbox 157 626 946 666">
     <span class='ocr_line' id='line_1_16' title="bbox 157 626 946 666; baseline -0.003 -9"><span class='ocrx_word' id='word_1_100' title='bbox 157 630 237 666; x_wconf 78' lang='grc' dir='ltr'>ὖπνῳ</span> <span class='ocrx_word' id='word_1_101' title='bbox 250 630 298 657; x_wconf 73' lang='grc' dir='ltr'><strong>καὶ</strong></span> <span class='ocrx_word' id='word_1_102' title='bbox 312 629 475 657; x_wconf 82' lang='grc' dir='ltr'><strong>ἀναπαύσει.</strong></span> <span class='ocrx_word' id='word_1_103' title='bbox 497 628 589 656; x_wconf 82' lang='grc' dir='ltr'>Ταῦτα</span> <span class='ocrx_word' id='word_1_104' title='bbox 608 629 663 664; x_wconf 87' lang='grc' dir='ltr'>γὰρ</span> <span class='ocrx_word' id='word_1_105' title='bbox 679 629 727 664; x_wconf 83' lang='grc' dir='ltr'>οὐχ</span> <span class='ocrx_word' id='word_1_106' title='bbox 751 629 887 664; x_wconf 81' lang='grc' dir='ltr'>ἁμαρτίας</span> <span class='ocrx_word' id='word_1_107' title='bbox 905 626 946 655; x_wconf 72' lang='grc' dir='ltr'><strong>εἷ-</strong></span> 
     </span>
    </p>
   </div>
   <div class='ocr_carea' id='block_1_17' title="bbox 156 674 944 711">
    <p class='ocr_par' dir='ltr' id='par_1_17' title="bbox 156 674 944 711">
     <span class='ocr_line' id='line_1_17' title="bbox 156 674 944 711; baseline -0.003 -9"><span class='ocrx_word' id='word_1_108' title='bbox 156 675 219 708; x_wconf 78' lang='grc' dir='ltr'>δος,</span> <span class='ocrx_word' id='word_1_109' title='bbox 242 675 298 702; x_wconf 82' lang='grc' dir='ltr'>ἀλλ’</span> <span class='ocrx_word' id='word_1_110' title='bbox 322 675 553 711; x_wconf 82' lang='grc' dir='ltr'>ὲνανθρωπήσεως</span> <span class='ocrx_word' id='word_1_111' title='bbox 580 674 765 710; x_wconf 82' lang='grc' dir='ltr'>ἁληθεστάτης</span> <span class='ocrx_word' id='word_1_112' title='bbox 790 674 944 709; x_wconf 76' lang='grc' dir='ltr'>γνώρισμα,</span> 
     </span>
    </p>
   </div>
   <div class='ocr_carea' id='block_1_18' title="bbox 157 719 945 757">
    <p class='ocr_par' dir='ltr' id='par_1_18' title="bbox 157 719 945 757">
     <span class='ocr_line' id='line_1_18' title="bbox 157 719 945 757; baseline -0.004 -9"><span class='ocrx_word' id='word_1_113' title='bbox 157 721 273 757; x_wconf 76' lang='grc' dir='ltr'>ἀληθείᾳ</span> <span class='ocrx_word' id='word_1_114' title='bbox 285 721 336 756; x_wconf 86' lang='grc' dir='ltr'>τῆς</span> <span class='ocrx_word' id='word_1_115' title='bbox 352 721 477 756; x_wconf 73' lang='grc' dir='ltr'><strong>θεότητος</strong></span> <span class='ocrx_word' id='word_1_116' title='bbox 492 719 625 754; x_wconf 80' lang='grc' dir='ltr'>συνούσης</span> <span class='ocrx_word' id='word_1_117' title='bbox 640 721 672 755; x_wconf 88' lang='grc' dir='ltr'>τῇ</span> <span class='ocrx_word' id='word_1_118' title='bbox 690 719 880 755; x_wconf 84' lang='grc' dir='ltr'>ἀνθρωπότητι</span> <span class='ocrx_word' id='word_1_119' title='bbox 891 738 898 751; x_wconf 86' lang='lat'><strong>,</strong></span> <span class='ocrx_word' id='word_1_120' title='bbox 913 719 945 745; x_wconf 77' lang='grc' dir='ltr'>οὐ</span> 
     </span>
    </p>
   </div>
   <div class='ocr_carea' id='block_1_19' title="bbox 158 764 946 802">
    <p class='ocr_par' dir='ltr' id='par_1_19' title="bbox 158 764 946 802">
     <span class='ocr_line' id='line_1_19' title="bbox 158 764 946 802; baseline -0.005 -8"><span class='ocrx_word' id='word_1_121' title='bbox 158 766 195 794; x_wconf 82' lang='grc' dir='ltr'>τὰ</span> <span class='ocrx_word' id='word_1_122' title='bbox 210 766 366 802; x_wconf 82' lang='grc' dir='ltr'>ἀνθρώπινα</span> <span class='ocrx_word' id='word_1_123' title='bbox 382 765 549 801; x_wconf 81' lang='grc' dir='ltr'>πασχούσης,</span> <span class='ocrx_word' id='word_1_124' title='bbox 567 764 636 792; x_wconf 85' lang='grc' dir='ltr'>ἀλλὰ</span> <span class='ocrx_word' id='word_1_125' title='bbox 646 765 696 800; x_wconf 85' lang='grc' dir='ltr'>τῆς</span> <span class='ocrx_word' id='word_1_126' title='bbox 710 764 836 800; x_wconf 84' lang='grc' dir='ltr'>θεότητος</span> <span class='ocrx_word' id='word_1_127' title='bbox 851 773 946 791; x_wconf 87' lang='grc' dir='ltr'>συνευ-</span> 
     </span>
    </p>
   </div>
   <div class='ocr_carea' id='block_1_20' title="bbox 157 809 945 848">
    <p class='ocr_par' dir='ltr' id='par_1_20' title="bbox 157 809 945 848">
     <span class='ocr_line' id='line_1_20' title="bbox 157 809 945 848; baseline -0.004 -9"><span class='ocrx_word' id='word_1_128' title='bbox 157 812 291 848; x_wconf 82' lang='grc' dir='ltr'>δοκούσης</span> <span class='ocrx_word' id='word_1_129' title='bbox 309 813 348 844; x_wconf 87' lang='grc' dir='ltr'><strong>είς</strong></span> <span class='ocrx_word' id='word_1_130' title='bbox 362 812 396 838; x_wconf 86' lang='grc' dir='ltr'><strong>τὰ</strong></span> <span class='ocrx_word' id='word_1_131' title='bbox 414 811 522 845; x_wconf 76' lang='grc' dir='ltr'>εὔλογα,</span> <span class='ocrx_word' id='word_1_132' title='bbox 536 811 584 838; x_wconf 74' lang='grc' dir='ltr'>καὶ</span> <span class='ocrx_word' id='word_1_133' title='bbox 597 811 631 837; x_wconf 85' lang='grc' dir='ltr'>τὰ</span> <span class='ocrx_word' id='word_1_134' title='bbox 647 811 725 842; x_wconf 69' lang='grc' dir='ltr'>ἐκτὸς</span> <span class='ocrx_word' id='word_1_135' title='bbox 742 809 879 846; x_wconf 85' lang='grc' dir='ltr'>ἁμαρτίας</span> <span class='ocrx_word' id='word_1_136' title='bbox 899 809 945 836; x_wconf 69' lang='grc' dir='ltr'>καὶ</span> 
     </span>
    </p>
   </div>
   <div class='ocr_carea' id='block_1_21' title="bbox 157 856 942 894">
    <p class='ocr_par' dir='ltr' id='par_1_21' title="bbox 157 856 942 894">
     <span class='ocr_line' id='line_1_21' title="bbox 157 856 942 894; baseline -0.004 -9"><span class='ocrx_word' id='word_1_137' title='bbox 157 859 263 894; x_wconf 86' lang='grc' dir='ltr'>τροπῆς</span> <span class='ocrx_word' id='word_1_138' title='bbox 280 858 507 894; x_wconf 74' lang='grc' dir='ltr'>ἀπηγορευμένης</span> <span class='ocrx_word' id='word_1_139' title='bbox 517 867 523 872; x_wconf 93' lang='grc'>·</span> <span class='ocrx_word' id='word_1_140' title='bbox 539 857 638 892; x_wconf 81' lang='grc' dir='ltr'>ἀνέστη</span> <span class='ocrx_word' id='word_1_141' title='bbox 649 877 657 890; x_wconf 89' lang='lat'><strong>,</strong></span> <span class='ocrx_word' id='word_1_142' title='bbox 672 857 719 883; x_wconf 81' lang='grc' dir='ltr'>καὶ</span> <span class='ocrx_word' id='word_1_143' title='bbox 735 856 824 892; x_wconf 83' lang='grc' dir='ltr'>θυρῶν</span> <span class='ocrx_word' id='word_1_144' title='bbox 837 856 942 883; x_wconf 74' lang='grc' dir='ltr'>κεκλειυ</span> 
     </span>
    </p>
   </div>
   <div class='ocr_carea' id='block_1_22' title="bbox 157 903 946 940">
    <p class='ocr_par' dir='ltr' id='par_1_22' title="bbox 157 903 946 940">
     <span class='ocr_line' id='line_1_22' title="bbox 157 903 946 940; baseline -0.004 -9"><span class='ocrx_word' id='word_1_145' title='bbox 157 904 265 940; x_wconf 84' lang='grc' dir='ltr'>σμένων</span> <span class='ocrx_word' id='word_1_146' title='bbox 279 903 412 939; x_wconf 70' lang='grc' dir='ltr'>εἰσῆλθεν,</span> <span class='ocrx_word' id='word_1_147' title='bbox 429 904 473 931; x_wconf 74' lang='grc' dir='ltr'><strong>ἵνα</strong></span> <span class='ocrx_word' id='word_1_148' title='bbox 484 903 514 930; x_wconf 83' lang='grc' dir='ltr'><strong>τὸ</strong></span> <span class='ocrx_word' id='word_1_149' title='bbox 528 903 685 939; x_wconf 78' lang='grc' dir='ltr'>παχυμερὲς</span> <span class='ocrx_word' id='word_1_150' title='bbox 699 903 866 938; x_wconf 80' lang='grc' dir='ltr'>λεπτομερὲς</span> <span class='ocrx_word' id='word_1_151' title='bbox 877 903 946 929; x_wconf 86' lang='grc' dir='ltr'>ἀπο-</span> 
     </span>
    </p>
   </div>
   <div class='ocr_carea' id='block_1_23' title="bbox 156 948 945 985">
    <p class='ocr_par' dir='ltr' id='par_1_23' title="bbox 156 948 945 985">
     <span class='ocr_line' id='line_1_23' title="bbox 156 948 945 985; baseline -0.001 -9"><span class='ocrx_word' id='word_1_152' title='bbox 156 949 232 985; x_wconf 77' lang='grc' dir='ltr'>δείξῃ</span> <span class='ocrx_word' id='word_1_153' title='bbox 243 970 250 983; x_wconf 87' lang='grc'><strong>,</strong></span> <span class='ocrx_word' id='word_1_154' title='bbox 265 949 331 977; x_wconf 77' lang='grc' dir='ltr'>αύτὺ</span> <span class='ocrx_word' id='word_1_155' title='bbox 345 950 375 976; x_wconf 81' lang='grc' dir='ltr'>τὸ</span> <span class='ocrx_word' id='word_1_156' title='bbox 389 949 419 976; x_wconf 74' lang='grc' dir='ltr'>ἣν</span> <span class='ocrx_word' id='word_1_157' title='bbox 436 949 484 976; x_wconf 80' lang='grc' dir='ltr'>σὺν</span> <span class='ocrx_word' id='word_1_158' title='bbox 502 949 584 984; x_wconf 82' lang='grc' dir='ltr'>σαρκὶ</span> <span class='ocrx_word' id='word_1_159' title='bbox 597 949 646 975; x_wconf 77' lang='grc' dir='ltr'>καὶ</span> <span class='ocrx_word' id='word_1_160' title='bbox 666 948 779 980; x_wconf 80' lang='grc' dir='ltr'>ὀστέοις.</span> <span class='ocrx_word' id='word_1_161' title='bbox 794 948 872 976; x_wconf 84' lang='grc' dir='ltr'>Μετὰ</span> <span class='ocrx_word' id='word_1_162' title='bbox 891 948 945 985; x_wconf 81' lang='grc' dir='ltr'><strong>γὰρ</strong></span> 
     </span>
    </p>
   </div>
   <div class='ocr_carea' id='block_1_24' title="bbox 155 994 945 1030">
    <p class='ocr_par' dir='ltr' id='par_1_24' title="bbox 155 994 945 1030">
     <span class='ocr_line' id='line_1_24' title="bbox 155 994 945 1030; baseline -0.001 -9"><span class='ocrx_word' id='word_1_163' title='bbox 155 995 191 1022; x_wconf 82' lang='grc' dir='ltr'><strong>τδ</strong></span> <span class='ocrx_word' id='word_1_164' title='bbox 211 995 352 1028; x_wconf 73' lang='grc' dir='ltr'>εἰσελθεῖν,</span> <span class='ocrx_word' id='word_1_165' title='bbox 376 995 459 1028; x_wconf 75' lang='grc' dir='ltr'>ἔδειξε</span> <span class='ocrx_word' id='word_1_166' title='bbox 484 996 579 1030; x_wconf 82' lang='grc' dir='ltr'>χεῖρας</span> <span class='ocrx_word' id='word_1_167' title='bbox 591 994 639 1021; x_wconf 69' lang='grc' dir='ltr'><strong>καὶ¹</strong></span> <span class='ocrx_word' id='word_1_168' title='bbox 653 994 737 1026; x_wconf 85' lang='grc' dir='ltr'>πόδας</span> <span class='ocrx_word' id='word_1_169' title='bbox 757 994 805 1021; x_wconf 77' lang='grc' dir='ltr'>καὶ</span> <span class='ocrx_word' id='word_1_170' title='bbox 824 994 945 1029; x_wconf 86' lang='grc' dir='ltr'>πλευρὰν</span> 
     </span>
    </p>
   </div>
   <div class='ocr_carea' id='block_1_25' title="bbox 156 1039 944 1076">
    <p class='ocr_par' dir='ltr' id='par_1_25' title="bbox 156 1039 944 1076">
     <span class='ocr_line' id='line_1_25' title="bbox 156 1039 944 1076; baseline -0.003 -8"><span class='ocrx_word' id='word_1_171' title='bbox 156 1041 335 1076; x_wconf 79' lang='grc' dir='ltr'>νενυγμένην,</span> <span class='ocrx_word' id='word_1_172' title='bbox 348 1041 429 1067; x_wconf 82' lang='grc' dir='ltr'>ὀστέα</span> <span class='ocrx_word' id='word_1_173' title='bbox 443 1049 473 1067; x_wconf 80' lang='grc' dir='ltr'><strong>τε</strong></span> <span class='ocrx_word' id='word_1_174' title='bbox 488 1041 534 1067; x_wconf 72' lang='grc' dir='ltr'>καὶ</span> <span class='ocrx_word' id='word_1_175' title='bbox 554 1040 638 1076; x_wconf 85' lang='grc' dir='ltr'>νεῦρα</span> <span class='ocrx_word' id='word_1_176' title='bbox 648 1059 657 1072; x_wconf 83' lang='grc'><strong>,</strong></span> <span class='ocrx_word' id='word_1_177' title='bbox 676 1040 724 1066; x_wconf 76' lang='grc' dir='ltr'>καὶ</span> <span class='ocrx_word' id='word_1_178' title='bbox 738 1039 821 1067; x_wconf 76' lang='grc' dir='ltr'>τᾶλλα</span> <span class='ocrx_word' id='word_1_179' title='bbox 831 1059 838 1072; x_wconf 92' lang='grc'><strong>,</strong></span> <span class='ocrx_word' id='word_1_180' title='bbox 854 1039 892 1071; x_wconf 87' lang='grc' dir='ltr'><strong>ὡς</strong></span> <span class='ocrx_word' id='word_1_181' title='bbox 907 1039 944 1076; x_wconf 79' lang='grc' dir='ltr'>μὴ</span> 
     </span>
    </p>
   </div>
   <div class='ocr_carea' id='block_1_26' title="bbox 157 1085 944 1122">
    <p class='ocr_par' dir='ltr' id='par_1_26' title="bbox 157 1085 944 1122">
     <span class='ocr_line' id='line_1_26' title="bbox 157 1085 944 1122; baseline -0.004 -8"><span class='ocrx_word' id='word_1_182' title='bbox 157 1086 228 1114; x_wconf 81' lang='grc' dir='ltr'>εἶναι</span> <span class='ocrx_word' id='word_1_183' title='bbox 239 1087 389 1121; x_wconf 85' lang='grc' dir='ltr'>φαντασίαν</span> <span class='ocrx_word' id='word_1_184' title='bbox 402 1086 436 1113; x_wconf 85' lang='grc' dir='ltr'><strong>τὰ</strong></span> <span class='ocrx_word' id='word_1_185' title='bbox 450 1086 586 1122; x_wconf 79' lang='grc' dir='ltr'>ὁρώμενα.</span> <span class='ocrx_word' id='word_1_186' title='bbox 600 1085 723 1118; x_wconf 81' lang='grc' dir='ltr'>Πίατεώς</span> <span class='ocrx_word' id='word_1_187' title='bbox 734 1094 764 1112; x_wconf 90' lang='grc' dir='ltr'><strong>τε</strong></span> <span class='ocrx_word' id='word_1_188' title='bbox 776 1086 823 1112; x_wconf 80' lang='grc' dir='ltr'>καὶ</span> <span class='ocrx_word' id='word_1_189' title='bbox 834 1085 944 1117; x_wconf 75' lang='grc' dir='ltr'>ἐλπίδος</span> 
     </span>
    </p>
   </div>
   <div class='ocr_carea' id='block_1_27' title="bbox 155 1129 943 1168">
    <p class='ocr_par' dir='ltr' id='par_1_27' title="bbox 155 1129 943 1168">
     <span class='ocr_line' id='line_1_27' title="bbox 155 1129 943 1168; baseline -0.003 -10"><span class='ocrx_word' id='word_1_190' title='bbox 155 1132 208 1168; x_wconf 82' lang='grc' dir='ltr'>τῆς</span> <span class='ocrx_word' id='word_1_191' title='bbox 227 1132 364 1168; x_wconf 86' lang='grc' dir='ltr'>ἡμετέρας</span> <span class='ocrx_word' id='word_1_192' title='bbox 376 1131 425 1167; x_wconf 85' lang='grc' dir='ltr'>τὴν</span> <span class='ocrx_word' id='word_1_193' title='bbox 438 1131 584 1167; x_wconf 81' lang='grc' dir='ltr'>ὑπόσχεσιν</span> <span class='ocrx_word' id='word_1_194' title='bbox 603 1131 721 1158; x_wconf 82' lang='grc' dir='ltr'>ἐποιεῖτο</span> <span class='ocrx_word' id='word_1_195' title='bbox 741 1131 774 1158; x_wconf 88' lang='grc' dir='ltr'><strong>δι’</strong></span> <span class='ocrx_word' id='word_1_196' title='bbox 789 1130 885 1157; x_wconf 76' lang='grc' dir='ltr'>ἑαυτοῦ</span> <span class='ocrx_word' id='word_1_197' title='bbox 909 1129 943 1156; x_wconf 84' lang='grc' dir='ltr'><strong>τὰ</strong></span> 
     </span>
    </p>
   </div>
   <div class='ocr_carea' id='block_1_28' title="bbox 155 1176 944 1212">
    <p class='ocr_par' dir='ltr' id='par_1_28' title="bbox 155 1176 944 1212">
     <span class='ocr_line' id='line_1_28' title="bbox 155 1176 944 1212; baseline -0.003 -7"><span class='ocrx_word' id='word_1_198' title='bbox 155 1178 207 1205; x_wconf 78' lang='grc' dir='ltr'>ὅλα</span> <span class='ocrx_word' id='word_1_199' title='bbox 223 1178 344 1208; x_wconf 77' lang='grc' dir='ltr'>τελείως.</span> <span class='ocrx_word' id='word_1_200' title='bbox 363 1178 419 1204; x_wconf 77' lang='grc' dir='ltr'><strong>Καὶ</strong></span> <span class='ocrx_word' id='word_1_201' title='bbox 434 1176 605 1209; x_wconf 79' lang='grc' dir='ltr'>συναλίζεται</span> <span class='ocrx_word' id='word_1_202' title='bbox 618 1177 649 1203; x_wconf 83' lang='grc' dir='ltr'><strong>ού</strong></span> <span class='ocrx_word' id='word_1_203' title='bbox 663 1177 784 1212; x_wconf 82' lang='grc' dir='ltr'>δοκήσει,</span> <span class='ocrx_word' id='word_1_204' title='bbox 799 1176 866 1203; x_wconf 83' lang='grc' dir='ltr'>ἀλλὰ</span> <span class='ocrx_word' id='word_1_205' title='bbox 878 1176 944 1212; x_wconf 84' lang='grc' dir='ltr'>ἀλη-</span> 
     </span>
    </p>
   </div>
   <div class='ocr_carea' id='block_1_29' title="bbox 157 1221 944 1259">
    <p class='ocr_par' dir='ltr' id='par_1_29' title="bbox 157 1221 944 1259">
     <span class='ocr_line' id='line_1_29' title="bbox 157 1221 944 1259; baseline -0.003 -9"><span class='ocrx_word' id='word_1_206' title='bbox 157 1222 235 1259; x_wconf 78' lang='grc' dir='ltr'>θείᾳ·</span> <span class='ocrx_word' id='word_1_207' title='bbox 253 1222 387 1249; x_wconf 83' lang='grc' dir='ltr'>παιδεύων</span> <span class='ocrx_word' id='word_1_208' title='bbox 410 1231 440 1249; x_wconf 89' lang='grc' dir='ltr'><strong>τε</strong></span> <span class='ocrx_word' id='word_1_209' title='bbox 461 1222 564 1254; x_wconf 77' lang='grc' dir='ltr'>ἐδίδαξε</span> <span class='ocrx_word' id='word_1_210' title='bbox 591 1221 727 1257; x_wconf 83' lang='grc' dir='ltr'>βασιλείαν</span> <span class='ocrx_word' id='word_1_211' title='bbox 748 1221 870 1257; x_wconf 85' lang='grc' dir='ltr'>οὐρανῶν</span> <span class='ocrx_word' id='word_1_212' title='bbox 893 1230 944 1257; x_wconf 88' lang='grc' dir='ltr'>κη-</span> 
     </span>
    </p>
   </div>
   <div class='ocr_carea' id='block_1_30' title="bbox 157 1267 942 1306">
    <p class='ocr_par' dir='ltr' id='par_1_30' title="bbox 157 1267 942 1306">
     <span class='ocr_line' id='line_1_30' title="bbox 157 1267 942 1306; baseline -0.004 -10"><span class='ocrx_word' id='word_1_213' title='bbox 157 1269 269 1306; x_wconf 83' lang='grc' dir='ltr'>ρύσσειν</span> <span class='ocrx_word' id='word_1_214' title='bbox 283 1269 312 1296; x_wconf 78' lang='grc' dir='ltr'>ὲν</span> <span class='ocrx_word' id='word_1_215' title='bbox 323 1268 448 1304; x_wconf 84' lang='grc' dir='ltr'>ἀληθείᾳ,</span> <span class='ocrx_word' id='word_1_216' title='bbox 472 1268 503 1295; x_wconf 84' lang='grc' dir='ltr'><strong>τδ</strong></span> <span class='ocrx_word' id='word_1_217' title='bbox 517 1268 590 1304; x_wconf 82' lang='grc' dir='ltr'>μέγα</span> <span class='ocrx_word' id='word_1_218' title='bbox 604 1268 651 1295; x_wconf 77' lang='grc' dir='ltr'>καὶ</span> <span class='ocrx_word' id='word_1_219' title='bbox 666 1267 878 1304; x_wconf 68' lang='grc' dir='ltr'>κορυφαιότατον</span> <span class='ocrx_word' id='word_1_220' title='bbox 893 1275 942 1303; x_wconf 88' lang='grc' dir='ltr'>ση-</span> 
     </span>
    </p>
   </div>
   <div class='ocr_carea' id='block_1_31' title="bbox 147 1313 944 1351">
    <p class='ocr_par' dir='ltr' id='par_1_31' title="bbox 147 1313 944 1351">
     <span class='ocr_line' id='line_1_31' title="bbox 147 1313 944 1351; baseline -0.001 -10"><span class='ocrx_word' id='word_1_221' title='bbox 147 1315 263 1351; x_wconf 85' lang='grc' dir='ltr'>-μαίνων</span> <span class='ocrx_word' id='word_1_222' title='bbox 273 1316 330 1346; x_wconf 87' lang='grc' dir='ltr'>τοῖς</span> <span class='ocrx_word' id='word_1_223' title='bbox 345 1315 490 1350; x_wconf 81' lang='grc' dir='ltr'>μαθηταῖς,</span> <span class='ocrx_word' id='word_1_224' title='bbox 507 1315 555 1341; x_wconf 75' lang='grc' dir='ltr'>καὶ</span> <span class='ocrx_word' id='word_1_225' title='bbox 568 1314 655 1349; x_wconf 85' lang='grc' dir='ltr'>λέγων</span> <span class='ocrx_word' id='word_1_226' title='bbox 665 1322 672 1329; x_wconf 89' lang='grc'>·</span> <span class='ocrx_word' id='word_1_227' title='bbox 685 1313 898 1348; x_wconf 66' lang='grc' dir='ltr'>Μαθητούσατε</span> <span class='ocrx_word' id='word_1_228' title='bbox 907 1313 944 1340; x_wconf 82' lang='grc' dir='ltr'>τὰ</span> 
     </span>
    </p>
   </div>
   <div class='ocr_carea' id='block_1_32' title="bbox 157 1359 943 1395">
    <p class='ocr_par' dir='ltr' id='par_1_32' title="bbox 157 1359 943 1395">
     <span class='ocr_line' id='line_1_32' title="bbox 157 1359 943 1395; baseline -0.001 -8"><span class='ocrx_word' id='word_1_229' title='bbox 157 1360 245 1394; x_wconf 70' lang='grc' dir='ltr'>ἔθνη·</span> <span class='ocrx_word' id='word_1_230' title='bbox 260 1360 382 1386; x_wconf 85' lang='grc' dir='ltr'>τουτέστι</span> <span class='ocrx_word' id='word_1_231' title='bbox 400 1360 582 1395; x_wconf 84' lang='grc' dir='ltr'>μεταϐάλλετε</span> <span class='ocrx_word' id='word_1_232' title='bbox 597 1359 631 1387; x_wconf 83' lang='grc' dir='ltr'><strong>τά</strong></span> <span class='ocrx_word' id='word_1_233' title='bbox 645 1359 709 1395; x_wconf 68' lang='grc' dir='ltr'>ἔθνη</span> <span class='ocrx_word' id='word_1_234' title='bbox 725 1359 779 1386; x_wconf 78' lang='grc' dir='ltr'>ἀπὸ</span> <span class='ocrx_word' id='word_1_235' title='bbox 794 1359 892 1391; x_wconf 79' lang='grc' dir='ltr'>κακίας</span> <span class='ocrx_word' id='word_1_236' title='bbox 902 1361 943 1391; x_wconf 84' lang='grc' dir='ltr'><strong>είς</strong></span> 
     </span>
    </p>
   </div>
   <div class='ocr_carea' id='block_1_33' title="bbox 157 1406 944 1443">
    <p class='ocr_par' dir='ltr' id='par_1_33' title="bbox 157 1406 944 1443">
     <span class='ocr_line' id='line_1_33' title="bbox 157 1406 944 1443; baseline 0 -9"><span class='ocrx_word' id='word_1_237' title='bbox 157 1406 304 1442; x_wconf 82' lang='grc' dir='ltr'>ἀλήθειαν,</span> <span class='ocrx_word' id='word_1_238' title='bbox 324 1407 378 1433; x_wconf 74' lang='grc' dir='ltr'>ἀπὸ</span> <span class='ocrx_word' id='word_1_239' title='bbox 399 1406 530 1443; x_wconf 79' lang='grc' dir='ltr'>αἱρέσεων</span> <span class='ocrx_word' id='word_1_240' title='bbox 551 1407 592 1437; x_wconf 86' lang='grc' dir='ltr'><strong>είς</strong></span> <span class='ocrx_word' id='word_1_241' title='bbox 608 1406 672 1441; x_wconf 89' lang='grc' dir='ltr'>μίαν</span> <span class='ocrx_word' id='word_1_242' title='bbox 688 1407 812 1442; x_wconf 79' lang='grc' dir='ltr'>ἑνότητα.</span> <span class='ocrx_word' id='word_1_243' title='bbox 834 1406 944 1434; x_wconf 61' lang='lat' dir='ltr'><strong>Bard-</strong></span> 
     </span>
    </p>
   </div>
   <div class='ocr_carea' id='block_1_34' title="bbox 157 1452 942 1488">
    <p class='ocr_par' dir='ltr' id='par_1_34' title="bbox 157 1452 942 1488">
     <span class='ocr_line' id='line_1_34' title="bbox 157 1452 942 1488; baseline -0.001 -8"><span class='ocrx_word' id='word_1_244' title='bbox 157 1460 232 1480; x_wconf 79' lang='grc' dir='ltr'>σατε</span> <span class='ocrx_word' id='word_1_245' title='bbox 245 1453 356 1486; x_wconf 79' lang='grc' dir='ltr'>αὐτοὺς</span> <span class='ocrx_word' id='word_1_246' title='bbox 367 1455 410 1486; x_wconf 88' lang='grc' dir='ltr'>εἱς</span> <span class='ocrx_word' id='word_1_247' title='bbox 420 1453 515 1487; x_wconf 81' lang='grc' dir='ltr'>ὄνομα</span> <span class='ocrx_word' id='word_1_248' title='bbox 527 1452 642 1486; x_wconf 83' lang='grc' dir='ltr'>Πατρὸς</span> <span class='ocrx_word' id='word_1_249' title='bbox 652 1452 700 1478; x_wconf 80' lang='grc' dir='ltr'>καὶ</span> <span class='ocrx_word' id='word_1_250' title='bbox 714 1452 782 1479; x_wconf 81' lang='grc' dir='ltr'>Υίοῦ</span> <span class='ocrx_word' id='word_1_251' title='bbox 795 1452 844 1479; x_wconf 75' lang='grc' dir='ltr'><strong>καί</strong></span> <span class='ocrx_word' id='word_1_252' title='bbox 856 1453 942 1488; x_wconf 66' lang='grc' dir='ltr'>ἁγίου</span> 
     </span>
    </p>
   </div>
   <div class='ocr_carea' id='block_1_35' title="bbox 995 218 1777 258">
    <p class='ocr_par' dir='ltr' id='par_1_35' title="bbox 995 218 1777 258">
     <span class='ocr_line' id='line_1_35' title="bbox 995 218 1777 258; baseline 0.008 -13"><span class='ocrx_word' id='word_1_253' title='bbox 995 223 1074 246; x_wconf 85' lang='lat' dir='ltr'><strong>stans</strong></span> <span class='ocrx_word' id='word_1_254' title='bbox 1096 223 1123 246; x_wconf 90' lang='lat' dir='ltr'><strong>et</strong></span> <span class='ocrx_word' id='word_1_255' title='bbox 1145 218 1345 254; x_wconf 88' lang='lat' dir='ltr'><strong>incorruptum,</strong></span> <span class='ocrx_word' id='word_1_256' title='bbox 1363 227 1524 255; x_wconf 90' lang='lat' dir='ltr'><strong>corporeum</strong></span> <span class='ocrx_word' id='word_1_257' title='bbox 1543 222 1624 249; x_wconf 90' lang='lat' dir='ltr'><strong>simul</strong></span> <span class='ocrx_word' id='word_1_258' title='bbox 1647 230 1679 250; x_wconf 89' lang='lat' dir='ltr'><strong>ac</strong></span> <span class='ocrx_word' id='word_1_259' title='bbox 1695 224 1777 258; x_wconf 87' lang='lat' dir='ltr'><strong>spiri-</strong></span> 
     </span>
    </p>
   </div>
   <div class='ocr_carea' id='block_1_36' title="bbox 996 264 1778 304">
    <p class='ocr_par' dir='ltr' id='par_1_36' title="bbox 996 264 1778 304">
     <span class='ocr_line' id='line_1_36' title="bbox 996 264 1778 304; baseline 0.008 -14"><span class='ocrx_word' id='word_1_260' title='bbox 996 264 1080 297; x_wconf 90' lang='lat' dir='ltr'><strong>tuale,</strong></span> <span class='ocrx_word' id='word_1_261' title='bbox 1095 268 1258 291; x_wconf 87' lang='lat' dir='ltr'><strong>concretum</strong></span> <span class='ocrx_word' id='word_1_262' title='bbox 1281 272 1312 291; x_wconf 89' lang='lat' dir='ltr'><strong>ac</strong></span> <span class='ocrx_word' id='word_1_263' title='bbox 1327 268 1420 296; x_wconf 88' lang='lat' dir='ltr'><strong>tenue,</strong></span> <span class='ocrx_word' id='word_1_264' title='bbox 1442 267 1556 294; x_wconf 78' lang='lat' dir='ltr'><strong>mortale</strong></span> <span class='ocrx_word' id='word_1_265' title='bbox 1572 268 1673 302; x_wconf 85' lang='lat' dir='ltr'><strong>pariter</strong></span> <span class='ocrx_word' id='word_1_266' title='bbox 1696 273 1778 304; x_wconf 85' lang='lat' dir='ltr'><strong>atque</strong></span> 
     </span>
    </p>
   </div>
   <div class='ocr_carea' id='block_1_37' title="bbox 997 309 1778 345">
    <p class='ocr_par' dir='ltr' id='par_1_37' title="bbox 997 309 1778 345">
     <span class='ocr_line' id='line_1_37' title="bbox 997 309 1778 345; baseline 0.006 -9"><span class='ocrx_word' id='word_1_267' title='bbox 997 309 1150 337; x_wconf 75' lang='lat' dir='ltr'><strong>immortale</strong></span> <span class='ocrx_word' id='word_1_268' title='bbox 1165 309 1230 337; x_wconf 89' lang='lat' dir='ltr'><strong>illud</strong></span> <span class='ocrx_word' id='word_1_269' title='bbox 1245 314 1333 338; x_wconf 81' lang='lat' dir='ltr'><strong>esset:</strong></span> <span class='ocrx_word' id='word_1_270' title='bbox 1349 311 1420 345; x_wconf 88' lang='lat' dir='ltr'><strong>quod</strong></span> <span class='ocrx_word' id='word_1_271' title='bbox 1434 312 1508 339; x_wconf 90' lang='lat' dir='ltr'><strong>nulla</strong></span> <span class='ocrx_word' id='word_1_272' title='bbox 1522 313 1634 340; x_wconf 89' lang='lat' dir='ltr'><strong>omnino</strong></span> <span class='ocrx_word' id='word_1_273' title='bbox 1647 314 1709 341; x_wconf 84' lang='lat' dir='ltr'><strong>tabe</strong></span> <span class='ocrx_word' id='word_1_274' title='bbox 1720 314 1778 342; x_wconf 92' lang='lat' dir='ltr'><strong>dis-</strong></span> 
     </span>
    </p>
   </div>
   <div class='ocr_carea' id='block_1_38' title="bbox 997 354 1779 394">
    <p class='ocr_par' dir='ltr' id='par_1_38' title="bbox 997 354 1779 394">
     <span class='ocr_line' id='line_1_38' title="bbox 997 354 1779 394; baseline 0.009 -13"><span class='ocrx_word' id='word_1_275' title='bbox 997 355 1117 382; x_wconf 92' lang='lat' dir='ltr'><strong>solutum</strong></span> <span class='ocrx_word' id='word_1_276' title='bbox 1133 354 1222 383; x_wconf 89' lang='lat' dir='ltr'><strong>fuerat</strong></span> <span class='ocrx_word' id='word_1_277' title='bbox 1235 364 1242 388; x_wconf 92' lang='lat'><strong>;</strong></span> <span class='ocrx_word' id='word_1_278' title='bbox 1258 363 1345 391; x_wconf 89' lang='lat' dir='ltr'><strong>neque</strong></span> <span class='ocrx_word' id='word_1_279' title='bbox 1359 357 1419 391; x_wconf 89' lang='lat' dir='ltr'><strong>ejus</strong></span> <span class='ocrx_word' id='word_1_280' title='bbox 1433 357 1525 385; x_wconf 89' lang='lat' dir='ltr'><strong>anima</strong></span> <span class='ocrx_word' id='word_1_281' title='bbox 1540 359 1612 394; x_wconf 87' lang='lat' dir='ltr'><strong>apud</strong></span> <span class='ocrx_word' id='word_1_282' title='bbox 1625 359 1727 388; x_wconf 79' lang='lat' dir='ltr'><strong>inferos</strong></span> <span class='ocrx_word' id='word_1_283' title='bbox 1739 368 1779 388; x_wconf 88' lang='lat' dir='ltr'><strong>re-</strong></span> 
     </span>
    </p>
   </div>
   <div class='ocr_carea' id='block_1_39' title="bbox 996 399 1780 438">
    <p class='ocr_par' dir='ltr' id='par_1_39' title="bbox 996 399 1780 438">
     <span class='ocr_line' id='line_1_39' title="bbox 996 399 1780 438; baseline 0.008 -12"><span class='ocrx_word' id='word_1_284' title='bbox 996 399 1071 432; x_wconf 90' lang='lat' dir='ltr'><strong>licta,</strong></span> <span class='ocrx_word' id='word_1_285' title='bbox 1089 408 1138 428; x_wconf 90' lang='lat' dir='ltr'><strong>nec</strong></span> <span class='ocrx_word' id='word_1_286' title='bbox 1156 401 1244 435; x_wconf 89' lang='lat' dir='ltr'><strong>ipsum</strong></span> <span class='ocrx_word' id='word_1_287' title='bbox 1259 403 1333 428; x_wconf 89' lang='lat' dir='ltr'><strong>velut</strong></span> <span class='ocrx_word' id='word_1_288' title='bbox 1348 401 1559 430; x_wconf 91' lang='lat' dir='ltr'><strong>instrumentum</strong></span> <span class='ocrx_word' id='word_1_289' title='bbox 1571 404 1706 438; x_wconf 84' lang='lat' dir='ltr'><strong>quoddam</strong></span> <span class='ocrx_word' id='word_1_290' title='bbox 1730 405 1780 432; x_wconf 89' lang='lat' dir='ltr'><strong>ali-</strong></span> 
     </span>
    </p>
   </div>
   <div class='ocr_carea' id='block_1_40' title="bbox 996 446 1778 482">
    <p class='ocr_par' dir='ltr' id='par_1_40' title="bbox 996 446 1778 482">
     <span class='ocr_line' id='line_1_40' title="bbox 996 446 1778 482; baseline 0.004 -10"><span class='ocrx_word' id='word_1_291' title='bbox 996 452 1051 481; x_wconf 90' lang='lat' dir='ltr'><strong>qua</strong></span> <span class='ocrx_word' id='word_1_292' title='bbox 1065 452 1099 472; x_wconf 79' lang='lat' dir='ltr'><strong>ex</strong></span> <span class='ocrx_word' id='word_1_293' title='bbox 1114 450 1191 480; x_wconf 91' lang='lat' dir='ltr'><strong>parte</strong></span> <span class='ocrx_word' id='word_1_294' title='bbox 1205 446 1310 480; x_wconf 84' lang='lat' dir='ltr'><strong>peccati</strong></span> <span class='ocrx_word' id='word_1_295' title='bbox 1325 446 1352 473; x_wconf 90' lang='lat' dir='ltr'><strong>in</strong></span> <span class='ocrx_word' id='word_1_296' title='bbox 1366 446 1525 481; x_wconf 84' lang='lat' dir='ltr'><strong>obsequium</strong></span> <span class='ocrx_word' id='word_1_297' title='bbox 1547 447 1712 482; x_wconf 90' lang='lat' dir='ltr'><strong>impensum,</strong></span> <span class='ocrx_word' id='word_1_298' title='bbox 1727 456 1778 476; x_wconf 90' lang='lat' dir='ltr'><strong>ne-</strong></span> 
     </span>
    </p>
   </div>
   <div class='ocr_carea' id='block_1_41' title="bbox 997 491 1776 528">
    <p class='ocr_par' dir='ltr' id='par_1_41' title="bbox 997 491 1776 528">
     <span class='ocr_line' id='line_1_41' title="bbox 997 491 1776 528; baseline 0.005 -11"><span class='ocrx_word' id='word_1_299' title='bbox 997 498 1050 525; x_wconf 91' lang='lat' dir='ltr'><strong>que</strong></span> <span class='ocrx_word' id='word_1_300' title='bbox 1068 498 1145 518; x_wconf 89' lang='lat' dir='ltr'><strong>mens</strong></span> <span class='ocrx_word' id='word_1_301' title='bbox 1163 491 1216 518; x_wconf 91' lang='lat' dir='ltr'><strong>ulla</strong></span> <span class='ocrx_word' id='word_1_302' title='bbox 1231 496 1288 518; x_wconf 86' lang='lat' dir='ltr'><strong>erat</strong></span> <span class='ocrx_word' id='word_1_303' title='bbox 1306 492 1334 518; x_wconf 92' lang='lat' dir='ltr'><strong>in</strong></span> <span class='ocrx_word' id='word_1_304' title='bbox 1358 491 1480 519; x_wconf 85' lang='lat' dir='ltr'><strong>deterius</strong></span> <span class='ocrx_word' id='word_1_305' title='bbox 1499 493 1651 520; x_wconf 77' lang='lat' dir='ltr'><strong>mutatione</strong></span> <span class='ocrx_word' id='word_1_306' title='bbox 1664 494 1776 528; x_wconf 83' lang='lat' dir='ltr'><strong>polluta.</strong></span> 
     </span>
    </p>
   </div>
   <div class='ocr_carea' id='block_1_42' title="bbox 997 535 1780 573">
    <p class='ocr_par' dir='ltr' id='par_1_42' title="bbox 997 535 1780 573">
     <span class='ocr_line' id='line_1_42' title="bbox 997 535 1780 573; baseline 0.005 -11"><span class='ocrx_word' id='word_1_307' title='bbox 997 535 1052 563; x_wconf 87' lang='lat' dir='ltr'><strong>Sed</strong></span> <span class='ocrx_word' id='word_1_308' title='bbox 1077 536 1113 563; x_wconf 91' lang='lat' dir='ltr'><strong>ita</strong></span> <span class='ocrx_word' id='word_1_309' title='bbox 1134 536 1186 563; x_wconf 88' lang='lat' dir='ltr'><strong>sibi</strong></span> <span class='ocrx_word' id='word_1_310' title='bbox 1212 537 1303 563; x_wconf 85' lang='lat' dir='ltr'><strong>omnia</strong></span> <span class='ocrx_word' id='word_1_311' title='bbox 1329 544 1389 572; x_wconf 80' lang='lat' dir='ltr'><strong>quae</strong></span> <span class='ocrx_word' id='word_1_312' title='bbox 1415 537 1555 565; x_wconf 88' lang='lat' dir='ltr'><strong>hominum</strong></span> <span class='ocrx_word' id='word_1_313' title='bbox 1578 538 1688 573; x_wconf 90' lang='lat' dir='ltr'><strong>propria</strong></span> <span class='ocrx_word' id='word_1_314' title='bbox 1715 543 1780 566; x_wconf 79' lang='lat' dir='ltr'><strong>sunt</strong></span> 
     </span>
    </p>
   </div>
   <div class='ocr_carea' id='block_1_43' title="bbox 996 581 1777 618">
    <p class='ocr_par' dir='ltr' id='par_1_43' title="bbox 996 581 1777 618">
     <span class='ocr_line' id='line_1_43' title="bbox 996 581 1777 618; baseline 0.004 -10"><span class='ocrx_word' id='word_1_315' title='bbox 996 581 1125 613; x_wconf 84' lang='lat' dir='ltr'><strong>adscivit,</strong></span> <span class='ocrx_word' id='word_1_316' title='bbox 1142 582 1235 609; x_wconf 88' lang='lat' dir='ltr'><strong>eadem</strong></span> <span class='ocrx_word' id='word_1_317' title='bbox 1254 587 1283 610; x_wconf 93' lang='lat' dir='ltr'><strong>ut</strong></span> <span class='ocrx_word' id='word_1_318' title='bbox 1303 583 1410 618; x_wconf 70' lang='lat' dir='ltr'><strong>integra</strong></span> <span class='ocrx_word' id='word_1_319' title='bbox 1423 587 1554 615; x_wconf 78' lang='lat' dir='ltr'><strong>servaret,</strong></span> <span class='ocrx_word' id='word_1_320' title='bbox 1569 591 1630 618; x_wconf 67' lang='lat' dir='ltr'><strong>qua:</strong></span> <span class='ocrx_word' id='word_1_321' title='bbox 1642 591 1713 611; x_wconf 67' lang='lat' dir='ltr'><strong>vera:</strong></span> <span class='ocrx_word' id='word_1_322' title='bbox 1727 584 1777 618; x_wconf 89' lang='lat' dir='ltr'><strong>illi,</strong></span> 
     </span>
    </p>
   </div>
   <div class='ocr_carea' id='block_1_44' title="bbox 996 627 1779 662">
    <p class='ocr_par' dir='ltr' id='par_1_44' title="bbox 996 627 1779 662">
     <span class='ocr_line' id='line_1_44' title="bbox 996 627 1779 662; baseline 0.006 -9"><span class='ocrx_word' id='word_1_323' title='bbox 996 634 1078 662; x_wconf 90' lang='lat' dir='ltr'><strong>quam</strong></span> <span class='ocrx_word' id='word_1_324' title='bbox 1091 627 1143 654; x_wconf 85' lang='lat' dir='ltr'><strong>sibi</strong></span> <span class='ocrx_word' id='word_1_325' title='bbox 1155 627 1361 662; x_wconf 83' lang='lat' dir='ltr'><strong>conciliaverat,</strong></span> <span class='ocrx_word' id='word_1_326' title='bbox 1371 634 1475 656; x_wconf 64' lang='lat' dir='ltr'><strong>naturae</strong></span> <span class='ocrx_word' id='word_1_327' title='bbox 1484 630 1656 657; x_wconf 91' lang='lat' dir='ltr'><strong>necessarios</strong></span> <span class='ocrx_word' id='word_1_328' title='bbox 1664 630 1698 657; x_wconf 92' lang='lat' dir='ltr'><strong>ad</strong></span> <span class='ocrx_word' id='word_1_329' title='bbox 1711 637 1779 658; x_wconf 90' lang='lat' dir='ltr'><strong>usus</strong></span> 
     </span>
    </p>
   </div>
   <div class='ocr_carea' id='block_1_45' title="bbox 995 672 1780 710">
    <p class='ocr_par' dir='ltr' id='par_1_45' title="bbox 995 672 1780 710">
     <span class='ocr_line' id='line_1_45' title="bbox 995 672 1780 710; baseline 0.003 -10"><span class='ocrx_word' id='word_1_330' title='bbox 995 672 1125 700; x_wconf 85' lang='lat' dir='ltr'><strong>divinitas</strong></span> <span class='ocrx_word' id='word_1_331' title='bbox 1146 677 1334 706; x_wconf 79' lang='lat' dir='ltr'><strong>concesserat,</strong></span> <span class='ocrx_word' id='word_1_332' title='bbox 1350 681 1416 701; x_wconf 89' lang='lat' dir='ltr'><strong>usus</strong></span> <span class='ocrx_word' id='word_1_333' title='bbox 1433 674 1563 702; x_wconf 91' lang='lat' dir='ltr'><strong>nimirum</strong></span> <span class='ocrx_word' id='word_1_334' title='bbox 1587 674 1658 707; x_wconf 90' lang='lat' dir='ltr'><strong>illos,</strong></span> <span class='ocrx_word' id='word_1_335' title='bbox 1681 676 1729 710; x_wconf 84' lang='lat' dir='ltr'><strong>qui</strong></span> <span class='ocrx_word' id='word_1_336' title='bbox 1748 679 1780 702; x_wconf 89' lang='lat' dir='ltr'><strong>ut</strong></span> 
     </span>
    </p>
   </div>
   <div class='ocr_carea' id='block_1_46' title="bbox 995 719 1778 756">
    <p class='ocr_par' dir='ltr' id='par_1_46' title="bbox 995 719 1778 756">
     <span class='ocr_line' id='line_1_46' title="bbox 995 719 1778 756; baseline 0.005 -11"><span class='ocrx_word' id='word_1_337' title='bbox 995 725 1058 746; x_wconf 86' lang='lat' dir='ltr'><strong>esse</strong></span> <span class='ocrx_word' id='word_1_338' title='bbox 1075 719 1183 753; x_wconf 84' lang='lat' dir='ltr'><strong>penitus</strong></span> <span class='ocrx_word' id='word_1_339' title='bbox 1202 720 1307 755; x_wconf 88' lang='lat' dir='ltr'><strong>possint</strong></span> <span class='ocrx_word' id='word_1_340' title='bbox 1327 722 1424 755; x_wconf 87' lang='lat' dir='ltr'><strong>partim</strong></span> <span class='ocrx_word' id='word_1_341' title='bbox 1437 721 1562 756; x_wconf 88' lang='lat' dir='ltr'><strong>corporis</strong></span> <span class='ocrx_word' id='word_1_342' title='bbox 1573 725 1662 756; x_wconf 75' lang='lat' dir='ltr'><strong>egent,</strong></span> <span class='ocrx_word' id='word_1_343' title='bbox 1678 721 1778 756; x_wconf 79' lang='lat' dir='ltr'><strong>partim</strong></span> 
     </span>
    </p>
   </div>
   <div class='ocr_carea' id='block_1_47' title="bbox 995 764 1778 801">
    <p class='ocr_par' dir='ltr' id='par_1_47' title="bbox 995 764 1778 801">
     <span class='ocr_line' id='line_1_47' title="bbox 995 764 1778 801; baseline 0.004 -10"><span class='ocrx_word' id='word_1_344' title='bbox 995 764 1090 796; x_wconf 86' lang='lat' dir='ltr'><strong>animi,</strong></span> <span class='ocrx_word' id='word_1_345' title='bbox 1113 769 1194 800; x_wconf 89' lang='lat' dir='ltr'><strong>atque</strong></span> <span class='ocrx_word' id='word_1_346' title='bbox 1219 766 1342 793; x_wconf 69' lang='lat' dir='ltr'><strong>humanae</strong></span> <span class='ocrx_word' id='word_1_347' title='bbox 1366 767 1466 795; x_wconf 89' lang='lat' dir='ltr'><strong>mentis</strong></span> <span class='ocrx_word' id='word_1_348' title='bbox 1481 766 1778 801; x_wconf 81' lang='lat' dir='ltr'><strong>adminiculozcujus-</strong></span> 
     </span>
    </p>
   </div>
   <div class='ocr_carea' id='block_1_48' title="bbox 996 810 1778 848">
    <p class='ocr_par' dir='ltr' id='par_1_48' title="bbox 996 810 1778 848">
     <span class='ocr_line' id='line_1_48' title="bbox 996 810 1778 848; baseline 0.003 -11"><span class='ocrx_word' id='word_1_349' title='bbox 996 810 1070 837; x_wconf 87' lang='lat' dir='ltr'><strong>modi</strong></span> <span class='ocrx_word' id='word_1_350' title='bbox 1091 815 1155 838; x_wconf 92' lang='lat' dir='ltr'><strong>sunt</strong></span> <span class='ocrx_word' id='word_1_351' title='bbox 1172 811 1268 843; x_wconf 84' lang='lat' dir='ltr'><strong>fames,</strong></span> <span class='ocrx_word' id='word_1_352' title='bbox 1283 812 1354 844; x_wconf 88' lang='lat' dir='ltr'><strong>sitis,</strong></span> <span class='ocrx_word' id='word_1_353' title='bbox 1370 811 1461 844; x_wconf 82' lang='lat' dir='ltr'><strong>ﬂetus,</strong></span> <span class='ocrx_word' id='word_1_354' title='bbox 1482 819 1514 839; x_wconf 87' lang='lat' dir='ltr'><strong>ac</strong></span> <span class='ocrx_word' id='word_1_355' title='bbox 1534 812 1622 845; x_wconf 91' lang='lat' dir='ltr'><strong>dolor,</strong></span> <span class='ocrx_word' id='word_1_356' title='bbox 1640 813 1778 848; x_wconf 78' lang='lat' dir='ltr'><strong>lacrytme,</strong></span> 
     </span>
    </p>
   </div>
   <div class='ocr_carea' id='block_1_49' title="bbox 997 857 1778 893">
    <p class='ocr_par' dir='ltr' id='par_1_49' title="bbox 997 857 1778 893">
     <span class='ocr_line' id='line_1_49' title="bbox 997 857 1778 893; baseline 0.005 -10"><span class='ocrx_word' id='word_1_357' title='bbox 997 863 1110 884; x_wconf 86' lang='lat' dir='ltr'><strong>somnus</strong></span> <span class='ocrx_word' id='word_1_358' title='bbox 1120 865 1151 884; x_wconf 89' lang='lat' dir='ltr'><strong>ac</strong></span> <span class='ocrx_word' id='word_1_359' title='bbox 1163 859 1282 893; x_wconf 88' lang='lat' dir='ltr'><strong>requies.</strong></span> <span class='ocrx_word' id='word_1_360' title='bbox 1295 857 1357 885; x_wconf 68' lang='lat' dir='ltr'><strong>Haec</strong></span> <span class='ocrx_word' id='word_1_361' title='bbox 1369 859 1443 886; x_wconf 88' lang='lat' dir='ltr'><strong>enim</strong></span> <span class='ocrx_word' id='word_1_362' title='bbox 1453 858 1544 887; x_wconf 85' lang='lat' dir='ltr'><strong>omnia</strong></span> <span class='ocrx_word' id='word_1_363' title='bbox 1556 860 1629 886; x_wconf 91' lang='lat' dir='ltr'><strong>nulla</strong></span> <span class='ocrx_word' id='word_1_364' title='bbox 1641 859 1778 887; x_wconf 80' lang='lat' dir='ltr'><strong>infuscata</strong></span> 
     </span>
    </p>
   </div>
   <div class='ocr_carea' id='block_1_50' title="bbox 996 903 1779 940">
    <p class='ocr_par' dir='ltr' id='par_1_50' title="bbox 996 903 1779 940">
     <span class='ocr_line' id='line_1_50' title="bbox 996 903 1779 940; baseline 0.004 -11"><span class='ocrx_word' id='word_1_365' title='bbox 996 903 1101 938; x_wconf 87' lang='lat' dir='ltr'><strong>peccati</strong></span> <span class='ocrx_word' id='word_1_366' title='bbox 1125 903 1233 938; x_wconf 87' lang='lat' dir='ltr'><strong>specie,</strong></span> <span class='ocrx_word' id='word_1_367' title='bbox 1255 909 1389 939; x_wconf 71' lang='lat' dir='ltr'><strong>suscepta:</strong></span> <span class='ocrx_word' id='word_1_368' title='bbox 1410 904 1502 940; x_wconf 85' lang='lat' dir='ltr'><strong>reipsa</strong></span> <span class='ocrx_word' id='word_1_369' title='bbox 1528 909 1634 933; x_wconf 70' lang='lat' dir='ltr'><strong>natura:</strong></span> <span class='ocrx_word' id='word_1_370' title='bbox 1658 904 1779 932; x_wconf 86' lang='lat' dir='ltr'><strong>hominis</strong></span> 
     </span>
    </p>
   </div>
   <div class='ocr_carea' id='block_1_51' title="bbox 995 949 1779 984">
    <p class='ocr_par' dir='ltr' id='par_1_51' title="bbox 995 949 1779 984">
     <span class='ocr_line' id='line_1_51' title="bbox 995 949 1779 984; baseline 0.004 -9"><span class='ocrx_word' id='word_1_371' title='bbox 995 952 1155 983; x_wconf 75' lang='lat' dir='ltr'><strong>argumenta</strong></span> <span class='ocrx_word' id='word_1_372' title='bbox 1172 949 1325 982; x_wconf 81' lang='lat' dir='ltr'><strong>continent,</strong></span> <span class='ocrx_word' id='word_1_373' title='bbox 1340 957 1394 984; x_wconf 85' lang='lat' dir='ltr'><strong>qua</strong></span> <span class='ocrx_word' id='word_1_374' title='bbox 1408 957 1470 977; x_wconf 91' lang='lat' dir='ltr'><strong>cum</strong></span> <span class='ocrx_word' id='word_1_375' title='bbox 1485 958 1549 978; x_wconf 87' lang='lat' dir='ltr'><strong>vere</strong></span> <span class='ocrx_word' id='word_1_376' title='bbox 1564 950 1723 978; x_wconf 80' lang='lat' dir='ltr'><strong>consociata</strong></span> <span class='ocrx_word' id='word_1_377' title='bbox 1736 950 1779 977; x_wconf 91' lang='lat' dir='ltr'><strong>di-</strong></span> 
     </span>
    </p>
   </div>
   <div class='ocr_carea' id='block_1_52' title="bbox 995 992 1778 1031">
    <p class='ocr_par' dir='ltr' id='par_1_52' title="bbox 995 992 1778 1031">
     <span class='ocr_line' id='line_1_52' title="bbox 995 992 1778 1031; baseline 0.004 -10"><span class='ocrx_word' id='word_1_378' title='bbox 995 992 1097 1022; x_wconf 70' lang='lat' dir='ltr'><strong>vinitas</strong></span> <span class='ocrx_word' id='word_1_379' title='bbox 1108 995 1257 1022; x_wconf 90' lang='lat' dir='ltr'><strong>humanum</strong></span> <span class='ocrx_word' id='word_1_380' title='bbox 1275 999 1365 1023; x_wconf 89' lang='lat' dir='ltr'><strong>tamen</strong></span> <span class='ocrx_word' id='word_1_381' title='bbox 1378 997 1479 1031; x_wconf 86' lang='lat' dir='ltr'><strong>patitur</strong></span> <span class='ocrx_word' id='word_1_382' title='bbox 1491 996 1571 1028; x_wconf 87' lang='lat' dir='ltr'><strong>nihil,</strong></span> <span class='ocrx_word' id='word_1_383' title='bbox 1590 996 1698 1024; x_wconf 86' lang='lat' dir='ltr'><strong>tametsi</strong></span> <span class='ocrx_word' id='word_1_384' title='bbox 1717 1004 1778 1031; x_wconf 68' lang='lat' dir='ltr'><strong>qua:</strong></span> 
     </span>
    </p>
   </div>
   <div class='ocr_carea' id='block_1_53' title="bbox 995 1039 1778 1075">
    <p class='ocr_par' dir='ltr' id='par_1_53' title="bbox 995 1039 1778 1075">
     <span class='ocr_line' id='line_1_53' title="bbox 995 1039 1778 1075; baseline 0.004 -9"><span class='ocrx_word' id='word_1_385' title='bbox 995 1039 1094 1067; x_wconf 85' lang='lat' dir='ltr'><strong>rationi</strong></span> <span class='ocrx_word' id='word_1_386' title='bbox 1119 1045 1304 1068; x_wconf 87' lang='lat' dir='ltr'><strong>consentanea</strong></span> <span class='ocrx_word' id='word_1_387' title='bbox 1330 1040 1436 1075; x_wconf 83' lang='lat' dir='ltr'><strong>forent,</strong></span> <span class='ocrx_word' id='word_1_388' title='bbox 1459 1045 1486 1069; x_wconf 90' lang='lat' dir='ltr'><strong>et</strong></span> <span class='ocrx_word' id='word_1_389' title='bbox 1508 1043 1543 1069; x_wconf 84' lang='lat' dir='ltr'><strong>ab</strong></span> <span class='ocrx_word' id='word_1_390' title='bbox 1564 1042 1639 1069; x_wconf 90' lang='lat' dir='ltr'><strong>omni</strong></span> <span class='ocrx_word' id='word_1_391' title='bbox 1663 1042 1778 1074; x_wconf 87' lang='lat' dir='ltr'><strong>scelere,</strong></span> 
     </span>
    </p>
   </div>
   <div class='ocr_carea' id='block_1_54' title="bbox 994 1085 1776 1121">
    <p class='ocr_par' dir='ltr' id='par_1_54' title="bbox 994 1085 1776 1121">
     <span class='ocr_line' id='line_1_54' title="bbox 994 1085 1776 1121; baseline 0.004 -10"><span class='ocrx_word' id='word_1_392' title='bbox 994 1088 1077 1120; x_wconf 91' lang='lat' dir='ltr'><strong>atque</strong></span> <span class='ocrx_word' id='word_1_393' title='bbox 1092 1085 1120 1112; x_wconf 90' lang='lat' dir='ltr'><strong>in</strong></span> <span class='ocrx_word' id='word_1_394' title='bbox 1135 1086 1212 1121; x_wconf 87' lang='lat' dir='ltr'><strong>pejus</strong></span> <span class='ocrx_word' id='word_1_395' title='bbox 1227 1086 1379 1113; x_wconf 87' lang='lat' dir='ltr'><strong>mutatione</strong></span> <span class='ocrx_word' id='word_1_396' title='bbox 1394 1087 1489 1121; x_wconf 89' lang='lat' dir='ltr'><strong>procul</strong></span> <span class='ocrx_word' id='word_1_397' title='bbox 1504 1091 1607 1118; x_wconf 86' lang='lat' dir='ltr'><strong>essent,</strong></span> <span class='ocrx_word' id='word_1_398' title='bbox 1625 1086 1776 1114; x_wconf 80' lang='lat' dir='ltr'><strong>admiserit.</strong></span> 
     </span>
    </p>
   </div>
   <div class='ocr_carea' id='block_1_55' title="bbox 994 1129 1777 1167">
    <p class='ocr_par' dir='ltr' id='par_1_55' title="bbox 994 1129 1777 1167">
     <span class='ocr_line' id='line_1_55' title="bbox 994 1129 1777 1167; baseline 0.005 -11"><span class='ocrx_word' id='word_1_399' title='bbox 994 1129 1036 1157; x_wconf 79' lang='lat' dir='ltr'><strong>Ad</strong></span> <span class='ocrx_word' id='word_1_400' title='bbox 1050 1130 1109 1158; x_wconf 62' lang='lat' dir='ltr'><strong>haec</strong></span> <span class='ocrx_word' id='word_1_401' title='bbox 1122 1131 1256 1159; x_wconf 79' lang='lat' dir='ltr'><strong>excitatus</strong></span> <span class='ocrx_word' id='word_1_402' title='bbox 1271 1139 1287 1158; x_wconf 92' lang='lat' dir='ltr'><strong>a</strong></span> <span class='ocrx_word' id='word_1_403' title='bbox 1305 1136 1392 1160; x_wconf 91' lang='lat' dir='ltr'><strong>morte</strong></span> <span class='ocrx_word' id='word_1_404' title='bbox 1405 1132 1531 1160; x_wconf 82' lang='lat' dir='ltr'><strong>Christus</strong></span> <span class='ocrx_word' id='word_1_405' title='bbox 1545 1133 1666 1160; x_wconf 88' lang='lat' dir='ltr'><strong>occlusis</strong></span> <span class='ocrx_word' id='word_1_406' title='bbox 1684 1132 1777 1167; x_wconf 85' lang='lat' dir='ltr'><strong>januis</strong></span> 
     </span>
    </p>
   </div>
   <div class='ocr_carea' id='block_1_56' title="bbox 994 1175 1778 1212">
    <p class='ocr_par' dir='ltr' id='par_1_56' title="bbox 994 1175 1778 1212">
     <span class='ocr_line' id='line_1_56' title="bbox 994 1175 1778 1212; baseline 0.005 -9"><span class='ocrx_word' id='word_1_407' title='bbox 994 1175 1134 1211; x_wconf 73' lang='lat' dir='ltr'><strong>ingressus</strong></span> <span class='ocrx_word' id='word_1_408' title='bbox 1147 1181 1199 1210; x_wconf 86' lang='lat' dir='ltr'><strong>est,</strong></span> <span class='ocrx_word' id='word_1_409' title='bbox 1220 1178 1259 1204; x_wconf 91' lang='lat' dir='ltr'><strong>uti</strong></span> <span class='ocrx_word' id='word_1_410' title='bbox 1273 1177 1347 1212; x_wconf 90' lang='lat' dir='ltr'><strong>quod</strong></span> <span class='ocrx_word' id='word_1_411' title='bbox 1368 1178 1501 1206; x_wconf 87' lang='lat' dir='ltr'><strong>hactenus</strong></span> <span class='ocrx_word' id='word_1_412' title='bbox 1522 1186 1646 1207; x_wconf 85' lang='lat' dir='ltr'><strong>crassum</strong></span> <span class='ocrx_word' id='word_1_413' title='bbox 1663 1186 1778 1207; x_wconf 85' lang='lat' dir='ltr'><strong>concre-</strong></span> 
     </span>
    </p>
   </div>
   <div class='ocr_carea' id='block_1_57' title="bbox 993 1221 1778 1258">
    <p class='ocr_par' dir='ltr' id='par_1_57' title="bbox 993 1221 1778 1258">
     <span class='ocr_line' id='line_1_57' title="bbox 993 1221 1778 1258; baseline 0.004 -10"><span class='ocrx_word' id='word_1_414' title='bbox 993 1224 1107 1256; x_wconf 85' lang='lat' dir='ltr'><strong>tumque</strong></span> <span class='ocrx_word' id='word_1_415' title='bbox 1125 1221 1213 1250; x_wconf 84' lang='lat' dir='ltr'><strong>fuerat</strong></span> <span class='ocrx_word' id='word_1_416' title='bbox 1229 1230 1341 1258; x_wconf 90' lang='lat' dir='ltr'><strong>corpus,</strong></span> <span class='ocrx_word' id='word_1_417' title='bbox 1363 1223 1459 1250; x_wconf 87' lang='lat' dir='ltr'><strong>eadem</strong></span> <span class='ocrx_word' id='word_1_418' title='bbox 1472 1231 1534 1251; x_wconf 91' lang='lat' dir='ltr'><strong>cum</strong></span> <span class='ocrx_word' id='word_1_419' title='bbox 1552 1231 1634 1251; x_wconf 89' lang='lat' dir='ltr'><strong>carne</strong></span> <span class='ocrx_word' id='word_1_420' title='bbox 1653 1224 1778 1252; x_wconf 86' lang='lat' dir='ltr'><strong>ossibus-</strong></span> 
     </span>
    </p>
   </div>
   <div class='ocr_carea' id='block_1_58' title="bbox 993 1269 1779 1301">
    <p class='ocr_par' dir='ltr' id='par_1_58' title="bbox 993 1269 1779 1301">
     <span class='ocr_line' id='line_1_58' title="bbox 993 1269 1779 1301; baseline 0.006 -8"><span class='ocrx_word' id='word_1_421' title='bbox 993 1274 1047 1301; x_wconf 89' lang='lat' dir='ltr'><strong>que</strong></span> <span class='ocrx_word' id='word_1_422' title='bbox 1069 1271 1150 1296; x_wconf 90' lang='lat' dir='ltr'><strong>tenue</strong></span> <span class='ocrx_word' id='word_1_423' title='bbox 1166 1275 1198 1296; x_wconf 87' lang='lat' dir='ltr'><strong>ac</strong></span> <span class='ocrx_word' id='word_1_424' title='bbox 1213 1269 1312 1297; x_wconf 84' lang='lat' dir='ltr'><strong>subtile</strong></span> <span class='ocrx_word' id='word_1_425' title='bbox 1326 1276 1389 1297; x_wconf 80' lang='lat' dir='ltr'><strong>esse</strong></span> <span class='ocrx_word' id='word_1_426' title='bbox 1402 1273 1577 1297; x_wconf 84' lang='lat' dir='ltr'><strong>monstraret.</strong></span> <span class='ocrx_word' id='word_1_427' title='bbox 1594 1269 1691 1297; x_wconf 88' lang='lat' dir='ltr'><strong>Statim</strong></span> <span class='ocrx_word' id='word_1_428' title='bbox 1705 1270 1779 1298; x_wconf 87' lang='lat' dir='ltr'><strong>enim</strong></span> 
     </span>
    </p>
   </div>
   <div class='ocr_carea' id='block_1_59' title="bbox 993 1314 1778 1350">
    <p class='ocr_par' dir='ltr' id='par_1_59' title="bbox 993 1314 1778 1350">
     <span class='ocr_line' id='line_1_59' title="bbox 993 1314 1778 1350; baseline 0.003 -10"><span class='ocrx_word' id='word_1_429' title='bbox 993 1316 1079 1348; x_wconf 89' lang='lat' dir='ltr'><strong>atque</strong></span> <span class='ocrx_word' id='word_1_430' title='bbox 1095 1314 1281 1350; x_wconf 78' lang='lat' dir='ltr'><strong>introgressus</strong></span> <span class='ocrx_word' id='word_1_431' title='bbox 1296 1318 1338 1342; x_wconf 91' lang='lat' dir='ltr'><strong>est</strong></span> <span class='ocrx_word' id='word_1_432' title='bbox 1353 1322 1452 1342; x_wconf 84' lang='lat' dir='ltr'><strong>manus</strong></span> <span class='ocrx_word' id='word_1_433' title='bbox 1466 1322 1499 1342; x_wconf 85' lang='lat' dir='ltr'><strong>ac</strong></span> <span class='ocrx_word' id='word_1_434' title='bbox 1515 1315 1609 1350; x_wconf 83' lang='lat' dir='ltr'><strong>pedes,</strong></span> <span class='ocrx_word' id='word_1_435' title='bbox 1624 1321 1651 1343; x_wconf 89' lang='lat' dir='ltr'><strong>et</strong></span> <span class='ocrx_word' id='word_1_436' title='bbox 1664 1315 1778 1343; x_wconf 77' lang='lat' dir='ltr'><strong>Confos-</strong></span> 
     </span>
    </p>
   </div>
   <div class='ocr_carea' id='block_1_60' title="bbox 993 1358 1778 1389">
    <p class='ocr_par' dir='ltr' id='par_1_60' title="bbox 993 1358 1778 1389">
     <span class='ocr_line' id='line_1_60' title="bbox 993 1358 1778 1389; baseline 0.004 -4"><span class='ocrx_word' id='word_1_437' title='bbox 993 1365 1055 1386; x_wconf 88' lang='lat' dir='ltr'><strong>sum</strong></span> <span class='ocrx_word' id='word_1_438' title='bbox 1078 1358 1151 1387; x_wconf 87' lang='lat' dir='ltr'><strong>latus</strong></span> <span class='ocrx_word' id='word_1_439' title='bbox 1174 1367 1237 1387; x_wconf 90' lang='lat' dir='ltr'><strong>cum</strong></span> <span class='ocrx_word' id='word_1_440' title='bbox 1261 1359 1372 1388; x_wconf 85' lang='lat' dir='ltr'><strong>ossibus</strong></span> <span class='ocrx_word' id='word_1_441' title='bbox 1387 1367 1420 1387; x_wconf 90' lang='lat' dir='ltr'><strong>ac</strong></span> <span class='ocrx_word' id='word_1_442' title='bbox 1437 1360 1529 1388; x_wconf 89' lang='lat' dir='ltr'><strong>nervis</strong></span> <span class='ocrx_word' id='word_1_443' title='bbox 1554 1360 1691 1389; x_wconf 88' lang='lat' dir='ltr'><strong>ostendit:</strong></span> <span class='ocrx_word' id='word_1_444' title='bbox 1710 1360 1778 1388; x_wconf 85' lang='lat' dir='ltr'><strong>adeo</strong></span> 
     </span>
    </p>
   </div>
   <div class='ocr_carea' id='block_1_61' title="bbox 993 1405 1778 1440">
    <p class='ocr_par' dir='ltr' id='par_1_61' title="bbox 993 1405 1778 1440">
     <span class='ocr_line' id='line_1_61' title="bbox 993 1405 1778 1440; baseline 0.003 -9"><span class='ocrx_word' id='word_1_445' title='bbox 993 1411 1054 1439; x_wconf 73' lang='lat' dir='ltr'><strong>qua:</strong></span> <span class='ocrx_word' id='word_1_446' title='bbox 1067 1408 1124 1431; x_wconf 91' lang='lat' dir='ltr'><strong>tum</strong></span> <span class='ocrx_word' id='word_1_447' title='bbox 1140 1405 1304 1432; x_wconf 81' lang='lat' dir='ltr'><strong>videbantur</strong></span> <span class='ocrx_word' id='word_1_448' title='bbox 1320 1405 1409 1433; x_wconf 89' lang='lat' dir='ltr'><strong>solida</strong></span> <span class='ocrx_word' id='word_1_449' title='bbox 1424 1410 1512 1438; x_wconf 80' lang='lat' dir='ltr'><strong>erant,</strong></span> <span class='ocrx_word' id='word_1_450' title='bbox 1529 1413 1579 1433; x_wconf 89' lang='lat' dir='ltr'><strong>nec</strong></span> <span class='ocrx_word' id='word_1_451' title='bbox 1591 1406 1682 1440; x_wconf 85' lang='lat' dir='ltr'><strong>specie</strong></span> <span class='ocrx_word' id='word_1_452' title='bbox 1697 1409 1778 1434; x_wconf 85' lang='lat' dir='ltr'><strong>tenus</strong></span> 
     </span>
    </p>
   </div>
   <div class='ocr_carea' id='block_1_62' title="bbox 992 1451 1777 1486">
    <p class='ocr_par' dir='ltr' id='par_1_62' title="bbox 992 1451 1777 1486">
     <span class='ocr_line' id='line_1_62' title="bbox 992 1451 1777 1486; baseline 0.001 -8"><span class='ocrx_word' id='word_1_453' title='bbox 992 1451 1148 1479; x_wconf 80' lang='lat' dir='ltr'><strong>exstabant.</strong></span> <span class='ocrx_word' id='word_1_454' title='bbox 1162 1452 1268 1484; x_wconf 82' lang='lat' dir='ltr'><strong>Quibus</strong></span> <span class='ocrx_word' id='word_1_455' title='bbox 1280 1452 1361 1479; x_wconf 90' lang='lat' dir='ltr'><strong>rebus</strong></span> <span class='ocrx_word' id='word_1_456' title='bbox 1373 1459 1468 1479; x_wconf 90' lang='lat' dir='ltr'><strong>eorum</strong></span> <span class='ocrx_word' id='word_1_457' title='bbox 1482 1452 1615 1484; x_wconf 88' lang='lat' dir='ltr'><strong>omnium,</strong></span> <span class='ocrx_word' id='word_1_458' title='bbox 1629 1460 1690 1486; x_wconf 63' lang='lat' dir='ltr'><strong>qua:</strong></span> <span class='ocrx_word' id='word_1_459' title='bbox 1704 1452 1777 1484; x_wconf 82' lang='lat' dir='ltr'><strong>ﬁdei,</strong></span> 
     </span>
    </p>
   </div>
   <div class='ocr_carea' id='block_1_63' title="bbox 157 1497 943 1537">
    <p class='ocr_par' dir='ltr' id='par_1_63' title="bbox 157 1498 943 1535">
     <span class='ocr_line' id='line_1_63' title="bbox 157 1498 943 1535; baseline -0.004 -8"><span class='ocrx_word' id='word_1_460' title='bbox 157 1500 330 1534; x_wconf 77' lang='grc' dir='ltr'>Πνεύματος</span> <span class='ocrx_word' id='word_1_461' title='bbox 339 1508 346 1515; x_wconf 90' lang='grc'>·</span> <span class='ocrx_word' id='word_1_462' title='bbox 365 1501 405 1531; x_wconf 89' lang='grc' dir='ltr'><strong>εἰς</strong></span> <span class='ocrx_word' id='word_1_463' title='bbox 422 1500 472 1535; x_wconf 85' lang='grc' dir='ltr'>τὴν</span> <span class='ocrx_word' id='word_1_464' title='bbox 486 1498 627 1535; x_wconf 80' lang='grc' dir='ltr'>Κυριακὴν</span> <span class='ocrx_word' id='word_1_465' title='bbox 639 1498 786 1534; x_wconf 88' lang='grc' dir='ltr'>ὀνομασίαν</span> <span class='ocrx_word' id='word_1_466' title='bbox 799 1499 849 1534; x_wconf 83' lang='grc' dir='ltr'>τῆς</span> <span class='ocrx_word' id='word_1_467' title='bbox 860 1498 943 1534; x_wconf 85' lang='grc' dir='ltr'>Τριά-</span> 
     </span>
    </p>
   </div>
   <div class='ocr_carea' id='block_1_64' title="bbox 994 1497 1777 1537">
    <p class='ocr_par' dir='ltr' id='par_1_64' title="bbox 994 1497 1777 1532">
     <span class='ocr_line' id='line_1_64' title="bbox 994 1497 1777 1532; baseline -0.001 -7"><span class='ocrx_word' id='word_1_468' title='bbox 994 1497 1106 1532; x_wconf 89' lang='lat' dir='ltr'><strong>speique</strong></span> <span class='ocrx_word' id='word_1_469' title='bbox 1127 1501 1228 1525; x_wconf 62' lang='lat' dir='ltr'><strong>nostra}</strong></span> <span class='ocrx_word' id='word_1_470' title='bbox 1249 1497 1303 1532; x_wconf 85' lang='lat' dir='ltr'><strong>5o</strong></span> <span class='ocrx_word' id='word_1_471' title='bbox 1323 1497 1464 1532; x_wconf 85' lang='lat' dir='ltr'><strong>proposita</strong></span> <span class='ocrx_word' id='word_1_472' title='bbox 1488 1501 1563 1530; x_wconf 86' lang='lat' dir='ltr'><strong>sunt,</strong></span> <span class='ocrx_word' id='word_1_473' title='bbox 1579 1498 1777 1532; x_wconf 83' lang='lat' dir='ltr'><strong>promissorum</strong></span> 
     </span>
    </p>
   </div>
   <div class='ocr_carea' id='block_1_65' title="bbox 156 1544 939 1582">
    <p class='ocr_par' dir='ltr' id='par_1_65' title="bbox 156 1544 939 1582">
     <span class='ocr_line' id='line_1_65' title="bbox 156 1544 939 1582; baseline -0.003 -9"><span class='ocrx_word' id='word_1_474' title='bbox 156 1546 218 1580; x_wconf 81' lang='grc' dir='ltr'>δος,</span> <span class='ocrx_word' id='word_1_475' title='bbox 233 1546 283 1582; x_wconf 82' lang='grc' dir='ltr'>τὴν</span> <span class='ocrx_word' id='word_1_476' title='bbox 299 1547 379 1581; x_wconf 84' lang='grc' dir='ltr'>ἁγίαν</span> <span class='ocrx_word' id='word_1_477' title='bbox 401 1546 448 1573; x_wconf 77' lang='grc' dir='ltr'>καὶ</span> <span class='ocrx_word' id='word_1_478' title='bbox 467 1545 608 1581; x_wconf 79' lang='grc' dir='ltr'>βασιλικὴν</span> <span class='ocrx_word' id='word_1_479' title='bbox 629 1545 780 1581; x_wconf 75' lang='grc' dir='ltr'>σφραγῖδα’</span> <span class='ocrx_word' id='word_1_480' title='bbox 803 1545 846 1572; x_wconf 78' lang='grc' dir='ltr'>ἵνα</span> <span class='ocrx_word' id='word_1_481' title='bbox 865 1544 939 1580; x_wconf 82' lang='grc' dir='ltr'>δείξῃ</span> 
     </span>
    </p>
   </div>
   <div class='ocr_carea' id='block_1_66' title="bbox 157 1588 941 1627">
    <p class='ocr_par' dir='ltr' id='par_1_66' title="bbox 157 1588 941 1627">
     <span class='ocr_line' id='line_1_66' title="bbox 157 1588 941 1627; baseline -0.001 -10"><span class='ocrx_word' id='word_1_482' title='bbox 157 1591 191 1618; x_wconf 80' lang='grc' dir='ltr'>ἐκ</span> <span class='ocrx_word' id='word_1_483' title='bbox 209 1591 256 1618; x_wconf 82' lang='grc' dir='ltr'>τοῦ</span> <span class='ocrx_word' id='word_1_484' title='bbox 270 1592 401 1627; x_wconf 80' lang='grc' dir='ltr'>ὀνόματος</span> <span class='ocrx_word' id='word_1_485' title='bbox 421 1591 554 1627; x_wconf 87' lang='grc' dir='ltr'>μηδεμίαν</span> <span class='ocrx_word' id='word_1_486' title='bbox 567 1591 708 1618; x_wconf 82' lang='grc' dir='ltr'>ἀλλοίωσιν</span> <span class='ocrx_word' id='word_1_487' title='bbox 725 1588 794 1617; x_wconf 80' lang='grc' dir='ltr'>εἶναι</span> <span class='ocrx_word' id='word_1_488' title='bbox 810 1590 859 1625; x_wconf 88' lang='grc' dir='ltr'>τῆς</span> <span class='ocrx_word' id='word_1_489' title='bbox 876 1590 941 1625; x_wconf 80' lang='grc' dir='ltr'>μιᾶς</span> 
     </span>
    </p>
   </div>
   <div class='ocr_carea' id='block_1_67' title="bbox 157 1635 940 1673">
    <p class='ocr_par' dir='ltr' id='par_1_67' title="bbox 157 1635 940 1673">
     <span class='ocr_line' id='line_1_67' title="bbox 157 1635 940 1673; baseline -0.004 -9"><span class='ocrx_word' id='word_1_490' title='bbox 157 1637 292 1673; x_wconf 75' lang='grc' dir='ltr'>ἑνότητος.</span> <span class='ocrx_word' id='word_1_491' title='bbox 306 1637 393 1664; x_wconf 89' lang='grc' dir='ltr'>Ὅπου</span> <span class='ocrx_word' id='word_1_492' title='bbox 408 1637 461 1673; x_wconf 88' lang='grc' dir='ltr'>γὰρ</span> <span class='ocrx_word' id='word_1_493' title='bbox 477 1638 501 1663; x_wconf 76' lang='grc' dir='ltr'>οἱ</span> <span class='ocrx_word' id='word_1_494' title='bbox 514 1636 706 1672; x_wconf 81' lang='grc' dir='ltr'>βαπτιζόμενοι</span> <span class='ocrx_word' id='word_1_495' title='bbox 721 1635 876 1663; x_wconf 87' lang='grc' dir='ltr'>κελεύονται</span> <span class='ocrx_word' id='word_1_496' title='bbox 894 1635 940 1661; x_wconf 83' lang='grc' dir='ltr'><strong>ὑπ’</strong></span> 
     </span>
    </p>
   </div>
   <div class='ocr_carea' id='block_1_68' title="bbox 156 1680 940 1718">
    <p class='ocr_par' dir='ltr' id='par_1_68' title="bbox 156 1680 940 1718">
     <span class='ocr_line' id='line_1_68' title="bbox 156 1680 940 1718; baseline -0.004 -8"><span class='ocrx_word' id='word_1_497' title='bbox 156 1682 240 1710; x_wconf 82' lang='grc' dir='ltr'>αὐτοῦ</span> <span class='ocrx_word' id='word_1_498' title='bbox 257 1684 300 1715; x_wconf 80' lang='grc' dir='ltr'>εἰς</span> <span class='ocrx_word' id='word_1_499' title='bbox 313 1683 406 1718; x_wconf 75' lang='grc' dir='ltr'>ὄνομα</span> <span class='ocrx_word' id='word_1_500' title='bbox 425 1683 549 1717; x_wconf 78' lang='grc' dir='ltr'>Πατρός,</span> <span class='ocrx_word' id='word_1_501' title='bbox 565 1682 688 1717; x_wconf 78' lang='grc' dir='ltr'>ἀσφαλὴς</span> <span class='ocrx_word' id='word_1_502' title='bbox 702 1683 719 1717; x_wconf 85' lang='grc' dir='ltr'><strong>ἠ</strong></span> <span class='ocrx_word' id='word_1_503' title='bbox 732 1680 883 1715; x_wconf 85' lang='grc' dir='ltr'>δοξολογία·</span> <span class='ocrx_word' id='word_1_504' title='bbox 896 1681 940 1712; x_wconf 77' lang='grc' dir='ltr'><strong>είς</strong></span> 
     </span>
    </p>
   </div>
   <div class='ocr_carea' id='block_1_69' title="bbox 155 1724 964 1763">
    <p class='ocr_par' dir='ltr' id='par_1_69' title="bbox 155 1724 964 1763">
     <span class='ocr_line' id='line_1_69' title="bbox 155 1724 964 1763; baseline -0.002 -8"><span class='ocrx_word' id='word_1_505' title='bbox 155 1727 251 1763; x_wconf 73' lang='grc' dir='ltr'>ὄνομα</span> <span class='ocrx_word' id='word_1_506' title='bbox 270 1728 348 1762; x_wconf 80' lang='grc' dir='ltr'>Υὶοῦ,</span> <span class='ocrx_word' id='word_1_507' title='bbox 364 1729 414 1755; x_wconf 81' lang='grc' dir='ltr'>οὐκ</span> <span class='ocrx_word' id='word_1_508' title='bbox 427 1728 610 1763; x_wconf 84' lang='grc' dir='ltr'>ἀποδέοντοςή</span> <span class='ocrx_word' id='word_1_509' title='bbox 623 1727 778 1762; x_wconf 76' lang='grc' dir='ltr'>ἐπίκλησις·</span> <span class='ocrx_word' id='word_1_510' title='bbox 793 1728 837 1759; x_wconf 80' lang='grc' dir='ltr'>εἰς</span> <span class='ocrx_word' id='word_1_511' title='bbox 848 1726 942 1761; x_wconf 79' lang='grc' dir='ltr'>ὄνομα</span> <span class='ocrx_word' id='word_1_512' title='bbox 958 1724 964 1730; x_wconf 87' lang='grc'><em>”</em></span> 
     </span>
    </p>
   </div>
   <div class='ocr_carea' id='block_1_70' title="bbox 155 1771 941 1810">
    <p class='ocr_par' dir='ltr' id='par_1_70' title="bbox 155 1771 941 1810">
     <span class='ocr_line' id='line_1_70' title="bbox 155 1771 941 1810; baseline -0.003 -10"><span class='ocrx_word' id='word_1_513' title='bbox 155 1773 243 1808; x_wconf 72' lang='grc' dir='ltr'>ἁγίου</span> <span class='ocrx_word' id='word_1_514' title='bbox 255 1774 440 1808; x_wconf 78' lang='grc' dir='ltr'>Πνεύματος’,</span> <span class='ocrx_word' id='word_1_515' title='bbox 453 1774 484 1800; x_wconf 84' lang='grc' dir='ltr'><strong>ού</strong></span> <span class='ocrx_word' id='word_1_516' title='bbox 495 1773 658 1810; x_wconf 85' lang='grc' dir='ltr'>διῃρημένος</span> <span class='ocrx_word' id='word_1_517' title='bbox 671 1774 687 1799; x_wconf 84' lang='grc' dir='ltr'>ὁ</span> <span class='ocrx_word' id='word_1_518' title='bbox 701 1772 849 1808; x_wconf 81' lang='grc' dir='ltr'>σύνδεσμος</span> <span class='ocrx_word' id='word_1_519' title='bbox 858 1793 865 1806; x_wconf 93' lang='grc'><strong>,</strong></span> <span class='ocrx_word' id='word_1_520' title='bbox 878 1771 941 1798; x_wconf 75' lang='grc' dir='ltr'>οὔτε</span> 
     </span>
    </p>
   </div>
   <div class='ocr_carea' id='block_1_71' title="bbox 158 1818 941 1855">
    <p class='ocr_par' dir='ltr' id='par_1_71' title="bbox 158 1818 941 1855">
     <span class='ocr_line' id='line_1_71' title="bbox 158 1818 941 1855; baseline -0.003 -9"><span class='ocrx_word' id='word_1_521' title='bbox 158 1819 412 1855; x_wconf 82' lang='grc' dir='ltr'>ἁπηλλοτριωμένος</span> <span class='ocrx_word' id='word_1_522' title='bbox 423 1820 472 1854; x_wconf 84' lang='grc' dir='ltr'>τῆς</span> <span class='ocrx_word' id='word_1_523' title='bbox 487 1820 550 1855; x_wconf 78' lang='grc' dir='ltr'>μιᾶς</span> <span class='ocrx_word' id='word_1_524' title='bbox 565 1819 690 1855; x_wconf 86' lang='grc' dir='ltr'>θεότητος</span> <span class='ocrx_word' id='word_1_525' title='bbox 706 1818 775 1854; x_wconf 79' lang='grc' dir='ltr'>ἔχων</span> <span class='ocrx_word' id='word_1_526' title='bbox 789 1819 839 1854; x_wconf 86' lang='grc' dir='ltr'><strong>τὴν</strong></span> <span class='ocrx_word' id='word_1_527' title='bbox 855 1826 941 1854; x_wconf 77' lang='grc' dir='ltr'>σφρα-</span> 
     </span>
    </p>
   </div>
   <div class='ocr_carea' id='block_1_72' title="bbox 162 1865 227 1899">
    <p class='ocr_par' dir='ltr' id='par_1_72' title="bbox 162 1865 227 1899">
     <span class='ocr_line' id='line_1_72' title="bbox 162 1865 227 1899; baseline 0 -8"><span class='ocrx_word' id='word_1_528' title='bbox 162 1865 227 1899; x_wconf 68' lang='grc' dir='ltr'>ιῖδα.</span> 
     </span>
    </p>
   </div>
   <div class='ocr_carea' id='block_1_73' title="bbox 992 1543 1778 1579">
    <p class='ocr_par' dir='ltr' id='par_1_73' title="bbox 992 1543 1778 1579">
     <span class='ocr_line' id='line_1_73' title="bbox 992 1543 1778 1579; baseline 0.001 -8"><span class='ocrx_word' id='word_1_529' title='bbox 992 1551 1042 1579; x_wconf 88' lang='lat' dir='ltr'><strong>per</strong></span> <span class='ocrx_word' id='word_1_530' title='bbox 1055 1551 1115 1571; x_wconf 85' lang='lat' dir='ltr'><strong>sese</strong></span> <span class='ocrx_word' id='word_1_531' title='bbox 1134 1543 1275 1571; x_wconf 89' lang='lat' dir='ltr'><strong>veritatem</strong></span> <span class='ocrx_word' id='word_1_532' title='bbox 1290 1544 1399 1578; x_wconf 81' lang='lat' dir='ltr'><strong>penitus</strong></span> <span class='ocrx_word' id='word_1_533' title='bbox 1411 1544 1582 1579; x_wconf 85' lang='lat' dir='ltr'><strong>approbavit.</strong></span> <span class='ocrx_word' id='word_1_534' title='bbox 1602 1544 1700 1572; x_wconf 81' lang='lat' dir='ltr'><strong>Postea</strong></span> <span class='ocrx_word' id='word_1_535' title='bbox 1722 1552 1778 1572; x_wconf 90' lang='lat' dir='ltr'><strong>non</strong></span> 
     </span>
    </p>
   </div>
   <div class='ocr_carea' id='block_1_74' title="bbox 995 1589 1777 1625">
    <p class='ocr_par' dir='ltr' id='par_1_74' title="bbox 995 1589 1777 1625">
     <span class='ocr_line' id='line_1_74' title="bbox 995 1589 1777 1625; baseline 0.001 -9"><span class='ocrx_word' id='word_1_536' title='bbox 995 1589 1056 1616; x_wconf 85' lang='lat' dir='ltr'><strong>ﬁcta</strong></span> <span class='ocrx_word' id='word_1_537' title='bbox 1072 1589 1204 1616; x_wconf 75' lang='lat' dir='ltr'><strong>duntaxat</strong></span> <span class='ocrx_word' id='word_1_538' title='bbox 1219 1589 1347 1624; x_wconf 78' lang='lat' dir='ltr'><strong>imagine,</strong></span> <span class='ocrx_word' id='word_1_539' title='bbox 1362 1589 1410 1617; x_wconf 90' lang='lat' dir='ltr'><strong>sed</strong></span> <span class='ocrx_word' id='word_1_540' title='bbox 1427 1590 1517 1624; x_wconf 90' lang='lat' dir='ltr'><strong>reipsa</strong></span> <span class='ocrx_word' id='word_1_541' title='bbox 1533 1598 1594 1617; x_wconf 90' lang='lat' dir='ltr'><strong>cum</strong></span> <span class='ocrx_word' id='word_1_542' title='bbox 1613 1590 1672 1617; x_wconf 89' lang='lat' dir='ltr'><strong>suis</strong></span> <span class='ocrx_word' id='word_1_543' title='bbox 1685 1591 1777 1625; x_wconf 85' lang='lat' dir='ltr'><strong>epula-</strong></span> 
     </span>
    </p>
   </div>
   <div class='ocr_carea' id='block_1_75' title="bbox 994 1634 1778 1671">
    <p class='ocr_par' dir='ltr' id='par_1_75' title="bbox 994 1634 1778 1671">
     <span class='ocr_line' id='line_1_75' title="bbox 994 1634 1778 1671; baseline 0.001 -9"><span class='ocrx_word' id='word_1_544' title='bbox 994 1640 1038 1663; x_wconf 86' lang='lat' dir='ltr'><strong>tus</strong></span> <span class='ocrx_word' id='word_1_545' title='bbox 1053 1634 1162 1663; x_wconf 88' lang='lat' dir='ltr'><strong>eosdem</strong></span> <span class='ocrx_word' id='word_1_546' title='bbox 1179 1635 1309 1667; x_wconf 88' lang='lat' dir='ltr'><strong>instituit,</strong></span> <span class='ocrx_word' id='word_1_547' title='bbox 1329 1643 1361 1663; x_wconf 89' lang='lat' dir='ltr'><strong>ac</strong></span> <span class='ocrx_word' id='word_1_548' title='bbox 1373 1636 1484 1664; x_wconf 76' lang='lat' dir='ltr'><strong>cteleste</strong></span> <span class='ocrx_word' id='word_1_549' title='bbox 1502 1643 1616 1671; x_wconf 75' lang='lat' dir='ltr'><strong>regnum</strong></span> <span class='ocrx_word' id='word_1_550' title='bbox 1630 1644 1692 1663; x_wconf 92' lang='lat' dir='ltr'><strong>cum</strong></span> <span class='ocrx_word' id='word_1_551' title='bbox 1706 1637 1778 1664; x_wconf 88' lang='lat' dir='ltr'><strong>veri-</strong></span> 
     </span>
    </p>
   </div>
   <div class='ocr_carea' id='block_1_76' title="bbox 992 1680 1778 1709">
    <p class='ocr_par' dir='ltr' id='par_1_76' title="bbox 992 1680 1778 1709">
     <span class='ocr_line' id='line_1_76' title="bbox 992 1680 1778 1709; baseline 0 0"><span class='ocrx_word' id='word_1_552' title='bbox 992 1686 1047 1709; x_wconf 87' lang='lat' dir='ltr'><strong>tate</strong></span> <span class='ocrx_word' id='word_1_553' title='bbox 1069 1681 1197 1708; x_wconf 86' lang='lat' dir='ltr'><strong>nuntiare</strong></span> <span class='ocrx_word' id='word_1_554' title='bbox 1218 1680 1311 1708; x_wconf 88' lang='lat' dir='ltr'><strong>docuit</strong></span> <span class='ocrx_word' id='word_1_555' title='bbox 1330 1691 1337 1708; x_wconf 93' lang='lat'>:</span> <span class='ocrx_word' id='word_1_556' title='bbox 1366 1685 1424 1708; x_wconf 94' lang='lat' dir='ltr'><strong>tum</strong></span> <span class='ocrx_word' id='word_1_557' title='bbox 1452 1688 1514 1708; x_wconf 91' lang='lat' dir='ltr'><strong>cum</strong></span> <span class='ocrx_word' id='word_1_558' title='bbox 1541 1682 1689 1709; x_wconf 86' lang='lat' dir='ltr'><strong>maximum</strong></span> <span class='ocrx_word' id='word_1_559' title='bbox 1711 1682 1778 1709; x_wconf 88' lang='lat' dir='ltr'><strong>illud</strong></span> 
     </span>
    </p>
   </div>
   <div class='ocr_carea' id='block_1_77' title="bbox 994 1727 1775 1764">
    <p class='ocr_par' dir='ltr' id='par_1_77' title="bbox 994 1727 1775 1764">
     <span class='ocr_line' id='line_1_77' title="bbox 994 1727 1775 1764; baseline 0.001 -10"><span class='ocrx_word' id='word_1_560' title='bbox 994 1727 1127 1762; x_wconf 80' lang='lat' dir='ltr'><strong>longeque</strong></span> <span class='ocrx_word' id='word_1_561' title='bbox 1145 1727 1312 1762; x_wconf 57' lang='lat' dir='ltr'><strong>praecipuum</strong></span> <span class='ocrx_word' id='word_1_562' title='bbox 1338 1735 1471 1755; x_wconf 91' lang='lat' dir='ltr'><strong>arcanum</strong></span> <span class='ocrx_word' id='word_1_563' title='bbox 1493 1727 1636 1763; x_wconf 86' lang='lat' dir='ltr'><strong>discipulis</strong></span> <span class='ocrx_word' id='word_1_564' title='bbox 1659 1729 1775 1764; x_wconf 91' lang='lat' dir='ltr'><strong>aperuit.</strong></span> 
     </span>
    </p>
   </div>
   <div class='ocr_carea' id='block_1_78' title="bbox 993 1772 1778 1810">
    <p class='ocr_par' dir='ltr' id='par_1_78' title="bbox 993 1772 1778 1810">
     <span class='ocr_line' id='line_1_78' title="bbox 993 1772 1778 1810; baseline 0.004 -11"><span class='ocrx_word' id='word_1_565' title='bbox 993 1772 1322 1807; x_wconf 77' lang='lat' dir='ltr'><strong>Docete,inquit‘,omnes</strong></span> <span class='ocrx_word' id='word_1_566' title='bbox 1336 1777 1433 1808; x_wconf 75' lang='lat' dir='ltr'><strong>gentes.</strong></span> <span class='ocrx_word' id='word_1_567' title='bbox 1448 1772 1506 1800; x_wconf 83' lang='lat' dir='ltr'><strong>Hoc</strong></span> <span class='ocrx_word' id='word_1_568' title='bbox 1521 1778 1578 1801; x_wconf 88' lang='lat' dir='ltr'><strong>est:</strong></span> <span class='ocrx_word' id='word_1_569' title='bbox 1594 1774 1634 1801; x_wconf 84' lang='lat' dir='ltr'><strong>Ab</strong></span> <span class='ocrx_word' id='word_1_570' title='bbox 1646 1774 1778 1810; x_wconf 86' lang='lat' dir='ltr'><strong>improbi-</strong></span> 
     </span>
    </p>
   </div>
   <div class='ocr_carea' id='block_1_79' title="bbox 993 1817 1776 1853">
    <p class='ocr_par' dir='ltr' id='par_1_79' title="bbox 993 1817 1776 1853">
     <span class='ocr_line' id='line_1_79' title="bbox 993 1817 1776 1853; baseline 0.004 -9"><span class='ocrx_word' id='word_1_571' title='bbox 993 1821 1050 1845; x_wconf 88' lang='lat' dir='ltr'><strong>tate</strong></span> <span class='ocrx_word' id='word_1_572' title='bbox 1064 1817 1125 1845; x_wconf 87' lang='lat' dir='ltr'><strong>illas</strong></span> <span class='ocrx_word' id='word_1_573' title='bbox 1139 1817 1173 1845; x_wconf 91' lang='lat' dir='ltr'><strong>ad</strong></span> <span class='ocrx_word' id='word_1_574' title='bbox 1187 1818 1348 1851; x_wconf 74' lang='lat' dir='ltr'><strong>veritatem;</strong></span> <span class='ocrx_word' id='word_1_575' title='bbox 1365 1818 1399 1846; x_wconf 90' lang='lat' dir='ltr'><strong>ab</strong></span> <span class='ocrx_word' id='word_1_576' title='bbox 1413 1819 1495 1846; x_wconf 87' lang='lat' dir='ltr'><strong>sectis</strong></span> <span class='ocrx_word' id='word_1_577' title='bbox 1509 1819 1591 1846; x_wconf 87' lang='lat' dir='ltr'><strong>variis</strong></span> <span class='ocrx_word' id='word_1_578' title='bbox 1607 1819 1640 1846; x_wconf 88' lang='lat' dir='ltr'><strong>ad</strong></span> <span class='ocrx_word' id='word_1_579' title='bbox 1653 1820 1776 1853; x_wconf 87' lang='lat' dir='ltr'><strong>ejusdem</strong></span> 
     </span>
    </p>
   </div>
   <div class='ocr_carea' id='block_1_80' title="bbox 993 1862 1777 1899">
    <p class='ocr_par' dir='ltr' id='par_1_80' title="bbox 993 1862 1777 1899">
     <span class='ocr_line' id='line_1_80' title="bbox 993 1862 1777 1899; baseline 0.004 -9"><span class='ocrx_word' id='word_1_580' title='bbox 993 1862 1129 1897; x_wconf 78' lang='lat' dir='ltr'><strong>dogmatis</strong></span> <span class='ocrx_word' id='word_1_581' title='bbox 1149 1864 1369 1891; x_wconf 89' lang='lat' dir='ltr'><strong>communionem</strong></span> <span class='ocrx_word' id='word_1_582' title='bbox 1393 1863 1537 1892; x_wconf 86' lang='lat' dir='ltr'><strong>traducite.</strong></span> <span class='ocrx_word' id='word_1_583' title='bbox 1568 1865 1706 1899; x_wconf 77' lang='lat' dir='ltr'><strong>Baptizate</strong></span> <span class='ocrx_word' id='word_1_584' title='bbox 1733 1874 1777 1893; x_wconf 80' lang='lat' dir='ltr'><strong>eos</strong></span> 
     </span>
    </p>
   </div>
   <div class='ocr_carea' id='block_1_81' title="bbox 168 1908 1778 1948">
    <p class='ocr_par' dir='ltr' id='par_1_81' title="bbox 168 1908 1778 1948">
     <span class='ocr_line' id='line_1_81' title="bbox 168 1908 1778 1948; baseline 0.001 -9"><span class='ocrx_word' id='word_1_585' title='bbox 168 1921 185 1939; x_wconf 80' lang='grc' dir='ltr'><strong>η</strong></span> <span class='ocrx_word' id='word_1_586' title='bbox 202 1913 306 1939; x_wconf 76' lang='lat' dir='ltr'><strong>nomine</strong></span> <span class='ocrx_word' id='word_1_587' title='bbox 321 1911 425 1945; x_wconf 70' lang='lat' dir='ltr'><strong>Patris,</strong></span> <span class='ocrx_word' id='word_1_588' title='bbox 452 1916 478 1940; x_wconf 84' lang='lat' dir='ltr'><strong>et</strong></span> <span class='ocrx_word' id='word_1_589' title='bbox 501 1911 578 1944; x_wconf 85' lang='lat' dir='ltr'><strong>Filii,</strong></span> <span class='ocrx_word' id='word_1_590' title='bbox 614 1916 639 1939; x_wconf 84' lang='lat' dir='ltr'><strong>et</strong></span> <span class='ocrx_word' id='word_1_591' title='bbox 665 1911 781 1945; x_wconf 74' lang='lat' dir='ltr'><strong>Spiritus</strong></span> <span class='ocrx_word' id='word_1_592' title='bbox 811 1910 914 1943; x_wconf 73' lang='lat' dir='ltr'><strong>sancti;</strong></span> <span class='ocrx_word' id='word_1_593' title='bbox 943 1908 1072 1937; x_wconf 88' lang='lat' dir='ltr'><strong>nimirum</strong></span> <span class='ocrx_word' id='word_1_594' title='bbox 1097 1909 1125 1937; x_wconf 93' lang='lat' dir='ltr'><strong>in</strong></span> <span class='ocrx_word' id='word_1_595' title='bbox 1154 1909 1293 1937; x_wconf 89' lang='lat' dir='ltr'><strong>Dominica</strong></span> <span class='ocrx_word' id='word_1_596' title='bbox 1317 1910 1459 1938; x_wconf 85' lang='lat' dir='ltr'><strong>Trinitatis</strong></span> <span class='ocrx_word' id='word_1_597' title='bbox 1487 1912 1675 1946; x_wconf 86' lang='lat' dir='ltr'><strong>appellatione,</strong></span> <span class='ocrx_word' id='word_1_598' title='bbox 1704 1913 1778 1948; x_wconf 92' lang='lat' dir='ltr'><strong>quod</strong></span> 
     </span>
    </p>
   </div>
   <div class='ocr_carea' id='block_1_82' title="bbox 161 1957 1778 1994">
    <p class='ocr_par' dir='ltr' id='par_1_82' title="bbox 161 1957 1778 1994">
     <span class='ocr_line' id='line_1_82' title="bbox 161 1957 1778 1994; baseline -0.001 -7"><span class='ocrx_word' id='word_1_599' title='bbox 161 1967 246 1994; x_wconf 84' lang='lat' dir='ltr'><strong>.psum</strong></span> <span class='ocrx_word' id='word_1_600' title='bbox 261 1964 464 1987; x_wconf 87' lang='lat' dir='ltr'><strong>sacrosanctum</strong></span> <span class='ocrx_word' id='word_1_601' title='bbox 483 1963 534 1992; x_wconf 90' lang='lat' dir='ltr'><strong>est,</strong></span> <span class='ocrx_word' id='word_1_602' title='bbox 560 1966 591 1986; x_wconf 90' lang='lat' dir='ltr'><strong>ac</strong></span> <span class='ocrx_word' id='word_1_603' title='bbox 610 1959 714 1994; x_wconf 75' lang='lat' dir='ltr'><strong>regium</strong></span> <span class='ocrx_word' id='word_1_604' title='bbox 735 1959 863 1994; x_wconf 72' lang='lat' dir='ltr'><strong>signum;</strong></span> <span class='ocrx_word' id='word_1_605' title='bbox 886 1965 941 1993; x_wconf 91' lang='lat' dir='ltr'><strong>quo</strong></span> <span class='ocrx_word' id='word_1_606' title='bbox 961 1958 1002 1985; x_wconf 89' lang='lat' dir='ltr'><strong>vel</strong></span> <span class='ocrx_word' id='word_1_607' title='bbox 1028 1957 1088 1992; x_wconf 90' lang='lat' dir='ltr'><strong>ipso</strong></span> <span class='ocrx_word' id='word_1_608' title='bbox 1111 1958 1223 1985; x_wconf 88' lang='lat' dir='ltr'><strong>nomine</strong></span> <span class='ocrx_word' id='word_1_609' title='bbox 1241 1958 1418 1993; x_wconf 77' lang='lat' dir='ltr'><strong>significaret,</strong></span> <span class='ocrx_word' id='word_1_610' title='bbox 1440 1958 1507 1986; x_wconf 87' lang='lat' dir='ltr'><strong>nihil</strong></span> <span class='ocrx_word' id='word_1_611' title='bbox 1531 1966 1592 1986; x_wconf 89' lang='lat' dir='ltr'><strong>esse</strong></span> <span class='ocrx_word' id='word_1_612' title='bbox 1618 1958 1653 1986; x_wconf 89' lang='lat' dir='ltr'><strong>ab</strong></span> <span class='ocrx_word' id='word_1_613' title='bbox 1675 1958 1778 1986; x_wconf 83' lang='lat' dir='ltr'><strong>unitate</strong></span> 
     </span>
    </p>
   </div>
   <div class='ocr_carea' id='block_1_83' title="bbox 163 2003 1778 2041">
    <p class='ocr_par' dir='ltr' id='par_1_83' title="bbox 163 2003 1778 2041">
     <span class='ocr_line' id='line_1_83' title="bbox 163 2003 1778 2041; baseline 0 -9"><span class='ocrx_word' id='word_1_614' title='bbox 163 2005 306 2032; x_wconf 76' lang='lat' dir='ltr'><strong>iiversum.</strong></span> <span class='ocrx_word' id='word_1_615' title='bbox 329 2005 398 2033; x_wconf 85' lang='lat' dir='ltr'><strong>Cum</strong></span> <span class='ocrx_word' id='word_1_616' title='bbox 415 2006 486 2033; x_wconf 90' lang='lat' dir='ltr'><strong>enim</strong></span> <span class='ocrx_word' id='word_1_617' title='bbox 511 2005 643 2041; x_wconf 83' lang='lat' dir='ltr'><strong>baptizari</strong></span> <span class='ocrx_word' id='word_1_618' title='bbox 665 2006 789 2033; x_wconf 81' lang='lat' dir='ltr'><strong>homines</strong></span> <span class='ocrx_word' id='word_1_619' title='bbox 810 2004 886 2040; x_wconf 82' lang='lat' dir='ltr'><strong>jubet</strong></span> <span class='ocrx_word' id='word_1_620' title='bbox 909 2005 937 2031; x_wconf 85' lang='lat' dir='ltr'><strong>in</strong></span> <span class='ocrx_word' id='word_1_621' title='bbox 967 2005 1071 2031; x_wconf 79' lang='lat' dir='ltr'><strong>nomine</strong></span> <span class='ocrx_word' id='word_1_622' title='bbox 1085 2003 1189 2035; x_wconf 67' lang='lat' dir='ltr'><strong>Patris,</strong></span> <span class='ocrx_word' id='word_1_623' title='bbox 1202 2004 1280 2032; x_wconf 85' lang='lat' dir='ltr'><strong>ﬁrma</strong></span> <span class='ocrx_word' id='word_1_624' title='bbox 1299 2013 1331 2032; x_wconf 90' lang='lat' dir='ltr'><strong>ac</strong></span> <span class='ocrx_word' id='word_1_625' title='bbox 1347 2005 1452 2033; x_wconf 80' lang='lat' dir='ltr'><strong>stabilis</strong></span> <span class='ocrx_word' id='word_1_626' title='bbox 1477 2009 1518 2033; x_wconf 90' lang='lat' dir='ltr'><strong>est</strong></span> <span class='ocrx_word' id='word_1_627' title='bbox 1531 2005 1624 2040; x_wconf 71' lang='lat' dir='ltr'><strong>gloria:</strong></span> <span class='ocrx_word' id='word_1_628' title='bbox 1646 2005 1778 2040; x_wconf 68' lang='lat' dir='ltr'><strong>prtedi&#39;ca-</strong></span> 
     </span>
    </p>
   </div>
   <div class='ocr_carea' id='block_1_84' title="bbox 161 2050 1776 2086">
    <p class='ocr_par' dir='ltr' id='par_1_84' title="bbox 161 2050 1776 2086">
     <span class='ocr_line' id='line_1_84' title="bbox 161 2050 1776 2086; baseline 0 -8"><span class='ocrx_word' id='word_1_629' title='bbox 161 2051 206 2078; x_wconf 84' lang='lat' dir='ltr'><strong>.io.</strong></span> <span class='ocrx_word' id='word_1_630' title='bbox 232 2050 310 2084; x_wconf 80' lang='lat' dir='ltr'><strong>Quod</strong></span> <span class='ocrx_word' id='word_1_631' title='bbox 333 2058 398 2078; x_wconf 90' lang='lat' dir='ltr'><strong>vero</strong></span> <span class='ocrx_word' id='word_1_632' title='bbox 418 2051 527 2078; x_wconf 82' lang='lat' dir='ltr'><strong>additur</strong></span> <span class='ocrx_word' id='word_1_633' title='bbox 556 2053 584 2078; x_wconf 88' lang='lat' dir='ltr'><strong>in</strong></span> <span class='ocrx_word' id='word_1_634' title='bbox 602 2052 705 2079; x_wconf 77' lang='lat' dir='ltr'><strong>nomine</strong></span> <span class='ocrx_word' id='word_1_635' title='bbox 728 2050 805 2085; x_wconf 81' lang='lat' dir='ltr'><strong>Filii,</strong></span> <span class='ocrx_word' id='word_1_636' title='bbox 838 2051 912 2079; x_wconf 91' lang='lat' dir='ltr'><strong>nulla</strong></span> <span class='ocrx_word' id='word_1_637' title='bbox 932 2058 963 2078; x_wconf 90' lang='lat' dir='ltr'><strong>re</strong></span> <span class='ocrx_word' id='word_1_638' title='bbox 989 2050 1062 2078; x_wconf 89' lang='lat' dir='ltr'><strong>hunc</strong></span> <span class='ocrx_word' id='word_1_639' title='bbox 1082 2058 1098 2077; x_wconf 90' lang='lat' dir='ltr'><strong>a</strong></span> <span class='ocrx_word' id='word_1_640' title='bbox 1123 2055 1237 2086; x_wconf 88' lang='lat' dir='ltr'><strong>paterna</strong></span> <span class='ocrx_word' id='word_1_641' title='bbox 1258 2050 1389 2086; x_wconf 83' lang='lat' dir='ltr'><strong>dignitate</strong></span> <span class='ocrx_word' id='word_1_642' title='bbox 1409 2050 1523 2078; x_wconf 80' lang='lat' dir='ltr'><strong>deficere</strong></span> <span class='ocrx_word' id='word_1_643' title='bbox 1546 2050 1691 2085; x_wconf 86' lang='lat' dir='ltr'><strong>appellatio</strong></span> <span class='ocrx_word' id='word_1_644' title='bbox 1716 2050 1776 2085; x_wconf 84' lang='lat' dir='ltr'><strong>ipsa</strong></span> 
     </span>
    </p>
   </div>
   <div class='ocr_carea' id='block_1_85' title="bbox 162 2096 1777 2133">
    <p class='ocr_par' dir='ltr' id='par_1_85' title="bbox 162 2096 1777 2133">
     <span class='ocr_line' id='line_1_85' title="bbox 162 2096 1777 2133; baseline -0.001 -7"><span class='ocrx_word' id='word_1_645' title='bbox 162 2098 288 2126; x_wconf 70' lang='lat' dir='ltr'><strong>Jeclarat.</strong></span> <span class='ocrx_word' id='word_1_646' title='bbox 306 2097 448 2126; x_wconf 87' lang='lat' dir='ltr'><strong>Postremo</strong></span> <span class='ocrx_word' id='word_1_647' title='bbox 463 2099 497 2126; x_wconf 91' lang='lat' dir='ltr'><strong>iis</strong></span> <span class='ocrx_word' id='word_1_648' title='bbox 517 2099 544 2125; x_wconf 94' lang='lat' dir='ltr'><strong>in</strong></span> <span class='ocrx_word' id='word_1_649' title='bbox 557 2100 659 2131; x_wconf 88' lang='lat' dir='ltr'><strong>verbis,</strong></span> <span class='ocrx_word' id='word_1_650' title='bbox 675 2100 703 2126; x_wconf 81' lang='lat' dir='ltr'><strong>in</strong></span> <span class='ocrx_word' id='word_1_651' title='bbox 725 2100 829 2127; x_wconf 83' lang='lat' dir='ltr'><strong>nomine</strong></span> <span class='ocrx_word' id='word_1_652' title='bbox 852 2098 968 2133; x_wconf 66' lang='lat' dir='ltr'><strong>Spiritus</strong></span> <span class='ocrx_word' id='word_1_653' title='bbox 992 2098 1096 2131; x_wconf 73' lang='lat' dir='ltr'><strong>sancti,</strong></span> <span class='ocrx_word' id='word_1_654' title='bbox 1122 2097 1197 2125; x_wconf 89' lang='lat' dir='ltr'><strong>nulla</strong></span> <span class='ocrx_word' id='word_1_655' title='bbox 1220 2100 1262 2125; x_wconf 83' lang='lat' dir='ltr'><strong>est</strong></span> <span class='ocrx_word' id='word_1_656' title='bbox 1283 2097 1486 2132; x_wconf 82' lang='lat' dir='ltr'><strong>conjunctionis</strong></span> <span class='ocrx_word' id='word_1_657' title='bbox 1512 2097 1629 2128; x_wconf 87' lang='lat' dir='ltr'><strong>divisio.</strong></span> <span class='ocrx_word' id='word_1_658' title='bbox 1657 2096 1777 2125; x_wconf 68' lang='lat' dir='ltr'><strong>varietas</strong></span> 
     </span>
    </p>
   </div>
   <div class='ocr_carea' id='block_1_86' title="bbox 162 2144 1025 2182">
    <p class='ocr_par' dir='ltr' id='par_1_86' title="bbox 162 2144 1025 2182">
     <span class='ocr_line' id='line_1_86' title="bbox 162 2144 1025 2182; baseline -0.002 -10"><span class='ocrx_word' id='word_1_659' title='bbox 162 2145 246 2178; x_wconf 79' lang='lat' dir='ltr'><strong>mila;</strong></span> <span class='ocrx_word' id='word_1_660' title='bbox 263 2145 309 2172; x_wconf 93' lang='lat' dir='ltr'><strong>sed</strong></span> <span class='ocrx_word' id='word_1_661' title='bbox 331 2145 412 2173; x_wconf 88' lang='lat' dir='ltr'><strong>unius</strong></span> <span class='ocrx_word' id='word_1_662' title='bbox 434 2144 586 2173; x_wconf 87' lang='lat' dir='ltr'><strong>divinitatis</strong></span> <span class='ocrx_word' id='word_1_663' title='bbox 607 2146 682 2173; x_wconf 87' lang='lat' dir='ltr'><strong>velut</strong></span> <span class='ocrx_word' id='word_1_664' title='bbox 705 2147 813 2182; x_wconf 70' lang='lat' dir='ltr'><strong>signum</strong></span> <span class='ocrx_word' id='word_1_665' title='bbox 833 2147 1025 2181; x_wconf 70' lang='lat' dir='ltr'><strong>repmsentat.</strong></span> 
     </span>
    </p>
   </div>
   <div class='ocr_carea' id='block_1_87' title="bbox 192 2187 943 2228">
    <p class='ocr_par' dir='ltr' id='par_1_87' title="bbox 192 2190 941 2228">
     <span class='ocr_line' id='line_1_87' title="bbox 192 2190 941 2228; baseline 0.004 -11"><span class='ocrx_word' id='word_1_666' title='bbox 192 2191 228 2217; x_wconf 83' lang='lat' dir='ltr'><strong>A’.</strong></span> <span class='ocrx_word' id='word_1_667' title='bbox 250 2190 304 2217; x_wconf 75' lang='grc' dir='ltr'><strong>Καὶ</strong></span> <span class='ocrx_word' id='word_1_668' title='bbox 321 2190 458 2226; x_wconf 80' lang='grc' dir='ltr'>ἀνελήφθη</span> <span class='ocrx_word' id='word_1_669' title='bbox 485 2192 524 2222; x_wconf 84' lang='grc' dir='ltr'>εἰς</span> <span class='ocrx_word' id='word_1_670' title='bbox 546 2192 659 2227; x_wconf 82' lang='grc' dir='ltr'>οὐρανὸν</span> <span class='ocrx_word' id='word_1_671' title='bbox 680 2194 709 2220; x_wconf 80' lang='grc' dir='ltr'><strong>έν</strong></span> <span class='ocrx_word' id='word_1_672' title='bbox 729 2192 804 2228; x_wconf 81' lang='grc' dir='ltr'>αὐτῷ</span> <span class='ocrx_word' id='word_1_673' title='bbox 824 2192 864 2228; x_wconf 85' lang='grc' dir='ltr'><strong>τῷ</strong></span> <span class='ocrx_word' id='word_1_674' title='bbox 888 2193 941 2219; x_wconf 83' lang='grc' dir='ltr'><strong>σώ-</strong></span> 
     </span>
    </p>
   </div>
   <div class='ocr_carea' id='block_1_88' title="bbox 994 2187 1777 2228">
    <p class='ocr_par' dir='ltr' id='par_1_88' title="bbox 1028 2187 1777 2224">
     <span class='ocr_line' id='line_1_88' title="bbox 1028 2187 1777 2224; baseline -0.001 -8"><span class='ocrx_word' id='word_1_675' title='bbox 1028 2188 1074 2217; x_wconf 82' lang='lat' dir='ltr'><strong>lV.</strong></span> <span class='ocrx_word' id='word_1_676' title='bbox 1088 2188 1211 2224; x_wconf 87' lang='lat' dir='ltr'><strong>Denique</strong></span> <span class='ocrx_word' id='word_1_677' title='bbox 1231 2189 1326 2217; x_wconf 90' lang='lat' dir='ltr'><strong>eodem</strong></span> <span class='ocrx_word' id='word_1_678' title='bbox 1340 2196 1403 2216; x_wconf 93' lang='lat' dir='ltr'><strong>cum</strong></span> <span class='ocrx_word' id='word_1_679' title='bbox 1419 2195 1535 2224; x_wconf 85' lang='lat' dir='ltr'><strong>corpore</strong></span> <span class='ocrx_word' id='word_1_680' title='bbox 1549 2192 1578 2216; x_wconf 89' lang='lat' dir='ltr'><strong>et</strong></span> <span class='ocrx_word' id='word_1_681' title='bbox 1591 2187 1682 2215; x_wconf 89' lang='lat' dir='ltr'><strong>anima</strong></span> <span class='ocrx_word' id='word_1_682' title='bbox 1699 2195 1777 2216; x_wconf 92' lang='lat' dir='ltr'><strong>men-</strong></span> 
     </span>
    </p>
   </div>
   <div class='ocr_carea' id='block_1_89' title="bbox 159 2236 941 2273">
    <p class='ocr_par' dir='ltr' id='par_1_89' title="bbox 159 2236 941 2273">
     <span class='ocr_line' id='line_1_89' title="bbox 159 2236 941 2273; baseline 0.003 -11"><span class='ocrx_word' id='word_1_683' title='bbox 159 2245 223 2272; x_wconf 77' lang='grc' dir='ltr'>ματι</span> <span class='ocrx_word' id='word_1_684' title='bbox 233 2256 240 2268; x_wconf 89' lang='grc'><strong>,</strong></span> <span class='ocrx_word' id='word_1_685' title='bbox 258 2236 306 2262; x_wconf 79' lang='grc' dir='ltr'>καὶ</span> <span class='ocrx_word' id='word_1_686' title='bbox 318 2237 351 2271; x_wconf 86' lang='grc' dir='ltr'>τῇ</span> <span class='ocrx_word' id='word_1_687' title='bbox 366 2236 457 2272; x_wconf 80' lang='grc' dir='ltr'>ψυχῇ,</span> <span class='ocrx_word' id='word_1_688' title='bbox 476 2237 522 2262; x_wconf 79' lang='grc' dir='ltr'>καὶ</span> <span class='ocrx_word' id='word_1_689' title='bbox 537 2236 576 2272; x_wconf 85' lang='grc' dir='ltr'>τῷ</span> <span class='ocrx_word' id='word_1_690' title='bbox 593 2237 640 2272; x_wconf 83' lang='grc' dir='ltr'><strong>νῷ,</strong></span> <span class='ocrx_word' id='word_1_691' title='bbox 654 2237 808 2269; x_wconf 84' lang='grc' dir='ltr'>συνενώσας</span> <span class='ocrx_word' id='word_1_692' title='bbox 819 2238 859 2269; x_wconf 80' lang='grc' dir='ltr'>εἰς</span> <span class='ocrx_word' id='word_1_693' title='bbox 877 2237 941 2273; x_wconf 89' lang='grc' dir='ltr'>μίαν</span> 
     </span>
    </p>
   </div>
   <div class='ocr_carea' id='block_1_90' title="bbox 160 2281 942 2317">
    <p class='ocr_par' dir='ltr' id='par_1_90' title="bbox 160 2281 942 2317">
     <span class='ocr_line' id='line_1_90' title="bbox 160 2281 942 2317; baseline 0.001 -9"><span class='ocrx_word' id='word_1_694' title='bbox 160 2281 270 2316; x_wconf 70' lang='grc' dir='ltr'>ὶνότητα</span> <span class='ocrx_word' id='word_1_695' title='bbox 289 2281 337 2307; x_wconf 78' lang='grc' dir='ltr'>καὶ</span> <span class='ocrx_word' id='word_1_696' title='bbox 358 2282 422 2316; x_wconf 82' lang='grc' dir='ltr'>μίαν</span> <span class='ocrx_word' id='word_1_697' title='bbox 443 2282 631 2317; x_wconf 71' lang='grc' dir='ltr'>πνευματικὴν</span> <span class='ocrx_word' id='word_1_698' title='bbox 649 2282 807 2310; x_wconf 82' lang='grc' dir='ltr'>ὑπόστασιν.</span> <span class='ocrx_word' id='word_1_699' title='bbox 826 2283 881 2309; x_wconf 75' lang='grc' dir='ltr'>Καὶ</span> <span class='ocrx_word' id='word_1_700' title='bbox 900 2282 942 2309; x_wconf 74' lang='grc' dir='ltr'><strong>ἔν-</strong></span> 
     </span>
    </p>
   </div>
   <div class='ocr_carea' id='block_1_91' title="bbox 160 2325 940 2363">
    <p class='ocr_par' dir='ltr' id='par_1_91' title="bbox 160 2325 940 2363">
     <span class='ocr_line' id='line_1_91' title="bbox 160 2325 940 2363; baseline 0.001 -10"><span class='ocrx_word' id='word_1_701' title='bbox 160 2329 217 2353; x_wconf 73' lang='grc' dir='ltr'><strong>¹Ιεον</strong></span> <span class='ocrx_word' id='word_1_702' title='bbox 240 2325 421 2357; x_wconf 83' lang='grc' dir='ltr'>ἀποτελέσας,</span> <span class='ocrx_word' id='word_1_703' title='bbox 447 2326 571 2352; x_wconf 83' lang='grc' dir='ltr'>ἐκάθισεν</span> <span class='ocrx_word' id='word_1_704' title='bbox 595 2327 626 2353; x_wconf 83' lang='grc' dir='ltr'>ὲν</span> <span class='ocrx_word' id='word_1_705' title='bbox 650 2326 724 2363; x_wconf 81' lang='grc' dir='ltr'>δεξιᾷ</span> <span class='ocrx_word' id='word_1_706' title='bbox 749 2326 795 2354; x_wconf 82' lang='grc' dir='ltr'><strong>τού</strong></span> <span class='ocrx_word' id='word_1_707' title='bbox 818 2327 940 2363; x_wconf 86' lang='grc' dir='ltr'>Πατρὸς,</span> 
     </span>
    </p>
   </div>
   <div class='ocr_carea' id='block_1_92' title="bbox 161 2371 942 2409">
    <p class='ocr_par' dir='ltr' id='par_1_92' title="bbox 161 2371 942 2409">
     <span class='ocr_line' id='line_1_92' title="bbox 161 2371 942 2409; baseline 0.004 -12"><span class='ocrx_word' id='word_1_708' title='bbox 161 2371 267 2406; x_wconf 80' lang='grc' dir='ltr'>πέμψας</span> <span class='ocrx_word' id='word_1_709' title='bbox 288 2372 412 2406; x_wconf 84' lang='grc' dir='ltr'>κήρυκας</span> <span class='ocrx_word' id='word_1_710' title='bbox 428 2372 467 2403; x_wconf 87' lang='grc' dir='ltr'><strong>είς</strong></span> <span class='ocrx_word' id='word_1_711' title='bbox 484 2372 548 2407; x_wconf 81' lang='grc' dir='ltr'>ὅλην</span> <span class='ocrx_word' id='word_1_712' title='bbox 565 2372 614 2408; x_wconf 85' lang='grc' dir='ltr'>τὴν</span> <span class='ocrx_word' id='word_1_713' title='bbox 636 2372 808 2408; x_wconf 77' lang='grc' dir='ltr'>οίκουμένην,</span> <span class='ocrx_word' id='word_1_714' title='bbox 832 2373 942 2409; x_wconf 87' lang='grc' dir='ltr'>Σίμωνα</span> 
     </span>
    </p>
   </div>
   <div class='ocr_carea' id='block_1_93' title="bbox 159 2415 943 2451">
    <p class='ocr_par' dir='ltr' id='par_1_93' title="bbox 159 2415 943 2451">
     <span class='ocr_line' id='line_1_93' title="bbox 159 2415 943 2451; baseline 0.004 -10"><span class='ocrx_word' id='word_1_715' title='bbox 159 2416 276 2451; x_wconf 81' lang='grc' dir='ltr'>Πέτρον,</span> <span class='ocrx_word' id='word_1_716' title='bbox 295 2416 342 2441; x_wconf 82' lang='grc' dir='ltr'>καὶ</span> <span class='ocrx_word' id='word_1_717' title='bbox 367 2415 493 2451; x_wconf 82' lang='grc' dir='ltr'>Ἀνδρέαν</span> <span class='ocrx_word' id='word_1_718' title='bbox 506 2416 553 2442; x_wconf 78' lang='grc' dir='ltr'>τὸν</span> <span class='ocrx_word' id='word_1_719' title='bbox 565 2416 678 2451; x_wconf 71' lang='grc' dir='ltr'>ἀδελφὺν</span> <span class='ocrx_word' id='word_1_720' title='bbox 694 2417 793 2448; x_wconf 79' lang='grc' dir='ltr'>αὐτοῦ,</span> <span class='ocrx_word' id='word_1_721' title='bbox 815 2417 943 2444; x_wconf 82' lang='grc' dir='ltr'>Ἰάκωϐον</span> 
     </span>
    </p>
   </div>
   <div class='ocr_carea' id='block_1_94' title="bbox 159 2461 942 2496">
    <p class='ocr_par' dir='ltr' id='par_1_94' title="bbox 159 2461 942 2496">
     <span class='ocr_line' id='line_1_94' title="bbox 159 2461 942 2496; baseline 0.001 -8"><span class='ocrx_word' id='word_1_722' title='bbox 159 2462 204 2488; x_wconf 66' lang='lat' dir='ltr'><strong>ut</strong></span> <span class='ocrx_word' id='word_1_723' title='bbox 222 2461 348 2496; x_wconf 83' lang='grc' dir='ltr'>Ἰωάννην</span> <span class='ocrx_word' id='word_1_724' title='bbox 364 2461 426 2492; x_wconf 85' lang='grc' dir='ltr'>τοὺς</span> <span class='ocrx_word' id='word_1_725' title='bbox 441 2462 514 2493; x_wconf 74' lang='grc' dir='ltr'>υἱοὺς</span> <span class='ocrx_word' id='word_1_726' title='bbox 529 2462 680 2494; x_wconf 82' lang='grc' dir='ltr'>Ζεϐεδαίου,</span> <span class='ocrx_word' id='word_1_727' title='bbox 695 2462 742 2494; x_wconf 84' lang='grc' dir='ltr'>οὓς</span> <span class='ocrx_word' id='word_1_728' title='bbox 756 2462 839 2489; x_wconf 82' lang='grc' dir='ltr'>πάλαι</span> <span class='ocrx_word' id='word_1_729' title='bbox 852 2462 942 2495; x_wconf 74' lang='grc' dir='ltr'>ἐξελέ-</span> 
     </span>
    </p>
   </div>
   <div class='ocr_carea' id='block_1_95' title="bbox 159 2505 941 2542">
    <p class='ocr_par' dir='ltr' id='par_1_95' title="bbox 159 2505 941 2542">
     <span class='ocr_line' id='line_1_95' title="bbox 159 2505 941 2542; baseline 0.003 -10"><span class='ocrx_word' id='word_1_730' title='bbox 159 2505 236 2539; x_wconf 71' lang='grc' dir='ltr'>ξατο·</span> <span class='ocrx_word' id='word_1_731' title='bbox 251 2506 383 2532; x_wconf 79' lang='grc' dir='ltr'>Φίλιππον</span> <span class='ocrx_word' id='word_1_732' title='bbox 406 2506 453 2532; x_wconf 81' lang='grc' dir='ltr'>καὶ</span> <span class='ocrx_word' id='word_1_733' title='bbox 476 2506 693 2542; x_wconf 77' lang='grc' dir='ltr'>Βαρθολομαῖον,</span> <span class='ocrx_word' id='word_1_734' title='bbox 708 2507 862 2541; x_wconf 84' lang='grc' dir='ltr'>Ματθαῖον,</span> <span class='ocrx_word' id='word_1_735' title='bbox 882 2507 941 2534; x_wconf 87' lang='grc' dir='ltr'><strong>Θω-</strong></span> 
     </span>
    </p>
   </div>
   <div class='ocr_carea' id='block_1_96' title="bbox 160 2550 942 2588">
    <p class='ocr_par' dir='ltr' id='par_1_96' title="bbox 160 2550 942 2588">
     <span class='ocr_line' id='line_1_96' title="bbox 160 2550 942 2588; baseline 0.001 -11"><span class='ocrx_word' id='word_1_736' title='bbox 160 2552 212 2586; x_wconf 79' lang='grc' dir='ltr'><strong>μᾶν</strong></span> <span class='ocrx_word' id='word_1_737' title='bbox 227 2559 258 2577; x_wconf 86' lang='grc' dir='ltr'><strong>τε</strong></span> <span class='ocrx_word' id='word_1_738' title='bbox 279 2551 326 2577; x_wconf 82' lang='grc' dir='ltr'>καὶ</span> <span class='ocrx_word' id='word_1_739' title='bbox 347 2550 459 2583; x_wconf 87' lang='grc' dir='ltr'>Ἰούδαν,</span> <span class='ocrx_word' id='word_1_740' title='bbox 483 2551 530 2578; x_wconf 80' lang='grc' dir='ltr'>καὶ</span> <span class='ocrx_word' id='word_1_741' title='bbox 545 2551 688 2585; x_wconf 84' lang='grc' dir='ltr'>Θαδδαῖον,</span> <span class='ocrx_word' id='word_1_742' title='bbox 707 2551 815 2587; x_wconf 88' lang='grc' dir='ltr'>Σίμωνα</span> <span class='ocrx_word' id='word_1_743' title='bbox 830 2552 876 2578; x_wconf 87' lang='grc' dir='ltr'><strong>τδν</strong></span> <span class='ocrx_word' id='word_1_744' title='bbox 889 2553 942 2588; x_wconf 90' lang='grc' dir='ltr'><strong>Ζη-</strong></span> 
     </span>
    </p>
   </div>
   <div class='ocr_carea' id='block_1_97' title="bbox 160 2595 942 2633">
    <p class='ocr_par' dir='ltr' id='par_1_97' title="bbox 160 2595 942 2633">
     <span class='ocr_line' id='line_1_97' title="bbox 160 2595 942 2633; baseline 0.003 -11"><span class='ocrx_word' id='word_1_745' title='bbox 160 2597 254 2630; x_wconf 73' lang='grc' dir='ltr'>Αωτήν.</span> <span class='ocrx_word' id='word_1_746' title='bbox 274 2595 374 2628; x_wconf 77' lang='grc' dir='ltr'>Ἰούδας</span> <span class='ocrx_word' id='word_1_747' title='bbox 388 2596 442 2632; x_wconf 82' lang='grc' dir='ltr'><strong>γὰρ</strong></span> <span class='ocrx_word' id='word_1_748' title='bbox 456 2597 470 2623; x_wconf 87' lang='grc' dir='ltr'><strong>ό</strong></span> <span class='ocrx_word' id='word_1_749' title='bbox 491 2596 666 2633; x_wconf 76' lang='grc' dir='ltr'>Ἰσκαριώτης</span> <span class='ocrx_word' id='word_1_750' title='bbox 676 2617 683 2629; x_wconf 86' lang='grc'><strong>,</strong></span> <span class='ocrx_word' id='word_1_751' title='bbox 699 2599 723 2623; x_wconf 82' lang='grc' dir='ltr'><strong>εί</strong></span> <span class='ocrx_word' id='word_1_752' title='bbox 740 2598 787 2624; x_wconf 78' lang='grc' dir='ltr'>καὶ</span> <span class='ocrx_word' id='word_1_753' title='bbox 804 2597 899 2632; x_wconf 82' lang='grc' dir='ltr'>πρώην</span> <span class='ocrx_word' id='word_1_754' title='bbox 913 2598 942 2624; x_wconf 81' lang='grc' dir='ltr'>ἐν</span> 
     </span>
    </p>
   </div>
   <div class='ocr_carea' id='block_1_98' title="bbox 163 2641 941 2680">
    <p class='ocr_par' dir='ltr' id='par_1_98' title="bbox 163 2641 941 2680">
     <span class='ocr_line' id='line_1_98' title="bbox 163 2641 941 2680; baseline 0.004 -12"><span class='ocrx_word' id='word_1_755' title='bbox 163 2643 213 2674; x_wconf 72' lang='grc' dir='ltr'>τοῖς</span> <span class='ocrx_word' id='word_1_756' title='bbox 226 2641 330 2670; x_wconf 82' lang='grc' dir='ltr'>δώδεκα.</span> <span class='ocrx_word' id='word_1_757' title='bbox 344 2641 500 2677; x_wconf 74' lang='grc' dir='ltr'>ἐψηφίζετο,</span> <span class='ocrx_word' id='word_1_758' title='bbox 513 2643 644 2679; x_wconf 83' lang='grc' dir='ltr'>προδότης</span> <span class='ocrx_word' id='word_1_759' title='bbox 652 2644 804 2679; x_wconf 71' lang='grc' dir='ltr'>γενόμενος,</span> <span class='ocrx_word' id='word_1_760' title='bbox 819 2645 941 2680; x_wconf 86' lang='grc' dir='ltr'>ἀπετμή-</span> 
     </span>
    </p>
   </div>
   <div class='ocr_carea' id='block_1_99' title="bbox 160 2686 944 2723">
    <p class='ocr_par' dir='ltr' id='par_1_99' title="bbox 160 2686 944 2723">
     <span class='ocr_line' id='line_1_99' title="bbox 160 2686 944 2723; baseline 0.005 -11"><span class='ocrx_word' id='word_1_761' title='bbox 160 2686 192 2721; x_wconf 88' lang='grc' dir='ltr'><strong>θη</strong></span> <span class='ocrx_word' id='word_1_762' title='bbox 210 2686 257 2712; x_wconf 78' lang='grc' dir='ltr'>τοῦ</span> <span class='ocrx_word' id='word_1_763' title='bbox 276 2687 352 2721; x_wconf 77' lang='grc' dir='ltr'>ἁγίου</span> <span class='ocrx_word' id='word_1_764' title='bbox 373 2687 426 2713; x_wconf 86' lang='grc' dir='ltr'>τῶν</span> <span class='ocrx_word' id='word_1_765' title='bbox 441 2687 595 2715; x_wconf 82' lang='grc' dir='ltr'>ἀποστόλων</span> <span class='ocrx_word' id='word_1_766' title='bbox 611 2689 772 2723; x_wconf 85' lang='grc' dir='ltr'>καταλόγου.</span> <span class='ocrx_word' id='word_1_767' title='bbox 788 2689 944 2716; x_wconf 72' lang='grc' dir='ltr'>Ἀπέστειλε</span> 
     </span>
    </p>
   </div>
   <div class='ocr_carea' id='block_1_100' title="bbox 159 2730 946 2772">
    <p class='ocr_par' dir='ltr' id='par_1_100' title="bbox 159 2730 946 2772">
     <span class='ocr_line' id='line_1_100' title="bbox 159 2730 946 2772; baseline 0.006 -13"><span class='ocrx_word' id='word_1_768' title='bbox 159 2730 189 2759; x_wconf 68' lang='grc' dir='ltr'>δὲ</span> <span class='ocrx_word' id='word_1_769' title='bbox 203 2732 251 2758; x_wconf 75' lang='grc' dir='ltr'>καὶ</span> <span class='ocrx_word' id='word_1_770' title='bbox 265 2731 361 2763; x_wconf 80' lang='grc' dir='ltr'>ἄλλους</span> <span class='ocrx_word' id='word_1_771' title='bbox 375 2731 608 2767; x_wconf 76' lang='grc' dir='ltr'>ἑϐδομηκονταδύο</span> <span class='ocrx_word' id='word_1_772' title='bbox 622 2734 777 2770; x_wconf 84' lang='grc' dir='ltr'>κηρύττειν,</span> <span class='ocrx_word' id='word_1_773' title='bbox 787 2733 818 2768; x_wconf 78' lang='grc' dir='ltr'><strong>ἐξ</strong></span> <span class='ocrx_word' id='word_1_774' title='bbox 826 2731 863 2763; x_wconf 81' lang='grc' dir='ltr'>ὧν</span> <span class='ocrx_word' id='word_1_775' title='bbox 873 2733 946 2772; x_wconf 76' lang='grc' dir='ltr'>ἦσαν.</span> 
     </span>
    </p>
   </div>
   <div class='ocr_carea' id='block_1_101' title="bbox 198 2817 486 2854">
    <p class='ocr_par' dir='ltr' id='par_1_101' title="bbox 198 2817 486 2854">
     <span class='ocr_line' id='line_1_101' title="bbox 198 2817 486 2854; baseline 0.003 -9"><span class='ocrx_word' id='word_1_776' title='bbox 198 2818 207 2834; x_wconf 74' lang='grc'>⁸</span> <span class='ocrx_word' id='word_1_777' title='bbox 221 2817 314 2846; x_wconf 79' lang='lat' dir='ltr'><strong>Matth.</strong></span> <span class='ocrx_word' id='word_1_778' title='bbox 333 2825 430 2854; x_wconf 69' lang='lat' dir='ltr'><strong>sum,</strong></span> <span class='ocrx_word' id='word_1_779' title='bbox 444 2818 486 2846; x_wconf 89' lang='lat' dir='ltr'><strong>l9.</strong></span> 
     </span>
    </p>
   </div>
   <div class='ocr_carea' id='block_1_102' title="bbox 993 2234 1774 2270">
    <p class='ocr_par' dir='ltr' id='par_1_102' title="bbox 993 2234 1774 2270">
     <span class='ocr_line' id='line_1_102' title="bbox 993 2234 1774 2270; baseline 0 -8"><span class='ocrx_word' id='word_1_780' title='bbox 993 2239 1075 2270; x_wconf 86' lang='lat' dir='ltr'><strong>teque</strong></span> <span class='ocrx_word' id='word_1_781' title='bbox 1103 2235 1136 2262; x_wconf 89' lang='lat' dir='ltr'><strong>ad</strong></span> <span class='ocrx_word' id='word_1_782' title='bbox 1161 2242 1275 2269; x_wconf 85' lang='lat' dir='ltr'><strong>superos</strong></span> <span class='ocrx_word' id='word_1_783' title='bbox 1296 2238 1406 2262; x_wconf 83' lang='lat' dir='ltr'><strong>evectus</strong></span> <span class='ocrx_word' id='word_1_784' title='bbox 1430 2239 1483 2266; x_wconf 86' lang='lat' dir='ltr'><strong>est,</strong></span> <span class='ocrx_word' id='word_1_785' title='bbox 1510 2235 1641 2261; x_wconf 88' lang='lat' dir='ltr'><strong>omnibus</strong></span> <span class='ocrx_word' id='word_1_786' title='bbox 1669 2234 1724 2261; x_wconf 85' lang='lat' dir='ltr'><strong>illis</strong></span> <span class='ocrx_word' id='word_1_787' title='bbox 1748 2234 1774 2262; x_wconf 92' lang='lat' dir='ltr'><strong>in</strong></span> 
     </span>
    </p>
   </div>
   <div class='ocr_carea' id='block_1_103' title="bbox 994 2279 1777 2315">
    <p class='ocr_par' dir='ltr' id='par_1_103' title="bbox 994 2279 1777 2315">
     <span class='ocr_line' id='line_1_103' title="bbox 994 2279 1777 2315; baseline -0.003 -7"><span class='ocrx_word' id='word_1_788' title='bbox 994 2289 1078 2308; x_wconf 88' lang='lat' dir='ltr'><strong>unum</strong></span> <span class='ocrx_word' id='word_1_789' title='bbox 1094 2281 1232 2313; x_wconf 83' lang='lat' dir='ltr'><strong>conflatis,</strong></span> <span class='ocrx_word' id='word_1_790' title='bbox 1250 2284 1331 2315; x_wconf 85' lang='lat' dir='ltr'><strong>atque</strong></span> <span class='ocrx_word' id='word_1_791' title='bbox 1348 2280 1376 2307; x_wconf 90' lang='lat' dir='ltr'><strong>in</strong></span> <span class='ocrx_word' id='word_1_792' title='bbox 1389 2280 1510 2308; x_wconf 86' lang='lat' dir='ltr'><strong>eamdem</strong></span> <span class='ocrx_word' id='word_1_793' title='bbox 1527 2279 1697 2315; x_wconf 89' lang='lat' dir='ltr'><strong>spiritualem</strong></span> <span class='ocrx_word' id='word_1_794' title='bbox 1712 2287 1777 2314; x_wconf 92' lang='lat' dir='ltr'><strong>per-</strong></span> 
     </span>
    </p>
   </div>
   <div class='ocr_carea' id='block_1_104' title="bbox 994 2325 1776 2360">
    <p class='ocr_par' dir='ltr' id='par_1_104' title="bbox 994 2325 1776 2360">
     <span class='ocr_line' id='line_1_104' title="bbox 994 2325 1776 2360; baseline -0.003 -6"><span class='ocrx_word' id='word_1_795' title='bbox 994 2335 1089 2355; x_wconf 82' lang='lat' dir='ltr'><strong>sonam</strong></span> <span class='ocrx_word' id='word_1_796' title='bbox 1112 2327 1357 2358; x_wconf 83' lang='lat' dir='ltr'><strong>concurrentibus,</strong></span> <span class='ocrx_word' id='word_1_797' title='bbox 1381 2325 1536 2360; x_wconf 85' lang='lat' dir='ltr'><strong>divinisque</strong></span> <span class='ocrx_word' id='word_1_798' title='bbox 1560 2325 1684 2353; x_wconf 87' lang='lat' dir='ltr'><strong>redditis.</strong></span> <span class='ocrx_word' id='word_1_799' title='bbox 1711 2325 1776 2353; x_wconf 88' lang='lat' dir='ltr'><strong>lnde</strong></span> 
     </span>
    </p>
   </div>
   <div class='ocr_carea' id='block_1_105' title="bbox 995 2371 1775 2407">
    <p class='ocr_par' dir='ltr' id='par_1_105' title="bbox 995 2371 1775 2407">
     <span class='ocr_line' id='line_1_105' title="bbox 995 2371 1775 2407; baseline 0 -7"><span class='ocrx_word' id='word_1_800' title='bbox 995 2380 1058 2400; x_wconf 84' lang='lat' dir='ltr'><strong>mox</strong></span> <span class='ocrx_word' id='word_1_801' title='bbox 1075 2375 1104 2399; x_wconf 92' lang='lat' dir='ltr'><strong>ut</strong></span> <span class='ocrx_word' id='word_1_802' title='bbox 1123 2371 1156 2399; x_wconf 88' lang='lat' dir='ltr'><strong>ad</strong></span> <span class='ocrx_word' id='word_1_803' title='bbox 1178 2371 1267 2399; x_wconf 85' lang='lat' dir='ltr'><strong>Patris</strong></span> <span class='ocrx_word' id='word_1_804' title='bbox 1293 2371 1415 2399; x_wconf 75' lang='lat' dir='ltr'><strong>dextram</strong></span> <span class='ocrx_word' id='word_1_805' title='bbox 1437 2371 1572 2407; x_wconf 87' lang='lat' dir='ltr'><strong>consedit,</strong></span> <span class='ocrx_word' id='word_1_806' title='bbox 1593 2379 1732 2407; x_wconf 64' lang='lat' dir='ltr'><strong>praecones</strong></span> <span class='ocrx_word' id='word_1_807' title='bbox 1747 2373 1775 2400; x_wconf 92' lang='lat' dir='ltr'><strong>in</strong></span> 
     </span>
    </p>
   </div>
   <div class='ocr_carea' id='block_1_106' title="bbox 994 2416 1776 2451">
    <p class='ocr_par' dir='ltr' id='par_1_106' title="bbox 994 2416 1776 2451">
     <span class='ocr_line' id='line_1_106' title="bbox 994 2416 1776 2451; baseline 0.001 -6"><span class='ocrx_word' id='word_1_808' title='bbox 994 2419 1152 2446; x_wconf 88' lang='lat' dir='ltr'><strong>universum</strong></span> <span class='ocrx_word' id='word_1_809' title='bbox 1176 2418 1271 2446; x_wconf 89' lang='lat' dir='ltr'><strong>orbem</strong></span> <span class='ocrx_word' id='word_1_810' title='bbox 1294 2418 1408 2449; x_wconf 88' lang='lat' dir='ltr'><strong>dimisit,</strong></span> <span class='ocrx_word' id='word_1_811' title='bbox 1437 2416 1579 2445; x_wconf 88' lang='lat' dir='ltr'><strong>Simonem</strong></span> <span class='ocrx_word' id='word_1_812' title='bbox 1601 2417 1722 2451; x_wconf 86' lang='lat' dir='ltr'><strong>Petrum,</strong></span> <span class='ocrx_word' id='word_1_813' title='bbox 1748 2423 1776 2446; x_wconf 87' lang='lat' dir='ltr'><strong>et</strong></span> 
     </span>
    </p>
   </div>
   <div class='ocr_carea' id='block_1_107' title="bbox 991 2462 1776 2498">
    <p class='ocr_par' dir='ltr' id='par_1_107' title="bbox 991 2462 1776 2498">
     <span class='ocr_line' id='line_1_107' title="bbox 991 2462 1776 2498; baseline 0.003 -8"><span class='ocrx_word' id='word_1_814' title='bbox 991 2463 1128 2492; x_wconf 86' lang='lat' dir='ltr'><strong>Andream</strong></span> <span class='ocrx_word' id='word_1_815' title='bbox 1144 2463 1204 2498; x_wconf 81' lang='lat' dir='ltr'><strong>ejus</strong></span> <span class='ocrx_word' id='word_1_816' title='bbox 1220 2463 1343 2496; x_wconf 76' lang='lat' dir='ltr'><strong>fratrem,</strong></span> <span class='ocrx_word' id='word_1_817' title='bbox 1358 2462 1490 2490; x_wconf 69' lang='lat' dir='ltr'><strong>Iacobum</strong></span> <span class='ocrx_word' id='word_1_818' title='bbox 1502 2467 1529 2490; x_wconf 93' lang='lat' dir='ltr'><strong>et</strong></span> <span class='ocrx_word' id='word_1_819' title='bbox 1545 2462 1678 2490; x_wconf 88' lang='lat' dir='ltr'><strong>Joannem</strong></span> <span class='ocrx_word' id='word_1_820' title='bbox 1694 2463 1776 2492; x_wconf 87' lang='lat' dir='ltr'><strong>Zebe-</strong></span> 
     </span>
    </p>
   </div>
   <div class='ocr_carea' id='block_1_108' title="bbox 990 2507 1774 2545">
    <p class='ocr_par' dir='ltr' id='par_1_108' title="bbox 990 2507 1774 2545">
     <span class='ocr_line' id='line_1_108' title="bbox 990 2507 1774 2545; baseline 0 -8"><span class='ocrx_word' id='word_1_821' title='bbox 990 2510 1042 2537; x_wconf 73' lang='lat' dir='ltr'><strong>dmi</strong></span> <span class='ocrx_word' id='word_1_822' title='bbox 1061 2510 1141 2542; x_wconf 82' lang='lat' dir='ltr'><strong>filios,</strong></span> <span class='ocrx_word' id='word_1_823' title='bbox 1156 2516 1226 2545; x_wconf 89' lang='lat' dir='ltr'><strong>quos</strong></span> <span class='ocrx_word' id='word_1_824' title='bbox 1247 2509 1312 2536; x_wconf 92' lang='lat' dir='ltr'><strong>olim</strong></span> <span class='ocrx_word' id='word_1_825' title='bbox 1333 2508 1479 2542; x_wconf 73' lang='lat' dir='ltr'><strong>delegerat,</strong></span> <span class='ocrx_word' id='word_1_826' title='bbox 1494 2507 1651 2544; x_wconf 82' lang='lat' dir='ltr'><strong>Philippum</strong></span> <span class='ocrx_word' id='word_1_827' title='bbox 1664 2514 1692 2537; x_wconf 90' lang='lat' dir='ltr'><strong>et</strong></span> <span class='ocrx_word' id='word_1_828' title='bbox 1706 2509 1774 2537; x_wconf 87' lang='lat' dir='ltr'><strong>Bar-</strong></span> 
     </span>
    </p>
   </div>
   <div class='ocr_carea' id='block_1_109' title="bbox 993 2553 1776 2588">
    <p class='ocr_par' dir='ltr' id='par_1_109' title="bbox 993 2553 1776 2588">
     <span class='ocr_line' id='line_1_109' title="bbox 993 2553 1776 2588; baseline 0 -5"><span class='ocrx_word' id='word_1_829' title='bbox 993 2555 1178 2588; x_wconf 74' lang='lat' dir='ltr'><strong>tholomaeum,</strong></span> <span class='ocrx_word' id='word_1_830' title='bbox 1199 2554 1365 2586; x_wconf 72' lang='lat' dir='ltr'><strong>Matthtenm,</strong></span> <span class='ocrx_word' id='word_1_831' title='bbox 1387 2553 1529 2588; x_wconf 84' lang='lat' dir='ltr'><strong>Thomam,</strong></span> <span class='ocrx_word' id='word_1_832' title='bbox 1554 2560 1582 2582; x_wconf 88' lang='lat' dir='ltr'><strong>et</strong></span> <span class='ocrx_word' id='word_1_833' title='bbox 1607 2555 1716 2588; x_wconf 84' lang='lat' dir='ltr'><strong>Judam,</strong></span> <span class='ocrx_word' id='word_1_834' title='bbox 1742 2564 1776 2584; x_wconf 88' lang='lat' dir='ltr'><strong>ac</strong></span> 
     </span>
    </p>
   </div>
   <div class='ocr_carea' id='block_1_110' title="bbox 992 2599 1774 2634">
    <p class='ocr_par' dir='ltr' id='par_1_110' title="bbox 992 2599 1774 2634">
     <span class='ocr_line' id='line_1_110' title="bbox 992 2599 1774 2634; baseline 0.001 -6"><span class='ocrx_word' id='word_1_835' title='bbox 992 2601 1168 2634; x_wconf 73' lang='lat' dir='ltr'><strong>Thaddazum,</strong></span> <span class='ocrx_word' id='word_1_836' title='bbox 1189 2607 1221 2627; x_wconf 88' lang='lat' dir='ltr'><strong>ac</strong></span> <span class='ocrx_word' id='word_1_837' title='bbox 1246 2599 1383 2628; x_wconf 85' lang='lat' dir='ltr'><strong>Simonem</strong></span> <span class='ocrx_word' id='word_1_838' title='bbox 1406 2600 1533 2629; x_wconf 83' lang='lat' dir='ltr'><strong>Zeloten:</strong></span> <span class='ocrx_word' id='word_1_839' title='bbox 1555 2609 1617 2628; x_wconf 92' lang='lat' dir='ltr'><strong>nam</strong></span> <span class='ocrx_word' id='word_1_840' title='bbox 1631 2601 1774 2630; x_wconf 85' lang='lat' dir='ltr'><strong>lscariotes</strong></span> 
     </span>
    </p>
   </div>
   <div class='ocr_carea' id='block_1_111' title="bbox 993 2646 1774 2682">
    <p class='ocr_par' dir='ltr' id='par_1_111' title="bbox 993 2646 1774 2682">
     <span class='ocr_line' id='line_1_111' title="bbox 993 2646 1774 2682; baseline 0 -8"><span class='ocrx_word' id='word_1_841' title='bbox 993 2646 1077 2674; x_wconf 85' lang='lat' dir='ltr'><strong>Judas</strong></span> <span class='ocrx_word' id='word_1_842' title='bbox 1094 2647 1145 2674; x_wconf 89' lang='lat' dir='ltr'><strong>etsi</strong></span> <span class='ocrx_word' id='word_1_843' title='bbox 1160 2646 1290 2673; x_wconf 88' lang='lat' dir='ltr'><strong>hactenus</strong></span> <span class='ocrx_word' id='word_1_844' title='bbox 1303 2646 1336 2673; x_wconf 85' lang='lat' dir='ltr'><strong>ad</strong></span> <span class='ocrx_word' id='word_1_845' title='bbox 1347 2653 1383 2673; x_wconf 77' lang='lat' dir='ltr'><strong>xu</strong></span> <span class='ocrx_word' id='word_1_846' title='bbox 1397 2646 1535 2681; x_wconf 84' lang='lat' dir='ltr'><strong>ascriptus</strong></span> <span class='ocrx_word' id='word_1_847' title='bbox 1552 2646 1650 2678; x_wconf 81' lang='lat' dir='ltr'><strong>fuerat,</strong></span> <span class='ocrx_word' id='word_1_848' title='bbox 1665 2651 1774 2682; x_wconf 84' lang='lat' dir='ltr'><strong>postea-</strong></span> 
     </span>
    </p>
   </div>
   <div class='ocr_carea' id='block_1_112' title="bbox 991 2691 1773 2728">
    <p class='ocr_par' dir='ltr' id='par_1_112' title="bbox 991 2691 1773 2728">
     <span class='ocr_line' id='line_1_112' title="bbox 991 2691 1773 2728; baseline 0.001 -9"><span class='ocrx_word' id='word_1_849' title='bbox 991 2699 1072 2728; x_wconf 92' lang='lat' dir='ltr'><strong>quam</strong></span> <span class='ocrx_word' id='word_1_850' title='bbox 1089 2692 1254 2727; x_wconf 85' lang='lat' dir='ltr'><strong>proditorem</strong></span> <span class='ocrx_word' id='word_1_851' title='bbox 1265 2699 1295 2719; x_wconf 85' lang='lat' dir='ltr'><strong>se</strong></span> <span class='ocrx_word' id='word_1_852' title='bbox 1309 2691 1382 2723; x_wconf 86' lang='lat' dir='ltr'><strong>fecit.</strong></span> <span class='ocrx_word' id='word_1_853' title='bbox 1392 2692 1426 2718; x_wconf 91' lang='lat' dir='ltr'><strong>ab</strong></span> <span class='ocrx_word' id='word_1_854' title='bbox 1434 2699 1512 2720; x_wconf 87' lang='lat' dir='ltr'><strong>sacro</strong></span> <span class='ocrx_word' id='word_1_855' title='bbox 1522 2693 1706 2727; x_wconf 91' lang='lat' dir='ltr'><strong>apostolorum</strong></span> <span class='ocrx_word' id='word_1_856' title='bbox 1723 2701 1773 2720; x_wconf 80' lang='lat' dir='ltr'><strong>nu—</strong></span> 
     </span>
    </p>
   </div>
   <div class='ocr_carea' id='block_1_113' title="bbox 991 2737 1773 2774">
    <p class='ocr_par' dir='ltr' id='par_1_113' title="bbox 991 2737 1773 2774">
     <span class='ocr_line' id='line_1_113' title="bbox 991 2737 1773 2774; baseline 0 -6"><span class='ocrx_word' id='word_1_857' title='bbox 991 2747 1067 2768; x_wconf 85' lang='lat' dir='ltr'><strong>mero</strong></span> <span class='ocrx_word' id='word_1_858' title='bbox 1076 2743 1119 2768; x_wconf 83' lang='lat' dir='ltr'><strong>est</strong></span> <span class='ocrx_word' id='word_1_859' title='bbox 1132 2742 1294 2774; x_wconf 75' lang='lat' dir='ltr'><strong>expunctus.</strong></span> <span class='ocrx_word' id='word_1_860' title='bbox 1305 2737 1406 2767; x_wconf 74' lang='lat' dir='ltr'><strong>Pmter</strong></span> <span class='ocrx_word' id='word_1_861' title='bbox 1417 2739 1477 2774; x_wconf 89' lang='lat' dir='ltr'><strong>hos,</strong></span> <span class='ocrx_word' id='word_1_862' title='bbox 1491 2747 1523 2767; x_wconf 71' lang='grc' dir='ltr'><strong>ιι</strong></span> <span class='ocrx_word' id='word_1_863' title='bbox 1529 2747 1564 2767; x_wconf 81' lang='grc' dir='ltr'>ιιι</span> <span class='ocrx_word' id='word_1_864' title='bbox 1577 2740 1645 2768; x_wconf 87' lang='lat' dir='ltr'><strong>alios</strong></span> <span class='ocrx_word' id='word_1_865' title='bbox 1655 2740 1688 2768; x_wconf 86' lang='lat' dir='ltr'><strong>ad</strong></span> <span class='ocrx_word' id='word_1_866' title='bbox 1701 2747 1773 2768; x_wconf 82' lang='lat' dir='ltr'><strong>eam-</strong></span> 
     </span>
    </p>
   </div>
  </div>
