1944 3037
192 126 247 156 279

889 124 918 151 S.
939 124 1106 153 El‘lPlltNll

1763 125 1817 153 280

192 183 253 210 dem
268 181 435 208 iunctionem
451 181 560 216 allegat,
578 188 593 208 e
607 178 707 215 quibus
722 188 757 206 vn
775 180 812 206 illi
829 179 914 211 fuere,
931 181 972 214 qui

1029 182 1052 206 οἱ
1071 180 1153 212 ἑπτὰ,
1173 181 1197 206 οἱ
1218 181 1263 207 ἐπὶ
1284 181 1340 207 τῶν
1361 181 1454 216 χηρῶν
1471 181 1648 216 τεταγμένοι·
1666 180 1816 215 Στέφανος,

192 229 226 256 ad
244 227 386 255 viduarum
402 227 564 262 obsequium
584 226 680 254 delecti
705 231 786 254 sunt:
811 225 976 261 Stephanus,

191 273 344 308 Philippus,
360 273 526 304 Prochorus,
541 272 668 305 Nicanor,
688 272 796 303 Timon.
818 273 975 302 l’armenas,

191 322 219 345 et
236 318 373 349 Nicolaus,
398 322 425 345 et
441 323 504 345 ante
527 318 577 345 hos
597 317 734 349 Matthias,
758 318 804 352 qui
827 317 886 344 loco
901 317 977 344 Judze

191 365 262 392 inter
277 364 416 399 apostolos
434 368 579 398 cooptatus
596 367 649 391 est.
668 363 709 390 Ad
725 368 852 398 septenos
868 363 929 391 illos
945 371 977 390 ac

192 409 344 441 Matthiam,
371 408 491 437 Marcum
520 409 644 444 insuper,
671 414 698 436 et
720 409 833 442 Lucam,
856 409 975 443 Justum,

192 453 354 486 Barnabam,
369 455 519 490 Appellem,
535 454 655 486 Rullum,
666 454 791 489 Nigrum,
803 462 834 482 ac
846 455 975 490 reliquos,

192 499 230 526 uti
249 499 380 532 diximus,
396 507 469 526 uxn
484 500 594 534 adjecit.
612 500 718 533 Quibus
734 508 796 527 cum
811 501 892 528 etiam
911 509 975 528 san-

191 547 265 571 ctum
278 544 390 571 Paulum
405 549 500 579 suapte
513 545 546 572 de
561 545 630 572 caelo
646 553 711 573 voce
722 546 805 573 missa
822 547 974 580 apostolum

190 586 312 624 gentium
325 597 357 617 ac
372 598 536 624 praeconem,
550 594 577 618 et
591 591 748 626 apostolicae
761 592 894 619 doctrina
909 599 975 619 con-

190 640 386 664 summatoretn
399 635 527 664 instituit.
540 636 591 669 Qui
603 637 711 672 quidem
727 642 850 665 sanctum
860 637 974 670 Lucam,

190 685 220 707 ut
242 686 409 714 memorant,
435 690 520 709 unum
545 690 560 710 e
583 690 657 710 um
683 682 828 718 discipulis
849 683 899 718 51
928 685 974 718 qui

189 727 281 755 varias
293 727 321 754 in
335 728 461 763 regiones
481 728 607 763 dissipati
629 728 749 762 fuerant,
763 729 882 761 reduxit,
896 737 974 757 euin-

190 780 243 807 que
261 772 390 800 comitem
403 777 431 800 et
446 773 599 808 adjutorem
615 773 752 810 Evangelii
765 775 846 802 simul
863 781 890 802 et
909 783 972 810 apo-

189 817 288 844 stolum
303 818 438 846 adhibuit.
453 817 510 846 Hoc
525 819 606 846 modo
624 823 708 846 totum
732 819 870 853 Evangelii
888 828 974 855 nego-

189 863 256 889 tium
271 863 304 891 ad
324 863 350 890 id
366 871 453 898 usque
470 865 600 899 temporis
613 864 833 893 confectumest.

224 919 314 954 Atque
329 919 463 948 hactenus
478 921 511 948 de
531 929 555 948 ιι
572 921 667 955 sectis,
682 921 772 957 deque
787 930 820 950 eo
835 923 909 958 quod
926 930 974 950 or-
1014 935 1016 937 ·

188 965 253 992 dine
273 971 450 993 consecutum
469 973 521 998 est,
544 972 571 994 et
593 975 609 994 a
631 975 674 995 me
695 975 746 1002 pro
770 968 868 995 virium
891 974 974 1003 captu

188 1010 285 1043 paucis
300 1011 476 1045 explicatum,
494 1012 650 1047 evangelica
671 1013 777 1040 scilicet
798 1013 868 1046 luoe,
883 1022 944 1049 qua:
958 1021 974 1040 a

187 1055 299 1083 Christo
312 1055 436 1090 Domino,
447 1057 601 1092 Christique
610 1058 753 1093 discipulis
765 1059 824 1087 orbi
836 1064 972 1087 terrarum

189 1100 263 1127 illata
280 1101 341 1127 fuit.
357 1100 461 1133 Quibus
470 1098 487 1128 ο
498 1109 541 1128 me
552 1102 633 1129 dictis
647 1107 830 1130 consentanea
844 1103 974 1138 pleraque

187 1147 316 1181 colligere
330 1147 403 1177 licet.
414 1154 446 1174 ac
459 1148 588 1174 vaticinia
598 1152 624 1175 et
636 1149 747 1175 oracula
760 1156 793 1175 ex
803 1149 862 1184 lege
876 1149 972 1181 veteri,

187 1191 230 1218 vel
243 1192 360 1219 Psalmis
375 1192 491 1227 aliisque
513 1193 590 1221 libris
613 1194 786 1229 conquirere,
804 1198 831 1221 et
851 1196 973 1221 omnium

188 1237 490 1274 seriem,ordinemque
509 1240 692 1274 perscrutari;
716 1247 749 1267 ex
770 1240 859 1275 iisque
881 1240 974 1267 lucar-

187 1283 328 1310 nationem
354 1283 456 1312 Christi
487 1283 595 1312 Domini
624 1286 769 1321 perspicue
795 1287 974 1322 comprobare

187 1335 243 1355 non
257 1330 471 1364 supposititiam.
487 1331 536 1358 sed
557 1339 648 1359 veram
674 1333 825 1365 exstitisse,
847 1338 928 1368 atque
945 1334 972 1360 in

186 1373 246 1408 lege
260 1374 345 1401 veteri
361 1375 525 1410 nuntiatam,
539 1380 569 1404 ut
579 1377 614 1404 de
628 1385 661 1405 eo
676 1379 767 1406 nullus
782 1379 817 1406 sit
831 1379 972 1406 dubitandi

187 1419 266 1447 locus
281 1420 404 1448 relictus.
418 1420 473 1449 Sed
489 1429 523 1449 ne
535 1422 617 1457 hujus
629 1425 719 1458 operis
732 1426 860 1452 tractatio
875 1426 902 1452 in
916 1425 975 1452 inti-

187 1465 275 1492 nitum
294 1470 446 1499 excrescat,
462 1467 505 1494 his
522 1475 584 1503 qua:
604 1469 677 1496 dicta
701 1475 767 1498 sunt
782 1472 886 1498 erimus
907 1479 974 1498 con-

185 1510 264 1537 tenti.

221 1565 260 1592 Ac
281 1566 411 1602 deinceps
434 1569 578 1603 opiniones
604 1570 676 1602 illas,
701 1579 762 1606 quae
783 1572 810 1599 in
827 1572 971 1600 hominum

185 1611 268 1639 vitam
282 1618 376 1647 postea
388 1614 509 1648 pessimo
520 1616 612 1643 colore
625 1624 656 1643 ac
670 1618 760 1652 specie
774 1618 885 1652 prolata:
898 1623 971 1650 sunt,

185 1664 280 1686 eadem
297 1660 367 1686 serie
387 1665 540 1695 pertexam:
565 1667 742 1698 posteaquam
765 1672 791 1690 ιιι
816 1665 971 1692 Judzeorum

187 1703 479 1740 Samaritanorumque
506 1711 598 1735 sectas
627 1715 689 1735 cum
717 1710 904 1744 superioribus
933 1719 971 1741 ix,

185 1756 246 1784 quae
261 1750 359 1777 nartim
378 1759 394 1778 e
410 1750 521 1783 Graecis,
538 1753 636 1787 partim
657 1761 690 1781 ex
713 1755 835 1783 barbaris
856 1756 972 1791 aliisque

185 1795 309 1823 conﬂata:
331 1801 395 1824 sunt
418 1802 482 1825 ante
507 1798 657 1826 Salvatoris
681 1801 837 1833 adventum,
854 1802 887 1828 ad
914 1802 971 1828 lucc

185 1848 274 1876 usque
286 1845 409 1877 tempora
425 1843 518 1871 habita
536 1844 679 1873 brevitatis
695 1846 802 1874 ratione
814 1848 969 1882 percensui.

344 1909 384 1936 De
397 1909 558 1944 Nazarenis,
575 1912 628 1939 sive
641 1912 811 1941 Christianis.

220 1974 411 2004 Nazarteorum
423 1978 480 2006 sive
491 1978 709 2007 Christianorum
722 1984 763 2008 est
777 1981 823 2016 qui
840 1988 855 2008 a
870 1981 970 2010 Judacis

184 2019 260 2047 brevi
272 2021 415 2056 interjecto
428 2028 548 2058 tempore
556 2030 669 2053 vocatus
678 2030 719 2053 est
729 2026 968 2059 Christianismus,

184 2068 213 2092 et
228 2065 263 2092 ab
278 2065 346 2100 ipsis
362 2066 430 2094 adeo
448 2069 579 2103 apostolis
594 2068 620 2095 id
635 2076 735 2096 nomen
754 2070 882 2104 obtinuit,
904 2079 967 2098 cum

184 2109 221 2138 ita
236 2109 332 2140 Petrus
345 2112 452 2141 locutus
467 2113 513 2146 sit,
526 2113 618 2141 Iesum
630 2114 801 2142 Nazarenum
816 2117 900 2143 virum
911 2124 970 2151 pro-

185 2157 273 2184 batum
287 2166 302 2184 α
314 2157 369 2185 Dea
381 2159 400 2191 ¹,
418 2163 471 2187 etc.
488 2158 585 2187 Postea
599 2168 664 2188 vero
674 2162 825 2189 Antiochia:
836 2162 970 2191 Christia-

1031 226 1179 257 Φίλιππος,
1194 226 1344 261 Πρόχορος,
1361 226 1503 262 Νικάνωρ,
1519 227 1628 261 Τίμων.
1648 227 1814 262 Παρμηνᾶς,

1031 273 1078 299 καὶ
1092 271 1234 303 Νικόλαος.
1248 272 1304 307 Πρὸ
1318 272 1420 298 τούτων
1433 272 1461 298 δὲ
1475 272 1609 305 Ματθίας,
1622 274 1636 300 ό
1653 273 1712 300 ἀντὶ
1733 273 1816 301 Ἰούδα

1032 317 1233 353 συμψηιριοθεὶς
1256 317 1325 352 μετὰ
1345 316 1399 343 τῶν
1419 318 1586 345 ἀποστόλων.
1610 319 1687 345 Μετὰ
1703 319 1815 350 τούτους

1030 363 1058 390 δὲ
1072 363 1134 394 τοὺς
1149 362 1218 389 ἑπτὰ
1235 363 1282 390 καὶ
1302 362 1426 389 Ματθίαν
1442 363 1487 389 τὸν
1507 363 1559 399 πρὸ
1574 364 1674 396 αὐτῶν,
1690 365 1814 399 Μάρκον,

1030 409 1147 440 Λουκᾶν,
1164 407 1289 439 Ἰοῦστον,
1305 407 1459 442 Βαρνάϐαν,
1473 408 1519 434 καὶ
1537 407 1677 442 ’Λπελλῆν,
1690 409 1814 442 Ῥοῦφον,

1029 455 1144 490 Νίγερα,
1160 454 1207 480 καὶ
1220 454 1282 485 τοὺς
1295 453 1403 484 λοιποὺς
1420 453 1473 480 τῶν
1491 453 1729 488 ἑϐδομηκονταδύο.
1746 455 1816 481 Μετ’

1029 501 1126 531 αὐτοὺς
1139 499 1167 526 δὲ
1183 499 1286 530 πάντας
1309 499 1356 525 καὶ
1380 499 1428 525 σὺν
1443 499 1534 530 αὐτοῖς
1558 499 1662 525 Παῦλον
1679 496 1723 526 τὸν
1737 499 1816 534 ἅγιον

1029 545 1176 573 ἀπόστολον
1193 545 1236 572 διὰ
1254 545 1345 579 φωνῆς
1369 543 1435 576 ἰδίας
1459 544 1506 571 ἀπ’
1529 544 1642 580 οὐρανοῦ
1668 545 1815 572 ἀπόστολον

1029 591 1097 627 ὁμοῦ
1114 592 1161 617 καὶ
1179 591 1288 626 κήρυκα
1300 589 1399 622 ἐθνῶν,
1416 590 1462 616 καὶ
1477 590 1622 625 πληρωτὴν
1634 591 1815 626 ἀποπολικῆς

1028 636 1201 667 διδασκαλίας
1227 635 1375 668 ἐξελέξατο.
1406 636 1454 666 ’ος
1481 635 1638 670 εὑρίσκεται
1668 635 1714 662 τὸν
1737 636 1815 669 ἅγιον

1028 683 1134 709 Aoude
1156 682 1220 709 ὅντα
1234 682 1287 708 τῶν
1304 681 1535 716 ἑϐδομηκονταδύο
1559 681 1611 708 τῶν
1631 681 1815 717 ἐσκορπισμέ-

1028 737 1098 759 νων,
1123 727 1309 764 ἐπιστρέψας,
1329 727 1376 753 καὶ
1399 727 1542 754 ἀκόλουθον
1571 726 1659 762 ἑαυτῴ
1681 728 1814 763 ποιήσας,

1030 773 1159 811 συνεργὸν
1180 774 1226 800 τοῦ
1245 773 1411 808 Εὑαγγελίου
1425 773 1492 809 ὁμοῦ
1514 773 1561 800 καὶ
1578 773 1735 800 ἀπόστολον.
1758 773 1815 799 Καὶ

1028 819 1114 851 οὓτως
1126 819 1252 854 ἐτελέσθη
1269 820 1286 854 ἡ
1303 820 1378 845 πᾶσα
1390 818 1560 854 Εὑαγγελικὴ
1575 817 1751 854 πραγματεία
1760 817 1814 849 ἕως

990 863 1011 890 Β
1024 865 1119 892 τούτου
1134 866 1181 892 τοῦ
1195 866 1301 902 χρόνου.

1062 921 1156 947 Ἔσται
1177 921 1206 948 δέ
1229 930 1273 956 μοι
1294 922 1308 948 ὸ
1329 921 1406 955 λόγος
1423 921 1475 953 ἕως
1495 917 1546 947 ὦδε
1564 919 1629 955 περὶ
1648 919 1702 946 τῶν
1717 920 1815 947 ἕνδεκα

1025 967 1166 1002 αἱρέσεων,
1183 967 1292 1002 καὶτῆς
1309 967 1380 993 κατὰ
1395 965 1508 1001 δύναμιν
1528 965 1688 997 ἀκολουθίας
1703 966 1731 991 ὲν
1749 973 1813 991 συν-

1024 1013 1099 1048 τόμῳ
1119 1021 1163 1047 μοι
1180 1013 1343 1048 εἰρημένης,
1363 1012 1543 1046 εὐαγγελικῆς
1563 1011 1744 1046 φωταγωγίας
1763 1010 1814 1046 τῆς

1024 1059 1053 1084 ἐν
1066 1058 1160 1094 κόσμῳ
1175 1058 1208 1085 δι’
1221 1057 1304 1085 αὑτοῦ
1326 1058 1373 1084 καὶ
1386 1057 1441 1084 τῶν
1454 1057 1583 1092 μαθητῶν
1599 1056 1682 1083 αὐτοῦ
1695 1064 1811 1091 γεγενη-

1026 1104 1125 1139 μένης·
1140 1104 1187 1135 οὓς
1203 1104 1237 1130 τὰ
1251 1104 1332 1139 ὅμοια
1352 1103 1496 1136 συλλέξαι,
1523 1102 1570 1129 καὶ
1593 1101 1761 1137 παραθέσθαι
1776 1100 1813 1133 τὰ

1025 1150 1253 1186 προθεσπίσματὰ
1268 1159 1297 1176 τε
1314 1150 1361 1177 καὶ
1380 1150 1429 1181 τὰς
1454 1148 1621 1184 προφητείας
1643 1147 1697 1174 ἀπὸ
1720 1146 1812 1182 Νόμου

1024 1203 1053 1221 τε
1070 1194 1117 1222 καὶ
1131 1195 1253 1229 Ψαλμῶν
1273 1194 1320 1221 καὶ
1335 1194 1389 1221 τῶν
1401 1194 1488 1221 ἄλλων
1503 1193 1552 1224 τὰς
1566 1191 1727 1223 ἀκολουθίας
1738 1212 1745 1224 ,
1766 1190 1812 1217 καὶ

1024 1241 1073 1272 τὰς
1088 1241 1199 1275 ἀγωγὰς
1221 1241 1324 1267 ἔνεστιν
1342 1241 1417 1271 ἰδεῖν,
1434 1241 1480 1266 καὶ
1502 1239 1552 1274 τὴν
1572 1239 1714 1274 ἀκρίϐειαν
1727 1246 1812 1264 κατα-

1024 1287 1154 1314 λαϐέσθαι
1166 1307 1173 1317 ,
1195 1287 1232 1318 ὠς
1261 1287 1290 1313 οὐ
1308 1286 1384 1318 νόθος
1397 1308 1404 1319 ,
1420 1286 1477 1313 ἀλλ’
1493 1285 1605 1320 ἀληθὴς,
1621 1284 1668 1311 καὶ
1696 1291 1812 1318 προκατ-

1025 1333 1165 1366 αγγελθεὶς
1177 1333 1187 1347 ²
1208 1332 1261 1358 ἀπὸ
1279 1333 1328 1367 τῆς
1344 1333 1464 1364 Παλαιᾶς
1479 1331 1615 1366 Διαθήκης
1630 1328 1812 1364 ἁναμφίῧολός

1024 1380 1098 1405 ἐστιν
1111 1380 1127 1413 ἡ
1141 1378 1271 1413 ένσαρκος
1286 1377 1404 1412 Χριστοῦ
1421 1377 1565 1412 παρουσία,
1582 1377 1629 1403 καὶ
1645 1374 1811 1410 εὐαγγελικὴ

1024 1424 1192 1451 διδασκαλία.
1209 1424 1267 1451 Ἵνα
1289 1424 1318 1450 δὲ
1343 1424 1381 1459 μὴ
1405 1424 1445 1455 εἰς
1467 1423 1548 1458 ὖγκον
1574 1421 1743 1456 παρεκτείνω
1761 1421 1811 1455 τὴν

1024 1471 1073 1505 τῆς
1101 1470 1252 1502 συντάξεως
1278 1470 1479 1505 πραγματείαν,
1507 1469 1611 1500 τούτοις
1642 1466 1810 1503 ἀρκεσθήσοκ

987 1535 1008 1563 C
1028 1525 1086 1552 μαι.

1063 1572 1168 1607 Προϊὼν
1181 1572 1209 1598 δὲ
1227 1571 1326 1607 ἐφεξῆς
1341 1572 1390 1603 τὰς
1405 1571 1551 1606 μετέπειτα
1567 1570 1605 1606 τῷ
1620 1570 1669 1605 βίῳ
1688 1567 1811 1602 ὲπιφυεί-

1028 1627 1074 1650 σας
1099 1617 1145 1644 ἐπὶ
1166 1620 1237 1654 κακῇ
1259 1618 1392 1654 προτάσει
1420 1618 1499 1650 δόξας
1514 1618 1614 1653 ὁμοίως
1630 1615 1809 1650 διαγορεύσω,

1026 1663 1075 1698 ἤδη
1092 1663 1141 1694 τὰς
1158 1663 1252 1690 ἕνδεκα
1269 1664 1317 1695 τὰς
1332 1664 1386 1690 ἀπὸ
1405 1663 1537 1690 Ἰουδαίων
1551 1663 1598 1690 καὶ
1622 1661 1808 1697 Σαμαρειτῶν,

1026 1709 1072 1735 καὶ
1091 1708 1140 1740 τὰς
1159 1709 1211 1744 πρὸ
1225 1709 1313 1736 αὐτῶν
1334 1709 1412 1736 ἐννέα
1431 1709 1460 1742 ἐξ
1479 1709 1624 1744 Ἑλλήνων,
1641 1708 1688 1735 καὶ
1707 1707 1810 1742 βαρϐά-

1027 1762 1095 1790 ρων,
1112 1755 1159 1782 καὶ
1173 1755 1227 1781 τῶν
1243 1755 1330 1782 ἄλλων
1344 1755 1492 1790 γενομένας
1515 1754 1568 1790 πρὸ
1581 1755 1630 1788 τῆς
1644 1753 1691 1780 τοῦ
1707 1752 1809 1788 Κυρίω

1025 1801 1185 1835 παρουσίας,
1207 1802 1252 1828 καὶ
1273 1801 1325 1833 ἕως
1347 1801 1429 1828 αὑτοῦ
1445 1800 1493 1828 τοῦ
1508 1801 1602 1836 χρόνου
1622 1799 1738 1836 μετρίως
1756 1799 1810 1825 ἀπ-

1025 1845 1086 1881 αριθ
1090 1846 1254 1881 μησάμενος.

1133 1914 1202 1948 Περὶ
1218 1907 1399 1948 Ναζωραίων,
1417 1914 1481 1948 ἤτοι
1500 1912 1693 1948 Χριστιανῶν.

1058 1980 1244 2016 Ναζωραίων,
1271 1981 1285 2008 ὅ
1311 1981 1369 2007 ἐστι
1396 1979 1580 2016 Χριστιανῶν,
1606 1980 1621 2006 ὁ
1644 1978 1754 2014 κληθεὶς
1778 1979 1810 2004 ὲν

1023 2027 1104 2062 ὀλίγῳ
1122 2027 1210 2062 χρόνῳ
1224 2027 1276 2053 ὑπὸ
1299 2026 1432 2053 Ἰουδαίων
1447 2026 1670 2062 Χριστιανισμδς,
1697 2021 1743 2051 καὶ
1761 2025 1808 2050 ὑπ’

1023 2073 1110 2100 αὐτῶν
1128 2073 1182 2100 τῶν
1200 2073 1370 2105 ἀποστόλων,
1393 2073 1517 2107 λέγοντος
1544 2072 1648 2107 Πέτρου
1660 2079 1666 2086 ·
1691 2069 1809 2104 Ἰησοῦν

1023 2120 1075 2147 τὸν
1095 2119 1278 2154 Ναζωραῖον,
1303 2119 1397 2154 ἄνδρα
1418 2117 1667 2153 ἀποδεδειγμένον
1689 2117 1723 2143 ἐκ
1753 2115 1809 2143 τοῦ

1024 2166 1108 2198 Θεοῦ,
1124 2167 1170 2192 καὶ
1184 2167 1218 2193 τὰ
1236 2166 1299 2201 ἑξῆς
1310 2174 1317 2181 ο
1336 2165 1449 2201 ὕστερον
1467 2165 1495 2191 δὲ
1508 2164 1562 2191 ἀπὸ
1580 2162 1742 2198 Ἀντιοχείας
1756 2162 1808 2195 ἀρ-

183 2202 290 2230 nisnius
311 2204 442 2239 appellari
459 2206 551 2236 comit.
572 2206 620 2234 Est
636 2212 664 2234 et
679 2208 732 2235 alia
753 2210 862 2244 proprie
881 2209 968 2238 Naza-

1029 2209 1137 2244 ξάμενος
1149 2210 1286 2237 καλεῖσθαι
1300 2209 1520 2246 Χριστιανισμός.
1536 2210 1614 2236 Ἔστι
1626 2209 1654 2234 δὲ
1666 2207 1712 2234 καὶ
1726 2206 1807 2242 φύσει

183 2255 299 2276 raeorum
317 2254 403 2283 secta,
420 2251 453 2278 de
467 2252 568 2286 quibus
585 2260 635 2280 suo
645 2253 704 2280 loco
717 2253 928 2289 disputabimus.

219 2423 298 2450 “Act.
314 2432 345 2457 ιι,
361 2423 406 2452 22.
447 2426 458 2442 ³
469 2425 542 2454 Ι-“οι·ι.
560 2430 836 2464 προκαταγγελθεῐσα.

1020 2255 1123 2290 αἵρεσις
1142 2256 1320 2292 Ναζωραίων,
1335 2257 1399 2292 περὶ
1418 2253 1456 2283 ὧν
1481 2255 1596 2290 καθεξῆς
1612 2254 1723 2289 λέξομεν
1737 2252 1808 2279 κατὰ

1022 2301 1067 2328 τὸν
1079 2301 1175 2336 καιρὸν
1187 2302 1236 2337 τῆς
1249 2302 1417 2334 ἀκολουθίας.
