1944 3037
119 127 179 154 281

609 125 793 153 ADVERSUS
812 123 984 154 IIIERESES.
998 123 1062 151 LIB.
1083 127 1104 151 Ι.
1127 94 1206 152 ΤΟΞΙ.
1229 126 1257 152 ll.

1697 120 1750 149 28‘!

124 233 1739 252 mm

499 312 588 339 ΤΑΔΕ
603 310 738 337 ΕΝΕΣΊῚ
752 308 817 336 ΚΑΙ
831 309 880 336 ΕΝ
904 310 923 335 Τ

968 309 1017 344 ‘Tn
1040 298 1086 343 To
1106 308 1269 344 ΔΕΥΤΕΡῼ
1291 310 1387 344 ΤΟΜῼ

751 386 819 414 ΤΟΥ
834 385 972 414 ΠΡΩΤυΥ
990 385 1139 418 ΒΙΒΛΙΟΥ,

641 466 692 493 Ἕν
707 462 731 499 ᾧ
745 466 824 492 εἰσιν
840 462 969 497 ιιΙρέσεις
986 462 1139 497 δεκατρεῖς
1150 463 1255 497 οὕτως.

503 591 712 622 INDICULUS
733 589 873 620 EORUM
895 588 987 624 QU/E
1009 587 1049 618 ΙΝ
1074 587 1172 618 ΤΟΜ.
1201 588 1230 617 ll
1267 589 1342 619 LIB.
1363 590 1376 620 Ι

842 664 1042 690 conamen-run,

565 736 628 774 Qui
649 735 790 766 haereses
812 730 1035 782 complectitur
1057 740 1116 762 xm
1136 733 1197 765 hoc
1217 735 1340 766 ordine.

166 866 208 893 A'.
227 863 408 900 Σιμωνιανοὶ,
429 863 454 889 οἱ
470 862 523 889 ἀπὸ
540 862 661 896 Σίμωνος
683 860 730 886 τοῦ
750 858 846 893 Μάγου
870 857 917 884 τοῦ

1003 860 1055 896 52
1072 860 1092 888 l.
1114 861 1265 891 Sim0niani
1288 871 1303 890 a
1328 863 1438 892 Simone
1454 864 1532 900 Mago
1558 865 1751 900 cognominati";

129 913 179 939 ἐπὶ
189 912 292 946 Πέτρου
305 910 351 937 τοῦ
364 909 523 939 ἀποστόλου,
536 908 632 943 κώμης
645 906 747 934 Γιτθῶν
761 906 811 949 τῆς
824 906 916 940 Σαμα-

131 958 217 993 ρείας.
237 953 322 988 Οὗτος
344 955 397 982 ἀπὸ
422 953 599 989 Σαμαρειτῶν
617 953 739 988 ὡρμᾶτο,
755 950 872 987 Χριστοῦ
888 949 916 976 δὲ

127 1002 213 1029 ὑπέδυ
228 1002 311 1037 ὄνομα
329 1001 418 1037 μόνον.
439 999 558 1030 Ἐδίδαξε
571 999 600 1025 δὲ
614 997 818 1033 αἰσχροποιίαν,
842 995 914 1031 μίξιν

129 1047 271 1083 μολυσμοῦ
282 1066 289 1079 ,
308 1045 444 1081 γυναικῶν
462 1044 632 1080 ἀδιαφορίαν.
654 1043 791 1078 Σωμάτων
806 1042 834 1069 δὲ
847 1043 914 1068 ἀπο-

128 1093 257 1123 θάλλεται
279 1092 327 1128 τὴν
342 1092 499 1123 ἀνάστασιν,
523 1090 569 1117 καὶ
590 1089 635 1116 τὸν
658 1089 758 1124 κόσμον
784 1089 820 1124 μὴ
845 1087 915 1114 εἶναι

128 1139 198 1165 Θεοῦ
217 1138 325 1173 φάσκει.
350 1137 449 1164 Εἰκόνα
463 1137 491 1163 δὲ
504 1135 585 1162 αὐτοῦ
598 1135 636 1167 ὡς
649 1135 720 1168 Διὸς,
736 1135 782 1161 καὶ
799 1134 848 1169 τῆς
867 1135 915 1160 σὺν

129 1184 205 1220 αὺτῷ
226 1185 328 1221 πόρνης
355 1184 466 1218 ὀνόματι
486 1182 605 1217 Ἑλένης,
627 1181 741 1216 Ἀθηνᾶς
755 1181 840 1208 τύπον
859 1181 916 1212 τοῖς

130 1231 227 1257 ἑαυτοῦ
247 1230 380 1266 μαθηταῖς
394 1229 536 1265 παρεδίδου
552 1229 592 1260 εἰς
604 1227 799 1263 προσκύνησιν.
819 1227 915 1260 Ἔλεγε

129 1277 158 1304 δὲ
173 1276 268 1302 ἑαυτὸν
287 1275 470 1311 Σαμαρείταις
483 1275 531 1310 μὲν
544 1274 590 1301 τὸν
601 1274 720 1308 Πατέρα,
740 1272 873 1304 Ἰουδαίοις
886 1272 915 1298 δὲ

129 1323 175 1349 τὸν
186 1321 312 1357 Χριστόν.

165 1367 203 1394 B'.
225 1366 432 1402 Μενανδριανοὶ,
448 1366 473 1392 οἱ
492 1365 546 1392 ἀπὸ
560 1365 655 1392 1τούτου
672 1364 719 1391 τοῦ
735 1365 856 1400 Σίμωνος
871 1364 914 1391 διὰ

129 1413 284 1449 Μενάνδρου
307 1413 379 1444 τινὸς
394 1412 572 1447 ἐναρξάμενοι
593 1411 782 1447 διαφερόμενοί
798 1420 828 1438 τε
847 1411 915 1447 πρὸς

129 1459 192 1490 τοὺς
216 1459 398 1494 Σιμωνιανοὺς
419 1457 491 1484 κατά
513 1465 557 1484 τιο
578 1457 606 1489 ὃς
623 1457 677 1484 ἀπὸ
697 1457 819 1492 ἀγγέλων
839 1457 914 1492 ἔλεγε

128 1505 173 1532 τὸν
190 1505 291 1540 κόσμον
307 1503 480 1540 γεγενῆσθαι.

163 1592 200 1619 Γ’.
221 1591 437 1627 Σατορνιλιανοὶ,
461 1591 485 1617 oi
510 1590 581 1617 κατὰ
601 1591 651 1626 τὴν
673 1590 771 1626 Συρίαν
792 1590 840 1626 τὴν
860 1590 914 1618 τῶν

129 1637 303 1672 Σιμωνιανῶν
331 1638 507 1674 κρατύνοντες
533 1637 722 1673 αἰσχρολογίαν
736 1657 743 1669 ,
772 1637 853 1671 ἕτερα
886 1637 914 1663 δὲ

130 1682 205 1718 παρὰ
224 1683 287 1713 τοὺς
303 1684 487 1719 Σιμωνιανοὺς
506 1684 545 1715 εἰς
571 1682 699 1718 ἔκπληξιν
720 1683 914 1718 περισσοτέραν

130 1729 310 1764 κηρύσσοντες
324 1750 332 1762 ,
349 1730 403 1756 ἀπὸ
419 1730 447 1756 δὲ
462 1728 622 1765 Σατορνίλου
635 1729 684 1764 τὴν
699 1729 785 1764 ἀρχὴν
799 1729 914 1763 ἐσχηκό-

129 1784 185 1808 τες,
205 1775 234 1808 ὃς
247 1777 294 1802 καὶ
317 1777 397 1809 αὐτὸς
421 1775 492 1802 κατὰ
507 1775 662 1810 Μένανδρον
676 1776 720 1802 ὑπ’
733 1775 856 1810 ἀγγέλων
869 1776 914 1802 τὸν

130 1821 230 1856 κόσμον
251 1822 414 1856 γεγενῆσθαι
433 1821 545 1856 ἔφασκε,
567 1821 654 1856 μόνων
673 1821 702 1848 δὲ
718 1821 788 1848 ἑπτὰ
803 1821 846 1848 διὰ
865 1822 914 1858 τὴν

129 1867 174 1893 τοῦ
189 1866 245 1894 ἄνω
257 1867 363 1903 Πατρὸς
380 1867 503 1903 γνώμην.
556 1896 559 1899 ,

164 1915 200 1939 Δ’.
221 1913 424 1946 Βασιλειδιανοὶ,
440 1915 465 1940 ot
484 1916 532 1950 τῆς
548 1915 633 1950 αὐτῆς
658 1913 852 1950 αἰσχρουργίας
870 1923 914 1940 τε-

130 1958 229 1992 )εσταὶ,
250 1960 304 1986 ἀπὸ
318 1960 473 1987 Βασιλείδου
496 1961 542 1987 τοῦ
557 1961 616 1996 ἅμα
634 1960 786 1995 Σατορνίλῳ
800 1961 855 1992 τοῖς
870 1952 914 1986 Σι-

132 2007 272 2039 μωνιανοῑς
296 2005 343 2033 καὶ
365 2006 574 2042 Μενανδριανοῖς
600 2006 854 2042 μεμαθητευμένοι,
880 2007 914 2033 τὰ

129 2051 207 2085 ὃμοια
223 2051 272 2087 μὲν
285 2052 461 2088 φρονοῦντος,
477 2053 547 2079 κατά
563 2061 587 2079 τι
600 2053 628 2079 δὲ
640 2052 848 2088 διαφερομένου.
863 2053 914 2078 Λέ-

129 2105 172 2131 γει
193 2097 221 2123 δὲ
242 2098 414 2133 τριακοσίους
436 2098 649 2133 έξηκονταπὲντε
681 2098 812 2133 οὐρανοὺς
833 2095 912 2130 εἶναι,

130 2143 174 2168 καὶ
187 2143 291 2174 τούτοις
308 2143 427 2178 ὀνόματα
440 2143 573 2178 ἁγγελικὰ
589 2143 721 2179 ἐκτίθησι.
737 2145 782 2171 Διὸ
801 2144 848 2170 καὶ
868 2144 912 2170 τὸν

966 907 1012 941 qui
1029 908 1149 942 apostoli-
1160 907 1233 935 Petri
1252 910 1421 943 temporibus
1437 910 1516 941 vixit,
1539 918 1554 937 ο
1575 910 1677 939 Gitlhis
1692 913 1753 940 vico

966 953 1084 990 quodam
1094 954 1236 982 oriundus.
1253 955 1306 982 Iste
1314 963 1374 982 cum
1384 960 1456 984 esset
1465 956 1664 989 Samaritanus,
1674 954 1754 986 Chri-

966 1002 1037 1025 stum
1054 999 1164 1027 nomine
1180 1004 1259 1027 tenus
1283 1000 1424 1034 professus
1438 1006 1496 1029 est:
1515 1006 1611 1029 auctor
1629 1003 1754 1031 nefanda

965 1043 1155 1080 obscenitatis,
1174 1048 1211 1072 ‘et
1242 1045 1457 1080 inquinatissimi
1482 1048 1655 1075 concubitus.
1679 1048 1753 1076 Prat-

965 1094 1039 1117 terea
1051 1091 1222 1124 promiscuas
1235 1099 1335 1119 uxores
1348 1100 1410 1119 esse
1425 1093 1518 1120 voluit.
1537 1093 1658 1129 Corpora
1674 1099 1754 1130 negat

965 1143 1120 1170 resurgere.
1136 1144 1186 1163 nec
1201 1144 1217 1163 a
1232 1136 1288 1164 Deo
1303 1137 1433 1164 mundum
1448 1138 1610 1166 fabricatum
1625 1147 1686 1167 esse
1701 1145 1755 1167 sta»-

966 1182 1029 1208 tuit.
1042 1181 1191 1217 imaginem
1208 1189 1291 1216 porro
1306 1190 1384 1210 suam
1406 1184 1546 1219 scortiqne
1571 1185 1624 1217 sui,
1644 1186 1754 1213 nomine

965 1227 1084 1260 Helenae,
1101 1229 1152 1255 sub
1172 1228 1300 1256 Minervae
1317 1230 1408 1264 specie
1422 1229 1564 1265 discipulis
1585 1231 1754 1259 adorandam

965 1274 1094 1301 obtrusit.
1109 1274 1187 1308 Apud
1204 1274 1355 1308 Samaritas
1369 1283 1419 1309 pro
1431 1275 1486 1303 Deo
1502 1275 1582 1304 Patre
1606 1285 1635 1304 se
1660 1277 1754 1304 vcndi-

906 1334 910 1336 »
965 1323 1038 1352 tans,
1054 1319 1156 1347 ludatis
1169 1319 1308 1348 Christum
1322 1328 1351 1348 se
1365 1329 1426 1348 eSSe
1441 1321 1559 1349 dicebat.

1000 1364 1032 1392 ll.
1052 1364 1238 1392 Menandriani
1259 1365 1293 1392 ab
1319 1366 1415 1396 eodem
1432 1366 1480 1393 illo
1503 1366 1614 1394 Simone
1631 1375 1679 1402 per
1698 1367 1754 1395 Meq-

964 1410 1098 1437 nandrum
1115 1411 1259 1445 quemdam
1285 1411 1418 1447 originem
1432 1416 1586 1446 traxerunt,
1598 1413 1754 1441 nonnullis-

964 1463 1018 1490 que
1040 1456 1068 1482 in
1090 1457 1173 1483 rebus
1195 1464 1209 1483 a
1231 1457 1399 1484 Simonianis
1414 1457 1582 1492 discrepant.
1605 1460 1755 1487 Menander

965 1509 1046 1536 porro
1067 1502 1200 1529 mundum
1223 1503 1256 1530 ab
1277 1503 1380 1538 angelis
1394 1503 1478 1531 fuisse
1496 1504 1661 1538 productum
1677 1512 1753 1533 asse.

965 1547 1029 1574 ruit.
1744 1559 1746 1561 ’

1001 1594 1043 1622 Ill.
1062 1593 1241 1622 Saturniliani
1256 1596 1282 1623 in
1303 1595 1381 1632 Syria
1399 1595 1621 1624 Simonianorum
1635 1598 1752 1632 lurpitu'v

965 1639 1054 1667 dinem
1069 1644 1214 1667 auxerunt.
1230 1640 1366 1667 Nonnulla
1379 1648 1490 1675 quoque
1503 1642 1536 1668 ad
1548 1642 1678 1676 majorem
1690 1651 1753 1670 conv

965 1685 1113 1712 ciliandum
1134 1692 1272 1720 stuporem
1291 1687 1324 1714 ad
1346 1687 1454 1713 illorum
1471 1687 1597 1722 adjecere
1613 1688 1751 1723 dogmata.

964 1729 1067 1757 Horum
1092 1731 1221 1766 princeps
1243 1730 1402 1759 Saturnilus
1425 1732 1486 1764 fuit,
1514 1733 1560 1767 qui
1585 1733 1696 1767 perinde
1719 1728 1753 1761 ac

964 1773 1113 1802 Menander
1134 1776 1228 1803 mundi
1252 1776 1409 1804 conditores
1425 1777 1548 1812 angelos.
1563 1778 1616 1805 hoc
1647 1784 1688 1806 est
1709 1787 1753 1806 se.-

964 1823 1061 1854 ptenos
1074 1827 1106 1847 ex
1121 1821 1165 1853 iis,
1179 1821 1255 1852 facit,
1265 1822 1345 1856 idque
1362 1822 1437 1856 ipsos
1451 1823 1484 1850 de
1498 1824 1617 1858 supremi
1631 1825 1752 1858 parentis

964 1865 1098 1892 sententia
1115 1866 1270 1900 suscepisse
1284 1867 1390 1894 statuit.
1741 1890 1743 1892 τ

998 1911 1043 1938 lV.
1058 1912 1217 1943 Basilidiani
1242 1913 1375 1940 foeditatis
1399 1914 1521 1948 ejusdem
1539 1914 1609 1941 socii
1625 1914 1658 1941 ad
1675 1913 1751 1941 Basi.

964 1956 1035 1984 liden
1051 1957 1184 1992 originem
1201 1957 1334 1989 referunt,
1352 1959 1401 1993 qui
1418 1966 1479 1984 cutn
1499 1957 1639 1985 Saturnilo
1661 1959 1752 1986 Simo-

963 2002 1065 2034 niauis,
1084 2010 1116 2030 ac
1131 2002 1336 2030 Menandrianis
1351 2011 1461 2038 operam
1477 2004 1573 2032 dedit:
1593 2012 1625 2031 ac
1641 2005 1750 2032 tametsi

963 2048 1056 2076 eadem
1074 2048 1130 2075 fere
1143 2048 1252 2080 sentiat,
1273 2048 1301 2075 in
1315 2049 1480 2084 quibusdam
1499 2053 1589 2077 tamen
1602 2050 1749 2084 discrepat.

962 2094 1030 2121 Nam
1044 2095 1170 2122 cmlestes
1183 2095 1270 2129 Lorbes
1285 2102 1386 2122 cccuv
1402 2095 1554 2127 constituit,
1568 2103 1637 2130 quos
1662 2104 1749 2131 ange-

963 2139 1025 2166 licis
1037 2140 1195 2167 nominibus
1211 2140 1292 2167 alftcit
1308 2149 1313 2166 :
1330 2140 1444 2175 ideoque
1461 2141 1573 2168 totidem
1590 2141 1686 2169 diebus
1700 2149 1751 2168 an-

129 2188 247 2215 ὲνιαυτδν
272 2189 405 2216 τοσούτων
426 2189 535 2225 ἡμερῶν
553 2188 631 2222 εἶναι,
655 2189 701 2216 καὶ
722 2189 752 2216 τὸ
775 2189 909 2225 ’Δϐρασὰξ

968 2193 1028 2212 num
1041 2189 1168 2218 constare
1179 2189 1282 2213 censet.
1295 2185 1376 2212 Addit
1388 2191 1414 2213 et
1425 2186 1593 2214 Abrasaxam
1606 2188 1748 2222 cujusdam

129 2233 210 2268 ὄνομα
224 2234 362 2270 δυνάμεως
373 2255 380 2266 ,
395 2234 410 2261 δ
423 2235 500 2270 φέρει
513 2235 602 2269 ψῆφον
617 2235 680 2268 τξε’,
695 2235 742 2262 καὶ
755 2233 824 2262 εἶναί
844 2244 909 2272 φησι

129 2279 205 2305 τοῦτο
218 2280 294 2314 ἅγιον
310 2280 421 2315 Πνεῦμα
433 2280 528 2315 ὄνομα.

161 2325 198 2351 Ε’.
219 2325 387 2358 Νικολαῗται,
401 2327 454 2353 ἀπὺ
468 2326 601 2353 Νικολάου
618 2326 666 2353 τοῦ
679 2327 725 2354 ἐπὶ
737 2329 796 2359 ταῖς
811 2328 909 2363 χήραις

129 2369 178 2395 ὑπὸ
188 2369 242 2396 τῶν
254 2371 409 2397 ἀποστόλων
421 2371 574 2406 ταχθέντος,
590 2371 619 2403 ὃς
632 2371 676 2398 διὰ
685 2371 765 2406 ζῆλον
778 2373 827 2408 τῆς
842 2373 909 2404 ιδίας

129 2415 247 2450 γαμετῆς
257 2416 307 2450 τὴν
322 2416 515 2452 αἰσχρουργίαν
529 2417 589 2452 ἅμα
602 2418 658 2448 τοῖς
672 2417 762 2449 ἄλλοις
776 2418 909 2445 ἐπιτελεῖν

129 2459 186 2490 τοὺς
199 2460 281 2486 αὑτοῦ
295 2460 417 2495 μαθητὰς
428 2461 528 2494 ἐδίδαξε
540 2468 546 2474 ·
554 2462 601 2488 καὶ
612 2462 676 2497 περὶ
685 2463 736 2488 Δ’τοῦ
747 2462 908 2499 Καύλακαχ,

129 2504 172 2530 καὶ
191 2505 349 2541 Προυνίκου,
365 2506 412 2532 καὶ
432 2506 519 2533 ἄλλων
535 2507 707 2543 βαρϐαρικῶν
723 2508 871 2543 ὀνομάτων,
891 2510 909 2537 ἃ.

128 2550 164 2585 τῷ
177 2550 272 2585 κόσμῳ
293 2552 421 2587 μυσαρῶς
435 2553 607 2588 εἰσηγήσατο.

161 2597 205 2629 ς’.
221 2596 379 2629 Γνωστικοὶ,
396 2598 420 2624 oi
439 2598 488 2629 τὰς
504 2598 586 2630 αὐτὰς
611 2599 730 2636 αἱρέσεις
750 2600 908 2636 διαδεξάμε-

129 2651 179 2669 νοι·
196 2643 276 2670 πλέον
292 2644 321 2670 δὲ
335 2644 425 2672 αὐτῶν
445 2646 555 2672 πάντων
567 2645 617 2681 τὴν
635 2646 802 2682 αἰσχρότητα
816 2648 907 2683 ἐμμα-

130 2688 178 2720 νῶς
192 2689 385 2724 ἐργαζόμενοι·
401 2691 430 2716 ὲν
452 2691 582 2726 Αἰγύπτῳ
600 2691 629 2717 δὲ
644 2692 837 2728 Στρατιωτικοὶ
856 2703 906 2722 κα-

130 2733 249 2768 λούμενοι
275 2735 321 2761 καὶ
350 2735 521 2763 Φιὸιωνῖται”
546 2737 575 2763 ὲν
597 2737 626 2764 δὲ
652 2739 709 2770 τοϊς
734 2740 907 2775 ἀνωτερικοϊς

131 2779 220 2814 μέρεσι
233 2780 427 2813 Σεκουνδιανοὶ,
442 2782 471 2808 ὲν
481 2781 569 2814 ἄλλοις
581 2781 610 2808 δὲ
621 2783 716 2818 μέρεσι
727 2784 905 2820 Σωκρατὴαι,

131 2824 201 2860 παρὰ
213 2825 241 2853 δὲ
260 2827 364 2863 ἑτέροις
380 2829 518 2870 Ζιξικχαίοι.
535 2828 624 2856 Ἄλλοι
642 2829 670 2856 δὲ
689 2830 839 2864 ’Κοδδεινοὺς
860 2833 906 2860 αὺ-

965 2232 1075 2259 virtutis
1086 2239 1196 2263 nomen.
1206 2239 1266 2266 quae
1275 2239 1377 2258 ccccxv
1388 2239 1531 2259 numerum
1548 2233 1646 2261 litteris
1657 2234 1748 2269 expri-

964 2279 1024 2310 mit,
1040 2279 1121 2313 idque
1136 2278 1268 2313 Spiritum
1282 2286 1345 2306 esse
1357 2282 1482 2306 sanctum
1498 2279 1607 2307 asserit.

992 2323 1032 2351 .V.
1049 2324 1191 2352 Nicolaitae
1207 2332 1222 2351 a
1238 2323 1350 2351 Nicolao
1369 2324 1416 2350 illo
1431 2323 1545 2351 derivati
1561 2330 1635 2357 sunt.
1652 2325 1697 2352 cui
1714 2327 1750 2354 ab

964 2370 1096 2405 apostolis
1108 2369 1252 2397 viduarum
1267 2376 1333 2396 cura
1356 2371 1503 2398 commissa
1517 2370 1616 2399 fuerat.
1633 2371 1683 2399 llic
1703 2380 1749 2399 ze-

963 2415 1064 2450 lotypia
1077 2415 1112 2442 ob
1132 2422 1244 2442 uxorem
1257 2417 1389 2448 aestuans,
1403 2422 1465 2442 cum
1478 2416 1539 2443 aliis
1552 2422 1746 2452 praeposteram

962 2462 1104 2490 libidinem
1119 2469 1247 2489 exercere
1261 2469 1328 2490 suos
1341 2461 1451 2489 docuit.
1469 2461 1522 2489 Sed
1539 2466 1566 2489 et
1581 2462 1745 2495 Caulacaeh.

962 2512 989 2536 et
1003 2507 1163 2540 Prunicum,
1179 2512 1206 2536 et
1219 2508 1273 2535 alia
1290 2507 1432 2535 nominum
1448 2507 1574 2543 portenta
1590 2510 1705 2544 turpiter
1718 2509 1749 2536 in

961 2556 1092 2583 mundum
1106 2555 1217 2582 invexit.

996 2600 1049 2635 53
1069 2599 1112 2627 VI.
1134 2598 1237 2626 Harum
1264 2597 1386 2627 Gnostici
1409 2606 1584 2627 successores
1612 2599 1747 2627 hasresum

961 2646 1042 2681 longe
1054 2653 1149 2672 omnes
1164 2644 1342 2679 turpitudinis
1356 2648 1437 2679 atque
1448 2644 1622 2671 exsecranda:
1634 2644 1744 2670 foedita-

961 2693 996 2720 tis
1015 2692 1125 2720 vesania
1146 2694 1322 2726 superarunt.
1339 2690 1469 2718 Militares
1483 2697 1564 2725 porro
1582 2690 1609 2716 in
1626 2689 1746 2725 [Egypto

961 2739 1100 2775 dicuntuy,
1115 2743 1141 2766 et
1151 2737 1331 2769 Pbibionitm;
1345 2736 1374 2763 in
1387 2736 1526 2771 superiore
1539 2741 1625 2763 tractu
1640 2734 1745 2762 Secum

961 2785 1051 2816 diani;
1076 2784 1139 2811 alibi
1163 2782 1321 2815 Soet-alius;
1339 2782 1372 2809 ab
1389 2782 1450 2809 aliis
1464 2781 1580 2808 Zacbtei.
1604 2781 1672 2807 Sunt
1696 2780 1743 2815 qui

960 2841 1006 2862 eos
1021 2831 1175 2860 Coddianos
1194 2830 1348 2863 nominent;
1365 2829 1474 2865 quidam
1490 2827 1666 2864 Βορϐορίτας,
1685 2828 1744 2856 siio
