1944 3037
184 111 239 141 £85

884 116 916 145 S.
937 117 1106 146 ENPHANII

1755 114 1811 144 εει

185 169 343 198 iutulentos.
365 170 407 198 Ab
419 171 481 199 istis
505 171 630 205 Barbelo,
659 171 857 209 siquarbero,
877 175 973 204 nescio

1037 177 1087 208 τοὺς
1101 175 1238 209 λέγουσιν·
1255 174 1329 202 ἄλλοι
1338 174 1366 201 δὲ
1385 173 1548 210 Βόρϐορίτας
1561 173 1657 204 αὐτοὺς
1672 171 1808 200 καλοῦσιν.

182 223 245 251 quae
260 217 401 251 pi'mdicari
419 218 497 245 solet.

223 261 277 288 VII.
291 262 496 298 Carpocratiani
512 271 527 291 a
542 263 709 299 Carpocrate
723 266 840 300 quodam
854 266 974 295 Asiatico

184 308 262 340 dicti.
281 309 327 343 qui
345 309 378 336 ad
392 317 474 337 omne
492 311 692 345 turpitudinum
705 319 736 339 ac
749 312 912 348 ﬂagitiorum
927 321 975 348 ge-

184 362 239 382 nus
261 354 412 390 discipulos
436 354 614 384 informabat.
634 357 711 390 Quod
737 358 759 385 si
778 359 850 392 quis,
873 359 972 392 aiebat,

185 409 241 428 non
258 402 348 428 omnia
369 402 546 436 percurrerit,
562 410 651 437 neque
663 403 828 437 daemonum,
850 410 878 432 et
893 413 975 440 ange-

186 447 275 474 lorum
291 447 414 474 omnium
431 447 563 475 voluntati
583 448 757 482 satisfecerit,
773 457 930 485 supremum
947 451 975 478 in

187 494 285 521 coelum
300 494 376 520 evehi
393 494 505 521 minime
516 499 615 529 potest,
630 503 719 530 neque
733 496 913 531 principatus,
927 504 975 531 po-

187 543 357 573 testatesque
384 540 590 568 transcendere.
612 540 760 568 Asscrebat
787 541 858 569 idem
881 541 974 570 Jesum

189 589 279 612 mente
297 585 440 620 praeditam
458 586 577 613 animam
593 587 754 622 sumpsisse,
777 593 804 614 et
819 588 975 623 cognitione

188 631 344 659 caelestium
360 632 494 659 imbutum
512 632 669 660 hominibus
685 640 717 660 ea
733 634 875 661 nuntiasse
886 642 894 661 :
905 642 936 661 ac
950 634 975 662 si

188 676 252 710 quis
275 677 382 709 eadem,
398 684 459 712 quae
480 676 560 705 Jesus
582 678 658 710 olim,
679 682 828 714 perpetret,
850 679 922 706 haud
942 687 975 707 eo

189 722 345 750 inferiorem
363 722 496 751 futurum.
514 723 626 751 Demum
642 725 727 760 legem
744 733 798 752 una
821 733 882 753 cum
903 734 975 754 mor-

189 771 300 795 tuorum
316 770 517 796 resurrectione
532 769 688 802 damnabat,
702 771 931 805 quemadmodum
949 775 976 800 et

189 811 354 846 Simoniani,
380 815 526 850 caeterique
545 823 650 849 omnes,
670 823 739 851 quos
754 817 898 853 hucusque
914 808 976 853 pcr-

1024 218 1104 248 οὗτοι
1118 221 1166 256 τὴν
1187 219 1315 256 Βαρὸελὼ
1325 220 1372 247 καὶ
1385 218 1514 255 Βαρϐερὼ
1528 218 1650 254 αὑχοῦσι.

1061 267 1099 295 Z'.
1114 266 1362 302 Καρποκρατιανοί,
1374 264 1430 292 ἀπὸ
1444 264 1657 300 Καρποκράτους
1672 262 1744 294 τινὸς
1754 263 1810 289 τῶν
1823 266 1830 281 ι

1024 312 1054 339 ὲν
1069 313 1101 348 τῇ
1124 312 1211 348 Ἀσίᾳ,
1228 312 1257 343 ὃς
1269 311 1391 338 ἐδίδασκε
1410 311 1500 337 πᾶσαν
1522 309 1715 345 αἰσχρουργίαν
1731 310 1810 336 ὲκτε-

1024 359 1089 390 λεῖν,
1106 359 1152 385 καὶ
1166 359 1219 384 πᾶν
1235 357 1403 392 ἐπιτήδευμα
1426 356 1571 391 ἁμαρτίας.
1588 356 1642 382 Kal.
1662 356 1686 381 εἰ
1705 356 1741 390 μή
1754 364 1808 387 τις,

1026 404 1103 439 φησὶ,
1119 403 1163 430 διὰ
1187 403 1295 430 πάντων
1312 401 1452 437 παρέλθοι,
1473 401 1519 428 καὶ
1532 401 1562 427 τὸ
1575 400 1679 436 θέλημα
1700 401 1809 427 πάντων

1025 449 1078 476 τῶν
1105 448 1238 483 δαιμόνων
1261 447 1308 474 καὶ
1332 446 1454 480 ἀγγέλων
1479 445 1617 482 ἐκτελέσῃ,
1640 447 1670 472 οὐ
1698 446 1810 473 δύναται

1026 494 1179 529 ὑπερϐῆναι
1193 494 1233 524 εἰς
1245 492 1291 519 τὸν
1304 491 1440 519 ἀνώτατον
1455 491 1578 527 οὐρανὸν,
1592 491 1651 518 οὐδὲ
1662 491 1711 524 τὰς
1722 492 1810 528 ἀρχὰς

1026 539 1137 571 καὶτὰς
1157 538 1280 572 ἐξουσίας
1301 537 1455 573 παρελθεῖν.
1475 538 1571 571 Ἔλεγε
1593 537 1622 564 δὲ
1642 537 1688 564 τὸν
1706 538 1810 573 Ἰησοῦν

1024 585 1113 620 ψυχὴν
1136 584 1232 619 νοερὰν
1250 583 1399 619 εἰληφέναι,
1417 583 1506 610 εἰδότα
1527 583 1554 608 δὲ
1569 582 1604 609 τὰ
1618 582 1674 609 ἄνω
1694 583 1810 610 ἐνταῦθα

1026 630 1234 665 καταγγέλλειν·
1253 629 1300 656 καὶ
1319 629 1356 661 ὡς
1373 629 1400 655 εἰ
1413 638 1439 656 τι
1456 629 1583 664 πράξειεν
1604 629 1684 664 ὅμοια
1698 629 1737 664 τῷ
1757 630 1812 664 ἰη-

1027 678 1085 711 σοῦ,
1102 678 1162 705 κατ’
1179 677 1259 705 αὑτὸν
1272 674 1353 704 εἶναι.
1370 677 1422 703 Τόν
1435 685 1465 703 τε
1481 677 1562 712 νόμον
1576 676 1625 704 σὺν
1645 677 1678 711 τῇ
1699 675 1754 702 τῶν
1765 684 1811 702 νε-

1026 723 1101 759 κρῶν
1117 723 1261 750 ἀναστάσει
1276 722 1457 757 ἀπηγόρευεν,
1468 722 1505 753 ὡς
1518 722 1545 748 αἰ
1562 721 1616 748 ἀπὸ
1627 721 1745 756 Σίμωνος
1762 719 1812 746 καὶ

1025 769 1105 806 δεῦρο
1129 769 1256 804 αἱρέσεις,
1281 768 1382 794 Τούτου
1403 767 1513 802 γέγονεν
1534 768 1550 802 ἡ
1569 768 1597 793 ὲν
1619 766 1712 802 Ῥώμῃ
1731 766 1811 800 Μαρ-

1027 815 1146 842 κελλίνα.
1173 813 1328 845 Εἰκόναςδὲ
1343 813 1457 848 ποιήσας
1478 814 1507 839 ὲν
1528 814 1619 848 κρυφῇ
1642 812 1738 847 Ἰησοῦ,
1763 811 1812 836 καί¹

189 858 296 885 censui.
313 858 354 885 Ex
375 859 458 893 hujus
475 867 557 895 grege
571 860 729 889 Marcellina
744 862 790 889 illa
808 852 900 891 Romae
912 852 973 890 luit.

1037 860 1144 892 Ῐαύλου,
1158 860 1205 887 καὶ
1228 860 1356 895 Ὀμήρου,
1372 859 1418 885 καὶ
1434 858 1604 895 Πυθαγόρου,
1618 858 1727 889 ταύταις
1748 856 1813 883 ὲθυ-

188 903 278 938 Atque
294 903 364 931 idem
377 904 453 937 Jesu,
470 904 612 940 Paulique,
635 914 687 934 nec
704 915 758 934 non
772 912 800 934 et
817 907 927 936 Homeri
943 916 975 936 ac

191 948 350 985 Pythagorae
371 951 527 978 clanculum
550 951 682 987 imagines
705 952 820 989 ﬁngens,
838 954 976 983 sullltibus

188 1003 237 1024 eas
255 1001 281 1024 et
293 996 450 1024 adoratione
466 1003 628 1032 prcsecutus
644 1003 697 1027 est.

225 1041 294 1069 VIII.
313 1042 495 1075 Cerinthiani,
522 1044 580 1072 sive
595 1044 781 1077 Merinthiani,
797 1053 812 1072 a
825 1045 955 1073 Cerintho
967 1065 975 1079 ,

187 1088 234 1116 vel
251 1088 384 1116 Merintho
395 1088 505 1117 Judaici
526 1091 635 1125 generis
659 1092 834 1124 exstiterunt,
854 1093 900 1127 qui
923 1092 979 1119 cir-

188 1134 386 1163 cumcisionem
403 1143 457 1170 pra:
471 1143 501 1164 se
518 1135 651 1164 ferebant.
674 1137 803 1164 Mundum
819 1138 853 1165 ab
874 1138 977 1173 angelis

189 1182 368 1216 hbricatum,
387 1183 479 1211 Jesum
498 1184 531 1211 ad
555 1183 659 1212 Christi
677 1184 839 1220 dignitatem
861 1192 909 1220 per
926 1185 979 1212 vir-

190 1232 279 1256 tutum
293 1229 458 1256 incrementa
473 1230 630 1265 pervenisse
643 1230 783 1258 dixerunt.

226 1273 273 1300 IX.
293 1273 426 1301 Nazareni
447 1274 484 1301 ita
500 1273 592 1302 Iesum
617 1282 679 1302 esse
701 1275 852 1307 Christum,
879 1274 980 1310 Deique

191 1318 290 1346 Filium
314 1324 501 1352 asseruerunt,
522 1324 551 1347 ut
569 1320 653 1348 Mosis
678 1321 764 1355 legem
780 1320 894 1348 omnino
918 1321 979 1348 vitae

190 1365 226 1392 ad
240 1365 393 1392 institutum
408 1366 584 1393 adsciverint.

228 1409 261 1437 X.
287 1409 494 1443 Cerinthianis,
522 1418 555 1438 ac
578 1410 728 1438 Nazarenis
756 1410 889 1438 simillimi
916 1415 981 1439 sunt

191 1455 337 1488 Ebionitae,
355 1456 455 1491 quibus
473 1464 535 1483 cum
562 1456 719 1491 Sampsazis,
739 1460 767 1483 et
781 1455 910 1484 Elcesaeis
930 1457 980 1484 ali-

191 1509 246 1537 qua
262 1510 294 1530 ex
308 1506 384 1537 parte
398 1503 537 1529 convenit.
566 1502 598 1529 Hi
618 1502 757 1530 Christum
772 1503 800 1530 in
818 1503 889 1530 malo
902 1510 980 1530 crea—
992 1517 1016 1547 ε

192 1551 262 1580 tum,
288 1549 403 1583 ejusque
426 1552 553 1576 sanctum
577 1548 708 1583 Spiritum
732 1549 876 1575 allirmant.
902 1547 979 1576 Illum

192 1592 284 1627 ipsum
301 1593 327 1619 in
343 1593 477 1620 Adamum
495 1600 556 1620 sese
572 1593 705 1621 infudisse
721 1595 822 1629 primo,
839 1601 871 1620 ac
883 1594 980 1622 deinde

193 1637 307 1665 exuisse
321 1643 453 1671 narrant;
471 1642 527 1666 tum
544 1640 663 1667 subiisse
678 1640 786 1672 denuo;
802 1640 882 1676 idque
904 1648 980 1668 com-

195 1683 306 1710 modum
323 1683 431 1715 fecisse,
447 1691 510 1710 cum
525 1683 552 1710 in
568 1689 656 1711 terras
667 1691 782 1719 corpore
796 1684 980 1712 circumfusus

195 1725 316 1755 advenit.
334 1728 372 1755 Ac
388 1729 451 1756 licet
463 1729 550 1756 Judaei
568 1729 633 1762 sint,
649 1729 825 1764 Evangelium
842 1730 981 1757 nihilomi-

196 1780 250 1800 nus
269 1773 408 1802 adhibent.
426 1774 556 1801 Carnium
578 1782 656 1802 esum
680 1774 860 1802 detestantur.
877 1775 981 1810 Aquam

196 1825 247 1852 pro
264 1817 318 1845 Deo
334 1824 510 1859 venerantur.
524 1818 663 1846 Christum
681 1820 707 1846 in
723 1827 773 1846 suo
788 1819 845 1851 illo,
864 1820 902 1846 uti
916 1820 983 1847 dixi-

198 1870 271 1895 mus,
293 1863 409 1890 adventu
429 1863 566 1890 hominem
587 1863 709 1891 induisse
730 1864 835 1891 dicunt.
862 1863 983 1900 Denique

197 1908 277 1942 aquis
290 1915 321 1935 se
336 1908 483 1936 identidem
500 1912 556 1935 tam
570 1908 660 1936 hieme
675 1916 756 1943 quam
769 1913 865 1936 azstate
881 1909 981 1942 lavant,

198 1953 253 1990 54
276 1954 405 1981 nimirum
433 1955 560 1989 puritatis
587 1954 765 1982 conciliandae
793 1955 845 1982 sibi
874 1956 981 1990 gratia,

197 2000 425 2034 quemadmodum
443 1999 594 2028 Samaritae.

234 2044 279 2073 XI.
300 2045 435 2073 Valentini
456 2053 601 2081 corporum
624 2046 855 2074 resurrectionem
872 2051 982 2082 negant.

199 2090 284 2119 Vetus
298 2090 514 2124 Testamentum,
543 2100 574 2119 ac
593 2092 742 2127 prophetas
759 2097 902 2128 respuunt.
919 2093 986 2126 Qua:

197 2136 378 2164 nihilominus
389 2137 482 2172 legunt
501 2138 564 2172 ipsi,
582 2142 608 2166 et
622 2138 644 2165 si
660 2139 726 2173 quid
741 2144 781 2166 est
792 2140 864 2174 quod
875 2139 908 2166 ad
924 2139 985 2166 illo-

1027 906 1075 942 μία
1090 906 1136 932 καὶ
1149 904 1318 940 προσεκύνει.

1063 1048 1103 1076 H'.
1120 1048 1307 1084 Κηρινθιανοὶ,
1332 1049 1357 1076 οἰ
1383 1048 1429 1075 καὶ
1449 1047 1637 1083 Μηρινοιανοί·
1662 1043 1733 1073 οὗτοι
1757 1045 1814 1073 ἀπὸ

1027 1096 1163 1132 Κηρίνθου
1178 1097 1225 1123 καὶ
1245 1095 1383 1131 Μηρίνθου
1405 1095 1526 1122 Ἰουδαῖοί
1549 1102 1621 1125 τινες
1639 1093 1688 1129 τὴν
1703 1102 1814 1128 περιτο.

1029 1141 1082 1178 μὴν
1108 1141 1268 1177 αὐχοῦντες·
1286 1141 1331 1168 τὸν
1352 1141 1380 1168 δὲ
1407 1141 1509 1176 κόσμον
1528 1140 1573 1166 ὑπ’
1593 1139 1714 1173 ἀγγέλων
1733 1147 1814 1173 γεγε-

1028 1187 1126 1222 νῆσθαι
1142 1186 1276 1221 λέγοντες,
1296 1185 1399 1221 Ἰησοῦν
1415 1186 1443 1213 δὲ
1460 1186 1530 1213 κατὰ
1541 1185 1682 1221 προκοπὴν
1696 1184 1814 1220 Χριστὸν

1029 1233 1186 1268 κεκλῆσθαι.

1064 1278 1103 1304 Θ’.
1129 1277 1295 1313 Ναζωραῖοι,
1317 1277 1342 1303 οἳ
1362 1276 1479 1312 Χριστὸν
1506 1276 1683 1312 ὁμολογοῦσιν
1711 1274 1815 1311 Ἰησοῦν

1029 1323 1093 1350 Υἰδν
1109 1323 1188 1356 Θεοῦ,
1204 1323 1292 1350 πάντα
1306 1322 1334 1349 δὲ
1349 1323 1419 1349 κατὰ
1433 1323 1514 1357 νόμον
1529 1322 1742 1357 πολιτευόμενοι.

1065 1411 1094 1438 1’.
1115 1410 1273 1441 Ἐὃιωναῖοι,
1288 1410 1312 1437 οἱ
1333 1410 1517 1446 παραπλήσιοι
1539 1409 1592 1436 τῶν
1609 1408 1815 1445 προειρημένων

1029 1455 1218 1492 Κηρινθιανῶν
1233 1456 1280 1482 καὶ
1298 1456 1484 1491 Ναζωραίων·
1499 1453 1540 1487 οἷς
1557 1456 1679 1491 συνήφθη
1704 1455 1774 1482 κατά
1788 1463 1816 1481 τι

1031 1503 1112 1538 ἡτῶν
1125 1501 1274 1537 Σαμψαίων
1287 1511 1316 1528 τε
1335 1502 1381 1528 καὶ
1400 1501 1563 1528 Ἑλκεσαίων
1577 1501 1690 1537 αἵρεσις.
1706 1502 1737 1528 Οἶ
1747 1502 1814 1536 Χρι-

1031 1548 1091 1574 στόν
1108 1556 1190 1582 φασιν
1214 1547 1355 1574 κεκτίσθαι
1373 1548 1402 1573 ὲν
1424 1546 1463 1582 τῷ
1485 1546 1601 1582 οὐρανῷ,
1624 1547 1671 1573 καὶ
1689 1547 1719 1573 τὸ
1738 1547 1814 1581 ἅγιον

1029 1592 1112 1619 αὐτοῦ
1127 1592 1248 1628 Πνεῦμα.
1271 1592 1478 1627 Ἐνδημήσαντα
1494 1591 1523 1617 δὲ
1541 1592 1585 1618 τὸν
1604 1591 1719 1626 Χριστὸν
1735 1592 1763 1618 ὲν
1777 1591 1816 1627 τῷ

1036 1639 1121 1674 Ἀδὰμ
1143 1639 1261 1674 πρῶτον,
1286 1638 1332 1665 καὶ
1349 1637 1420 1664 κατὰ
1440 1637 1534 1673 καιρὸν
1556 1637 1716 1672 ἐκδυόμενον
1736 1637 1816 1664 αὑτὸν

1030 1683 1076 1709 τὸν
1096 1683 1191 1719 Ἀδὰμ,
1205 1683 1253 1710 καὶ
1268 1683 1348 1709 πάλιν
1364 1683 1534 1718 ἐνδυόμενον,
1551 1682 1581 1708 τὸ
1598 1683 1665 1709 αὐτὸ
1680 1681 1759 1709 τοῦτό
1770 1691 1816 1717 φα-

1032 1737 1074 1756 σιν
1086 1729 1287 1756 ὲκτετελεκέναι
1301 1728 1382 1755 αὑτὸν
1397 1729 1425 1755 ἐν
1438 1729 1471 1764 τῇ
1482 1728 1606 1763 ὲνσάρκῳ
1618 1727 1700 1754 αὐτοῦ
1714 1737 1817 1764 παρου-

1032 1775 1087 1810 σίᾳ.
1111 1775 1231 1802 Ἰουδαῖοι
1245 1775 1273 1801 δὲ
1293 1775 1369 1806 ὀντες
1383 1774 1556 1808 Εὑαγγε>.ἰοις
1579 1774 1734 1809 κέχρηνται.
1748 1774 1817 1811 Σαρ-

1032 1822 1166 1855 κοφαγίαν
1184 1821 1379 1856 βδελύττονται.
1398 1821 1434 1847 Τὸ
1457 1820 1529 1856 ὕδωρ
1545 1820 1606 1846 ἀντὶ
1625 1819 1692 1846 Θεοῦ
1709 1820 1817 1854 ἔχουσι·

1031 1867 1077 1893 τὸν
1091 1867 1119 1893 δὲ
1140 1867 1258 1902 Χριστὸν
1274 1867 1416 1902 ἅνορωπον
1438 1867 1466 1893 ὲν
1479 1868 1511 1901 τῇ
1536 1866 1661 1900 ἐνσάρκῳ
1683 1865 1817 1901 παρουσίᾳ

1033 1912 1197 1946 ἐνδεδύσθαι,
1212 1913 1249 1944 ὡς
1263 1913 1340 1948 ἔφην.
1360 1912 1481 1948 Συνεχῶς
1494 1911 1522 1938 δὲ
1538 1911 1712 1946 βαπτίζονται
1727 1912 1756 1937 ὲν
1763 1913 1819 1943 τοῖς

1033 1957 1111 1985 ὕδασι
1126 1958 1221 1994 θέρους
1237 1967 1266 1985 τε
1283 1959 1330 1985 καὶ
1351 1958 1496 1994 χειμῶνος,
1519 1957 1558 1988 εἰς
1580 1956 1711 1992 ἁγνισμὸν
1729 1956 1819 1991 δῆθεν,

1032 2003 1126 2039 ὥσπερ
1140 2004 1164 2030 οἰ
1184 2004 1360 2039 Σαμαρεῖται.

1068 2049 1119 2078 IA’.
1142 2049 1326 2081 Οὐαλεντίνοι,
1357 2050 1381 2076 οἶ
1404 2049 1503 2085 σαρκδς
1531 2049 1580 2085 μὲν
1602 2048 1820 2084 ἀπαγορεύουσιν

1034 2095 1192 2128 ἀνάστασιν,
1209 2095 1331 2122 Παλαιὰν
1349 2095 1486 2130 Διαϐήκην
1503 2095 1628 2122 ὰθετοῦσι
1654 2095 1699 2122 καὶ
1714 2094 1819 2129 προφήο

1035 2148 1095 2171 τας,
1109 2139 1341 2173 ἀναγινώσκοντες
1356 2140 1405 2174 μὲν
1422 2140 1467 2166 καὶ
1484 2140 1534 2166 ὅσα
1545 2141 1584 2171 εἰς
1600 2140 1726 2174 ὁμοίωσιν
1742 2138 1820 2165 δύνα-

198 2190 260 2209 rum
284 2183 399 2211 haeresin
419 2191 468 2218 per
492 2184 604 2219 Iigurani
624 2192 656 2211 ac
671 2189 777 2220 tropum
786 2186 979 2213 accommodari

1037 2192 1080 2210 ται
1092 2184 1311 2220 τροπολογεῑσθαι
1324 2184 1374 2217 τῆς
1386 2184 1476 2211 αὐτῶν
1491 2185 1632 2220 αἱρέσεως,
1648 2184 1695 2210 καὶ
1711 2183 1820 2217 δεχόμε-

199 2228 296 2262 possit.
317 2229 344 2256 id
363 2229 523 2256 admittunt.
550 2229 603 2257 Sed
626 2236 717 2258 certas
731 2232 863 2266 quasdam
879 2231 985 2266 fabulas

201 2274 376 2307 addiderunt,
391 2280 418 2302 et
432 2276 542 2311 triginta
553 2283 659 2303 zeonum
678 2277 822 2312 utriusque
840 2285 923 2305 sexus
937 2285 985 2304 v0-

198 2320 298 2346 cahula
315 2320 460 2347 commenti
476 2323 556 2352 sunt;
573 2328 644 2354 quos
659 2320 766 2355 quidem
779 2329 870 2349 :eonas
881 2322 915 2348 ab
926 2322 988 2349 uni-

203 2372 344 2392 versorum
359 2370 472 2399 parente
485 2372 518 2391 ac
533 2366 675 2393 conditore
683 2367 830 2401 productos
848 2371 986 2400 asserunt,

202 2417 272 2444 quos
283 2413 310 2436 et
323 2409 399 2443 deos,
412 2413 440 2437 et
447 2417 539 2437 aeonas
551 2409 666 2437 faciunt.
687 2410 798 2438 Demum
819 2411 957 2439 Christum
972 2419 988 2440 e

202 2456 273 2482 caelo
294 2462 393 2490 corpus
418 2456 558 2488 extulisse,
582 2463 614 2483 ac
628 2463 682 2490 .per
702 2456 813 2484 Mariam
832 2458 988 2485 traductum

201 2508 266 2529 esse
281 2501 354 2528 velut
372 2508 421 2536 per
440 2502 565 2529 tubulum
579 2503 748 2530 existimant.

240 2545 298 2574 XII.
319 2545 496 2579 Secundiani,
519 2556 670 2584 eorumque
684 2548 751 2576 socii
767 2547 934 2583 Epiphanes,
948 2552 990 2575 at-

202 2601 258 2629 que
278 2593 411 2624 Isidorus,
426 2593 521 2620 eadem
547 2594 619 2622 inter
637 2602 667 2622 se
691 2595 766 2629 paria
794 2599 991 2629 componentes

203 2647 268 2666 cum
292 2638 445 2666 Valentinis
469 2640 646 2667 consentiunt
664 2649 670 2667 :
688 2640 819 2667 nonnulla
842 2644 932 2668 tamen
956 2640 991 2667 ab

207 2687 241 2714 iis
253 2686 360 2713 diversa
373 2691 494 2720 ponunt;
517 2690 545 2713 et
564 2686 598 2713 ad
616 2686 714 2714 foedam
728 2686 841 2721 insuper
852 2687 990 2714 libidinem

206 2738 274 2759 suos
286 2731 444 2759 instituunt.
460 2730 542 2759 Iidem
555 2736 582 2759 et
595 2731 811 2760 Incamationem
826 2735 937 2768 negant.

239 2819 313 2848 Illi.
333 2818 471 2848 Ptolemaei
492 2818 628 2848 Valentini
642 2819 769 2856 discipuli
789 2818 908 2854 luerunt,
931 2819 991 2855 qui-

1035 2238 1091 2256 νοι·
1115 2229 1211 2264 ἑτέρας
1233 2229 1262 2256 δέ
1285 2238 1360 2260 τινας
1387 2229 1548 2264 μυθολογίας
1575 2229 1821 2265 παρεισφέροντες,

1035 2275 1181 2310 τριάκοντα
1192 2274 1295 2301 αἰώνων
1306 2275 1453 2309 ὀνομασίας
1464 2274 1588 2309 λέγοντες
1597 2273 1821 2310 ἀρῤενοθηλειῶν,

1036 2320 1104 2356 ὁμοῦ
1119 2329 1147 2347 τε
1162 2321 1194 2346 ὲκ
1210 2320 1257 2347 τοῦ
1274 2321 1380 2356 Πατρὺς
1397 2321 1449 2347 τῶν
1463 2321 1530 2347 ὅλων
1551 2320 1759 2355 γεγενημένους,
1776 2318 1822 2350 οὓς

1038 2366 1084 2393 καὶ
1099 2366 1176 2398 θεοὺς
1189 2366 1319 2401 ἡγοῦνται
1335 2367 1383 2393 καὶ
1404 2366 1515 2398 αἰῶνας.
1531 2366 1582 2392 Τὸν
1599 2366 1628 2391 δὲ
1644 2365 1760 2400 Χριστὸν
1775 2365 1822 2391 ἀπ’

1038 2411 1153 2446 οὐρανοῦ
1173 2411 1252 2446 σῶμα
1276 2411 1441 2446 ἐνηνοχέναι,
1459 2411 1507 2437 καὶ
1525 2411 1563 2442 ὡς
1583 2410 1628 2436 διὰ
1648 2409 1764 2445 σωλῆνας
1774 2409 1822 2445 τὴν

1038 2456 1147 2492 Μαρίαν
1165 2455 1404 2490 διαπεπερακέναι.

1076 2544 1126 2570 IB'.
1143 2543 1337 2575 Σεκουνδιανοὶ,
1356 2541 1397 2574 οἷς
1421 2543 1583 2570 συνάπτεται
1605 2542 1754 2577 Ἐπιφάνης
1768 2541 1824 2575 ῗκαὶ

1047 2590 1190 2625 Ἰσίδωρος,
1207 2590 1266 2620 ταῖς
1289 2589 1384 2620 αὑταῖς
1407 2589 1570 2625 κεχρημένοι
1588 2588 1635 2615 καὶ
1654 2585 1727 2615 οὗτοι
1743 2587 1820 2620 συζυ-

1041 2636 1123 2670 γίαις,
1137 2636 1171 2662 τὰ
1187 2635 1267 2671 ὃμοια
1287 2635 1455 2670 Οὐαλεντίνῳ
1474 2635 1685 2671 πεφρονηκότες,
1702 2635 1784 2669 ἕτερα
1796 2633 1824 2660 δὲ

1042 2682 1107 2717 παρ’
1126 2680 1215 2708 αὐτῶν
1229 2680 1320 2711 ποσῶς
1335 2680 1517 2716 διηγούμενοι.
1534 2681 1711 2716 Προστιθέασι
1732 2680 1760 2706 δὲ
1775 2679 1824 2714 τὴν

1042 2727 1236 2763 αἰσχρουργίαν
1263 2727 1442 2759 διδάσκοντες.
1475 2727 1687 2763 Ἀπαγορεύουσι
1718 2727 1746 2753 δὲ
1779 2726 1824 2753 καὶ

1042 2770 1115 2801 οὗτοι
1127 2773 1176 2809 τὴν
1193 2773 1340 2808 σάρκωσιν.

1078 2820 1126 2849 ll".
1143 2819 1315 2855 Πτολεμαῖοι,
1333 2819 1450 2856 μαθηταὶ
1467 2819 1514 2847 καὶ
1527 2818 1604 2847 αὐτοὶ
1618 2818 1693 2850 ὅντες
1710 2815 1823 2845 Οὐαλενο
