1944 3037
202 145 257 173 287

914 147 944 174 S.
971 145 1140 174 EPIPHANII

1781 147 1838 177 288

242 200 273 228 ll.
297 199 383 236 Igitur
397 209 430 228 ex
451 201 496 228 illa
511 202 646 229 malorum
664 201 819 229 daemonum
837 201 944 228 insania
961 208 991 228 ac

1079 200 1116 227 B'.
1131 197 1215 232 Οὗτος
1241 200 1290 235 μὲν
1303 198 1360 233 οὖν,
1378 201 1448 236 ἔχων
1469 201 1517 236 τὴν
1531 202 1648 228 διάνοιαν
1665 211 1836 238 πεπονηρευ-

204 247 320 281 magicis
336 247 444 275 artibus
463 248 686 274 consceleratum
702 248 822 274 animum
837 255 943 282 gerens,
959 252 997 274 at-

204 301 257 328 que
278 293 386 320 illorum
406 293 552 328 prmstigiis
573 293 696 324 delusus.
721 301 783 321 cum
799 293 866 320 nihil
885 292 997 320 haberet

205 339 370 374 promptius,
391 347 473 374 quam
488 343 517 366 ut
532 340 662 375 nequitia:
677 347 734 367 sua:
747 339 997 374 veneﬁciorumque

200 386 353 414 barbarum
381 386 531 421 quoddam,
554 394 586 414 ac
609 387 667 414 suis
687 387 741 414 illis
764 386 923 413 auctoribus
942 387 997 413 daa-

204 431 332 458 monibus
349 431 460 466 dignum
488 432 626 466 specimen
647 432 799 464 exhiberet,
818 432 847 459 in
871 436 995 467 apertum

202 477 359 512 prerupit;
374 485 406 504 ac
428 478 484 509 sub
503 478 652 506 Christiani
672 478 792 505 nominis
815 479 916 513 specie.
936 483 996 506 tan-

204 532 286 558 quam
304 530 413 551 veratro
430 524 481 551 mel
504 525 670 557 admiscens,
689 525 729 552 sic
745 524 817 552 illius
837 525 994 560 appellatio-

203 569 248 596 nis
265 569 402 604 splendori
422 569 501 597 letale
514 577 649 597 venenum
671 569 780 601 infudit,
798 570 880 605 idque
896 571 929 597 iis
947 570 995 598 ob-

203 615 267 642 tulit
286 622 357 650 quos
377 614 566 642 fraudulenter
591 620 716 650 captatos
737 619 763 643 et
789 616 901 650 impium
922 616 995 643 hunc

204 661 232 687 in
248 667 369 687 errorem
386 665 538 694 pertractos
552 661 579 687 in
594 661 709 688 exitium
728 661 853 688 adduxit.
871 661 994 696 Cumque

204 706 232 732 in
256 704 387 732 Venerem
415 710 512 732 natura
533 706 682 741 proclivior
707 712 791 738 esset.
814 714 908 733 eorum
934 714 995 741 quae

203 749 384 784 profitebatur
403 750 562 785 dogmatnm
578 751 744 778 verecundia
770 756 925 779 commotus
947 759 994 779 ne-

203 796 350 831 quissimas
371 797 532 831 opinionum
553 805 639 832 nugas
664 797 810 832 discipulis
832 798 891 826 suis
906 798 994 833 impo-

200 846 263 875 lstor
279 843 426 876 persuasit.
442 842 550 870 Etenim
567 851 660 878 vagam
677 843 823 878 quamdam
845 843 992 871 muliercu-

202 887 268 918 lam,
287 887 397 913 nomine
416 886 557 919 Helenam,
574 893 682 919 nactus,
699 888 787 922 patria
802 888 922 924 Tyriam,
939 887 991 916 sibi
1009 883 1029 909 Β

202 940 262 960 eam
277 933 397 967 copulat,
411 941 529 968 quacum
548 934 636 968 palam
655 934 757 961 nullam
770 934 871 962 habere
885 942 914 962 se
929 942 994 961 con-

202 977 378 1004 suetudinem
391 977 536 1009 simulans,
559 978 640 1005 homo
653 978 729 1006 vafer
744 979 815 1005 clam
828 979 902 1006 omni
919 986 949 1007 se
966 979 992 1006 in

203 1021 350 1048 libidinum
373 1029 473 1057 genere
494 1023 652 1055 volutabat;
677 1027 758 1058 atque
779 1025 860 1050 etiam
877 1024 993 1052 ridicula

203 1067 238 1094 de
254 1074 286 1094 ea
302 1075 331 1095 re
347 1067 436 1094 l‘abula
456 1067 609 1102 discipulos
627 1069 754 1104 aspersit.
775 1069 810 1096 Se
826 1070 898 1097 enim
919 1077 995 1097 sum--

203 1119 276 1138 mam
296 1119 357 1139 esse
377 1111 425 1139 Dei
446 1112 518 1144 vim;
536 1118 658 1140 scortum
681 1122 746 1141 vero
761 1122 842 1142 suum
861 1114 992 1150 Spiritum

201 1165 265 1185 esse
286 1163 410 1185 sanciunt
426 1158 562 1186 atIirmare
580 1166 666 1187 ausus
687 1164 740 1193 est,
758 1161 838 1194 cujus
861 1162 993 1197 gratia’de

201 1204 273 1231 cmlo
294 1204 481 1232 descenderat.
507 1204 560 1232 Sed
586 1205 614 1233 in
643 1214 808 1242 unoquoque
833 1209 903 1234 emlo
930 1215 993 1243 pro-

199 1249 301 1285 priam,
326 1250 426 1283 aiebat,
442 1251 503 1285 ejus
529 1252 591 1278 cmli
608 1252 722 1279 formam
736 1253 824 1285 indui,
841 1261 896 1288 quo
916 1261 993 1281 meos

196 1295 316 1330 angelos
332 1296 417 1323 latere
432 1303 553 1331 possem,
565 1301 591 1325 et
604 1297 637 1324 ad
650 1305 737 1324 meam
754 1298 828 1325 illam
842 1299 994 1334 intelligen-

203 1342 270 1368 tiam
288 1341 495 1372 descendcrem.
512 1343 565 1370 hoc
582 1348 624 1371 est
639 1343 768 1371 Helenam
788 1345 879 1376 istam,
892 1353 953 1380 qua:
966 1350 993 1373 et

203 1387 352 1419 Prunicus,
366 1392 394 1415 et
408 1388 527 1424 Spiritus
542 1394 653 1418 sanctus
668 1391 836 1425 appellatur;
853 1399 901 1426 per
911 1399 992 1426 quant

201 1434 314 1469 angelos
332 1435 442 1468 creari;
469 1435 560 1470 angeli
580 1443 662 1470 porro
680 1426 823 1468 mundum,
842 1441 923 1471 atque
944 1437 992 1464 ho-

199 1480 288 1508 mines
306 1480 498 1508 condiderunt.
524 1481 653 1508 Eamdem
671 1489 732 1509 esse
748 1483 928 1510 conﬁrmabat
941 1482 993 1510 He-

200 1526 301 1557 lenam,
315 1527 394 1560 cujus
408 1534 491 1554 causa
501 1527 601 1554 bellant
612 1527 722 1554 Graecos
735 1528 805 1554 inter
815 1535 846 1555 ac
858 1528 992 1563 Trojanos

199 1571 314 1597 exarsit.
339 1571 380 1598 Ad
406 1571 464 1598 haec
487 1572 606 1599 fabulam
631 1573 776 1607 adjiciebat
798 1583 804 1600 :
830 1573 934 1608 lapsam
957 1575 991 1602 de

195 1615 275 1641 'eoelo
287 1614 341 1641 vim
358 1615 432 1641 illam
448 1615 623 1650 semetipsam
636 1615 843 1648 dissimulasse;
859 1617 947 1651 deque
957 1625 991 1644 eo

192 1666 296 1696 poetas
317 1661 432 1696 ﬁgurate
450 1661 560 1689 locutos
583 1669 653 1689 esse.
674 1661 737 1688 llmc
754 1662 826 1689 enim
842 1662 878 1689 ob
895 1671 991 1698 supre-

200 1712 273 1732 mam
295 1705 369 1732 illam
391 1706 445 1732 vim
467 1705 602 1733 aecidisse
618 1706 698 1739 bella,
715 1715 776 1742 qua:
800 1708 834 1734 ab
855 1707 990 1735 haereticis

201 1750 262 1777 aliis
276 1750 405 1783 Barbero,
424 1751 481 1779 sive
495 1751 609 1779 Barbelo
623 1752 725 1779 dicitur
742 1762 749 1780 :
763 1761 822 1788 qum
838 1761 899 1780 cum
912 1761 990 1780 suam

200 1796 240 1823 illi
262 1796 495 1831 pulchritudinem
516 1797 692 1830 ostendisset,
720 1799 762 1826 sui
788 1799 862 1833 ipsos
888 1799 990 1826 amoris

202 1843 322 1870 stimulis
345 1842 494 1876 incitasse;
522 1843 646 1878 adeoque
667 1844 702 1871 ad
726 1853 773 1873 eos
796 1845 991 1880 depraedaudos

191 1888 253 1923 '57
268 1889 415 1924 principes.
441 1890 487 1924 qui
504 1890 637 1917 mundum
664 1890 852 1921 condiderant.
876 1891 988 1918 missam

198 1933 252 1961 bos
276 1934 348 1968 ipsos
368 1934 479 1969 angelos
496 1940 618 1961 mutuam
639 1935 671 1962 ad
693 1943 812 1970 pugnam
833 1936 988 1964 excitasse:

200 1987 262 2007 cum
278 1980 386 2007 inten‘tn
402 1980 471 2007 nihil
489 1981 535 2007 illa
550 1981 614 2007 mali
628 1989 710 2016 passa
724 1981 823 2016 injecta
837 1982 989 2009 vehementi

201 2026 242 2053 sui
263 2025 414 2060 cupiditate
434 2025 588 2061 perfecerit,
607 2031 636 2053 ut
661 2035 690 2054 se
712 2027 828 2055 invicem
853 2028 989 2055 interﬁce-

200 2073 271 2097 rent.
293 2069 358 2097 Eam
381 2071 480 2106 quippe
504 2071 672 2103 detinebant,
692 2081 726 2100 ne
748 2081 857 2100 sursum
881 2074 990 2102 evolare

199 2120 311 2150 posset;
333 2117 449 2152 ideoque
464 2125 525 2144 cum
542 2126 574 2145 ea
600 2119 700 2154 singuli
716 2119 743 2146 in
764 2116 840 2146 varia
855 2120 990 2148 transfor-

199 2167 293 2190 mante
303 2171 333 2190 se
343 2163 489 2191 mulierum
501 2165 707 2200 acieminaruin
720 2173 836 2200 corpora
850 2168 989 2201 congressi

1051 247 1134 282 μένην
1147 247 1202 273 ἀπὸ
1217 246 1267 281 τῆς
1281 248 1310 273 ὲν
1323 248 1356 282 τῇ
1376 247 1477 282 μαγείᾳ
1494 247 1549 281 (50)
1563 247 1752 282 δαιμονιὼδους
1769 248 1835 276 πλά-

1036 300 1106 326 νης,
1131 291 1179 317 καὶ
1197 291 1469 326 πεφαντασιωμένην,
1493 292 1636 327 πρόχειρος
1658 292 1694 318 ὢν
1717 293 1760 319 ἀεὶ
1784 293 1834 328 τῆς

1049 336 1146 364 ἑαυτοῦ
1170 337 1268 368 κακίας
1292 337 1326 363 τὰ
1350 337 1503 372 βαρϐαρικὰ
1532 337 1579 364 καὶ
1605 337 1740 372 δαιμόνων
1763 339 1832 375 πρά-

1047 389 1140 416 γματα
1164 381 1208 408 διὰ
1231 381 1281 416 τῆς
1306 381 1403 408 ἑαυτοῦ
1431 382 1598 416 μαγγανείας
1621 383 1831 414 ἐπιδείκνυσθαι,

1047 427 1189 463 παρελθὼν
1202 429 1242 457 εἰς
1259 428 1352 463 μέσον,
1365 429 1412 455 καὶ
1430 430 1603 464 προσχήματι
1623 429 1750 464 ὀνόματος
1764 429 1833 464 Χρι-

1048 472 1121 503 στοῦ,
1138 473 1176 504 ὡς
1196 473 1336 508 ἐλλέϐορον
1357 474 1443 509 μέλιτι
1462 473 1654 509 παραπλέκων,
1670 473 1833 508 δηλητήριον

1045 520 1102 550 τοῖς
1115 519 1160 544 ὑπ’
1175 518 1257 545 αὑτοῦ
1272 519 1444 554 ἀγρευθείσιν
1456 521 1496 550 εἰς
1509 520 1559 555 τὴν
1573 520 1763 555 κακομήχανον
1783 519 1834 546 αὺ-

1045 563 1091 590 τοῦ
1114 564 1217 599 πλάνην
1243 564 1387 599 παρενθεὶς
1412 565 1451 600 τῷ
1472 564 1519 591 τοῦ
1546 565 1675 600 ὀνόματος
1699 564 1834 600 ἀξιώματι

1045 609 1174 644 Χριστοῦ,
1195 610 1308 637 θάνατον
1328 611 1470 645 ἐνεποίησε
1492 612 1551 642 τοῖς
1568 611 1710 638 πεισθεῖσι.
1728 611 1834 645 Λάγνος

1044 654 1072 680 δὲ
1090 654 1127 681 ὢν
1145 655 1215 682 κατά
1231 655 1280 691 τὴν
1294 655 1384 690 φύσιν,
1401 656 1471 682 αἰδοῖ
1489 658 1521 692 τῇ
1541 656 1594 682 τῶν
1609 656 1703 682 ἑαυτοῦ
1716 657 1834 691 ὑποσχέ-

1046 708 1114 726 σεων
1131 701 1360 736 ὑπονυσσὸμενος,
1377 702 1609 738 παρεφθαρμένην
1631 702 1758 729 ὑπόνοιαν
1777 704 1834 734 τοῖς

1045 745 1091 772 ὑπ’
1106 746 1189 773 αὑτοῦ
1206 747 1395 783 ἀπατωμένοις
1411 749 1425 774 ὁ
1448 748 1570 784 ἀγύρτης
1590 749 1833 784 παρενεποιήσατο.

1044 790 1162 818 Γυναῖκα
1179 792 1233 827 γάρ
1250 800 1311 819 τινα
1330 792 1417 828 ἑαυτῷ
1437 793 1587 828 εὑράμενος
1603 793 1736 829 ρεμϐἀδα,
1759 794 1836 820 Ἑλέ-

1044 846 1093 873 νην
1107 837 1226 872 τοῦνομα
1240 838 1307 873 (3i),
1321 838 1375 864 ἀπὸ
1391 839 1441 874 τῆς
1458 839 1565 874 Τυρίων
1582 839 1756 875 ὁρμωμένην,
1768 839 1836 873 ἄγε-

1044 891 1100 914 ται,
1127 883 1164 918 μὴ
1180 883 1338 918 ὑποφαίνων
1361 884 1509 919 συνάφειαν
1535 884 1606 920 ἔχειν
1630 885 1697 920 πρὸς
1720 885 1833 920 ταύτην.

1050 928 1094 954 Ἐν
1117 927 1284 963 παραϐύστῳ
1308 927 1336 954 δὲ
1366 929 1524 965 αίσχρότητι
1548 929 1834 965 συμπεριπλεκόμενος

1044 972 1082 1008 τῷ
1104 974 1206 1008 γυναίῳ
1221 973 1235 999 ὁ
1260 973 1337 1008 γόης,
1357 975 1419 1002 τινὰ
1445 974 1554 1012 μυθώδη
1575 976 1751 1011 ψυχαγωγίαν
1777 979 1834 1009 τοῖς

1043 1019 1140 1046 ἑαυτοῦ
1157 1019 1290 1055 μαθηταῖς
1306 1021 1447 1056 ὑφηγεῖτο,
1463 1021 1543 1057 δῆθεν
1560 1022 1654 1049 ἑαυτὸν
1672 1020 1741 1050 εἶναι
1754 1022 1834 1050 δύνα-

1045 1074 1090 1100 μιν
1104 1065 1171 1091 Θεοῦ
1194 1065 1280 1100 λέγων
1295 1065 1344 1101 τὴν
1361 1067 1498 1102 μεγάλην·
1514 1067 1564 1101 τὴν
1580 1067 1609 1094 δὲ
1627 1067 1742 1102 σύζυγον
1764 1076 1834 1103 πορθ

1043 1111 1108 1138 νὰδα
1126 1111 1239 1147 Πνεῦμα
1261 1111 1338 1146 ἅγιον
1355 1110 1425 1140 εἶναι
1446 1113 1595 1149 τετόλμηκε
1612 1114 1710 1148 λέγειν,
1727 1115 1773 1142 καὶ
1788 1115 1833 1142 διὰ

1043 1156 1145 1191 ταύτην
1159 1156 1369 1192 κατεληλυθέναι
1387 1157 1479 1192 φησίν.
1501 1157 1546 1184 Ἐν
1564 1157 1672 1193 ἑκάστῳ
1684 1158 1713 1185 δὲ
1726 1158 1832 1194 οὐρανῷ

1045 1202 1287 1238 μετεμορᾳούμην,
1316 1203 1392 1238 φησὶ,
1419 1203 1490 1230 κατὰ
1513 1203 1562 1238 τὴν
1591 1204 1697 1239 μορφὴν
1717 1204 1771 1230 τῶν
1803 1205 1833 1230 ὲν

1043 1248 1151 1284 ἑκάστῳ
1173 1249 1290 1284 οὐρανῷ,
1307 1249 1353 1276 ἴνα,
1368 1249 1442 1276 λάθω
1458 1249 1507 1281 τάς
1523 1249 1672 1283 ἀγγελικάς
1689 1259 1738 1285 μου
1754 1250 1834 1277 δυνά-

1045 1302 1114 1329 μεις,
1129 1294 1176 1320 καὶ
1192 1294 1314 1321 κατέλθω
1328 1295 1375 1321 ἐπὶ
1390 1295 1440 1330 τὴν
1455 1295 1570 1327 ἔννοιαν,
1586 1296 1647 1330 ἥτις
1662 1297 1735 1322 ἐστὶν
1751 1296 1832 1331 αὕτη,

1043 1340 1059 1374 ή
1073 1339 1121 1366 καλ.
1136 1339 1285 1374 Προύνικος
1297 1340 1364 1375 (52),
1389 1341 1436 1368 καὶ
1450 1342 1562 1377 Πνεῦμα
1575 1342 1652 1376 ἀγιον
1667 1342 1831 1378 καλουμένηκ

1042 1384 1076 1410 δι’
1107 1382 1140 1420 ἦς
1165 1386 1228 1418 τοὺς
1252 1386 1384 1421 ἀγγέλους
1407 1386 1520 1414 ἐκτισαο
1547 1389 1572 1415 οἱ
1595 1388 1623 1415 δὲ
1653 1388 1763 1422 ἄγγελοι
1785 1388 1832 1415 τὸν

1043 1430 1145 1466 κόσμον
1162 1431 1284 1465 ἔκτισαν,
1297 1432 1344 1458 καὶ
1365 1433 1428 1464 τοὺς
1445 1433 1615 1469 ἀνθρώπους.
1633 1432 1709 1460 Εἶναι
1723 1434 1751 1461 δὲ
1766 1434 1833 1460 ταύ-

1042 1485 1092 1512 την
1115 1476 1164 1513 τὴν
1187 1478 1295 1514 Ἑλένην
1318 1478 1367 1514 τὴν
1396 1478 1490 1510 πάλαι,
1515 1479 1594 1515 δι’ῆν
1619 1480 1643 1506 oi
1667 1480 1759 1515 Τρῶες
1785 1480 1833 1507 καὶ

1045 1523 1174 1559 ’Έλληνες
1201 1526 1240 1556 εἰς
1266 1525 1356 1561 μάχην
1381 1524 1474 1562 ἦλθον.
1496 1527 1593 1562 Ἔλεγε
1616 1527 1645 1554 δὲ
1667 1527 1751 1562 μῦθόν
1771 1536 1833 1554 τινα

1043 1570 1082 1601 εἰς
1098 1569 1194 1602 ταῦτα,
1218 1571 1258 1597 ὅτι
1278 1571 1380 1598 ἄνωθεν
1401 1573 1418 1607 ἡ
1441 1572 1556 1607 δύναμις
1582 1573 1714 1599 κατιοῦσα
1733 1573 1832 1608 ἑαυτὴν

1044 1615 1229 1650 μετεμόρφου.
1251 1616 1451 1653 Ἀλληγορικῶς
1465 1618 1493 1645 δὲ
1517 1620 1541 1644 οἱ
1561 1619 1674 1654 ποιηταὶ
1695 1619 1758 1653 περὶ
1772 1619 1832 1645 τοὺ-

1041 1669 1088 1687 του
1102 1661 1217 1695 ἔφασαν.
1234 1662 1284 1689 Διά
1300 1663 1354 1698 γὰρ
1368 1664 1471 1691 ἀνωθεν
1484 1664 1611 1700 δύναμιν,
1634 1665 1667 1700 ἢν
1683 1664 1831 1700 Προύνικόν

1041 1716 1133 1741 φασιν,
1146 1709 1207 1744 ἥτις
1223 1709 1290 1745 παρ’
1299 1710 1393 1741 ἄλλαις
1409 1710 1532 1745 αἱρέσεσι
1547 1710 1681 1746 Βαρϐηρὼ
1695 1711 1754 1746 ἦτοι
1765 1711 1832 1745 Βαρα

1041 1753 1115 1788 ϐηλὼ
1130 1754 1185 1790 (53)
1210 1755 1345 1787 καλεῖται,
1367 1755 1397 1781 τὸ
1420 1755 1518 1787 κάλλος
1538 1756 1624 1790 αὐτῆς
1647 1756 1831 1791 ὲμφαίνουσαν

1041 1798 1080 1830 εἰς
1095 1796 1202 1834 οἶστρον
1217 1798 1321 1832 ἄξασαν
1333 1800 1441 1831 αὐτοὺς,
1454 1801 1500 1826 καὶ
1512 1800 1556 1826 διὰ
1569 1799 1646 1826 τοῦτο
1659 1800 1832 1835 πεμφθεῖσαν

1041 1844 1080 1874 εἰς
1097 1844 1268 1878 συλαγωγίαν
1289 1844 1344 1880 (55)
1364 1844 1417 1870 τῶν
1433 1845 1570 1880 ἀρχόντων
1595 1845 1648 1871 τῶν
1669 1845 1714 1871 τὸν
1726 1845 1828 1880 κόσμον

1040 1889 1133 1916 τοῦτον
1160 1892 1319 1918 κτισάντων.
1343 1892 1397 1918 Καὶ
1421 1892 1484 1924 τοὺς
1508 1891 1607 1923 αὐτοὺς
1632 1891 1764 1926 ἀγγέλους
1789 1892 1831 1923 εἰς

1040 1935 1156 1970 πόλεμον
1175 1936 1208 1962 δι’
1230 1936 1315 1972 αὐτὴν
1346 1937 1439 1972 ἥκειν·
1469 1937 1554 1973 αὐτὴν
1576 1937 1605 1963 δὲ
1628 1937 1711 1972 μηδὲν
1729 1946 1830 1964 πεπον-

1041 1981 1130 2014 θέναι,
1155 1982 1361 2017 ἀλληλοκτονίας
1387 1983 1415 2009 δὲ
1440 1983 1538 2014 αὐτοὺς
1567 1984 1606 2014 είς
1634 1984 1746 2014 ἑαυτοὺς
1783 1985 1830 2018 ὲρο

1039 2027 1175 2062 γάσασθαι
1197 2029 1414 2064 παρασκευάσαι,
1436 2028 1470 2055 δι’
1483 2028 1516 2064 ἢν
1533 2028 1659 2055 ἐνέϐαλεν
1676 2030 1716 2061 είς
1729 2030 1828 2062 αὐτοὺς

1041 2074 1108 2110 πρὸς
1129 2074 1228 2109 ἑαυτὴν
1250 2074 1409 2108 ἐπιθυμίαν.
1433 2074 1488 2100 Καὶ
1505 2074 1662 2109 συνέχοντες
1686 2075 1771 2111 αὐτὴν
1781 2076 1829 2102 τοῦ

1042 2121 1079 2155 μὴ
1099 2120 1154 2146 ἄνω
1169 2119 1296 2146 δύνασθαι
1317 2120 1432 2151 ἀνιέναι,
1450 2121 1604 2154 συνεγίνετο
1624 2121 1693 2157 αὐτῇ
1714 2122 1829 2154 ἕκαστος

1040 2166 1069 2193 ἐν
1083 2167 1191 2201 ἑκάστῳ
1208 2166 1313 2202 σώματι
1327 2166 1485 2200 γυναικείας
1505 2166 1550 2193 καὶ
1563 2167 1684 2203 θηλυκῆς
1699 2168 1828 2202 σχέσεως.

192 2211 274 2236 'sunt.
288 2208 327 2236 Ex
342 2209 396 2236 illis
408 2217 490 2244 porro
504 2210 532 2237 in
552 2211 659 2238 diversa
674 2217 729 2238 tam
740 2212 892 2244 hominum,
907 2221 987 2247 quam

1044 2212 1277 2247 μεταγγιζομένης
1299 2213 1385 2247 αὐτῆς
1406 2213 1460 2239 ἀπὸ
1478 2213 1613 2248 σωμάτων
1638 2213 1762 2248 θηλυκῶν
1788 2215 1829 2246 εἰς

202 2255 354 2290 pecudum,
377 2255 548 2291 aliorumque
571 2264 687 2292 corpora
709 2258 863 2291 transibat;
888 2263 917 2285 ut
943 2267 990 2294 per

201 2306 310 2329 mutuas
324 2302 385 2330 illas
403 2303 630 2338 promiscuasque
650 2304 738 2332 caedes
751 2305 837 2332 etl‘uso
857 2305 990 2340 sanguine

201 2348 362 2382 semetipsos
385 2349 556 2382 minuerent;
578 2349 692 2384 ipsaque
705 2349 818 2377 collecta
836 2350 860 2378 vi
880 2358 988 2378 rursum

200 2392 229 2420 in
246 2394 343 2420 coelum
360 2398 451 2428 posset
472 2395 667 2422 conscendere.

237 2574 294 2609 (30)
319 2575 387 2602 Ἀπὸ
408 2575 464 2612 tiu;
482 2577 518 2603 ἐν
539 2577 575 2611 τῇ
599 2578 713 2612 nare/gl.
744 2578 812 2606 Hine
837 2579 988 2607 Simoniani

202 2617 297 2638 omnes
312 2612 392 2649 magi.
417 2611 551 2649 Iremeus:
572 2613 606 2639 lit
620 2622 780 2648 qua'nmque
795 2620 856 2641 sunt
873 2616 928 2641 alia
941 2624 988 2649 pa-

203 2653 290 2685 rerga.
313 2647 382 2678 apud
401 2655 445 2685 eos
467 2648 584 2685 sludiqse
601 2647 765 2685 carpentur.
790 2647 987 2685 Corrigendum

201 2680 337 2716 perfuga:
358 2685 387 2707 ut
402 2682 462 2708 Aet.
478 2690 534 2714 ω,
548 2683 592 2714 l9,
615 2683 751 2714 Quierant
765 2680 986 2712 curiosa'scctati.

238 2716 294 2750 (3i)
311 2716 438 2750 Ἑλένην
461 2717 601 2751 τοῦνομα.
630 2719 753 2746 Selenem
770 2725 866 2747 vocant
887 2721 941 2750 alii.
958 2725 988 2747 ut

202 2750 272 2789 μοι).
290 2752 309 2777 Ι.
328 2759 346 2782 ι,
363 2759 423 2789 cap.
439 2750 622 2787 20,6)‘1‘illus,
635 2755 704 2789 Aug.
720 2759 747 2782 et
763 2756 818 2783 alii.
833 2755 901 2783 Vide
910 2755 985 2783 Tert.

201 2785 221 2813 I.
240 2786 276 2812 De
287 2794 330 2813 an.
343 2794 368 2813 ι’.
383 2785 428 2813 51.

238 2821 295 2857 (52)
316 2821 351 2848 Ἡ
363 2822 411 2849 καὶ
426 2822 597 2857 Προύνικος.
616 2823 706 2852 Dicam
722 2824 755 2853 de
766 2833 798 2854 ea
812 2833 878 2854 voce
894 2826 927 2854 ad
939 2825 986 2854 Ni-

203 2856 363 2885 colaitarum
377 2857 510 2886 haeresim.

1043 2257 1154 2293 σώματα
1170 2259 1286 2293 διάφορα
1308 2258 1482 2294 ἀνθρωπίνης
1499 2258 1607 2293 φύσεώς
1621 2268 1650 2286 τε
1662 2260 1708 2286 καὶ
1723 2260 1828 2292 κτηνῶν

1041 2305 1089 2330 καὶ
1103 2304 1200 2337 ἄλλων,
1216 2305 1258 2331 ἵνα
1268 2304 1301 2331 δι’
1314 2301 1352 2331 ὧν
1365 2305 1442 2332 αὐτοὶ
1461 2305 1622 2340 ἐργάζονται
1637 2306 1787 2337 κτείνοντές
1797 2315 1827 2333 τε

1041 2349 1088 2375 καὶ
1102 2349 1278 2384 κτεινόμενοι,
1291 2349 1403 2384 μείωσιν
1419 2350 1523 2376 ἑαυτῶν
1536 2350 1581 2377 διὰ
1589 2351 1639 2385 τῆς
1651 2351 1698 2377 τοῦ
1712 2351 1827 2386 αἵματος

1040 2394 1214 2429 προσχώσεως
1237 2395 1421 2430 ἐργάζωνται·
1440 2393 1498 2422 εἶτα
1524 2396 1625 2431 ἐκείνη,
1643 2396 1691 2432 τὴν
1713 2396 1826 2432 δύναμιν

1041 2440 1222 2477 συλλεγομὲνη
1241 2442 1332 2476 πάλιν,
1350 2440 1429 2474 αὖθις
1443 2443 1483 2474 εὶς
1501 2442 1615 2478 οὐρανὸν
1631 2442 1763 2478 ἀναϐῆναι
1779 2443 1824 2470 δυ-

1039 2486 1117 2522 νηθῇ.

1046 2575 1054 2581 ’
1077 2585 1132 2620 (53)
1153 2585 1292 2619 Βαρϐηρὼ
1308 2585 1373 2619 ἤτοι
1387 2585 1538 2619 Ruf-finiri).
1561 2585 1673 2622 Syriaca
1693 2595 1743 2614 vox
1763 2595 1825 2614 esse

1039 2630 1146 2657 videtur
1161 2630 1274 2658 Barbelo
1287 2623 1361 2663 ις’-ΛΠ,
1369 2638 1418 2662 τι,
1430 2632 1500 2659 lilius
1509 2631 1627 2664 Bahalis,
1642 2632 1668 2659 id
1683 2637 1724 2660 est
1737 2632 1822 2661 Jovis.

1039 2664 1075 2702 Ut
1091 2666 1162 2702 enim
1177 2664 1294 2693 Verbum
1310 2667 1402 2694 aeterni
1423 2666 1512 2694 Patris
1523 2667 1608 2695 Filius
1623 2676 1630 2694 :
1651 2668 1823 2702 sicimpurus

1039 2700 1090 2728 iste
1120 2700 1237 2727 ἕννονιαν
1252 2709 1340 2731 suam.
1362 2702 1413 2728 hoc
1428 2707 1470 2729 est
1485 2702 1612 2729 llelenam
1631 2702 1716 2730 videri
1736 2700 1822 2730 voluit

1039 2736 1111 2762 \elnt
1126 2735 1209 2762 fetum
1223 2736 1367 2770 quemdam
1382 2744 1443 2763 esse
1455 2745 1552 2769 suum;
1571 2742 1599 2764 ut
1612 2736 1737 2766 Justinus
1757 2747 1820 2765 nar-

1037 2771 1208 2808 ratl‘tﬁvﬁz'
1221 2771 1295 2806 αὑτῷ
1308 2771 1411 2797 ἔννοιαν
1425 2772 1706 2808 πρώτηνῗγενομένην.

1073 2805 1128 2839 (54)
1144 2807 1195 2839 Εἰς
1205 2805 1406 2841 συλάγωγίαν.
1437 2805 1472 2834 lia
1488 2805 1519 2834 cii
1537 2805 1602 2841 lteg.
1614 2805 1681 2836 cod.
1695 2807 1822 2836 emenda-

1037 2841 1126 2869 vimus
1142 2849 1191 2877 pro
1201 2850 1232 2870 eo
1246 2842 1317 2877 quod
1333 2847 1390 2870 erat
1403 2841 1591 2878 ψυχαγωγίαν.
