1944 3037
177 96 228 123 τοι

892 93 920 122 8.
942 92 1112 121 EPIPIIANII

1761 93 1817 122 29?.

179 156 253 184 ldem
271 159 402 190 praeterea
424 155 536 182 nomina
559 155 683 190 quaedam
712 155 916 191 principatuum
938 163 971 183 ac

1025 154 1168 188 ἐξουσιῶν·
1185 153 1316 190 οὐρανούς
1341 162 1371 180 τε
1394 153 1539 189 διαφόρους
1564 153 1647 188 φησί·
1665 151 1726 179 καθ’
1751 153 1813 180 ἕκα-

179 206 345 237 potestatum
372 205 544 228 commentus
575 205 637 234 est,
668 201 851 236 cmlestesque
877 201 973 237 globos

179 248 289 280 varios;
310 251 392 282 atque
415 247 442 273 in
458 246 644 274 firmamento-
655 247 780 282 ctnloque
794 247 914 282 quolibet
930 246 974 273 in-

179 293 345 328 telligentias
360 297 450 320 certas
463 293 590 324 collocat,
613 292 712 327 quibus
726 293 859 320 barbaras
879 294 974 328 appel-

181 339 297 367 lationes
314 339 427 374 aﬂingit.
452 338 537 373 Negat
558 339 671 373 insuper
693 339 809 366 salutem
837 340 973 375 consequi

181 385 267 412 ullum
291 385 432 412 hominum
456 384 534 411 aliter
558 391 658 418 posse,
683 391 765 418 quam
792 383 815 412 si
838 383 975 418 ejusmodi

180 431 311 466 mysteria
330 430 467 461 didicerit,
489 433 518 457 et
535 430 726 457 universitatis
747 429 853 464 parenti
878 437 910 456 ea
930 436 975 456 sa-

180 475 283 502 crificia
298 482 346 510 per
365 474 427 502 illos
449 482 520 509 quos
533 474 653 501 diximus
668 474 838 509 principatus
851 482 884 501 ac
899 478 975 509 pote-

180 525 266 549 states
288 521 428 548 obtulerit.
454 520 584 548 Nostrum
612 520 664 547 hoc
686 528 768 555 porro
785 520 915 548 saeculum
939 521 974 548 ab

181 567 310 601 nequitia:
325 566 526 601 principatibus
540 569 568 593 et
583 566 764 601 potestatibus
781 573 843 592 cum
864 565 973 593 defectu

180 613 332 640 conditum.
346 612 398 640 Sed
416 617 440 640 et
457 613 550 640 carnis
564 612 699 640 duntaxat
722 613 804 640 unius
818 613 974 647 corruptio-

179 667 242 686 nem
258 663 338 693 atque
355 659 515 691 interitum;
532 659 689 686 animarum
706 666 772 686 vero
788 659 973 693 expiationem

180 704 289 734 astruit,
304 704 341 731 ita
357 708 448 731 tamen
463 704 488 730 si
505 704 723 731 mendacissinue
737 703 906 738 cognitionis
917 711 973 731 sum

181 750 319 786 mysteriis
335 750 451 778 initiatae
467 750 580 778 fuerint.
601 749 692 785 Atque
707 750 772 777 hinc
790 757 886 777 eorum
903 757 973 785 quos
996 761 997 764 π

180 795 325 824 Guosticos
346 797 515 831 appellamus
536 797 615 832 origo
631 795 770 831 proﬂuxit.
782 795 918 823 Prazterea
933 795 973 823 le-

179 850 240 877 gem
255 850 310 870 non
324 850 339 870 a
352 842 416 874 Deo.
434 842 482 871 sed
495 851 511 870 ο
526 843 639 871 sinistra
651 842 771 877 quadam
791 841 971 877 intelligentia

180 888 330 923 profectam
361 889 539 916 asseritzuti
566 896 657 923 neque
684 888 834 924 prophetas
861 896 876 915 a
900 889 972 917 bono

181 933 253 966 Deo,
281 934 329 963 sed
353 935 387 962 ab
410 935 462 962 alia
485 939 569 970 alque
594 936 646 962 alia
674 939 768 962 censet
792 934 972 969 intelligentia

179 985 355 1016 comparatos
381 980 477 1008 fuisse.
501 980 631 1015 Adeoque
661 988 710 1016 pro
736 979 850 1007 arbitrio
878 979 974 1007 deﬁnit

180 1025 284 1055 omnia.
308 1029 337 1052 ut
352 1025 437 1061 legem
457 1025 540 1053 unius
568 1033 630 1053 esse
649 1025 735 1057 dicat.
752 1024 880 1052 Davidem
902 1025 970 1053 alte-

179 1071 250 1102 rius,
264 1070 362 1098 lsaiam
374 1070 407 1097 ad
420 1070 500 1101 hanc.
514 1071 686 1107 Ezechielem
700 1070 734 1098 ad
747 1070 821 1097 illam
834 1071 972 1105 pertinere

179 1117 257 1150 velit,
274 1116 455 1152 singulosque
468 1116 619 1151 prophetas
637 1116 838 1151 principatibus
852 1117 912 1144 suis
934 1120 972 1144 at-

177 1163 292 1190 tribuat.
322 1161 397 1195 Quos
432 1169 528 1190 omnes
557 1162 679 1189 sinistra:
715 1162 770 1197 59
800 1161 988 1197 intelligentia;

1025 210 1087 228 στον
1103 201 1132 228 δὲ
1152 201 1296 236 στερέωμα
1317 200 1364 227 καὶ
1393 200 1507 236 οὐρανὸν
1527 200 1655 235 δυνάμεις
1675 199 1750 232 τινὰς
1764 200 1818 234 ὑφ-

1025 248 1143 282 ηγεῖται.
1164 247 1212 273 καὶ
1232 246 1351 281 ὀνόματα
1366 245 1522 282 βαρσαρικὰ
1542 245 1655 277 τούτους
1668 245 1816 272 ἐκτίθεται.

1024 293 1070 328 Μὴ
1092 292 1179 324 ἄλλως
1196 291 1225 318 δὲ
1240 291 1371 319 δύνασθαι
1395 291 1531 323 σώζεσθαί
1547 300 1619 325 τινα,
1634 293 1658 318 εἰ
1676 291 1713 327 μή
1734 300 1761 317 τι
1783 290 1818 317 ἂν

1026 338 1106 373 μάθοι
1117 337 1218 373 ταύτην
1233 339 1282 373 τὴν
1295 337 1500 373 μυσταγωγίαν,
1514 337 1620 369 καὶτὰς
1633 337 1758 368 τοιαύτας
1769 336 1817 363 θυ-

1025 384 1084 416 σίας
1096 384 1134 419 τῷ
1150 384 1237 419 [lupi
1258 383 1313 410 τῶν
1327 383 1397 410 ὅλων
1412 383 1457 410 διὰ
1471 383 1525 410 τῶν
1541 383 1633 419 ἀρχῶν
1647 383 1749 409 τούτων
1768 383 1818 409 καὶ

1024 428 1154 460 ἐξουσιῶν
1172 428 1349 464 προσφέρειν.
1364 426 1441 455 Εἶναί
1452 436 1482 454 τε
1496 428 1543 455 τὸν
1559 427 1645 455 αἰῶνα
1656 428 1751 455 τοῦτον
1761 428 1818 455 ἀπὺ

1023 475 1115 510 ἀρχῶν
1128 475 1174 501 καὶ
1186 474 1316 508 ἐξουσιῶν
1332 483 1399 510 φησι
1414 474 1465 509 τῆς
1482 474 1581 506 κακίας
1596 475 1626 501 ὲν
1644 474 1819 510 ἐλαττώματι

1024 521 1288 556 κατεσκευασμένον.
1310 521 1416 556 Φθορὰν
1436 521 1465 548 δὲ
1480 521 1625 556 ὑφηγεῖται
1649 521 1748 556 σαρκὸς
1769 520 1819 548 καὶ

1023 566 1161 593 ἀπώλειαν
1186 567 1276 601 μόνον,
1290 566 1386 602 ψυχῶν
1407 566 1435 593 δὲ
1456 566 1601 601 κάθαρσιν,
1618 567 1665 593 καὶ
1676 566 1778 602 ταύτην
1791 566 1821 593 εἰ

1023 611 1068 638 διὰ
1079 611 1131 646 τῆς
1145 611 1243 638 ἑαυτοῦ
1263 611 1387 647 πεπλανη
1393 612 1477 647 μένης
1489 611 1616 646 γνώσεως
1630 613 1659 639 ὲν
1673 621 1819 648 μυσταγω-

1024 659 1072 694 γίςι
1088 659 1264 686 κατασταῖεν.
1277 659 1333 686 Καὶ
1348 658 1436 690 οὕτως
1458 658 1572 694 ἄρχεται
1586 658 1639 686 τῶν
1659 659 1820 693 γνωστικῶν

1024 704 1200 739 καλουμένων
1227 704 1244 739 ἡ
1266 704 1348 740 ἀρχή,
1370 703 1416 740 Μὴ
1433 702 1504 731 εἶναι
1521 704 1550 731 δὲ
1566 704 1612 731 τδν
1635 704 1716 738 νόμον
1737 704 1818 736 Θεοῦ,

1023 749 1080 776 ἀλλ’
1095 750 1242 785 ἀριστερᾶς
1255 749 1397 785 δυνάμεως
1413 749 1516 784 ἔφασκε
1526 758 1533 765 ·
1547 750 1616 785 μήτε
1631 751 1773 786 προφήτας
1786 750 1818 784 ἐξ

1024 795 1127 829 ἀγαθοῦ
1140 795 1208 821 Θεοῦ
1222 795 1366 831 ὑπάρχειν,
1382 796 1440 822 ἀλλ’
1455 796 1552 831 ἑτέρας
1564 797 1611 823 καί
1631 796 1728 832 ἑτέρας
1738 797 1819 823 δυνά-

1027 849 1112 876 μεως.
1126 841 1180 866 Καὶ
1197 840 1234 872 ὡς
1251 840 1374 875 βούλεται
1396 841 1504 876 ἑκάστῳ
1518 840 1638 876 ὁρίζεται
1648 840 1694 867 τὸν
1708 840 1758 876 μὲν
1772 840 1820 867 νό-

1026 895 1076 922 μον
1089 887 1172 918 τινὺς,
1187 886 1268 913 Δαῦὶδ
1278 887 1306 913 δὲ
1319 887 1413 922 ἄλλης,
1433 887 1546 914 Ἡσαΐαν
1563 887 1670 922 ἐτέρας,
1688 887 1820 922 Ἰεζεκιὴλ

1025 933 1106 959 πάλιν
1126 933 1233 969 ἑτέρας,
1253 933 1301 959 καὶ
1324 932 1439 960 ἕκαστον
1452 942 1513 960 τινα
1534 933 1588 961 τῶν
1608 934 1754 969 προφητῶν
1768 934 1819 970 μιᾷ

1025 978 1097 1014 ἀρχῇ
1121 978 1288 1006 ἀνατίθεται.
1306 977 1383 1005 Εἶναι
1396 979 1425 1006 δὲ
1449 979 1561 1011 τούτους
1578 979 1702 1011 ἅπαντας
1721 980 1753 1006 ἐκ
1767 980 1818 1015 τῆς

1024 1025 1171 1061 ἀριστερᾶς
1179 1024 1330 1060 δυνάμεως,
1343 1026 1390 1053 καὶ
1400 1026 1454 1059 ἔξω
1464 1026 1511 1052 τοῦ
1523 1025 1715 1061 πληρώματος.
1726 1027 1819 1054 Πάντα

1024 1071 1053 1098 δὲ
1067 1071 1114 1098 τὸν
1133 1071 1296 1099 πιστεύοντα
1317 1073 1352 1108 τῇ
1373 1073 1480 1108 Παλαιᾷ
1493 1071 1615 1109 Διαθήκῃ
1635 1072 1748 1100 θάνατον
1766 1073 1819 1100 ὺπ-

1025 1117 1069 1152 έχε
1074 1126 1109 1145 ιν.
1208 1143 1213 1150 λ,

1023 1163 1155 1196 ascribit,
1184 1167 1267 1198 atque
1293 1171 1309 1190 a
1338 1168 1542 1199 comptemeuto
1568 1164 1669 1200 rejicit.
1696 1164 1821 1201 Denique

180 1211 307 1251 quisquis
322 1209 413 1237 Veteri
437 1209 615 1238 Testamento
635 1210 717 1237 fidem
740 1209 863 1243 adhibet,
879 1210 1020 1238 incurrere
1033 1215 1148 1239 mortem
1164 1214 1317 1239 asseverat.

218 1257 250 1285 ν.
270 1258 370 1286 Verum
392 1257 528 1292 ejusmodi
545 1258 643 1293 dogma
665 1258 700 1285 ab
722 1258 838 1293 ipsamet
856 1258 971 1286 veritate

181 1304 326 1333 refellitur.
340 1303 408 1331 Nam
424 1305 447 1331 si
462 1304 504 1332 vis
519 1304 565 1332 ille
579 1304 626 1332 Dei
638 1309 682 1332 est
697 1310 723 1332 et
733 1304 845 1340 quidem
861 1312 969 1340 magna,

181 1351 334 1379 scortillum
347 1357 413 1377 vero
427 1350 628 1378 contubernale
648 1350 715 1377 illud
732 1350 864 1386 Spiritus,
880 1355 910 1377 ut
924 1351 972 1383 ait,

181 1399 295 1424 sanctus
316 1400 368 1428 est,
383 1395 469 1428 dicat,
489 1404 592 1432 quaeso,
605 1404 660 1432 quo
675 1397 785 1424 tandem
802 1397 913 1424 nomine
929 1405 976 1432 ap-

180 1441 306 1477 pellanda
321 1441 362 1469 vis
377 1442 423 1468 illa
436 1442 472 1469 sit
487 1451 495 1469 :
514 1447 562 1469 aut
581 1442 648 1478 quid
667 1450 758 1469 causa:
782 1443 828 1476 sit,
847 1450 897 1469 cur
911 1450 973 1469 cum

1062 1260 1101 1285 E’.
1128 1258 1325 1294 Ἀνατρέπεται
1337 1258 1365 1285 δὲ
1377 1258 1456 1285 τοῦτο
1467 1259 1498 1286 τὸ
1508 1259 1598 1294 δόγμα
1612 1260 1658 1286 ὑπ’
1672 1260 1756 1296 αὐτῆς
1769 1261 1820 1296 τῆς

1024 1303 1164 1340 ἀληθείας.
1183 1305 1214 1330 Εί
1229 1305 1283 1340 γὰρ
1295 1304 1377 1336 αὺτὺς
1391 1305 1433 1340 εἴη
1446 1306 1462 1340 ή
1474 1305 1588 1341 δύναμις
1599 1305 1645 1332 τοῦ
1657 1306 1724 1333 Θεοῦ
1739 1307 1755 1342 ἡ
1769 1315 1821 1341 μει-

1027 1350 1106 1385 γάλη,
1136 1350 1183 1376 καὶ
1200 1350 1230 1376 τὸ
1253 1351 1301 1376 σὺν
1324 1350 1398 1385 αὐτῷ
1426 1351 1563 1386 πορνίδιον
1591 1351 1621 1377 τὸ
1649 1351 1760 1386 Πνεῦμα
1787 1351 1820 1378 τὸ

1027 1396 1113 1430 ἅγιον,
1129 1395 1166 1427 ὡς
1182 1396 1263 1428 αὑτός
1276 1405 1352 1430 φησι,
1366 1397 1480 1431 φησάτω
1493 1397 1519 1423 τί
1534 1397 1564 1424 τὸ
1580 1397 1665 1432 ὄνομα
1678 1398 1727 1433 τῆς
1737 1397 1820 1424 δυνά-

1029 1451 1111 1477 μεως,
1129 1442 1145 1477 ἢ
1165 1441 1219 1468 τίνι
1242 1441 1282 1477 τῷ
1302 1442 1374 1478 λόγῳ
1389 1442 1419 1469 τὸ
1434 1443 1558 1470 ἐπίθετον
1576 1443 1632 1479 (57)
1647 1445 1681 1479 τῇ
1704 1444 1753 1478 μὲν
1765 1452 1819 1477 γυ-

181 1488 353 1516 muliercula:
372 1488 585 1524 appellationem
605 1488 727 1524 aliquam
750 1488 887 1521 tribuerit,
906 1489 972 1517 sibi-

1027 1489 1101 1515 ναικὶ
1113 1488 1262 1524 ἐφηύρατο,
1277 1489 1367 1524 ἑαυτῷ
1385 1489 1415 1516 δὲ
1429 1490 1459 1516 οὑ
1472 1489 1503 1516 τὸ
1516 1489 1657 1525 παράπαν,
1673 1489 1734 1522 Πῶς
1746 1489 1774 1516 δὲ
1789 1491 1821 1517 ὲν

182 1580 280 1612 ποιεῖν,
291 1582 345 1616 etc.
364 1576 431 1612 Quae
445 1579 603 1614 angelorum
627 1580 761 1615 ὀνομασία
783 1580 816 1607 ad
829 1589 970 1616 magorum

182 1615 634 1650 prtesttgias,_sttpet'stitiososque
656 1617 747 1642 cultus
767 1617 861 1643 referri
878 1615 969 1649 debet.

183 1648 213 1676 nt
224 1654 253 1686 et
270 1649 335 1686 illud
350 1648 427 1686 Pauli
444 1649 478 1676 ad
493 1648 600 1677 Coloss.
611 1659 636 1678 ο.
655 1658 672 1677 ll
686 1658 693 1676 :
712 1651 817 1686 Μηδεὶς
833 1651 905 1686 ὑμᾶς
922 1660 972 1678 κα-

181 1684 373 1722 ταὸρᾳῧευέτω
384 1684 467 1722 θέλ-ων
478 1685 506 1710 ὲν
518 1684 759 1722 ταπεινοφροσύνῄ
771 1688 818 1713 καὶ
839 1684 973 1722 θρησκείᾳ.

183 1719 384 1756 τῶνάγγέλων.
407 1720 446 1746 Ex
459 1727 513 1756 quo
529 1720 592 1756 illud
607 1719 730 1754 apparet.
741 1719 825 1756 quam
837 1719 927 1756 inepte
938 1719 973 1749 ab

183 1755 320 1782 haereticis
341 1754 376 1781 ad
391 1755 562 1782 stolidissimi
583 1756 686 1782 erroris
702 1754 973 1790 patrocinium'uter-

183 1798 237 1825 que
251 1790 294 1817 ille
307 1790 383 1826 locus
395 1790 532 1826 alleralur.
550 1790 647 1817 Mirum
661 1795 703 1818 est
719 1799 784 1818 vero
791 1792 862 1826 quod
876 1792 903 1819 in
919 1792 972 1818 Ec-

182 1825 339 1862 clesiasticis
361 1824 502 1862 annalibus
533 1826 641 1862 legitur,
662 1826 704 1862 Vde
744 1824 972 1862 illa'angelorum

183 1860 443 1896 Opnaxeia‘t‘nullam
473 1861 507 1888 ab
536 1860 687 1895 Epiphanio
717 1860 882 1888 mentionem
909 1870 972 1889 esse

183 1894 295 1923 factam.
305 1894 310 1896 ⁷
320 1894 391 1928 Quid
405 1896 476 1922 enim
492 1894 604 1928 clarius,
624 1903 704 1930 quain
718 1897 791 1931 quod
806 1896 973 1931 Epiphanius

183 1930 236 1958 hoc
255 1931 318 1968 loco
334 1934 437 1961 narrat.
458 1930 597 1958 Simonem
621 1932 780 1966 angelorum
796 1930 888 1960 nescio
904 1940 973 1968 quas

183 1966 381 2001 appellationes
396 1973 457 1993 esse
473 1970 674 1998 commentum;
702 1974 752 1993 nec
766 1967 843 1994 aliter
857 1966 974 1994 obtineri

184 2009 265 2036 posse
288 2001 402 2028 salutem
424 2008 607 2033 asseverasse,
633 2009 714 2036 quam
739 2004 761 2029 si
783 2002 844 2036 quis
868 2009 975 2030 Slllllll’lO

183 2035 292 2063 Parenti
305 2043 352 2070 per
363 2036 472 2071 easdem
488 2036 548 2063 illas
561 2035 709 2071 potestates
722 2044 753 2063 ac
776 2035 975 2064 dominationes

184 2069 348 2107 sacrificium
363 2069 489 2098 offerret?
497 2071 536 2098 An
545 2069 599 2098 non
609 2072 665 2098 hate
675 2076 717 2099 est
723 2072 856 2107 θρησκεία
863 2072 916 2099 τῶν
925 2073 976 2107 ἁγ-

183 2106 271 2140 γένλων
283 2107 294 2132 ?
309 2107 414 2132 Atenim
423 2106 721 2141 augelos,quosmundi
733 2106 889 2135 conditores
899 2108 974 2140 fecit,

184 2143 335 2178 detestatus
347 2145 392 2178 est
405 2142 511 2174 Simon,
526 2143 638 2178 suisque
650 2142 740 2178 vetuit,
752 2143 898 2178 προσέχειν
911 2143 974 2169 τού-

184 2185 251 2208 τοις,
265 2181 294 2203 υι
308 2177 346 2212 ait
362 2175 499 2203 Tlteodor.
518 2181 545 2203 et
561 2175 695 2204 Irenmus.
725 2175 781 2210 Qui'
805 2175 888 2212 igitur
903 2186 971 2205 con-

186 2213 269 2242 venit.
288 2216 316 2238 ut
327 2211 476 2247 θρησκείαν
494 2212 548 2240 illis
570 2212 746 2239 adhibuerit?
771 2211 828 2240 Sed
842 2213 971 2240 nimirum

185 2250 331 2281 utrumque
355 2255 447 2282 verum
470 2251 521 2274 est.
554 2247 672 2282 Angelos
699 2247 792 2275 tuundi
816 2249 972 2276 coud.tores

185 2281 400 2309 contenmcndos
419 2289 480 2309 esse
498 2281 732 2315 docuit’eatenus,
756 2287 785 2310 ut
806 2291 887 2317 supra
910 2284 972 2311 illos

190 2317 355 2344 attollendus
374 2324 403 2344 se
419 2325 480 2344 esse
495 2318 648 2351 crederent,
660 2323 687 2345 et
698 2318 730 2345 ad
744 2326 880 2345 summum
896 2319 971 2345 illutn

186 2351 293 2388 Patrem
304 2359 470 2388 emersuros.
486 2352 524 2379 Ac
535 2353 714 2380 nihilominus
726 2357 828 2385 tatnen,
849 2354 972 2388 qttauditt

187 2387 215 2413 in
225 2387 282 2424 _l_tac
298 2389 353 2413 vita
368 2387 506 2424 degerent.
526 2388 703 2415 exsecrandis
721 2389 774 2416 illis
786 2387 923 2424 mysteriis
939 2396 972 2415 ac

185 2421 286 2448 ritibus
305 2422 469 2458 placandos;
492 2430 526 2450 ne
545 2424 684 2450 evolantes
705 2430 721 2450 e
737 2421 899 2458 corporibus
913 2425 973 2451 ani-

186 2463 248 2494 mas
266 2464 314 2491 pro
331 2464 381 2494 suo
395 2457 456 2490 jure
479 2458 636 2485 retinerent.
664 2458 742 2491 Quod
758 2457 881 2486 Gnostici
897 2463 973 2494 post-

187 2491 296 2530 modum
311 2491 494 2530 arripuerunt.
509 2493 630 2530 Quorum
645 2494 711 2520 illud
725 2498 794 2526 erat.
806 2495 841 2521 τὰ
853 2491 973 2530 σαρκικὰ

185 2527 242 2557 τοῖς
261 2528 401 2561 σαρκικοῖς
419 2527 574 2561 ἀποδοτέον.

223 2561 278 2596 (57)
297 2560 330 2588 Ἦ
343 2562 401 2587 τίνι
414 2560 454 2593 τῷ
468 2563 549 2596 λόγῳ
560 2563 592 2589 τὸ
605 2563 750 2591 ἐπίθετον.
771 2564 841 2597 Quid
863 2565 972 2593 tandem

187 2596 238 2624 sibi
257 2597 313 2623 vult
329 2597 514 2630 Epiphanius?
531 2597 612 2632 Negat
638 2599 710 2626 enim
730 2596 869 2627 Simonem
890 2601 972 2627 ullam

187 2632 240 2659 sibi
256 2632 464 2669 appellationem
482 2633 622 2661 indidisse.
644 2634 726 2669 Atqui
757 2635 779 2661 is
809 2636 891 2662 trium
921 2636 973 2663 sibi

188 2675 366 2705 personarum
390 2668 500 2694 nomina
517 2668 693 2705 _vindicabat,
715 2674 742 2696 et
767 2670 881 2705 δύναμιν
903 2671 974 2698 inter

188 2706 285 2729 caetera
299 2702 366 2740 Qsoﬁ
374 2710 438 2740 sese
451 2703 609 2740 nominabat
625 2712 632 2730 :
649 2705 700 2731 hoc
708 2709 766 2740 est,
783 2710 810 2732 ut
825 2702 874 2740 ego
890 2706 974 2733 inter-

188 2742 289 2797 pretor.
311 2738 355 2764 Dei
374 2737 481 2765 Filium.
497 2737 564 2765 Vide
574 2737 865 2772 [remi—Quaeritur}
877 2748 974 2776 magno

201 2771 308 2797 ‘etavio.
324 2773 388 2797 nuid
400 2773 464 2797 velit
484 2773 661 2797 Eninhanins.
679 2776 724 2797 nni
740 2780 819 2797 lmapl
835 2775 973 2797 Simnnnm

201 2771 308 2807 ‘etavio,
324 2773 388 2809 quid
400 2773 464 2802 velit
483 2771 662 2809 Epiphanius,
679 2771 725 2810 qui
740 2780 819 2812 neget
835 2771 973 2805 Simonem

990 2167 1011 2195 D

1026 1590 1108 1617 ullam
1137 1589 1188 1617 sibi
1214 1589 1422 1624 appellationem
1445 1590 1587 1622 indidisse,
1601 1598 1662 1618 cum
1689 1591 1712 1618 is
1735 1591 1818 1618 trium

1025 1625 1092 1662 sibi_
1103 1632 1283 1660 personarum
1312 1626 1421 1662 nomina
1448 1626 1619 1662 vindicaret,
1648 1631 1674 1653 et
1705 1627 1820 1662 δύναμιν

1027 1659 1093 1686 Θεοῦ
1105 1659 1179 1696 inter
1189 1665 1286 1687 caetera
1298 1661 1452 1696 nominaret
1466 1668 1537 1688 sese.
1550 1661 1716 1696 Responderi
1731 1659 1821 1696 potest

1028 1700 1145 1722 mentem
1163 1695 1304 1730 Epiphauii
1321 1703 1394 1725 esse,
1420 1696 1557 1723 Simonem
1584 1695 1689 1731 Magum
1712 1695 1820 1724 Helena:

1025 1731 1134 1765 quidem
1152 1731 1281 1757 tribuisse
1303 1730 1468 1765 peculiarem
1495 1730 1715 1766 appellationem,
1732 1732 1820 1766 Spiri-

1027 1770 1071 1793 tus
1086 1767 1183 1796 suncti.
1198 1766 1249 1792 sibi
1263 1773 1327 1791 vero
1339 1766 1492 1801 generalem
1509 1775 1613 1801 magna:
1627 1768 1735 1794 virtutis
1753 1766 1798 1795 Dei
1811 1777 1818 1794 :

1027 1801 1095 1827 adeo
1111 1805 1140 1827 ut
1155 1809 1216 1827 cum
1235 1805 1309 1827 certa
1324 1809 1355 1827 ac
1368 1800 1548 1828 determinata
1559 1800 1649 1829 'nmlta
1664 1803 1773 1830 nomina
1787 1811 1820 1830 ac

1028 1836 1146 1870 epitheta
1177 1836 1254 1862 daret
1274 1835 1392 1866 Helenae,
1410 1836 1460 1863 sibi
1489 1837 1592 1863 imllum
1618 1837 1752 1869 definiret.
1771 1839 1820 1865 sed

1028 1871 1131 1907 inﬁnita
1149 1877 1300 1898 assumeret
1314 1871 1411 1907 Ljuxta
1434 1871 1460 1898 id
1480 1872 1551 1906 quod
1575 1873 1632 1907 ipse
1645 1872 1737 1900 Simon
1753 1872 1820 1900 dicit

1028 1906 1098 1940 apud
1125 1905 1253 1933 lrenzeum
1275 1914 1282 1933 :
1311 1906 1375 1933 Esse
1398 1915 1424 1933 se
1448 1905 1664 1934 sublimissimam
1684 1909 1819 1941 virtutem,

1028 1941 1076 1967 hoc
1090 1946 1128 1967 est
1142 1949 1201 1968 eum
1213 1941 1256 1975 qui
1274 1941 1308 1968 sit
1324 1949 1401 1975 super
1420 1943 1509 1969 omnia
1537 1942 1626 1975 Pater,
1647 1948 1670 1970 et
1690 1944 1820 1971 sustinere

1028 1976 1116 2014 poturi
1133 1985 1160 2003 se
1173 1976 1344 2014 quodcunque
1361 1983 1529 2014 eunt‘oocunt
1545 1979 1684 2014 homines,
1696 1978 1727 2005 Et
1746 1980 1818 2014 apud

1029 2011 1224 2048 llieronynium
1253 2012 1286 2038 ad
1314 2011 1431 2048 Matthxi
1460 2017 1541 2047 caput
1570 2012 1728 2048 xstszgo
1758 2011 1818 2041 sum

1030 2046 1121 2084 LSermo
1142 2046 1201 2077 Dei.
1215 2054 1260 2081 ego
1278 2055 1336 2073 sum
1355 2046 1509 2084 Speciosus,
1525 2057 1570 2082 ego
1588 2046 1755 2080 Pararlétus,
1772 2058 1819 2084 ego

1030 2082 1210 2115 Omnipotens,
1223 2090 1269 2116 ego
1291 2083 1380 2109 omm’a
1403 2083 1458 2109 Uei.
1483 2083 1555 2110 ldeut
1576 2082 1817 2112 limi-esiarcltaruin

1030 2117 1156 2151 princeps
1173 2117 1258 2144 fertur
1279 2117 1392 2148 dixisse,
1406 2118 1433 2145 in
1457 2117 1644 2146 Tertulliauo:
1664 2120 1683 2145 Α
1702 2119 1820 2147 dwmone

1029 2161 1057 2178 se
1073 2152 1221 2190 aberrante,
1238 2153 1283 2190 _qui
1304 2157 1371 2190 esset
1393 2154 1720 2190 sapietttia,rdesceudisse
1744 2163 1819 2190 qure-

1025 2187 1153 2218 rendum;
1169 2187 1221 2218 vel,
1235 2188 1313 2225 juxta
1329 2188 1687 2225 liigaltii_emcudationetn:
1702 2187 1820 2225 Ad'oveg

1025 2224 1176 2260 aberrantes
1193 2231 1230 2254 sc,
1245 2223 1370 2260 quiesset
1391 2223 1532 2260 sapientia,
1559 2224 1725 2252 desceitdissc
1745 2223 1820 2260 quae;

1026 2259 1157 2288 rendum;
1173 2263 1228 2290 aut,
1247 2263 1276 2284 ut
1292 2258 1400 2293 legerim
1418 2268 1425 2285 :
1443 2259 1484 2285 Ad
1500 2267 1572 2286 ovem
1592 2268 1619 2286 se
1640 2258 1819 2292 aberrantem,

1023 2293 1068 2327 qui
1095 2297 1161 2329 esset
1189 2293 1337 2327 sapientia,
1363 2294 1528 2329 descendisse
1557 2297 1744 2329 quivremlum,
1771 2302 1819 2323 attt

1022 2328 1191 2366 quwrendqm
1208 2337 1219 2366 ;_
1238 2329 1296 2366 sive
1313 2336 1319 2354 :
1338 2328 1383 2366 Adi
1393 2328 1522 2356 hominem
1538 2328 1567 2366 se
1581 2330 1755 2366 aberrantem,
1775 2333 1821 2366 qui

1022 2368 1089 2400 esset
1107 2364 1248 2400 sapientia,
1263 2363 1428 2400 descendisse
1442 2365 1623 2399 quwrendum.
1637 2365 1730 2400 Neque
1746 2363 1818 2392 enim

1024 2398 1092 2425 adeo
1109 2399 1196 2432 placet
1212 2398 1342 2426 Desiderii
1357 2399 1465 2426 Heraldi
1488 2400 1522 2426 ad
1545 2398 1694 2427 Arnobiuni
1718 2401 1797 2428 lectio
1812 2410 1818 2428 :

1023 2433 1064 2470 Ad
1078 2432 1210 2470 Ennozant
1225 2442 1252 2461 se
1265 2443 1336 2461 ouem
1356 2439 1497 2470 errantem.
1511 2443 1569 2470 qua:
1586 2440 1652 2462 esset
1676 2437 1818 2470 sapientia,

1023 2469 1382 2511 descendisselqu'wrendpm.
1402 2469 1533 2511 Monitutn
1546 2478 1667 2511 __quo_que
1683 2472 1762 2511 velint
1779 2471 1818 2498 le-

1024 2505 1178 2541 ctoremﬂde
1192 2504 1241 2541 levi
1256 2505 1353 2532 menda
1373 2513 1434 2541 qua:
1459 2504 1630 2541 Tertulliani
1645 2507 1754 2534 codices
1770 2514 1818 2533 oc-

1024 2543 1116 2576 cupat,
1129 2539 1198 2576 libro
1217 2539 1254 2566 De
1270 2541 1371 2573 animo,
1384 2539 1446 2576 capi.
1463 2540 1507 2571 54,
1519 2541 1564 2568 ubi
1580 2542 1712 2576 scriptum
1728 2545 1771 2568 cst
1785 2541 1820 2569 de

1024 2572 1124 2601 Helena
1154 2574 1299 2608 injectione
1324 2572 1409 2611 prima
1420 2572 1557 2609 'Simonis,
1580 2572 1700 2611 genuisse
1717 2577 1819 2611 angeli-

1024 2617 1069 2646 c_as
1084 2613 1236 2646 potestates,
1251 2610 1359 2645 ignaras
1373 2610 1475 2642 Patris,
1493 2610 1604 2646 artiﬁcis
1619 2612 1697 2646 hujus
1714 2610 1818 2639 nuindi.

1024 2644 1231 2682 Castigandumi
1246 2644 1346 2681 quippe
1372 2651 1432 2679 est,
1459 2644 1593 2680 artiﬁces,
1619 2644 1683 2682 quia
1712 2647 1817 2680 Irenaai,

1024 2687 1104 2714 quem
1122 2680 1192 2706 haud
1207 2680 1323 2708 obscure
1351 2682 1472 2708 imitatur
1491 2690 1524 2709 eo
1545 2683 1604 2709 loco
1621 2680 1818 2714 Tertullianus,

1024 2714 1106 2753 verba
1121 2720 1184 2742 sunt
1200 2725 1214 2753 :_
1226 2715 1365 2753 Generum
1382 2717 1487 2751 angelos
1508 2722 1533 2744 et
1551 2722 1703 2752 potestates,
1719 2726 1735 2744 a
1756 2718 1818 2753 qui-

1025 2749 1117 2786 buset
1134 2751 1261 2777 mundum
1273 2751 1341 2778 hunc
1353 2749 1452 2786 factum
1467 2749 1742 2786 dixin'Cort-zLEnIus,
1757 2749 1818 2782 not.

1024 2785 1058 2812 ad
1071 2784 1242 2814 Illonumenta
1262 2784 1388 2815 Ecclesia:
1401 2787 1511 2823 Gra'caz,
1529 2792 1550 2817 t.
1564 2787 1598 2823 ll,
1614 2797 1640 2824 p.
1654 2788 1716 2816 765.
