  <div class='ocr_page' id='page_1' title='image "/cluster/home/n/w/nwhite01/storage/ocr_20150623/41/njp.32101007805813/166.png"; bbox 0 0 1944 3037; ppageno 0'>
   <div class='ocr_carea' id='block_1_1' title="bbox 99 116 161 146">
    <p class='ocr_par' dir='ltr' id='par_1_1' title="bbox 99 116 161 146">
     <span class='ocr_line' id='line_1_1' title="bbox 99 116 161 146; baseline 0 0"><span class='ocrx_word' id='word_1_1' title='bbox 99 116 161 146; x_wconf 67' lang='lat'><strong>995</strong></span> 
     </span>
    </p>
   </div>
   <div class='ocr_carea' id='block_1_2' title="bbox 439 115 1412 146">
    <p class='ocr_par' dir='ltr' id='par_1_2' title="bbox 439 115 1412 146">
     <span class='ocr_line' id='line_1_2' title="bbox 439 115 1412 146; baseline 0.001 -1"><span class='ocrx_word' id='word_1_2' title='bbox 439 117 624 146; x_wconf 73' lang='lat' dir='ltr'><strong>ADVERSUS</strong></span> <span class='ocrx_word' id='word_1_3' title='bbox 650 116 823 146; x_wconf 58' lang='lat' dir='ltr'><strong>“IERESES</strong></span> <span class='ocrx_word' id='word_1_4' title='bbox 840 115 907 144; x_wconf 87' lang='lat' dir='ltr'><strong>LIB.</strong></span> <span class='ocrx_word' id='word_1_5' title='bbox 926 115 948 145; x_wconf 79' lang='lat' dir='ltr'><strong>l.</strong></span> <span class='ocrx_word' id='word_1_6' title='bbox 969 115 1052 144; x_wconf 76' lang='lat' dir='ltr'><strong>TOM.</strong></span> <span class='ocrx_word' id='word_1_7' title='bbox 1073 116 1106 144; x_wconf 85' lang='lat' dir='ltr'><strong>ll.</strong></span> <span class='ocrx_word' id='word_1_8' title='bbox 1126 132 1161 138; x_wconf 89' lang='lat'><strong>—</strong></span> <span class='ocrx_word' id='word_1_9' title='bbox 1180 116 1314 145; x_wconf 66' lang='lat' dir='ltr'><strong>HERES.</strong></span> <span class='ocrx_word' id='word_1_10' title='bbox 1341 117 1412 146; x_wconf 77' lang='lat' dir='ltr'><strong>XXI.</strong></span> 
     </span>
    </p>
   </div>
   <div class='ocr_carea' id='block_1_3' title="bbox 1675 119 1734 149">
    <p class='ocr_par' dir='ltr' id='par_1_3' title="bbox 1675 119 1734 149">
     <span class='ocr_line' id='line_1_3' title="bbox 1675 119 1734 149; baseline 0 0"><span class='ocrx_word' id='word_1_11' title='bbox 1675 119 1734 149; x_wconf 63' lang='lat'><strong>295</strong></span> 
     </span>
    </p>
   </div>
   <div class='ocr_carea' id='block_1_4' title="bbox 97 173 900 212">
    <p class='ocr_par' dir='ltr' id='par_1_4' title="bbox 97 173 895 211">
     <span class='ocr_line' id='line_1_4' title="bbox 97 173 895 211; baseline -0.001 -9"><span class='ocrx_word' id='word_1_12' title='bbox 97 175 196 211; x_wconf 85' lang='grc' dir='ltr'>χρόνῳ</span> <span class='ocrx_word' id='word_1_13' title='bbox 217 175 270 202; x_wconf 76' lang='grc' dir='ltr'>τινὶ</span> <span class='ocrx_word' id='word_1_14' title='bbox 284 173 437 211; x_wconf 76' lang='grc' dir='ltr'>εὑρίσκεται</span> <span class='ocrx_word' id='word_1_15' title='bbox 460 175 531 202; x_wconf 87' lang='grc' dir='ltr'><strong>κατά</strong></span> <span class='ocrx_word' id='word_1_16' title='bbox 554 175 679 211; x_wconf 78' lang='grc' dir='ltr'>διαδοχὴν</span> <span class='ocrx_word' id='word_1_17' title='bbox 696 174 727 201; x_wconf 86' lang='grc' dir='ltr'><strong>τὸ</strong></span> <span class='ocrx_word' id='word_1_18' title='bbox 745 174 834 211; x_wconf 78' lang='grc' dir='ltr'>χρεὼν</span> <span class='ocrx_word' id='word_1_19' title='bbox 847 174 895 201; x_wconf 68' lang='grc' dir='ltr'><strong>ἐπὶ</strong></span> 
     </span>
    </p>
   </div>
   <div class='ocr_carea' id='block_1_5' title="bbox 953 173 1730 212">
    <p class='ocr_par' dir='ltr' id='par_1_5' title="bbox 956 174 1730 212">
     <span class='ocr_line' id='line_1_5' title="bbox 956 174 1730 212; baseline 0.003 -10"><span class='ocrx_word' id='word_1_20' title='bbox 956 174 997 209; x_wconf 89' lang='lat' dir='ltr'><strong>psi</strong></span> <span class='ocrx_word' id='word_1_21' title='bbox 1017 174 1119 201; x_wconf 88' lang='lat' dir='ltr'><strong>nullam</strong></span> <span class='ocrx_word' id='word_1_22' title='bbox 1135 182 1248 210; x_wconf 88' lang='lat' dir='ltr'><strong>prorsus</strong></span> <span class='ocrx_word' id='word_1_23' title='bbox 1263 174 1407 203; x_wconf 80' lang='lat' dir='ltr'><strong>invenerit.</strong></span> <span class='ocrx_word' id='word_1_24' title='bbox 1420 175 1545 208; x_wconf 81' lang='lat' dir='ltr'><strong>Quonam</strong></span> <span class='ocrx_word' id='word_1_25' title='bbox 1560 183 1626 204; x_wconf 87' lang='lat' dir='ltr'><strong>vero</strong></span> <span class='ocrx_word' id='word_1_26' title='bbox 1636 181 1730 212; x_wconf 84' lang='lat' dir='ltr'><strong>pacto,</strong></span> 
     </span>
    </p>
   </div>
   <div class='ocr_carea' id='block_1_6' title="bbox 96 220 893 258">
    <p class='ocr_par' dir='ltr' id='par_1_6' title="bbox 96 220 893 258">
     <span class='ocr_line' id='line_1_6' title="bbox 96 220 893 258; baseline -0.003 -10"><span class='ocrx_word' id='word_1_27' title='bbox 96 222 154 257; x_wconf 77' lang='grc' dir='ltr'>τῆς</span> <span class='ocrx_word' id='word_1_28' title='bbox 174 221 317 256; x_wconf 85' lang='grc' dir='ltr'>Ῥωμαίων</span> <span class='ocrx_word' id='word_1_29' title='bbox 342 221 467 255; x_wconf 73' lang='grc' dir='ltr'>ἀποδοὺς,</span> <span class='ocrx_word' id='word_1_30' title='bbox 483 222 527 248; x_wconf 81' lang='grc' dir='ltr'>ὅτε</span> <span class='ocrx_word' id='word_1_31' title='bbox 551 223 580 249; x_wconf 81' lang='grc' dir='ltr'>ὲν</span> <span class='ocrx_word' id='word_1_32' title='bbox 606 222 676 258; x_wconf 80' lang='grc' dir='ltr'>μέσῃ</span> <span class='ocrx_word' id='word_1_33' title='bbox 697 223 730 257; x_wconf 82' lang='grc' dir='ltr'>τῇ</span> <span class='ocrx_word' id='word_1_34' title='bbox 752 221 807 248; x_wconf 87' lang='grc' dir='ltr'><strong>τῶν</strong></span> <span class='ocrx_word' id='word_1_35' title='bbox 827 220 893 247; x_wconf 85' lang='grc' dir='ltr'><strong>Ῥω-</strong></span> 
     </span>
    </p>
   </div>
   <div class='ocr_carea' id='block_1_7' title="bbox 99 266 895 302">
    <p class='ocr_par' dir='ltr' id='par_1_7' title="bbox 99 266 895 302">
     <span class='ocr_line' id='line_1_7' title="bbox 99 266 895 302; baseline 0 -10"><span class='ocrx_word' id='word_1_36' title='bbox 99 266 196 302; x_wconf 83' lang='grc' dir='ltr'>μαίων</span> <span class='ocrx_word' id='word_1_37' title='bbox 209 266 285 292; x_wconf 86' lang='grc' dir='ltr'>πόλει</span> <span class='ocrx_word' id='word_1_38' title='bbox 300 266 356 301; x_wconf 81' lang='lat'><strong>(&#39;58)</strong></span> <span class='ocrx_word' id='word_1_39' title='bbox 374 267 389 293; x_wconf 83' lang='grc' dir='ltr'>ὁ</span> <span class='ocrx_word' id='word_1_40' title='bbox 405 266 488 298; x_wconf 88' lang='grc' dir='ltr'>τάλας</span> <span class='ocrx_word' id='word_1_41' title='bbox 503 267 816 302; x_wconf 15' lang='grc' dir='ltr'>καταπεσὼνγτέθνηκκ</span> <span class='ocrx_word' id='word_1_42' title='bbox 832 266 895 293; x_wconf 75' lang='grc' dir='ltr'>Τίνι</span> 
     </span>
    </p>
   </div>
   <div class='ocr_carea' id='block_1_8' title="bbox 96 310 892 349">
    <p class='ocr_par' dir='ltr' id='par_1_8' title="bbox 96 310 892 349">
     <span class='ocr_line' id='line_1_8' title="bbox 96 310 892 349; baseline 0.001 -12"><span class='ocrx_word' id='word_1_43' title='bbox 96 310 131 338; x_wconf 80' lang='grc' dir='ltr'>δὲ</span> <span class='ocrx_word' id='word_1_44' title='bbox 153 310 194 346; x_wconf 85' lang='grc' dir='ltr'>τῷ</span> <span class='ocrx_word' id='word_1_45' title='bbox 216 311 288 347; x_wconf 89' lang='grc' dir='ltr'>λόγῳ</span> <span class='ocrx_word' id='word_1_46' title='bbox 307 313 322 338; x_wconf 81' lang='grc' dir='ltr'><em>ὁ</em></span> <span class='ocrx_word' id='word_1_47' title='bbox 342 312 445 347; x_wconf 79' lang='grc' dir='ltr'><strong>Πέτρος</strong></span> <span class='ocrx_word' id='word_1_48' title='bbox 462 313 620 348; x_wconf 82' lang='grc' dir='ltr'>ἀπεφήνατο</span> <span class='ocrx_word' id='word_1_49' title='bbox 633 313 713 340; x_wconf 81' lang='grc' dir='ltr'>αὑτὸν</span> <span class='ocrx_word' id='word_1_50' title='bbox 735 313 772 349; x_wconf 83' lang='grc' dir='ltr'><strong>μὴ</strong></span> <span class='ocrx_word' id='word_1_51' title='bbox 792 312 892 348; x_wconf 84' lang='grc' dir='ltr'>κλῆρον</span> 
     </span>
    </p>
   </div>
   <div class='ocr_carea' id='block_1_9' title="bbox 100 357 892 394">
    <p class='ocr_par' dir='ltr' id='par_1_9' title="bbox 100 357 892 394">
     <span class='ocr_line' id='line_1_9' title="bbox 100 357 892 394; baseline 0.003 -11"><span class='ocrx_word' id='word_1_52' title='bbox 100 357 175 392; x_wconf 84' lang='grc' dir='ltr'>μηδὲ</span> <span class='ocrx_word' id='word_1_53' title='bbox 189 357 283 393; x_wconf 79' lang='grc' dir='ltr'><strong>μερίδα</strong></span> <span class='ocrx_word' id='word_1_54' title='bbox 296 357 368 392; x_wconf 74' lang='grc' dir='ltr'>ἔχειν</span> <span class='ocrx_word' id='word_1_55' title='bbox 380 359 408 385; x_wconf 80' lang='grc' dir='ltr'>ὲν</span> <span class='ocrx_word' id='word_1_56' title='bbox 427 358 466 394; x_wconf 86' lang='grc' dir='ltr'>τῷ</span> <span class='ocrx_word' id='word_1_57' title='bbox 486 359 564 394; x_wconf 80' lang='grc' dir='ltr'><strong>μέρει</strong></span> <span class='ocrx_word' id='word_1_58' title='bbox 576 359 626 394; x_wconf 84' lang='grc' dir='ltr'><strong>τῆς</strong></span> <span class='ocrx_word' id='word_1_59' title='bbox 641 359 809 392; x_wconf 74' lang='grc' dir='ltr'>θεοσεϐείαςς</span> <span class='ocrx_word' id='word_1_60' title='bbox 829 358 892 390; x_wconf 85' lang='grc' dir='ltr'><strong>Πῶς</strong></span> 
     </span>
    </p>
   </div>
   <div class='ocr_carea' id='block_1_10' title="bbox 97 401 891 440">
    <p class='ocr_par' dir='ltr' id='par_1_10' title="bbox 97 401 891 440">
     <span class='ocr_line' id='line_1_10' title="bbox 97 401 891 440; baseline 0.004 -13"><span class='ocrx_word' id='word_1_61' title='bbox 97 401 131 428; x_wconf 82' lang='grc' dir='ltr'>δὲ</span> <span class='ocrx_word' id='word_1_62' title='bbox 147 401 260 429; x_wconf 83' lang='grc' dir='ltr'>δύναται</span> <span class='ocrx_word' id='word_1_63' title='bbox 271 403 285 427; x_wconf 81' lang='grc' dir='ltr'><strong>ό</strong></span> <span class='ocrx_word' id='word_1_64' title='bbox 299 403 400 437; x_wconf 85' lang='grc' dir='ltr'>κόσμος</span> <span class='ocrx_word' id='word_1_65' title='bbox 410 403 478 430; x_wconf 86' lang='grc' dir='ltr'><strong>Θεοῦ</strong></span> <span class='ocrx_word' id='word_1_66' title='bbox 493 404 594 438; x_wconf 80' lang='grc' dir='ltr'><strong>ἀγαθοῦ</strong></span> <span class='ocrx_word' id='word_1_67' title='bbox 608 404 646 440; x_wconf 87' lang='grc' dir='ltr'><strong>μὴ</strong></span> <span class='ocrx_word' id='word_1_68' title='bbox 658 404 800 439; x_wconf 83' lang='grc' dir='ltr'><strong>ὑπάρχειν,</strong></span> <span class='ocrx_word' id='word_1_69' title='bbox 812 403 891 430; x_wconf 81' lang='grc' dir='ltr'><strong>ὁπότε</strong></span> 
     </span>
    </p>
   </div>
   <div class='ocr_carea' id='block_1_11' title="bbox 99 446 890 485">
    <p class='ocr_par' dir='ltr' id='par_1_11' title="bbox 99 446 890 485">
     <span class='ocr_line' id='line_1_11' title="bbox 99 446 890 485; baseline 0.001 -12"><span class='ocrx_word' id='word_1_70' title='bbox 99 446 133 479; x_wconf 72' lang='grc' dir='ltr'><strong>ἐξ</strong></span> <span class='ocrx_word' id='word_1_71' title='bbox 145 446 229 474; x_wconf 77' lang='grc' dir='ltr'>αὐτοῦ</span> <span class='ocrx_word' id='word_1_72' title='bbox 244 448 344 479; x_wconf 84' lang='grc' dir='ltr'>πάντες</span> <span class='ocrx_word' id='word_1_73' title='bbox 359 449 385 475; x_wconf 86' lang='grc' dir='ltr'>οἱ</span> <span class='ocrx_word' id='word_1_74' title='bbox 397 448 495 482; x_wconf 79' lang='grc' dir='ltr'>ἀγαθοὶ</span> <span class='ocrx_word' id='word_1_75' title='bbox 515 449 697 485; x_wconf 74' lang='grc' dir='ltr'>ὲπελέγησανς</span> <span class='ocrx_word' id='word_1_76' title='bbox 715 448 777 481; x_wconf 85' lang='grc' dir='ltr'><strong>Πῶς</strong></span> <span class='ocrx_word' id='word_1_77' title='bbox 792 449 821 476; x_wconf 83' lang='grc' dir='ltr'>δὲ</span> <span class='ocrx_word' id='word_1_78' title='bbox 832 449 890 485; x_wconf 78' lang='grc' dir='ltr'>ἀρι-</span> 
     </span>
    </p>
   </div>
   <div class='ocr_carea' id='block_1_12' title="bbox 101 492 892 530">
    <p class='ocr_par' dir='ltr' id='par_1_12' title="bbox 101 492 892 530">
     <span class='ocr_line' id='line_1_12' title="bbox 101 492 892 530; baseline 0.004 -12"><span class='ocrx_word' id='word_1_79' title='bbox 101 492 189 527; x_wconf 76' lang='grc' dir='ltr'>στερὰ</span> <span class='ocrx_word' id='word_1_80' title='bbox 201 493 242 528; x_wconf 81' lang='grc' dir='ltr'>εῐη</span> <span class='ocrx_word' id='word_1_81' title='bbox 259 493 373 529; x_wconf 77' lang='grc' dir='ltr'>δύναμις</span> <span class='ocrx_word' id='word_1_82' title='bbox 387 495 403 529; x_wconf 87' lang='grc' dir='ltr'><strong>ἡ</strong></span> <span class='ocrx_word' id='word_1_83' title='bbox 417 495 445 521; x_wconf 83' lang='grc' dir='ltr'>ὲν</span> <span class='ocrx_word' id='word_1_84' title='bbox 460 494 534 530; x_wconf 88' lang='grc' dir='ltr'>νόμῳ</span> <span class='ocrx_word' id='word_1_85' title='bbox 545 495 592 521; x_wconf 78' lang='grc' dir='ltr'>καὶ</span> <span class='ocrx_word' id='word_1_86' title='bbox 604 496 633 521; x_wconf 84' lang='grc' dir='ltr'>ὲν</span> <span class='ocrx_word' id='word_1_87' title='bbox 647 495 800 530; x_wconf 71' lang='grc' dir='ltr'><strong>προφήταις</strong></span> <span class='ocrx_word' id='word_1_88' title='bbox 810 494 892 530; x_wconf 83' lang='grc' dir='ltr'>λαλή-</span> 
     </span>
    </p>
   </div>
   <div class='ocr_carea' id='block_1_13' title="bbox 101 538 891 575">
    <p class='ocr_par' dir='ltr' id='par_1_13' title="bbox 101 538 891 575">
     <span class='ocr_line' id='line_1_13' title="bbox 101 538 891 575; baseline 0.004 -12"><span class='ocrx_word' id='word_1_89' title='bbox 101 545 189 568; x_wconf 81' lang='grc' dir='ltr'>σασα,</span> <span class='ocrx_word' id='word_1_90' title='bbox 205 538 266 573; x_wconf 79' lang='grc' dir='ltr'>ἥτις</span> <span class='ocrx_word' id='word_1_91' title='bbox 282 539 346 574; x_wconf 85' lang='grc' dir='ltr'>περὶ</span> <span class='ocrx_word' id='word_1_92' title='bbox 365 539 415 574; x_wconf 80' lang='grc' dir='ltr'>τῆς</span> <span class='ocrx_word' id='word_1_93' title='bbox 431 538 564 570; x_wconf 70' lang='grc' dir='ltr'>ἐλεύσεως</span> <span class='ocrx_word' id='word_1_94' title='bbox 586 539 631 566; x_wconf 84' lang='grc' dir='ltr'>τοῦ</span> <span class='ocrx_word' id='word_1_95' title='bbox 647 538 765 575; x_wconf 81' lang='grc' dir='ltr'><strong>Χριστοῦ</strong></span> <span class='ocrx_word' id='word_1_96' title='bbox 789 539 891 573; x_wconf 81' lang='grc' dir='ltr'>ἀγαθοῦ</span> 
     </span>
    </p>
   </div>
   <div class='ocr_carea' id='block_1_14' title="bbox 100 583 891 620">
    <p class='ocr_par' dir='ltr' id='par_1_14' title="bbox 100 583 891 620">
     <span class='ocr_line' id='line_1_14' title="bbox 100 583 891 620; baseline 0.004 -12"><span class='ocrx_word' id='word_1_97' title='bbox 100 583 174 609; x_wconf 82' lang='grc' dir='ltr'>Θεοῦ</span> <span class='ocrx_word' id='word_1_98' title='bbox 186 584 306 619; x_wconf 80' lang='grc' dir='ltr'>προκεκή</span> <span class='ocrx_word' id='word_1_99' title='bbox 312 592 386 619; x_wconf 86' lang='grc' dir='ltr'>ρυχε,</span> <span class='ocrx_word' id='word_1_100' title='bbox 398 584 446 611; x_wconf 77' lang='grc' dir='ltr'><strong>καὶ</strong></span> <span class='ocrx_word' id='word_1_101' title='bbox 455 585 489 611; x_wconf 88' lang='grc' dir='ltr'><strong>τὰ</strong></span> <span class='ocrx_word' id='word_1_102' title='bbox 502 585 591 620; x_wconf 78' lang='grc' dir='ltr'>φαῦλα</span> <span class='ocrx_word' id='word_1_103' title='bbox 606 585 695 612; x_wconf 84' lang='grc' dir='ltr'>πάντα</span> <span class='ocrx_word' id='word_1_104' title='bbox 710 585 891 620; x_wconf 76' lang='grc' dir='ltr'>ἀπαγορεύεις</span> 
     </span>
    </p>
   </div>
   <div class='ocr_carea' id='block_1_15' title="bbox 101 629 892 666">
    <p class='ocr_par' dir='ltr' id='par_1_15' title="bbox 101 629 892 666">
     <span class='ocr_line' id='line_1_15' title="bbox 101 629 892 666; baseline 0.001 -11"><span class='ocrx_word' id='word_1_105' title='bbox 101 629 169 661; x_wconf 85' lang='grc' dir='ltr'><strong>Πῶς</strong></span> <span class='ocrx_word' id='word_1_106' title='bbox 185 629 213 655; x_wconf 81' lang='grc' dir='ltr'>δὲ</span> <span class='ocrx_word' id='word_1_107' title='bbox 228 630 277 656; x_wconf 80' lang='grc' dir='ltr'><strong>οὐκ</strong></span> <span class='ocrx_word' id='word_1_108' title='bbox 289 630 322 656; x_wconf 78' lang='grc' dir='ltr'>ἂν</span> <span class='ocrx_word' id='word_1_109' title='bbox 338 631 379 665; x_wconf 71' lang='grc' dir='ltr'>εἴη</span> <span class='ocrx_word' id='word_1_110' title='bbox 399 630 447 665; x_wconf 87' lang='grc' dir='ltr'><strong>μία</strong></span> <span class='ocrx_word' id='word_1_111' title='bbox 461 630 566 666; x_wconf 82' lang='grc' dir='ltr'>Θεότης,</span> <span class='ocrx_word' id='word_1_112' title='bbox 591 631 639 658; x_wconf 82' lang='grc' dir='ltr'><strong>καὶ</strong></span> <span class='ocrx_word' id='word_1_113' title='bbox 655 631 685 658; x_wconf 87' lang='grc' dir='ltr'><strong>τὸ</strong></span> <span class='ocrx_word' id='word_1_114' title='bbox 702 631 769 658; x_wconf 75' lang='grc' dir='ltr'>αὐτὸ</span> <span class='ocrx_word' id='word_1_115' title='bbox 786 631 892 666; x_wconf 82' lang='grc' dir='ltr'>πνεῦμα</span> 
     </span>
    </p>
   </div>
   <div class='ocr_carea' id='block_1_16' title="bbox 102 675 892 713">
    <p class='ocr_par' dir='ltr' id='par_1_16' title="bbox 102 675 892 713">
     <span class='ocr_line' id='line_1_16' title="bbox 102 675 892 713; baseline 0.001 -11"><span class='ocrx_word' id='word_1_116' title='bbox 102 675 212 711; x_wconf 83' lang='grc' dir='ltr'><strong>Καινῆς</strong></span> <span class='ocrx_word' id='word_1_117' title='bbox 231 676 278 703; x_wconf 71' lang='grc' dir='ltr'><strong>καὶ</strong></span> <span class='ocrx_word' id='word_1_118' title='bbox 296 676 417 708; x_wconf 83' lang='grc' dir='ltr'>Παλαιᾶς</span> <span class='ocrx_word' id='word_1_119' title='bbox 437 676 585 713; x_wconf 84' lang='grc' dir='ltr'>Διαθήκης,</span> <span class='ocrx_word' id='word_1_120' title='bbox 602 677 682 705; x_wconf 80' lang='grc' dir='ltr'>ὁπότε</span> <span class='ocrx_word' id='word_1_121' title='bbox 701 678 716 703; x_wconf 83' lang='grc' dir='ltr'>ὁ</span> <span class='ocrx_word' id='word_1_122' title='bbox 731 677 833 713; x_wconf 83' lang='grc' dir='ltr'>Κύριος</span> <span class='ocrx_word' id='word_1_123' title='bbox 852 675 892 703; x_wconf 89' lang='grc' dir='ltr'><strong>εἷ-</strong></span> 
     </span>
    </p>
   </div>
   <div class='ocr_carea' id='block_1_17' title="bbox 103 721 893 758">
    <p class='ocr_par' dir='ltr' id='par_1_17' title="bbox 103 721 893 758">
     <span class='ocr_line' id='line_1_17' title="bbox 103 721 893 758; baseline 0.004 -10"><span class='ocrx_word' id='word_1_124' title='bbox 103 729 174 748; x_wconf 85' lang='grc' dir='ltr'>πεν·</span> <span class='ocrx_word' id='word_1_125' title='bbox 204 722 264 749; x_wconf 83' lang='grc' dir='ltr'><strong>οὐκ</strong></span> <span class='ocrx_word' id='word_1_126' title='bbox 291 721 385 758; x_wconf 79' lang='grc' dir='ltr'>ἦλθον</span> <span class='ocrx_word' id='word_1_127' title='bbox 410 723 579 751; x_wconf 70' lang='grc' dir='ltr'>καταλῦσαι</span> <span class='ocrx_word' id='word_1_128' title='bbox 602 725 656 751; x_wconf 84' lang='grc' dir='ltr'><strong>τὸν</strong></span> <span class='ocrx_word' id='word_1_129' title='bbox 678 724 782 758; x_wconf 69' lang='grc' dir='ltr'><strong>νόμον,</strong></span> <span class='ocrx_word' id='word_1_130' title='bbox 813 724 893 751; x_wconf 74' lang='grc' dir='ltr'><em>ἀλλὰ</em></span> 
     </span>
    </p>
   </div>
   <div class='ocr_carea' id='block_1_18' title="bbox 103 767 891 805">
    <p class='ocr_par' dir='ltr' id='par_1_18' title="bbox 103 767 891 805">
     <span class='ocr_line' id='line_1_18' title="bbox 103 767 891 805; baseline 0.001 -12"><span class='ocrx_word' id='word_1_131' title='bbox 103 767 281 801; x_wconf 70' lang='grc' dir='ltr'>πληρῶσαις</span> <span class='ocrx_word' id='word_1_132' title='bbox 303 769 358 795; x_wconf 76' lang='grc' dir='ltr'><strong>Καὶ</strong></span> <span class='ocrx_word' id='word_1_133' title='bbox 381 769 425 796; x_wconf 79' lang='grc' dir='ltr'>ἵνα</span> <span class='ocrx_word' id='word_1_134' title='bbox 442 768 527 805; x_wconf 79' lang='grc' dir='ltr'>δείξῃ,</span> <span class='ocrx_word' id='word_1_135' title='bbox 551 769 592 796; x_wconf 82' lang='grc' dir='ltr'>ὅτι</span> <span class='ocrx_word' id='word_1_136' title='bbox 610 770 625 796; x_wconf 86' lang='grc' dir='ltr'><strong>ό</strong></span> <span class='ocrx_word' id='word_1_137' title='bbox 646 769 727 805; x_wconf 83' lang='grc' dir='ltr'>νόμος</span> <span class='ocrx_word' id='word_1_138' title='bbox 747 769 793 795; x_wconf 80' lang='grc' dir='ltr'><strong>ὑπ’</strong></span> <span class='ocrx_word' id='word_1_139' title='bbox 810 767 891 795; x_wconf 70' lang='grc' dir='ltr'>αὑτοῦ</span> 
     </span>
    </p>
   </div>
   <div class='ocr_carea' id='block_1_19' title="bbox 103 813 893 850">
    <p class='ocr_par' dir='ltr' id='par_1_19' title="bbox 103 813 893 850">
     <span class='ocr_line' id='line_1_19' title="bbox 103 813 893 850; baseline 0 -11"><span class='ocrx_word' id='word_1_140' title='bbox 103 813 276 849; x_wconf 80' lang='grc' dir='ltr'><strong>κατηγγέλη,</strong></span> <span class='ocrx_word' id='word_1_141' title='bbox 294 813 340 840; x_wconf 75' lang='grc' dir='ltr'>καὶ</span> <span class='ocrx_word' id='word_1_142' title='bbox 355 814 398 841; x_wconf 81' lang='grc' dir='ltr'><strong>διὰ</strong></span> <span class='ocrx_word' id='word_1_143' title='bbox 410 815 548 845; x_wconf 84' lang='grc' dir='ltr'>Μωῡσέως</span> <span class='ocrx_word' id='word_1_144' title='bbox 560 814 693 850; x_wconf 74' lang='grc' dir='ltr'>ἐδωρήθη,</span> <span class='ocrx_word' id='word_1_145' title='bbox 707 815 723 850; x_wconf 85' lang='grc' dir='ltr'>ἡ</span> <span class='ocrx_word' id='word_1_146' title='bbox 738 814 766 840; x_wconf 82' lang='grc' dir='ltr'>δὲ</span> <span class='ocrx_word' id='word_1_147' title='bbox 780 814 893 847; x_wconf 85' lang='grc' dir='ltr'>εὐαγγε-</span> 
     </span>
    </p>
   </div>
   <div class='ocr_carea' id='block_1_20' title="bbox 105 858 898 896">
    <p class='ocr_par' dir='ltr' id='par_1_20' title="bbox 105 858 898 896">
     <span class='ocr_line' id='line_1_20' title="bbox 105 858 898 896; baseline 0 -11"><span class='ocrx_word' id='word_1_148' title='bbox 105 858 172 894; x_wconf 84' lang='grc' dir='ltr'>λικὴ</span> <span class='ocrx_word' id='word_1_149' title='bbox 187 859 267 894; x_wconf 87' lang='grc' dir='ltr'>χάρις</span> <span class='ocrx_word' id='word_1_150' title='bbox 291 859 325 886; x_wconf 73' lang='grc' dir='ltr'>δι’</span> <span class='ocrx_word' id='word_1_151' title='bbox 341 860 438 886; x_wconf 75' lang='grc' dir='ltr'>ἑαυτοῦ</span> <span class='ocrx_word' id='word_1_152' title='bbox 456 860 504 886; x_wconf 77' lang='grc' dir='ltr'><strong>καὶ</strong></span> <span class='ocrx_word' id='word_1_153' title='bbox 523 860 572 895; x_wconf 77' lang='grc' dir='ltr'>τῆς</span> <span class='ocrx_word' id='word_1_154' title='bbox 593 861 725 896; x_wconf 83' lang='grc' dir='ltr'>ἐνσάρκου</span> <span class='ocrx_word' id='word_1_155' title='bbox 747 859 898 896; x_wconf 76' lang='grc' dir='ltr'>παρουσίας</span> 
     </span>
    </p>
   </div>
   <div class='ocr_carea' id='block_1_21' title="bbox 107 905 897 940">
    <p class='ocr_par' dir='ltr' id='par_1_21' title="bbox 107 905 897 940">
     <span class='ocr_line' id='line_1_21' title="bbox 107 905 897 940; baseline 0.001 -10"><span class='ocrx_word' id='word_1_156' title='bbox 107 905 290 940; x_wconf 76' lang='grc' dir='ltr'>κεκήρυκται,</span> <span class='ocrx_word' id='word_1_157' title='bbox 317 905 393 939; x_wconf 80' lang='grc' dir='ltr'>ἔλεγε</span> <span class='ocrx_word' id='word_1_158' title='bbox 414 906 470 937; x_wconf 81' lang='grc' dir='ltr'>τοῖς</span> <span class='ocrx_word' id='word_1_159' title='bbox 487 905 640 937; x_wconf 81' lang='grc' dir='ltr'>Ἰουδαίοις·</span> <span class='ocrx_word' id='word_1_160' title='bbox 667 906 702 932; x_wconf 85' lang='lat' dir='ltr'><strong>El</strong></span> <span class='ocrx_word' id='word_1_161' title='bbox 727 905 897 932; x_wconf 78' lang='grc' dir='ltr'><strong>ἐπιστεύετε</strong></span> 
     </span>
    </p>
   </div>
   <div class='ocr_carea' id='block_1_22' title="bbox 107 948 898 986">
    <p class='ocr_par' dir='ltr' id='par_1_22' title="bbox 107 948 898 986">
     <span class='ocr_line' id='line_1_22' title="bbox 107 948 898 986; baseline 0.001 -10"><span class='ocrx_word' id='word_1_162' title='bbox 107 948 241 983; x_wconf 72' lang='grc' dir='ltr'>Πωϋσεῖ,</span> <span class='ocrx_word' id='word_1_163' title='bbox 265 950 435 977; x_wconf 73' lang='grc' dir='ltr'>ἐπιστεύετε</span> <span class='ocrx_word' id='word_1_164' title='bbox 457 951 496 978; x_wconf 82' lang='grc' dir='ltr'><strong>ἂν</strong></span> <span class='ocrx_word' id='word_1_165' title='bbox 519 951 598 985; x_wconf 72' lang='grc' dir='ltr'>ἐμοί·</span> <span class='ocrx_word' id='word_1_166' title='bbox 624 951 739 984; x_wconf 77' lang='grc' dir='ltr'>ἐκεῖνος</span> <span class='ocrx_word' id='word_1_167' title='bbox 756 950 810 986; x_wconf 69' lang='grc' dir='ltr'>γὰρ</span> <span class='ocrx_word' id='word_1_168' title='bbox 831 951 898 985; x_wconf 75' lang='grc' dir='ltr'>περὶ</span> 
     </span>
    </p>
   </div>
   <div class='ocr_carea' id='block_1_23' title="bbox 108 995 898 1032">
    <p class='ocr_par' dir='ltr' id='par_1_23' title="bbox 108 995 898 1032">
     <span class='ocr_line' id='line_1_23' title="bbox 108 995 898 1032; baseline 0.001 -10"><span class='ocrx_word' id='word_1_169' title='bbox 108 995 186 1030; x_wconf 78' lang='grc' dir='ltr'><strong>ἐμοῦ</strong></span> <span class='ocrx_word' id='word_1_170' title='bbox 202 996 325 1030; x_wconf 72' lang='grc' dir='ltr'>ἔγραψε.</span> <span class='ocrx_word' id='word_1_171' title='bbox 341 996 396 1023; x_wconf 78' lang='grc' dir='ltr'><strong>Καὶ</strong></span> <span class='ocrx_word' id='word_1_172' title='bbox 413 996 482 1023; x_wconf 65' lang='grc' dir='ltr'>ἄλλα</span> <span class='ocrx_word' id='word_1_173' title='bbox 499 996 585 1024; x_wconf 81' lang='grc' dir='ltr'>πολλὰ</span> <span class='ocrx_word' id='word_1_174' title='bbox 599 997 657 1023; x_wconf 75' lang='grc' dir='ltr'>ἐστι</span> <span class='ocrx_word' id='word_1_175' title='bbox 675 996 742 1032; x_wconf 70' lang='grc' dir='ltr'>πρὸς</span> <span class='ocrx_word' id='word_1_176' title='bbox 763 996 898 1023; x_wconf 79' lang='grc' dir='ltr'><strong>ἀντίθεσιν</strong></span> 
     </span>
    </p>
   </div>
   <div class='ocr_carea' id='block_1_24' title="bbox 110 1041 900 1078">
    <p class='ocr_par' dir='ltr' id='par_1_24' title="bbox 110 1041 900 1078">
     <span class='ocr_line' id='line_1_24' title="bbox 110 1041 900 1078; baseline 0 -10"><span class='ocrx_word' id='word_1_177' title='bbox 110 1041 162 1077; x_wconf 81' lang='grc' dir='ltr'><strong>τῆς</strong></span> <span class='ocrx_word' id='word_1_178' title='bbox 175 1041 221 1068; x_wconf 79' lang='grc' dir='ltr'>τοῦ</span> <span class='ocrx_word' id='word_1_179' title='bbox 236 1041 332 1078; x_wconf 80' lang='grc' dir='ltr'>γόητος</span> <span class='ocrx_word' id='word_1_180' title='bbox 349 1042 512 1076; x_wconf 81' lang='grc' dir='ltr'>ἀντιλογίας.</span> <span class='ocrx_word' id='word_1_181' title='bbox 529 1042 592 1074; x_wconf 86' lang='grc' dir='ltr'><strong>Πῶς</strong></span> <span class='ocrx_word' id='word_1_182' title='bbox 614 1042 643 1068; x_wconf 82' lang='grc' dir='ltr'>δὲ</span> <span class='ocrx_word' id='word_1_183' title='bbox 657 1042 733 1069; x_wconf 81' lang='grc' dir='ltr'>ἔσται</span> <span class='ocrx_word' id='word_1_184' title='bbox 751 1042 785 1068; x_wconf 82' lang='grc' dir='ltr'>τὰ</span> <span class='ocrx_word' id='word_1_185' title='bbox 801 1041 900 1078; x_wconf 84' lang='grc' dir='ltr'>αἰσχρά</span> 
     </span>
    </p>
   </div>
   <div class='ocr_carea' id='block_1_25' title="bbox 111 1084 899 1122">
    <p class='ocr_par' dir='ltr' id='par_1_25' title="bbox 111 1084 899 1122">
     <span class='ocr_line' id='line_1_25' title="bbox 111 1084 899 1122; baseline 0.001 -10"><span class='ocrx_word' id='word_1_186' title='bbox 111 1084 227 1118; x_wconf 78' lang='grc' dir='ltr'>ζωτικὰ,</span> <span class='ocrx_word' id='word_1_187' title='bbox 244 1087 267 1112; x_wconf 85' lang='grc' dir='ltr'><strong>εί</strong></span> <span class='ocrx_word' id='word_1_188' title='bbox 285 1087 321 1121; x_wconf 84' lang='grc' dir='ltr'>μή</span> <span class='ocrx_word' id='word_1_189' title='bbox 332 1095 359 1113; x_wconf 87' lang='grc' dir='ltr'><strong>τι</strong></span> <span class='ocrx_word' id='word_1_190' title='bbox 370 1087 403 1113; x_wconf 83' lang='grc' dir='ltr'>ἂν</span> <span class='ocrx_word' id='word_1_191' title='bbox 418 1086 551 1122; x_wconf 82' lang='grc' dir='ltr'>δαιμόνων</span> <span class='ocrx_word' id='word_1_192' title='bbox 564 1086 606 1121; x_wconf 81' lang='grc' dir='ltr'>εἴη</span> <span class='ocrx_word' id='word_1_193' title='bbox 621 1087 652 1113; x_wconf 88' lang='grc' dir='ltr'><strong>τὸ</strong></span> <span class='ocrx_word' id='word_1_194' title='bbox 668 1087 805 1122; x_wconf 79' lang='grc' dir='ltr'>φρόνημα,</span> <span class='ocrx_word' id='word_1_195' title='bbox 819 1086 899 1113; x_wconf 79' lang='grc' dir='ltr'>ὁπότε</span> 
     </span>
    </p>
   </div>
   <div class='ocr_carea' id='block_1_26' title="bbox 112 1130 900 1168">
    <p class='ocr_par' dir='ltr' id='par_1_26' title="bbox 112 1130 900 1168">
     <span class='ocr_line' id='line_1_26' title="bbox 112 1130 900 1168; baseline 0.001 -11"><span class='ocrx_word' id='word_1_196' title='bbox 112 1130 195 1163; x_wconf 78' lang='grc' dir='ltr'>αὐτὸς</span> <span class='ocrx_word' id='word_1_197' title='bbox 211 1132 225 1158; x_wconf 86' lang='grc' dir='ltr'><strong>ό</strong></span> <span class='ocrx_word' id='word_1_198' title='bbox 245 1131 348 1167; x_wconf 80' lang='grc' dir='ltr'>Κύριος</span> <span class='ocrx_word' id='word_1_199' title='bbox 369 1132 444 1167; x_wconf 80' lang='grc' dir='ltr'>λέγει</span> <span class='ocrx_word' id='word_1_200' title='bbox 465 1133 494 1159; x_wconf 80' lang='grc' dir='ltr'>ὲν</span> <span class='ocrx_word' id='word_1_201' title='bbox 514 1132 554 1167; x_wconf 82' lang='grc' dir='ltr'>τῷ</span> <span class='ocrx_word' id='word_1_202' title='bbox 569 1132 727 1167; x_wconf 65' lang='grc' dir='ltr'>Εὐαγγενλίῳ</span> <span class='ocrx_word' id='word_1_203' title='bbox 746 1132 813 1168; x_wconf 87' lang='grc' dir='ltr'>πρὸς</span> <span class='ocrx_word' id='word_1_204' title='bbox 837 1133 900 1164; x_wconf 79' lang='grc' dir='ltr'>τοὺς</span> 
     </span>
    </p>
   </div>
   <div class='ocr_carea' id='block_1_27' title="bbox 111 1175 900 1212">
    <p class='ocr_par' dir='ltr' id='par_1_27' title="bbox 111 1175 900 1212">
     <span class='ocr_line' id='line_1_27' title="bbox 111 1175 900 1212; baseline 0.001 -10"><span class='ocrx_word' id='word_1_205' title='bbox 111 1175 242 1210; x_wconf 81' lang='grc' dir='ltr'>λέγοντας</span> <span class='ocrx_word' id='word_1_206' title='bbox 255 1176 343 1212; x_wconf 79' lang='grc' dir='ltr'>αὐτῷ’</span> <span class='ocrx_word' id='word_1_207' title='bbox 360 1178 395 1204; x_wconf 85' lang='lat' dir='ltr'><strong>El</strong></span> <span class='ocrx_word' id='word_1_208' title='bbox 416 1177 510 1210; x_wconf 77' lang='grc' dir='ltr'>οὕτως</span> <span class='ocrx_word' id='word_1_209' title='bbox 523 1177 542 1210; x_wconf 75' lang='grc' dir='ltr'><strong><em>ἠ</em></strong></span> <span class='ocrx_word' id='word_1_210' title='bbox 567 1178 646 1204; x_wconf 86' lang='grc' dir='ltr'>αίτία</span> <span class='ocrx_word' id='word_1_211' title='bbox 659 1177 712 1204; x_wconf 84' lang='grc' dir='ltr'>τοῦ</span> <span class='ocrx_word' id='word_1_212' title='bbox 728 1177 838 1211; x_wconf 77' lang='grc' dir='ltr'>ἀνδρὸς</span> <span class='ocrx_word' id='word_1_213' title='bbox 851 1177 900 1203; x_wconf 79' lang='grc' dir='ltr'>καί</span> 
     </span>
    </p>
   </div>
   <div class='ocr_carea' id='block_1_28' title="bbox 111 1220 901 1257">
    <p class='ocr_par' dir='ltr' id='par_1_28' title="bbox 111 1220 901 1257">
     <span class='ocr_line' id='line_1_28' title="bbox 111 1220 901 1257; baseline -0.001 -9"><span class='ocrx_word' id='word_1_214' title='bbox 111 1220 170 1255; x_wconf 75' lang='grc' dir='ltr'>τῆς</span> <span class='ocrx_word' id='word_1_215' title='bbox 183 1221 334 1256; x_wconf 77' lang='grc' dir='ltr'>γυναικὸς,</span> <span class='ocrx_word' id='word_1_216' title='bbox 350 1222 386 1248; x_wconf 86' lang='grc' dir='ltr'>οὐ</span> <span class='ocrx_word' id='word_1_217' title='bbox 406 1222 551 1257; x_wconf 63' lang='grc' dir='ltr'>συμφέρει</span> <span class='ocrx_word' id='word_1_218' title='bbox 567 1222 709 1257; x_wconf 74' lang='grc' dir='ltr'>γαμῆσαι.</span> <span class='ocrx_word' id='word_1_219' title='bbox 735 1222 764 1248; x_wconf 89' lang='lat'><strong>&#39;0</strong></span> <span class='ocrx_word' id='word_1_220' title='bbox 786 1221 814 1248; x_wconf 83' lang='grc' dir='ltr'>δὲ</span> <span class='ocrx_word' id='word_1_221' title='bbox 833 1221 901 1256; x_wconf 83' lang='grc' dir='ltr'>πρὸς</span> 
     </span>
    </p>
   </div>
   <div class='ocr_carea' id='block_1_29' title="bbox 113 1266 901 1303">
    <p class='ocr_par' dir='ltr' id='par_1_29' title="bbox 113 1266 901 1303">
     <span class='ocr_line' id='line_1_29' title="bbox 113 1266 901 1303; baseline 0.001 -10"><span class='ocrx_word' id='word_1_222' title='bbox 113 1267 213 1299; x_wconf 74' lang='grc' dir='ltr'>αὐτοὺς</span> <span class='ocrx_word' id='word_1_223' title='bbox 225 1266 292 1303; x_wconf 76' lang='grc' dir='ltr'>ἔφη·</span> <span class='ocrx_word' id='word_1_224' title='bbox 309 1268 350 1294; x_wconf 84' lang='grc' dir='ltr'><strong>οὐ</strong></span> <span class='ocrx_word' id='word_1_225' title='bbox 367 1266 477 1301; x_wconf 81' lang='grc' dir='ltr'>πάντες</span> <span class='ocrx_word' id='word_1_226' title='bbox 491 1268 579 1295; x_wconf 85' lang='grc' dir='ltr'>τοῦτο</span> <span class='ocrx_word' id='word_1_227' title='bbox 592 1268 752 1302; x_wconf 81' lang='grc' dir='ltr'><strong>χωροῦσιν.</strong></span> <span class='ocrx_word' id='word_1_228' title='bbox 766 1267 834 1294; x_wconf 75' lang='grc' dir='ltr'><strong>Εἰσὶ</strong></span> <span class='ocrx_word' id='word_1_229' title='bbox 847 1267 901 1303; x_wconf 71' lang='grc' dir='ltr'>γὰρ</span> 
     </span>
    </p>
   </div>
   <div class='ocr_carea' id='block_1_30' title="bbox 113 1313 903 1349">
    <p class='ocr_par' dir='ltr' id='par_1_30' title="bbox 113 1313 903 1349">
     <span class='ocr_line' id='line_1_30' title="bbox 113 1313 903 1349; baseline 0 -9"><span class='ocrx_word' id='word_1_230' title='bbox 113 1313 266 1347; x_wconf 77' lang='grc' dir='ltr'>εὐνοῦχοι,</span> <span class='ocrx_word' id='word_1_231' title='bbox 291 1313 400 1345; x_wconf 79' lang='grc' dir='ltr'>οἵτινες</span> <span class='ocrx_word' id='word_1_232' title='bbox 421 1314 606 1349; x_wconf 81' lang='grc' dir='ltr'><strong>εὐνούχισαν</strong></span> <span class='ocrx_word' id='word_1_233' title='bbox 626 1313 751 1346; x_wconf 82' lang='grc' dir='ltr'>ἑαυτοὺς</span> <span class='ocrx_word' id='word_1_234' title='bbox 771 1313 819 1340; x_wconf 82' lang='grc' dir='ltr'>διὰ</span> <span class='ocrx_word' id='word_1_235' title='bbox 848 1313 903 1347; x_wconf 78' lang='grc' dir='ltr'><strong>τὴν</strong></span> 
     </span>
    </p>
   </div>
   <div class='ocr_carea' id='block_1_31' title="bbox 112 1358 903 1394">
    <p class='ocr_par' dir='ltr' id='par_1_31' title="bbox 112 1358 903 1394">
     <span class='ocr_line' id='line_1_31' title="bbox 112 1358 903 1394; baseline 0 -9"><span class='ocrx_word' id='word_1_236' title='bbox 112 1359 279 1393; x_wconf 75' lang='grc' dir='ltr'>,ϐασιλείαν</span> <span class='ocrx_word' id='word_1_237' title='bbox 297 1358 356 1385; x_wconf 81' lang='grc' dir='ltr'>τῶν</span> <span class='ocrx_word' id='word_1_238' title='bbox 366 1359 517 1394; x_wconf 77' lang='grc' dir='ltr'>οὐρανῶν·</span> <span class='ocrx_word' id='word_1_239' title='bbox 536 1360 582 1385; x_wconf 82' lang='grc' dir='ltr'>καὶ</span> <span class='ocrx_word' id='word_1_240' title='bbox 598 1359 709 1391; x_wconf 78' lang='grc' dir='ltr'>ἔδειξεν,</span> <span class='ocrx_word' id='word_1_241' title='bbox 723 1359 760 1391; x_wconf 85' lang='grc' dir='ltr'><strong>ὡς</strong></span> <span class='ocrx_word' id='word_1_242' title='bbox 779 1359 808 1385; x_wconf 91' lang='grc' dir='ltr'><strong>τὸ</strong></span> <span class='ocrx_word' id='word_1_243' title='bbox 822 1359 903 1394; x_wconf 81' lang='grc' dir='ltr'>φύσει</span> 
     </span>
    </p>
   </div>
   <div class='ocr_carea' id='block_1_32' title="bbox 116 1403 902 1441">
    <p class='ocr_par' dir='ltr' id='par_1_32' title="bbox 116 1403 902 1441">
     <span class='ocr_line' id='line_1_32' title="bbox 116 1403 902 1441; baseline 0 -11"><span class='ocrx_word' id='word_1_244' title='bbox 116 1403 266 1439; x_wconf 81' lang='grc' dir='ltr'>ἀπέχεσθαι</span> <span class='ocrx_word' id='word_1_245' title='bbox 282 1404 412 1438; x_wconf 82' lang='grc' dir='ltr'>συζυγίας</span> <span class='ocrx_word' id='word_1_246' title='bbox 427 1404 566 1440; x_wconf 83' lang='grc' dir='ltr'>βασιλείας</span> <span class='ocrx_word' id='word_1_247' title='bbox 583 1405 704 1441; x_wconf 82' lang='grc' dir='ltr'>οὐρανῶν</span> <span class='ocrx_word' id='word_1_248' title='bbox 725 1406 782 1431; x_wconf 77' lang='grc' dir='ltr'>ἐστι</span> <span class='ocrx_word' id='word_1_249' title='bbox 801 1405 902 1440; x_wconf 87' lang='grc' dir='ltr'>δῶρον;</span> 
     </span>
    </p>
   </div>
   <div class='ocr_carea' id='block_1_33' title="bbox 117 1449 904 1485">
    <p class='ocr_par' dir='ltr' id='par_1_33' title="bbox 117 1449 904 1485">
     <span class='ocr_line' id='line_1_33' title="bbox 117 1449 904 1485; baseline -0.001 -8"><span class='ocrx_word' id='word_1_250' title='bbox 117 1449 202 1477; x_wconf 85' lang='grc' dir='ltr'>Πάλιν</span> <span class='ocrx_word' id='word_1_251' title='bbox 216 1449 244 1476; x_wconf 82' lang='grc' dir='ltr'>δὲ</span> <span class='ocrx_word' id='word_1_252' title='bbox 265 1450 294 1476; x_wconf 80' lang='grc' dir='ltr'>ὲν</span> <span class='ocrx_word' id='word_1_253' title='bbox 310 1450 382 1485; x_wconf 82' lang='grc' dir='ltr'>ἄλλῳ</span> <span class='ocrx_word' id='word_1_254' title='bbox 402 1451 477 1485; x_wconf 87' lang='grc' dir='ltr'>τόπῳ</span> <span class='ocrx_word' id='word_1_255' title='bbox 490 1450 563 1485; x_wconf 84' lang='grc' dir='ltr'>λέγει</span> <span class='ocrx_word' id='word_1_256' title='bbox 581 1451 651 1478; x_wconf 83' lang='grc' dir='ltr'>κατὰ</span> <span class='ocrx_word' id='word_1_257' title='bbox 673 1451 719 1477; x_wconf 82' lang='grc' dir='ltr'><strong>τὸν</strong></span> <span class='ocrx_word' id='word_1_258' title='bbox 735 1450 834 1485; x_wconf 73' lang='grc' dir='ltr'>σεμνὸν</span> <span class='ocrx_word' id='word_1_259' title='bbox 852 1450 904 1484; x_wconf 77' lang='grc' dir='ltr'>γά-</span> 
     </span>
    </p>
   </div>
   <div class='ocr_carea' id='block_1_34' title="bbox 120 1495 903 1532">
    <p class='ocr_par' dir='ltr' id='par_1_34' title="bbox 120 1495 903 1532">
     <span class='ocr_line' id='line_1_34' title="bbox 120 1495 903 1532; baseline 0.001 -11"><span class='ocrx_word' id='word_1_260' title='bbox 120 1504 180 1532; x_wconf 76' lang='grc' dir='ltr'><strong>μον⁹</strong></span> <span class='ocrx_word' id='word_1_261' title='bbox 195 1495 224 1521; x_wconf 77' lang='grc' dir='ltr'>ὃν</span> <span class='ocrx_word' id='word_1_262' title='bbox 248 1495 328 1527; x_wconf 84' lang='grc' dir='ltr'>αὐτὸς</span> <span class='ocrx_word' id='word_1_263' title='bbox 347 1496 361 1522; x_wconf 85' lang='grc' dir='ltr'><strong><em>ὁ</em></strong></span> <span class='ocrx_word' id='word_1_264' title='bbox 380 1496 470 1532; x_wconf 86' lang='grc' dir='ltr'>Σίμων</span> <span class='ocrx_word' id='word_1_265' title='bbox 491 1496 696 1532; x_wconf 80' lang='grc' dir='ltr'>παραφθείρων,</span> <span class='ocrx_word' id='word_1_266' title='bbox 714 1496 832 1532; x_wconf 79' lang='grc' dir='ltr'>αἰσχρῶς</span> <span class='ocrx_word' id='word_1_267' title='bbox 855 1504 903 1531; x_wconf 86' lang='grc' dir='ltr'><strong>με·</strong></span> 
     </span>
    </p>
   </div>
   <div class='ocr_carea' id='block_1_35' title="bbox 120 1541 905 1577">
    <p class='ocr_par' dir='ltr' id='par_1_35' title="bbox 120 1541 905 1577">
     <span class='ocr_line' id='line_1_35' title="bbox 120 1541 905 1577; baseline 0.001 -10"><span class='ocrx_word' id='word_1_268' title='bbox 120 1541 223 1567; x_wconf 88' lang='grc' dir='ltr'>θοδεύει</span> <span class='ocrx_word' id='word_1_269' title='bbox 236 1541 285 1577; x_wconf 81' lang='grc' dir='ltr'><strong>τὴν</strong></span> <span class='ocrx_word' id='word_1_270' title='bbox 298 1541 394 1568; x_wconf 82' lang='grc' dir='ltr'>ἑαυτοῦ</span> <span class='ocrx_word' id='word_1_271' title='bbox 410 1542 568 1577; x_wconf 74' lang='grc' dir='ltr'>ἐπιθυμίαν,</span> <span class='ocrx_word' id='word_1_272' title='bbox 579 1543 621 1569; x_wconf 83' lang='grc' dir='ltr'>ὅτι</span> <span class='ocrx_word' id='word_1_273' title='bbox 631 1552 637 1558; x_wconf 86' lang='grc'>·</span> <span class='ocrx_word' id='word_1_274' title='bbox 650 1542 708 1576; x_wconf 83' lang='grc' dir='ltr'><strong>Οὓς</strong></span> <span class='ocrx_word' id='word_1_275' title='bbox 720 1544 737 1570; x_wconf 87' lang='grc' dir='ltr'><strong>ό</strong></span> <span class='ocrx_word' id='word_1_276' title='bbox 746 1542 818 1574; x_wconf 78' lang='grc' dir='ltr'><strong>Θεὸς</strong></span> <span class='ocrx_word' id='word_1_277' title='bbox 829 1549 905 1568; x_wconf 85' lang='grc' dir='ltr'><strong>συν-</strong></span> 
     </span>
    </p>
   </div>
   <div class='ocr_carea' id='block_1_36' title="bbox 118 1587 642 1624">
    <p class='ocr_par' dir='ltr' id='par_1_36' title="bbox 118 1587 642 1624">
     <span class='ocr_line' id='line_1_36' title="bbox 118 1587 642 1624; baseline 0.002 -9"><span class='ocrx_word' id='word_1_278' title='bbox 118 1587 248 1621; x_wconf 71' lang='grc' dir='ltr'>έζευξεν,</span> <span class='ocrx_word' id='word_1_279' title='bbox 265 1589 419 1622; x_wconf 79' lang='grc' dir='ltr'>ἄνθρωπος</span> <span class='ocrx_word' id='word_1_280' title='bbox 431 1588 474 1624; x_wconf 73' lang='grc' dir='ltr'><strong>μὴ</strong></span> <span class='ocrx_word' id='word_1_281' title='bbox 492 1589 642 1624; x_wconf 79' lang='grc' dir='ltr'>χωριζέτω,</span> 
     </span>
    </p>
   </div>
   <div class='ocr_carea' id='block_1_37' title="bbox 158 1720 907 1758">
    <p class='ocr_par' dir='ltr' id='par_1_37' title="bbox 158 1720 907 1758">
     <span class='ocr_line' id='line_1_37' title="bbox 158 1720 907 1758; baseline 0.001 -10"><span class='ocrx_word' id='word_1_282' title='bbox 158 1721 204 1754; x_wconf 72' lang='grc' dir='ltr'>ς’.</span> <span class='ocrx_word' id='word_1_283' title='bbox 218 1720 281 1752; x_wconf 86' lang='grc' dir='ltr'>Πῶς</span> <span class='ocrx_word' id='word_1_284' title='bbox 292 1721 320 1747; x_wconf 79' lang='grc' dir='ltr'>δὲ</span> <span class='ocrx_word' id='word_1_285' title='bbox 332 1721 413 1748; x_wconf 83' lang='grc' dir='ltr'>πάλιν</span> <span class='ocrx_word' id='word_1_286' title='bbox 424 1722 438 1748; x_wconf 76' lang='grc' dir='ltr'>ὁ</span> <span class='ocrx_word' id='word_1_287' title='bbox 451 1721 560 1753; x_wconf 81' lang='grc' dir='ltr'>πλάνος,</span> <span class='ocrx_word' id='word_1_288' title='bbox 574 1722 768 1758; x_wconf 81' lang='grc' dir='ltr'>ἐπιλαθόμενος</span> <span class='ocrx_word' id='word_1_289' title='bbox 777 1722 828 1757; x_wconf 84' lang='grc' dir='ltr'>τῆς</span> <span class='ocrx_word' id='word_1_290' title='bbox 839 1722 907 1754; x_wconf 79' lang='grc' dir='ltr'>ἰδίας</span> 
     </span>
    </p>
   </div>
   <div class='ocr_carea' id='block_1_38' title="bbox 121 1765 905 1803">
    <p class='ocr_par' dir='ltr' id='par_1_38' title="bbox 121 1765 905 1803">
     <span class='ocr_line' id='line_1_38' title="bbox 121 1765 905 1803; baseline 0.004 -11"><span class='ocrx_word' id='word_1_291' title='bbox 121 1765 266 1801; x_wconf 82' lang='grc' dir='ltr'>ληρωδίας,</span> <span class='ocrx_word' id='word_1_292' title='bbox 283 1767 378 1793; x_wconf 80' lang='grc' dir='ltr'>ἑαυτὸν</span> <span class='ocrx_word' id='word_1_293' title='bbox 398 1767 516 1802; x_wconf 80' lang='grc' dir='ltr'>ἐλέγχει,</span> <span class='ocrx_word' id='word_1_294' title='bbox 532 1767 625 1803; x_wconf 86' lang='grc' dir='ltr'>ῶσπερ</span> <span class='ocrx_word' id='word_1_295' title='bbox 648 1768 752 1802; x_wconf 84' lang='grc' dir='ltr'>ἀγνοῶν</span> <span class='ocrx_word' id='word_1_296' title='bbox 771 1768 790 1795; x_wconf 81' lang='grc' dir='ltr'>ἃ</span> <span class='ocrx_word' id='word_1_297' title='bbox 808 1768 905 1803; x_wconf 82' lang='grc' dir='ltr'>προλέ-</span> 
     </span>
    </p>
   </div>
   <div class='ocr_carea' id='block_1_39' title="bbox 123 1811 908 1848">
    <p class='ocr_par' dir='ltr' id='par_1_39' title="bbox 123 1811 908 1848">
     <span class='ocr_line' id='line_1_39' title="bbox 123 1811 908 1848; baseline 0.005 -11"><span class='ocrx_word' id='word_1_298' title='bbox 123 1819 181 1846; x_wconf 65' lang='lat' dir='ltr'><strong>~(at;</strong></span> <span class='ocrx_word' id='word_1_299' title='bbox 195 1812 286 1847; x_wconf 81' lang='grc' dir='ltr'>Φήσας</span> <span class='ocrx_word' id='word_1_300' title='bbox 301 1811 366 1848; x_wconf 85' lang='grc' dir='ltr'>γὰρ,</span> <span class='ocrx_word' id='word_1_301' title='bbox 379 1813 419 1838; x_wconf 78' lang='grc' dir='ltr'>ὅτι</span> <span class='ocrx_word' id='word_1_302' title='bbox 438 1813 484 1839; x_wconf 82' lang='grc' dir='ltr'><strong>ὑπ’</strong></span> <span class='ocrx_word' id='word_1_303' title='bbox 496 1813 578 1840; x_wconf 81' lang='grc' dir='ltr'>αὑτοῦ</span> <span class='ocrx_word' id='word_1_304' title='bbox 592 1814 735 1848; x_wconf 85' lang='grc' dir='ltr'>γεγόνασιν</span> <span class='ocrx_word' id='word_1_305' title='bbox 754 1815 777 1841; x_wconf 81' lang='grc' dir='ltr'>οἱ</span> <span class='ocrx_word' id='word_1_306' title='bbox 796 1814 908 1848; x_wconf 78' lang='grc' dir='ltr'>ἄγγελοι</span> 
     </span>
    </p>
   </div>
   <div class='ocr_carea' id='block_1_40' title="bbox 122 1857 907 1896">
    <p class='ocr_par' dir='ltr' id='par_1_40' title="bbox 122 1857 907 1896">
     <span class='ocr_line' id='line_1_40' title="bbox 122 1857 907 1896; baseline 0.003 -12"><span class='ocrx_word' id='word_1_307' title='bbox 122 1857 168 1885; x_wconf 81' lang='grc' dir='ltr'><strong>διὰ</strong></span> <span class='ocrx_word' id='word_1_308' title='bbox 182 1857 230 1893; x_wconf 79' lang='grc' dir='ltr'>τῆς</span> <span class='ocrx_word' id='word_1_309' title='bbox 249 1858 331 1884; x_wconf 81' lang='grc' dir='ltr'>αὐτοῦ</span> <span class='ocrx_word' id='word_1_310' title='bbox 347 1858 459 1890; x_wconf 74' lang='grc' dir='ltr'>ἑννοίας,</span> <span class='ocrx_word' id='word_1_311' title='bbox 478 1859 557 1886; x_wconf 81' lang='grc' dir='ltr'>πάλιν</span> <span class='ocrx_word' id='word_1_312' title='bbox 573 1859 648 1894; x_wconf 76' lang='grc' dir='ltr'>ἔλεγε</span> <span class='ocrx_word' id='word_1_313' title='bbox 668 1860 907 1896; x_wconf 75' lang='grc' dir='ltr'>μεταμορφοῦσθαι</span> 
     </span>
    </p>
   </div>
   <div class='ocr_carea' id='block_1_41' title="bbox 123 1903 907 1941">
    <p class='ocr_par' dir='ltr' id='par_1_41' title="bbox 123 1903 907 1941">
     <span class='ocr_line' id='line_1_41' title="bbox 123 1903 907 1941; baseline 0.001 -10"><span class='ocrx_word' id='word_1_314' title='bbox 123 1903 185 1931; x_wconf 78' lang='grc' dir='ltr'>καθ’</span> <span class='ocrx_word' id='word_1_315' title='bbox 198 1903 313 1930; x_wconf 68' lang='grc' dir='ltr'>ἕκαστον</span> <span class='ocrx_word' id='word_1_316' title='bbox 329 1904 452 1939; x_wconf 81' lang='grc' dir='ltr'>οὐρανὸν,</span> <span class='ocrx_word' id='word_1_317' title='bbox 464 1905 537 1936; x_wconf 84' lang='grc' dir='ltr'>ὅπως</span> <span class='ocrx_word' id='word_1_318' title='bbox 548 1904 623 1932; x_wconf 81' lang='grc' dir='ltr'>λάθοι</span> <span class='ocrx_word' id='word_1_319' title='bbox 637 1906 699 1937; x_wconf 78' lang='grc' dir='ltr'>τοὺς</span> <span class='ocrx_word' id='word_1_320' title='bbox 713 1906 809 1937; x_wconf 77' lang='grc' dir='ltr'>αὐτοὺς</span> <span class='ocrx_word' id='word_1_321' title='bbox 825 1907 854 1932; x_wconf 81' lang='grc' dir='ltr'>ἐν</span> <span class='ocrx_word' id='word_1_322' title='bbox 868 1905 907 1941; x_wconf 83' lang='grc' dir='ltr'>τῷ</span> 
     </span>
    </p>
   </div>
   <div class='ocr_carea' id='block_1_42' title="bbox 123 1947 908 1985">
    <p class='ocr_par' dir='ltr' id='par_1_42' title="bbox 123 1947 908 1985">
     <span class='ocr_line' id='line_1_42' title="bbox 123 1947 908 1985; baseline 0.004 -10"><span class='ocrx_word' id='word_1_323' title='bbox 123 1949 255 1976; x_wconf 78' lang='grc' dir='ltr'>κατιέναι.</span> <span class='ocrx_word' id='word_1_324' title='bbox 272 1947 346 1985; x_wconf 75' lang='grc' dir='ltr'><strong>Ἀρα</strong></span> <span class='ocrx_word' id='word_1_325' title='bbox 369 1949 461 1982; x_wconf 79' lang='grc' dir='ltr'>δεδιὼς</span> <span class='ocrx_word' id='word_1_326' title='bbox 484 1950 622 1977; x_wconf 83' lang='grc' dir='ltr'>ἐλάνθανε.</span> <span class='ocrx_word' id='word_1_327' title='bbox 637 1951 691 1977; x_wconf 78' lang='grc' dir='ltr'><strong>Καὶ</strong></span> <span class='ocrx_word' id='word_1_328' title='bbox 711 1951 769 1983; x_wconf 87' lang='grc' dir='ltr'><strong>πῶς</strong></span> <span class='ocrx_word' id='word_1_329' title='bbox 792 1951 875 1978; x_wconf 83' lang='grc' dir='ltr'>δέδιεν</span> <span class='ocrx_word' id='word_1_330' title='bbox 893 1951 908 1978; x_wconf 80' lang='grc' dir='ltr'><strong><em>ὁ</em></strong></span> 
     </span>
    </p>
   </div>
   <div class='ocr_carea' id='block_1_43' title="bbox 123 1995 907 2031">
    <p class='ocr_par' dir='ltr' id='par_1_43' title="bbox 123 1995 907 2031">
     <span class='ocr_line' id='line_1_43' title="bbox 123 1995 907 2031; baseline 0.003 -9"><span class='ocrx_word' id='word_1_331' title='bbox 123 1995 277 2030; x_wconf 81' lang='grc' dir='ltr'>ληρολόγος,</span> <span class='ocrx_word' id='word_1_332' title='bbox 293 1995 340 2027; x_wconf 82' lang='grc' dir='ltr'>οὓς</span> <span class='ocrx_word' id='word_1_333' title='bbox 354 1995 434 2028; x_wconf 83' lang='grc' dir='ltr'>αὐτὸς</span> <span class='ocrx_word' id='word_1_334' title='bbox 447 1996 574 2031; x_wconf 73' lang='grc' dir='ltr'>ἐποίησεν</span> <span class='ocrx_word' id='word_1_335' title='bbox 594 1996 724 2031; x_wconf 86' lang='grc' dir='ltr'>ἀγγέλους</span> <span class='ocrx_word' id='word_1_336' title='bbox 737 2006 744 2030; x_wconf 87' lang='grc'>;</span> <span class='ocrx_word' id='word_1_337' title='bbox 761 1997 822 2029; x_wconf 87' lang='grc' dir='ltr'>Πῶς</span> <span class='ocrx_word' id='word_1_338' title='bbox 835 1997 864 2024; x_wconf 82' lang='grc' dir='ltr'>δὲ</span> <span class='ocrx_word' id='word_1_339' title='bbox 876 1998 907 2024; x_wconf 87' lang='grc' dir='ltr'>οὑ</span> 
     </span>
    </p>
   </div>
   <div class='ocr_carea' id='block_1_44' title="bbox 123 2041 909 2079">
    <p class='ocr_par' dir='ltr' id='par_1_44' title="bbox 123 2041 909 2079">
     <span class='ocr_line' id='line_1_44' title="bbox 123 2041 909 2079; baseline 0.003 -11"><span class='ocrx_word' id='word_1_340' title='bbox 123 2041 204 2068; x_wconf 78' lang='grc' dir='ltr'>παντὶ</span> <span class='ocrx_word' id='word_1_341' title='bbox 218 2041 411 2076; x_wconf 80' lang='grc' dir='ltr'>εὐθυέλεγκτος</span> <span class='ocrx_word' id='word_1_342' title='bbox 430 2042 511 2068; x_wconf 82' lang='grc' dir='ltr'>αὑτοῦ</span> <span class='ocrx_word' id='word_1_343' title='bbox 526 2043 582 2074; x_wconf 87' lang='grc' dir='ltr'>τοῖς</span> <span class='ocrx_word' id='word_1_344' title='bbox 599 2044 718 2075; x_wconf 67' lang='lat' dir='ltr'><strong>owe-toi;</strong></span> <span class='ocrx_word' id='word_1_345' title='bbox 731 2044 747 2078; x_wconf 79' lang='grc' dir='ltr'>ἡ</span> <span class='ocrx_word' id='word_1_346' title='bbox 765 2043 909 2079; x_wconf 86' lang='grc' dir='ltr'>ὑποσπορά</span> 
     </span>
    </p>
   </div>
   <div class='ocr_carea' id='block_1_45' title="bbox 123 2088 909 2125">
    <p class='ocr_par' dir='ltr' id='par_1_45' title="bbox 123 2088 909 2125">
     <span class='ocr_line' id='line_1_45' title="bbox 123 2088 909 2125; baseline 0.003 -11"><span class='ocrx_word' id='word_1_347' title='bbox 123 2088 172 2123; x_wconf 81' lang='grc' dir='ltr'>τῆς</span> <span class='ocrx_word' id='word_1_348' title='bbox 185 2088 288 2124; x_wconf 83' lang='grc' dir='ltr'>πλάνης</span> <span class='ocrx_word' id='word_1_349' title='bbox 311 2088 496 2124; x_wconf 82' lang='grc' dir='ltr'>εὑρεθήσεται,</span> <span class='ocrx_word' id='word_1_350' title='bbox 514 2089 593 2115; x_wconf 79' lang='grc' dir='ltr'>ὁπότε</span> <span class='ocrx_word' id='word_1_351' title='bbox 608 2089 637 2115; x_wconf 79' lang='grc' dir='ltr'>ὲν</span> <span class='ocrx_word' id='word_1_352' title='bbox 661 2089 731 2125; x_wconf 86' lang='grc' dir='ltr'>ἀρχῇ</span> <span class='ocrx_word' id='word_1_353' title='bbox 750 2089 876 2125; x_wconf 78' lang='grc' dir='ltr'>ἐποίησεν</span> <span class='ocrx_word' id='word_1_354' title='bbox 894 2090 909 2117; x_wconf 85' lang='grc' dir='ltr'><strong><em>ὁ</em></strong></span> 
     </span>
    </p>
   </div>
   <div class='ocr_carea' id='block_1_46' title="bbox 123 2133 908 2171">
    <p class='ocr_par' dir='ltr' id='par_1_46' title="bbox 123 2133 908 2171">
     <span class='ocr_line' id='line_1_46' title="bbox 123 2133 908 2171; baseline 0.001 -11"><span class='ocrx_word' id='word_1_355' title='bbox 123 2133 188 2165; x_wconf 82' lang='grc' dir='ltr'>Θεὸς</span> <span class='ocrx_word' id='word_1_356' title='bbox 199 2133 244 2161; x_wconf 83' lang='grc' dir='ltr'><strong>τὸν</strong></span> <span class='ocrx_word' id='word_1_357' title='bbox 265 2133 377 2169; x_wconf 80' lang='grc' dir='ltr'>οὐρανὸν</span> <span class='ocrx_word' id='word_1_358' title='bbox 391 2133 438 2160; x_wconf 76' lang='grc' dir='ltr'><strong>καὶ</strong></span> <span class='ocrx_word' id='word_1_359' title='bbox 457 2133 505 2168; x_wconf 88' lang='grc' dir='ltr'>τὴν</span> <span class='ocrx_word' id='word_1_360' title='bbox 520 2134 582 2170; x_wconf 85' lang='grc' dir='ltr'>γῆν,</span> <span class='ocrx_word' id='word_1_361' title='bbox 600 2135 710 2170; x_wconf 80' lang='grc' dir='ltr'>φησὶνὴ</span> <span class='ocrx_word' id='word_1_362' title='bbox 729 2135 839 2171; x_wconf 84' lang='grc' dir='ltr'>Γραφή;</span> <span class='ocrx_word' id='word_1_363' title='bbox 853 2135 908 2162; x_wconf 78' lang='grc' dir='ltr'>Καὶ</span> 
     </span>
    </p>
   </div>
   <div class='ocr_carea' id='block_1_47' title="bbox 943 211 1769 256">
    <p class='ocr_par' dir='ltr' id='par_1_47' title="bbox 943 211 1769 256">
     <span class='ocr_line' id='line_1_47' title="bbox 943 211 1769 256; baseline 0.005 -10"><span class='ocrx_word' id='word_1_364' title='bbox 943 219 971 247; x_wconf 87' lang='lat' dir='ltr'><strong>id</strong></span> <span class='ocrx_word' id='word_1_365' title='bbox 987 220 1060 254; x_wconf 89' lang='lat' dir='ltr'><strong>quod</strong></span> <span class='ocrx_word' id='word_1_366' title='bbox 1080 224 1249 255; x_wconf 88' lang='lat' dir='ltr'><strong>compertum</strong></span> <span class='ocrx_word' id='word_1_367' title='bbox 1268 225 1320 253; x_wconf 87' lang='lat' dir='ltr'><strong>est,</strong></span> <span class='ocrx_word' id='word_1_368' title='bbox 1340 220 1468 249; x_wconf 85' lang='lat' dir='ltr'><strong>accidere</strong></span> <span class='ocrx_word' id='word_1_369' title='bbox 1487 221 1586 256; x_wconf 85' lang='lat' dir='ltr'><strong>potuit,</strong></span> <span class='ocrx_word' id='word_1_370' title='bbox 1609 211 1645 248; x_wconf 20' lang='lat' dir='ltr'><strong>uti</strong></span> <span class='ocrx_word' id='word_1_371' title='bbox 1654 227 1732 250; x_wconf 77' lang='lat' dir='ltr'><strong>certo</strong></span> <span class='ocrx_word' id='word_1_372' title='bbox 1765 211 1769 214; x_wconf 28' lang='grc'><em>⁴</em></span> 
     </span>
    </p>
   </div>
   <div class='ocr_carea' id='block_1_48' title="bbox 942 265 1730 301">
    <p class='ocr_par' dir='ltr' id='par_1_48' title="bbox 942 265 1730 301">
     <span class='ocr_line' id='line_1_48' title="bbox 942 265 1730 301; baseline 0.001 -8"><span class='ocrx_word' id='word_1_373' title='bbox 942 265 1111 300; x_wconf 82' lang='lat' dir='ltr'><strong>deﬁnitaque</strong></span> <span class='ocrx_word' id='word_1_374' title='bbox 1132 269 1255 301; x_wconf 88' lang='lat' dir='ltr'><strong>tempore</strong></span> <span class='ocrx_word' id='word_1_375' title='bbox 1272 265 1366 292; x_wconf 78' lang='lat' dir='ltr'><strong>Romze</strong></span> <span class='ocrx_word' id='word_1_376' title='bbox 1389 271 1505 294; x_wconf 89' lang='lat' dir='ltr'><strong>mortem</strong></span> <span class='ocrx_word' id='word_1_377' title='bbox 1528 267 1639 299; x_wconf 90' lang='lat' dir='ltr'><strong>ohierit,</strong></span> <span class='ocrx_word' id='word_1_378' title='bbox 1664 275 1730 295; x_wconf 90' lang='lat' dir='ltr'><strong>cum</strong></span> 
     </span>
    </p>
   </div>
   <div class='ocr_carea' id='block_1_49' title="bbox 941 309 1728 344">
    <p class='ocr_par' dir='ltr' id='par_1_49' title="bbox 941 309 1728 344">
     <span class='ocr_line' id='line_1_49' title="bbox 941 309 1728 344; baseline 0.003 -8"><span class='ocrx_word' id='word_1_379' title='bbox 941 310 1030 336; x_wconf 84' lang='lat' dir='ltr'><strong>media</strong></span> <span class='ocrx_word' id='word_1_380' title='bbox 1049 309 1076 336; x_wconf 93' lang='lat' dir='ltr'><strong>iu</strong></span> <span class='ocrx_word' id='word_1_381' title='bbox 1093 309 1161 336; x_wconf 84' lang='lat' dir='ltr'><strong>urbe</strong></span> <span class='ocrx_word' id='word_1_382' title='bbox 1173 309 1303 336; x_wconf 83' lang='lat' dir='ltr'><strong>decidens</strong></span> <span class='ocrx_word' id='word_1_383' title='bbox 1319 317 1352 337; x_wconf 80' lang='lat' dir='ltr'><strong>ex</strong></span> <span class='ocrx_word' id='word_1_384' title='bbox 1368 310 1424 336; x_wconf 87' lang='lat' dir='ltr'><strong>alto</strong></span> <span class='ocrx_word' id='word_1_385' title='bbox 1437 310 1521 337; x_wconf 82' lang='lat' dir='ltr'><strong>miser</strong></span> <span class='ocrx_word' id='word_1_386' title='bbox 1537 311 1728 344; x_wconf 75' lang='lat' dir='ltr'><strong>interiit?Qua</strong></span> 
     </span>
    </p>
   </div>
   <div class='ocr_carea' id='block_1_50' title="bbox 942 354 1730 385">
    <p class='ocr_par' dir='ltr' id='par_1_50' title="bbox 942 354 1730 385">
     <span class='ocr_line' id='line_1_50' title="bbox 942 354 1730 385; baseline 0.005 -4"><span class='ocrx_word' id='word_1_387' title='bbox 942 354 1006 382; x_wconf 87' lang='lat' dir='ltr'><strong>item</strong></span> <span class='ocrx_word' id='word_1_388' title='bbox 1020 355 1127 382; x_wconf 92' lang='lat' dir='ltr'><strong>ratione</strong></span> <span class='ocrx_word' id='word_1_389' title='bbox 1141 354 1238 382; x_wconf 80' lang='lat' dir='ltr'><strong>Pelrus</strong></span> <span class='ocrx_word' id='word_1_390' title='bbox 1250 355 1321 382; x_wconf 90' lang='lat' dir='ltr'><strong>hanc</strong></span> <span class='ocrx_word' id='word_1_391' title='bbox 1335 355 1363 382; x_wconf 87' lang='lat' dir='ltr'><strong>in</strong></span> <span class='ocrx_word' id='word_1_392' title='bbox 1382 355 1457 382; x_wconf 92' lang='lat' dir='ltr'><strong>illum</strong></span> <span class='ocrx_word' id='word_1_393' title='bbox 1471 356 1634 384; x_wconf 86' lang='lat' dir='ltr'><strong>sententiam</strong></span> <span class='ocrx_word' id='word_1_394' title='bbox 1651 357 1730 385; x_wconf 87' lang='lat' dir='ltr'><strong>tulit:</strong></span> 
     </span>
    </p>
   </div>
   <div class='ocr_carea' id='block_1_51' title="bbox 942 400 1733 436">
    <p class='ocr_par' dir='ltr' id='par_1_51' title="bbox 942 400 1733 436">
     <span class='ocr_line' id='line_1_51' title="bbox 942 400 1733 436; baseline 0.004 -10"><span class='ocrx_word' id='word_1_395' title='bbox 942 400 1045 427; x_wconf 87' lang='lat' dir='ltr'><strong>nullam</strong></span> <span class='ocrx_word' id='word_1_396' title='bbox 1067 407 1128 427; x_wconf 92' lang='lat' dir='ltr'><strong>eum</strong></span> <span class='ocrx_word' id='word_1_397' title='bbox 1149 401 1176 428; x_wconf 91' lang='lat' dir='ltr'><strong>in</strong></span> <span class='ocrx_word' id='word_1_398' title='bbox 1189 401 1282 428; x_wconf 90' lang='lat' dir='ltr'><strong>divino</strong></span> <span class='ocrx_word' id='word_1_399' title='bbox 1295 401 1370 427; x_wconf 86' lang='lat' dir='ltr'><strong>cultu</strong></span> <span class='ocrx_word' id='word_1_400' title='bbox 1387 405 1500 434; x_wconf 85' lang='lat' dir='ltr'><strong>sortem,</strong></span> <span class='ocrx_word' id='word_1_401' title='bbox 1517 409 1549 429; x_wconf 87' lang='lat' dir='ltr'><strong>ac</strong></span> <span class='ocrx_word' id='word_1_402' title='bbox 1564 406 1666 436; x_wconf 82' lang='lat' dir='ltr'><strong>partem</strong></span> <span class='ocrx_word' id='word_1_403' title='bbox 1680 403 1733 430; x_wconf 82' lang='lat' dir='ltr'><strong>ob-</strong></span> 
     </span>
    </p>
   </div>
   <div class='ocr_carea' id='block_1_52' title="bbox 943 443 1733 476">
    <p class='ocr_par' dir='ltr' id='par_1_52' title="bbox 943 443 1733 476">
     <span class='ocr_line' id='line_1_52' title="bbox 943 443 1733 476; baseline 0.006 -6"><span class='ocrx_word' id='word_1_404' title='bbox 943 444 1031 471; x_wconf 90' lang='lat' dir='ltr'><strong>tinere</strong></span> <span class='ocrx_word' id='word_1_405' title='bbox 1043 444 1070 470; x_wconf 85' lang='lat'><strong>‘?</strong></span> <span class='ocrx_word' id='word_1_406' title='bbox 1081 443 1175 472; x_wconf 83' lang='lat' dir='ltr'><strong>Potest</strong></span> <span class='ocrx_word' id='word_1_407' title='bbox 1189 452 1252 472; x_wconf 84' lang='lat' dir='ltr'><strong>vero</strong></span> <span class='ocrx_word' id='word_1_408' title='bbox 1272 445 1392 472; x_wconf 87' lang='lat' dir='ltr'><strong>mundus</strong></span> <span class='ocrx_word' id='word_1_409' title='bbox 1413 452 1428 471; x_wconf 88' lang='lat' dir='ltr'><strong>a</strong></span> <span class='ocrx_word' id='word_1_410' title='bbox 1444 445 1517 473; x_wconf 91' lang='lat' dir='ltr'><strong>bono</strong></span> <span class='ocrx_word' id='word_1_411' title='bbox 1529 446 1583 473; x_wconf 88' lang='lat' dir='ltr'><strong>Deo</strong></span> <span class='ocrx_word' id='word_1_412' title='bbox 1597 454 1651 474; x_wconf 91' lang='lat' dir='ltr'><strong>non</strong></span> <span class='ocrx_word' id='word_1_413' title='bbox 1669 455 1733 476; x_wconf 85' lang='lat' dir='ltr'><strong>esse</strong></span> 
     </span>
    </p>
   </div>
   <div class='ocr_carea' id='block_1_53' title="bbox 943 489 1732 523">
    <p class='ocr_par' dir='ltr' id='par_1_53' title="bbox 943 489 1732 523">
     <span class='ocr_line' id='line_1_53' title="bbox 943 489 1732 523; baseline 0.004 -6"><span class='ocrx_word' id='word_1_414' title='bbox 943 489 1082 523; x_wconf 82' lang='lat' dir='ltr'><strong>conditus,</strong></span> <span class='ocrx_word' id='word_1_415' title='bbox 1107 498 1169 518; x_wconf 93' lang='lat' dir='ltr'><strong>cum</strong></span> <span class='ocrx_word' id='word_1_416' title='bbox 1193 491 1227 518; x_wconf 86' lang='lat' dir='ltr'><strong>ah</strong></span> <span class='ocrx_word' id='word_1_417' title='bbox 1250 499 1284 518; x_wconf 90' lang='lat' dir='ltr'><strong>eo</strong></span> <span class='ocrx_word' id='word_1_418' title='bbox 1305 491 1369 518; x_wconf 83' lang='lat' dir='ltr'><strong>boni</strong></span> <span class='ocrx_word' id='word_1_419' title='bbox 1389 499 1485 518; x_wconf 88' lang='lat' dir='ltr'><strong>omnes</strong></span> <span class='ocrx_word' id='word_1_420' title='bbox 1505 491 1585 519; x_wconf 82' lang='lat' dir='ltr'><strong>electi</strong></span> <span class='ocrx_word' id='word_1_421' title='bbox 1602 493 1678 520; x_wconf 86' lang='lat' dir='ltr'><strong>sint?</strong></span> <span class='ocrx_word' id='word_1_422' title='bbox 1696 494 1732 520; x_wconf 80' lang='lat' dir='ltr'><strong>At</strong></span> 
     </span>
    </p>
   </div>
   <div class='ocr_carea' id='block_1_54' title="bbox 944 535 1732 574">
    <p class='ocr_par' dir='ltr' id='par_1_54' title="bbox 944 535 1732 574">
     <span class='ocr_line' id='line_1_54' title="bbox 944 535 1732 574; baseline 0.005 -12"><span class='ocrx_word' id='word_1_423' title='bbox 944 536 1071 562; x_wconf 71' lang='lat' dir='ltr'><strong>haec&#39;cur</strong></span> <span class='ocrx_word' id='word_1_424' title='bbox 1085 535 1198 563; x_wconf 82' lang='lat' dir='ltr'><strong>sinistra</strong></span> <span class='ocrx_word' id='word_1_425' title='bbox 1214 543 1276 563; x_wconf 87' lang='lat' dir='ltr'><strong>esse</strong></span> <span class='ocrx_word' id='word_1_426' title='bbox 1298 535 1340 563; x_wconf 88' lang='lat' dir='ltr'><strong>vis</strong></span> <span class='ocrx_word' id='word_1_427' title='bbox 1360 536 1406 562; x_wconf 87' lang='lat' dir='ltr'><strong>illa</strong></span> <span class='ocrx_word' id='word_1_428' title='bbox 1421 536 1535 568; x_wconf 86' lang='lat' dir='ltr'><strong>dicitur,</strong></span> <span class='ocrx_word' id='word_1_429' title='bbox 1552 538 1653 572; x_wconf 73' lang='lat' dir='ltr'><strong>quaein</strong></span> <span class='ocrx_word' id='word_1_430' title='bbox 1672 539 1732 574; x_wconf 78' lang='lat' dir='ltr'><strong>lege</strong></span> 
     </span>
    </p>
   </div>
   <div class='ocr_carea' id='block_1_55' title="bbox 944 581 1728 617">
    <p class='ocr_par' dir='ltr' id='par_1_55' title="bbox 944 581 1728 617">
     <span class='ocr_line' id='line_1_55' title="bbox 944 581 1728 617; baseline 0.005 -9"><span class='ocrx_word' id='word_1_431' title='bbox 944 589 976 608; x_wconf 88' lang='lat' dir='ltr'><strong>ac</strong></span> <span class='ocrx_word' id='word_1_432' title='bbox 993 589 1042 616; x_wconf 84' lang='lat' dir='ltr'><strong>per</strong></span> <span class='ocrx_word' id='word_1_433' title='bbox 1053 582 1201 617; x_wconf 83' lang='lat' dir='ltr'><strong>prophetas</strong></span> <span class='ocrx_word' id='word_1_434' title='bbox 1218 582 1309 608; x_wconf 84' lang='lat' dir='ltr'><strong>locuta</strong></span> <span class='ocrx_word' id='word_1_435' title='bbox 1332 581 1385 608; x_wconf 86' lang='lat' dir='ltr'><strong>sit?</strong></span> <span class='ocrx_word' id='word_1_436' title='bbox 1399 590 1458 617; x_wconf 77' lang='lat' dir='ltr'><strong>qua:</strong></span> <span class='ocrx_word' id='word_1_437' title='bbox 1473 581 1576 611; x_wconf 81' lang='lat' dir='ltr'><strong>Christi</strong></span> <span class='ocrx_word' id='word_1_438' title='bbox 1598 583 1661 611; x_wconf 88' lang='lat' dir='ltr'><strong>boni</strong></span> <span class='ocrx_word' id='word_1_439' title='bbox 1680 583 1728 612; x_wconf 86' lang='lat' dir='ltr'><strong>Dei</strong></span> 
     </span>
    </p>
   </div>
   <div class='ocr_carea' id='block_1_56' title="bbox 944 627 1735 662">
    <p class='ocr_par' dir='ltr' id='par_1_56' title="bbox 944 627 1735 662">
     <span class='ocr_line' id='line_1_56' title="bbox 944 627 1735 662; baseline 0.004 -8"><span class='ocrx_word' id='word_1_440' title='bbox 944 628 1091 654; x_wconf 81' lang='lat' dir='ltr'><strong>adventum</strong></span> <span class='ocrx_word' id='word_1_441' title='bbox 1104 627 1282 662; x_wconf 75' lang='lat' dir='ltr'><strong>praedixerit?</strong></span> <span class='ocrx_word' id='word_1_442' title='bbox 1295 635 1357 662; x_wconf 71' lang='lat' dir='ltr'><strong>quae</strong></span> <span class='ocrx_word' id='word_1_443' title='bbox 1371 628 1476 654; x_wconf 86' lang='lat' dir='ltr'><strong>nefaria</strong></span> <span class='ocrx_word' id='word_1_444' title='bbox 1495 630 1586 656; x_wconf 86' lang='lat' dir='ltr'><strong>omnia</strong></span> <span class='ocrx_word' id='word_1_445' title='bbox 1598 630 1735 657; x_wconf 81' lang='lat' dir='ltr'><strong>vetuerit?</strong></span> 
     </span>
    </p>
   </div>
   <div class='ocr_carea' id='block_1_57' title="bbox 942 671 1728 709">
    <p class='ocr_par' dir='ltr' id='par_1_57' title="bbox 942 671 1728 709">
     <span class='ocr_line' id='line_1_57' title="bbox 942 671 1728 709; baseline 0.004 -10"><span class='ocrx_word' id='word_1_446' title='bbox 942 671 984 698; x_wconf 83' lang='lat' dir='ltr'><strong>An</strong></span> <span class='ocrx_word' id='word_1_447' title='bbox 1001 681 1056 699; x_wconf 89' lang='lat' dir='ltr'><strong>non</strong></span> <span class='ocrx_word' id='word_1_448' title='bbox 1073 681 1127 699; x_wconf 90' lang='lat' dir='ltr'><strong>una</strong></span> <span class='ocrx_word' id='word_1_449' title='bbox 1149 673 1296 707; x_wconf 83' lang='lat' dir='ltr'><strong>utrobique</strong></span> <span class='ocrx_word' id='word_1_450' title='bbox 1311 673 1440 701; x_wconf 81' lang='lat' dir='ltr'><strong>divinitas</strong></span> <span class='ocrx_word' id='word_1_451' title='bbox 1456 674 1582 709; x_wconf 87' lang='lat' dir='ltr'><strong>idemque</strong></span> <span class='ocrx_word' id='word_1_452' title='bbox 1603 675 1670 702; x_wconf 87' lang='lat' dir='ltr'><strong>Novi</strong></span> <span class='ocrx_word' id='word_1_453' title='bbox 1687 676 1728 704; x_wconf 65' lang='lat' dir='ltr'><strong>si-</strong></span> 
     </span>
    </p>
   </div>
   <div class='ocr_carea' id='block_1_58' title="bbox 948 718 1736 754">
    <p class='ocr_par' dir='ltr' id='par_1_58' title="bbox 948 718 1736 754">
     <span class='ocr_line' id='line_1_58' title="bbox 948 718 1736 754; baseline 0.006 -10"><span class='ocrx_word' id='word_1_454' title='bbox 948 718 1004 745; x_wconf 81' lang='lat' dir='ltr'><strong>niui</strong></span> <span class='ocrx_word' id='word_1_455' title='bbox 1028 725 1059 746; x_wconf 90' lang='lat' dir='ltr'><strong>ac</strong></span> <span class='ocrx_word' id='word_1_456' title='bbox 1085 718 1193 746; x_wconf 83' lang='lat' dir='ltr'><strong>Veteris</strong></span> <span class='ocrx_word' id='word_1_457' title='bbox 1221 718 1392 746; x_wconf 83' lang='lat' dir='ltr'><strong>Testamenti</strong></span> <span class='ocrx_word' id='word_1_458' title='bbox 1421 718 1541 754; x_wconf 86' lang='lat' dir='ltr'><strong>Spiritus</strong></span> <span class='ocrx_word' id='word_1_459' title='bbox 1562 728 1624 748; x_wconf 91' lang='lat' dir='ltr'><strong>esse</strong></span> <span class='ocrx_word' id='word_1_460' title='bbox 1643 721 1736 753; x_wconf 85' lang='lat' dir='ltr'><strong>debet,</strong></span> 
     </span>
    </p>
   </div>
   <div class='ocr_carea' id='block_1_59' title="bbox 947 763 1738 802">
    <p class='ocr_par' dir='ltr' id='par_1_59' title="bbox 947 763 1738 802">
     <span class='ocr_line' id='line_1_59' title="bbox 947 763 1738 802; baseline 0.003 -10"><span class='ocrx_word' id='word_1_461' title='bbox 947 771 1009 792; x_wconf 88' lang='lat' dir='ltr'><strong>cum</strong></span> <span class='ocrx_word' id='word_1_462' title='bbox 1027 763 1158 792; x_wconf 89' lang='lat' dir='ltr'><strong>Dominus</strong></span> <span class='ocrx_word' id='word_1_463' title='bbox 1174 764 1274 792; x_wconf 79' lang='lat' dir='ltr'><strong>dixerit</strong></span> <span class='ocrx_word' id='word_1_464' title='bbox 1289 774 1297 791; x_wconf 88' lang='lat'><strong>:</strong></span> <span class='ocrx_word' id='word_1_465' title='bbox 1311 764 1373 792; x_wconf 77' lang='lat' dir='ltr'><strong>Non</strong></span> <span class='ocrx_word' id='word_1_466' title='bbox 1393 766 1448 792; x_wconf 69' lang='lat' dir='ltr'><strong>veni</strong></span> <span class='ocrx_word' id='word_1_467' title='bbox 1463 766 1562 793; x_wconf 75' lang='lat' dir='ltr'><strong>solvere</strong></span> <span class='ocrx_word' id='word_1_468' title='bbox 1581 766 1673 802; x_wconf 84' lang='lat' dir='ltr'><strong>legem,</strong></span> <span class='ocrx_word' id='word_1_469' title='bbox 1690 767 1738 794; x_wconf 75' lang='lat' dir='ltr'><strong>sed</strong></span> 
     </span>
    </p>
   </div>
   <div class='ocr_carea' id='block_1_60' title="bbox 948 810 1738 845">
    <p class='ocr_par' dir='ltr' id='par_1_60' title="bbox 948 810 1738 845">
     <span class='ocr_line' id='line_1_60' title="bbox 948 810 1738 845; baseline 0.005 -9"><span class='ocrx_word' id='word_1_470' title='bbox 948 810 1195 845; x_wconf 78' lang='lat' dir='ltr'><strong>implere&#39;?Atque</strong></span> <span class='ocrx_word' id='word_1_471' title='bbox 1217 813 1246 836; x_wconf 94' lang='lat' dir='ltr'><strong>ut</strong></span> <span class='ocrx_word' id='word_1_472' title='bbox 1271 810 1337 837; x_wconf 92' lang='lat' dir='ltr'><strong>illud</strong></span> <span class='ocrx_word' id='word_1_473' title='bbox 1364 811 1531 844; x_wconf 84' lang='lat' dir='ltr'><strong>ostenderet,</strong></span> <span class='ocrx_word' id='word_1_474' title='bbox 1549 811 1738 840; x_wconf 87' lang='lat' dir='ltr'><strong>denuntiatam</strong></span> 
     </span>
    </p>
   </div>
   <div class='ocr_carea' id='block_1_61' title="bbox 913 849 1736 895">
    <p class='ocr_par' dir='ltr' id='par_1_61' title="bbox 913 849 1736 895">
     <span class='ocr_line' id='line_1_61' title="bbox 913 849 1736 895; baseline 0.005 -13"><span class='ocrx_word' id='word_1_475' title='bbox 913 849 934 877; x_wconf 71' lang='grc' dir='ltr'><strong>Β</strong></span> <span class='ocrx_word' id='word_1_476' title='bbox 949 862 965 882; x_wconf 83' lang='lat' dir='ltr'><strong>a</strong></span> <span class='ocrx_word' id='word_1_477' title='bbox 984 863 1014 883; x_wconf 89' lang='lat' dir='ltr'><strong>se</strong></span> <span class='ocrx_word' id='word_1_478' title='bbox 1030 856 1117 890; x_wconf 80' lang='lat' dir='ltr'><strong>legem</strong></span> <span class='ocrx_word' id='word_1_479' title='bbox 1137 863 1168 883; x_wconf 91' lang='lat' dir='ltr'><strong>ac</strong></span> <span class='ocrx_word' id='word_1_480' title='bbox 1186 863 1234 890; x_wconf 89' lang='lat' dir='ltr'><strong>per</strong></span> <span class='ocrx_word' id='word_1_481' title='bbox 1250 855 1370 892; x_wconf 85' lang='lat' dir='ltr'><strong>Moysem</strong></span> <span class='ocrx_word' id='word_1_482' title='bbox 1389 864 1572 892; x_wconf 87' lang='lat' dir='ltr'><strong>concessam;</strong></span> <span class='ocrx_word' id='word_1_483' title='bbox 1594 858 1736 895; x_wconf 74' lang='lat' dir='ltr'><strong>Evangelii</strong></span> 
     </span>
    </p>
   </div>
   <div class='ocr_carea' id='block_1_62' title="bbox 948 902 1737 939">
    <p class='ocr_par' dir='ltr' id='par_1_62' title="bbox 948 902 1737 939">
     <span class='ocr_line' id='line_1_62' title="bbox 948 902 1737 939; baseline 0.005 -11"><span class='ocrx_word' id='word_1_484' title='bbox 948 909 1013 929; x_wconf 81' lang='lat' dir='ltr'><strong>vero</strong></span> <span class='ocrx_word' id='word_1_485' title='bbox 1031 902 1145 936; x_wconf 74' lang='lat' dir='ltr'><strong>gratiam</strong></span> <span class='ocrx_word' id='word_1_486' title='bbox 1167 909 1214 937; x_wconf 90' lang='lat' dir='ltr'><strong>per</strong></span> <span class='ocrx_word' id='word_1_487' title='bbox 1238 902 1428 937; x_wconf 90' lang='lat' dir='ltr'><strong>semetipsum,</strong></span> <span class='ocrx_word' id='word_1_488' title='bbox 1454 903 1655 939; x_wconf 84' lang='lat' dir='ltr'><strong>adventumque</strong></span> <span class='ocrx_word' id='word_1_489' title='bbox 1673 912 1737 932; x_wconf 90' lang='lat' dir='ltr'><strong>cum</strong></span> 
     </span>
    </p>
   </div>
   <div class='ocr_carea' id='block_1_63' title="bbox 948 947 1739 984">
    <p class='ocr_par' dir='ltr' id='par_1_63' title="bbox 948 947 1739 984">
     <span class='ocr_line' id='line_1_63' title="bbox 948 947 1739 984; baseline 0.006 -11"><span class='ocrx_word' id='word_1_490' title='bbox 948 954 1031 974; x_wconf 88' lang='lat' dir='ltr'><strong>carne</strong></span> <span class='ocrx_word' id='word_1_491' title='bbox 1048 951 1128 974; x_wconf 77' lang='lat' dir='ltr'><strong>stium</strong></span> <span class='ocrx_word' id='word_1_492' title='bbox 1154 947 1313 975; x_wconf 91' lang='lat' dir='ltr'><strong>hominibus</strong></span> <span class='ocrx_word' id='word_1_493' title='bbox 1335 949 1545 984; x_wconf 76' lang='lat' dir='ltr'><strong>promulgatam,</strong></span> <span class='ocrx_word' id='word_1_494' title='bbox 1569 951 1607 977; x_wconf 85' lang='lat' dir='ltr'><strong>ita</strong></span> <span class='ocrx_word' id='word_1_495' title='bbox 1627 949 1739 979; x_wconf 69' lang='lat' dir='ltr'><strong>Iudaeos</strong></span> 
     </span>
    </p>
   </div>
   <div class='ocr_carea' id='block_1_64' title="bbox 948 992 1741 1030">
    <p class='ocr_par' dir='ltr' id='par_1_64' title="bbox 948 992 1741 1030">
     <span class='ocr_line' id='line_1_64' title="bbox 948 992 1741 1030; baseline 0.005 -11"><span class='ocrx_word' id='word_1_496' title='bbox 948 993 1083 1020; x_wconf 89' lang='lat' dir='ltr'><strong>allocutus</strong></span> <span class='ocrx_word' id='word_1_497' title='bbox 1099 996 1140 1019; x_wconf 83' lang='lat' dir='ltr'><strong>est</strong></span> <span class='ocrx_word' id='word_1_498' title='bbox 1153 1001 1159 1019; x_wconf 88' lang='lat'>:</span> <span class='ocrx_word' id='word_1_499' title='bbox 1173 992 1203 1019; x_wconf 88' lang='lat' dir='ltr'><strong>Si</strong></span> <span class='ocrx_word' id='word_1_500' title='bbox 1221 992 1360 1020; x_wconf 80' lang='lat' dir='ltr'><strong>crederetis</strong></span> <span class='ocrx_word' id='word_1_501' title='bbox 1377 993 1476 1028; x_wconf 78' lang='lat' dir='ltr'><strong>Moysi,</strong></span> <span class='ocrx_word' id='word_1_502' title='bbox 1490 994 1553 1020; x_wconf 74' lang='lat' dir='ltr'><strong>milii</strong></span> <span class='ocrx_word' id='word_1_503' title='bbox 1569 1003 1671 1030; x_wconf 83' lang='lat' dir='ltr'><strong>quoque</strong></span> <span class='ocrx_word' id='word_1_504' title='bbox 1685 1004 1741 1023; x_wconf 85' lang='lat' dir='ltr'><strong>cre-</strong></span> 
     </span>
    </p>
   </div>
   <div class='ocr_carea' id='block_1_65' title="bbox 948 1036 1742 1076">
    <p class='ocr_par' dir='ltr' id='par_1_65' title="bbox 948 1036 1742 1076">
     <span class='ocr_line' id='line_1_65' title="bbox 948 1036 1742 1076; baseline 0.006 -13"><span class='ocrx_word' id='word_1_505' title='bbox 948 1038 1057 1064; x_wconf 72' lang='lat' dir='ltr'><strong>deretis.</strong></span> <span class='ocrx_word' id='word_1_506' title='bbox 1072 1036 1124 1064; x_wconf 80' lang='lat' dir='ltr'><strong>Ille</strong></span> <span class='ocrx_word' id='word_1_507' title='bbox 1137 1038 1206 1064; x_wconf 83' lang='lat' dir='ltr'><strong>enim</strong></span> <span class='ocrx_word' id='word_1_508' title='bbox 1223 1037 1255 1064; x_wconf 88' lang='lat' dir='ltr'><strong>de</strong></span> <span class='ocrx_word' id='word_1_509' title='bbox 1269 1046 1309 1064; x_wconf 87' lang='lat' dir='ltr'><strong>me</strong></span> <span class='ocrx_word' id='word_1_510' title='bbox 1320 1039 1454 1073; x_wconf 75' lang='lat' dir='ltr'><strong>scripsit&#39;.</strong></span> <span class='ocrx_word' id='word_1_511' title='bbox 1472 1039 1526 1067; x_wconf 80' lang='lat' dir='ltr'><strong>Sed</strong></span> <span class='ocrx_word' id='word_1_512' title='bbox 1540 1043 1568 1066; x_wconf 85' lang='lat' dir='ltr'><strong>ct</strong></span> <span class='ocrx_word' id='word_1_513' title='bbox 1579 1041 1631 1067; x_wconf 87' lang='lat' dir='ltr'><strong>alia</strong></span> <span class='ocrx_word' id='word_1_514' title='bbox 1642 1049 1742 1076; x_wconf 89' lang='lat' dir='ltr'><strong>quam—</strong></span> 
     </span>
    </p>
   </div>
   <div class='ocr_carea' id='block_1_66' title="bbox 949 1085 1741 1122">
    <p class='ocr_par' dir='ltr' id='par_1_66' title="bbox 949 1085 1741 1122">
     <span class='ocr_line' id='line_1_66' title="bbox 949 1085 1741 1122; baseline 0.003 -11"><span class='ocrx_word' id='word_1_515' title='bbox 949 1085 1067 1120; x_wconf 85' lang='lat' dir='ltr'><strong>plurima</strong></span> <span class='ocrx_word' id='word_1_516' title='bbox 1081 1088 1154 1117; x_wconf 89' lang='lat' dir='ltr'><strong>sunt,</strong></span> <span class='ocrx_word' id='word_1_517' title='bbox 1170 1093 1230 1120; x_wconf 74' lang='lat' dir='ltr'><strong>qua:</strong></span> <span class='ocrx_word' id='word_1_518' title='bbox 1247 1085 1380 1114; x_wconf 83' lang='lat' dir='ltr'><strong>adversus</strong></span> <span class='ocrx_word' id='word_1_519' title='bbox 1392 1087 1545 1114; x_wconf 90' lang='lat' dir='ltr'><strong>contrarias</strong></span> <span class='ocrx_word' id='word_1_520' title='bbox 1555 1087 1741 1122; x_wconf 63' lang='lat' dir='ltr'><strong>praestigiato-</strong></span> 
     </span>
    </p>
   </div>
   <div class='ocr_carea' id='block_1_67' title="bbox 950 1131 1741 1167">
    <p class='ocr_par' dir='ltr' id='par_1_67' title="bbox 950 1131 1741 1167">
     <span class='ocr_line' id='line_1_67' title="bbox 950 1131 1741 1167; baseline 0 -9"><span class='ocrx_word' id='word_1_521' title='bbox 950 1132 990 1159; x_wconf 92' lang='lat' dir='ltr'><strong>ris</strong></span> <span class='ocrx_word' id='word_1_522' title='bbox 1010 1131 1085 1159; x_wconf 89' lang='lat' dir='ltr'><strong>illius</strong></span> <span class='ocrx_word' id='word_1_523' title='bbox 1098 1132 1221 1159; x_wconf 85' lang='lat' dir='ltr'><strong>rationes</strong></span> <span class='ocrx_word' id='word_1_524' title='bbox 1237 1139 1377 1167; x_wconf 87' lang='lat' dir='ltr'><strong>opponere</strong></span> <span class='ocrx_word' id='word_1_525' title='bbox 1397 1139 1555 1167; x_wconf 88' lang='lat' dir='ltr'><strong>pessumus.</strong></span> <span class='ocrx_word' id='word_1_526' title='bbox 1571 1132 1609 1159; x_wconf 81' lang='lat' dir='ltr'><strong>Ac</strong></span> <span class='ocrx_word' id='word_1_527' title='bbox 1623 1132 1677 1159; x_wconf 88' lang='lat' dir='ltr'><strong>nisi</strong></span> <span class='ocrx_word' id='word_1_528' title='bbox 1693 1132 1741 1159; x_wconf 87' lang='lat' dir='ltr'><strong>ille</strong></span> 
     </span>
    </p>
   </div>
   <div class='ocr_carea' id='block_1_68' title="bbox 950 1177 1742 1212">
    <p class='ocr_par' dir='ltr' id='par_1_68' title="bbox 950 1177 1742 1212">
     <span class='ocr_line' id='line_1_68' title="bbox 950 1177 1742 1212; baseline 0 -8"><span class='ocrx_word' id='word_1_529' title='bbox 950 1177 1105 1205; x_wconf 81' lang='lat' dir='ltr'><strong>daemonum</strong></span> <span class='ocrx_word' id='word_1_530' title='bbox 1120 1185 1219 1206; x_wconf 88' lang='lat' dir='ltr'><strong>sensus</strong></span> <span class='ocrx_word' id='word_1_531' title='bbox 1232 1181 1317 1210; x_wconf 88' lang='lat' dir='ltr'><strong>esset,</strong></span> <span class='ocrx_word' id='word_1_532' title='bbox 1332 1177 1470 1212; x_wconf 86' lang='lat' dir='ltr'><strong>quomodo</strong></span> <span class='ocrx_word' id='word_1_533' title='bbox 1485 1177 1558 1206; x_wconf 74' lang='lat' dir='ltr'><strong>foeda</strong></span> <span class='ocrx_word' id='word_1_534' title='bbox 1572 1178 1618 1204; x_wconf 88' lang='lat' dir='ltr'><strong>illa</strong></span> <span class='ocrx_word' id='word_1_535' title='bbox 1634 1177 1742 1212; x_wconf 76' lang='lat' dir='ltr'><strong>turpia-</strong></span> 
     </span>
    </p>
   </div>
   <div class='ocr_carea' id='block_1_69' title="bbox 951 1223 1740 1258">
    <p class='ocr_par' dir='ltr' id='par_1_69' title="bbox 951 1223 1740 1258">
     <span class='ocr_line' id='line_1_69' title="bbox 951 1223 1740 1258; baseline 0 -9"><span class='ocrx_word' id='word_1_536' title='bbox 951 1230 1004 1258; x_wconf 85' lang='lat' dir='ltr'><strong>que</strong></span> <span class='ocrx_word' id='word_1_537' title='bbox 1023 1223 1172 1250; x_wconf 89' lang='lat' dir='ltr'><strong>conciliare</strong></span> <span class='ocrx_word' id='word_1_538' title='bbox 1194 1223 1277 1250; x_wconf 89' lang='lat' dir='ltr'><strong>vitam</strong></span> <span class='ocrx_word' id='word_1_539' title='bbox 1298 1227 1431 1258; x_wconf 85' lang='lat' dir='ltr'><strong>possent,</strong></span> <span class='ocrx_word' id='word_1_540' title='bbox 1456 1231 1518 1250; x_wconf 90' lang='lat' dir='ltr'><strong>cum</strong></span> <span class='ocrx_word' id='word_1_541' title='bbox 1539 1223 1567 1250; x_wconf 90' lang='lat' dir='ltr'><strong>in</strong></span> <span class='ocrx_word' id='word_1_542' title='bbox 1592 1223 1740 1258; x_wconf 80' lang='lat' dir='ltr'><strong>Evangelia</strong></span> 
     </span>
    </p>
   </div>
   <div class='ocr_carea' id='block_1_70' title="bbox 952 1266 1741 1302">
    <p class='ocr_par' dir='ltr' id='par_1_70' title="bbox 952 1266 1741 1302">
     <span class='ocr_line' id='line_1_70' title="bbox 952 1266 1741 1302; baseline 0.003 -8"><span class='ocrx_word' id='word_1_543' title='bbox 952 1266 1085 1295; x_wconf 88' lang='lat' dir='ltr'><strong>Dominus</strong></span> <span class='ocrx_word' id='word_1_544' title='bbox 1105 1268 1163 1302; x_wconf 86' lang='lat' dir='ltr'><strong>ipse</strong></span> <span class='ocrx_word' id='word_1_545' title='bbox 1181 1268 1215 1295; x_wconf 93' lang='lat' dir='ltr'><strong>iis</strong></span> <span class='ocrx_word' id='word_1_546' title='bbox 1228 1268 1273 1302; x_wconf 86' lang='lat' dir='ltr'><strong>qui</strong></span> <span class='ocrx_word' id='word_1_547' title='bbox 1289 1268 1416 1295; x_wconf 82' lang='lat' dir='ltr'><strong>dixerant</strong></span> <span class='ocrx_word' id='word_1_548' title='bbox 1431 1277 1437 1295; x_wconf 94' lang='lat'>:</span> <span class='ocrx_word' id='word_1_549' title='bbox 1453 1268 1484 1295; x_wconf 86' lang='lat' dir='ltr'><strong>Si</strong></span> <span class='ocrx_word' id='word_1_550' title='bbox 1499 1269 1537 1295; x_wconf 84' lang='lat' dir='ltr'><strong>ita</strong></span> <span class='ocrx_word' id='word_1_551' title='bbox 1546 1273 1584 1295; x_wconf 79' lang='lat' dir='ltr'><strong>est</strong></span> <span class='ocrx_word' id='word_1_552' title='bbox 1599 1277 1681 1296; x_wconf 64' lang='lat' dir='ltr'><strong>causa</strong></span> <span class='ocrx_word' id='word_1_553' title='bbox 1691 1269 1741 1296; x_wconf 78' lang='lat' dir='ltr'><strong>uiri</strong></span> 
     </span>
    </p>
   </div>
   <div class='ocr_carea' id='block_1_71' title="bbox 952 1313 1743 1349">
    <p class='ocr_par' dir='ltr' id='par_1_71' title="bbox 952 1313 1743 1349">
     <span class='ocr_line' id='line_1_71' title="bbox 952 1313 1743 1349; baseline 0.003 -10"><span class='ocrx_word' id='word_1_554' title='bbox 952 1320 1012 1339; x_wconf 82' lang='lat' dir='ltr'><strong>cum</strong></span> <span class='ocrx_word' id='word_1_555' title='bbox 1029 1320 1122 1344; x_wconf 71' lang='lat' dir='ltr'><strong>uxore,</strong></span> <span class='ocrx_word' id='word_1_556' title='bbox 1143 1321 1194 1340; x_wconf 83' lang='lat' dir='ltr'><strong>non</strong></span> <span class='ocrx_word' id='word_1_557' title='bbox 1214 1313 1317 1346; x_wconf 68' lang='lat' dir='ltr'><strong>expedit</strong></span> <span class='ocrx_word' id='word_1_558' title='bbox 1332 1313 1439 1344; x_wconf 82' lang='lat' dir='ltr'><strong>nubere,</strong></span> <span class='ocrx_word' id='word_1_559' title='bbox 1458 1313 1502 1341; x_wconf 85' lang='lat' dir='ltr'><strong>his</strong></span> <span class='ocrx_word' id='word_1_560' title='bbox 1517 1314 1610 1341; x_wconf 84' lang='lat' dir='ltr'><strong>verbis</strong></span> <span class='ocrx_word' id='word_1_561' title='bbox 1627 1322 1743 1349; x_wconf 90' lang='lat' dir='ltr'><strong>respon-</strong></span> 
     </span>
    </p>
   </div>
   <div class='ocr_carea' id='block_1_72' title="bbox 953 1357 1742 1392">
    <p class='ocr_par' dir='ltr' id='par_1_72' title="bbox 953 1357 1742 1392">
     <span class='ocr_line' id='line_1_72' title="bbox 953 1357 1742 1392; baseline 0.001 -7"><span class='ocrx_word' id='word_1_562' title='bbox 953 1357 1016 1385; x_wconf 88' lang='lat' dir='ltr'><strong>deat</strong></span> <span class='ocrx_word' id='word_1_563' title='bbox 1030 1368 1036 1385; x_wconf 92' lang='lat'>:</span> <span class='ocrx_word' id='word_1_564' title='bbox 1052 1357 1114 1385; x_wconf 85' lang='lat' dir='ltr'><strong>Non</strong></span> <span class='ocrx_word' id='word_1_565' title='bbox 1129 1367 1216 1386; x_wconf 76' lang='lat' dir='ltr'><strong>omnes</strong></span> <span class='ocrx_word' id='word_1_566' title='bbox 1234 1359 1341 1392; x_wconf 76' lang='lat' dir='ltr'><strong>capiunt</strong></span> <span class='ocrx_word' id='word_1_567' title='bbox 1355 1359 1437 1385; x_wconf 82' lang='lat' dir='ltr'><strong>istud.</strong></span> <span class='ocrx_word' id='word_1_568' title='bbox 1451 1358 1518 1386; x_wconf 85' lang='lat' dir='ltr'><strong>Sunt</strong></span> <span class='ocrx_word' id='word_1_569' title='bbox 1534 1360 1604 1386; x_wconf 84' lang='lat' dir='ltr'><strong>enim</strong></span> <span class='ocrx_word' id='word_1_570' title='bbox 1617 1359 1742 1392; x_wconf 65' lang='lat' dir='ltr'><strong>eunuchi.</strong></span> 
     </span>
    </p>
   </div>
   <div class='ocr_carea' id='block_1_73' title="bbox 953 1404 1744 1439">
    <p class='ocr_par' dir='ltr' id='par_1_73' title="bbox 953 1404 1744 1439">
     <span class='ocr_line' id='line_1_73' title="bbox 953 1404 1744 1439; baseline 0.003 -9"><span class='ocrx_word' id='word_1_571' title='bbox 953 1404 998 1439; x_wconf 75' lang='lat' dir='ltr'><strong>qui</strong></span> <span class='ocrx_word' id='word_1_572' title='bbox 1012 1404 1110 1438; x_wconf 69' lang='lat' dir='ltr'><strong>seipse;</strong></span> <span class='ocrx_word' id='word_1_573' title='bbox 1133 1408 1315 1431; x_wconf 75' lang='lat' dir='ltr'><strong>castravetunt</strong></span> <span class='ocrx_word' id='word_1_574' title='bbox 1331 1409 1437 1439; x_wconf 83' lang='lat' dir='ltr'><strong>propter</strong></span> <span class='ocrx_word' id='word_1_575' title='bbox 1452 1412 1559 1439; x_wconf 84' lang='lat' dir='ltr'><strong>regnum</strong></span> <span class='ocrx_word' id='word_1_576' title='bbox 1580 1405 1744 1432; x_wconf 48' lang='lat' dir='ltr'><strong>caelorum“</strong></span> 
     </span>
    </p>
   </div>
   <div class='ocr_carea' id='block_1_74' title="bbox 955 1449 1743 1482">
    <p class='ocr_par' dir='ltr' id='par_1_74' title="bbox 955 1449 1743 1482">
     <span class='ocr_line' id='line_1_74' title="bbox 955 1449 1743 1482; baseline 0.001 -6"><span class='ocrx_word' id='word_1_577' title='bbox 955 1449 1060 1482; x_wconf 86' lang='lat' dir='ltr'><strong>Quibus</strong></span> <span class='ocrx_word' id='word_1_578' title='bbox 1072 1450 1162 1477; x_wconf 88' lang='lat' dir='ltr'><strong>verbis</strong></span> <span class='ocrx_word' id='word_1_579' title='bbox 1177 1449 1298 1477; x_wconf 85' lang='lat' dir='ltr'><strong>ostendit</strong></span> <span class='ocrx_word' id='word_1_580' title='bbox 1309 1456 1324 1476; x_wconf 87' lang='lat' dir='ltr'><strong>a</strong></span> <span class='ocrx_word' id='word_1_581' title='bbox 1336 1450 1534 1477; x_wconf 88' lang='lat' dir='ltr'><strong>consuetudine</strong></span> <span class='ocrx_word' id='word_1_582' title='bbox 1545 1450 1667 1478; x_wconf 90' lang='lat' dir='ltr'><strong>mulieris</strong></span> <span class='ocrx_word' id='word_1_583' title='bbox 1678 1450 1743 1478; x_wconf 77' lang='lat' dir='ltr'><strong>abs-</strong></span> 
     </span>
    </p>
   </div>
   <div class='ocr_carea' id='block_1_75' title="bbox 955 1495 1742 1531">
    <p class='ocr_par' dir='ltr' id='par_1_75' title="bbox 955 1495 1742 1531">
     <span class='ocr_line' id='line_1_75' title="bbox 955 1495 1742 1531; baseline 0.001 -9"><span class='ocrx_word' id='word_1_584' title='bbox 955 1495 1061 1527; x_wconf 86' lang='lat' dir='ltr'><strong>tinere,</strong></span> <span class='ocrx_word' id='word_1_585' title='bbox 1083 1503 1186 1523; x_wconf 90' lang='lat' dir='ltr'><strong>munus</strong></span> <span class='ocrx_word' id='word_1_586' title='bbox 1210 1503 1272 1523; x_wconf 88' lang='lat' dir='ltr'><strong>esse</strong></span> <span class='ocrx_word' id='word_1_587' title='bbox 1299 1503 1314 1522; x_wconf 90' lang='lat' dir='ltr'><strong>a</strong></span> <span class='ocrx_word' id='word_1_588' title='bbox 1341 1495 1446 1523; x_wconf 69' lang='lat' dir='ltr'><strong>caelesti</strong></span> <span class='ocrx_word' id='word_1_589' title='bbox 1465 1503 1551 1531; x_wconf 79' lang='lat' dir='ltr'><strong>regno</strong></span> <span class='ocrx_word' id='word_1_590' title='bbox 1574 1496 1742 1524; x_wconf 84' lang='lat' dir='ltr'><strong>derivatum.</strong></span> 
     </span>
    </p>
   </div>
   <div class='ocr_carea' id='block_1_76' title="bbox 957 1541 1743 1578">
    <p class='ocr_par' dir='ltr' id='par_1_76' title="bbox 957 1541 1743 1578">
     <span class='ocr_line' id='line_1_76' title="bbox 957 1541 1743 1578; baseline 0.003 -10"><span class='ocrx_word' id='word_1_591' title='bbox 957 1541 1064 1569; x_wconf 78' lang='lat' dir='ltr'><strong>Rursus</strong></span> <span class='ocrx_word' id='word_1_592' title='bbox 1083 1542 1154 1569; x_wconf 87' lang='lat' dir='ltr'><strong>idem</strong></span> <span class='ocrx_word' id='word_1_593' title='bbox 1177 1542 1229 1569; x_wconf 88' lang='lat' dir='ltr'><strong>alio</strong></span> <span class='ocrx_word' id='word_1_594' title='bbox 1251 1543 1279 1569; x_wconf 93' lang='lat' dir='ltr'><strong>in</strong></span> <span class='ocrx_word' id='word_1_595' title='bbox 1300 1543 1362 1570; x_wconf 91' lang='lat' dir='ltr'><strong>loco</strong></span> <span class='ocrx_word' id='word_1_596' title='bbox 1386 1543 1424 1570; x_wconf 88' lang='lat' dir='ltr'><strong>ita</strong></span> <span class='ocrx_word' id='word_1_597' title='bbox 1440 1542 1473 1570; x_wconf 89' lang='lat' dir='ltr'><strong>de</strong></span> <span class='ocrx_word' id='word_1_598' title='bbox 1495 1543 1617 1570; x_wconf 88' lang='lat' dir='ltr'><strong>honestis</strong></span> <span class='ocrx_word' id='word_1_599' title='bbox 1640 1543 1743 1578; x_wconf 79' lang='lat' dir='ltr'><strong>nuptiis</strong></span> 
     </span>
    </p>
   </div>
   <div class='ocr_carea' id='block_1_77' title="bbox 956 1587 1745 1624">
    <p class='ocr_par' dir='ltr' id='par_1_77' title="bbox 956 1587 1745 1624">
     <span class='ocr_line' id='line_1_77' title="bbox 956 1587 1745 1624; baseline 0.001 -10"><span class='ocrx_word' id='word_1_600' title='bbox 956 1587 1089 1622; x_wconf 80' lang='lat' dir='ltr'><strong>loquitur,</strong></span> <span class='ocrx_word' id='word_1_601' title='bbox 1102 1595 1171 1622; x_wconf 90' lang='lat' dir='ltr'><strong>quas</strong></span> <span class='ocrx_word' id='word_1_602' title='bbox 1189 1588 1291 1623; x_wconf 91' lang='lat' dir='ltr'><strong>impius</strong></span> <span class='ocrx_word' id='word_1_603' title='bbox 1311 1587 1405 1615; x_wconf 89' lang='lat' dir='ltr'><strong>Simon</strong></span> <span class='ocrx_word' id='word_1_604' title='bbox 1419 1588 1526 1624; x_wconf 84' lang='lat' dir='ltr'><strong>violans</strong></span> <span class='ocrx_word' id='word_1_605' title='bbox 1548 1589 1663 1624; x_wconf 85' lang='lat' dir='ltr'><strong>turpiter</strong></span> <span class='ocrx_word' id='word_1_606' title='bbox 1680 1589 1745 1616; x_wconf 87' lang='lat' dir='ltr'><strong>libi-</strong></span> 
     </span>
    </p>
   </div>
   <div class='ocr_carea' id='block_1_78' title="bbox 956 1632 1744 1669">
    <p class='ocr_par' dir='ltr' id='par_1_78' title="bbox 956 1632 1744 1669">
     <span class='ocr_line' id='line_1_78' title="bbox 956 1632 1744 1669; baseline 0.004 -10"><span class='ocrx_word' id='word_1_607' title='bbox 956 1632 1013 1659; x_wconf 90' lang='lat' dir='ltr'><strong>dini</strong></span> <span class='ocrx_word' id='word_1_608' title='bbox 1038 1640 1095 1660; x_wconf 76' lang='lat' dir='ltr'><strong>suae</strong></span> <span class='ocrx_word' id='word_1_609' title='bbox 1113 1632 1185 1660; x_wconf 86' lang='lat' dir='ltr'><strong>viam</strong></span> <span class='ocrx_word' id='word_1_610' title='bbox 1205 1641 1237 1660; x_wconf 87' lang='lat' dir='ltr'><strong>ac</strong></span> <span class='ocrx_word' id='word_1_611' title='bbox 1256 1633 1390 1661; x_wconf 87' lang='lat' dir='ltr'><strong>rationem</strong></span> <span class='ocrx_word' id='word_1_612' title='bbox 1412 1637 1547 1669; x_wconf 78' lang='lat' dir='ltr'><strong>praeparat</strong></span> <span class='ocrx_word' id='word_1_613' title='bbox 1561 1644 1568 1661; x_wconf 88' lang='lat'>:</span> <span class='ocrx_word' id='word_1_614' title='bbox 1583 1634 1655 1667; x_wconf 79' lang='lat' dir='ltr'><strong>Quos</strong></span> <span class='ocrx_word' id='word_1_615' title='bbox 1672 1633 1744 1662; x_wconf 68' lang='lat' dir='ltr'><strong>Deus</strong></span> 
     </span>
    </p>
   </div>
   <div class='ocr_carea' id='block_1_79' title="bbox 956 1678 1397 1713">
    <p class='ocr_par' dir='ltr' id='par_1_79' title="bbox 956 1678 1397 1713">
     <span class='ocr_line' id='line_1_79' title="bbox 956 1678 1397 1713; baseline -0.002 -7"><span class='ocrx_word' id='word_1_616' title='bbox 956 1679 1094 1713; x_wconf 74' lang='lat' dir='ltr'><strong>conjunxit</strong></span> <span class='ocrx_word' id='word_1_617' title='bbox 1109 1678 1185 1706; x_wconf 89' lang='lat' dir='ltr'><strong>homo</strong></span> <span class='ocrx_word' id='word_1_618' title='bbox 1202 1687 1255 1706; x_wconf 85' lang='lat' dir='ltr'><strong>non</strong></span> <span class='ocrx_word' id='word_1_619' title='bbox 1267 1684 1367 1713; x_wconf 75' lang='lat' dir='ltr'><strong>separet</strong></span> <span class='ocrx_word' id='word_1_620' title='bbox 1376 1678 1397 1705; x_wconf 87' lang='lat'><strong>&#39;.</strong></span> 
     </span>
    </p>
   </div>
   <div class='ocr_carea' id='block_1_80' title="bbox 994 1723 1744 1759">
    <p class='ocr_par' dir='ltr' id='par_1_80' title="bbox 994 1723 1744 1759">
     <span class='ocr_line' id='line_1_80' title="bbox 994 1723 1744 1759; baseline 0.001 -8"><span class='ocrx_word' id='word_1_621' title='bbox 994 1723 1039 1751; x_wconf 83' lang='lat' dir='ltr'><strong>Vl.</strong></span> <span class='ocrx_word' id='word_1_622' title='bbox 1060 1723 1296 1758; x_wconf 85' lang='lat' dir='ltr'><strong>Quemadmodum</strong></span> <span class='ocrx_word' id='word_1_623' title='bbox 1311 1732 1377 1752; x_wconf 90' lang='lat' dir='ltr'><strong>vero</strong></span> <span class='ocrx_word' id='word_1_624' title='bbox 1397 1732 1531 1759; x_wconf 79' lang='lat' dir='ltr'><strong>nugarum</strong></span> <span class='ocrx_word' id='word_1_625' title='bbox 1550 1732 1662 1752; x_wconf 89' lang='lat' dir='ltr'><strong>suarum</strong></span> <span class='ocrx_word' id='word_1_626' title='bbox 1676 1724 1744 1752; x_wconf 83' lang='lat' dir='ltr'><strong>obli-</strong></span> 
     </span>
    </p>
   </div>
   <div class='ocr_carea' id='block_1_81' title="bbox 957 1769 1745 1805">
    <p class='ocr_par' dir='ltr' id='par_1_81' title="bbox 957 1769 1745 1805">
     <span class='ocr_line' id='line_1_81' title="bbox 957 1769 1745 1805; baseline 0.003 -10"><span class='ocrx_word' id='word_1_627' title='bbox 957 1772 1003 1796; x_wconf 91' lang='lat' dir='ltr'><strong>tus</strong></span> <span class='ocrx_word' id='word_1_628' title='bbox 1019 1769 1164 1804; x_wconf 87' lang='lat' dir='ltr'><strong>impostor,</strong></span> <span class='ocrx_word' id='word_1_629' title='bbox 1190 1769 1264 1797; x_wconf 92' lang='lat' dir='ltr'><strong>velut</strong></span> <span class='ocrx_word' id='word_1_630' title='bbox 1285 1777 1380 1796; x_wconf 88' lang='lat' dir='ltr'><strong>eorum</strong></span> <span class='ocrx_word' id='word_1_631' title='bbox 1391 1770 1446 1805; x_wconf 76' lang='lat'><strong>60</strong></span> <span class='ocrx_word' id='word_1_632' title='bbox 1462 1777 1523 1804; x_wconf 61' lang='lat' dir='ltr'><strong>quae</strong></span> <span class='ocrx_word' id='word_1_633' title='bbox 1538 1774 1618 1797; x_wconf 83' lang='lat' dir='ltr'><strong>antea</strong></span> <span class='ocrx_word' id='word_1_634' title='bbox 1637 1770 1745 1798; x_wconf 80' lang='lat' dir='ltr'><strong>dixerat</strong></span> 
     </span>
    </p>
   </div>
   <div class='ocr_carea' id='block_1_82' title="bbox 958 1814 1745 1851">
    <p class='ocr_par' dir='ltr' id='par_1_82' title="bbox 958 1814 1745 1851">
     <span class='ocr_line' id='line_1_82' title="bbox 958 1814 1745 1851; baseline 0.001 -9"><span class='ocrx_word' id='word_1_635' title='bbox 958 1814 1082 1850; x_wconf 77' lang='lat' dir='ltr'><strong>ignarus,</strong></span> <span class='ocrx_word' id='word_1_636' title='bbox 1098 1815 1219 1849; x_wconf 86' lang='lat' dir='ltr'><strong>seipsum</strong></span> <span class='ocrx_word' id='word_1_637' title='bbox 1237 1814 1349 1842; x_wconf 87' lang='lat' dir='ltr'><strong>refellit!</strong></span> <span class='ocrx_word' id='word_1_638' title='bbox 1367 1814 1434 1842; x_wconf 82' lang='lat' dir='ltr'><strong>Nam</strong></span> <span class='ocrx_word' id='word_1_639' title='bbox 1453 1822 1514 1842; x_wconf 92' lang='lat' dir='ltr'><strong>cum</strong></span> <span class='ocrx_word' id='word_1_640' title='bbox 1530 1815 1646 1842; x_wconf 78' lang='lat' dir='ltr'><strong>dixisset</strong></span> <span class='ocrx_word' id='word_1_641' title='bbox 1662 1823 1745 1851; x_wconf 76' lang='lat' dir='ltr'><strong>ange-</strong></span> 
     </span>
    </p>
   </div>
   <div class='ocr_carea' id='block_1_83' title="bbox 958 1860 1746 1896">
    <p class='ocr_par' dir='ltr' id='par_1_83' title="bbox 958 1860 1746 1896">
     <span class='ocr_line' id='line_1_83' title="bbox 958 1860 1746 1896; baseline 0 -8"><span class='ocrx_word' id='word_1_642' title='bbox 958 1860 1000 1888; x_wconf 91' lang='lat' dir='ltr'><strong>los</strong></span> <span class='ocrx_word' id='word_1_643' title='bbox 1019 1868 1035 1888; x_wconf 88' lang='lat' dir='ltr'><strong>a</strong></span> <span class='ocrx_word' id='word_1_644' title='bbox 1057 1868 1086 1888; x_wconf 90' lang='lat' dir='ltr'><strong>se</strong></span> <span class='ocrx_word' id='word_1_645' title='bbox 1103 1868 1152 1895; x_wconf 83' lang='lat' dir='ltr'><strong>per</strong></span> <span class='ocrx_word' id='word_1_646' title='bbox 1168 1861 1374 1896; x_wconf 73' lang='lat' dir='ltr'><strong>intelligentiam</strong></span> <span class='ocrx_word' id='word_1_647' title='bbox 1399 1868 1477 1888; x_wconf 89' lang='lat' dir='ltr'><strong>suam</strong></span> <span class='ocrx_word' id='word_1_648' title='bbox 1497 1866 1653 1896; x_wconf 86' lang='lat' dir='ltr'><strong>procreatos</strong></span> <span class='ocrx_word' id='word_1_649' title='bbox 1672 1869 1746 1896; x_wconf 81' lang='lat' dir='ltr'><strong>esse,</strong></span> 
     </span>
    </p>
   </div>
   <div class='ocr_carea' id='block_1_84' title="bbox 959 1905 1749 1941">
    <p class='ocr_par' dir='ltr' id='par_1_84' title="bbox 959 1905 1749 1941">
     <span class='ocr_line' id='line_1_84' title="bbox 959 1905 1749 1941; baseline 0 -7"><span class='ocrx_word' id='word_1_650' title='bbox 959 1905 1076 1941; x_wconf 73' lang='lat' dir='ltr'><strong>subjecit</strong></span> <span class='ocrx_word' id='word_1_651' title='bbox 1093 1910 1200 1941; x_wconf 83' lang='lat' dir='ltr'><strong>postea,</strong></span> <span class='ocrx_word' id='word_1_652' title='bbox 1217 1910 1246 1932; x_wconf 93' lang='lat' dir='ltr'><strong>ut</strong></span> <span class='ocrx_word' id='word_1_653' title='bbox 1257 1906 1367 1934; x_wconf 87' lang='lat' dir='ltr'><strong>eosdem</strong></span> <span class='ocrx_word' id='word_1_654' title='bbox 1384 1906 1446 1933; x_wconf 91' lang='lat' dir='ltr'><strong>illos</strong></span> <span class='ocrx_word' id='word_1_655' title='bbox 1458 1906 1542 1934; x_wconf 88' lang='lat' dir='ltr'><strong>latere</strong></span> <span class='ocrx_word' id='word_1_656' title='bbox 1553 1905 1749 1934; x_wconf 71' lang='lat' dir='ltr'><strong>descendendo</strong></span> 
     </span>
    </p>
   </div>
   <div class='ocr_carea' id='block_1_85' title="bbox 958 1951 1746 1987">
    <p class='ocr_par' dir='ltr' id='par_1_85' title="bbox 958 1951 1746 1987">
     <span class='ocr_line' id='line_1_85' title="bbox 958 1951 1746 1987; baseline 0 -9"><span class='ocrx_word' id='word_1_657' title='bbox 958 1956 1061 1986; x_wconf 88' lang='lat' dir='ltr'><strong>posset,</strong></span> <span class='ocrx_word' id='word_1_658' title='bbox 1077 1951 1192 1987; x_wconf 80' lang='lat' dir='ltr'><strong>ﬁguram</strong></span> <span class='ocrx_word' id='word_1_659' title='bbox 1211 1951 1238 1978; x_wconf 91' lang='lat' dir='ltr'><strong>in</strong></span> <span class='ocrx_word' id='word_1_660' title='bbox 1259 1959 1425 1986; x_wconf 88' lang='lat' dir='ltr'><strong>unoquoque</strong></span> <span class='ocrx_word' id='word_1_661' title='bbox 1448 1952 1518 1979; x_wconf 69' lang='lat' dir='ltr'><strong>caelo</strong></span> <span class='ocrx_word' id='word_1_662' title='bbox 1541 1956 1673 1979; x_wconf 87' lang='lat' dir='ltr'><strong>mutasse.</strong></span> <span class='ocrx_word' id='word_1_663' title='bbox 1692 1952 1746 1987; x_wconf 80' lang='lat' dir='ltr'><strong>lgi-</strong></span> 
     </span>
    </p>
   </div>
   <div class='ocr_carea' id='block_1_86' title="bbox 958 1996 1746 2032">
    <p class='ocr_par' dir='ltr' id='par_1_86' title="bbox 958 1996 1746 2032">
     <span class='ocr_line' id='line_1_86' title="bbox 958 1996 1746 2032; baseline 0 -8"><span class='ocrx_word' id='word_1_664' title='bbox 958 2001 1005 2024; x_wconf 87' lang='lat' dir='ltr'><strong>tur</strong></span> <span class='ocrx_word' id='word_1_665' title='bbox 1020 1997 1121 2024; x_wconf 87' lang='lat' dir='ltr'><strong>latebat</strong></span> <span class='ocrx_word' id='word_1_666' title='bbox 1143 1997 1215 2029; x_wconf 89' lang='lat' dir='ltr'><strong>ideo,</strong></span> <span class='ocrx_word' id='word_1_667' title='bbox 1241 1997 1315 2032; x_wconf 90' lang='lat' dir='ltr'><strong>quod</strong></span> <span class='ocrx_word' id='word_1_668' title='bbox 1335 1997 1395 2024; x_wconf 91' lang='lat' dir='ltr'><strong>illos</strong></span> <span class='ocrx_word' id='word_1_669' title='bbox 1420 2001 1561 2024; x_wconf 85' lang='lat' dir='ltr'><strong>metueret.</strong></span> <span class='ocrx_word' id='word_1_670' title='bbox 1579 1996 1661 2032; x_wconf 86' lang='lat' dir='ltr'><strong>Atqui</strong></span> <span class='ocrx_word' id='word_1_671' title='bbox 1679 1997 1746 2032; x_wconf 88' lang='lat' dir='ltr'><strong>quid</strong></span> 
     </span>
    </p>
   </div>
   <div class='ocr_carea' id='block_1_87' title="bbox 959 2042 1747 2078">
    <p class='ocr_par' dir='ltr' id='par_1_87' title="bbox 959 2042 1747 2078">
     <span class='ocr_line' id='line_1_87' title="bbox 959 2042 1747 2078; baseline -0.003 -8"><span class='ocrx_word' id='word_1_672' title='bbox 959 2050 1007 2071; x_wconf 89' lang='lat' dir='ltr'><strong>eos</strong></span> <span class='ocrx_word' id='word_1_673' title='bbox 1023 2051 1094 2078; x_wconf 91' lang='lat' dir='ltr'><strong>quos</strong></span> <span class='ocrx_word' id='word_1_674' title='bbox 1108 2043 1166 2078; x_wconf 89' lang='lat' dir='ltr'><strong>ipse</strong></span> <span class='ocrx_word' id='word_1_675' title='bbox 1182 2043 1344 2071; x_wconf 88' lang='lat' dir='ltr'><strong>condiderat</strong></span> <span class='ocrx_word' id='word_1_676' title='bbox 1355 2043 1465 2078; x_wconf 78' lang='lat' dir='ltr'><strong>angelos</strong></span> <span class='ocrx_word' id='word_1_677' title='bbox 1481 2043 1614 2077; x_wconf 90' lang='lat' dir='ltr'><strong>impostor</strong></span> <span class='ocrx_word' id='word_1_678' title='bbox 1628 2042 1673 2068; x_wconf 89' lang='lat' dir='ltr'><strong>ille</strong></span> <span class='ocrx_word' id='word_1_679' title='bbox 1688 2049 1747 2069; x_wconf 89' lang='lat' dir='ltr'><strong>me-</strong></span> 
     </span>
    </p>
   </div>
   <div class='ocr_carea' id='block_1_88' title="bbox 959 2087 1746 2123">
    <p class='ocr_par' dir='ltr' id='par_1_88' title="bbox 959 2087 1746 2123">
     <span class='ocr_line' id='line_1_88' title="bbox 959 2087 1746 2123; baseline -0.001 -8"><span class='ocrx_word' id='word_1_680' title='bbox 959 2089 1068 2116; x_wconf 85' lang='lat' dir='ltr'><strong>tuebat?</strong></span> <span class='ocrx_word' id='word_1_681' title='bbox 1088 2088 1183 2116; x_wconf 84' lang='lat' dir='ltr'><strong>Nonne</strong></span> <span class='ocrx_word' id='word_1_682' title='bbox 1198 2089 1280 2117; x_wconf 85' lang='lat' dir='ltr'><strong>etiam</strong></span> <span class='ocrx_word' id='word_1_683' title='bbox 1295 2089 1423 2116; x_wconf 89' lang='lat' dir='ltr'><strong>convictu</strong></span> <span class='ocrx_word' id='word_1_684' title='bbox 1440 2088 1528 2115; x_wconf 83' lang='lat' dir='ltr'><strong>facilis</strong></span> <span class='ocrx_word' id='word_1_685' title='bbox 1541 2087 1668 2123; x_wconf 85' lang='lat' dir='ltr'><strong>prudenti</strong></span> <span class='ocrx_word' id='word_1_686' title='bbox 1684 2087 1746 2114; x_wconf 87' lang='lat' dir='ltr'><strong>cui-</strong></span> 
     </span>
    </p>
   </div>
   <div class='ocr_carea' id='block_1_89' title="bbox 958 2125 1746 2170">
    <p class='ocr_par' dir='ltr' id='par_1_89' title="bbox 958 2125 1746 2170">
     <span class='ocr_line' id='line_1_89' title="bbox 958 2125 1746 2170; baseline -0.003 -8"><span class='ocrx_word' id='word_1_687' title='bbox 958 2135 1026 2162; x_wconf 89' lang='lat' dir='ltr'><strong>libet</strong></span> <span class='ocrx_word' id='word_1_688' title='bbox 1048 2136 1157 2162; x_wconf 85' lang='lat' dir='ltr'><strong>occulte</strong></span> <span class='ocrx_word' id='word_1_689' title='bbox 1173 2135 1375 2170; x_wconf 84' lang='lat' dir='ltr'><strong>proseminatus</strong></span> <span class='ocrx_word' id='word_1_690' title='bbox 1393 2141 1471 2162; x_wconf 90' lang='lat' dir='ltr'><strong>error</strong></span> <span class='ocrx_word' id='word_1_691' title='bbox 1496 2134 1541 2162; x_wconf 91' lang='lat' dir='ltr'><strong>ille</strong></span> <span class='ocrx_word' id='word_1_692' title='bbox 1565 2125 1659 2166; x_wconf 64' lang='lat' dir='ltr'><strong>fuerit,</strong></span> <span class='ocrx_word' id='word_1_693' title='bbox 1681 2140 1746 2160; x_wconf 88' lang='lat' dir='ltr'><strong>cum</strong></span> 
     </span>
    </p>
   </div>
   <div class='ocr_carea' id='block_1_90' title="bbox 125 2178 900 2218">
    <p class='ocr_par' dir='ltr' id='par_1_90' title="bbox 125 2180 900 2216">
     <span class='ocr_line' id='line_1_90' title="bbox 125 2180 900 2216; baseline 0.003 -10"><span class='ocrx_word' id='word_1_694' title='bbox 125 2181 290 2215; x_wconf 81' lang='grc' dir='ltr'>συνᾳδόντως</span> <span class='ocrx_word' id='word_1_695' title='bbox 305 2180 391 2216; x_wconf 86' lang='grc' dir='ltr'>τούτῳ</span> <span class='ocrx_word' id='word_1_696' title='bbox 402 2180 441 2216; x_wconf 83' lang='grc' dir='ltr'>τῷ</span> <span class='ocrx_word' id='word_1_697' title='bbox 454 2180 526 2216; x_wconf 87' lang='grc' dir='ltr'>λόγῳ</span> <span class='ocrx_word' id='word_1_698' title='bbox 538 2182 552 2207; x_wconf 86' lang='grc' dir='ltr'><strong>ό</strong></span> <span class='ocrx_word' id='word_1_699' title='bbox 571 2180 673 2216; x_wconf 85' lang='grc' dir='ltr'>Κύριος</span> <span class='ocrx_word' id='word_1_700' title='bbox 687 2181 715 2207; x_wconf 83' lang='grc' dir='ltr'>ὲν</span> <span class='ocrx_word' id='word_1_701' title='bbox 728 2181 766 2216; x_wconf 86' lang='grc' dir='ltr'>τῷ</span> <span class='ocrx_word' id='word_1_702' title='bbox 785 2182 900 2216; x_wconf 78' lang='grc' dir='ltr'>Εὑαγγε-</span> 
     </span>
    </p>
   </div>
   <div class='ocr_carea' id='block_1_91' title="bbox 953 2178 1748 2218">
    <p class='ocr_par' dir='ltr' id='par_1_91' title="bbox 961 2178 1748 2216">
     <span class='ocr_line' id='line_1_91' title="bbox 961 2178 1748 2216; baseline -0.004 -8"><span class='ocrx_word' id='word_1_703' title='bbox 961 2180 1105 2216; x_wconf 86' lang='lat' dir='ltr'><strong>Scriplura</strong></span> <span class='ocrx_word' id='word_1_704' title='bbox 1120 2184 1200 2213; x_wconf 82' lang='lat' dir='ltr'><strong>teste,</strong></span> <span class='ocrx_word' id='word_1_705' title='bbox 1217 2181 1245 2208; x_wconf 88' lang='lat' dir='ltr'><strong>in</strong></span> <span class='ocrx_word' id='word_1_706' title='bbox 1256 2181 1394 2216; x_wconf 89' lang='lat' dir='ltr'><strong>principio</strong></span> <span class='ocrx_word' id='word_1_707' title='bbox 1412 2179 1546 2207; x_wconf 86' lang='lat' dir='ltr'><strong>creaverit</strong></span> <span class='ocrx_word' id='word_1_708' title='bbox 1562 2178 1632 2207; x_wconf 86' lang='lat' dir='ltr'><strong>Deus</strong></span> <span class='ocrx_word' id='word_1_709' title='bbox 1646 2178 1748 2206; x_wconf 61' lang='lat' dir='ltr'><strong>malum</strong></span> 
     </span>
    </p>
   </div>
   <div class='ocr_carea' id='block_1_92' title="bbox 123 2223 905 2263">
    <p class='ocr_par' dir='ltr' id='par_1_92' title="bbox 123 2223 905 2263">
     <span class='ocr_line' id='line_1_92' title="bbox 123 2223 905 2263; baseline 0.001 -11"><span class='ocrx_word' id='word_1_710' title='bbox 123 2223 173 2261; x_wconf 86' lang='grc' dir='ltr'><strong>λίῳ</strong></span> <span class='ocrx_word' id='word_1_711' title='bbox 193 2227 284 2260; x_wconf 76' lang='grc' dir='ltr'>φησὶν,</span> <span class='ocrx_word' id='word_1_712' title='bbox 301 2226 338 2258; x_wconf 82' lang='grc' dir='ltr'>ὡς</span> <span class='ocrx_word' id='word_1_713' title='bbox 349 2227 417 2263; x_wconf 87' lang='grc' dir='ltr'>πρὸς</span> <span class='ocrx_word' id='word_1_714' title='bbox 429 2227 475 2253; x_wconf 76' lang='grc' dir='ltr'><strong>τὸν</strong></span> <span class='ocrx_word' id='word_1_715' title='bbox 486 2226 552 2253; x_wconf 82' lang='grc' dir='ltr'>Θεὸν</span> <span class='ocrx_word' id='word_1_716' title='bbox 568 2226 676 2261; x_wconf 86' lang='grc' dir='ltr'>Πατέρα</span> <span class='ocrx_word' id='word_1_717' title='bbox 689 2226 734 2252; x_wconf 81' lang='grc' dir='ltr'><strong>τὸν</strong></span> <span class='ocrx_word' id='word_1_718' title='bbox 749 2227 828 2253; x_wconf 77' lang='grc' dir='ltr'>ἴδιον·</span> <span class='ocrx_word' id='word_1_719' title='bbox 844 2226 905 2253; x_wconf 80' lang='grc' dir='ltr'>Πά-</span> 
     </span>
    </p>
   </div>
   <div class='ocr_carea' id='block_1_93' title="bbox 123 2271 907 2307">
    <p class='ocr_par' dir='ltr' id='par_1_93' title="bbox 123 2271 907 2307">
     <span class='ocr_line' id='line_1_93' title="bbox 123 2271 907 2307; baseline 0 -9"><span class='ocrx_word' id='word_1_720' title='bbox 123 2279 183 2306; x_wconf 79' lang='grc' dir='ltr'>τερ.</span> <span class='ocrx_word' id='word_1_721' title='bbox 196 2272 283 2305; x_wconf 78' lang='grc' dir='ltr'>Κύριε</span> <span class='ocrx_word' id='word_1_722' title='bbox 303 2272 356 2299; x_wconf 82' lang='grc' dir='ltr'>τοῦ</span> <span class='ocrx_word' id='word_1_723' title='bbox 381 2272 511 2306; x_wconf 76' lang='grc' dir='ltr'>οὐρανοῦ</span> <span class='ocrx_word' id='word_1_724' title='bbox 532 2272 581 2299; x_wconf 75' lang='grc' dir='ltr'>καί</span> <span class='ocrx_word' id='word_1_725' title='bbox 604 2272 660 2306; x_wconf 76' lang='grc' dir='ltr'>τῆς</span> <span class='ocrx_word' id='word_1_726' title='bbox 680 2271 747 2307; x_wconf 75' lang='grc' dir='ltr'>γῆς.</span> <span class='ocrx_word' id='word_1_727' title='bbox 763 2273 794 2298; x_wconf 84' lang='lat' dir='ltr'><strong>El</strong></span> <span class='ocrx_word' id='word_1_728' title='bbox 818 2272 907 2299; x_wconf 82' lang='grc' dir='ltr'>τοίνυν</span> 
     </span>
    </p>
   </div>
   <div class='ocr_carea' id='block_1_94' title="bbox 124 2316 906 2353">
    <p class='ocr_par' dir='ltr' id='par_1_94' title="bbox 124 2316 906 2353">
     <span class='ocr_line' id='line_1_94' title="bbox 124 2316 906 2353; baseline 0.003 -11"><span class='ocrx_word' id='word_1_729' title='bbox 124 2316 238 2351; x_wconf 81' lang='grc' dir='ltr'>ποιητὴς</span> <span class='ocrx_word' id='word_1_730' title='bbox 261 2316 375 2352; x_wconf 83' lang='grc' dir='ltr'>οὐρανοῦ</span> <span class='ocrx_word' id='word_1_731' title='bbox 392 2317 440 2343; x_wconf 75' lang='grc' dir='ltr'><strong>καὶ</strong></span> <span class='ocrx_word' id='word_1_732' title='bbox 462 2317 513 2352; x_wconf 87' lang='grc' dir='ltr'>γῆς</span> <span class='ocrx_word' id='word_1_733' title='bbox 534 2317 651 2353; x_wconf 81' lang='grc' dir='ltr'>ὑπάρχει</span> <span class='ocrx_word' id='word_1_734' title='bbox 665 2318 679 2343; x_wconf 86' lang='grc' dir='ltr'><strong>ό</strong></span> <span class='ocrx_word' id='word_1_735' title='bbox 693 2317 760 2349; x_wconf 85' lang='grc' dir='ltr'>Θεὸς</span> <span class='ocrx_word' id='word_1_736' title='bbox 773 2318 787 2344; x_wconf 86' lang='grc' dir='ltr'><strong>ό</strong></span> <span class='ocrx_word' id='word_1_737' title='bbox 811 2318 906 2353; x_wconf 83' lang='grc' dir='ltr'>Πατὴρ</span> 
     </span>
    </p>
   </div>
   <div class='ocr_carea' id='block_1_95' title="bbox 124 2361 908 2398">
    <p class='ocr_par' dir='ltr' id='par_1_95' title="bbox 124 2361 908 2398">
     <span class='ocr_line' id='line_1_95' title="bbox 124 2361 908 2398; baseline 0.004 -11"><span class='ocrx_word' id='word_1_738' title='bbox 124 2361 170 2387; x_wconf 84' lang='grc' dir='ltr'><strong>τοῦ</strong></span> <span class='ocrx_word' id='word_1_739' title='bbox 186 2361 288 2397; x_wconf 84' lang='grc' dir='ltr'>Κυρίου</span> <span class='ocrx_word' id='word_1_740' title='bbox 312 2361 390 2397; x_wconf 87' lang='grc' dir='ltr'>ἡμῶν</span> <span class='ocrx_word' id='word_1_741' title='bbox 411 2361 498 2396; x_wconf 78' lang='grc' dir='ltr'>Ἰησοῦ</span> <span class='ocrx_word' id='word_1_742' title='bbox 512 2362 640 2397; x_wconf 81' lang='grc' dir='ltr'>Χριστοῦ,</span> <span class='ocrx_word' id='word_1_743' title='bbox 657 2363 744 2398; x_wconf 83' lang='grc' dir='ltr'>μάτην</span> <span class='ocrx_word' id='word_1_744' title='bbox 760 2363 794 2389; x_wconf 83' lang='grc' dir='ltr'><strong>τὰ</strong></span> <span class='ocrx_word' id='word_1_745' title='bbox 819 2363 908 2390; x_wconf 81' lang='grc' dir='ltr'>πάντα</span> 
     </span>
    </p>
   </div>
   <div class='ocr_carea' id='block_1_96' title="bbox 124 2404 907 2444">
    <p class='ocr_par' dir='ltr' id='par_1_96' title="bbox 124 2404 907 2444">
     <span class='ocr_line' id='line_1_96' title="bbox 124 2404 907 2444; baseline 0.003 -11"><span class='ocrx_word' id='word_1_746' title='bbox 124 2406 162 2442; x_wconf 82' lang='grc' dir='ltr'>τῷ</span> <span class='ocrx_word' id='word_1_747' title='bbox 178 2407 333 2443; x_wconf 67' lang='grc' dir='ltr'>συκοφάντῃ</span> <span class='ocrx_word' id='word_1_748' title='bbox 348 2407 451 2443; x_wconf 79' lang='grc' dir='ltr'>Σίμωνι</span> <span class='ocrx_word' id='word_1_749' title='bbox 471 2408 587 2444; x_wconf 78' lang='grc' dir='ltr'>εῐρηται,</span> <span class='ocrx_word' id='word_1_750' title='bbox 606 2408 636 2435; x_wconf 82' lang='grc' dir='ltr'><strong>τὸ</strong></span> <span class='ocrx_word' id='word_1_751' title='bbox 659 2408 703 2435; x_wconf 80' lang='grc' dir='ltr'><strong>ὑπ’</strong></span> <span class='ocrx_word' id='word_1_752' title='bbox 721 2404 842 2443; x_wconf 81' lang='grc' dir='ltr'>ἀγγέλων</span> <span class='ocrx_word' id='word_1_753' title='bbox 861 2409 907 2436; x_wconf 85' lang='grc' dir='ltr'><strong>τὸν</strong></span> 
     </span>
    </p>
   </div>
   <div class='ocr_carea' id='block_1_97' title="bbox 125 2452 908 2489">
    <p class='ocr_par' dir='ltr' id='par_1_97' title="bbox 125 2452 908 2489">
     <span class='ocr_line' id='line_1_97' title="bbox 125 2452 908 2489; baseline 0.003 -10"><span class='ocrx_word' id='word_1_754' title='bbox 125 2452 225 2487; x_wconf 78' lang='grc' dir='ltr'>κόσμον</span> <span class='ocrx_word' id='word_1_755' title='bbox 237 2453 266 2478; x_wconf 85' lang='grc' dir='ltr'>ὲν</span> <span class='ocrx_word' id='word_1_756' title='bbox 279 2452 448 2488; x_wconf 82' lang='grc' dir='ltr'>ὲλαττώματι</span> <span class='ocrx_word' id='word_1_757' title='bbox 457 2453 628 2489; x_wconf 81' lang='grc' dir='ltr'>γεγενῆσθαι,</span> <span class='ocrx_word' id='word_1_758' title='bbox 641 2455 686 2481; x_wconf 77' lang='grc' dir='ltr'><strong>καὶ</strong></span> <span class='ocrx_word' id='word_1_759' title='bbox 697 2454 729 2480; x_wconf 83' lang='grc' dir='ltr'><strong>τὰ</strong></span> <span class='ocrx_word' id='word_1_760' title='bbox 740 2454 807 2481; x_wconf 78' lang='grc' dir='ltr'>ἄλλα</span> <span class='ocrx_word' id='word_1_761' title='bbox 820 2455 908 2481; x_wconf 83' lang='grc' dir='ltr'>πάντα</span> 
     </span>
    </p>
   </div>
   <div class='ocr_carea' id='block_1_98' title="bbox 125 2498 909 2537">
    <p class='ocr_par' dir='ltr' id='par_1_98' title="bbox 125 2498 909 2537">
     <span class='ocr_line' id='line_1_98' title="bbox 125 2498 909 2537; baseline 0.004 -13"><span class='ocrx_word' id='word_1_762' title='bbox 125 2498 173 2525; x_wconf 75' lang='grc' dir='ltr'>ὅσα</span> <span class='ocrx_word' id='word_1_763' title='bbox 193 2498 328 2534; x_wconf 88' lang='grc' dir='ltr'>δαιμονῶν</span> <span class='ocrx_word' id='word_1_764' title='bbox 342 2500 357 2525; x_wconf 85' lang='grc' dir='ltr'><strong>ὀ</strong></span> <span class='ocrx_word' id='word_1_765' title='bbox 376 2499 476 2532; x_wconf 79' lang='grc' dir='ltr'>πλάνος</span> <span class='ocrx_word' id='word_1_766' title='bbox 498 2499 537 2536; x_wconf 83' lang='grc' dir='ltr'>τῷ</span> <span class='ocrx_word' id='word_1_767' title='bbox 558 2499 653 2536; x_wconf 84' lang='grc' dir='ltr'>κόσμῳ</span> <span class='ocrx_word' id='word_1_768' title='bbox 677 2500 839 2537; x_wconf 81' lang='grc' dir='ltr'>παραλαλῶν</span> <span class='ocrx_word' id='word_1_769' title='bbox 862 2501 909 2534; x_wconf 76' lang='grc' dir='ltr'><strong>ἑξ-</strong></span> 
     </span>
    </p>
   </div>
   <div class='ocr_carea' id='block_1_99' title="bbox 958 2223 1749 2259">
    <p class='ocr_par' dir='ltr' id='par_1_99' title="bbox 958 2223 1749 2259">
     <span class='ocr_line' id='line_1_99' title="bbox 958 2223 1749 2259; baseline -0.004 -6"><span class='ocrx_word' id='word_1_770' title='bbox 958 2230 987 2253; x_wconf 90' lang='lat' dir='ltr'><strong>et</strong></span> <span class='ocrx_word' id='word_1_771' title='bbox 1003 2230 1103 2254; x_wconf 88' lang='lat' dir='ltr'><strong>terram</strong></span> <span class='ocrx_word' id='word_1_772' title='bbox 1115 2226 1143 2253; x_wconf 70' lang='grc' dir='ltr'>ετ</span> <span class='ocrx_word' id='word_1_773' title='bbox 1156 2226 1262 2259; x_wconf 87' lang='lat' dir='ltr'><strong>Quihus</strong></span> <span class='ocrx_word' id='word_1_774' title='bbox 1278 2230 1493 2253; x_wconf 88' lang='lat' dir='ltr'><strong>consentaneum</strong></span> <span class='ocrx_word' id='word_1_775' title='bbox 1511 2229 1553 2252; x_wconf 86' lang='lat' dir='ltr'><strong>est</strong></span> <span class='ocrx_word' id='word_1_776' title='bbox 1566 2224 1640 2259; x_wconf 89' lang='lat' dir='ltr'><strong>quod</strong></span> <span class='ocrx_word' id='word_1_777' title='bbox 1655 2223 1749 2251; x_wconf 88' lang='lat' dir='ltr'><strong>Domi-</strong></span> 
     </span>
    </p>
   </div>
   <div class='ocr_carea' id='block_1_100' title="bbox 958 2269 1745 2307">
    <p class='ocr_par' dir='ltr' id='par_1_100' title="bbox 958 2269 1745 2307">
     <span class='ocr_line' id='line_1_100' title="bbox 958 2269 1745 2307; baseline -0.003 -9"><span class='ocrx_word' id='word_1_778' title='bbox 958 2279 1012 2298; x_wconf 87' lang='lat' dir='ltr'><strong>nus</strong></span> <span class='ocrx_word' id='word_1_779' title='bbox 1033 2272 1060 2298; x_wconf 96' lang='lat' dir='ltr'><strong>in</strong></span> <span class='ocrx_word' id='word_1_780' title='bbox 1079 2271 1227 2307; x_wconf 79' lang='lat' dir='ltr'><strong>Evangelio</strong></span> <span class='ocrx_word' id='word_1_781' title='bbox 1253 2271 1337 2299; x_wconf 88' lang='lat' dir='ltr'><strong>Deum</strong></span> <span class='ocrx_word' id='word_1_782' title='bbox 1361 2270 1470 2298; x_wconf 79' lang='lat' dir='ltr'><strong>Patrem</strong></span> <span class='ocrx_word' id='word_1_783' title='bbox 1490 2270 1632 2304; x_wconf 89' lang='lat' dir='ltr'><strong>alloquens</strong></span> <span class='ocrx_word' id='word_1_784' title='bbox 1654 2269 1745 2296; x_wconf 86' lang='lat' dir='ltr'><strong>dicit:</strong></span> 
     </span>
    </p>
   </div>
   <div class='ocr_carea' id='block_1_101' title="bbox 959 2315 1747 2349">
    <p class='ocr_par' dir='ltr' id='par_1_101' title="bbox 959 2315 1747 2349">
     <span class='ocr_line' id='line_1_101' title="bbox 959 2315 1747 2349; baseline -0.003 -6"><span class='ocrx_word' id='word_1_785' title='bbox 959 2317 1052 2349; x_wconf 82' lang='lat' dir='ltr'><strong>Pater,</strong></span> <span class='ocrx_word' id='word_1_786' title='bbox 1064 2317 1174 2344; x_wconf 83' lang='lat' dir='ltr'><strong>Domine</strong></span> <span class='ocrx_word' id='word_1_787' title='bbox 1188 2317 1246 2344; x_wconf 72' lang='lat' dir='ltr'><strong>caeli</strong></span> <span class='ocrx_word' id='word_1_788' title='bbox 1266 2325 1297 2343; x_wconf 80' lang='lat' dir='ltr'><strong>ac</strong></span> <span class='ocrx_word' id='word_1_789' title='bbox 1311 2321 1388 2343; x_wconf 79' lang='lat' dir='ltr'><strong>terra:</strong></span> <span class='ocrx_word' id='word_1_790' title='bbox 1397 2317 1418 2343; x_wconf 84' lang='lat'><strong>&#39;.</strong></span> <span class='ocrx_word' id='word_1_791' title='bbox 1434 2315 1512 2348; x_wconf 87' lang='lat' dir='ltr'><strong>Quod</strong></span> <span class='ocrx_word' id='word_1_792' title='bbox 1535 2315 1558 2342; x_wconf 91' lang='lat' dir='ltr'><strong>si</strong></span> <span class='ocrx_word' id='word_1_793' title='bbox 1577 2315 1638 2341; x_wconf 61' lang='lat' dir='ltr'><strong>caeli</strong></span> <span class='ocrx_word' id='word_1_794' title='bbox 1654 2318 1747 2342; x_wconf 70' lang='lat' dir='ltr'><strong>teme-</strong></span> 
     </span>
    </p>
   </div>
   <div class='ocr_carea' id='block_1_102' title="bbox 961 2361 1747 2398">
    <p class='ocr_par' dir='ltr' id='par_1_102' title="bbox 961 2361 1747 2398">
     <span class='ocr_line' id='line_1_102' title="bbox 961 2361 1747 2398; baseline -0.003 -7"><span class='ocrx_word' id='word_1_795' title='bbox 961 2371 1015 2398; x_wconf 86' lang='lat' dir='ltr'><strong>que</strong></span> <span class='ocrx_word' id='word_1_796' title='bbox 1040 2363 1169 2392; x_wconf 87' lang='lat' dir='ltr'><strong>conditor</strong></span> <span class='ocrx_word' id='word_1_797' title='bbox 1194 2369 1237 2392; x_wconf 86' lang='lat' dir='ltr'><strong>est</strong></span> <span class='ocrx_word' id='word_1_798' title='bbox 1251 2363 1322 2391; x_wconf 87' lang='lat' dir='ltr'><strong>Deus</strong></span> <span class='ocrx_word' id='word_1_799' title='bbox 1345 2363 1425 2390; x_wconf 88' lang='lat' dir='ltr'><strong>Pater</strong></span> <span class='ocrx_word' id='word_1_800' title='bbox 1443 2362 1550 2389; x_wconf 90' lang='lat' dir='ltr'><strong>Domini</strong></span> <span class='ocrx_word' id='word_1_801' title='bbox 1574 2362 1661 2389; x_wconf 89' lang='lat' dir='ltr'><strong>nostri</strong></span> <span class='ocrx_word' id='word_1_802' title='bbox 1680 2361 1747 2389; x_wconf 81' lang='lat' dir='ltr'><strong>Jesu</strong></span> 
     </span>
    </p>
   </div>
   <div class='ocr_carea' id='block_1_103' title="bbox 962 2408 1747 2444">
    <p class='ocr_par' dir='ltr' id='par_1_103' title="bbox 962 2408 1747 2444">
     <span class='ocr_line' id='line_1_103' title="bbox 962 2408 1747 2444; baseline -0.001 -8"><span class='ocrx_word' id='word_1_803' title='bbox 962 2408 1074 2442; x_wconf 85' lang='lat' dir='ltr'><strong>Christi,</strong></span> <span class='ocrx_word' id='word_1_804' title='bbox 1093 2409 1197 2437; x_wconf 80' lang='lat' dir='ltr'><strong>frustra</strong></span> <span class='ocrx_word' id='word_1_805' title='bbox 1220 2410 1314 2437; x_wconf 86' lang='lat' dir='ltr'><strong>omnia</strong></span> <span class='ocrx_word' id='word_1_806' title='bbox 1334 2417 1350 2436; x_wconf 89' lang='lat' dir='ltr'><strong>a</strong></span> <span class='ocrx_word' id='word_1_807' title='bbox 1378 2409 1549 2444; x_wconf 83' lang='lat' dir='ltr'><strong>sycophanta</strong></span> <span class='ocrx_word' id='word_1_808' title='bbox 1572 2409 1685 2436; x_wconf 90' lang='lat' dir='ltr'><strong>Simone</strong></span> <span class='ocrx_word' id='word_1_809' title='bbox 1703 2408 1747 2443; x_wconf 88' lang='lat' dir='ltr'><strong>ja-</strong></span> 
     </span>
    </p>
   </div>
   <div class='ocr_carea' id='block_1_104' title="bbox 962 2454 1746 2489">
    <p class='ocr_par' dir='ltr' id='par_1_104' title="bbox 962 2454 1746 2489">
     <span class='ocr_line' id='line_1_104' title="bbox 962 2454 1746 2489; baseline 0 -8"><span class='ocrx_word' id='word_1_810' title='bbox 962 2458 1084 2486; x_wconf 86' lang='lat' dir='ltr'><strong>ctantur,</strong></span> <span class='ocrx_word' id='word_1_811' title='bbox 1108 2454 1241 2482; x_wconf 89' lang='lat' dir='ltr'><strong>mundum</strong></span> <span class='ocrx_word' id='word_1_812' title='bbox 1259 2455 1362 2482; x_wconf 85' lang='lat' dir='ltr'><strong>scilicet</strong></span> <span class='ocrx_word' id='word_1_813' title='bbox 1385 2455 1419 2482; x_wconf 84' lang='lat' dir='ltr'><strong>ab</strong></span> <span class='ocrx_word' id='word_1_814' title='bbox 1435 2454 1540 2489; x_wconf 78' lang='lat' dir='ltr'><strong>angelis</strong></span> <span class='ocrx_word' id='word_1_815' title='bbox 1558 2462 1620 2481; x_wconf 93' lang='lat' dir='ltr'><strong>cum</strong></span> <span class='ocrx_word' id='word_1_816' title='bbox 1638 2454 1746 2481; x_wconf 79' lang='lat' dir='ltr'><strong>defectu</strong></span> 
     </span>
    </p>
   </div>
   <div class='ocr_carea' id='block_1_105' title="bbox 962 2499 1748 2536">
    <p class='ocr_par' dir='ltr' id='par_1_105' title="bbox 962 2499 1748 2536">
     <span class='ocr_line' id='line_1_105' title="bbox 962 2499 1748 2536; baseline -0.001 -9"><span class='ocrx_word' id='word_1_817' title='bbox 962 2500 1141 2534; x_wconf 83' lang='lat' dir='ltr'><strong>fabricatum;</strong></span> <span class='ocrx_word' id='word_1_818' title='bbox 1155 2504 1308 2536; x_wconf 61' lang='lat' dir='ltr'><strong>caeteraque</strong></span> <span class='ocrx_word' id='word_1_819' title='bbox 1322 2500 1425 2532; x_wconf 86' lang='lat' dir='ltr'><strong>omnia,</strong></span> <span class='ocrx_word' id='word_1_820' title='bbox 1447 2507 1507 2535; x_wconf 73' lang='lat' dir='ltr'><strong>qua:</strong></span> <span class='ocrx_word' id='word_1_821' title='bbox 1520 2499 1656 2527; x_wconf 84' lang='lat' dir='ltr'><strong>fanaticus</strong></span> <span class='ocrx_word' id='word_1_822' title='bbox 1672 2503 1748 2527; x_wconf 84' lang='lat' dir='ltr'><strong>vete-</strong></span> 
     </span>
    </p>
   </div>
   <div class='ocr_carea' id='block_1_106' title="bbox 161 2576 900 2614">
    <p class='ocr_par' dir='ltr' id='par_1_106' title="bbox 161 2576 891 2614">
     <span class='ocr_line' id='line_1_106' title="bbox 161 2576 891 2614; baseline 0.003 -10"><span class='ocrx_word' id='word_1_823' title='bbox 161 2576 243 2614; x_wconf 65' lang='lat' dir='ltr'><strong>‘__Act.</strong></span> <span class='ocrx_word' id='word_1_824' title='bbox 262 2584 322 2610; x_wconf 77' lang='lat' dir='ltr'><strong>vui,</strong></span> <span class='ocrx_word' id='word_1_825' title='bbox 337 2576 384 2604; x_wconf 75' lang='grc'><strong>21.</strong></span> <span class='ocrx_word' id='word_1_826' title='bbox 419 2577 537 2607; x_wconf 81' lang='lat' dir='ltr'><strong>&#39;Matth.</strong></span> <span class='ocrx_word' id='word_1_827' title='bbox 556 2587 583 2611; x_wconf 90' lang='lat' dir='ltr'><strong>v,</strong></span> <span class='ocrx_word' id='word_1_828' title='bbox 600 2578 642 2605; x_wconf 79' lang='grc'>17.</span> <span class='ocrx_word' id='word_1_829' title='bbox 682 2579 692 2595; x_wconf 92' lang='grc'>³</span> <span class='ocrx_word' id='word_1_830' title='bbox 706 2577 785 2608; x_wconf 81' lang='lat' dir='ltr'><strong>Joan.</strong></span> <span class='ocrx_word' id='word_1_831' title='bbox 799 2587 827 2613; x_wconf 91' lang='lat' dir='ltr'><strong>v,</strong></span> <span class='ocrx_word' id='word_1_832' title='bbox 845 2579 891 2607; x_wconf 76' lang='grc'><strong>46.</strong></span> 
     </span>
    </p>
   </div>
   <div class='ocr_carea' id='block_1_107' title="bbox 953 2576 1748 2614">
    <p class='ocr_par' dir='ltr' id='par_1_107' title="bbox 956 2577 1748 2614">
     <span class='ocr_line' id='line_1_107' title="bbox 956 2577 1748 2614; baseline -0.003 -8"><span class='ocrx_word' id='word_1_833' title='bbox 956 2578 1052 2607; x_wconf 86' lang='lat' dir='ltr'><strong>Matth.</strong></span> <span class='ocrx_word' id='word_1_834' title='bbox 1071 2587 1127 2612; x_wconf 71' lang='lat' dir='ltr'><strong>xxx,</strong></span> <span class='ocrx_word' id='word_1_835' title='bbox 1146 2579 1180 2606; x_wconf 81' lang='grc'>10</span> <span class='ocrx_word' id='word_1_836' title='bbox 1194 2586 1255 2614; x_wconf 90' lang='lat' dir='ltr'><strong>sqq.</strong></span> <span class='ocrx_word' id='word_1_837' title='bbox 1293 2579 1304 2595; x_wconf 76' lang='grc'>⁸</span> <span class='ocrx_word' id='word_1_838' title='bbox 1318 2578 1385 2606; x_wconf 88' lang='lat' dir='ltr'><strong>ibid.</strong></span> <span class='ocrx_word' id='word_1_839' title='bbox 1398 2577 1426 2606; x_wconf 82' lang='lat'><strong>6.</strong></span> <span class='ocrx_word' id='word_1_840' title='bbox 1463 2578 1473 2593; x_wconf 81' lang='lat'><strong>‘</strong></span> <span class='ocrx_word' id='word_1_841' title='bbox 1487 2577 1554 2606; x_wconf 85' lang='lat' dir='ltr'><strong>Gen.</strong></span> <span class='ocrx_word' id='word_1_842' title='bbox 1574 2586 1594 2611; x_wconf 92' lang='grc' dir='ltr'><strong>ι,</strong></span> <span class='ocrx_word' id='word_1_843' title='bbox 1611 2577 1636 2606; x_wconf 83' lang='grc'><strong>1.</strong></span> <span class='ocrx_word' id='word_1_844' title='bbox 1657 2577 1748 2605; x_wconf 81' lang='lat' dir='ltr'><strong>&#39;Luc.</strong></span> 
     </span>
    </p>
   </div>
   <div class='ocr_carea' id='block_1_108' title="bbox 127 2612 210 2645">
    <p class='ocr_par' dir='ltr' id='par_1_108' title="bbox 127 2612 210 2645">
     <span class='ocr_line' id='line_1_108' title="bbox 127 2612 210 2645; baseline 0 -7"><span class='ocrx_word' id='word_1_845' title='bbox 127 2612 210 2645; x_wconf 50' lang='grc' dir='ltr'>κει.</span> 
     </span>
    </p>
   </div>
   <div class='ocr_carea' id='block_1_109' title="bbox 162 2688 904 2725">
    <p class='ocr_par' dir='ltr' id='par_1_109' title="bbox 162 2688 904 2725">
     <span class='ocr_line' id='line_1_109' title="bbox 162 2688 904 2725; baseline 0.003 -9"><span class='ocrx_word' id='word_1_846' title='bbox 162 2689 218 2724; x_wconf 81' lang='grc'><strong>(58)</strong></span> <span class='ocrx_word' id='word_1_847' title='bbox 239 2690 288 2716; x_wconf 76' lang='grc' dir='ltr'><strong>Ἐν</strong></span> <span class='ocrx_word' id='word_1_848' title='bbox 298 2690 378 2725; x_wconf 78' lang='grc' dir='ltr'>μέσῃ</span> <span class='ocrx_word' id='word_1_849' title='bbox 400 2688 439 2725; x_wconf 77' lang='grc' dir='ltr'>τῇ</span> <span class='ocrx_word' id='word_1_850' title='bbox 463 2689 521 2717; x_wconf 81' lang='grc' dir='ltr'>τῶν</span> <span class='ocrx_word' id='word_1_851' title='bbox 543 2689 688 2725; x_wconf 78' lang='grc' dir='ltr'><strong>Ῥωμαίων·</strong></span> <span class='ocrx_word' id='word_1_852' title='bbox 702 2691 800 2719; x_wconf 75' lang='grc' dir='ltr'>πόλει.</span> <span class='ocrx_word' id='word_1_853' title='bbox 828 2690 904 2718; x_wconf 88' lang='lat' dir='ltr'><strong>Hanc</strong></span> 
     </span>
    </p>
   </div>
   <div class='ocr_carea' id='block_1_110' title="bbox 127 2723 905 2765">
    <p class='ocr_par' dir='ltr' id='par_1_110' title="bbox 127 2723 905 2765">
     <span class='ocr_line' id='line_1_110' title="bbox 127 2723 905 2765; baseline 0.004 -15"><span class='ocrx_word' id='word_1_854' title='bbox 127 2723 268 2765; x_wconf 64' lang='lat' dir='ltr'><strong>historiam</strong></span> <span class='ocrx_word' id='word_1_855' title='bbox 284 2723 388 2765; x_wconf 66' lang='lat' dir='ltr'><strong>veteres</strong></span> <span class='ocrx_word' id='word_1_856' title='bbox 406 2723 501 2765; x_wconf 57' lang='lat' dir='ltr'><strong>omnes</strong></span> <span class='ocrx_word' id='word_1_857' title='bbox 520 2723 841 2765; x_wconf 36' lang='lat' dir='ltr'><strong>Patres-postlustinum</strong></span> <span class='ocrx_word' id='word_1_858' title='bbox 861 2734 905 2753; x_wconf 88' lang='lat' dir='ltr'><strong>re-</strong></span> 
     </span>
    </p>
   </div>
   <div class='ocr_carea' id='block_1_111' title="bbox 129 2759 904 2796">
    <p class='ocr_par' dir='ltr' id='par_1_111' title="bbox 129 2759 904 2796">
     <span class='ocr_line' id='line_1_111' title="bbox 129 2759 904 2796; baseline 0.004 -11"><span class='ocrx_word' id='word_1_859' title='bbox 129 2759 232 2796; x_wconf 63' lang='lat' dir='ltr'><strong>ferunt;</strong></span> <span class='ocrx_word' id='word_1_860' title='bbox 249 2759 390 2796; x_wconf 79' lang='lat' dir='ltr'><strong>Eusebius,</strong></span> <span class='ocrx_word' id='word_1_861' title='bbox 408 2760 525 2796; x_wconf 17' lang='lat' dir='ltr'><strong>Cyrirllus</strong></span> <span class='ocrx_word' id='word_1_862' title='bbox 549 2764 576 2787; x_wconf 89' lang='lat' dir='ltr'><strong>et</strong></span> <span class='ocrx_word' id='word_1_863' title='bbox 599 2759 657 2788; x_wconf 88' lang='lat' dir='ltr'><strong>alii.</strong></span> <span class='ocrx_word' id='word_1_864' title='bbox 681 2760 735 2796; x_wconf 79' lang='lat' dir='ltr'><strong>Sed</strong></span> <span class='ocrx_word' id='word_1_865' title='bbox 759 2761 805 2796; x_wconf 15' lang='lat' dir='ltr'><strong>de,</strong></span> <span class='ocrx_word' id='word_1_866' title='bbox 812 2765 904 2796; x_wconf 79' lang='lat' dir='ltr'><strong>statua</strong></span> 
     </span>
    </p>
   </div>
   <div class='ocr_carea' id='block_1_112' title="bbox 130 2793 904 2830">
    <p class='ocr_par' dir='ltr' id='par_1_112' title="bbox 130 2793 904 2830">
     <span class='ocr_line' id='line_1_112' title="bbox 130 2793 904 2830; baseline 0.004 -11"><span class='ocrx_word' id='word_1_867' title='bbox 130 2793 235 2830; x_wconf 64' lang='lat' dir='ltr'><strong>§iinoni</strong></span> <span class='ocrx_word' id='word_1_868' title='bbox 245 2802 312 2830; x_wconf 67' lang='lat' dir='ltr'><strong>cum</strong></span> <span class='ocrx_word' id='word_1_869' title='bbox 328 2795 378 2822; x_wconf 88' lang='lat' dir='ltr'><strong>hac</strong></span> <span class='ocrx_word' id='word_1_870' title='bbox 395 2793 572 2830; x_wconf 84' lang='lat' dir='ltr'><strong>inscriptione</strong></span> <span class='ocrx_word' id='word_1_871' title='bbox 586 2796 683 2830; x_wconf 83' lang='lat' dir='ltr'><strong>posita,</strong></span> <span class='ocrx_word' id='word_1_872' title='bbox 705 2795 820 2823; x_wconf 82' lang='lat' dir='ltr'><strong>SlMONl</strong></span> <span class='ocrx_word' id='word_1_873' title='bbox 838 2795 904 2830; x_wconf 77' lang='lat' dir='ltr'><strong>DEO</strong></span> 
     </span>
    </p>
   </div>
   <div class='ocr_carea' id='block_1_113' title="bbox 131 2827 904 2866">
    <p class='ocr_par' dir='ltr' id='par_1_113' title="bbox 131 2827 904 2866">
     <span class='ocr_line' id='line_1_113' title="bbox 131 2827 904 2866; baseline 0.004 -11"><span class='ocrx_word' id='word_1_874' title='bbox 131 2827 273 2861; x_wconf 72' lang='lat' dir='ltr'><strong>SANL‘TO,</strong></span> <span class='ocrx_word' id='word_1_875' title='bbox 285 2831 326 2857; x_wconf 91' lang='lat' dir='ltr'><strong>vir</strong></span> <span class='ocrx_word' id='word_1_876' title='bbox 340 2831 449 2866; x_wconf 85' lang='lat' dir='ltr'><strong>quidam</strong></span> <span class='ocrx_word' id='word_1_877' title='bbox 473 2827 597 2859; x_wconf 75' lang='lat' dir='ltr'><strong>eruditus</strong></span> <span class='ocrx_word' id='word_1_878' title='bbox 617 2830 776 2860; x_wconf 85' lang='lat' dir='ltr'><strong>addubitat:</strong></span> <span class='ocrx_word' id='word_1_879' title='bbox 792 2831 838 2866; x_wconf 91' lang='lat' dir='ltr'><strong>qui</strong></span> <span class='ocrx_word' id='word_1_880' title='bbox 856 2829 904 2858; x_wconf 74' lang='lat' dir='ltr'><strong>Ju-</strong></span> 
     </span>
    </p>
   </div>
   <div class='ocr_carea' id='block_1_114' title="bbox 957 2686 1747 2721">
    <p class='ocr_par' dir='ltr' id='par_1_114' title="bbox 957 2686 1747 2721">
     <span class='ocr_line' id='line_1_114' title="bbox 957 2686 1747 2721; baseline -0.01 -3"><span class='ocrx_word' id='word_1_881' title='bbox 957 2690 1057 2718; x_wconf 85' lang='lat' dir='ltr'><strong>stinum</strong></span> <span class='ocrx_word' id='word_1_882' title='bbox 1071 2688 1194 2716; x_wconf 68' lang='lat' dir='ltr'><strong>Graecum</strong></span> <span class='ocrx_word' id='word_1_883' title='bbox 1216 2687 1353 2715; x_wconf 90' lang='lat' dir='ltr'><strong>hominem</strong></span> <span class='ocrx_word' id='word_1_884' title='bbox 1377 2694 1470 2715; x_wconf 89' lang='lat' dir='ltr'><strong>errore</strong></span> <span class='ocrx_word' id='word_1_885' title='bbox 1491 2686 1635 2721; x_wconf 84' lang='lat' dir='ltr'><strong>deceptum</strong></span> <span class='ocrx_word' id='word_1_886' title='bbox 1655 2687 1747 2719; x_wconf 87' lang='lat' dir='ltr'><strong>putat,</strong></span> 
     </span>
    </p>
   </div>
   <div class='ocr_carea' id='block_1_115' title="bbox 957 2719 1746 2759">
    <p class='ocr_par' dir='ltr' id='par_1_115' title="bbox 957 2719 1746 2759">
     <span class='ocr_line' id='line_1_115' title="bbox 957 2719 1746 2759; baseline -0.009 -7"><span class='ocrx_word' id='word_1_887' title='bbox 957 2733 1019 2753; x_wconf 92' lang='lat' dir='ltr'><strong>cum</strong></span> <span class='ocrx_word' id='word_1_888' title='bbox 1034 2723 1277 2759; x_wconf 29' lang='lat' dir='ltr'><strong>vulgaremAiilamA</strong></span> <span class='ocrx_word' id='word_1_889' title='bbox 1289 2719 1614 2759; x_wconf 59' lang='lat' dir='ltr'><strong>a_c_passim_e§stautem</strong></span> <span class='ocrx_word' id='word_1_890' title='bbox 1629 2719 1746 2754; x_wconf 79' lang='grc' dir='ltr'>ἐπιγρα-</span> 
     </span>
    </p>
   </div>
   <div class='ocr_carea' id='block_1_116' title="bbox 978 2756 1746 2795">
    <p class='ocr_par' dir='ltr' id='par_1_116' title="bbox 978 2756 1746 2795">
     <span class='ocr_line' id='line_1_116' title="bbox 978 2756 1746 2795; baseline -0.008 -8"><span class='ocrx_word' id='word_1_891' title='bbox 978 2761 1010 2794; x_wconf 88' lang='grc' dir='ltr'>ήν</span> <span class='ocrx_word' id='word_1_892' title='bbox 1025 2756 1134 2795; x_wconf 71' lang='lat' dir='ltr'><strong>legisset</strong></span> <span class='ocrx_word' id='word_1_893' title='bbox 1151 2757 1277 2795; x_wconf 61' lang='lat' dir='ltr'><strong>SEMON]</strong></span> <span class='ocrx_word' id='word_1_894' title='bbox 1302 2756 1378 2795; x_wconf 66' lang='lat' dir='ltr'><strong>DEQ</strong></span> <span class='ocrx_word' id='word_1_895' title='bbox 1392 2756 1514 2795; x_wconf 67' lang='lat' dir='ltr'><strong>SANQO,</strong></span> <span class='ocrx_word' id='word_1_896' title='bbox 1537 2756 1673 2783; x_wconf 82' lang='lat' dir='ltr'><strong>Simonem</strong></span> <span class='ocrx_word' id='word_1_897' title='bbox 1697 2761 1746 2788; x_wconf 85' lang='lat' dir='ltr'><strong>pro</strong></span> 
     </span>
    </p>
   </div>
   <div class='ocr_carea' id='block_1_117' title="bbox 957 2769 1747 2829">
    <p class='ocr_par' dir='ltr' id='par_1_117' title="bbox 957 2769 1747 2829">
     <span class='ocr_line' id='line_1_117' title="bbox 978 2769 1746 2795; baseline -0.008 -8"><span class='ocrx_word' id='word_1_898' title='bbox 978 2769 1010 2794; x_wconf 87' lang='grc' dir='ltr'><strong>ην</strong></span> <span class='ocrx_word' id='word_1_899' title='bbox 1025 2769 1134 2795; x_wconf 72' lang='lat' dir='ltr'><strong>legisset</strong></span> <span class='ocrx_word' id='word_1_900' title='bbox 1152 2769 1277 2785; x_wconf 69' lang='lat' dir='ltr'><strong>Dnmunl</strong></span> <span class='ocrx_word' id='word_1_901' title='bbox 1302 2769 1368 2784; x_wconf 72' lang='lat' dir='ltr'><strong>unu</strong></span> <span class='ocrx_word' id='word_1_902' title='bbox 1393 2769 1514 2788; x_wconf 69' lang='lat' dir='ltr'><strong>DAL‘UU,</strong></span> <span class='ocrx_word' id='word_1_903' title='bbox 1537 2769 1673 2783; x_wconf 73' lang='lat' dir='ltr'><strong>oiluuuun</strong></span> <span class='ocrx_word' id='word_1_904' title='bbox 1697 2769 1746 2788; x_wconf 75' lang='grc' dir='ltr'><strong>μιν</strong></span> 
     </span>
     <span class='ocr_line' id='line_1_118' title="bbox 957 2769 1747 2829; baseline -0.008 -7"><span class='ocrx_word' id='word_1_905' title='bbox 957 2769 1076 2822; x_wconf 60' lang='grc' dir='ltr'>ἓειηοηο</span> <span class='ocrx_word' id='word_1_906' title='bbox 1089 2793 1237 2828; x_wconf 80' lang='lat' dir='ltr'><strong>accepisse.</strong></span> <span class='ocrx_word' id='word_1_907' title='bbox 1255 2792 1400 2829; x_wconf 64' lang='lat' dir='ltr'><strong>Quaemihi</strong></span> <span class='ocrx_word' id='word_1_908' title='bbox 1420 2791 1579 2827; x_wconf 83' lang='lat' dir='ltr'><strong>conjectura</strong></span> <span class='ocrx_word' id='word_1_909' title='bbox 1598 2796 1665 2818; x_wconf 81' lang='lat' dir='ltr'><strong>sane</strong></span> <span class='ocrx_word' id='word_1_910' title='bbox 1682 2795 1747 2825; x_wconf 79' lang='lat' dir='ltr'><strong>pro—</strong></span> 
     </span>
    </p>
   </div>
   <div class='ocr_carea' id='block_1_118' title="bbox 957 2828 1197 2859">
    <p class='ocr_par' dir='ltr' id='par_1_118' title="bbox 957 2828 1197 2859">
     <span class='ocr_line' id='line_1_119' title="bbox 957 2828 1197 2859; baseline -0.013 -1"><span class='ocrx_word' id='word_1_911' title='bbox 957 2829 1058 2859; x_wconf 80' lang='lat' dir='ltr'><strong>habilis</strong></span> <span class='ocrx_word' id='word_1_912' title='bbox 1071 2833 1113 2859; x_wconf 85' lang='lat' dir='ltr'><strong>est</strong></span> <span class='ocrx_word' id='word_1_913' title='bbox 1126 2828 1197 2858; x_wconf 86' lang='lat' dir='ltr'><strong>visa.</strong></span> 
     </span>
    </p>
   </div>
  </div>
