1944 3037
129 139 165 167 99
170 140 183 167 7

432 142 616 172 ADVERSUS
634 142 807 172 ".‘ERESES
826 142 889 170 LIB.
911 142 913 169 ζ

968 141 1036 172 ΤΟΜ.
1057 144 1089 172 ΙΙ.
1111 161 1146 166 -
1165 146 1300 175 "ASRES.
1318 148 1412 176 XXIII.

1703 153 1756 183 293

137 200 289 236 Ἀνετράπη
314 201 369 236 γὰρ
387 199 478 234 οὗτος,
497 204 543 230 καὶ
568 203 661 240 ἔληξεν
684 206 700 240 ἡ
718 204 800 231 αὐτοῦ
815 203 913 239 αἵρεσις

970 213 1001 232 ex
1025 210 1102 239 parte
1124 206 1236 235 hmrcsis
1265 209 1408 236 exstincta.
1436 209 1618 243 Quamobrem
1643 214 1755 241 missam

971 249 1044 277 illam
1062 251 1204 284 faciemus,
1224 257 1251 280 et
1273 253 1305 280 ad
1333 255 1413 281 aliam
1438 263 1521 290 porro
1543 257 1755 292 disputationem

129 247 170 278 ὡς
195 246 241 273 ἐπὶ
265 247 296 273 τὺ
312 247 447 275 πλεῖστον,
467 249 676 286 ’Υπερῶεισομαι
701 250 729 276 δὲ
753 250 838 286 αὐτὴν
851 271 858 282 ,
877 252 918 285 ἐφ’

129 290 227 327 ἑτέραν
250 292 331 319 πάλιν
357 295 520 329 προκόπτων
542 297 575 331 τῇ
601 296 737 332 ὑφηγήσει
762 296 917 332 ἐλεύσομαι.

130 335 176 371 Τῷ
188 336 242 372 γὰρ
254 337 310 364 ὄντι
323 338 347 364 ot
356 339 465 366 παλαιοὶ
482 341 617 376 ἱστοροῦσι
636 341 731 376 μῦθον,
747 342 786 373 ὡς
802 342 835 368 ὲκ
855 342 919 368 πολ-

128 381 183 408 λῶν
202 382 322 410 ἀσπίδων
342 386 518 420 συνηγμένων
540 387 568 413 ἐν
595 386 673 421 ἄγγει
698 387 739 413 ἐνὶ
755 387 918 423 ὸστρακίνῳ,

128 428 176 454 καὶ
192 429 391 457 κατατεθεισῶν
415 433 443 458 ὲν
470 433 525 463 τοῖς
541 432 674 468 ῦεμελίοις
701 433 754 460 τῶν
779 435 919 470 τεσσάρων

127 474 235 508 γωνιῶν
249 475 366 502 ἑκάστου
381 477 510 512 τεμένους
520 478 575 504 τῶν
590 480 619 506 ἐν
632 479 762 515 Αἰγύπτῳ
774 481 918 516 οἰκοδομψ

126 519 229 547 θέντων
241 521 367 553 εἰδώλων,
384 524 430 550 καὶ
447 525 473 550 εἴ
483 533 525 556 τις
538 524 638 552 τούτων
655 527 817 563 ἰσχυροτέρα
832 528 919 564 ηὕρη-

126 573 172 592 ται
195 567 269 602 ira.de
294 567 344 600 τὰς
362 569 454 601 ἄλλας,
475 570 625 598 ἐπελθοῦσα
649 571 699 603 τὰς
721 572 817 608 ἑτέρας
835 574 917 601 κατέ-

127 620 207 646 φαγε.
235 614 360 641 Μείνασα
388 615 416 642 δὲ
442 616 503 642 καθ’
534 618 652 653 ἑαυτὴν,
682 619 728 645 καὶ
747 620 850 656 τροφῆς
880 621 917 656 μὴ

127 658 293 694 εὐποροῦσα.
311 663 461 696 στραφεῖσα
472 663 540 698 αὕτη
557 664 603 690 καὶ
617 664 669 690 ἀπὸ
682 665 730 700 τῆς
746 665 846 701 κέρκου
862 666 917 702 (45)

126 703 226 739 ἑαυτὴν
256 705 357 733 ἐσθίειν
381 708 520 744 ἀρξαμένη
535 730 542 741 ,
573 710 625 742 ἕως
645 711 746 746 μέρους
771 713 844 744 τινὸς
871 713 917 740 τοῦ

127 750 254 786 σώματος
279 753 427 788 κατέφαγε.
456 755 510 781 Καὶ
528 756 615 788 οὕτως
634 756 740 792 ἔμεινεν
756 758 847 786 οὺκὲτι
871 767 917 786 τε-

125 796 195 829 λεία,
210 798 268 824 ἀλλ’
286 799 373 834 ἥμισυ
393 799 552 836 ὑπάρχουσα
566 801 693 838 ἑρπετοῦ.
711 804 757 832 Διὸ
771 805 818 832 καὶ
836 805 918 833 ἀσπι-

123 840 273 879 δογοργόνα
296 846 399 882 ταύτην
421 848 573 882 ἐκάλεσαν,
594 848 663 877 ὥστε
693 852 763 878 νοεῖν
790 853 863 887 ἡμᾶς
887 852 917 880 τὸ

125 890 240 918 παλαιὸν
257 891 307 927 μὲν
322 890 485 920 εἶναιτοῦτο
499 914 505 926 ,
524 894 571 921 νῦν
584 895 611 922 δὲ
629 897 727 931 μηκέτι
747 898 825 924 τοῦτο
843 899 917 934 εὑρι-

125 937 274 972 σκόμενον,
291 938 350 966 ἀλλ’
372 940 519 974 ἠφανίσθαι
533 961 540 971 ,
557 940 594 973 ὼς
620 942 665 969 καὶ
689 941 758 978 αὕτη
778 944 917 977 παντελῶς

123 981 340 1019 ἀπελαυνομένη.
358 981 420 1020 Εἶχε
438 985 487 1020 μὲν
504 985 559 1021 γὰρ
571 987 636 1021 παρ’
655 987 733 1022 ἡμῶν
749 988 799 1024 τὴν
811 989 916 1016 ἀντιλο-

123 1028 197 1062 γίαν,
215 1030 283 1064 αὑτὴ
296 1030 324 1056 δὲ
337 1030 380 1058 διὰ
399 1029 450 1066 τῆς
465 1032 606 1067 δυνάμεως
623 1034 741 1070 Χριστοῦ
758 1035 914 1070 ἠφάνισται.

124 1074 180 1099 Καὶ
203 1075 305 1110 ταύτην
329 1075 357 1102 δὲ
384 1077 568 1112 ὑπερσάντες,
593 1080 640 1106 ἐπὶ
656 1080 704 1112 τὰς
732 1081 796 1117 ἑξῆς
820 1082 914 1118 ἴωμεν,

123 1121 261 1156 ἀγαπητοί
265 1143 272 1149 ,

283 1157 374 1207 KA'TA
395 1181 673 1211 ΣΑΤΟΡΝΙΛΙΑΝΩΝ
691 1185 758 1220 (ιι),

126 1237 209 1270 Tpt’tn
229 1238 345 1278 αἵρεσίς
365 1239 568 1278 ᾀπὸᾼτῆςὲτοῦ
583 1242 711 1278 Χριστοῦ
727 1245 895 1278 παρουσίας
905 1265 912 1277 ,

246 1272 284 1307 τῇ
307 1273 341 1299 δὲ
363 1272 528 1310 ἀκολουθίᾳ
548 1272 671 1312 εἰκοστὴ
696 1272 789 1313 τρίτὴ.

158 1329 197 1356 Α¹.
213 1329 290 1356 Μετὰ
304 1330 398 1358 τοῦτον
414 1331 571 1367 Σατορνῖλός
596 1343 638 1366 τις
658 1335 758 1370 ἀνέστη
771 1356 778 1367 .
803 1338 850 1364 καὶ
865 1338 914 1364 αὑ-

120 1375 168 1407 τὸς
183 1376 287 1403 ἐκεῖθεν
303 1377 353 1409 τὰς
375 1379 517 1414 ἀφορμὰς,
537 1380 591 1407 ἀπὸ
606 1381 761 1418 Μενάνδρου
779 1384 850 1418 φημὶ
867 1385 913 1410 καὶ

121 1421 176 1447 τῶν
192 1422 297 1458 πρώην,
307 1423 406 1450 λαϐών.
419 1421 503 1457 Οὗτος
514 1426 581 1461 πρὸς
595 1427 723 1463 τῇτΣυρίᾳ
737 1430 912 1465 κατοικήσας.

120 1467 244 1494 τουτέσιν
265 1469 412 1506 Ἀντιοχείᾳ
435 1472 469 1506 τῇ
499 1472 567 1507 πρὸς
589 1472 716 1509 Δάφνην,
735 1474 836 1510 πολλὴν
854 1485 914 1503 τινα

121 1514 218 1549 τέχνην
247 1515 294 1541 καὶ
318 1517 465 1552 ἐμπειρίαν
492 1518 596 1553 πλάνης
612 1519 650 1554 τῷ
669 1519 763 1555 κόσμῳ
800 1530 914 1557 παρεισ-

121 1559 231 1595 ἡνεγκε,
250 1561 301 1588 Δύο
309 1562 363 1598 γὰρ
382 1560 453 1590 οὗτοι
473 1564 597 1598 ἐγένοντο
617 1566 813 1601 συσχολασταὶ,
831 1568 913 1594 Βασι-

121 1606 211 1641 λείδης
236 1615 265 1633 τε
292 1608 339 1634 καὶ
357 1609 526 1644 Σατορνῖλος.
549 1611 604 1638 Καὶ
630 1612 644 1638 ὁ
667 1611 716 1647 μὲν
743 1613 912 1650 Βασιλείδης,

122 1652 191 1688 πρὸς
205 1654 236 1688 τῇ
259 1654 389 1689 Αἰγύπτῳ
400 1656 543 1691 χωρήσας,
566 1658 654 1684 ἐκεῖσε
676 1657 711 1684 τὰ
725 1659 850 1686 σκοτεινὰ
866 1660 912 1686 αὑ-

121 1698 168 1724 τοῦ
183 1699 230 1725 τοῦ
246 1699 344 1734 βάθους
360 1703 409 1737 τῆς
425 1702 529 1738 πλάνης
541 1704 675 1739 ἐκήρυξεν
685 1713 691 1719 “
711 1705 726 1731 ό
742 1705 770 1731 δὲ
787 1706 914 1742 Σατορνῖ-

121 1745 182 1777 λος,
200 1747 228 1772 ὲν
252 1746 292 1781 τῷ
318 1749 510 1785 προειρημένῳ
528 1750 604 1785 τόπῳ
628 1750 792 1788 διατρίϐων,
815 1753 913 1788 ὁμοίως

121 1793 160 1828 τῷ
184 1794 330 1830 Μενάνδρῳ
356 1794 402 1822 τὸν
418 1796 520 1831 κόσμον
543 1797 588 1823 ὑπ’
611 1797 734 1832 ἀγγέλων
749 1800 912 1835 γεγενῆσθαι

122 1839 316 1874 κατήγγελλεν.
336 1840 404 1867 Ἕνα
419 1841 448 1868 δὲ
470 1840 540 1869 εἶναι
560 1843 671 1880 Πατέρα
687 1845 823 1878 ἄγνωστον
837 1866 844 1878 ,
867 1847 912 1873 τὴν

121 1885 203 1911 αὐτόν
216 1894 244 1912 τε
257 1887 436 1922 πεποιηκέναι
451 1888 580 1924 δυνάμεις
598 1891 646 1916 καὶ
662 1891 749 1926 ἀρχὰς
767 1892 814 1919 καὶ
837 1892 913 1926 ἐξου-

123 1930 192 1962 σίας.
209 1931 278 1963 Τοὺς
289 1932 316 1958 δε
331 1933 464 1967 ἀγγέλους
476 1934 613 1962 διεστάναι
625 1936 676 1971 τῆς
686 1937 742 1964 ἄνω
753 1937 893 1973 δυνάμεως
902 1947 910 1954 ⁸

122 1977 191 2004 ἑπτὰ
207 1977 235 2004 δέ
255 1987 330 2010 τινας
348 1980 394 2007 τὸν
419 1981 519 2016 κόσμον
542 1983 739 2018 πεποιηκέναι,
767 1986 814 2011 καὶ
834 1985 868 2013 τὰ
883 1986 912 2012 ὲν

122 2023 213 2058 αὐτῷ’
230 2024 275 2051 τὸν
292 2026 394 2061 κόσμον
415 2026 443 2053 δὲ
464 2027 534 2054 κατὰ
549 2029 685 2064 μεριτείαν
707 2030 814 2067 ἑκάστῳ
828 2031 912 2066 ἀγγέ-

121 2069 160 2104 λ·;›
173 2071 373 2106 κεκληρῶσθαι.
393 2073 474 2108 Ὀμοῦ
495 2074 524 2101 δὲ
540 2075 715 2109 συνελθόντας
731 2078 793 2110 τοὺς
815 2078 912 2109 αὐτοὺς

121 2117 254 2150 ἀγγέλους
268 2119 479 2155 ἐντεθυμῆσθαι,
497 2121 543 2147 καὶ
555 2123 631 2157 κοινῆ
646 2123 692 2149 τὸν
707 2123 850 2159 ἄνθρωπον
864 2133 912 2151 πει

124 2163 285 2198 ποιηκέναι,
306 2166 377 2192 κατὰ
398 2165 448 2201 τὴν
468 2167 574 2202 μορψὴν
598 2168 647 2203 τῆς
670 2168 772 2196 ἄνωθεν
786 2178 912 2205 παρακυ-

934 877 955 906 Β

971 300 1094 324 nostram
1111 298 1344 332 promovebimus.
1362 299 1501 335 Siquidem
1517 303 1575 330 hac
1589 312 1603 330 a
1617 306 1756 333 veteribus

970 342 1085 369 historia
1097 344 1205 378 prodita
1217 348 1274 371 est:
1290 345 1358 372 Cum
1380 346 1473 381 plures
1488 347 1633 383 aliquando
1647 351 1756 385 asp‘dcs

970 388 997 415 in
1011 396 1095 416 llnutll
1112 389 1193 417 fictile
1208 399 1256 418 vas
1268 391 1408 426 conjectzr,
1427 397 1453 420 et
1468 394 1494 420 in
1510 394 1693 424 fundamentis
1706 405 1756 424 an—

969 435 1093 469 gulorum
1109 440 1227 471 quatuor
1241 437 1618 476 cujusqueidolornmtetnpli
1635 442 1660 468 in
1672 442 1752 479 ,Εεν-

970 485 1017 515 pto
1034 481 1166 516 depositae
1182 487 1285 514 essent,
1311 492 1342 511 ex
1369 485 1403 512 iis
1423 486 1564 520 aspitliluts
1581 495 1641 521 quas
1660 488 1756 515 fortior

968 530 1038 556 erat.
1055 527 1080 554 in
1093 527 1161 556 alias
1173 528 1315 558 invasisse,
1329 538 1429 565 easque
1444 531 1600 560 devorasse.
1616 533 1680 566 Qum
1693 542 1755 562 cum

969 571 1027 598 sola
1045 573 1232 604 remansisset,
1246 580 1272 601 et
1285 582 1340 609 quo
1359 583 1388 603 se
1407 577 1490 603 aleret
1506 576 1618 605 haberet
1633 579 1711 608 nihil.
1728 581 1756 608 in

969 619 1087 654 seipsam
1112 625 1236 653 retorta,
1262 627 1290 649 et
1313 630 1327 649 a
1356 623 1444 651 cauda
1467 625 1598 659 paulatim
1622 628 1756 655 arrodens

968 668 1046 699 parte
1061 673 1091 692 se
1103 666 1196 701 aliqua
1208 671 1287 695 tentts
1303 670 1427 704 corporis
1441 670 1554 705 depasta
1569 675 1628 699 est:
1645 673 1712 700 adeo
1727 678 1756 701 ut

969 718 1024 737 non
1038 712 1156 746 amplius
1168 713 1284 748 integra,
1297 714 1344 742 sed
1357 715 1471 743 dimidia
1485 717 1528 744 sui
1542 722 1619 752 parte
1632 720 1755 747 mutilata

968 758 1162 790 permanserit.
1180 758 1285 786 idcirco
1305 760 1550 796 aspidogorgonem
1569 763 1643 790 illam
1663 766 1756 800 appel-

968 801 1076 836 larunt;
1103 808 1134 831 ut
1156 812 1218 832 cum
1243 813 1305 833 eam
1334 806 1479 840 videmus,
1505 807 1591 837 fuisse
1617 811 1755 845 quondam

967 848 1043 876 istud
1064 850 1154 884 ipsutn
1175 851 1373 887 intelligamus,
1391 861 1465 880 nunc
1487 862 1555 882 vero
1573 855 1686 884 minime
1709 865 1756 885 su-

969 903 1091 929 peressc,
1111 903 1143 923 ac
1162 898 1271 931 penitus
1288 905 1350 926 esse
1368 899 1518 927 sublatum.
1539 900 1617 934 Quod
1639 903 1674 930 ad
1693 911 1753 931 eam

968 947 1063 969 contra
1081 950 1164 977 quam
1190 943 1296 978 agimus
1318 944 1435 972 hmresin
1459 947 1598 975 convenit.
1620 948 1670 977 Cui
1689 957 1754 978 cum

967 986 1183 1022 disputationem
1205 993 1327 1016 nostram
1350 993 1574 1026 apposuerimus,
1590 994 1694 1023 Christi
1711 1000 1754 1023 ta-

967 1039 1030 1058 men
1044 1037 1088 1059 est
1103 1034 1204 1061 virtute
1221 1034 1375 1070 proﬂigata.
1392 1036 1483 1069 Quare
1503 1039 1537 1066 ab
1554 1040 1598 1067 illa
1613 1049 1674 1075 nos,
1687 1042 1755 1070 cha-

967 1076 1082 1110 rissitui,
1099 1079 1132 1106 ad
1146 1079 1322 1107 refellendam
1341 1082 1421 1108 aliam
1444 1090 1647 1114 convertamus.

1103 1178 1156 1212 62
1172 1177 1311 1205 CONTRA
1331 1179 1618 1216 SATURNILIANOS,

1002 1234 1068 1268 ρυω
1100 1240 1138 1261 est
1167 1234 1274 1262 ltaresis
1292 1235 1340 1274 “ab
1360 1236 1485 1274 fauenti:
1520 1237 1621 1266 Christi
1656 1240 1717 1274 ΙΙΙ,

1249 1270 1342 1298 ordine
1355 1271 1469 1299 XXIII.

1001 1327 1022 1354 l.
1042 1326 1109 1355 Post
1134 1326 1207 1354 hunc
1229 1325 1385 1356 Saturnilus
1411 1329 1505 1357 nescio
1532 1332 1594 1366 quis
1618 1333 1756 1362 excitatus

965 1377 1018 1406 est,
1034 1373 1082 1408 qui
1097 1373 1201 1400 erroris
1219 1373 1295 1400 illinc
1309 1379 1480 1409 argumenta.
1495 1375 1547 1403 hoc
1558 1382 1600 1404 est
1613 1385 1627 1404 a
1642 1377 1756 1406 Menan-

965 1420 1027 1451 dro,
1046 1427 1078 1446 ac
1092 1419 1231 1454 prioribus
1248 1419 1303 1446 illis
1319 1421 1433 1455 accepit.
1449 1421 1537 1448 Hicin
1552 1421 1630 1458 Syria
1642 1424 1754 1460 degens.

966 1467 1119 1494 Antiochiae
1137 1466 1242 1494 scilicet
1260 1467 1293 1494 ad
1309 1466 1452 1502 Daphnen,
1466 1470 1603 1504 ingentem
1619 1470 1757 1501 callidita-

966 1516 1022 1540 tem
1040 1519 1072 1538 ac
1089 1511 1201 1538 fallendi
1218 1512 1342 1547 peritiam
1362 1513 1389 1540 in
1404 1513 1498 1541 orbem
1516 1513 1630 1543 invexit.
1647 1515 1755 1544 Etenim

968 1560 1023 1586 duo
1038 1559 1078 1586 illi
1095 1559 1279 1593 condiscipuli
1297 1558 1383 1592 fuere,
1397 1559 1530 1588 Basilides
1541 1568 1572 1588 ac
1587 1560 1754 1590 Saturnilus.

967 1607 1090 1639 Quorum
1107 1606 1153 1632 ille
1170 1605 1198 1632 in
1212 1604 1359 1641 Egyptum
1376 1605 1516 1644 profectus
1535 1607 1590 1634 illic
1607 1608 1756 1637 altissimas

967 1654 1070 1682 erroris
1092 1654 1136 1682 sui
1155 1654 1285 1681 tenebras
1300 1654 1412 1689 vulgare
1435 1654 1576 1688 instituit;
1601 1654 1757 1684 Saturnilus

966 1709 999 1729 eo
1012 1708 1093 1736 quem
1107 1701 1164 1728 dixi
1181 1700 1208 1727 in
1220 1700 1281 1727 loco
1296 1700 1426 1728 habitans
1436 1701 1550 1736 perinde
1564 1709 1597 1728 ac
1608 1702 1756 1731 Menander

967 1747 1099 1774 mundum
1117 1746 1152 1774 ab
1168 1746 1274 1782 angelis
1291 1745 1392 1773 factum
1412 1754 1474 1774 esse
1488 1746 1663 1781 pradicabat.
1682 1747 1756 1776 Prte-

966 1798 1040 1821 lerea
1059 1800 1145 1819 unum
1168 1799 1231 1819 esse
1255 1791 1363 1818 Patrem
1391 1792 1526 1826 ignotum,
1550 1793 1597 1827 qui
1625 1793 1754 1824 virtutes.

966 1839 1150 1875 principatus,
1164 1843 1192 1866 et
1210 1842 1359 1874 potestates
1379 1839 1523 1866 creaverit.
1541 1838 1628 1867 Porro
1643 1841 1754 1875 angelos

966 1893 981 1911 a
999 1885 1137 1920 superiori
1153 1884 1256 1911 virtute
1278 1883 1430 1911 descivisse
1455 1892 1508 1911 :ex
1525 1885 1625 1920 quibus
1651 1890 1753 1921 septem

966 1931 1110 1964 mundum,
1125 1935 1152 1959 et
1167 1939 1228 1966 qua:
1245 1931 1346 1958 mundo
1363 1936 1428 1959 sunt
1443 1931 1641 1966 comprehensa
1661 1934 1756 1960 condi-

964 1979 1066 2010 derint,
1093 1978 1208 2014 ejusque
1235 1978 1329 2005 mundi
1357 1986 1435 2006 suam
1465 1986 1600 2014 quemque
1629 1980 1753 2015 angelum

964 2029 1069 2060 partem
1085 2025 1221 2053 divisione
1235 2025 1373 2052 sortitum.
1389 2024 1505 2052 Eosdem
1519 2029 1610 2052 tamen
1625 2025 1653 2052 in
1670 2034 1754 2053 unum

964 2073 1162 2100 convenientes
1188 2072 1296 2104 aiebat,
1315 2080 1376 2099 cum
1394 2072 1422 2099 in
1448 2079 1543 2100 eorum
1559 2073 1665 2100 animos
1684 2075 1754 2101 tnciﬁ

964 2118 1061 2151 disset,
1080 2119 1265 2146 communiter
1282 2118 1420 2145 hominem
1446 2117 1480 2144 ad
1507 2118 1581 2145 illius
1606 2118 1751 2154 imagittetn

964 2164 1101 2193 efﬁnxisse
1116 2165 1190 2192 vocis
1208 2172 1269 2200 quae
1282 2164 1374 2192 furtim
1387 2171 1402 2191 e
1417 2164 1486 2192 ccelo
1503 2164 1650 2199 prodierat.
1666 2165 1752 2198 Quam

121 2208 329 2246 ψᾶσηςφωνῆς¹
343 2212 407 2246 (45).
428 2214 478 2240 Ἦν
488 2213 525 2249 μὴ
539 2214 698 2249 δυνηθέντες
710 2215 911 2251 παρακύψασαν

968 2211 1054 2239 obiter
1070 2214 1257 2246 conspectam,
1284 2215 1312 2238 et
1331 2210 1447 2238 subinde
1478 2215 1664 2238 recurrentem
1692 2218 1753 2238 eum

123 2258 280 2292 κατασχεῖν,
303 2258 349 2284 καὶ
363 2258 407 2285 διὰ
419 2259 449 2285 τὸ
466 2259 637 2295 παραχρῆμα
663 2261 829 2297 ἀναδραμεῖν
841 2282 848 2294 ,
871 2270 915 2297 μισ

124 2303 261 2339 μήσασθαι
275 2304 420 2340 ἠθέλησαν.
436 2306 490 2332 Καὶ
506 2305 660 2333 πεπλάσθαι
681 2307 731 2342 μὲν
751 2308 797 2334 τὸν
810 2308 914 2344 ἄνθρω-

122 2357 173 2375 πον
191 2349 236 2376 ὑπ’
262 2350 350 2377 αὐτῶν
369 2351 476 2384 οὐδενὸς
502 2352 583 2380 ἕνεκα
610 2353 666 2379 ἀλλ’
683 2353 700 2388 ἢ
728 2353 771 2380 διὰ
785 2354 913 2390 τοιαύτην

123 2395 268 2431 πρόφασιν.
289 2396 397 2432 Ἐπειδὴ
411 2397 465 2433 γὰρ
475 2418 482 2428 ,
502 2399 598 2434 φησὶν,
617 2399 720 2425 ἄνωθεν
733 2398 763 2425 τὸ
776 2399 841 2426 αὐτὸ
856 2399 913 2434 φῶς

123 2441 289 2476 παρακύψαν
304 2462 310 2473 ,
339 2443 482 2478 ὲρεθισμόν
500 2453 561 2470 τινα
579 2444 721 2480 ἐνεποίησε
739 2445 795 2477 τοῖς
819 2445 911 2478 αὐτοῖς

122 2486 250 2521 ἀγγέλοις
260 2508 268 2519 ,
283 2487 395 2520 τούτους
417 2489 484 2524 πρὸς
505 2490 586 2516 πόθον
601 2490 647 2517 τοῦ
663 2490 719 2517 ἄνω
740 2491 912 2526 ὀμοιὼματος

123 2535 296 2570 ἐπιχειρῆσαι
324 2535 371 2562 τοῦ
403 2536 545 2572 ἀνθρώπου
577 2538 608 2564 τὸ
642 2538 755 2574 πλάσμα
787 2539 910 2574 ποιῆσαι.

129 2576 238 2615 Ἐπειδὴ
265 2580 319 2616 γὰρ
332 2581 491 2617 ἠράσθησαν
513 2582 560 2609 τοῦ
583 2583 639 2610 ἀνω
665 2583 752 2618 φωτὸς
776 2584 850 2620 πόθῳ
873 2583 912 2619 τῷ

163 2663 172 2679 ί
187 2662 207 2690 ιτ
213 2683 219 2689 .
242 2663 386 2699 καλλονῆς.

174 2743 399 2782 ιςῖιχΣτραερεῖσα
415 2742 500 2782 αὕτη,
517 2741 567 2782 atat
582 2740 847 2782 dﬂé_tﬁ¢_7'eépx01).
865 2739 910 2782 Sic

125 2779 195 2813 apud
208 2777 390 2813 'szirtiauutu
417 2778 443 2804 iu
469 2779 607 2804 Antonino
627 2777 674 2804 Pio
691 2787 698 2805 :
722 2777 798 2804 Visus
825 2782 863 2804 est
883 2778 910 2813 in

125 2811 223 2841 Arabia
235 2811 345 2848 jubutus
362 2813 456 2848 anguis
478 2814 565 2848 major
584 2813 681 2847 solitis,
696 2813 741 2848 qui
755 2821 781 2839 se
793 2821 809 2839 a
824 2811 910 2839 cauda

127 2848 386 2889 med-inittfmnedit._
445 2883 457 2887 _
525 2883 531 2889 .
581 2888 584 2889 ν
693 2883 700 2889 _
781 2883 786 2889 Ι

161 2884 217 2920 (44)
243 2883 489 2917 Σατορνιλιανῶν.
517 2883 663 2916 Auctorem
693 2883 803 2911 haeresis
835 2883 912 2910 istius

267 2945 405 2978 Pnnoe.
421 2946 479 2977 Gn.
505 2946 584 2977 XLI.

967 2257 1090 2285 detinere
1106 2256 1218 2284 minime
1236 2255 1400 2291 potuissent,
1422 2255 1523 2282 imitari
1543 2255 1684 2288 voluisse;
1704 2263 1754 2283 nec

967 2303 1048 2331 aliam
1063 2302 1215 2330 fabricandi
1229 2302 1347 2330 hominis
1359 2301 1531 2329 occasionem
1541 2301 1602 2329 illos
1614 2301 1753 2329 habuisse.

967 2349 1035 2376 Cum
1051 2349 1124 2376 enim
1141 2356 1259 2384 superne
1279 2348 1371 2375 lumen
1392 2347 1459 2374 illud
1476 2346 1644 2380 emicuisset,
1663 2354 1695 2374 ea
1710 2354 1756 2374 res

965 2396 1078 2431 angelos
1095 2395 1170 2430 ipsos
1191 2394 1336 2427 excitavit;
1360 2393 1407 2429 qui
1429 2392 1549 2420 cmlestis
1568 2392 1755 2420 similitudinis

967 2441 1152 2476 exprimenda:
1168 2439 1316 2471 desiderio,
1333 2439 1454 2466 hominis
1483 2438 1641 2473 ﬁgmentum
1664 2438 1756 2465 elabo-

967 2496 1029 2515 rare
1048 2487 1140 2515 conati
1160 2491 1234 2514 sunt.
1251 2485 1434 2520 Posteaquam
1452 2485 1524 2513 enitn
1539 2484 1660 2512 cmlestis
1675 2483 1757 2511 lumi-

966 2536 1008 2566 nis
1020 2542 1113 2561 amore
1127 2533 1200 2568 capti
1215 2536 1290 2564 sunt,
1306 2532 1379 2567 quod
1391 2531 1500 2566 quidem
1517 2531 1564 2558 ubi
1580 2530 1708 2565 apparuit
1721 2538 1754 2557 ex

965 2583 1076 2610 illorum
1091 2583 1204 2615 repente
1223 2578 1311 2606 oculis
1329 2580 1488 2609 evanuerat,
1512 2576 1531 2604 ii
1554 2583 1662 2604 summa
1680 2575 1755 2602 illius

961 2738 1136 2767 Saturninum
1152 2736 1269 2775 lrcnaeys
1284 2735 1413 2775 appellat,
1430 2737 1459 2761 ιιι
1472 2737 1508 2775 et
1526 2732 1754 2775 _Philastrius'at-

961 2766 1014 2809 que
1031 2773 1199 2809 Augustinus
1212 2780 1220 2809 ς
1235 2766 1362 2809 Justinus
1385 2769 1581 2809 vet'o__Dialogo
1605 2776 1663 2794 cum
1684 2766 1753 2794 Tru-

961 2804 1053 2844 plwne.
1072 2804 1099 2835 Et
1126 2807 1325 2844 Theodoretus.
1344 2804 1543 2844 Saturn_ilum._
1582 2838 1605 2844 ι,
1645 2837 1650 2843 ⁸

997 2837 1052 2879 (alii)
1070 2841 1296 2879 Παρακυρίζάσης
1312 2839 1432 2879 φωνῆςζ
1441 2840 1524 2879 lre_n._.
1534 2838 1622 2866 lucida
1642 2837 1755 2872 imagmd

963 2875 1124 2915 appaream}
1139 2875 1218 2914 quaSi
1231 2880 1302 2905 esset
1317 2875 1452 2910 φωτεινῆς
1465 2875 1580 2904 εἰκόνος.

1540 2933 1578 2964 10
