1944 3037
195 135 247 163 2⁵η)

195 192 345 229 cupiditate
360 199 391 220 ac
406 192 545 226 voiuptate
564 191 678 226 perfusi,
694 198 756 218 cum
768 191 841 218 illius
852 191 978 226 jucunili-
999 194 1021 220 Α

195 245 250 267 tate
268 239 363 268 satiari
381 239 493 266 minime
513 242 636 273 possent,
658 245 690 265 eo
707 238 779 272 quod
796 241 909 272 repente
924 245 987 264 sur-

195 293 257 313 sum
273 285 419 316 evolasset,
443 288 500 311 tum
525 284 634 311 demum
651 283 784 319 iinpostor
808 283 852 310 ille
867 283 940 310 velut
958 283 985 309 in

195 338 279 358 scena
295 331 332 358 ita
347 331 462 358 invicem
472 330 579 358 loculos
589 331 701 366 angelos
715 329 873 357 introducit:
888 329 987 356 Facia-

195 383 253 403 mus
278 375 408 402 hominem
429 375 464 402 ad
479 375 617 410 imaginem
640 379 666 402 et
681 375 883 403 similitudinem
898 375 919 403 ¹.
935 375 986 403 Ubi

195 421 358 456 particulam
375 425 505 454 nostram,
519 428 599 456 quam
614 421 640 448 in
658 420 756 449 Genesi
775 420 847 449 Deus
858 425 985 456 usurpat,

196 467 259 494 ideo
285 467 452 499 decurtavit,
483 471 512 494 ut
536 468 623 495 errori
648 474 698 495 suo
713 467 803 501 ,ﬁdem
831 471 986 501 astrueret;

197 514 277 549 quasi
296 514 340 541 alii
358 515 413 541 sint
433 513 525 548 operis
542 513 673 546 artiﬁces,
691 513 837 549 imaginem
854 521 917 541 vero
932 514 986 549 63

197 560 283 596 ipsam
291 559 325 586 ad
334 560 417 586 alium
427 560 522 586 referri
531 559 696 594 signiﬁcent,
705 567 768 587 cum
777 560 814 586 ita
822 560 985 595 loquuntur:

197 605 344 632 Faciamus
360 605 491 633 hominem
512 605 546 632 ad
574 605 716 640 imaginem
730 610 755 633 et
774 605 984 632 similitudinem.

196 650 333 678 Cancrum
357 650 432 677 edito
452 650 480 676 in
501 650 588 677 lucem
609 649 730 682 homine,
747 650 858 685 angelos
875 650 913 678 ait
932 658 987 686 prie

197 697 383 724 imbecillitate
400 704 450 724 sua
471 696 602 732 perﬁcere
617 704 686 732 opus
701 705 782 724 suum
803 697 914 724 niinime
926 697 986 732 qui-

196 743 286 777 visse;
302 743 418 778 proinde
440 743 468 770 in
491 745 550 771 solo
568 743 715 777 jacenteni,
734 751 766 771 ac
787 744 986 772 subsultanteni

197 789 330 824 reptantis
343 788 430 816 instar
445 789 598 820 verniiculi,
616 797 705 824 neque
719 789 825 824 erigere
842 797 882 822 se,
900 797 988 825 neque

197 835 272 862 aliud
290 834 442 870 quidquam
465 842 546 870 agere
569 836 700 871 potuisse,
720 835 807 863 donec
831 835 919 863 virtus
941 836 986 862 illi

196 881 317 909 caelestis
331 882 383 909 hoc
398 882 579 917 prospiciens,
596 886 677 916 atque
693 881 730 909 ob
745 881 891 917 imaginem
907 889 986 910 suain

196 919 277 962 atque
291 927 408 963 eﬁigiem
429 927 550 954 hominis
571 927 694 960 miserta,
710 927 751 955 vis
766 934 823 954 suae
839 926 987 954 scintillam

195 971 330 1005 immisit;
347 980 401 1007 qua
424 976 452 1000 et
474 972 549 999 illum
568 972 666 1004 erexit,
690 975 718 1000 et
737 972 822 999 vitam
843 971 985 1007 impertiit.

195 1016 331 1045 Nimirum
356 1026 404 1054 per
431 1018 578 1045 scintillam
602 1019 682 1045 istam
705 1018 852 1045 humanam
868 1019 986 1045 animam

196 1064 360 1099 intelligunt.
375 1065 461 1100 Atque
481 1065 542 1092 ideo
556 1065 671 1097 servari,
684 1065 733 1096 ait,
752 1065 864 1092 omnino
879 1066 972 1093 scintil

197 1110 249 1136 lani
275 1109 346 1136 hanc
364 1113 484 1144 oportet,
503 1110 593 1144 perire
616 1117 682 1137 vero
709 1110 843 1145 quidquid
868 1110 987 1138 hominis

195 1157 338 1192 proprium
353 1160 412 1186 est:
428 1156 501 1191 quod
523 1160 579 1183 tum
604 1157 715 1188 accidit,
744 1164 806 1184 cuni
833 1157 860 1184 id
881 1157 953 1192 quod
973 1166 989 1185 e

195 1202 266 1229 caelo
279 1202 421 1236 delapsum
436 1206 479 1229 est
493 1201 606 1229 deﬁnito
623 1202 754 1237 temporis
771 1203 914 1230 intervallo
927 1211 988 1232 sur-

197 1256 259 1276 sum
272 1249 380 1281 evolat;
397 1248 579 1284 similiterque
592 1249 666 1283 quod
679 1248 804 1275 inﬁmum
817 1254 859 1277 est
872 1257 906 1277 eo
917 1251 988 1278 unde

198 1293 341 1330 prodierat
367 1293 531 1329 regreditur.
555 1294 635 1327 Quod
659 1295 692 1322 ad
715 1294 856 1322 Christum
880 1297 986 1328 attinet,

197 1340 321 1375 ejusdem
336 1339 495 1374 impostoris
507 1344 550 1367 est
564 1340 680 1375 dogma:
699 1348 760 1368 cuiu
777 1341 834 1368 sola
852 1340 928 1368 illum
937 1342 989 1368 ho-

196 1387 280 1414 minis
294 1386 381 1422 ﬁgura
397 1390 480 1421 atque
498 1386 585 1422 eﬁigic
600 1387 720 1420 venisse,
742 1388 890 1422 omniaque
907 1388 942 1415 ab
956 1396 989 1416 eo

197 1431 289 1466 specie
306 1435 385 1459 tenus
409 1431 545 1467 perfecta,
570 1432 724 1467 cujusmodi
746 1432 806 1466 fuit,
827 1433 916 1467 nasci,
930 1442 990 1460 am-

197 1477 301 1509 bulare,
316 1477 411 1511 videri,
424 1478 492 1512 pati.

1003 866 1024 893 Β

909 133 937 159 S.
958 130 1129 159 EPII’HAN’H

1776 132 1838 162 509

1036 190 1103 226 πρὸς
1118 190 1184 216 αὐτὸ
1196 208 1204 222 ,
1224 190 1271 216 καὶ
1291 190 1371 226 ἡδονῇ
1391 190 1619 226 κατασχεθέντες,
1635 191 1765 226 φανέντος
1783 193 1838 220 καὶ

1037 235 1241 271 ἀφαντωθέντος
1256 236 1303 262 ἀπ’
1321 236 1422 268 αὐτῶν,
1438 236 1604 272 ἐρασθέντας
1620 246 1649 263 τε
1667 237 1751 264 αὑτοῦ
1761 258 1768 270 ,
1783 239 1836 266 καὶ

1039 283 1076 319 μὴ
1100 282 1263 318 δυνηθέντας
1280 282 1471 318 ἐμπλησθῆναι
1490 283 1540 317 τῆς
1559 282 1643 309 αὑτοῦ
1662 283 1834 319 ὲρασμιότησ

1036 336 1082 359 τος
1092 348 1099 360 ,
1112 327 1156 354 διὰ
1170 327 1201 354 τὸ
1213 327 1265 354 ὑπὸ
1280 327 1356 362 θῆξιν
1372 327 1526 362 ἀναπτῆναι
1545 327 1600 363 (4'6)
1616 327 1648 354 τὸ
1662 328 1744 355 αὐτοῦ
1760 329 1831 363 φῶς,

1037 373 1132 400 τούτου
1155 373 1235 409 χάριν
1250 372 1388 408 εἰρηκέναι
1408 373 1475 408 φησὶ
1494 374 1557 404 τοὺς
1577 374 1708 408 ἀγγέλους
1724 375 1833 410 δραμα-

1037 419 1161 456 τουργῶν
1178 420 1193 445 ὸ
1207 419 1288 450 αὐτὸς
1304 420 1369 455 γόης
1380 428 1386 434 ·
1405 419 1580 454 Ποιήσωμεν
1593 420 1751 455 ἄνθρωπον
1773 421 1831 456 [47)

1037 464 1100 491 κατ’
1128 464 1231 491 εἰκόνα
1261 464 1309 490 καὶ
1334 464 1398 490 καθ’
1425 464 1588 498 ὁμοίωσιν·
1609 465 1773 501 παρακύψας
1799 466 1833 492 τὸ

1037 509 1181 546 εἰρημένον
1195 510 1224 536 ὲν
1237 510 1270 544 τῇ
1286 509 1305 535 Γ
1307 509 1394 536 ενέσει
1409 510 1461 536 ὑπὸ
1479 509 1534 552 τοῦ.
1542 509 1621 543 Θεοῦ,
1634 511 1665 538 τὸ
1679 512 1743 539 καθ’
1756 512 1831 547 ἠμε-

1037 555 1135 589 τέριιν·
1149 555 1232 586 ἐάσας
1243 555 1273 581 τὺ
1287 555 1443 590 ἡμετέραν,
1462 556 1504 582 ἵνα
1521 556 1553 591 δὴ
1573 556 1623 594 ἔχῃ
1641 558 1658 593 ἡ
1681 558 1767 594 πλάνη
1782 559 1832 586 αὺ-

1037 601 1084 628 τοῦ
1104 601 1152 637 τὴν
1167 601 1342 637 πιθανότητα,
1357 601 1394 633 ὡς
1405 602 1485 637 δῆθεν
1498 603 1585 629 ἄλλων
1604 604 1653 638 μὲν
1669 604 1830 638 ποιούντων,

1037 648 1130 675 εἰκόνα
1144 647 1173 674 δὲ
1191 648 1285 683 ἐτέρου
1302 648 1390 682 λέγειν
1410 650 1438 674 ἐν
1454 648 1493 684 τῷ
1505 658 1511 663 ·
1527 648 1704 684 Ποιήσωμεν
1719 650 1831 684 ἅνθρω-

1038 702 1097 721 πον
1116 694 1179 721 κατ’
1198 695 1299 721 εἰκόνα
1311 694 1360 721 καὶ
1377 696 1441 721 καθ’
1458 695 1610 729 ὁμοίωσιν.
1627 696 1775 731 Γενομένου
1789 695 1830 730 δὲ,

1039 741 1123 776 φησὶ,
1143 741 1191 768 τοῦ
1210 741 1355 777 ἀνθρώπου
1369 761 1376 773 ,
1402 741 1447 768 διὰ
1472 741 1502 768 τὸ
1535 742 1624 769 αὐτῶν
1643 743 1757 778 ἀδρανὲς
1791 744 1830 780 μὴ

1038 787 1168 814 δύνασθαι
1181 787 1262 814 αὑτὸν
1274 787 1490 823 τελεσφορῆσαι,
1507 788 1613 815 κεῖσθαι
1629 789 1658 815 δὲ
1673 790 1720 816 καὶ
1735 791 1831 826 σκαρί-

1039 832 1095 864 ζειν
1117 833 1206 867 χαμαὶ
1222 832 1348 867 κείμενον
1366 832 1443 867 δίκην
1466 832 1606 868 σκώληκος
1625 833 1773 869 ’ἑρποντος⁸
1792 835 1830 870 μὴ

1038 877 1167 904 δύνασθαι
1182 878 1292 917 δὲπμήτε
1305 877 1499 914 ἀνορθοῦσθαι,
1514 879 1582 915 μήτε
1599 888 1624 906 τι
1638 880 1732 916 ἕτερον
1743 881 1830 916 πράτ-

1038 932 1105 956 τειν,
1119 923 1172 956 ἓως
1182 925 1200 959 ἡ
1215 924 1272 951 ἄνω
1287 924 1411 960 δύναμις,
1425 925 1612 960 παρακύψασα
1622 927 1669 952 καὶ
1682 927 1831 962 σπλαγχνι·

1040 971 1133 998 σθεῖσα
1148 970 1192 998 διὰ
1207 971 1256 1006 τὴν
1273 971 1339 997 ἰδίαν
1356 971 1441 1006 αὐτῆς
1457 972 1550 998 εἰκόνα
1564 981 1594 998 τε
1611 973 1658 999 καὶ
1673 973 1754 1005 ἰδέαν,
1770 973 1829 999 κατ’

1039 1015 1127 1044 οἶκτον
1140 1017 1283 1044 ἀπέστειλε
1302 1018 1438 1054 σπινθῆρα
1453 1018 1504 1053 τῆς
1519 1019 1604 1054 αὐτῆς
1614 1019 1764 1054 δυνάμεως.
1783 1020 1830 1046 καὶ

1038 1064 1071 1090 δι’
1086 1063 1169 1090 αὑτοῦ
1187 1063 1332 1100 ἀνώρθωσε
1347 1064 1394 1091 τὸν
1408 1064 1562 1100 ἄνθρωπον,
1580 1066 1627 1092 καὶ
1643 1065 1729 1098 οὕτως
1746 1066 1829 1099 ἐζωο-

1038 1110 1150 1146 γόνησε”
1171 1110 1250 1146 δῆθεν
1265 1111 1310 1137 τδν
1325 1110 1462 1146 σπινθῆρα
1491 1111 1580 1147 ψυχὴν
1595 1112 1644 1146 τὴν
1658 1112 1830 1148 ἀνθρωπείαν

1039 1158 1161 1191 φάσκων.
1173 1156 1229 1183 Καὶ
1243 1157 1336 1183 τούτου
1350 1158 1430 1184 ἕνεκα
1450 1157 1559 1189 πάντως
1574 1147 1614 1184 δεῗ
1629 1157 1674 1184 τὸν
1695 1158 1830 1194 σπινθῆρα

1040 1203 1168 1238 σωθῆναι,
1185 1203 1215 1229 τὸ
1231 1203 1259 1230 δὲ
1277 1204 1332 1230 πᾶν
1348 1204 1394 1230 τοῦ
1408 1203 1551 1240 ἀνθρώπου
1568 1204 1732 1232 ἀπολέσθαι·
1749 1206 1777 1232 ἐν
1790 1205 1830 1241 τῷ

1039 1248 1095 1275 ἄνω
1112 1248 1160 1283 μὲν
1174 1248 1204 1274 τὸ
1223 1248 1327 1275 ἄνωθεν
1342 1248 1473 1276 κατελθὸν
1489 1250 1705 1286 ἀνακομισθῆναι
1724 1251 1829 1286 χρόνοις

1039 1294 1103 1321 τισί·
1116 1295 1145 1321 τὸ
1155 1294 1183 1321 δὲ
1195 1295 1317 1322 κάτωθεν
1326 1296 1372 1322 καὶ
1382 1296 1448 1323 αὐτὸ
1455 1296 1511 1333 (48)
1522 1297 1620 1331 φάσκει
1631 1299 1644 1324 ὁ
1654 1300 1720 1333 γόης
1727 1300 1756 1325 ἐν
1765 1299 1830 1334 σχή-

1041 1350 1105 1376 ματι
1116 1341 1260 1377 ἀνθρώπου
1272 1342 1439 1377 ἐληλυθέναι,
1458 1343 1504 1369 καὶ
1523 1343 1580 1378 ἰδέᾳ
1602 1344 1681 1380 μόνῃ·
1697 1344 1733 1370 τὰ
1743 1345 1830 1372 πάντα

1039 1387 1068 1413 δὲ
1086 1387 1114 1413 ἐν
1131 1387 1168 1422 τῷ
1193 1387 1280 1414 δοκεῖν
1302 1388 1498 1424 πεποιηκέναι,
1518 1389 1642 1416 τουτέστι
1659 1391 1689 1416 τὸ
1715 1390 1829 1425 γεγενῆ-

1040 1433 1120 1465 σθαι,
1146 1433 1177 1459 τὸ
1204 1435 1365 1470 περιπατεῖν
1380 1454 1387 1465 ,
1407 1435 1439 1461 τὸ
1466 1435 1650 1467 ὀπτάνεσθαι,
1676 1436 1707 1462 τὸ
1730 1445 1829 1463 πεπον-

1040 1479 1125 1507 θέναι.

232 1522 264 1550 ιι.
279 1522 349 1550 Hinc
364 1524 409 1550 illa
425 1523 493 1552 falso
508 1524 642 1560 appellata
658 1514 851 1553 Gnosticorum
869 1532 943 1555 secta
955 1529 985 1556 ad

1076 1524 1113 1552 B'.
1141 1525 1207 1552 Ἀπὸ
1234 1526 1328 1553 τούτου
1359 1527 1388 1553 δὲ
1416 1526 1600 1562 ψευδωνύμως
1630 1528 1647 1563 ὴ
1675 1527 1827 1564 καλουμένη

196 1569 359 1605 profundam
371 1569 452 1604 hujus
461 1575 543 1597 sectae
554 1570 705 1605 nequitiam
715 1571 862 1606 plurimum
874 1573 985 1608 adjecit,

197 1622 258 1650 qua:
273 1622 288 1642 a
303 1614 414 1642 Simone
429 1615 538 1642 initium
559 1616 790 1652 occasionemque
812 1622 891 1645 nacta
908 1619 988 1655 longe

198 1660 316 1695 majores
331 1668 418 1695 nugas
432 1661 628 1694 accumulavit,
646 1662 878 1696 quemadmodum
894 1669 987 1699 postea

198 1704 226 1731 in
242 1704 301 1739 ejus
314 1706 480 1732 refutatione
497 1705 668 1732 docebimus.
685 1706 720 1732 At
731 1705 888 1735 Saturnilus
903 1717 986 1736 unum

197 1757 230 1776 ex
244 1749 278 1777 iis
288 1757 356 1784 quos
367 1750 509 1782 constituit
521 1751 624 1786 angelis
637 1750 722 1779 fuisse
731 1751 887 1780 Judworum
901 1754 986 1782 Deum

197 1796 352 1828 existimat;
368 1803 399 1822 ac
417 1799 470 1822 tam
493 1796 566 1823 hunc
581 1804 663 1831 quam
682 1797 759 1825 illum
776 1806 791 1825 a
813 1806 863 1826 sua
885 1801 987 1828 virtute

197 1840 357 1868 descivisse.
374 1841 544 1868 Salvatorem
567 1849 631 1869 vero
650 1842 684 1870 de
701 1845 840 1871 communi
855 1846 986 1873 virtutum

197 1887 333 1914 sententia
348 1894 363 1913 a
382 1886 463 1914 l’atre
479 1887 605 1919 iiiissuni,
625 1892 654 1916 ut
675 1893 701 1917 et
717 1889 875 1918 Iudaeorum
900 1891 986 1920 Deum

199 1931 225 1958 in
239 1931 361 1959 ordinem
379 1933 524 1968 redigeret,
541 1937 567 1961 et
583 1934 617 1961 iis
633 1936 678 1970 qui
693 1935 744 1962 sibi
756 1936 898 1964 crederent
912 1939 986 1965 salu-

197 1979 250 2004 teni
276 1979 393 2006 aderret.
417 1979 558 2014 Ejusmodi
582 1987 644 2008 esse
659 1985 739 2008 secta:
758 1982 831 2010 illius
850 1983 985 2018 homines,

197 2023 244 2057 qui
276 2024 397 2051 cmlestis
428 2025 502 2053 illitis
529 2026 652 2061 parentis
679 2027 827 2056 scintillam
855 2029 983 2057 habeant.

199 2068 272 2096 Duos
285 2069 384 2105 quippe
401 2070 526 2098 homines
538 2072 674 2107 principio
691 2080 753 2101 esse
769 2073 867 2106 factos.
883 2075 984 2102 bonum

198 2122 294 2148 unum,
311 2116 426 2143 alterum
451 2118 570 2144 malum:
589 2126 604 2145 a
624 2119 724 2154 quibus
737 2120 837 2156 duplex
856 2122 918 2149 item
938 2130 984 2157 ge-

198 2169 250 2189 nus
267 2161 417 2196 hominum,
434 2162 536 2190 honuni
551 2165 657 2192 scilicet
671 2174 703 2194 ac
723 2167 823 2194 malum
837 2167 864 2194 in
882 2170 984 2195 mundo

198 2207 419 2241 proseminatum‘
429 2214 481 2236 est.
499 2208 532 2236 Et
546 2211 675 2244 quoniam
688 2212 824 2241 daemones
839 2214 917 2241 malis
929 2215 985 2249 οιιί-
1001 2222 1023 2251 [ι

196 2253 367 2286 tulabantur,
388 2253 451 2281 ideo
467 2258 624 2289 postremis,
642 2261 672 2284 ut
693 2264 756 2286 ante
773 2259 839 2292 dixi,
855 2261 985 2296 tempori-

196 2297 247 2325 bus
259 2297 293 2325 ad
305 2299 391 2326 bonos
404 2299 529 2328 homines
543 2308 594 2336 ope
610 2309 658 2329 sua
669 2303 863 2337 sublevandos,
885 2306 987 2333 malos-

195 2351 249 2377 que
282 2351 347 2370 cum
368 2345 539 2373 daemonibus
556 2346 739 2382 proﬂigandos
757 2347 882 2376 Salvator
904 2351 985 2378 adve-

197 2388 245 2414 nit.
269 2387 330 2415 lam
360 2397 462 2417 uxores
491 2391 603 2424 ducere,
633 2393 789 2428 liberosque
812 2394 923 2430 gignere
951 2397 985 2423 ab

195 2432 297 2460 Salaria
324 2443 386 2463 esse
401 2436 552 2464 circulator
575 2438 644 2465 "idem
660 2441 828 2473 pronuntiat.
846 2441 984 2474 Quamob-

228 2501 242 2516 Ἳ
259 2500 326 2529 Gen.
349 2510 369 2534 i,
385 2503 429 2530 26.

229 2570 284 2612 (ρθ)
302 2570 368 2612 ’Υδςρ
380 2571 470 2612 θῆξιν
482 2573 661 2612 gyan-tilum.
679 2574 769 2602 Utitur
786 2575 836 2604 hac
853 2576 982 2612 loquendi

192 2607 299 2633 ratione
325 2607 469 2646 aliquoties
492 2608 669 2646 Epiphanius.
695 2611 747 2637 Sed
771 2607 898 2646 corrupte
914 2621 982 2639 noii-

192 2649 331 2681 nunquaui
342 2641 419 2681 ⁵θίξιν
439 2651 486 2677 pro
512 2641 587 2681 θῆξιν
613 2645 713 2681 habent
733 2641 908 2681 exempla-ria.
934 2648 982 2675 Est

191 2682 281 2716 autem
302 2677 379 2716 (λῆξις
399 2677 593 2716 ΙΙεεγοζροπὴ,
611 2680 722 2716 στιγμὴ,
742 2677 832 2716 τάχος.

227 2712 474 2751 (ΠλλΠοιῄσωμεκ
488 2712 666 2751 ἄνθρωπονξ
676 2712 769 2742 Minus
777 2712 875 2751 "igitur
899 2725 981 2745 accu-

191 2751 248 2784 rate
266 2747 452 2775 Tlicodoretus
466 2747 624 2784 usurpatam
639 2750 674 2777 ab
689 2751 742 2778 illis
758 2752 784 2778 in
803 2747 854 2779 hac
870 2757 979 2780 sentcn-

189 2782 226 2808 tia
241 2790 333 2818 vocem
351 2783 488 2818 ἡμετέραν
506 2782 611 2811 scribit.

187 2823 191 2834 λ
226 2817 320 2850 (48de
337 2817 517 2845 δέκάτωθεν
532 2819 581 2847 καὶ
599 2821 681 2848 αὑτό.
693 2819 773 2850 Forte
788 2823 835 2849 καὶ
851 2823 932 2850 αὑτὸν
950 2823 978 2850 δὲ

191 2851 234 2879 τὸν
251 2853 363 2889 Σωτῆρα
378 2854 487 2888 sidunt,
504 2859 555 2882 etc.

1041 1571 1143 1603 Γνῶσις
1161 1572 1274 1607 ἄρχεται
1295 1572 1376 1599 πάλιν
1400 1573 1594 1609 προστίθεσθαι
1619 1573 1658 1608 τῷ
1683 1573 1756 1609 βυθῴ
1779 1574 1829 1610 τῆς

1041 1618 1125 1654 αὐτῆς
1154 1618 1306 1654 πονηρίας,
1331 1619 1386 1646 ἀπὸ
1414 1619 1534 1654 Σίμωνος
1559 1620 1608 1655 μὲν
1637 1620 1757 1647 λαϐοῦσα
1781 1621 1829 1656 τὴν

1041 1664 1127 1700 ἀρχὴν
1144 1665 1192 1692 καὶ
1202 1665 1250 1701 τὴν
1265 1665 1401 1700 πρόφασιν
1413 1685 1419 1697 ,
1440 1666 1640 1702 προστιθεμένη
1660 1667 1687 1693 δὲ
1703 1675 1829 1702 περισσο-

1040 1710 1106 1745 τέρᾳ
1121 1710 1188 1746 ἄλλῃ
1206 1711 1324 1746 φλυαρίᾳ
1337 1731 1344 1742 ,
1363 1711 1401 1742 ὡς
1418 1711 1463 1738 τὸν
1478 1712 1580 1748 ταύτης
1593 1712 1702 1748 ἔλεγχον
1717 1713 1829 1748 ὕστερον

1041 1756 1166 1791 ἐροῦμεν.
1180 1757 1280 1783 Φασκει
1301 1757 1355 1792 γὰρ
1371 1755 1448 1789 οὗτος
1471 1758 1543 1793 (49),
1559 1760 1622 1791 τοὺς
1639 1759 1771 1793 ἀγγέλους
1786 1758 1829 1785 Ro

1041 1810 1107 1836 γων,
1121 1802 1167 1828 καὶ
1180 1802 1225 1828 τὸν
1237 1802 1303 1829 Θεὸν
1316 1803 1370 1829 τῶν
1390 1803 1522 1831 Ἰουδαίων
1537 1804 1584 1832 ἕνα
1596 1805 1626 1837 ἐξ
1639 1804 1727 1831 αὐτῶν
1741 1803 1808 1831 εἶναι
1819 1813 1826 1820 ·

1039 1848 1176 1875 διεστάναι
1190 1849 1218 1875 δὲ
1232 1849 1278 1875 τὸν
1301 1849 1380 1875 αὑτὸν
1395 1850 1442 1876 καὶ
1455 1851 1518 1882 τοὺς
1533 1851 1631 1882 αὐτοὺς
1649 1851 1702 1877 ἀπὸ
1715 1851 1763 1886 τῆς
1778 1851 1828 1877 αὑ-

1039 1894 1086 1920 τοῦ
1102 1894 1252 1929 δυνάμεως.
1268 1895 1319 1921 Τὸν
1339 1895 1368 1921 δὲ
1384 1896 1498 1932 Σωτῆρα
1515 1897 1682 1924 ἀπεστάλθαι
1702 1897 1755 1924 ἀπὸ
1774 1898 1830 1924 Πα-

1039 1940 1102 1976 τρὸς
1120 1941 1190 1967 κατά
1205 1940 1317 1976 γνώμην
1331 1941 1385 1968 τῶν
1402 1942 1542 1978 δυνάμεων
1558 1943 1604 1969 ἐπὶ
1621 1943 1768 1970 καταλύσει
1779 1943 1828 1970 τοῦ

1038 1986 1106 2012 Θεοῦ
1118 1986 1171 2013 τῶν
1187 1986 1331 2018 Ἰουδαίων,
1342 1988 1388 2013 καὶ
1400 1988 1446 2015 ἐπὶ
1456 1990 1577 2026 σωτηρίᾳ
1588 1989 1640 2016 τῶν
1649 1989 1826 2025 πειθομένων.

1039 2031 1115 2058 Εἶναι
1139 2032 1167 2059 δὲ
1192 2034 1290 2066 αὐτοὺς
1313 2036 1376 2066 τοὺς
1390 2036 1492 2071 ταύτης
1514 2036 1564 2072 τῆς
1589 2036 1740 2072 αἱρέσεως⁷
1764 2037 1827 2069 τοὺς

1038 2078 1149 2112 ἔχοντας
1163 2079 1209 2105 τὸν
1227 2080 1362 2116 σπινθῆρα
1384 2076 1431 2107 τόῡ
1456 2081 1558 2108 ἄνωθεν
1574 2082 1688 2117 Πατρός.
1707 2082 1759 2108 Δύο
1772 2082 1830 2118 γὰρ

1038 2123 1191 2150 πεπλάσθαι
1212 2125 1259 2151 ἀπ’
1277 2126 1364 2161 ἀρχῆς
1389 2127 1549 2162 ἀνθρώπους
1563 2128 1675 2161 φάσκει,
1696 2128 1743 2154 ἕνα
1756 2129 1827 2162 ἀγα-

1038 2169 1083 2196 θὸν
1096 2190 1102 2201 ,
1127 2171 1173 2197 καὶ
1194 2171 1242 2197 ἕνα
1256 2172 1372 2205 φαῦλον·
1390 2173 1419 2206 ἐξ
1432 2170 1469 2200 ὧν
1482 2173 1529 2200 δύο
1550 2172 1620 2201 εἶναι
1636 2174 1669 2201 τὰ
1687 2175 1753 2209 γένη
1772 2175 1826 2209 τῶν

1037 2215 1186 2251 ἀνθρώπων
1200 2217 1229 2242 ὲν
1241 2217 1346 2253 κόσμῳ,
1359 2205 1460 2252 ἀγαθόν
1472 2227 1500 2246 τε
1512 2220 1559 2246 καὶ
1568 2205 1699 2256 πονηρόνξ
1717 2205 1830 2256 Ἐπειδῆ

1038 2260 1067 2287 δὲ
1085 2262 1108 2287 οἰ
1123 2261 1249 2297 δαίμονες
1266 2264 1322 2294 τοῖς
1337 2266 1465 2300 πονηροῖς
1479 2265 1618 2301 ἐϐοήθουν,
1632 2265 1726 2292 τούτου
1745 2266 1825 2293 ἕνεκα

1037 2307 1078 2333 ἐπ’
1094 2308 1207 2342 ἐσχάτου
1220 2308 1275 2336 τῶν
1292 2310 1412 2345 ἡμερῶν,
1432 2311 1470 2342 ὡς
1484 2313 1624 2347 προεῖπον,
1641 2310 1723 2347 ἦλθεν
1740 2315 1754 2340 ὁ
1767 2313 1824 2340 Σω·

1035 2352 1087 2387 τὴρ
1110 2353 1155 2379 ἐπὶ
1177 2353 1287 2390 βοηθείᾳ
1311 2355 1365 2382 τῶν
1388 2356 1498 2390 ἀγαθῶν
1523 2357 1674 2393 ἀνθρώπων
1688 2378 1695 2390 ,
1714 2358 1760 2385 καὶ
1779 2359 1825 2385 ἐπὶ

1035 2399 1180 2425 καταλύσει
1196 2399 1250 2426 τῶν
1265 2401 1391 2436 πονηρῶν
1415 2402 1461 2428 καὶ
1483 2402 1537 2429 τῶν
1553 2403 1697 2439 δαιμὸνων.
1715 2405 1752 2430 Τὸ
1771 2413 1822 2438 γα.-

1037 2446 1097 2479 μεῖν
1115 2445 1142 2471 δὲ
1161 2447 1207 2473 καὶ
1226 2447 1256 2473 τὸ
1275 2448 1372 2483 γεννᾷν
1387 2448 1401 2474 ὁ
1417 2449 1498 2480 αὐτὸς
1513 2449 1634 2485 ἀγύρτης
1651 2451 1682 2476 ἐκ
1703 2450 1750 2476 τοῦ
1772 2451 1824 2478 Σα-

1078 2579 1125 2613 ’49)
1141 2579 1254 2618 dirigam
1277 2581 1331 2615 γὰρ
1350 2579 1448 2615 οὗτος.
1474 2583 1566 2618 Neque
1591 2583 1635 2611 hic
1655 2585 1719 2611 milii
1746 2585 1823 2613 locus

1034 2614 1137 2654 integer
1154 2615 1268 2654 videtur.
1281 2614 1553 2654 'Siippleri’l'ortas'se
1575 2624 1661 2654 potest
1681 2628 1713 2646 ex
1730 2619 1821 2647 Theo-

1033 2647 1128 2690 θυι-(ἔω
1151 2658 1167 2690 Ξ,
1183 2647 1266 2690 Οὗτος
1288 2647 1501 2690 τῷἾιίενάνδρῳ
1533 2647 1747 2690 παραπλησίως,
1772 2655 1822 2682 ἕνα

1033 2683 1131 2726 ἔφησεν
1141 2682 1210 2726 εἶναι
1222 2682 1332 2726 Πατέρα
1343 2688 1433 2726 πάντα
1441 2698 1447 2703 ·
1463 2682 1545 2726 auiam
1558 2682 1696 2724 ἄγνωστον
1706 2698 1712 2704 ·
1721 2682 1822 2718 ’τοῦτον

1031 2720 1060 2759 δὲ
1075 2720 1138 2759 τοὺς
1176 2720 1310 2759 ἀγγέλους
1341 2723 1562 2759 δημιουργῆσαι,
1582 2720 1643 2752 ’καὶ
1661 2725 1712 2756 τὰς
1737 2725 1822 2758 ἄλλας

1031 2753 1169 2795 δυνάμεις.
1197 2755 1274 2795 Quod
1296 2753 1387 2795 autem
1410 2753 1636 2794 apiid'Epiplian.
1663 2753 1821 2795 subjiciiur:

1031 2789 1085 2828 ἀπὸ
1110 2789 1159 2828 τῇς
1188 2791 1269 2817 αὑτοῦ
1290 2789 1442 2828 δυνάμεωᾲ
1472 2789 1572 2822 indicat
1597 2795 1692 2823 deesse
1715 2789 1821 2823 cummi

1031 2825 1150 2865 aliquod,
1170 2831 1232 2865 puta
1254 2827 1300 2853 τοῦ
1316 2825 1370 2855 ἄνω
1397 2830 1512 2865 Πατρός,

1055 2831 1150 2867 iqupu,
1170 2831 1232 2867 puta
1254 2831 1300 2853 τοῦ
1316 2831 1370 2855 ἀνω
1397 2831 1512 2865 Πατρός,
1532 2831 1564 2857 arl
1584 2831 1654 2866 quod
1671 2839 1825 2865 pronomen

1032 2865 1114 2886 αὐτου
1131 2865 1275 2895 pertineat.
