1944 3037
108 156 158 185 501

412 155 596 184 ADVERSUS
615 155 788 183 lIrERESES
808 155 873 183 LIB.
893 156 914 182 I.
940 155 1024 183 TOZII.
1046 155 1078 182 II.
1100 170 1133 175 --
1153 154 1290 183 IIASIIES.
1311 155 1406 182 XXIII.

1689 155 1743 184 502

107 213 181 239 τανᾶ.
197 212 332 248 ὑπάρχειν
355 211 450 246 λέγει·
477 212 537 238 ὅθεν
564 212 610 238 καὶ
633 212 660 238 οἱ
679 211 787 243 πλείους
812 210 902 237 αὐτῶν

959 218 1012 238 rem
1024 211 1145 247 plerique
1163 218 1195 239 ex
1218 211 1315 239 borum
1326 212 1469 246 disciplina
1478 213 1603 240 animalis
1614 214 1742 243 omnibus

108 259 242 294 ἐμιῷύχων
264 258 423 293 ἀπέχονται,
439 258 513 290 ὅπως
530 258 573 285 διὰ
593 259 644 293 τῆς
657 258 846 293 προσποιητῆς
859 258 904 293 δῆ-

107 305 157 331 θεν
170 304 307 335 πολιτείας
322 303 412 331 αὐτῶν
430 312 506 336 τινας
519 303 713 338 ἐπαγάγωνται
732 304 773 335 είς
791 304 840 339 τὴν
855 304 904 330 αὺ-

108 350 165 377 τῶν
180 350 298 385 ἀπάτην.
318 349 373 381 Τὰς
388 350 416 376 δέ
429 350 598 386 προφητείας
613 350 712 384 φάσκει
727 350 742 376 ὁ
754 349 835 380 αὐτὸς
849 349 904 375 πά-

108 394 152 421 λιν
175 395 258 430 γόης,
284 394 333 425 τὰς
361 394 410 429 μέν
435 394 488 420 ὑπὸ
511 394 565 421 τῶν
592 394 764 429 κοσμοποιῶν
780 394 904 428 ἀγγέλων

110 439 363 475 πεπροφητεῦσθαι,
376 439 460 471 τὰςδέ
471 439 524 466 ὑπο
533 439 580 466 τοῦ
594 439 714 467 Σατανᾶ·
727 440 773 466 καὶ
784 440 863 466 αὐτὸν
875 439 905 466 δὲ

107 486 156 512 τὸν
165 487 287 513 Σατανᾶν
292 485 407 520 ἄγγελον
415 487 514 520 φάσκει
524 486 740 522 ἀντιπράττοντα
749 488 803 518 τοῖς
810 494 906 521 κοσμο-

109 534 198 564 ποιοῖς
218 532 361 566 ἀγγέλοις,
384 532 500 567 μάλιστα
516 532 545 559 δὲ
563 533 602 568 τῷ
617 532 676 568 Θεῷ
692 532 746 559 τῶν
760 533 903 560 Ἰουδαίων.

147 581 185 607 Γ’.
200 581 286 607 Ὅταν
309 579 338 606 δὲ
353 579 438 606 ταῦτα
461 580 554 616 φάσκῃ
577 580 591 606 ὁ
617 579 775 615 κτηνώδης,
796 579 904 611 πάντως

109 634 164 652 που
178 626 224 652 καὶ
242 625 323 657 αὐτὸς
337 625 508 661 δειχθήσεται
529 625 578 653 ἕνα
598 625 666 652 Θεὸν
679 625 820 661 ὁμολογῶν
830 646 837 657 ,
859 625 905 652 ml.

108 673 158 698 ἐπὶ
174 672 238 707 μίαν
255 672 371 707 ἑνότητα
387 672 536 708 μοναρχίας
555 672 663 706 ἀνάγων
677 672 708 698 τὸ
725 673 790 698 πᾶν.
804 672 837 698 Εἰ
851 671 906 706 γὰρ

105 719 135 744 οἱ
150 718 259 752 ἄγγελοι
276 719 459 753 πεποιήκασιν
472 739 479 750 ,
500 718 608 753 ἄγγελοι
636 718 664 744 δέ
687 718 766 744 πάλιν
783 717 837 744 ἀπὸ
855 717 906 752 τῆς

108 763 214 790 ἄνωθεν
230 763 372 798 δυνάμεως
386 763 416 789 τὸ
432 763 518 790 αἴτιον
531 763 665 798 ἐσχήκασι
681 762 727 789 τοῦ
745 761 831 789 εἶναι’
850 762 904 798 ἄρα

107 810 161 835 οὒκ
178 809 255 835 αὐτοὶ
271 809 351 836 αἴτιοι
366 809 413 835 τοῦ
428 809 586 844 πλάσματος
599 809 647 835 τοῦ
664 808 823 844 ἀνθρώπου,
845 807 901 834 ἀλλ’
919 792 940 818 Β

109 857 127 890 ἡ
143 855 245 882 ἄνωθεν
259 855 373 890 δύναμις
384 855 401 890 ή
421 855 485 886 τοὺς
501 855 634 889 ἀγγέλους
650 855 785 890 ποιήσασα
799 874 805 886 ,
821 854 850 887 ἐξ
866 850 904 880 ὧν

111 901 160 928 καὶ
176 902 192 936 ὴ
208 901 305 932 πλάσις
321 901 367 927 τοῦ
384 900 529 936 ἀνθρώπου
546 901 705 936 συνέστηκε.
719 901 773 927 Καὶ
787 900 841 936 γὰρ
854 901 904 927 οὐκ

107 946 198 973 αἴτιον
209 946 238 972 τὸ
253 947 393 982 ἐργαλεῖον
407 947 461 973 τῶν
475 947 519 974 ὑπ’
532 946 615 973 αὐτοῦ
632 947 797 982 γενομένων,
809 946 866 973 ἀλλ’
885 947 899 973 ὁ

107 992 231 1027 ἐνεργῶν
257 992 287 1018 τὸ
303 992 444 1028 ἐνέργημα
460 992 504 1019 διὰ
531 992 577 1018 τοῦ
594 991 736 1027 ἐργαλείου
750 1011 757 1022 ,
780 991 813 1018 δι’
830 988 860 1018 οὗ
875 991 905 1018 τὸ

110 1038 192 1074 ἔργον
205 1038 328 1072 γίνεται,
344 1038 383 1070 ὠς
403 1039 450 1064 καὶ
462 1038 617 1073 γέγραπται
628 1046 635 1053 ⁸
652 1037 700 1071 Μὴ
716 1036 905 1071 δοξασθήσεσ

110 1091 159 1110 ται
188 1083 282 1117 πρίων
305 1084 378 1110 ἄνευ
402 1083 457 1110 τοῦ
482 1083 626 1116 ἕλκοντος
662 1084 773 1114 auter;
800 1083 846 1109 καὶ
871 1082 906 1109 τὰ

108 1129 186 1163 ἑξῆς.
216 1128 294 1155 Οὕτω
317 1128 346 1155 δέ
374 1129 503 1165 ὁρῶμεν,
535 1129 576 1155 ὅτι
599 1128 660 1155 οὔτε
687 1128 809 1164 μάχαιρα
831 1128 906 1154 αἰτία

111 1175 210 1208 φόνου,
233 1175 289 1201 ἀλλ’
304 1175 318 1200 ὁ
339 1176 372 1210 τῇ
399 1175 520 1211 μαχαίρᾳ
537 1175 582 1201 τὸν
610 1175 689 1210 φόνον
715 1175 903 1210 ἐπιχειρήσας.

110 1221 169 1247 Καὶ
181 1221 211 1246 οὺ
225 1221 256 1247 τὸ
271 1221 486 1256 κηροπλαστεῶν
506 1221 617 1248 δύναται
644 1221 676 1247 δι’
700 1220 799 1247 ἑαυτοῦ
819 1222 906 1246 ποιεῖν

111 1267 147 1293 τὰ
167 1266 353 1302 πλασσόμενα,
367 1267 424 1294 ἀλλ’
437 1268 451 1294 ὁ
462 1267 492 1293 τὺ
504 1267 716 1303 κηροπλαστεῖον
730 1267 777 1292 καὶ
788 1266 819 1292 τὸ
838 1266 905 1292 πλά-

113 1320 172 1347 σμα
197 1313 396 1348 ἐργασάμενος.
417 1312 523 1340 Οὐκοῦν
547 1312 609 1339 οὔτε
635 1313 659 1338 οἱ
678 1312 788 1346 ἄγγελοι
813 1312 904 1343 αἴτιοι,

112 1357 171 1384 ἀλλ’
188 1358 203 1383 ὁ
217 1358 280 1389 τοὺς
295 1358 427 1392 ἀγγέλους
445 1358 562 1393 ποιήσας
573 1377 580 1388 ,
595 1357 620 1383 εί
641 1357 688 1384 καὶ
703 1355 737 1392 ἦν
754 1357 907 1392 παραγγεί-

113 1404 162 1436 λας
175 1405 266 1436 αὐτοῖς
284 1404 330 1430 τοῦ
347 1404 384 1439 μὴ
402 1404 515 1439 ποιῆσαι
535 1403 688 1438 ἄνθρωπον.
704 1403 735 1429 Εἰ
755 1403 764 1418 ⁸
783 1403 838 1438 γὰρ
856 1411 906 1429 κα-

113 1450 297 1486 ταψηφίζεται
324 1451 375 1486 τῆς
389 1450 445 1477 ἄνω
460 1449 600 1484 δυνάμεως
615 1448 726 1483 ἄγνοιαν
749 1449 796 1475 καὶ
818 1449 905 1482 ἀγνω-

116 1497 177 1523 σίαν
193 1496 247 1522 τῶν
264 1495 415 1531 μελλόντων
430 1495 538 1521 ἔσεσθαι
559 1495 634 1530 παρά
657 1494 687 1521 τὸ
701 1495 786 1530 αὐτῆς
802 1495 907 1530 θέλημα

114 1543 331 1578 ἐπιτελουμένων
340 1563 347 1575 ,
360 1543 377 1578 ή
389 1542 500 1569 εὐδοκία
513 1543 524 1558 ²
537 1543 570 1578 τῇ
588 1543 688 1577 ἑαυτῆς
701 1542 764 1573 τοὺς
776 1541 908 1576 ἀγγέλους

115 1589 294 1625 πεποιηκέναι
310 1589 379 1625 πρὸς
400 1589 431 1616 τὸ
446 1589 581 1625 χρήσιμον
603 1589 653 1624 τῆς
669 1589 842 1624 κατασκευῆς
861 1588 908 1615 τοῦ

116 1635 260 1670 ἀνθρώπου
273 1655 280 1666 ,
298 1633 328 1662 οὗ
347 1634 427 1670 ἡθελε
442 1634 657 1666 κατασκευάζειν
671 1654 679 1667 ,
695 1634 832 1669 ποιήσασα
846 1635 908 1666 τοὺς

116 1681 259 1716 ἀγγέλους,
280 1682 326 1708 καὶ
339 1681 376 1716 μὴ
389 1681 564 1717 ἐντειλαμένη
580 1681 627 1707 τοῦ
653 1681 689 1716 μὴ
708 1680 862 1707 ἐπιτελέσαι
878 1680 909 1706 τὸ

115 1728 302 1763 ἐπιχείρημα,
317 1729 440 1755 τουτέστι
458 1728 504 1754 τοῦ
531 1727 676 1763 ἀνθρώπου
701 1727 732 1753 τὸ
751 1726 906 1759 πλαστεῖον,

115 1773 153 1805 ὡς
166 1774 183 1808 ἡ
197 1773 286 1799 αὐτῶν
305 1772 431 1809 μυθώδης
447 1773 609 1809 τεχνουργία
627 1772 759 1809 περιέχει.

955 256 1103 289 abstinent,
1126 261 1156 284 ut
1176 257 1301 284 aﬂectalo
1323 257 1369 284 illo
1393 251 1541 285 sanctioris
1565 257 1627 285 vitae
1643 267 1744 294 genere

955 303 1101 330 nonnullos
1117 310 1198 329 suum
1213 302 1240 329 in
1253 309 1374 330 errarent
1391 303 1540 337 pelliciant.
1556 303 1613 339 64
1628 303 1666 331 De
1680 311 1745 339 pro-

956 347 1097 382 phetarum
1121 348 1241 376 oraculis
1265 348 1303 375 ita
1324 347 1462 376 veneﬁcus
1482 348 1527 376 ille
1552 349 1683 384 disputat,
1711 357 1744 377 ea

954 393 1054 428 partim
1067 402 1082 421 a
1098 394 1193 421 mundi
1208 393 1353 429 opiﬁcibus
1368 393 1483 429 angelis,
1501 395 1600 428 partim
1614 402 1630 420 a
1643 394 1743 423 Satana

954 441 1095 476 profecta:
1121 445 1148 468 et
1165 441 1238 468 hunc
1255 440 1344 475 ipsum
1366 439 1496 467 Satanam
1521 443 1599 475 putat
1617 441 1743 475 angelum

954 495 1026 519 esse,
1044 487 1091 521 qui
1105 486 1201 514 mundi
1216 485 1407 513 conditoribus
1421 485 1538 522 angelis,
1550 486 1742 522 praecipueque

955 532 1113 560 Iudaeorum
1129 531 1185 560 Deo
1200 532 1322 560 resistat.

987 577 1033 606 111.
1043 578 1109 612 Quae
1119 585 1181 605 cum
1190 577 1224 604 ab
1235 577 1280 604 illa
1289 577 1392 612 pecude
1408 578 1481 606 hunc
1494 579 1522 606 in
1537 577 1647 606 modum
1656 577 1743 606 disse-

956 626 1110 657 runtur,ch
1123 625 1224 652 invitus
1236 625 1408 651 convincitur
1418 633 1501 652 unum
1513 625 1636 653 conﬁteri
1647 625 1741 657 Deum.

955 676 1037 706 atque
1056 672 1090 699 ad
1110 671 1233 703 unicum,
1251 670 1472 706 singularemque
1493 669 1661 697 dominatum
1683 671 1744 698 uni-

955 726 1033 746 versa
1048 717 1162 746 referre.
1182 717 1288 745 Etenim
1305 718 1328 746 si
1348 715 1467 744 mundus
1485 716 1519 743 ab
1534 716 1639 752 angelis
1654 716 1743 743 Iactus

955 769 1009 797 est,
1026 772 1088 791 cum
1106 764 1217 799 ipsimet
1231 768 1295 791 ante
1315 772 1330 790 a
1345 763 1450 791 ccelesti
1467 763 1567 790 virtute
1580 762 1743 797 principium

955 814 1036 845 atque
1048 810 1181 845 originem
1194 809 1353 842 habuerint,
1366 816 1422 836 non
1440 809 1478 836 illi
1491 808 1610 844 ﬁngendi
1624 808 1744 835 hominis

954 861 1080 885 auctores
1096 860 1171 889 sunt,
1186 856 1234 884 sed
1251 863 1379 891 suprema
1395 856 1480 883 virtus
1499 855 1543 882 illa
1559 855 1662 890 potius,
1678 862 1739 890 quae

959 902 1071 938 angelos
1096 902 1230 934 condidit,
1248 909 1263 928 a
1278 901 1380 937 quibus
1399 901 1483 929 homo
1501 905 1595 936 postea
1612 901 1745 928 formatus

954 953 1012 980 est;
1027 955 1090 975 nam
1111 956 1161 975 nec
1176 948 1243 975 artis
1259 947 1473 975 instrumentum
1485 953 1580 973 eorum
1595 953 1678 973 causa
1692 951 1743 977 est.

955 1002 1015 1029 qua:
1031 994 1064 1021 ab
1078 994 1137 1029 ipso
1157 993 1242 1020 ﬁunt:
1261 993 1309 1021 sed
1325 993 1369 1020 ille
1388 993 1490 1028 potius,
1506 993 1627 1027 quicum
1644 992 1743 1019 instru-

954 1044 1047 1068 mento
1057 1047 1117 1066 eam
1127 1039 1263 1066 actionem
1273 1038 1411 1073 exprimit,
1424 1045 1473 1073 per
1483 1045 1564 1073 quam
1578 1045 1647 1072 opus
1657 1037 1745 1072 ipsum

955 1084 1080 1116 eﬁicitur,
1094 1083 1324 1119 quemadmodum
1336 1083 1470 1117 scriptum
1488 1086 1545 1110 est:
1566 1081 1638 1108 Num
1651 1081 1747 1116 gloria-

956 1130 1027 1157 bitur
1048 1138 1122 1157 serra
1146 1130 1201 1156 sine
1225 1129 1343 1156 trahente
1368 1127 1494 1162 ipsum“?
1522 1132 1574 1154 etc.
1589 1128 1679 1162 Atque
1694 1127 1746 1154 Itoc

955 1176 1062 1204 caeteris
1082 1176 1108 1203 in
1130 1176 1212 1203 rebus
1233 1176 1269 1202 ita
1286 1182 1348 1202 sese
1369 1174 1470 1202 habere
1485 1174 1633 1202 cernimus.
1653 1172 1747 1209 Neque

956 1221 1028 1248 enim
1042 1220 1148 1256 gladius
1162 1228 1246 1248 causa
1261 1220 1344 1247 caedis
1363 1225 1415 1252 est,
1431 1219 1480 1247 sed
1495 1219 1519 1247 is
1538 1220 1585 1255 qui
1601 1218 1693 1255 gladio
1712 1219 1747 1246 ad

957 1267 1168 1302 perpetrandam
1180 1267 1280 1294 caedem
1288 1267 1384 1293 utitur.
1400 1266 1492 1301 Neque
1501 1273 1642 1293 cerearum
1652 1266 1747 1302 imagi-

958 1321 1023 1340 num
1036 1317 1116 1348 typus
1135 1320 1195 1348 qua:
1210 1313 1352 1348 ﬁnguntur
1365 1319 1413 1347 per
1427 1319 1458 1339 se
1472 1311 1561 1339 moliri
1576 1315 1677 1346 potest,
1698 1311 1747 1339 sed

958 1359 981 1387 is
995 1360 1108 1386 omnino
1125 1359 1172 1394 qui
1191 1363 1218 1386 et
1235 1363 1328 1394 typum
1343 1358 1444 1393 ipsum,
1465 1361 1494 1384 et
1507 1364 1664 1392 expressam
1679 1358 1748 1384 imu-

958 1405 1048 1440 ginem
1065 1404 1140 1432 fecit.
1156 1404 1247 1437 Quare
1263 1411 1318 1430 non
1334 1402 1421 1438 angeli
1436 1402 1500 1438 ipsi,
1516 1401 1564 1430 sed
1576 1402 1623 1437 qui
1635 1403 1748 1438 angelos

958 1450 1090 1486 produxit
1102 1447 1221 1477 hominis
1237 1457 1320 1478 causa
1332 1453 1470 1481 censetur,
1487 1449 1596 1476 tametsi
1613 1456 1648 1476 ne
1663 1448 1749 1476 homi-

958 1504 1020 1524 nem
1036 1496 1188 1524 conderent
1212 1496 1268 1524 illis
1288 1495 1478 1528 interdixerit;
1500 1502 1563 1522 natn
1582 1495 1626 1522 vel
1642 1495 1748 1522 caelesti

958 1543 1053 1570 virtuti
1071 1542 1218 1574 Inscitiam,
1234 1549 1265 1570 ac
1281 1542 1438 1569 futurarum
1456 1549 1548 1569 rerum
1567 1549 1628 1576 qua:
1649 1545 1748 1576 praeter

958 1588 1126 1616 voluntatem
1156 1595 1234 1615 suam
1261 1587 1434 1623 perﬁcienda!
1459 1592 1534 1619 sunt,
1564 1587 1748 1622 ignorantiam

960 1634 1084 1666 ascribit,
1106 1639 1152 1661 aut
1169 1642 1229 1661 eam
1254 1634 1364 1669 propria
1381 1633 1464 1661 animi
1489 1632 1646 1660 inductione
1669 1636 1749 1668 putat

957 1681 1068 1715 angelos
1079 1688 1248 1716 procreasse,
1258 1680 1330 1716 quod
1337 1681 1388 1708 hoc
1399 1681 1486 1716 ipsum
1499 1680 1532 1707 ad
1543 1679 1748 1715 producendum

963 1726 1098 1754 hominem
1111 1728 1177 1754 utile
1188 1726 1268 1759 foret,
1280 1735 1361 1762 quem
1371 1727 1491 1754 forinare
1503 1731 1631 1762 cuperet:
1645 1734 1707 1753 cum
1721 1729 1750 1753 et

962 1772 1074 1807 angelos
1087 1773 1265 1805 condidisset,
1282 1781 1332 1801 nec
1342 1780 1388 1801 eos
1395 1773 1582 1808 prohibuisset
1595 1781 1664 1809 opus
1672 1773 1749 1808 ejus-

114 1818 198 1848 modi,
222 1817 351 1844 nimirum
381 1817 499 1845 hominis
528 1817 696 1845 molitionem
718 1817 840 1852 aggredi,
868 1816 895 1843 id
917 1816 991 1851 quod
1009 1816 1163 1845 fabulosum
1179 1818 1288 1845 illorum
1304 1818 1454 1845 artiﬁciqu
1470 1819 1602 1846 continet.

151 1867 186 1892 Δ’.
203 1866 238 1892 Ἢ
255 1866 265 1881 ³
276 1866 373 1893 οὐκοῦν
392 1867 474 1894 πάλιν
496 1866 542 1894 τὸν
567 1866 714 1902 μυθολόγον
733 1866 884 1901 ἐρωτητέον
897 1873 904 1879 ·

117 1912 174 1946 ᾔδει
188 1915 205 1949 ή
227 1913 282 1940 ἄνω
304 1913 434 1948 δύναμις,
453 1913 468 1939 ὂ
484 1922 510 1940 τι
524 1913 651 1948 μέλλουσι
676 1912 825 1948 πράττειν;
841 1912 905 1944 Ναὶ,

117 1960 209 1996 φησίν.
227 1961 298 1995 Ἄρα
315 1960 396 1994 γοῦν,
413 1960 437 1985 εί
453 1959 521 1994 ᾔδει,
539 1959 608 1994 αὐτὴ
624 1959 757 1994 πεποίηκε
770 1979 776 1990 ,
797 1959 843 1985 καὶ
857 1958 907 1984 οὐκ

117 2007 204 2034 αὐτοί.
226 2008 257 2034 El
276 2007 305 2034 δὲ
318 2006 376 2042 ᾔδει
401 2007 469 2041 μὲν,
489 2005 539 2032 οὐκ
564 2005 643 2041 ἤθελε
657 2005 695 2038 δέ,
718 2005 794 2040 παρά
814 2005 842 2031 δέ
858 2005 907 2040 τὴν

117 2053 203 2088 αὐτῆς
231 2052 343 2087 γνώμην
369 2051 551 2087 ἐπεχείρησαν
567 2051 597 2077 τὸ
618 2051 786 2086 ἐπιχείρημα
808 2049 884 2076 αὐτοί
897 2057 904 2063 ·

117 2100 170 2126 τίνι
197 2099 236 2135 τῷ
262 2099 333 2134 λόγῳ
357 2098 388 2124 οὺ
410 2097 581 2129 κεκώλυκεν;
597 2097 628 2123 El
643 2097 671 2123 δέ
690 2096 828 2128 ἀδυνάτως
845 2095 907 2130 ἔσχε
924 2111 947 2140 D

117 2145 166 2172 τοῦ
179 2145 311 2176 κωλῦσαι,
330 2143 427 2180 πρώτη
443 2143 594 2178 φαυλότης,
607 2143 647 2169 ὅτι
661 2143 721 2169 καθ’
739 2143 823 2177 αὐτῆς
844 2142 907 2173 τοὺς

119 2193 165 2241 qui
188 2192 274 2227 αὐτῆς
301 2190 447 2226 γεγονότας
471 2190 604 2224 ἀγγέλους
624 2190 663 2221 εἰς
682 2189 824 2241 ἀντίθεσιχ
842 2189 907 2214 ἑαυ-

118 2234 168 2273 σέἧς
185 2239 232 2265 καὶ
250 2237 423 2273 παροξυσμὸν
442 2236 641 2263 κατεσκεύασε·
656 2235 781 2270 δεύτερον
802 2234 847 2267 δὲ,
867 2235 908 2260 ὅτι

118 2284 253 2318 δυναμένη
271 2283 301 2309 οὑ
319 2282 485 2315 κεκώλυκεν,
498 2282 566 2308 ἀλλὰ
581 2283 751 2317 συνήργησεν
765 2282 804 2312 εἰς
819 2281 848 2307 τὸ
859 2288 908 2306 που

119 2329 200 2364 νηρὺν
216 2329 295 2364 ἔργον
310 2329 340 2354 τὸ
356 2328 408 2354 ὑπὸ
424 2328 479 2354 τῶν
497 2327 619 2362 ἀγγέλων
631 2327 824 2362 γεγενημένον.
839 2325 907 2353 Είδέ

119 2377 150 2402 οὺ
163 2376 327 2411 συνήργησε,
344 2376 390 2401 καὶ
405 2374 565 2410 βουληθεῖσα
577 2375 627 2400 οὐκ
644 2373 763 2409 ἠδυνήθη
775 2373 907 2405 κωλῦσαι,

119 2422 203 2457 πολλή
223 2430 265 2452 τις
280 2420 409 2447 ἀσθένεια
423 2421 452 2446 ἐν
466 2421 498 2455 τῇ
513 2419 650 2455 θελησάσῃ
665 2419 712 2446 καὶ
731 2419 768 2454 μὴ
785 2417 908 2453 δυνηθεί-

121 2475 170 2504 σῃ-
185 2468 232 2494 καὶ
249 2466 348 2502 μᾶλλον
363 2465 535 2502 ἰσχυρότερον
546 2465 588 2500 εἴη
597 2465 628 2491 τὸ
642 2465 687 2490 ὑπ’
701 2464 787 2499 αὐτῆς
798 2463 910 2498 γενόμε-

120 2522 164 2540 νον
175 2513 229 2539 τῶν
245 2512 368 2547 ἀγγέλων
382 2511 484 2546 στίφος,
497 2511 514 2546 ἢ
526 2511 542 2546 ή
553 2510 623 2545 αὐτὴ
637 2510 711 2537 αἰτία
722 2508 789 2536 οὖσα
799 2509 853 2536 τῶν
865 2510 910 2535 ὑπ’

121 2558 205 2593 αὐτῆς
227 2557 376 2592 γεγονότων
401 2556 533 2590 ἀγγέλων.
546 2555 713 2588 Ἐξάπαντος
739 2554 829 2580 τοίνυν
852 2554 908 2580 ἀλί-

122 2614 214 2632 σκεται
230 2605 246 2640 ἡ
265 2604 314 2639 τῆς
336 2603 467 2638 αἱρέσεως
482 2602 620 2633 ὑπόθεσις,
637 2601 788 2636 ἀσυστασίᾳ
809 2601 909 2635 μᾶλλον

121 2650 332 2686 περιπίπτουσα,
345 2649 393 2675 καὶ
407 2649 457 2674 οὐκ
471 2647 594 2683 ἀληθείᾳ.
611 2647 643 2673 Εἰ
656 2647 684 2673 δὲ
698 2647 829 2681 ἐγίνωσκε
850 2647 908 2681 μὲν,

121 2697 228 2732 ἀνάγκῃ
238 2696 266 2722 δέ
280 2695 367 2721 ἐποίει
378 2694 500 2725 τούτους,
513 2693 528 2720 ὃ
542 2693 580 2729 μὴ
592 2692 671 2728 θέμις
687 2693 744 2719 ἐστὶ
754 2691 810 2727 (50)
825 2692 911 2727 πρατ-

121 2752 178 2770 τειν
192 2743 266 2777 παρὰ
282 2742 312 2768 τὸ
327 2742 410 2776 αὐτῆς
426 2739 560 2776 βούλημα,
578 2738 724 2765 ἐλαττώσει
740 2739 821 2774 ἐτέρᾳ
831 2747 909 2774 περι-

996 1865 1041 1893 ιν.
1057 1865 1241 1898 Quamobrem
1255 1874 1364 1894 rursum
1380 1866 1414 1894 de
1434 1867 1588 1894 fabularum
1606 1868 1750 1896 inventore

961 1911 1137 1946 quaerendum
1153 1916 1212 1939 est:
1231 1912 1336 1947 Ecquid
1356 1913 1476 1941 cmlestis
1499 1913 1544 1940 illa
1561 1913 1649 1941 virtus
1667 1921 1749 1942 nove-

961 1960 1014 1988 rat,
1040 1957 1105 1991 quid
1132 1962 1226 1984 essent
1251 1958 1338 1993 angeli
1363 1958 1480 1985 facturi?
1498 1958 1625 1991 Noverat,
1649 1960 1747 1994 inquit.

961 2001 1046 2036 Igitur
1063 2010 1117 2029 non
1142 2003 1229 2038 angeli
1248 2003 1310 2038 ipsi,
1327 2004 1376 2031 sed
1394 2004 1438 2030 illa
1461 2005 1556 2039 utique
1579 2004 1654 2032 fecit.
1671 2006 1750 2038 Quod

962 2046 986 2074 si
999 2052 1113 2074 noverat
1127 2048 1248 2082 quidem.
1263 2048 1312 2076 sed
1325 2048 1383 2076 ﬁeri
1395 2052 1486 2076 tamen
1497 2049 1617 2079 nolebat,
1633 2057 1672 2076 ac.
1681 2057 1750 2085 prae-

962 2097 1003 2120 ter
1026 2093 1099 2121 illius
1117 2094 1278 2121 sententiam
1300 2095 1433 2130 attingere
1457 2102 1526 2129 opus
1539 2094 1612 2122 istud
1627 2096 1748 2131 aggressi

961 2145 1034 2173 sunt,
1050 2148 1102 2168 cur
1120 2148 1176 2168 non
1196 2141 1356 2176 prohibuit?
1378 2141 1426 2169 Sin
1446 2142 1556 2169 obstare
1573 2142 1685 2170 minimc
1701 2151 1749 2178 po-

962 2186 1026 2214 tuit:
1043 2187 1162 2222 primum
1182 2187 1234 2214 hoc
1255 2188 1350 2214 vitium
1368 2191 1419 2220 est,
1440 2188 1513 2223 quod
1534 2192 1628 2216 contra
1648 2193 1750 2217 semet-

959 2232 1046 2267 ipsam
1066 2233 1191 2261 conditos
1206 2241 1221 2260 a
1236 2241 1266 2261 se
1282 2234 1404 2269 angelos,
1423 2234 1474 2261 sibi
1493 2237 1522 2261 ut
1541 2235 1700 2263 resisterent
1717 2244 1749 2263 ac

961 2287 990 2306 se
1015 2279 1157 2306 irritarent
1182 2279 1274 2307 moliri
1296 2279 1433 2311 voluerit;
1455 2279 1582 2308 alterum.
1599 2280 1672 2314 quod
1695 2281 1749 2317 65

963 2333 1025 2352 cum
1044 2329 1149 2360 posset,
1175 2326 1287 2353 minime
1316 2325 1498 2360 prohibuerit,
1525 2326 1580 2352 imo
1606 2326 1688 2353 etiam
1716 2329 1750 2354 ad

962 2371 1112 2406 pessimum
1126 2371 1191 2398 illud
1207 2371 1365 2406 angelorum
1386 2371 1525 2406 opiﬁcium
1542 2373 1749 2408 exsequendum

962 2416 1124 2452 adjutriccm
1137 2424 1198 2444 sese
1206 2417 1362 2452 praebuerit.
1375 2416 1453 2449 Quod
1465 2417 1487 2444 si
1501 2424 1552 2444 nec
1562 2417 1623 2445 illos
1634 2418 1750 2453 adjuvit,

963 2468 990 2490 et
1017 2463 1163 2498 prohibere
1187 2470 1249 2490 cum
1272 2463 1353 2491 vellet
1374 2471 1430 2491 non
1452 2463 1557 2499 potuit:
1584 2472 1751 2500 magnopere

963 2509 1128 2536 imbecillam
1148 2516 1208 2537 eam
1228 2513 1337 2544 oportet
1359 2517 1430 2543 esse,
1452 2517 1512 2545 quae
1532 2510 1605 2545 quod
1623 2511 1750 2543 voluerit,

963 2555 1069 2583 efﬁcere
1095 2563 1149 2582 non
1167 2556 1273 2591 potuit:
1293 2556 1401 2591 eritque
1423 2555 1491 2583 adeo
1519 2556 1632 2584 condita
1653 2557 1699 2584 illa
1717 2558 1752 2585 ab

963 2610 994 2630 ea
1006 2602 1163 2637 angelorum
1194 2606 1303 2630 caterva
1327 2602 1436 2635 fortior,
1451 2610 1533 2638 quam
1555 2603 1671 2637 ipsamet
1691 2611 1752 2636 qua}

964 2647 1122 2681 angelorum
1139 2654 1223 2675 causa
1238 2651 1280 2675 est
1296 2655 1328 2675 ac
1343 2647 1516 2683 principium.
1538 2647 1624 2683 Igitur
1637 2648 1752 2676 haeresis

964 2692 1015 2720 ista
1032 2693 1144 2720 minime
1157 2692 1296 2720 cohaerere
1307 2692 1366 2728 ipsa
1383 2699 1488 2722 secum,
1508 2697 1591 2727 atque
1602 2700 1617 2719 a
1634 2693 1750 2720 veritate

965 2738 1093 2766 recedere
1107 2738 1181 2766 omni
1202 2746 1234 2766 οι
1257 2742 1335 2773 parte
1356 2738 1540 2766 convincitur.
1563 2737 1622 2766 1am
1643 2746 1707 2766 vero
1727 2739 1752 2766 si.

158 2812 164 2827 '
178 2810 209 2837 F.
226 2811 252 2845 ἦ.
291 2811 301 2825 ¹
315 2809 344 2836 F.
360 2809 506 2845 ἣεύδοκίᾳ.
537 2808 546 2823 ³
562 2807 592 2834 F.
605 2816 722 2843 expung.
739 2808 765 2843 ἦ.
805 2808 816 2822 ⁸
831 2806 884 2834 15a.
898 2816 906 2834 ι

158 2879 214 2915 (50)
236 2879 362 2912 Τούτους
390 2879 406 2906 ὃ
429 2878 472 2915 μὴ
490 2878 573 2913 θέμις
597 2879 694 2906 ἐστίν.
726 2878 805 2907 Dccst
832 2878 988 2912 μέλλοντας.
