1944 3037
185 105 237 133 7.05

894 103 923 130 S.
945 100 1120 131 EPIPHAN'II

1767 104 1825 131 ὅθί

184 166 323 192 caelestem
347 166 477 191 virtutem
504 163 615 191 minime
639 163 685 190 illa
709 162 819 197 quidem
841 162 975 194 latebant,

1029 164 1151 189 πεσεῖται
1166 162 1256 193 πάλιν,
1272 163 1318 189 καὶ
1335 162 1395 190 οὐδὲ
1408 163 1436 190 ἓν
1450 163 1587 200 πλήρωμα
1604 162 1780 198 εὑρεθήσεται
1790 165 1826 190 ὲν

184 210 233 238 sed
245 218 294 238 eos
314 210 388 245 ipsos
405 215 509 240 tamen,
525 211 572 245 qui
593 209 666 244 quod
691 209 767 238 nefas
787 214 860 237 esset
878 212 976 244 prieter

184 257 354 283 voluntatem
371 263 449 284 suam
464 259 543 283 erant
566 254 676 285 facturi,
698 255 856 283 necessario
878 254 975 281 condi-

183 303 234 334 dit,
250 302 303 330 alia
318 311 417 330 rursus
433 302 459 329 in
475 310 504 329 re
517 301 644 329 deficiet:
661 309 712 328 nec
729 301 813 328 ullttm
828 300 855 328 in
871 300 976 328 ctelesti

183 348 285 375 virtute
303 348 534 382 complementum
546 353 580 374 ex
592 346 665 374 illius
680 346 813 373 sententia
830 345 973 373 residebit.

184 393 273 428 Atque
287 398 316 420 ut
334 393 410 420 illutn
428 392 518 420 denuo
535 392 735 427 interrogemus
749 402 756 419 :
778 391 851 419 Heus
868 392 913 419 tul
934 391 976 418 in-

185 446 278 474 quam,
296 439 343 474 qui
372 446 419 474 per
439 438 574 466 fenestras
595 438 669 465 intro
690 438 875 473 prospexeris,
897 441 927 465 ut
944 445 976 465 eo

185 485 304 513 ludibrio
322 485 417 512 deliria
428 490 473 512 tua
498 493 663 520 prosequar,
692 485 784 520 ibique
799 485 976 521 quemadmo-

186 531 252 561 dum
267 532 356 567 angeli
373 531 458 558 creati
473 531 527 558 sint
543 530 704 566 pet-videris,
716 539 867 566 eorumque
883 531 911 558 in
928 530 976 558 ho—

187 579 260 606 mine
278 577 402 613 lingcndo
422 576 568 604 artificium
583 577 722 612 cognoris,
738 585 770 604 ac
785 577 906 604 caelestis
921 577 976 603 vir-

185 625 254 652 tutis
277 624 417 652 solertiam
444 627 631 658 perscrutatus
649 623 744 654 fueris,
760 631 856 652 unum.
874 631 922 650 oro
937 627 974 655 te,

185 670 229 697 dic
247 670 327 696 nobis
344 678 351 696 :
368 676 432 695 num
451 668 489 695 illi
503 668 569 703 quid
592 668 753 695 molirentur
772 672 920 701 noverant;
940 676 974 695 an

187 715 351 750 ignorabant
368 714 480 749 potius?
504 713 533 740 Si
555 713 628 741 enitn
652 713 827 748 ignorabant,
853 721 915 748 quae
935 714 976 740 vis

186 762 249 790 illos
260 761 384 797 cogebat,
399 765 428 788 ut
439 760 512 795 quod
529 760 650 795 ignotum
665 760 717 787 sibi
735 763 808 787 esset
817 759 976 787 edicerent?

187 807 308 839 Minime,
324 806 423 841 inquit,
441 806 614 841 ignorabant,
630 806 686 832 imo
703 805 767 840 quid
779 805 867 832 acturi
881 808 975 833 essent

1027 211 1060 245 τῇ
1079 210 1134 237 ἄνω
1146 210 1258 245 δυνάμει
1274 211 1344 237 κατὰ
1357 209 1404 237 τὸν
1422 210 1504 236 αὑτοῦ
1517 209 1670 244 λόγον.¹Ετι
1693 210 1721 236 δὲ
1736 218 1827 245 προσ-

1028 256 1140 291 θείημεν
1154 256 1235 283 αὑτὺν
1253 255 1410 292 ἐρωτῶντες
1423 266 1427 271 ·
1444 256 1514 290 Λέγε
1531 257 1607 292 ἡμῖν,
1623 253 1645 283 ὦ
1660 254 1738 289 οὗτος
1752 257 1765 283 ὁ
1776 257 1827 283 διὰ

1028 302 1142 338 θυρίδων
1156 302 1332 338 παρακύψας,
1347 303 1379 330 ἶν’
1388 302 1458 330 οὕτω
1468 303 1590 338 χλευάσω
1603 302 1652 338 τὴν
1668 303 1717 337 σὴν
1730 303 1825 338 ληρω-

1027 347 1095 379 δίαν,
1110 348 1158 375 καὶ
1173 349 1202 375 ὲν
1213 348 1252 384 τῷ
1268 348 1459 384 παρακύπτειν
1480 349 1619 384 σκοπήσας
1636 349 1673 380 ὼς
1695 349 1827 384 ἐκτίσθη-

1028 401 1078 420 σαν
1094 394 1117 419 οἱ
1134 394 1254 428 ἄγγελοι,
1270 394 1317 421 καὶ
1330 395 1379 429 τὴν
1391 395 1436 421 ὑπ’
1454 395 1544 421 αὐτῶν
1559 395 1623 430 περὶ
1634 394 1664 421 τὸ
1681 394 1824 429 ἀνθρώπι-

1027 447 1072 465 νον
1094 439 1207 473 πλάσμα
1231 440 1420 475 τεχνουργίαν,
1440 440 1501 467 τότε
1527 439 1752 472 κατώπτευσαςί,
1774 441 1825 467 καὶ

1026 486 1076 521 τῆς
1088 485 1191 512 ἄνωθεν
1206 486 1347 522 δυνάμεως
1368 487 1523 522 ὲξιχνίασας
1540 486 1589 522 τὴν
1611 486 1822 522 μηχανοποιίαν,

1025 532 1134 567 ᾔδεισαν
1148 530 1220 560 οὗτοι
1233 533 1260 559 τί
1274 532 1447 565 πλάσσουσιν,
1467 533 1484 568 ἣ
1502 533 1631 568 ἠγνόουη
1647 532 1825 566 Ἀγνοοῦντες

1026 579 1065 610 δὲ,
1079 579 1131 606 ὑπὸ
1148 579 1219 611 τίνος
1233 579 1421 614 ἠναγκάζοντο
1437 579 1468 607 τὸ
1482 580 1511 606 ὲν
1527 579 1649 615 ἀγνωσία
1665 579 1822 611 ἑπιτελεῖνς

1026 624 1104 660 Οὐχὶ,
1124 626 1216 661 φησιν,
1241 626 1290 652 οὐκ
1313 626 1444 660 ἠγνόουνο
1462 624 1572 660 ᾔδεισαν
1593 625 1647 660 γὰρ
1670 624 1685 650 ὃ
1708 624 1823 659 ἔμελλον

1027 670 1169 705 πράττειν.
1179 671 1210 696 Ἠ
1222 670 1310 696 τοίνυν
1318 669 1422 697 ἄνωθεν
1433 669 1547 704 δύναμις
1553 668 1610 704 ᾔδει
1622 668 1733 699 τούτους
1741 668 1825 695 τοῦτο

1028 717 1174 752 μέλλοντας
1195 717 1353 752 ἐπιχειρεῖν,
1369 716 1385 751 ἢ
1401 715 1494 750 ἠγνόει
1507 723 1513 747 ;
1528 715 1584 741 Οὐκ
1599 715 1700 749 ἠγνόει.
1711 714 1824 750 Ἐποίη-

1027 771 1072 789 σεν
1084 761 1130 789 οὖν
1145 762 1254 794 αὐτοὺς,
1266 763 1309 789 ἴνα
1321 762 1400 788 τοῦτο
1412 761 1591 797 πράξωσιν,ἦ
1607 761 1660 796 μή;
1675 760 1753 795 Οὐχὶ,
1768 770 1825 796 φη-

1028 809 1079 835 σξν.
1091 808 1219 844 Ἐποίησε
1235 808 1289 844 γὰρ
1305 808 1403 839 αὐτοὺς
1421 807 1512 843 μόνον,
1529 803 1609 833 Οὗτοι
1631 807 1659 833 δὲ
1679 806 1756 842 παρὰ
1772 807 1825 841 τὴν

188 853 388 880 intellexerant.
404 853 460 879 Aut
477 852 560 888 igitur
574 851 608 878 ad
623 851 690 878 illud
709 851 816 879 facinus
831 858 976 886 aggressu-

1029 852 1083 879 ἅνω
1100 852 1215 888 δύναμιν
1234 852 1418 887 ἐπεχείρησαν
1435 851 1504 888 πρὸς
1519 851 1550 877 τὸ
1568 851 1680 886 ποιῆσαι
1696 852 1822 886 πλάσμα.

187 909 233 928 ros
249 900 318 927 istcs
333 899 453 927 caelestis
467 898 555 925 virtus
569 897 683 929 sciebat,
699 901 747 924 attt
769 897 890 924 nondtttn
906 897 978 924 scie-

187 948 243 975 bat.
260 945 379 972 Scivisse
393 943 548 979 respondet.
565 943 662 975 Quzero
674 943 765 977 itaque
786 950 851 969 num
871 942 932 970 illos
944 950 977 969 eo

187 993 303 1022 consilio
330 999 415 1019 necne
429 996 458 1018 ut
473 991 525 1018 hoc
549 990 672 1017 iacerent
695 989 866 1025 produxerit.
891 988 978 1024 Negat

186 1046 220 1066 eo
234 1037 350 1065 consilio
363 1036 522 1071 productos.
540 1035 612 1062 Nihil
627 1035 699 1062 enim
720 1035 773 1062 nisi
792 1035 867 1070 ipsos
884 1035 978 1062 condi-

187 1085 237 1112 dit.
253 1085 288 1111 At
301 1083 328 1110 hi
341 1082 499 1110 inconsulta
514 1081 619 1109 ctelesti
635 1081 735 1108 virtute
749 1088 778 1108 se
793 1080 827 1107 ad
839 1081 977 1116 opificium

187 1130 260 1159 istud
275 1129 462 1156 accinxerunt.
480 1128 550 1163 Ergo
567 1128 639 1162 quod
655 1127 744 1162 angeli
762 1127 976 1163 cognoscebant,

187 1174 308 1203 caelestis
324 1173 414 1201 virtus
430 1174 475 1199 illa
495 1173 653 1200 nesciebat?
673 1172 695 1199 0
719 1173 876 1199 mortalium
898 1172 977 1209 longe

188 1222 309 1248 omnium
325 1219 522 1247 stolidissime!
538 1218 570 1245 Et
585 1218 706 1246 hominis
719 1222 861 1246 structura
885 1220 977 1247 consi-

189 1271 253 1298 stet,
270 1272 452 1302 atmtoresqne
467 1266 541 1292 illitts
556 1265 642 1300 angeli
658 1265 718 1299 ejus
737 1264 776 1292 rei
792 1265 916 1292 notitiam
931 1265 978 1292 ha—

189 1313 301 1345 bebunt,
314 1317 396 1348 atque
410 1312 518 1339 interim
538 1311 625 1338 virtus
643 1310 699 1343 illa,
713 1317 774 1344 qum
789 1311 900 1346 angelos
918 1319 979 1346 pro-

187 1358 275 1392 duxit,
292 1359 318 1385 in
332 1358 501 1394 ignoratione
517 1356 687 1384 versabitur?
699 1356 770 1383 Sane
783 1363 913 1392 perquam
926 1358 978 1385 hoc

188 1405 300 1431 slttllttm
328 1407 371 1431 es:
394 1411 426 1431 ac
454 1402 621 1435 ridiculum;
644 1409 706 1429 cum
737 1405 763 1429 et
782 1409 852 1437 opus
871 1403 976 1431 artiﬁce

1029 899 1134 926 Οὐκοῦν
1151 897 1223 926 οὗτοι
1242 899 1291 934 μὲν
1304 899 1425 934 ⁴ᾔδεισαν,
1444 897 1534 931 ἐκείνη
1547 897 1575 924 δὲ
1591 897 1607 932 ἡ
1623 897 1725 924 ἄνωθεν
1741 897 1824 924 δύνα-

1030 954 1075 980 μις
1090 945 1182 980 ἠγνόει
1197 945 1268 972 κατὰ
1281 945 1326 971 τὸν
1343 945 1388 972 σὺν
1404 944 1492 978 λόγον,
1513 940 1535 970 ὦ
1550 943 1658 969 πάντων
1672 943 1825 978 ἀνθρώπων

1029 990 1171 1026 ἀϐέλτερεί
1188 991 1244 1017 Καὶ
1267 990 1343 1017 ἔσται
1370 990 1420 1025 μὲν
1444 991 1460 1025 ὴ
1488 989 1542 1016 τῶν
1570 989 1722 1025 ἀνθρώπων
1735 998 1824 1016 κατα-

1031 1035 1116 1071 σκευὴ
1133 1035 1262 1066 σύστασις
1283 1035 1304 1068 ³,
1319 1036 1365 1062 καὶ
1379 1036 1404 1061 οἱ
1433 1035 1512 1061 αἴτιοι
1532 1034 1634 1068 ταύτης
1657 1034 1766 1069 ἄγγελοι
1792 1036 1826 1061 ὲν

1031 1081 1142 1117 γνώσει,
1156 1083 1173 1118 ἡ
1202 1082 1230 1108 δὲ
1251 1082 1315 1114 τοὺς
1340 1081 1473 1116 ἀγγέλους
1496 1081 1635 1116 ποιήσασα
1654 1081 1769 1117 δύναμις
1792 1082 1826 1108 ὲν

1031 1127 1154 1163 ἀγνωσία
1167 1136 1175 1160 ;
1188 1127 1316 1163 Ληρῶδες
1340 1128 1361 1154 δ’
1376 1127 1408 1154 ἂν
1429 1127 1472 1162 εἴη
1494 1127 1573 1154 τοῦτο
1593 1127 1639 1154 καὶ
1654 1127 1766 1162 ἠλίθιον,
1780 1128 1824 1154 ὅτι

1033 1174 1133 1209 μᾶλλον
1159 1173 1346 1209 ἐντελέστερον
1371 1173 1401 1200 τὸ
1428 1173 1508 1209 ἔργον
1531 1173 1578 1200 τοῦ
1599 1174 1733 1209 τεχνίτου,
1748 1174 1825 1201 καὶὸ

1030 1220 1156 1254 τεχνίτης
1166 1219 1360 1255 ἁδρανέστερος
1371 1219 1426 1246 τῶν
1446 1220 1491 1246 ὑπ’
1507 1219 1589 1246 αὑτοῦ
1607 1219 1761 1254 γενομένων
1773 1220 1825 1254 ἀγ-

1030 1265 1135 1299 γέλων,
1157 1265 1251 1292 αἰτίων
1273 1265 1360 1292 ὄντων
1381 1265 1432 1299 τῆς
1455 1265 1626 1300 ἀνθρωπείας
1655 1265 1825 1296 συστάσεως.

1033 1312 1114 1337 Ὥστε
1136 1308 1182 1337 οὖν
1201 1310 1352 1343 ὲξὰπαντος
1374 1311 1499 1346 ἁνάγκηδ
1515 1310 1711 1346 ὁμολογήσειας
1726 1311 1758 1337 ἂν
1777 1311 1824 1337 ἐπὶ

1031 1357 1077 1383 τὸν
1091 1356 1172 1384 αὐτὸν
1191 1356 1305 1392 ποιητὴν
1320 1356 1365 1383 τὸν
1379 1356 1438 1389 ἕνα,
1454 1357 1501 1383 καὶ
1517 1356 1563 1383 ἐπὶ
1578 1357 1628 1391 τὴν
1640 1357 1706 1391 μίαν
1724 1365 1823 1392 μοναρ-

1030 1403 1092 1439 χίαν
1106 1402 1136 1429 τὸ
1151 1402 1206 1428 πᾶν
1222 1403 1311 1437 ἄγειν.

189 1458 240 1478 sm
260 1451 416 1486 perfectius,
437 1454 463 1477 et
484 1449 642 1484 angelorum
660 1453 799 1476 auctorem
824 1450 929 1484 angelis
943 1451 1010 1486 ipsis
1024 1450 1071 1485 qui
1091 1449 1228 1476 hominem
1244 1447 1408 1479 conﬂarttnt.
1431 1448 1636 1476 imbecilliorem
1663 1450 1824 1476 constituat.

188 1498 368 1532 Quamobrem
385 1497 436 1524 hoc
456 1504 538 1522 unum
564 1495 723 1523 necessario
743 1501 918 1529 superest.ut
940 1502 966 1526 te
986 1498 1018 1525 ad
1045 1503 1130 1524 unum
1148 1495 1239 1522 omnia
1272 1494 1451 1530 eutndcmque
1482 1495 1661 1526 conditorem,
1694 1500 1775 1531 atque
1790 1497 1825 1523 ad

188 1545 353 1579 singularem
366 1543 547 1578 principatum
564 1541 669 1568 referre
685 1540 800 1569 fateare.

224 1590 255 1616 V.
273 1583 378 1617 Etenim
406 1589 477 1615 Deus
507 1587 586 1615 Pater
610 1587 762 1619 hominem,
785 1595 846 1614 cum
870 1586 977 1614 caeteris

1063 1585 1100 1612 Β.
1122 1585 1178 1612 Καὶ
1200 1585 1254 1621 γὰρ
1268 1587 1282 1612 ὁ
1297 1585 1364 1617 Θεὸς
1379 1586 1394 1612 ὁ
1413 1586 1509 1622 Πατὴρ
1531 1587 1642 1624 ἐποίησε
1659 1589 1705 1615 τὸν
1718 1589 1810 1625 ἄνθρω

187 1636 328 1668 ninnibus,
345 1639 442 1669 suopte
460 1638 526 1660 nutu
539 1641 571 1660 ac
586 1633 726 1661 voluntate
746 1633 908 1668 procreavit,
926 1640 979 1660 non

187 1683 242 1718 εδ
257 1681 355 1715 angeli,
370 1687 458 1715 neque
474 1688 505 1706 ex
531 1681 688 1715 angelorum
700 1679 827 1707 consilio.
839 1679 905 1706 Nam
917 1687 979 1706 cum

190 1730 260 1756 Deus
276 1728 313 1754 ita
335 1727 442 1754 locutus
456 1732 512 1754 est:
532 1725 675 1753 Faciamus
692 1726 833 1759 hominem,
853 1726 888 1752 ad
913 1726 980 1753 ima-

188 1777 272 1811 ginem
295 1780 414 1802 nostram
429 1772 509 1805 dixit,
535 1780 590 1799 non
616 1771 650 1798 ad
670 1773 810 1807 imaginem
836 1773 978 1800 duntaxat.

189 1822 294 1856 Quippe
315 1820 350 1848 ad
368 1819 450 1853 hujus
473 1818 574 1853 opiticii
605 1818 828 1845 commuttionem
858 1818 978 1846 Verbum

189 1876 291 1899 suum,
323 1866 504 1900 eutndemqtte
538 1864 636 1891 Filium
667 1865 777 1892 unicutn
809 1864 977 1896 adhibebat,

189 1919 284 1948 estque
303 1913 456 1940 communis
474 1912 523 1939 iste
554 1911 673 1938 fidelium
702 1910 824 1938 omnium
847 1919 946 1938 sensus
964 1920 978 1937 ιι

190 1961 303 1987 veritate
328 1958 476 1994 profectus,
503 1964 556 1992 qua
585 1964 647 1984 cum
672 1957 880 1984 accuratissime
910 1965 977 1984 eon-

190 2006 279 2038 venit;
302 2004 327 2031 id
346 2003 419 2038 quod
439 2003 500 2030 aliis
529 2002 718 2037 compluribus
742 2002 809 2029 locis
833 2001 979 2029 manifeste

189 2059 221 2078 ac
236 2051 339 2086 prolixe
354 2057 450 2077 sumus
463 2048 597 2084 professi,
610 2048 740 2075 nimirum
755 2047 852 2075 Filium
867 2056 881 2075 a
896 2047 977 2075 Patre

190 2097 222 2124 ad
237 2096 418 2124 communiter
435 2094 633 2130 procreandum
649 2094 787 2121 hominem
804 2094 906 2125 vocari,
926 2102 973 2129 per

189 2151 268 2177 quem
287 2141 384 2168 Filium
400 2141 503 2175 reliqua
519 2140 610 2167 omnia
625 2139 794 2174 produxerit.
813 2139 866 2167 Sed
885 2147 974 2174 neque

191 2188 288 2216 Filium
309 2187 443 2214 duntaxat
462 2186 589 2213 advocari
608 2185 734 2218 dixerim,
751 2185 806 2212 imo
820 2192 886 2212 lero
911 2193 976 2212 san-

189 2238 263 2261 ctum
281 2233 361 2260 etiam
377 2231 522 2266 Spiritum.
548 2230 630 2257 Verbo
646 2231 719 2256 enitn
737 2229 843 2256 Domini
860 2230 917 2256 coeli
929 2231 977 2265 ﬁr-

189 2281 254 2307 mati
268 2284 339 2310 sunt,
350 2284 374 2306 et
387 2279 482 2312 spiritu
497 2278 551 2304 oris
577 2277 633 2312 ejus
660 2277 744 2303 munis
768 2277 850 2303 virtus
867 2278 980 2305 eorum‘.

189 2327 323 2354 Caeterum
342 2325 400 2353 sive
422 2327 528 2359 sponte,
545 2324 603 2351 sive
625 2323 720 2350 nolens
745 2323 796 2350 hoc
821 2322 978 2350 Saturnilus

190 2371 303 2400 haeresis
324 2374 419 2397 auctor
441 2369 584 2397 admittere
603 2373 734 2403 cogetur:
763 2375 846 2394 unum
865 2368 978 2394 omnino

190 2416 275 2443 Deum
292 2423 323 2442 ac
339 2414 482 2441 Dominum
505 2421 566 2442 esse
588 2414 758 2441 conditorem
784 2413 976 2440 universorum

190 2466 218 2489 ct
235 2461 378 2492 artificem,
401 2460 524 2494 adeoque
547 2459 587 2486 vel
610 2459 728 2486 hominis
748 2459 846 2494 ipsius.
863 2458 978 2486 Pudebit

191 2509 304 2542 insuper
322 2507 396 2533 illum
411 2506 484 2533 velut
499 2506 724 2533 calumniatorem
746 2513 840 2532 eorum
856 2513 917 2540 qua:
930 2506 979 2532 ad-

191 2561 287 2581 versus
303 2551 460 2588 prophetas,
477 2559 585 2578 necnot.
602 2551 636 2578 ad
663 2551 792 2577 honestas
807 2552 917 2585 nuptias
931 2558 979 2576 ne-

190 2600 323 2636 quissime
338 2596 508 2624 damnandas
525 2595 634 2623 eﬂ‘uttit.
649 2595 756 2631 Quippe
777 2595 908 2623 Dominus
928 2603 979 2622 no-

190 2651 247 2674 ster
258 2645 338 2673 Jesus
349 2643 474 2671 Christus
488 2643 515 2670 in
528 2642 674 2678 Evangelio
684 2643 828 2678 perspicue
841 2643 980 2678 prophetae

193 2696 376 2721 consentanea
390 2689 455 2717 dicit
475 2696 507 2717 ac
526 2689 705 2725 pronuntiat:
725 2689 857 2722 Quoniam
875 2689 920 2724 qui
935 2697 981 2723 per

183 2806 185 2816 Χ
230 2813 239 2831 ⁸
254 2813 326 2843 Psal.
345 2821 431 2847 xxxtt,
446 2813 473 2840 6.

530 2815 540 2830 ²
556 2811 585 2840 F.
603 2813 798 2847 κατοπτεύσας,
816 2818 842 2842 et
856 2813 1023 2850 ὲξιχνιάσας.

1030 1640 1081 1658 πον
1109 1632 1154 1658 καὶ
1169 1631 1258 1658 πάντα
1279 1631 1351 1658 κατὰ
1373 1631 1423 1666 τὴν
1438 1632 1506 1659 ἰδίαν
1521 1633 1654 1667 εὐδοκίαν,
1669 1635 1716 1661 καὶ
1737 1636 1786 1671 οὐχ
1799 1637 1826 1662 οἱ

1030 1677 1152 1712 ἄγγελοι,
1168 1677 1229 1704 οὐδὲ
1242 1676 1313 1704 κατὰ
1329 1676 1379 1712 τὴν
1398 1677 1452 1704 τῶν
1466 1678 1589 1713 ἀγγέλων
1611 1680 1775 1715 συμὸουλίαν
1797 1681 1826 1708 τί

1030 1725 1135 1759 γέγονε,
1148 1724 1194 1750 Ἐν
1209 1723 1248 1759 τῷ
1259 1723 1314 1760 γὰρ
1325 1724 1412 1750 εἰπεῖν
1425 1724 1471 1750 τὸν
1483 1724 1559 1757 Θεὸν,
1579 1726 1757 1761 Ποίησωμεν
1771 1727 1826 1753 ἀνι

1031 1771 1158 1805 θρωπον,
1180 1769 1244 1797 κατ’
1260 1770 1363 1796 εἰκόνα
1383 1769 1530 1804 ἡμετέραν
1553 1768 1623 1804 εἷπε,
1638 1772 1685 1799 καὶ
1708 1773 1738 1798 οὐ
1760 1773 1827 1800 κατ’

1030 1817 1133 1843 εἰκόνα
1148 1815 1237 1852 μόνον.
1250 1815 1398 1842 Συνεκάλει
1409 1815 1463 1851 γὰρ
1476 1818 1516 1849 εἰς
1526 1817 1574 1852 τὴν
1584 1818 1680 1844 ἑαυτοῦ
1692 1818 1824 1855 δημιουρ-

1031 1862 1093 1896 γίαν
1107 1862 1152 1888 τὸν
1170 1862 1250 1888 αὑτὸν
1266 1862 1352 1896 Λόγον
1366 1862 1414 1889 καὶ
1428 1863 1579 1898 Μονογενῆ,
1601 1863 1639 1896 ὡς
1663 1865 1719 1900 ἔχει
1737 1866 1785 1892 καὶ
1805 1867 1824 1901 ὴ

1030 1907 1060 1940 ἐξ
1082 1907 1211 1944 ἀληθείας
1234 1908 1382 1944 ὁρμωμένη
1406 1908 1511 1935 πιστῶν
1524 1909 1624 1941 ἔννοια,
1645 1911 1692 1937 καὶ
1709 1911 1774 1938 αὐτὸ
1792 1913 1825 1939 τὸ

1030 1954 1080 1990 τῆς
1100 1953 1229 1990 ἀληθείας
1245 1954 1416 1990 ἁκρίϐασμα,
1436 1955 1473 1987 ὼς
1490 1956 1534 1983 καὶ
1550 1956 1579 1982 ὲν
1596 1957 1700 1992 ἑτέροις
1716 1958 1823 1985 πλείοσι

1031 2000 1125 2034 σαφῶς
1143 2001 1207 2035 περὶ
1219 2000 1314 2027 τούτου
1329 2001 1377 2028 καὶ
1390 2001 1434 2029 διὰ
1452 2003 1557 2037 μήκους
1573 2004 1762 2040 ἐποιησάμεθα
1773 2006 1824 2040 τὴν

1029 2047 1186 2082 ὁμολογίαν,
1202 2048 1239 2079 ὡς
1252 2049 1266 2074 ό
1277 2049 1374 2084 Πατὴρ
1395 2049 1571 2083 συγκαλεῖται
1586 2050 1632 2077 τὸν
1647 2051 1711 2078 Υῑὺν
1727 2052 1823 2087 συνδη-

1032 2095 1171 2129 μιουργείν
1188 2094 1234 2120 τὸν
1251 2094 1403 2130 ἄνθρωπον,
1418 2096 1451 2122 δι’
1465 2094 1496 2123 οὗ
1519 2098 1566 2124 καὶ
1588 2098 1623 2124 τὰ
1643 2098 1711 2126 ἄλλα
1734 2100 1824 2127 πάντα

1030 2139 1167 2174 ἐποίησεν.
1185 2140 1221 2167 Οὐ
1242 2141 1322 2175 μόνον
1346 2141 1374 2167 δὲ
1399 2142 1543 2176 συγκαλεῖν
1566 2143 1671 2179 εἴποιμι
1686 2145 1731 2171 τὸν
1748 2145 1823 2177 Υἰὺν,

1031 2185 1097 2212 ἀλλὰ
1111 2186 1158 2212 καὶ
1174 2186 1204 2212 τὸ
1221 2186 1298 2221 ἅγιον
1311 2187 1434 2222 Πνεῦμα.
1455 2187 1496 2220 Τῷ
1511 2188 1566 2224 γὰρ
1581 2190 1661 2224 λόγῳ
1676 2191 1786 2224 Κυρίου
1796 2193 1824 2219 οι

1030 2232 1150 2265 οὐρανοὶ
1163 2232 1398 2266 ἐστερεώθησαν,
1410 2233 1459 2259 καὶ
1476 2233 1516 2266 τῷ
1529 2235 1675 2268 πνεύματι
1690 2236 1742 2262 τοῦ
1753 2237 1824 2263 στό-

999 2276 1019 2303 1)
1031 2285 1124 2311 ματος
1139 2277 1233 2304 αὐτοῦ
1247 2277 1330 2304 πᾶσα
1344 2277 1362 2311 ἡ
1380 2277 1506 2312 δύναμις
1521 2278 1629 2305 αὐτῶν.
1644 2279 1705 2305 Εἴτε
1721 2280 1749 2306 δὲ
1761 2280 1824 2315 $09-

1031 2322 1136 2358 ληθείη,
1157 2323 1212 2349 εἴτε
1227 2323 1274 2349 καὶ
1289 2324 1326 2359 μὴ
1341 2323 1494 2359 βουληθείη,
1510 2325 1581 2360 φημὶ
1595 2324 1623 2351 δὲ
1638 2326 1652 2352 ὀ
1664 2326 1824 2362 Σατορνῖὶος

1032 2369 1046 2394 ὁ
1063 2369 1113 2404 τῆς
1125 2370 1257 2405 αἱρέσεως
1269 2370 1370 2404 ταύτης
1384 2371 1514 2405 ἀρχηγὸς,
1529 2372 1767 2408 ἀναγκασθήσεται
1779 2374 1823 2405 ἐξ·

1032 2415 1150 2446 ἅπαντος
1162 2415 1208 2441 τὸν
1221 2416 1269 2442 ἕνα
1281 2416 1347 2442 Θεὸν
1358 2416 1509 2451 ὁμολογεῖν,
1523 2417 1588 2443 Θεὸν
1605 2419 1652 2444 καὶ
1663 2418 1763 2454 Κύριον
1775 2419 1822 2445 τιςιῦ

1033 2460 1190 2494 σύμπαντος
1206 2460 1270 2487 ὄντα
1286 2461 1398 2496 κτίστην
1419 2469 1449 2487 τε
1467 2462 1514 2488 καὶ
1528 2461 1702 2498 δημιουργὸν,
1722 2464 1779 2498 ἃμα
1792 2473 1822 2489 τε

1032 2506 1077 2533 καὶ
1098 2506 1144 2532 τοῦ
1168 2506 1323 2542 ἀνθρώπου.
1349 2507 1564 2542 Αἰσχυνθήσεται
1587 2508 1616 2534 de
1642 2510 1712 2536 κατὰ
1734 2511 1823 2537 πάντα

1029 2551 1130 2586 τρόπον
1146 2550 1184 2582 ὡς
1206 2552 1377 2587 συκοφάντης
1393 2553 1440 2579 καὶ
1461 2554 1502 2584 εὶς
1523 2553 1569 2580 τὸν
1595 2555 1658 2588 περὶ
1675 2556 1822 2591 προφητῶν

1030 2597 1119 2631 λόγον,
1135 2597 1182 2623 καὶ
1206 2598 1246 2629 εἰς
1270 2598 1320 2633 τὴν
1345 2599 1416 2625 κατὰ
1431 2599 1477 2625 τοῦ
1494 2598 1593 2634 σεμνοῦ
1609 2600 1698 2636 γάμου
1717 2602 1822 2636 φαύλην

1032 2643 1208 2678 κατηγορίαν.
1224 2643 1309 2674 Αὐτὸς
1323 2643 1378 2679 γὰρ
1390 2645 1403 2671 ὁ
1418 2645 1518 2680 Κύριος
1538 2645 1616 2680 ἡμῶν
1631 2647 1735 2682 Ἰησοῦς
1756 2648 1821 2683 Χρι-

1034 2687 1096 2720 στος
1108 2688 1257 2724 διαρρήδην
1272 2691 1390 2724 ἐκφωνεῖ
1405 2691 1434 2717 έν
1445 2691 1484 2726 τῷ
1495 2691 1666 2728 Εὑαγγελίῳ,
1687 2693 1734 2720 καὶ
1747 2693 1821 2728 λέγει

1077 2816 1086 2832 ³
1101 2813 1157 2842 Vox
1175 2815 1226 2842 ista
1244 2823 1423 2850 supervacua.
1461 2818 1469 2832 ‘
1488 2815 1518 2843 F.
1539 2817 1655 2854 ἀνάγκη.
