1944 3037
170 97 218 125 5H

170 154 387 190 omnipotentem
399 156 443 184 ille
459 156 604 184 Dominum
617 166 711 186 verum
724 167 757 187 ac
772 161 862 188 solum
876 161 960 190 Deum
976 170 999 197 Α

171 208 221 228 nec
236 201 320 228 alium
341 203 539 231 contumeliose
555 208 689 240 appetens
708 206 770 240 (nos
787 208 860 234 enim
882 216 961 236 eum-

170 247 231 273 dem
241 246 349 274 Domini
364 250 452 277 nostri
461 249 526 278 Jesu
537 250 638 278 Christi
649 251 757 280 Patrem
772 254 958 288 conﬁtemur);

170 293 254 326 hunc,
266 294 390 330 inquam,
406 297 556 332 abnegans,
569 306 654 325 unum
668 300 746 327 exiis
756 308 826 335 quos
842 302 973 336 appellat.

171 342 274 376 angelis
295 343 448 374 constituit.
465 348 494 371 ut
515 349 557 372 est
579 353 594 372 a
614 347 693 374 nobis
709 351 862 375 ostensum.
888 348 960 383 Ergo

170 386 279 414 Iudaeos
290 388 389 415 sortito
403 389 440 416 illi
454 390 603 425 contigisse
619 391 703 418 tradit
717 401 723 419 :
740 400 821 427 quem
840 397 867 420 et
880 393 960 428 longe

170 434 285 469 reliquis
311 435 416 470 angelis
440 436 656 470 praefractiorem
685 445 763 471 esse,
796 446 830 466 ac
858 439 959 466 virium

171 488 283 508 suarum
299 481 414 508 audacia
430 482 530 509 fretum
546 482 686 511 lsraelitas
704 492 736 511 ex
754 484 875 520 {Egypto
891 486 959 513 libe-

170 533 258 558 rasse,
283 527 356 561 quod
376 527 483 554 caeteris
507 528 539 555 ad
566 528 721 556 audendum
745 530 877 565 paratior,
899 538 961 566 per-

169 572 345 609 vicaciorque
376 572 457 600 t‘oret.
488 574 578 609 Atque
614 582 647 602 ex
677 575 772 603 eadem
803 577 960 611 arregantia

170 618 274 646 factum
291 623 343 651 est,
359 619 398 646 uti
419 627 469 654 per
488 627 624 648 summam
642 621 669 648 in
689 621 771 649 Deum
793 622 961 650 maledicen-

169 665 237 692 tiam
254 665 439 701 prazstigiator
455 666 500 693 ille
523 671 629 698 narrat,
652 666 722 695 idem
746 672 775 694 ut
800 667 959 695 Judmorum

169 711 239 738 deus
262 711 383 746 reliquas
406 712 533 739 nationes
551 712 609 740 suis
633 713 700 747 ipsis
725 712 858 741 lsraelitis
879 713 961 741 vellet

169 758 317 792 subjicere,
343 766 458 794 eamque
484 759 520 786 ob
548 767 660 786 causam
694 759 763 787 bella
797 759 959 787 concitaret.

171 803 240 831 Sunt
254 808 280 831 et
294 804 347 831 alia
365 804 443 839 plura
456 813 516 840 quze
537 805 627 832 laxata
643 809 740 832 contra
755 804 839 832 Deum
854 806 958 840 lingua,

169 851 297 886 elatoque
312 858 361 878 ore
373 851 547 879 miserrimus
568 852 831 886 homunciojactare
847 859 900 879 non
916 857 960 879 est
976 854 996 880 B

170 897 283 924 veritus.
297 896 386 924 Veluti
403 904 465 924 cum
481 897 571 925 addit:
593 901 739 933 propterea
753 898 879 926 nationes
899 897 958 924 reli-

171 951 241 979 quas
256 951 318 971 cum
336 943 494 971 Judaeorum
517 948 598 979 gente
615 945 686 972 bella
699 945 830 980 gessisse,
844 952 959 980 eamque

171 990 298 1025 plurimis
318 989 444 1018 aﬂ'ecisse
471 990 550 1017 malis
570 1000 576 1017 :
594 991 629 1018 ob
655 991 773 1018 aliorum
798 990 958 1025 angelorum

169 1037 296 1065 videlicet
312 1037 455 1069 invidiam,
467 1037 514 1072 qui
527 1037 599 1072 quod
615 1037 649 1064 ab
661 1038 708 1065 illo
724 1038 864 1066 contemni
874 1045 904 1065 se
918 1037 961 1063 vi-

883 105 911 132 S.
931 106 1102 134 ΕΡΙΡΙΙΑΝΠ

1742 107 1799 135 512

1014 166 1117 197 ἐκεῖνος
1125 165 1301 201 ἀρνούμενος,
1311 167 1358 194 ἕνα
1371 166 1496 202 βούλεται
1510 167 1591 194 αὑτὸν
1605 169 1737 204 παριστᾷν
1749 170 1810 197 τῶν

1013 212 1028 237 ὑ
1033 212 1059 237 π’
1066 211 1148 238 αὐτοῦ
1157 212 1309 247 λεγομένων
1316 214 1449 248 ἀγγέλων,
1457 214 1528 241 καθά
1539 223 1583 250 μοι
1592 215 1794 250 προδεδήλωται
1799 237 1808 242 .

1017 257 1192 293 Ἐληλυθέναι
1213 259 1242 285 δὲ
1266 260 1327 291 τοὺς
1353 260 1497 292 Ἰουδαίους
1518 261 1558 292 εἰς
1581 260 1680 296 κλῆρον
1701 258 1806 287 αὑτοῦ·

1012 303 1060 329 καὶ
1081 304 1127 330 τὸν
1149 305 1230 331 αὐτὸν
1252 306 1322 342 ὑπὲρ
1344 306 1467 341 ἀγγέλων
1485 306 1689 342 αὐθαδέστερον.
1705 306 1809 340 ἐξαγα-

1010 351 1069 384 γεῖν
1092 350 1121 377 δὲ
1144 351 1206 382 τοὺς
1227 352 1301 384 υἱοὺς
1332 353 1439 388 Ἰσραὴλ
1461 353 1491 386 ἐξ
1507 353 1645 388 Αἰγύπτου
1671 352 1808 388 αὐθαδείᾳ

1013 395 1154 430 βραχίονος
1176 396 1224 423 τοῦ
1248 397 1325 428 ἰδίου,
1342 397 1386 424 διὰ
1403 397 1434 424 τὸ
1449 396 1517 425 εἶναι
1539 398 1620 425 αὑτὸν
1635 397 1806 432 ἰταμώτερον

1010 441 1064 467 τῶν
1082 441 1169 468 ἄλλων
1193 442 1240 469 καὶ
1254 443 1462 478 αὐθαδέστερον.
1484 444 1566 470 Ὅθεν
1587 444 1632 470 διὰ
1653 444 1700 478 τὴν
1717 444 1807 471 αὐθά-

1010 487 1084 514 δειάν
1104 496 1185 523 φησιν
1200 489 1293 521 αὐτοῦ,
1313 489 1351 521 ὡς
1372 490 1549 525 βλασφημεῖὸ
1561 491 1637 525 γόης,
1654 490 1782 525 βεϐουλεῦ
1795 506 1802 511 -

1012 533 1073 560 σθαι
1094 534 1140 561 τὸν
1162 535 1242 562 αὑτὸν
1265 536 1355 563 αὐτῶν
1380 536 1441 564 θεὸν
1463 537 1648 570 καθυποτάξαι
1668 537 1706 573 τῷ
1727 538 1804 572 γένει

1009 577 1057 604 τοῦ
1088 579 1196 615 Ἰσραὴλ
1219 580 1308 607 πάντα
1322 580 1356 607 τὰ
1378 581 1445 608 ἄλλα
1469 581 1547 616 ἔθνη·
1572 582 1619 608 καὶ
1648 582 1691 608 διὰ
1720 582 1804 608 τοῦτο

1010 625 1247 660 παρεσκευακέναι
1269 626 1414 662 πολέμους.
1431 627 1519 653 Πολλά
1535 627 1563 653 δὲ
1585 627 1632 654 καὶ
1650 627 1717 654 ἄλλα
1729 627 1806 654 κατὰ

1012 670 1089 704 ἁγίου
1112 670 1180 697 Θεοῦ
1196 671 1317 706 χαλάσας
1337 672 1386 708 τὴν
1405 672 1539 706 γλῶτταν,
1564 673 1611 699 καὶ
1637 673 1742 708 ἐπάρας
1764 673 1799 699 τὸ

1012 716 1108 751 στόμα,
1135 717 1186 743 οὐκ
1207 718 1368 753 ἐντρέπεται
1386 718 1474 745 λαλῶν
1496 719 1511 745 ὁ
1535 719 1724 751 ἐλεεινότατος.
1749 718 1802 745 Διὰ

1010 762 1088 789 τοῦτο
1100 754 1171 799 γὰρ,
1181 764 1257 799 φησι,
1271 765 1318 791 καὶ
1337 764 1371 792 τὰ
1386 765 1454 792 ἄλλα
1467 765 1529 801 ἔθνη
1543 766 1696 802 ἐπολέμησε
1719 765 1802 792 τοῦτο

1010 808 1039 834 τὸ
1056 809 1141 841 ἔθνος,
1157 810 1205 837 καὶ
1220 810 1304 837 πολλὰ
1319 811 1391 839 κακὰ
1408 811 1483 846 αὐτῷ
1499 811 1673 844 ἐνεδείξαντο,
1690 811 1734 842 διὲι
1749 812 1802 847 τὴν

1011 854 1064 880 τῶν
1078 854 1165 882 ἄλλων
1188 856 1311 891 ἀγγέλων
1333 858 1537 894 παραζήλωσιν,
1551 858 1700 893 ἐπειδήπερ
1716 867 1805 894 παρο-

1010 900 1180 935 τρυνθὲντες,
1189 902 1226 934 ὡς
1237 904 1488 940 καταφρονούμενοι
1502 905 1548 930 ὑπ’
1557 905 1649 935 αὐτοῦ,
1665 906 1712 931 καὶ
1725 905 1805 932 αὐτοὶ

1011 945 1045 971 τὰ
1058 945 1110 972 ἴδια
1120 946 1184 982 ἔθνη
1201 948 1247 974 ἐπὶ
1259 948 1290 975 τὸ
1307 948 1382 981 ἔθνος
1394 949 1441 976 τοῦ
1473 950 1579 986 Ἰσραὴλ
1597 951 1626 977 τὸ
1651 951 1694 977 ὑπ’
1712 950 1805 977 αὐτῶν

1012 991 1157 1019 ὲπέσεισαν
1176 994 1242 1029 (57).
1261 995 1362 1022 Τούτου
1379 996 1461 1023 ἕνεκα
1485 997 1596 1033 πόλεμοι
1615 997 1729 1024 πάντοτε
1755 997 1806 1023 καὶ

1014 1037 1212 1065 ἀκαταστασίαι
1226 1040 1285 1066 κατ’
1299 1040 1388 1067 αὐτῶν
1401 1041 1600 1078 ἐπανέστησαν.

170 1084 267 1112 derent
293 1084 439 1117 commoti,
469 1092 548 1112 suam
578 1085 697 1120 quisque
724 1090 832 1121 gentem
863 1088 961 1112 contra
980 1083 1120 1114 lsraelitas
1137 1086 1316 1122 impulerunt.
1332 1087 1453 1123 Indeque
1473 1088 1576 1116 factum
1607 1093 1660 1120 est,
1691 1091 1721 1114 ut
1741 1094 1804 1122 per-

170 1137 251 1168 petua
267 1133 294 1159 in
311 1132 361 1159 hos
379 1132 460 1165 bella,
480 1131 671 1166 tumultusque
685 1132 819 1159 concitati
840 1131 954 1159 fuerint.

207 1178 251 1206 lll.
271 1179 411 1214 EjuSmodi
425 1183 468 1206 est
482 1184 545 1214 apta
560 1180 606 1206 illa
624 1178 658 1206 ad
673 1179 896 1214 persuadendum
913 1178 962 1204 im-

171 1225 291 1260 postoris
308 1225 405 1252 Oratio.
430 1225 481 1258 Qui
499 1225 582 1252 etiam
598 1225 630 1252 de
646 1225 757 1253 Christo
774 1224 886 1260 perinde
898 1232 961 1252 sen-

170 1271 214 1301 tit,
228 1270 319 1305 specie
339 1275 420 1298 tenus
437 1271 572 1298 duntaxat
595 1271 760 1303 mortalibus
786 1271 958 1306 apparuisse.

171 1316 278 1351 Quippe
293 1316 367 1351 quod
381 1316 408 1343 iu
426 1324 458 1344 eo
473 1317 649 1350 cernebatur,
668 1317 736 1344 nihil
752 1321 851 1352 praeter
867 1317 961 1351 imagi-

170 1371 233 1390 nem
252 1362 356 1396 fuisse;
377 1371 466 1397 neque
485 1371 551 1390 vero
573 1368 620 1390 aut
645 1364 784 1390 hominem
807 1363 959 1393 exstitisse,

171 1413 219 1436 aut
236 1416 348 1436 carnem
372 1408 506 1437 induisse.
531 1408 650 1443 Subjicit
673 1413 700 1436 et
725 1409 805 1436 aliam
832 1408 906 1436 velut
932 1408 961 1434 in

171 1463 254 1483 scena
277 1455 397 1482 fabulam
420 1454 559 1483 secundus
583 1454 692 1486 histrio,
712 1462 773 1482 cum
797 1454 832 1481 de
857 1453 960 1481 Christi

172 1509 254 1529 cruce
273 1501 406 1537 disputat.
431 1501 516 1536 Negat
537 1504 609 1529 enim
632 1500 726 1529 Jesum
752 1508 814 1528 esse
836 1507 960 1536 passum,

172 1545 221 1573 sed
243 1546 377 1573 vicarium
404 1547 429 1573 ei
456 1546 595 1573 Simonem
616 1547 776 1581 Cyrenantm
806 1545 958 1574 substituit.

173 1593 233 1625 Quo
246 1594 318 1620 enim
336 1598 459 1628 tempore
479 1593 676 1628 Hierosolymis
699 1592 832 1621 Dominus
854 1593 961 1628 eiectus

173 1643 226 1671 est.
243 1644 272 1667 ut
293 1641 322 1667 in
346 1641 495 1676 Evangelio
520 1641 652 1675 scriptum
676 1645 728 1672 est,
749 1640 962 1675 angariaverunt

174 1684 314 1714 Simonem
331 1687 476 1721 quemdam
496 1686 657 1721 Cyrenaeam
671 1689 701 1712 ut
718 1685 805 1713 ferret
816 1693 928 1713 crucem
941 1686 960 1712 ¹.

173 1732 213 1760 Ex
231 1740 285 1767 quo
302 1733 449 1760 cavillandi
471 1733 712 1768 concinnandique
740 1733 859 1760 fabulam
883 1740 962 1761 suam

173 1777 347 1806 occasionem
363 1778 491 1813 arripuit,
503 1778 634 1805 nimirum
650 1778 791 1805 Christum
808 1777 961 1811 Simonem,

173 1831 237 1850 cum
259 1823 282 1850 is
306 1830 416 1850 crucem
441 1827 575 1858 portaret,
603 1823 630 1850 in
663 1831 740 1851 suam
766 1828 962 1856 commutasse,

173 1870 290 1904 eiusque
304 1870 354 1904 '71
372 1870 494 1897 vicissim
514 1870 638 1897 induisse
651 1869 787 1904 formam;
813 1871 906 1905 itaque
921 1870 963 1897 Si-

172 1924 282 1943 monem
301 1917 334 1942 ad
350 1916 443 1943 crucis
460 1917 625 1951 supplicium
644 1925 695 1945 suo
720 1917 782 1944 loco
804 1917 962 1944 tradidisse.

174 1961 225 1993 Qui
241 1960 305 1988 dum
323 1961 351 1988 in
367 1969 450 1989 cruce
470 1961 617 1997 suiligilur,
632 1961 724 1990 Jesum
740 1970 755 1988 a
770 1963 881 1989 nemine
895 1969 964 1989 con—

173 2012 309 2043 spectum,
325 2017 428 2043 eosque
445 2009 490 2044 qui
507 2009 647 2036 Simonem
664 2009 822 2044 suﬂigerent
835 2009 964 2036 derideri—

175 2059 228 2082 tem
246 2063 278 2082 ex
296 2055 413 2082 adverso
426 2055 595 2083 constitisse.
611 2054 680 2082 Tum
697 2055 730 2082 ad
758 2063 874 2089 superos
901 2063 964 2083 esse

173 2101 347 2133 subvectum,
365 2108 428 2128 cum
443 2108 491 2135 pro
507 2108 538 2128 se
555 2095 690 2135 ﬁgendum
707 2099 847 2127 Simonem
864 2100 964 2128 substi-

173 2148 283 2178 tuisset.
301 2147 425 2182 nihilque
450 2147 519 2174 adeo
537 2154 699 2181 perpessum
724 2147 751 2173 iu
777 2147 877 2174 coelum
899 2154 963 2174 evo-

173 2195 254 2222 lasse.
267 2193 373 2221 Interea
389 2193 495 2224 Simon.
507 2201 562 2221 non
577 2192 714 2224 Christus,
724 2193 751 2220 in
770 2200 879 2220 crucem
898 2192 963 2220 sub-
979 2208 1000 2235 ο

174 2240 246 2267 latus
273 2243 326 2267 est.
360 2238 441 2267 Jesus
466 2239 550 2271 enim,
584 2239 632 2271 ait,
664 2238 692 2265 in
723 2238 823 2265 cmlum
851 2243 963 2265 evectus

172 2286 289 2312 virtutes
305 2292 402 2312 onmes
415 2284 578 2319 penetravit,
600 2283 687 2310 donec
703 2283 735 2310 ad
755 2282 863 2310 Patrem
879 2290 962 2310 suum

175 2339 301 2359 reversus
315 2335 365 2358 est.
380 2330 430 2358 Hic
441 2331 514 2358 enim
532 2335 574 2357 est
590 2329 681 2358 Patris
700 2330 745 2357 ille
760 2337 963 2357 commemora-

173 2382 219 2406 tus
237 2381 301 2405 ante
316 2377 412 2407 Filius.
429 2377 476 2412 qui
492 2376 525 2404 ad
539 2384 619 2411 opem
637 2377 757 2404 humano
772 2376 865 2412 generi
880 2376 967 2403 feren-

173 2423 237 2450 dam
255 2422 411 2450 submissus
430 2426 484 2455 est,
507 2426 621 2458 propter
642 2429 702 2449 eam
725 2429 808 2457 quam
825 2421 897 2450 inter
914 2422 964 2449 ho-

174 2468 262 2496 mines
278 2468 391 2502 perinde
414 2471 497 2503 atque
516 2468 628 2503 angelos
646 2467 882 2502 perturbationem
907 2476 964 2496 cm-

173 2515 251 2542 Iestis
273 2514 354 2541 Pater
383 2513 625 2541 animadverterat.
647 2514 735 2548 Atque
754 2512 836 2547 idem,
861 2514 962 2548 inquit,

173 2561 249 2589 salus
263 2563 305 2587 est
323 2564 429 2594 nostra,
451 2560 499 2595 qui
527 2559 554 2587 in
580 2559 712 2587 mundum
737 2560 821 2591 venit.
841 2560 964 2595 solisque

174 2607 254 2634 nobis
274 2607 345 2633 hanc
360 2606 400 2633 rei
417 2606 560 2633 veritatem
576 2605 694 2640 aperuit.
712 2604 793 2632 Tales
811 2609 876 2632 sunt
892 2613 906 2632 a
921 2614 966 2632 ne-

173 2655 275 2682 bulone
304 2654 357 2681 isto
380 2652 581 2681 consarcinata
607 2651 717 2679 fabulae.
742 2650 878 2686 Deinceps
901 2659 965 2679 vero

210 2741 220 2756 ¹
235 2741 317 2768 Marc.
334 2749 378 2772 xv,
392 2740 436 2767 ΞΞΙ.

1046 1177 1083 1204 1".
1104 1176 1179 1213 Αὕτη
1192 1178 1266 1205 ἐστὶν
1278 1179 1295 1213 ὴ
1309 1177 1356 1205 τοῦ
1379 1178 1538 1210 ἀπατεῶνος
1551 1177 1736 1212 πιθανολογία.
1750 1178 1804 1206 Καὶ

1010 1222 1090 1254 αὐτὸς
1120 1222 1149 1249 δὲ
1181 1223 1244 1259 περὶ
1269 1224 1402 1258 Χριστοῦ,
1434 1224 1472 1256 ὠς
1499 1224 1609 1260 δοκήσει
1640 1225 1801 1259 πειρηνότος,

1009 1268 1109 1303 ὁμοίως
1131 1268 1246 1302 δοξάζει.
1271 1268 1348 1297 Εἶναι
1364 1270 1393 1297 δέ
1416 1279 1498 1306 φησιν
1514 1271 1595 1298 αὑτὸν
1609 1271 1759 1305 φαντασίαν
1772 1272 1804 1297 ἐν

1009 1315 1049 1350 τῷ
1073 1315 1227 1349 φαίνεσθαι,
1250 1316 1287 1351 μὴ
1304 1314 1373 1343 εἶναι
1397 1317 1427 1343 δὲ
1449 1316 1602 1354 ἄνθρωπον,
1623 1317 1690 1353 μηδὲ
1711 1317 1804 1353 σάρκα

1011 1361 1163 1397 εἰληφέναι.
1178 1364 1386 1398 Δραματουργεῖ
1405 1363 1434 1389 δὲ
1455 1364 1520 1398 ήμῐν
1535 1363 1619 1398 ἄλλην
1632 1363 1804 1399 δραματουρ-

1011 1408 1074 1442 γίαν
1085 1410 1099 1435 ό
1114 1408 1239 1444 δεύτερος
1254 1408 1401 1444 μιμολόγος
1415 1410 1444 1435 ἐν
1455 1409 1494 1444 τῷ
1510 1409 1574 1444 περὶ
1597 1409 1715 1445 σταυροῦ
1730 1409 1804 1444 λόγῳ

1011 1454 1149 1492 Χριστοῦ·
1175 1456 1236 1491 οὐχὶ
1256 1455 1360 1490 Ἰησοῦν
1388 1455 1500 1489 φάσκων
1526 1455 1706 1487 πεπονθέναι,
1734 1455 1802 1482 ἀλλὰ

1012 1501 1122 1537 Σίμωνα
1134 1502 1180 1531 τὸν
1194 1502 1360 1537 Κυρηναῖον.
1390 1501 1499 1536 Ἐπειδὴ
1513 1501 1566 1536 γὰρ
1585 1502 1614 1527 ὲν
1631 1501 1669 1536 τῷ
1683 1501 1737 1528 ἀπὺ
1754 1502 1804 1528 Ὶε-

1013 1546 1169 1583 ροσολύμων
1189 1547 1234 1574 τὸν
1250 1546 1353 1582 Κύριον
1369 1545 1560 1578 ἐκϐάλλεσθαι,
1582 1546 1619 1577 ὡς
1633 1545 1689 1581 ἔχει
1703 1547 1719 1581 ὴ
1736 1546 1802 1572 ἀκο-

1012 1593 1105 1619 λουθία
1121 1593 1168 1619 τοῦ
1192 1593 1378 1627 Εὑαγγελίου,
1406 1592 1582 1628 ἠγγάρευσαν
1606 1601 1666 1619 τινα
1694 1592 1804 1628 Σίμωνα.

1012 1640 1167 1675 Κυρηναῖον
1204 1639 1338 1674 βαστάσαι
1360 1639 1406 1666 τὸν
1433 1638 1559 1675 σταυρὸν,
1583 1638 1659 1665 ἐνθεν
1681 1638 1803 1674 εὑρίσκει

1011 1685 1062 1719 τῆς
1077 1684 1159 1712 αὑτοῦ
1173 1685 1288 1716 κυϐείας
1305 1684 1469 1720 ποιήσασθαι
1488 1683 1538 1719 τὴν
1557 1682 1727 1719 τραγῳδίαν·
1756 1683 1804 1709 καὶ

1013 1723 1106 1767 φησιν,
1122 1732 1225 1757 ἐκεῖνον
1248 1731 1277 1757 ὲν
1298 1731 1338 1766 τῷ
1360 1729 1505 1766 βαστάζειν
1517 1729 1563 1756 τὸν
1578 1729 1693 1763 σταυρὸν
1718 1736 1803 1763 μετα-

1014 1776 1227 1812 μεμορςρωκέναι
1253 1777 1293 1808 εἰς
1316 1776 1347 1803 τὸ
1365 1776 1464 1802 ἑαυτοῦ
1480 1773 1559 1808 εἶδος,
1583 1775 1631 1801 καὶ
1643 1774 1740 1801 ἑαυτὸν
1763 1774 1803 1805 είς

1012 1825 1057 1852 τὸν
1070 1825 1189 1860 Σίμωνα,
1205 1824 1253 1851 καὶ
1270 1824 1329 1851 ἀντὶ
1341 1823 1440 1851 ἑαυτοῦ
1461 1822 1682 1859 παραδεδωκέναι
1693 1821 1804 1855 Σίμωνα

1013 1871 1053 1902 εἰς
1081 1871 1112 1897 τὸ
1137 1870 1339 1905 σταυρωθῆναι.
1376 1870 1497 1896 Ἐκείνου
1523 1869 1551 1896 δὲ
1583 1867 1802 1903 σταυρουμένου,

1013 1918 1123 1953 ἑστήκει
1138 1918 1321 1952 κατάντικρυς
1340 1917 1463 1952 ἀοράτως
1478 1916 1492 1942 ὁ
1513 1915 1626 1950 Ἰησοῦς,
1646 1913 1803 1947 καταγελῶν

1012 1964 1067 1990 τῶν
1085 1965 1130 1991 τὸν
1150 1964 1260 1999 Σίμωνα
1281 1963 1478 1998 σταυρούντων.
1500 1962 1586 1993 Αὐτὸς
1605 1961 1633 1987 δὲ
1649 1960 1748 1993 ἀνέστη
1763 1959 1802 1990 είς

1013 2009 1047 2036 τὰ
1060 2010 1220 2045 ἐπουράνια,
1233 2008 1368 2045 παραδοὺς
1383 2008 1428 2035 τὸν
1444 2008 1553 2043 Σίμωνα
1571 2005 1802 2040 ἀνασκολοπισθῆ-

1014 2066 1067 2089 ναι,
1082 2057 1129 2084 καὶ
1150 2056 1264 2088 ἀπαθῶς
1278 2055 1451 2091 ἀνεχώρησεν
1464 2056 1504 2086 εἰς
1518 2055 1563 2081 τὸν
1576 2053 1699 2089 οὐρανόν.
1725 2053 1753 2079 '0
1773 2052 1802 2078 δὲ

1014 2103 1105 2137 Σίμων
1126 2101 1207 2133 αὐτὸς
1231 2101 1403 2138 ἐσταυρώθη,
1430 2101 1477 2128 καὶ
1495 2100 1545 2135 οὐχ
1570 2101 1584 2126 ὁ
1603 2099 1730 2134 Χριστός.
1751 2098 1804 2133 Ἰη-

1015 2149 1077 2180 σοῦς
1103 2148 1168 2184 γὰρ,
1196 2149 1296 2183 φησὶν,
1324 2146 1522 2178 ἀναπετασθεὶς
1547 2147 1586 2177 εἰς
1612 2145 1657 2172 τὸν
1681 2144 1802 2179 οὐρανὸν,

1014 2193 1104 2229 διῆλθε
1120 2193 1210 2224 πάσας
1223 2193 1272 2224 τὰς
1286 2193 1425 2228 δυνάμεις,
1439 2192 1492 2223 ἕως
1505 2189 1535 2219 οὗ
1550 2191 1723 2225 ἀποκατέστη
1737 2191 1804 2223 πρὸς

1014 2240 1059 2266 τὸν
1083 2239 1148 2266 ἴδιον
1168 2239 1250 2266 αὐτοῦ
1273 2239 1391 2274 Πατέρα.
1414 2234 1498 2269 Οὗτος
1520 2237 1575 2273 γάρ
1590 2238 1658 2268 ἐστι,
1673 2236 1765 2271 φησὶν,
1790 2237 1804 2262 ὁ

1016 2286 1079 2317 Υἱὸς
1092 2286 1139 2312 τοῦ
1156 2285 1263 2321 Πατρὸς
1282 2286 1297 2311 ὀ
1316 2284 1523 2321 προειρημένος,
1545 2285 1559 2309 ὁ
1575 2282 1738 2313 ἀποσταλεὶς
1760 2282 1805 2308 ἐπὶ

1017 2332 1127 2368 βοηθείᾳ
1141 2332 1195 2358 τῶν
1209 2332 1274 2358 υἱῶν
1296 2331 1350 2358 τῶν
1372 2330 1523 2366 ἀνθρώπων
1536 2329 1568 2356 δι’
1584 2329 1617 2364 ἣν
1637 2326 1705 2355 εἶδεν
1718 2329 1731 2354 ὁ
1748 2328 1804 2354 Πα-

1015 2376 1066 2412 τὴρ
1080 2377 1283 2403 ἀκαταστασίαν
1306 2375 1334 2402 έν
1347 2384 1376 2402 τε
1391 2376 1447 2407 τοῖς
1463 2373 1617 2410 ἀνθρώποις
1636 2374 1683 2400 καὶ
1705 2373 1734 2400 ἐν
1748 2374 1804 2404 τοῖς

1016 2422 1153 2456 ἀγγέλοις.
1183 2423 1238 2448 Καὶ
1255 2419 1332 2453 οὗτος
1351 2422 1420 2453 ἐστι,
1434 2421 1555 2456 φησὶν,ή
1575 2418 1696 2454 σωτηρία
1716 2418 1803 2454 ἡμῶν,

1016 2469 1030 2495 ὁ
1047 2467 1142 2500 ἐλθὼν,
1162 2468 1210 2495 καὶ
1234 2469 1299 2503 ἡμῖν
1328 2467 1419 2502 μόνοις
1442 2465 1620 2500 ἀποκαλύψας
1637 2464 1739 2499 ταύτην
1755 2464 1804 2500 τὴν

1017 2514 1156 2549 ἀλήθειαν.
1175 2514 1301 2541 Τοιαῦται
1312 2514 1360 2549 μὲν
1376 2515 1404 2540 αἱ
1416 2512 1548 2548 ῥαψῳδίσιι
1566 2511 1616 2545 τῆς
1630 2510 1677 2536 τοῦ
1686 2510 1803 2545 ἀγύρτω

1019 2561 1190 2596 μυθοποιίας.
1210 2560 1289 2587 Ἀλλὰ
1303 2561 1349 2587 καὶ
1362 2559 1528 2586 ἁπεντεῦθεν
1538 2557 1747 2595 προκοπτούσης
1757 2556 1802 2591 τῆς

1019 2607 1188 2643 ἀκαθαρσίας
1203 2607 1252 2643 τῆς
1261 2607 1314 2633 ἀπὸ
1322 2606 1367 2633 τοῦ
1378 2606 1498 2641 Σίμωνος
1506 2603 1703 2642 ἑναρξαμένης,
1718 2603 1804 2628 πᾶσαν

1020 2652 1191 2688 ἐπιτήδευσιν
1208 2651 1414 2687 κακομηχανίας
1434 2651 1481 2677 καὶ
1504 2649 1646 2684 ἀσελγείας
1665 2647 1804 2683 ἐπιτρέπει

227 2827 285 2866 (57)
318 2828 353 2858 Td
373 2829 422 2857 ὑπ’
448 2829 545 2857 αὐτῶν
564 2829 737 2857 ἐπέσεισαιικ
764 2829 845 2858 Forte
862 2830 905 2857 ὑπ’
928 2827 1013 2864 αὐτῷ.
