1944 3037
90 143 144 170 Si}

402 145 589 173 ADVERbUS
607 145 781 174 HAERESES
802 147 865 175 LIB.
888 152 908 176 I.
929 149 1013 177 TUM.
1033 149 1067 176 ll.
1086 163 1123 169 —
1140 149 1279 177 IllEllES.
1300 149 1395 178 XXIV.

1676 146 1731 177 5U:
1753 144 1757 149 ’

88 204 154 233 τοὺς
175 202 250 238 αὐτῷ
277 203 513 239 μαθητευομένους
530 205 663 232 ἐπιτελεῖν
675 225 682 238 ,
702 205 802 241 ἄνδρας
819 206 888 241 μετὰ

945 214 1118 242 progressum
1135 207 1181 234 illa
1197 207 1358 242 impuritale
1379 206 1517 242 capiente,
1532 205 1614 241 cujus
1634 210 1732 233 auctor

89 248 404 284 γυναικῶν·πολυμιξίαν
411 250 471 276 τινὰ
477 250 566 286 κακῆς
576 251 730 283 ὑποθέσεως
739 252 802 283 τοὺς
811 252 885 288 αὺτῷ

93 295 254 328 πεισθέντας
269 297 438 323 ἐκδιδάσκει·
452 297 490 328 ὡς
499 297 573 331 λέγει
584 298 599 324 ὁ
621 298 797 331 ’Λπόστολος”
823 299 886 326 Ἐπὶ

93 340 200 373 τούτοις
229 343 275 369 καὶ
301 343 358 374 τοῖς
382 343 485 378 ὁμοίοις
514 343 605 370 αὐτῶν
641 345 884 371 ἀποκαλύπτεσθαι

93 387 179 424 ὀργὴν
204 388 282 421 θεοῦ,
318 390 365 416 καὶ
390 389 587 426 Βικαιοκρισίαν
609 391 655 418 ἐπὶ
669 392 732 424 τοὶς
753 393 802 427 τὴν
819 391 887 426 ἁλή-

95 435 170 461 θειαν
197 435 226 460 ὲν
243 435 335 471 ἀδικίᾳ
361 436 535 471 κατέχοντας.
560 437 610 464 Διὰ
636 438 738 473 ταύτην
760 439 814 473 γὰρ
839 439 887 474 τὴν

95 479 186 506 αἰτίαν
202 480 252 515 τῆς
266 480 432 516 ἡδυπαθείας
448 481 538 508 πολλοὶ
557 483 596 514 εἰς
616 482 665 517 τὴν
685 483 790 518 αἵρεσιν
807 484 889 518 ἐμπί-

95 533 226 557 πτουσιν,
253 522 338 557 ἀδεῶς
365 526 538 562 εὑρίσκοντες
559 527 693 554 ἐπιτελεῖν
718 528 767 563 τὴν
792 528 889 564 ἡδονὴν

96 571 202 598 ἑαυτῶν
214 572 244 598 ἐν
259 573 321 604 ταῖς
340 573 557 608 αἱσχρουργίαις.

134 711 171 737 Δ’.
191 711 317 738 Διδάσκει
329 711 357 738 δὲ
373 711 455 738 πάλιν
477 711 524 738 καὶ
543 712 693 748 ἀνατρέπει
712 713 835 748 φάσκων,
853 715 889 751 μὴ

97 756 152 782 δεῖν
175 759 334 792 μαρτυρεῖν.
359 757 388 784 'U
403 757 458 793 γὰρ
480 758 627 794 μαρτυρῶν
645 759 758 794 ἄμισθος
776 761 890 796 εὑρεθή-

95 811 183 834 σεται,
203 803 349 839 μαρτυρῶν
363 803 432 838 ὑπὲρ
451 803 498 830 τοῦ
521 805 703 839 πεποιηκότος
718 805 763 831 τὸν
783 805 889 841 ἄνθρω-

95 858 162 875 πον·
181 851 317 885 μαρτυρεῖ
331 850 385 885 γὰρ
405 850 476 886 ὑπὲρ
499 850 547 877 τοῦ
564 851 773 887 ἐσταυρωμένον
799 852 890 886 Σίμω-

941 254 1035 280 Simon
1060 252 1121 285 fuit,
1147 254 1253 280 nullum
1284 262 1338 281 non
1369 253 1514 288 pravitatis
1551 251 1732 287 libidinisque

939 307 1026 334 genus
1047 299 1204 327 obeundum
1221 299 1366 335 discipulis
1386 299 1534 334 permittit;
1553 299 1733 333 virorumque

939 353 972 372 ac
998 346 1142 373 mulierum
1163 346 1335 380 promiscuos
1357 345 1534 376 concubitus,
1559 348 1586 372 et
1610 345 1732 372 scelera-

939 395 1029 419 torum
1047 392 1208 427 dogmatum
1227 392 1384 427 congeriem
1397 391 1583 418 sectatoribus
1596 392 1654 418 suis
1670 398 1734 424 pro-

940 439 1025 473 ponit.
1044 439 1122 472 Quod
1139 445 1165 466 et
1178 439 1212 465 ah
1229 439 1361 473 Apostolo
1379 442 1504 465 notatum
1524 441 1577 468 est,
1593 444 1655 463 cum
1675 436 1732 467 ait,

941 484 968 511 in
984 484 1027 514 bis
1041 491 1067 512 et
1081 485 1178 512 horum
1192 484 1330 512 similibus
1350 485 1418 511 iram
1434 483 1483 510 Dei
1499 483 1626 514 revelari.
1641 490 1673 509 ac
1688 482 1732 516 ju-

940 535 1012 558 stum
1026 531 1159 566 judicium
1170 531 1196 558 in
1206 538 1266 563 eos,
1285 531 1333 566 qui
1347 530 1526 558 verilatemin
1539 529 1647 564 justitia
1666 529 1734 556 dcti—

940 583 1007 605 nent
1018 578 1038 605 ³.
1059 577 1126 604 Nam
1143 577 1179 604 ob
1193 585 1240 605 eas
1255 578 1412 612 voluptates
1426 576 1550 611 plerique
1563 576 1596 603 ad
1613 575 1733 604 haeresin

940 623 1111 655 descisrunt,
1126 623 1173 651 ubi
1191 623 1353 651 faxlissimis
1374 623 1487 659 ﬂagitiis
1509 624 1620 657 impune
1642 622 1733 649 libidi-

940 678 1003 698 nem
1023 677 1100 697 suam
1113 670 1224 705 explere
1238 671 1354 704 possint.

976 714 1020 742 IV.
1037 715 1109 749 Quin
1123 715 1205 742 etiam
1226 715 1280 741 alio
1295 714 1462 741 documento
1486 721 1537 741 suo
1563 717 1732 741 sectatorum

941 763 1050 790 animos
1063 762 1226 797 corrumpit.
1244 761 1289 788 Ait
1307 761 1380 788 enim
1398 760 1563 796 martyrium
1584 759 1660 788 obire
1686 766 1734 786 nc-

941 816 1079 844 quaquam
1103 813 1241 843 oportere.
1269 807 1322 840 Qui
1346 807 1420 834 enim
1442 806 1468 834 id
1496 806 1579 833 faciat
1606 805 1734 833 mercede

941 855 1104 885 cariturum.
1119 863 1180 882 cum
1198 855 1225 881 in
1239 854 1300 888 ejus
1317 853 1362 888 qui
1376 854 1515 880 hominem
1533 852 1655 880 condidit
1668 859 1733 887 gra-

94 904 149 927 νος.
171 895 257 922 Πόθεν
276 896 304 922 δὲ
321 895 409 931 τούτῳ
435 895 529 930 μισθὸς
546 897 598 932 εἴη,
624 897 706 923 ὁπότε
725 897 890 932 ἀποθνήσκει

945 902 1008 928 tiam
1028 900 1102 928 istud
1120 901 1270 935 suscipiat;
1291 904 1318 927 et.
1343 904 1435 927 tamen
1459 900 1492 926 ad
1519 900 1658 926 Simonem
1687 898 1734 932 qui

95 943 146 977 μὲν
161 942 231 978 ὑπὲρ
246 942 368 977 Σίμωνος
385 942 432 968 τοῦ
446 943 665 978 ἐσταυρωμένου,
684 943 754 979 ὑπὲρ
771 944 888 980 Χριστοῦ

91 987 122 1014 δὲ
139 987 218 1014 τοῦτο
232 989 318 1014 ποιεῖν
330 988 467 1023 ὁμολογεῖ,
483 988 497 1015 ὃ
511 990 613 1023 ἀγνοεῖ,
627 990 806 1025 ἀποθνήσκων
820 991 890 1026 ὑπὲρ

91 1029 125 1060 οὗ
138 1034 169 1060 οὔ
185 1034 332 1068 γινώσκεις
352 1035 398 1060 Δεῖ
416 1035 506 1062 τοίνυν
531 1035 676 1070 ἀρκεῖσθαι
690 1036 756 1071 (58),
779 1037 826 1063 καὶ
852 1038 889 1073 μὴ

96 1079 252 1114 προαλόντα
265 1079 459 1114 ἀποθνήσκειν.

939 955 1094 982 suspensus
1110 947 1139 974 in
1159 955 1242 974 cruce
1266 947 1303 974 sit
1320 947 1482 982 martyrium
1502 946 1648 973 referatur.
1685 943 1734 974 Et-

938 993 1012 1020 enim
1024 994 1163 1020 undenam
1173 993 1196 1020 ei
1214 993 1355 1028 praemium
1376 992 1605 1028 exspectandum,
1622 991 1668 1026 qui
1686 997 1736 1025 pro

942 1036 1054 1066 Simone
1078 1039 1212 1066 cruciﬁxo
1243 1044 1359 1066 mortem
1389 1043 1524 1074 oppeteus
1554 1038 1673 1072 idipsum
1705 1044 1736 1064 se

941 1083 1045 1110 Christi
1061 1092 1145 1111 causa
1165 1084 1255 1111 facere
1274 1084 1428 1118 proﬁtetur.
1453 1088 1480 1111 cl.
1498 1083 1608 1119 quidem
1629 1083 1736 1116 impru-

93 1125 180 1153 dens?
193 1125 261 1152 Nam
281 1133 330 1160 pro
363 1133 395 1152 eo
412 1133 493 1160 quem
516 1126 633 1161 ignorat,
654 1126 735 1154 morti
769 1134 830 1154 sese
862 1129 1023 1156 committit.
1042 1129 1173 1157 Sullicere
1188 1138 1253 1166 ergo
1273 1130 1353 1158 nobis
1373 1130 1446 1158 istud
1462 1130 1540 1157 debet
1575 1136 1686 1164 :neque
1712 1127 1736 1155 si

94 1173 197 1200 detenti
225 1172 359 1200 fuerimus
389 1174 487 1201 mortis
515 1181 595 1208 paena
611 1173 768 1201 subeunda.

131 1221 169 1248 ιε’.
190 1221 384 1257 Φωραοήσεται
400 1222 429 1248 δὲ
445 1218 523 1254 οὗτος
533 1221 689 1258 διαϐολικὴν
701 1223 816 1258 δύναμιν
832 1224 890 1250 εισ-

95 1266 247 1301 ηγοὺμενος
272 1267 342 1294 κατὰ
362 1267 417 1294 τῶν
435 1267 540 1302 ψυχῶν,
561 1269 782 1304 ἀπαρνησιθεϊαν
804 1269 889 1301 αὑτὰς

97 1313 280 1341 ἐκδιδάσκων·
302 1314 382 1341 ὁπότε
400 1315 482 1347 αὐτὸς
497 1316 510 1342 ὁ
528 1315 630 1351 Κύριος
650 1316 734 1351 φησί·
758 1316 813 1343 Τὸν
839 1317 891 1350 ἀρ-

97 1361 247 1395 νούμενόν
260 1369 299 1395 με
311 1360 441 1388 ἐνώπιον
459 1361 518 1388 τῶν
539 1363 713 1397 ἀνθρώπων,
722 1363 891 1399 ἀρνήσομαι

97 1406 180 1441 κάγὼ
198 1406 292 1433 αὐτὸν
304 1407 434 1434 ἐνώπιον
452 1407 506 1435 τοῦ
523 1410 639 1443 Πατρός
649 1418 708 1443 μου
723 1410 776 1437 τοῦ
793 1410 828 1436 ὲν
839 1412 890 1437 οὺ-

93 1453 209 1487 ρανοῖς.
248 1453 329 1480 Ἀλλὰ
352 1454 434 1489 φησὶν
449 1455 463 1481 ὁ
491 1455 628 1490 ἀγύρτης·
653 1456 765 1491 Ἡμεῖς,
794 1457 888 1492 φησιν,

97 1500 183 1535 ὲσμὲν
196 1500 220 1526 οἱ
234 1499 388 1536 ἄνθρωποι·
406 1502 430 1527 οἱ
448 1501 477 1527 δὲ
491 1501 565 1528 ἄλλοι
587 1502 688 1534 πάντες
705 1501 752 1534 ὗες
774 1503 820 1529 καὶ
841 1503 890 1529 κύ-

97 1555 153 1578 νες.
171 1547 227 1573 Καὶ
243 1546 286 1573 διὰ
300 1547 378 1573 τοῦτο
398 1544 474 1574 εἴπε-
491 1547 540 1582 Μὴ
554 1547 673 1581 βάλητε
690 1548 762 1581 τοὺς
779 1557 892 1583 μαργα-

93 1593 182 1627 ρίτας
194 1594 365 1628 ἔμπροσθεν
379 1593 439 1620 τῶν
453 1594 573 1628 χοίρων,
582 1595 661 1628 μηδὲ
673 1595 741 1622 δότε
759 1595 792 1622 τὸ
807 1595 893 1630 ἅγιον

98 1639 161 1672 τοῖς
176 1641 259 1666 κυσί.
287 1639 412 1676 Κρύπτει
432 1639 487 1676 γὰρ
512 1640 609 1666 ἑαυτοῦ
630 1640 680 1677 τὴν
705 1641 812 1668 ἀδικίαν
839 1641 894 1668 ἀπὸ

97 1686 153 1712 τῶν
166 1686 228 1713 νοῦν
244 1686 361 1722 ἐχόντων
371 1695 378 1702 ο
395 1685 583 1713 ἀποκαλύπτει
607 1687 635 1713 δὲ
662 1689 694 1723 τῇ
712 1687 795 1714 αὐτοῦ
811 1688 892 1724 σχολῇ

99 1733 214 1764 καὶτοῖς
232 1733 278 1758 ὑπ’
301 1731 384 1758 αὑτοῦ
400 1732 600 1767 ἠπατημένους.
626 1732 732 1768 Ἐπειδὴ
756 1733 811 1768 γὰρ
827 1733 894 1769 ἁλη-

100 1777 155 1808 θῶς
168 1777 201 1804 τὰ
218 1777 284 1813 παρ’
300 1778 394 1809 αὐτοῖς
411 1777 546 1813 λεγόμενα
571 1778 618 1804 καὶ
631 1778 760 1813 γινόμενα
783 1779 894 1814 αἰσχρόν

101 1824 160 1850 ἐστι
178 1823 225 1850 καὶ
239 1823 346 1858 λέγειν·
362 1823 447 1856 λέγει,
470 1823 511 1850 ὃτι
531 1823 647 1850 ἐνώπιον
665 1824 719 1850 τῶν
743 1823 893 1860 ἀνθρώπων

99 1869 140 1896 δεῖ
162 1869 304 1904 ὁμολογεῖν
325 1870 374 1905 τὴν
400 1869 540 1904 ἀλήθειαν.
564 1870 660 1905 Ἡμεῖς
684 1870 740 1904 γάρ
762 1870 845 1905 ἐσμεν
868 1871 893 1897 οἱ

100 1916 241 1952 ἄνθρωποι
252 1924 258 1931 '
275 1916 299 1942 οἱ
313 1915 340 1942 δὲ
357 1915 432 1942 ἄλλοι
447 1916 493 1947 ὗες
517 1915 564 1942 καί
582 1915 673 1948 κύνες,
697 1916 734 1947 ὡς
752 1918 892 1952 προεῖπον.

99 1963 201 1990 Φάσκει
216 1963 244 1988 δὲ
268 1962 349 1998 μόνον
373 1962 438 1997 περὶ
461 1961 569 1998 Πατρὸς
585 1962 632 1988 καὶ
655 1961 702 1988 τοῦ
725 1961 821 1988 ἑαυτοῦ
841 1971 893 1998 μυ-

102 2009 217 2045 στηρίου
244 2008 338 2044 μηδενὶ
359 2008 573 2039 ἀποκαλύπτειν,
599 2008 667 2035 ἀλλὰ
687 2009 750 2043 σιγῇ
771 2008 843 2043 ἔχειν
866 2010 894 2035 ἐν

101 2055 226 2086 ἑαυτοῖς·
245 2055 287 2081 ἐν).
300 2055 329 2081 δὲ
345 2054 399 2081 ἀπὸ
421 2054 513 2090 χιλίων
527 2053 740 2086 ἀποκαλύπτειν,
758 2055 806 2081 καὶ
819 2055 894 2081 δυσὶν

101 2101 156 2128 ἀπὸ
180 2101 295 2137 μυρίων.
323 2101 378 2128 Καὶ
407 2101 565 2128 ὑποτίθεται
586 2102 642 2133 τοῖς
659 2100 742 2127 αὑτοῦ
760 2100 895 2136 μαθηταῖς

101 2147 200 2180 λέγων,
221 2147 261 2173 ὅτι
286 2147 379 2182 Ὑμεῖς
396 2146 486 2173 πάντα
508 2146 673 2180 γινώσκετε·
696 2147 769 2182 ὑμᾶς
790 2147 818 2173 δὲ
839 2156 894 2183 μη-

101 2194 157 2226 δεὶς
171 2194 340 2228 γινωσκέτω.
366 2193 451 2225 Αὐτὸς
467 2193 496 2219 δὲ
515 2193 563 2220 καὶ
578 2194 602 2220 ot
624 2193 671 2220 ἀπ’
686 2193 768 2220 αὑτοῦ
789 2193 897 2229 ἐρωτώ-

906 1573 926 1600 C

978 1221 1012 1248 ν.
1029 1221 1177 1248 Enimvero
1198 1221 1363 1248 diabolicam
1389 1221 1537 1256 quamdam
1554 1222 1608 1248 vim
1625 1221 1658 1248 ad
1675 1222 1736 1248 anio

943 1276 1050 1295 marum
1067 1269 1143 1295 illum
1163 1268 1301 1296 invexisse
1318 1269 1468 1303 perniciem
1487 1268 1567 1296 facile
1583 1269 1737 1303 drprehen-

941 1315 1049 1346 demus.
1080 1319 1107 1341 ut
1129 1315 1176 1350 qui
1196 1314 1280 1342 Deum
1303 1315 1412 1349 cjurare
1427 1315 1488 1341 illos
1505 1315 1629 1346 edoceat,
1647 1323 1736 1348 quatt-

942 1360 1088 1396 doquidem
1119 1360 1250 1388 Dominus
1271 1362 1330 1395 ipsc
1353 1360 1442 1387 dicit:
1457 1360 1509 1392 Qui
1534 1361 1665 1396 negaverit
1697 1369 1738 1387 me

942 1416 1033 1434 curam
1054 1407 1215 1439 hominibus,
1240 1408 1338 1442 negato
1361 1411 1385 1433 et
1410 1415 1456 1441 ego
1471 1415 1531 1433 eum
1548 1415 1638 1433 curam
1658 1406 1738 1433 Patre

943 1455 996 1490 72
1020 1462 1076 1480 meo
1093 1454 1138 1489 qui
1161 1454 1189 1480 in
1212 1454 1283 1480 cazlis
1308 1458 1346 1480 est
1362 1454 1385 1480 ².
1405 1453 1439 1479 At
1455 1453 1529 1479 enim
1547 1457 1685 1480 veterator
1697 1453 1738 1478 lot-

943 1502 1039 1536 quitur
1057 1500 1141 1535 :Nos,
1162 1501 1262 1535 inquit,
1286 1500 1414 1527 homines
1433 1506 1530 1526 sumus
1546 1507 1551 1526 :
1567 1498 1659 1525 cmtet'i
1677 1507 1738 1525 om-

945 1555 993 1574 nes
1012 1547 1082 1573 nihil
1100 1547 1175 1573 aliud
1190 1554 1271 1581 quam
1289 1553 1354 1573 sues
1373 1549 1401 1573 et
1418 1553 1511 1572 canes.
1533 1545 1651 1579 Ideoque
1671 1545 1738 1572 scri-

944 1597 1021 1627 ptum
1037 1596 1080 1620 est
1095 1602 1101 1619 :
1118 1591 1210 1619 Nolite
1218 1594 1310 1626 jacere
1325 1592 1487 1627 margaritas
1497 1596 1558 1617 ante
1569 1599 1675 1624 porcos,
1691 1599 1737 1618 ne-

943 1646 992 1672 que
1007 1637 1072 1664 dare
1089 1642 1211 1665 sanctum
1227 1637 1337 1664 canibus
1354 1637 1375 1663 ³.
1393 1636 1534 1672 Siquidem
1551 1636 1585 1663 de
1609 1644 1659 1663 sna
1687 1637 1738 1663 im-

945 1684 1082 1720 probitate
1096 1684 1167 1711 celat
1182 1692 1230 1712 eos
1253 1684 1300 1718 qui
1319 1684 1462 1719 sapientia:
1479 1683 1605 1710 nonnihil
1621 1683 1736 1715 habent,

945 1738 977 1758 ac
992 1738 1049 1758 suae
1065 1730 1200 1758 duntaxat
1225 1731 1330 1758 scholae
1352 1734 1379 1758 et
1399 1730 1598 1757 circumventis
1613 1737 1627 1756 a
1643 1737 1673 1756 se
1687 1729 1738 1756 ho-

945 1777 1067 1804 minibus
1081 1777 1206 1812 exponit.
1226 1777 1363 1810 Quoniam
1389 1784 1484 1804 revera
1510 1783 1571 1811 quaa
1587 1776 1620 1803 ab
1635 1775 1690 1803 illis
1703 1776 1740 1803 di-

945 1828 1046 1850 cuntur
1067 1827 1094 1850 et
1119 1823 1197 1855 liunt,
1227 1828 1306 1858 turpe
1330 1826 1371 1850 est
1404 1823 1484 1850 etiam
1510 1821 1626 1856 eloqui‘
1654 1822 1740 1856 Igitur

945 1877 1038 1896 coram
1063 1869 1224 1896 hominibus
1249 1868 1433 1904 proﬁtendam
1451 1875 1514 1896 esse
1533 1868 1678 1895 veritatem
1693 1867 1741 1895 do-

945 1919 1000 1944 cet.
1021 1915 1077 1944 Nos
1104 1916 1179 1943 enim
1205 1916 1333 1944 homines
1356 1923 1469 1949 sumus;
1484 1915 1577 1943 caeteri
1594 1922 1676 1942 suum
1693 1922 1744 1942 ca-

945 1969 1067 1996 numque
1089 1969 1215 1995 numero,
1234 1962 1274 1989 uti
1297 1962 1432 1989 diximus.
1458 1961 1491 1988 Et.
1509 1961 1575 1989 illud
1597 1960 1738 1992 admonet,

946 2013 975 2035 ut
992 2008 1027 2035 de
1044 2007 1125 2035 Patre
1138 2007 1272 2035 duntaxat
1295 2015 1454 2043 arcanaque
1469 2015 1520 2035 suo
1535 2006 1638 2034 nemini
1657 2006 1740 2041 signi~

946 2053 1040 2086 licent,
1056 2052 1104 2080 sed
1117 2053 1232 2080 tacitum
1250 2053 1321 2087 apud
1335 2060 1365 2080 se
1381 2053 1532 2085 retineant,
1548 2056 1596 2079 aut
1613 2051 1661 2079 uni
1684 2051 1741 2078 sal-

947 2103 1000 2126 tem
1017 2106 1033 2126 e
1048 2097 1182 2130 millibus,
1202 2105 1234 2124 ac
1249 2098 1358 2130 duobus
1375 2106 1407 2126 ex
1427 2098 1523 2126 decem
1541 2097 1662 2124 millibus
1678 2104 1743 2132 ενοι

945 2144 1115 2178 riant.Quin
1133 2148 1162 2172 et
1182 2144 1242 2173 suis
1262 2144 1408 2180 discipulis
1438 2145 1476 2172 ita
1501 2144 1625 2179 praecipit
1639 2153 1646 2170 :
1661 2143 1739 2173 Date,

947 2192 1047 2227 inquit,
1070 2199 1184 2227 operam
1212 2195 1242 2218 ut
1264 2192 1359 2218 omnia
1377 2191 1564 2226 cognoscatis,
1581 2198 1662 2218 nemo
1675 2197 1743 2217 vero

103 2249 181 2276 μενοι
205 2240 347 2271 Ἰουδαίους
364 2239 414 2275 μὲν
428 2241 542 2271 ἑαυτοὺς
555 2241 652 2275 μηκέτι
665 2237 736 2266 εἶναι
749 2240 892 2275 φάσκουσι,

948 2246 996 2265 vos
1012 2243 1172 2273 cognoscat.
1189 2238 1325 2266 Caeterum
1343 2242 1397 2265 tam
1415 2238 1485 2272 ipse,
1502 2244 1586 2272 quam
1608 2237 1655 2271 qui
1680 2236 1743 2270 ejus

102 2287 283 2324 Χριστιανοὺς
305 2286 333 2312 δὲ
360 2287 459 2322 μηκέτι
481 2286 658 2322 γεγενῆσθαι,
672 2286 731 2313 ἀλλ’
755 2286 894 2323 ἀρνεῖσθαι

103 2334 234 2361 πάντοτε·
255 2333 329 2369 ἔχειν
351 2332 379 2359 δὲ
403 2331 491 2368 ἐαυτῷ
507 2334 569 2369 σιγῇ
592 2333 641 2369 τὴν
657 2333 759 2365 πίστιν,
777 2334 824 2360 καὶ
841 2343 896 2370 μη-

102 2379 159 2406 δενὶ
175 2378 375 2410 ὑποδεικνύναι,
390 2378 441 2414 τὴν
455 2378 585 2414 αἰσχύνην
602 2378 700 2406 ἑαυτοῦ
719 2379 896 2415 ὑφορώμενος

102 2425 148 2452 διὰ
162 2425 194 2452 τὸ
211 2424 435 2460 ἀπαρρησίαστον
452 2424 502 2459 τῆς
518 2425 726 2461 αἰσχρουργίας,
746 2425 793 2452 καὶ
807 2426 897 2462 κακῆς

104 2471 187 2500 αὑτοῦ
200 2470 384 2502 διδασκαλίας.

145 2611 190 2644 εἶ’.
213 2609 297 2643 Ἔσχε
312 2608 340 2634 δὲ
359 2608 375 2643 ἡ
388 2607 458 2643 ἁρχὴ
472 2607 557 2642 αὐτῆς
575 2607 624 2642 τῆς
635 2607 724 2641 κακῆς
738 2607 899 2643 προφάσεως

105 2657 156 2692 τὴν
175 2655 265 2682 αἰτίαν
279 2654 335 2681 ἀπὸ
356 2653 404 2680 τοῦ
423 2654 515 2688 ζητεῖν
529 2654 577 2680 καὶ
591 2653 681 2688 λέγειν
698 2654 779 2680 πόθεν
800 2654 830 2681 τὸ
851 2663 901 2681 κα-

105 2703 164 2730 κόν.
181 2702 238 2733 Πᾶς
255 2701 283 2728 δὲ
299 2701 354 2728 ἀπὺ
368 2701 418 2736 τῆς
435 2700 532 2727 ἑαυτοῦ
550 2696 743 2737 πραγματείας
759 2701 901 2737 δειχθήσε-

105 2755 152 2775 ται
173 2747 266 2780 ὁποῖός
292 2748 378 2775 ἐστιν.
406 2747 548 2783 Ἐμπορος
571 2747 637 2782 γοῦν
663 2744 740 2779 οὗτος
765 2747 859 2774 κακῶν
887 2749 902 2775 ὁ

142 2809 151 2825 ⁸
168 2807 248 2836 Rom.
264 2817 284 2841 ι,
301 2808 344 2836 18.
382 2809 393 2824 ⁸
409 2806 505 2835 Matth.
519 2815 546 2839 ι,
561 2807 605 2836 35.
645 2809 656 2824 ³
671 2807 765 2836 Matth.
781 2816 828 2841 vn,
842 2808 869 2835 6.

142 2864 200 2900 (58)
219 2865 269 2894 Δεῖ
295 2866 398 2895 τοίνυν
423 2866 589 2903 ἀρκεῖσθαι.
621 2866 717 2895 Scribe
745 2866 896 2904 ἀρνεῖσθαι.

947 2288 1050 2312 sectam
1059 2285 1177 2320 amplexi
1194 2284 1388 2320 sunt,quoties
1403 2281 1744 2318 in:crrogantur,Jud:eos.

947 2332 1058 2367 quidem
1072 2339 1102 2359 se
1121 2340 1184 2360 esse
1202 2335 1314 2367 negant,
1335 2330 1510 2358 Christianos
1529 2336 1593 2356 vero
1619 2328 1743 2359 nondum

947 2378 1045 2407 fuisse.
1060 2378 1106 2406 Sic
1121 2378 1260 2413 abnegare
1275 2380 1407 2413 perpetuo
1421 2375 1512 2408 ﬁdem,
1525 2382 1642 2410 eamque
1659 2374 1744 2402 tacite

947 2425 1020 2461 apud
1035 2432 1065 2453 se
1078 2424 1234 2458 fcustodire,
1251 2431 1303 2452 nec
1329 2423 1377 2450 ulli
1396 2421 1554 2458 patefacere
1574 2428 1640 2449 suos
1666 2420 1746 2448 instia

949 2472 1023 2505 tuit;
1038 2472 1113 2507 quod
1130 2471 1261 2499 nimirum
1278 2473 1437 2506 suspectam
1456 2469 1557 2496 habeat
1573 2468 1634 2503 ipse
1655 2468 1743 2502 turpi-

949 2518 1071 2546 tudinem
1091 2525 1182 2550 suam,
1205 2525 1268 2545 cum
1290 2521 1345 2544 tam
1369 2516 1499 2543 immanis
1519 2514 1640 2546 fmditas,
1660 2517 1748 2549 atque,

949 2563 1057 2598 impura
1072 2563 1220 2598 disciplina
1236 2562 1368 2589 audacter
1383 2560 1505 2596 evulgari
1524 2569 1578 2587 non
1596 2559 1706 2586 audeat.

985 2609 1030 2637 Vl.
1047 2609 1135 2644 llujus
1148 2617 1214 2637 vero
1239 2609 1366 2644 pessimae
1381 2612 1463 2636 secta:
1484 2607 1660 2634 occasionem
1692 2604 1746 2631 ἰοὶ-ρ

950 2657 1074 2692 tiumquc
1097 2655 1174 2684 dedit
1189 2657 1235 2684 illa
1261 2655 1378 2692 quaestio
1403 2662 1435 2682 ac
1460 2653 1613 2689 disputatio
1633 2661 1640 2679 :
1657 2650 1746 2678 Unde-

950 2710 1012 2730 nam
1029 2703 1129 2730 malum
1140 2702 1275 2738 originem
1287 2701 1426 2729 habuerit.
1438 2700 1540 2728 Verum
1553 2697 1746 2732 unusquisque

950 2749 1104 2784 cujusmotli
1121 2749 1166 2783 sit,
1184 2748 1426 2778 administratione
1442 2754 1474 2775 ac
1489 2745 1676 2783 negotiatione
1692 2748 1744 2770 sua

909 2811 920 2825 ⁵
935 2808 1034 2845 Ephcs.
1055 2819 1081 2844 γ,
1099 2810 1140 2839 19..
