  <div class='ocr_page' id='page_1' title='image "/cluster/home/n/w/nwhite01/storage/ocr_20150623/41/njp.32101007805813/177.png"; bbox 0 0 1944 3037; ppageno 0'>
   <div class='ocr_carea' id='block_1_1' title="bbox 196 130 249 158">
    <p class='ocr_par' dir='ltr' id='par_1_1' title="bbox 196 130 249 158">
     <span class='ocr_line' id='line_1_1' title="bbox 196 130 249 158; baseline 0.019 -1"><span class='ocrx_word' id='word_1_1' title='bbox 196 130 249 158; x_wconf 76' lang='grc'><strong>515</strong></span> 
     </span>
    </p>
   </div>
   <div class='ocr_carea' id='block_1_2' title="bbox 905 129 1129 158">
    <p class='ocr_par' dir='ltr' id='par_1_2' title="bbox 905 129 1129 158">
     <span class='ocr_line' id='line_1_2' title="bbox 905 129 1129 158; baseline 0 -1"><span class='ocrx_word' id='word_1_2' title='bbox 905 129 933 158; x_wconf 83' lang='lat'><strong>5.</strong></span> <span class='ocrx_word' id='word_1_3' title='bbox 955 129 1129 158; x_wconf 76' lang='lat' dir='ltr'><strong>EPIPHANII</strong></span> 
     </span>
    </p>
   </div>
   <div class='ocr_carea' id='block_1_3' title="bbox 1788 124 1843 153">
    <p class='ocr_par' dir='ltr' id='par_1_3' title="bbox 1788 124 1843 153">
     <span class='ocr_line' id='line_1_3' title="bbox 1788 124 1843 153; baseline -0.018 0"><span class='ocrx_word' id='word_1_4' title='bbox 1788 124 1843 153; x_wconf 77' lang='lat' dir='ltr'><strong>5l6</strong></span> 
     </span>
    </p>
   </div>
   <div class='ocr_carea' id='block_1_4' title="bbox 197 186 996 226">
    <p class='ocr_par' dir='ltr' id='par_1_4' title="bbox 197 189 993 226">
     <span class='ocr_line' id='line_1_4' title="bbox 197 189 993 226; baseline 0.001 -9"><span class='ocrx_word' id='word_1_5' title='bbox 197 190 360 218; x_wconf 87' lang='lat' dir='ltr'><strong>declarabit.</strong></span> <span class='ocrx_word' id='word_1_6' title='bbox 393 189 568 226; x_wconf 86' lang='lat' dir='ltr'><strong>Proindeque</strong></span> <span class='ocrx_word' id='word_1_7' title='bbox 591 190 727 218; x_wconf 90' lang='lat' dir='ltr'><strong>malorum</strong></span> <span class='ocrx_word' id='word_1_8' title='bbox 754 190 921 226; x_wconf 82' lang='lat' dir='ltr'><strong>negotiator,</strong></span> <span class='ocrx_word' id='word_1_9' title='bbox 938 198 993 218; x_wconf 93' lang='lat' dir='ltr'><strong>non</strong></span> 
     </span>
    </p>
   </div>
   <div class='ocr_carea' id='block_1_5' title="bbox 1051 186 1842 226">
    <p class='ocr_par' dir='ltr' id='par_1_5' title="bbox 1051 186 1842 225">
     <span class='ocr_line' id='line_1_5' title="bbox 1051 186 1842 225; baseline -0.008 -7"><span class='ocrx_word' id='word_1_10' title='bbox 1051 191 1093 218; x_wconf 72' lang='grc' dir='ltr'><strong>τοῦ</strong></span> <span class='ocrx_word' id='word_1_11' title='bbox 1110 190 1196 217; x_wconf 67' lang='grc' dir='ltr'>κακοῦ</span> <span class='ocrx_word' id='word_1_12' title='bbox 1222 190 1350 225; x_wconf 77' lang='grc' dir='ltr'><strong>ἐργάτης,</strong></span> <span class='ocrx_word' id='word_1_13' title='bbox 1373 188 1420 215; x_wconf 73' lang='grc' dir='ltr'><strong>καὶ</strong></span> <span class='ocrx_word' id='word_1_14' title='bbox 1442 188 1502 224; x_wconf 67' lang='grc' dir='ltr'><strong>οὐχὶ</strong></span> <span class='ocrx_word' id='word_1_15' title='bbox 1528 186 1637 222; x_wconf 75' lang='grc' dir='ltr'>ἀγαθῶν</span> <span class='ocrx_word' id='word_1_16' title='bbox 1655 186 1676 220; x_wconf 82' lang='grc'>³,</span> <span class='ocrx_word' id='word_1_17' title='bbox 1699 186 1736 218; x_wconf 82' lang='grc' dir='ltr'>ὡς</span> <span class='ocrx_word' id='word_1_18' title='bbox 1751 186 1798 213; x_wconf 72' lang='grc' dir='ltr'>καὶ</span> 
     </span>
    </p>
   </div>
   <div class='ocr_carea' id='block_1_6' title="bbox 197 236 996 272">
    <p class='ocr_par' dir='ltr' id='par_1_6' title="bbox 197 236 996 272">
     <span class='ocr_line' id='line_1_6' title="bbox 197 236 996 272; baseline 0 -8"><span class='ocrx_word' id='word_1_19' title='bbox 197 237 331 264; x_wconf 86' lang='lat' dir='ltr'><strong>bonorum</strong></span> <span class='ocrx_word' id='word_1_20' title='bbox 354 240 396 264; x_wconf 90' lang='lat' dir='ltr'><strong>est</strong></span> <span class='ocrx_word' id='word_1_21' title='bbox 411 237 456 264; x_wconf 88' lang='lat' dir='ltr'><strong>ille</strong></span> <span class='ocrx_word' id='word_1_22' title='bbox 479 237 542 263; x_wconf 91' lang='lat' dir='ltr'><strong>mali</strong></span> <span class='ocrx_word' id='word_1_23' title='bbox 555 236 902 272; x_wconf 74' lang='lat' dir='ltr'><strong>artil‘ex,quemadmodum</strong></span> <span class='ocrx_word' id='word_1_24' title='bbox 917 237 996 264; x_wconf 81' lang='lat' dir='ltr'><strong>Scri-</strong></span> 
     </span>
    </p>
   </div>
   <div class='ocr_carea' id='block_1_7' title="bbox 198 283 996 318">
    <p class='ocr_par' dir='ltr' id='par_1_7' title="bbox 198 283 996 318">
     <span class='ocr_line' id='line_1_7' title="bbox 198 283 996 318; baseline 0.004 -10"><span class='ocrx_word' id='word_1_25' title='bbox 198 287 278 317; x_wconf 86' lang='lat' dir='ltr'><strong>plura</strong></span> <span class='ocrx_word' id='word_1_26' title='bbox 297 286 414 309; x_wconf 72' lang='lat' dir='ltr'><strong>testatur</strong></span> <span class='ocrx_word' id='word_1_27' title='bbox 431 292 437 309; x_wconf 90' lang='lat'>:</span> <span class='ocrx_word' id='word_1_28' title='bbox 459 283 511 315; x_wconf 82' lang='lat' dir='ltr'><strong>Qui</strong></span> <span class='ocrx_word' id='word_1_29' title='bbox 528 287 650 318; x_wconf 78' lang='lat' dir='ltr'><strong>quwrunt</strong></span> <span class='ocrx_word' id='word_1_30' title='bbox 675 284 757 316; x_wconf 87' lang='lat' dir='ltr'><strong>mala,</strong></span> <span class='ocrx_word' id='word_1_31' title='bbox 785 284 858 310; x_wconf 83' lang='lat' dir='ltr'><strong>mala</strong></span> <span class='ocrx_word' id='word_1_32' title='bbox 881 292 926 311; x_wconf 81' lang='lat' dir='ltr'><strong>eos</strong></span> <span class='ocrx_word' id='word_1_33' title='bbox 947 292 996 318; x_wconf 87' lang='lat' dir='ltr'><strong>ap-</strong></span> 
     </span>
    </p>
   </div>
   <div class='ocr_carea' id='block_1_8' title="bbox 197 325 994 362">
    <p class='ocr_par' dir='ltr' id='par_1_8' title="bbox 197 325 994 362">
     <span class='ocr_line' id='line_1_8' title="bbox 197 325 994 362; baseline 0.006 -12"><span class='ocrx_word' id='word_1_34' title='bbox 197 325 354 359; x_wconf 77' lang='lat' dir='ltr'><strong>pre/wndeut</strong></span> <span class='ocrx_word' id='word_1_35' title='bbox 371 327 390 353; x_wconf 83' lang='grc' dir='ltr'><strong>ι.</strong></span> <span class='ocrx_word' id='word_1_36' title='bbox 409 326 476 353; x_wconf 75' lang='lat' dir='ltr'><strong>Nam</strong></span> <span class='ocrx_word' id='word_1_37' title='bbox 490 334 579 361; x_wconf 89' lang='lat' dir='ltr'><strong>neque</strong></span> <span class='ocrx_word' id='word_1_38' title='bbox 593 326 694 354; x_wconf 89' lang='lat' dir='ltr'><strong>malum</strong></span> <span class='ocrx_word' id='word_1_39' title='bbox 712 328 862 362; x_wconf 77' lang='lat' dir='ltr'><strong>aliquando</strong></span> <span class='ocrx_word' id='word_1_40' title='bbox 877 329 994 360; x_wconf 75' lang='lat' dir='ltr'><strong>exstitit,</strong></span> 
     </span>
    </p>
   </div>
   <div class='ocr_carea' id='block_1_9' title="bbox 199 370 992 406">
    <p class='ocr_par' dir='ltr' id='par_1_9' title="bbox 199 370 992 406">
     <span class='ocr_line' id='line_1_9' title="bbox 199 370 992 406; baseline 0.005 -10"><span class='ocrx_word' id='word_1_41' title='bbox 199 377 287 404; x_wconf 84' lang='lat' dir='ltr'><strong>neque</strong></span> <span class='ocrx_word' id='word_1_42' title='bbox 305 370 382 397; x_wconf 78' lang='lat' dir='ltr'><strong>radix</strong></span> <span class='ocrx_word' id='word_1_43' title='bbox 401 371 455 397; x_wconf 83' lang='lat' dir='ltr'><strong>tilla</strong></span> <span class='ocrx_word' id='word_1_44' title='bbox 473 371 604 406; x_wconf 72' lang='lat' dir='ltr'><strong>nequitia:</strong></span> <span class='ocrx_word' id='word_1_45' title='bbox 617 371 678 403; x_wconf 81' lang='lat' dir='ltr'><strong>fuit,</strong></span> <span class='ocrx_word' id='word_1_46' title='bbox 697 380 785 406; x_wconf 88' lang='lat' dir='ltr'><strong>neque</strong></span> <span class='ocrx_word' id='word_1_47' title='bbox 805 373 918 400; x_wconf 88' lang='lat' dir='ltr'><strong>omnino</strong></span> <span class='ocrx_word' id='word_1_48' title='bbox 933 381 992 400; x_wconf 91' lang='lat' dir='ltr'><strong>ma-</strong></span> 
     </span>
    </p>
   </div>
   <div class='ocr_carea' id='block_1_10' title="bbox 200 415 994 454">
    <p class='ocr_par' dir='ltr' id='par_1_10' title="bbox 200 415 994 454">
     <span class='ocr_line' id='line_1_10' title="bbox 200 415 994 454; baseline 0.005 -13"><span class='ocrx_word' id='word_1_49' title='bbox 200 415 256 442; x_wconf 84' lang='lat' dir='ltr'><strong>lunt</strong></span> <span class='ocrx_word' id='word_1_50' title='bbox 272 416 391 443; x_wconf 84' lang='lat' dir='ltr'><strong>solidum</strong></span> <span class='ocrx_word' id='word_1_51' title='bbox 417 416 547 451; x_wconf 82' lang='lat' dir='ltr'><strong>quiddam</strong></span> <span class='ocrx_word' id='word_1_52' title='bbox 568 423 612 445; x_wconf 87' lang='lat' dir='ltr'><strong>est</strong></span> <span class='ocrx_word' id='word_1_53' title='bbox 636 425 667 445; x_wconf 88' lang='lat' dir='ltr'><strong>ac</strong></span> <span class='ocrx_word' id='word_1_54' title='bbox 691 419 857 446; x_wconf 76' lang='lat' dir='ltr'><strong>consistens.</strong></span> <span class='ocrx_word' id='word_1_55' title='bbox 889 419 994 454; x_wconf 85' lang='lat' dir='ltr'><strong>Quippe</strong></span> 
     </span>
    </p>
   </div>
   <div class='ocr_carea' id='block_1_11' title="bbox 199 461 995 496">
    <p class='ocr_par' dir='ltr' id='par_1_11' title="bbox 199 461 995 496">
     <span class='ocr_line' id='line_1_11' title="bbox 199 461 995 496; baseline 0.005 -10"><span class='ocrx_word' id='word_1_56' title='bbox 199 461 300 486; x_wconf 89' lang='lat' dir='ltr'><strong>malum</strong></span> <span class='ocrx_word' id='word_1_57' title='bbox 319 461 485 496; x_wconf 88' lang='lat' dir='ltr'><strong>quandoque</strong></span> <span class='ocrx_word' id='word_1_58' title='bbox 498 461 604 489; x_wconf 89' lang='lat' dir='ltr'><strong>nullum</strong></span> <span class='ocrx_word' id='word_1_59' title='bbox 628 462 694 495; x_wconf 78' lang='lat' dir='ltr'><strong>fuit;</strong></span> <span class='ocrx_word' id='word_1_60' title='bbox 721 463 768 490; x_wconf 87' lang='lat' dir='ltr'><strong>sed</strong></span> <span class='ocrx_word' id='word_1_61' title='bbox 794 470 826 489; x_wconf 80' lang='lat' dir='ltr'><strong>ex</strong></span> <span class='ocrx_word' id='word_1_62' title='bbox 847 463 995 490; x_wconf 84' lang='lat' dir='ltr'><strong>occasione</strong></span> 
     </span>
    </p>
   </div>
   <div class='ocr_carea' id='block_1_12' title="bbox 198 505 993 543">
    <p class='ocr_par' dir='ltr' id='par_1_12' title="bbox 198 505 993 543">
     <span class='ocr_line' id='line_1_12' title="bbox 198 505 993 543; baseline 0.005 -12"><span class='ocrx_word' id='word_1_63' title='bbox 198 505 384 532; x_wconf 88' lang='lat' dir='ltr'><strong>iutroductmn</strong></span> <span class='ocrx_word' id='word_1_64' title='bbox 411 510 436 534; x_wconf 90' lang='lat' dir='ltr'><strong>et</strong></span> <span class='ocrx_word' id='word_1_65' title='bbox 463 507 580 533; x_wconf 91' lang='lat' dir='ltr'><strong>ascitum</strong></span> <span class='ocrx_word' id='word_1_66' title='bbox 606 507 634 534; x_wconf 93' lang='lat' dir='ltr'><strong>in</strong></span> <span class='ocrx_word' id='word_1_67' title='bbox 654 515 821 543; x_wconf 87' lang='lat' dir='ltr'><strong>unoquoque</strong></span> <span class='ocrx_word' id='word_1_68' title='bbox 845 508 924 538; x_wconf 82' lang='lat' dir='ltr'><strong>inest.</strong></span> <span class='ocrx_word' id='word_1_69' title='bbox 947 509 993 543; x_wconf 91' lang='lat' dir='ltr'><strong>qui</strong></span> 
     </span>
    </p>
   </div>
   <div class='ocr_carea' id='block_1_13' title="bbox 199 550 993 585">
    <p class='ocr_par' dir='ltr' id='par_1_13' title="bbox 199 550 993 585">
     <span class='ocr_line' id='line_1_13' title="bbox 199 550 993 585; baseline 0.004 -7"><span class='ocrx_word' id='word_1_70' title='bbox 199 550 267 578; x_wconf 87' lang='lat' dir='ltr'><strong>illud</strong></span> <span class='ocrx_word' id='word_1_71' title='bbox 287 553 445 579; x_wconf 89' lang='lat' dir='ltr'><strong>committit.</strong></span> <span class='ocrx_word' id='word_1_72' title='bbox 463 552 541 585; x_wconf 85' lang='lat' dir='ltr'><strong>Quod</strong></span> <span class='ocrx_word' id='word_1_73' title='bbox 560 553 582 580; x_wconf 90' lang='lat' dir='ltr'><strong>si</strong></span> <span class='ocrx_word' id='word_1_74' title='bbox 601 554 713 580; x_wconf 86' lang='lat' dir='ltr'><strong>minime</strong></span> <span class='ocrx_word' id='word_1_75' title='bbox 734 554 922 581; x_wconf 83' lang='lat' dir='ltr'><strong>committatur</strong></span> <span class='ocrx_word' id='word_1_76' title='bbox 938 562 993 581; x_wconf 90' lang='lat' dir='ltr'><strong>non</strong></span> 
     </span>
    </p>
   </div>
   <div class='ocr_carea' id='block_1_14' title="bbox 199 597 994 633">
    <p class='ocr_par' dir='ltr' id='par_1_14' title="bbox 199 597 994 633">
     <span class='ocr_line' id='line_1_14' title="bbox 199 597 994 633; baseline 0.004 -10"><span class='ocrx_word' id='word_1_77' title='bbox 199 597 282 628; x_wconf 83' lang='lat' dir='ltr'><strong>inest,</strong></span> <span class='ocrx_word' id='word_1_78' title='bbox 298 597 322 624; x_wconf 86' lang='lat' dir='ltr'><strong>id</strong></span> <span class='ocrx_word' id='word_1_79' title='bbox 339 597 412 632; x_wconf 86' lang='lat' dir='ltr'><strong>quod</strong></span> <span class='ocrx_word' id='word_1_80' title='bbox 429 606 512 633; x_wconf 83' lang='lat' dir='ltr'><strong>supra</strong></span> <span class='ocrx_word' id='word_1_81' title='bbox 534 599 796 626; x_wconf 76' lang='lat' dir='ltr'><strong>demonstravimus.</strong></span> <span class='ocrx_word' id='word_1_82' title='bbox 819 599 926 626; x_wconf 84' lang='lat' dir='ltr'><strong>Etenim</strong></span> <span class='ocrx_word' id='word_1_83' title='bbox 942 599 994 626; x_wconf 90' lang='lat' dir='ltr'><strong>Do-</strong></span> 
     </span>
    </p>
   </div>
   <div class='ocr_carea' id='block_1_15' title="bbox 199 643 994 679">
    <p class='ocr_par' dir='ltr' id='par_1_15' title="bbox 199 643 994 679">
     <span class='ocr_line' id='line_1_15' title="bbox 199 643 994 679; baseline 0.003 -9"><span class='ocrx_word' id='word_1_84' title='bbox 199 643 291 671; x_wconf 91' lang='lat' dir='ltr'><strong>minus</strong></span> <span class='ocrx_word' id='word_1_85' title='bbox 306 651 368 670; x_wconf 92' lang='lat' dir='ltr'><strong>cum</strong></span> <span class='ocrx_word' id='word_1_86' title='bbox 390 644 517 671; x_wconf 86' lang='lat' dir='ltr'><strong>universa</strong></span> <span class='ocrx_word' id='word_1_87' title='bbox 533 650 667 677; x_wconf 73' lang='lat' dir='ltr'><strong>creasset,</strong></span> <span class='ocrx_word' id='word_1_88' title='bbox 683 644 767 678; x_wconf 82' lang='lat' dir='ltr'><strong>Ecce,</strong></span> <span class='ocrx_word' id='word_1_89' title='bbox 790 645 889 679; x_wconf 87' lang='lat' dir='ltr'><strong>inquit,</strong></span> <span class='ocrx_word' id='word_1_90' title='bbox 915 645 994 672; x_wconf 84' lang='lat' dir='ltr'><strong>valde</strong></span> 
     </span>
    </p>
   </div>
   <div class='ocr_carea' id='block_1_16' title="bbox 198 688 990 725">
    <p class='ocr_par' dir='ltr' id='par_1_16' title="bbox 198 688 990 725">
     <span class='ocr_line' id='line_1_16' title="bbox 198 688 990 725; baseline 0.004 -10"><span class='ocrx_word' id='word_1_91' title='bbox 198 688 270 716; x_wconf 83' lang='lat' dir='ltr'><strong>bona</strong></span> <span class='ocrx_word' id='word_1_92' title='bbox 295 694 359 716; x_wconf 91' lang='lat' dir='ltr'><strong>sunt</strong></span> <span class='ocrx_word' id='word_1_93' title='bbox 381 690 473 717; x_wconf 85' lang='lat' dir='ltr'><strong>omnia</strong></span> <span class='ocrx_word' id='word_1_94' title='bbox 487 691 512 722; x_wconf 72' lang='grc' dir='ltr'>’ς</span> <span class='ocrx_word' id='word_1_95' title='bbox 541 698 595 725; x_wconf 90' lang='lat' dir='ltr'><strong>quo</strong></span> <span class='ocrx_word' id='word_1_96' title='bbox 615 691 686 717; x_wconf 79' lang='lat' dir='ltr'><strong>istud</strong></span> <span class='ocrx_word' id='word_1_97' title='bbox 708 691 797 725; x_wconf 88' lang='lat' dir='ltr'><strong>ipsmn</strong></span> <span class='ocrx_word' id='word_1_98' title='bbox 814 690 990 718; x_wconf 85' lang='lat' dir='ltr'><strong>ostenderet:</strong></span> 
     </span>
    </p>
   </div>
   <div class='ocr_carea' id='block_1_17' title="bbox 199 735 993 772">
    <p class='ocr_par' dir='ltr' id='par_1_17' title="bbox 199 735 993 772">
     <span class='ocr_line' id='line_1_17' title="bbox 199 735 993 772; baseline 0.004 -11"><span class='ocrx_word' id='word_1_99' title='bbox 199 742 255 761; x_wconf 89' lang='lat' dir='ltr'><strong>non</strong></span> <span class='ocrx_word' id='word_1_100' title='bbox 285 743 348 762; x_wconf 85' lang='lat' dir='ltr'><strong>csse</strong></span> <span class='ocrx_word' id='word_1_101' title='bbox 374 740 453 763; x_wconf 79' lang='lat' dir='ltr'><strong>vetus</strong></span> <span class='ocrx_word' id='word_1_102' title='bbox 481 735 628 763; x_wconf 83' lang='lat' dir='ltr'><strong>admodum</strong></span> <span class='ocrx_word' id='word_1_103' title='bbox 655 737 770 768; x_wconf 82' lang='lat' dir='ltr'><strong>malum,</strong></span> <span class='ocrx_word' id='word_1_104' title='bbox 801 744 889 772; x_wconf 89' lang='lat' dir='ltr'><strong>neque</strong></span> <span class='ocrx_word' id='word_1_105' title='bbox 914 737 993 764; x_wconf 90' lang='lat' dir='ltr'><strong>initio</strong></span> 
     </span>
    </p>
   </div>
   <div class='ocr_carea' id='block_1_18' title="bbox 199 781 993 816">
    <p class='ocr_par' dir='ltr' id='par_1_18' title="bbox 199 781 993 816">
     <span class='ocr_line' id='line_1_18' title="bbox 199 781 993 816; baseline 0.005 -10"><span class='ocrx_word' id='word_1_106' title='bbox 199 781 363 816; x_wconf 82' lang='lat' dir='ltr'><strong>priusquam</strong></span> <span class='ocrx_word' id='word_1_107' title='bbox 381 782 414 808; x_wconf 83' lang='lat' dir='ltr'><strong>ab</strong></span> <span class='ocrx_word' id='word_1_108' title='bbox 426 782 536 809; x_wconf 87' lang='lat' dir='ltr'><strong>homine</strong></span> <span class='ocrx_word' id='word_1_109' title='bbox 551 782 694 816; x_wconf 79' lang='lat' dir='ltr'><strong>int-iperct,</strong></span> <span class='ocrx_word' id='word_1_110' title='bbox 713 783 864 810; x_wconf 81' lang='lat' dir='ltr'><strong>exstitisse.</strong></span> <span class='ocrx_word' id='word_1_111' title='bbox 878 782 929 810; x_wconf 89' lang='lat' dir='ltr'><strong>Per</strong></span> <span class='ocrx_word' id='word_1_112' title='bbox 942 790 993 811; x_wconf 91' lang='lat' dir='ltr'><strong>nos</strong></span> 
     </span>
    </p>
   </div>
   <div class='ocr_carea' id='block_1_19' title="bbox 200 826 991 864">
    <p class='ocr_par' dir='ltr' id='par_1_19' title="bbox 200 826 991 864">
     <span class='ocr_line' id='line_1_19' title="bbox 200 826 991 864; baseline 0.004 -12"><span class='ocrx_word' id='word_1_113' title='bbox 200 826 273 853; x_wconf 67' lang='lat' dir='ltr'><strong>enim</strong></span> <span class='ocrx_word' id='word_1_114' title='bbox 293 827 322 853; x_wconf 71' lang='lat' dir='ltr'><strong>ﬁt</strong></span> <span class='ocrx_word' id='word_1_115' title='bbox 339 831 386 853; x_wconf 88' lang='lat' dir='ltr'><strong>aut</strong></span> <span class='ocrx_word' id='word_1_116' title='bbox 399 835 453 854; x_wconf 94' lang='lat' dir='ltr'><strong>non</strong></span> <span class='ocrx_word' id='word_1_117' title='bbox 467 827 504 854; x_wconf 80' lang='lat' dir='ltr'><strong>Ill.</strong></span> <span class='ocrx_word' id='word_1_118' title='bbox 519 827 556 854; x_wconf 79' lang='lat' dir='ltr'><strong>Ex</strong></span> <span class='ocrx_word' id='word_1_119' title='bbox 571 836 604 855; x_wconf 93' lang='lat' dir='ltr'><strong>eo</strong></span> <span class='ocrx_word' id='word_1_120' title='bbox 620 836 687 863; x_wconf 79' lang='lat' dir='ltr'><strong>ergo</strong></span> <span class='ocrx_word' id='word_1_121' title='bbox 706 828 824 861; x_wconf 75' lang='lat' dir='ltr'><strong>scilicet,</strong></span> <span class='ocrx_word' id='word_1_122' title='bbox 843 829 916 863; x_wconf 88' lang='lat' dir='ltr'><strong>quod</strong></span> <span class='ocrx_word' id='word_1_123' title='bbox 929 829 991 864; x_wconf 91' lang='lat' dir='ltr'><strong>qui-</strong></span> 
     </span>
    </p>
   </div>
   <div class='ocr_carea' id='block_1_20' title="bbox 199 872 986 909">
    <p class='ocr_par' dir='ltr' id='par_1_20' title="bbox 199 872 986 909">
     <span class='ocr_line' id='line_1_20' title="bbox 199 872 986 909; baseline 0.005 -11"><span class='ocrx_word' id='word_1_124' title='bbox 199 872 241 899; x_wconf 82' lang='lat' dir='ltr'><strong>vis</strong></span> <span class='ocrx_word' id='word_1_125' title='bbox 257 872 396 899; x_wconf 86' lang='lat' dir='ltr'><strong>hominum</strong></span> <span class='ocrx_word' id='word_1_126' title='bbox 414 873 514 900; x_wconf 88' lang='lat' dir='ltr'><strong>malum</strong></span> <span class='ocrx_word' id='word_1_127' title='bbox 530 873 620 901; x_wconf 82' lang='lat' dir='ltr'><strong>facere</strong></span> <span class='ocrx_word' id='word_1_128' title='bbox 634 874 732 909; x_wconf 79' lang='lat' dir='ltr'><strong>possit,</strong></span> <span class='ocrx_word' id='word_1_129' title='bbox 753 878 800 901; x_wconf 89' lang='lat' dir='ltr'><strong>aut</strong></span> <span class='ocrx_word' id='word_1_130' title='bbox 811 874 924 902; x_wconf 90' lang='lat' dir='ltr'><strong>minime</strong></span> <span class='ocrx_word' id='word_1_131' title='bbox 944 874 986 901; x_wconf 82' lang='lat' dir='ltr'><strong>fa—</strong></span> 
     </span>
    </p>
   </div>
   <div class='ocr_carea' id='block_1_21' title="bbox 1048 231 1842 272">
    <p class='ocr_par' dir='ltr' id='par_1_21' title="bbox 1048 231 1842 272">
     <span class='ocr_line' id='line_1_21' title="bbox 1048 231 1842 272; baseline -0.005 -9"><span class='ocrx_word' id='word_1_132' title='bbox 1048 237 1143 272; x_wconf 81' lang='grc' dir='ltr'>Γραφὴ</span> <span class='ocrx_word' id='word_1_133' title='bbox 1159 235 1250 263; x_wconf 80' lang='grc' dir='ltr'>εἶπεν·</span> <span class='ocrx_word' id='word_1_134' title='bbox 1276 236 1317 262; x_wconf 83' lang='grc' dir='ltr'>ὅτι</span> <span class='ocrx_word' id='word_1_135' title='bbox 1341 235 1514 269; x_wconf 77' lang='grc' dir='ltr'><strong>Ζητοῦντας</strong></span> <span class='ocrx_word' id='word_1_136' title='bbox 1536 233 1613 260; x_wconf 78' lang='grc' dir='ltr'>κακὰ</span> <span class='ocrx_word' id='word_1_137' title='bbox 1635 231 1842 265; x_wconf 65' lang='grc' dir='ltr'><strong>καταλήψεται</strong></span> 
     </span>
    </p>
   </div>
   <div class='ocr_carea' id='block_1_22' title="bbox 1046 277 1842 317">
    <p class='ocr_par' dir='ltr' id='par_1_22' title="bbox 1046 277 1842 317">
     <span class='ocr_line' id='line_1_22' title="bbox 1046 277 1842 317; baseline -0.008 -7"><span class='ocrx_word' id='word_1_138' title='bbox 1046 283 1134 310; x_wconf 82' lang='grc' dir='ltr'>κακά.</span> <span class='ocrx_word' id='word_1_139' title='bbox 1154 282 1222 310; x_wconf 74' lang='grc' dir='ltr'>Οῧτε</span> <span class='ocrx_word' id='word_1_140' title='bbox 1237 281 1291 317; x_wconf 80' lang='grc' dir='ltr'>γάρ</span> <span class='ocrx_word' id='word_1_141' title='bbox 1314 290 1378 308; x_wconf 86' lang='grc' dir='ltr'>ποτε</span> <span class='ocrx_word' id='word_1_142' title='bbox 1403 281 1485 308; x_wconf 73' lang='grc' dir='ltr'>κακὸν</span> <span class='ocrx_word' id='word_1_143' title='bbox 1512 277 1556 316; x_wconf 69' lang='grc' dir='ltr'>ἧν,</span> <span class='ocrx_word' id='word_1_144' title='bbox 1577 279 1639 306; x_wconf 69' lang='grc' dir='ltr'>οὔτε</span> <span class='ocrx_word' id='word_1_145' title='bbox 1660 277 1721 314; x_wconf 76' lang='grc' dir='ltr'><strong>ῥίζα</strong></span> <span class='ocrx_word' id='word_1_146' title='bbox 1744 277 1842 312; x_wconf 77' lang='grc' dir='ltr'>γέγονε</span> 
     </span>
    </p>
   </div>
   <div class='ocr_carea' id='block_1_23' title="bbox 1046 321 1841 360">
    <p class='ocr_par' dir='ltr' id='par_1_23' title="bbox 1046 321 1841 360">
     <span class='ocr_line' id='line_1_23' title="bbox 1046 321 1841 360; baseline -0.006 -5"><span class='ocrx_word' id='word_1_147' title='bbox 1046 329 1154 360; x_wconf 73' lang='grc' dir='ltr'>κακίας,</span> <span class='ocrx_word' id='word_1_148' title='bbox 1176 327 1238 354; x_wconf 67' lang='grc' dir='ltr'>οὔτε</span> <span class='ocrx_word' id='word_1_149' title='bbox 1255 327 1436 353; x_wconf 72' lang='grc' dir='ltr'>ὲνυπόστατον</span> <span class='ocrx_word' id='word_1_150' title='bbox 1458 325 1488 352; x_wconf 82' lang='grc' dir='ltr'><strong>τὸ</strong></span> <span class='ocrx_word' id='word_1_151' title='bbox 1516 325 1601 352; x_wconf 76' lang='grc' dir='ltr'>κακόν</span> <span class='ocrx_word' id='word_1_152' title='bbox 1625 325 1709 351; x_wconf 78' lang='grc' dir='ltr'>ἐστιν.</span> <span class='ocrx_word' id='word_1_153' title='bbox 1730 324 1787 351; x_wconf 80' lang='grc' dir='ltr'><strong>οὐκ</strong></span> <span class='ocrx_word' id='word_1_154' title='bbox 1805 321 1841 359; x_wconf 84' lang='grc' dir='ltr'><strong>ἦν</strong></span> 
     </span>
    </p>
   </div>
   <div class='ocr_carea' id='block_1_24' title="bbox 1045 371 1842 410">
    <p class='ocr_par' dir='ltr' id='par_1_24' title="bbox 1045 371 1842 410">
     <span class='ocr_line' id='line_1_24' title="bbox 1045 371 1842 410; baseline -0.008 -8"><span class='ocrx_word' id='word_1_155' title='bbox 1045 376 1099 410; x_wconf 86' lang='grc' dir='ltr'>γάρ</span> <span class='ocrx_word' id='word_1_156' title='bbox 1112 383 1177 401; x_wconf 85' lang='grc' dir='ltr'>ποτε</span> <span class='ocrx_word' id='word_1_157' title='bbox 1192 374 1224 401; x_wconf 82' lang='grc' dir='ltr'>τὺ</span> <span class='ocrx_word' id='word_1_158' title='bbox 1240 374 1335 401; x_wconf 83' lang='grc' dir='ltr'>κακόν.</span> <span class='ocrx_word' id='word_1_159' title='bbox 1359 373 1537 400; x_wconf 84' lang='grc' dir='ltr'>Ἐπείσακτον</span> <span class='ocrx_word' id='word_1_160' title='bbox 1558 372 1587 399; x_wconf 80' lang='grc' dir='ltr'>δὲ</span> <span class='ocrx_word' id='word_1_161' title='bbox 1611 371 1656 398; x_wconf 82' lang='grc' dir='ltr'>διὰ</span> <span class='ocrx_word' id='word_1_162' title='bbox 1677 371 1842 407; x_wconf 77' lang='grc' dir='ltr'><strong>προφάσεως</strong></span> 
     </span>
    </p>
   </div>
   <div class='ocr_carea' id='block_1_25' title="bbox 1047 416 1840 456">
    <p class='ocr_par' dir='ltr' id='par_1_25' title="bbox 1047 416 1840 456">
     <span class='ocr_line' id='line_1_25' title="bbox 1047 416 1840 456; baseline -0.005 -9"><span class='ocrx_word' id='word_1_163' title='bbox 1047 421 1156 456; x_wconf 78' lang='grc' dir='ltr'><strong>ἑκάστῳ</strong></span> <span class='ocrx_word' id='word_1_164' title='bbox 1179 421 1234 447; x_wconf 84' lang='grc' dir='ltr'><strong>τῶν</strong></span> <span class='ocrx_word' id='word_1_165' title='bbox 1253 419 1400 446; x_wconf 75' lang='grc' dir='ltr'>ποιούντων</span> <span class='ocrx_word' id='word_1_166' title='bbox 1425 419 1456 445; x_wconf 79' lang='grc' dir='ltr'>τὸ</span> <span class='ocrx_word' id='word_1_167' title='bbox 1469 418 1553 445; x_wconf 73' lang='grc' dir='ltr'>κακὸν</span> <span class='ocrx_word' id='word_1_168' title='bbox 1582 418 1696 445; x_wconf 74' lang='grc' dir='ltr'>ἔνεστιν.</span> <span class='ocrx_word' id='word_1_169' title='bbox 1732 417 1776 444; x_wconf 88' lang='grc' dir='ltr'><strong>Ἐν</strong></span> <span class='ocrx_word' id='word_1_170' title='bbox 1799 416 1840 452; x_wconf 82' lang='grc' dir='ltr'>τῷ</span> 
     </span>
    </p>
   </div>
   <div class='ocr_carea' id='block_1_26' title="bbox 1049 463 1841 502">
    <p class='ocr_par' dir='ltr' id='par_1_26' title="bbox 1049 463 1841 502">
     <span class='ocr_line' id='line_1_26' title="bbox 1049 463 1841 502; baseline -0.005 -9"><span class='ocrx_word' id='word_1_171' title='bbox 1049 467 1087 502; x_wconf 83' lang='grc' dir='ltr'><strong>μὴ</strong></span> <span class='ocrx_word' id='word_1_172' title='bbox 1110 467 1197 492; x_wconf 78' lang='grc' dir='ltr'><strong>ποιεῖν</strong></span> <span class='ocrx_word' id='word_1_173' title='bbox 1212 467 1261 493; x_wconf 78' lang='grc' dir='ltr'>οὐκ</span> <span class='ocrx_word' id='word_1_174' title='bbox 1282 465 1379 496; x_wconf 77' lang='grc' dir='ltr'>ἔνεστι,</span> <span class='ocrx_word' id='word_1_175' title='bbox 1394 464 1522 499; x_wconf 81' lang='grc' dir='ltr'>καθάπερ</span> <span class='ocrx_word' id='word_1_176' title='bbox 1543 465 1572 490; x_wconf 78' lang='grc' dir='ltr'>ὲν</span> <span class='ocrx_word' id='word_1_177' title='bbox 1593 465 1650 495; x_wconf 80' lang='grc' dir='ltr'>τοῖς</span> <span class='ocrx_word' id='word_1_178' title='bbox 1677 463 1733 490; x_wconf 76' lang='grc' dir='ltr'><strong>ἄνω</strong></span> <span class='ocrx_word' id='word_1_179' title='bbox 1749 463 1841 494; x_wconf 79' lang='grc' dir='ltr'>λόγοις</span> 
     </span>
    </p>
   </div>
   <div class='ocr_carea' id='block_1_27' title="bbox 1049 508 1841 548">
    <p class='ocr_par' dir='ltr' id='par_1_27' title="bbox 1049 508 1841 548">
     <span class='ocr_line' id='line_1_27' title="bbox 1049 508 1841 548; baseline -0.005 -10"><span class='ocrx_word' id='word_1_180' title='bbox 1049 512 1260 548; x_wconf 76' lang='grc' dir='ltr'><strong>προδεδήλωται.</strong></span> <span class='ocrx_word' id='word_1_181' title='bbox 1276 511 1357 545; x_wconf 77' lang='grc' dir='ltr'>Λέγει</span> <span class='ocrx_word' id='word_1_182' title='bbox 1381 510 1434 546; x_wconf 81' lang='grc' dir='ltr'>γὰρ</span> <span class='ocrx_word' id='word_1_183' title='bbox 1451 511 1465 536; x_wconf 84' lang='grc' dir='ltr'><strong><em>ὁ</em></strong></span> <span class='ocrx_word' id='word_1_184' title='bbox 1488 510 1591 545; x_wconf 80' lang='grc' dir='ltr'>Κύριος</span> <span class='ocrx_word' id='word_1_185' title='bbox 1616 508 1685 544; x_wconf 82' lang='grc' dir='ltr'>μετὰ</span> <span class='ocrx_word' id='word_1_186' title='bbox 1701 508 1732 535; x_wconf 79' lang='grc' dir='ltr'>τὸ</span> <span class='ocrx_word' id='word_1_187' title='bbox 1750 509 1841 535; x_wconf 83' lang='grc' dir='ltr'>πάντα</span> 
     </span>
    </p>
   </div>
   <div class='ocr_carea' id='block_1_28' title="bbox 1046 554 1840 594">
    <p class='ocr_par' dir='ltr' id='par_1_28' title="bbox 1046 554 1840 594">
     <span class='ocr_line' id='line_1_28' title="bbox 1046 554 1840 594; baseline -0.006 -9"><span class='ocrx_word' id='word_1_188' title='bbox 1046 558 1235 594; x_wconf 77' lang='grc' dir='ltr'><strong>πεποιηκέναι,</strong></span> <span class='ocrx_word' id='word_1_189' title='bbox 1271 557 1336 584; x_wconf 82' lang='grc' dir='ltr'>Ἰδοὺ</span> <span class='ocrx_word' id='word_1_190' title='bbox 1380 556 1469 583; x_wconf 68' lang='grc' dir='ltr'>πάντα</span> <span class='ocrx_word' id='word_1_191' title='bbox 1509 555 1578 582; x_wconf 80' lang='grc' dir='ltr'>καλὰ</span> <span class='ocrx_word' id='word_1_192' title='bbox 1616 555 1694 581; x_wconf 71' lang='grc' dir='ltr'>λίαν*</span> <span class='ocrx_word' id='word_1_193' title='bbox 1722 554 1840 585; x_wconf 73' lang='grc' dir='ltr'>δεικνὺς,</span> 
     </span>
    </p>
   </div>
   <div class='ocr_carea' id='block_1_29' title="bbox 1045 600 1841 638">
    <p class='ocr_par' dir='ltr' id='par_1_29' title="bbox 1045 600 1841 638">
     <span class='ocr_line' id='line_1_29' title="bbox 1045 600 1841 638; baseline -0.008 -7"><span class='ocrx_word' id='word_1_194' title='bbox 1045 606 1085 632; x_wconf 80' lang='grc' dir='ltr'>ὅτι</span> <span class='ocrx_word' id='word_1_195' title='bbox 1100 605 1130 631; x_wconf 78' lang='grc' dir='ltr'><strong>τὸ</strong></span> <span class='ocrx_word' id='word_1_196' title='bbox 1145 604 1229 631; x_wconf 72' lang='grc' dir='ltr'>κακὸν</span> <span class='ocrx_word' id='word_1_197' title='bbox 1244 604 1294 630; x_wconf 79' lang='grc' dir='ltr'>οὐκ</span> <span class='ocrx_word' id='word_1_198' title='bbox 1317 603 1454 638; x_wconf 73' lang='grc' dir='ltr'>ἀρχαῒζει,</span> <span class='ocrx_word' id='word_1_199' title='bbox 1471 602 1531 629; x_wconf 79' lang='grc' dir='ltr'>οὐδὲ</span> <span class='ocrx_word' id='word_1_200' title='bbox 1547 602 1576 635; x_wconf 77' lang='grc' dir='ltr'>ἐξ</span> <span class='ocrx_word' id='word_1_201' title='bbox 1593 601 1719 636; x_wconf 80' lang='grc' dir='ltr'><strong>ὑπαρχῆς</strong></span> <span class='ocrx_word' id='word_1_202' title='bbox 1733 600 1841 634; x_wconf 77' lang='grc' dir='ltr'>ὑπῆρχε</span> 
     </span>
    </p>
   </div>
   <div class='ocr_carea' id='block_1_30' title="bbox 1045 644 1843 686">
    <p class='ocr_par' dir='ltr' id='par_1_30' title="bbox 1045 644 1843 686">
     <span class='ocr_line' id='line_1_30' title="bbox 1045 644 1843 686; baseline -0.009 -8"><span class='ocrx_word' id='word_1_203' title='bbox 1045 651 1099 686; x_wconf 85' lang='grc' dir='ltr'><strong>πρὸ</strong></span> <span class='ocrx_word' id='word_1_204' title='bbox 1114 650 1161 677; x_wconf 85' lang='grc' dir='ltr'>τοῦ</span> <span class='ocrx_word' id='word_1_205' title='bbox 1186 650 1239 677; x_wconf 83' lang='grc' dir='ltr'><strong>ἀπὸ</strong></span> <span class='ocrx_word' id='word_1_206' title='bbox 1266 649 1313 676; x_wconf 81' lang='grc' dir='ltr'><strong>τοῦ</strong></span> <span class='ocrx_word' id='word_1_207' title='bbox 1336 649 1481 684; x_wconf 78' lang='grc' dir='ltr'>ἀνθρώπου</span> <span class='ocrx_word' id='word_1_208' title='bbox 1505 647 1680 683; x_wconf 81' lang='grc' dir='ltr'>ἐνάρξασθαι.</span> <span class='ocrx_word' id='word_1_209' title='bbox 1699 645 1738 672; x_wconf 82' lang='grc' dir='ltr'><strong>Δι’</strong></span> <span class='ocrx_word' id='word_1_210' title='bbox 1762 644 1843 680; x_wconf 80' lang='grc' dir='ltr'><strong>ἡμῶν</strong></span> 
     </span>
    </p>
   </div>
   <div class='ocr_carea' id='block_1_31' title="bbox 1044 688 1844 732">
    <p class='ocr_par' dir='ltr' id='par_1_31' title="bbox 1044 688 1844 732">
     <span class='ocr_line' id='line_1_31' title="bbox 1044 688 1844 732; baseline -0.008 -9"><span class='ocrx_word' id='word_1_211' title='bbox 1044 697 1098 732; x_wconf 69' lang='grc' dir='ltr'><strong>γᾶρ</strong></span> <span class='ocrx_word' id='word_1_212' title='bbox 1117 696 1232 730; x_wconf 81' lang='grc' dir='ltr'>γίνεται,</span> <span class='ocrx_word' id='word_1_213' title='bbox 1249 695 1296 722; x_wconf 76' lang='grc' dir='ltr'>καὶ</span> <span class='ocrx_word' id='word_1_214' title='bbox 1311 694 1345 721; x_wconf 75' lang='grc' dir='ltr'>δι’</span> <span class='ocrx_word' id='word_1_215' title='bbox 1367 694 1447 730; x_wconf 80' lang='grc' dir='ltr'><strong>ἡμῶν</strong></span> <span class='ocrx_word' id='word_1_216' title='bbox 1470 693 1499 720; x_wconf 83' lang='grc' dir='ltr'>οὐ</span> <span class='ocrx_word' id='word_1_217' title='bbox 1524 693 1638 727; x_wconf 85' lang='grc' dir='ltr'>γίνεται.</span> <span class='ocrx_word' id='word_1_218' title='bbox 1660 692 1722 727; x_wconf 80' lang='lat' dir='ltr'><strong>&#39;Ap‘</strong></span> <span class='ocrx_word' id='word_1_219' title='bbox 1739 688 1786 718; x_wconf 80' lang='grc' dir='ltr'><strong>οὖν</strong></span> <span class='ocrx_word' id='word_1_220' title='bbox 1812 690 1844 717; x_wconf 78' lang='grc' dir='ltr'><strong>ἐν</strong></span> 
     </span>
    </p>
   </div>
   <div class='ocr_carea' id='block_1_32' title="bbox 1046 735 1844 777">
    <p class='ocr_par' dir='ltr' id='par_1_32' title="bbox 1046 735 1844 777">
     <span class='ocr_line' id='line_1_32' title="bbox 1046 735 1844 777; baseline -0.006 -10"><span class='ocrx_word' id='word_1_221' title='bbox 1046 741 1086 777; x_wconf 83' lang='grc' dir='ltr'>τῷ</span> <span class='ocrx_word' id='word_1_222' title='bbox 1097 743 1185 769; x_wconf 78' lang='grc' dir='ltr'>πάντα</span> <span class='ocrx_word' id='word_1_223' title='bbox 1202 741 1343 775; x_wconf 78' lang='grc' dir='ltr'>ἄνθρωπον</span> <span class='ocrx_word' id='word_1_224' title='bbox 1353 739 1482 766; x_wconf 73' lang='grc' dir='ltr'>δύνασθαι</span> <span class='ocrx_word' id='word_1_225' title='bbox 1494 739 1532 774; x_wconf 83' lang='grc' dir='ltr'><strong>μὴ</strong></span> <span class='ocrx_word' id='word_1_226' title='bbox 1541 739 1628 765; x_wconf 82' lang='grc' dir='ltr'>ποιεῖν</span> <span class='ocrx_word' id='word_1_227' title='bbox 1642 737 1672 764; x_wconf 83' lang='grc' dir='ltr'>τὸ</span> <span class='ocrx_word' id='word_1_228' title='bbox 1687 736 1782 767; x_wconf 77' lang='grc' dir='ltr'>κακὸν,</span> <span class='ocrx_word' id='word_1_229' title='bbox 1791 735 1844 762; x_wconf 73' lang='grc' dir='ltr'><strong>καὶ</strong></span> 
     </span>
    </p>
   </div>
   <div class='ocr_carea' id='block_1_33' title="bbox 1044 781 1845 820">
    <p class='ocr_par' dir='ltr' id='par_1_33' title="bbox 1044 781 1845 820">
     <span class='ocr_line' id='line_1_33' title="bbox 1044 781 1845 820; baseline -0.007 -6"><span class='ocrx_word' id='word_1_230' title='bbox 1044 787 1173 814; x_wconf 75' lang='grc' dir='ltr'>δύνασθαι</span> <span class='ocrx_word' id='word_1_231' title='bbox 1190 786 1318 813; x_wconf 80' lang='grc' dir='ltr'>ποιεῖντὸ</span> <span class='ocrx_word' id='word_1_232' title='bbox 1335 786 1431 817; x_wconf 81' lang='grc' dir='ltr'>κακὸν,</span> <span class='ocrx_word' id='word_1_233' title='bbox 1444 785 1512 812; x_wconf 82' lang='grc' dir='ltr'>ὅταν</span> <span class='ocrx_word' id='word_1_234' title='bbox 1531 785 1580 820; x_wconf 80' lang='grc' dir='ltr'><strong>μέν</strong></span> <span class='ocrx_word' id='word_1_235' title='bbox 1598 793 1639 810; x_wconf 87' lang='grc' dir='ltr'><strong>τοι</strong></span> <span class='ocrx_word' id='word_1_236' title='bbox 1652 785 1726 818; x_wconf 83' lang='grc' dir='ltr'>ποιῇ.</span> <span class='ocrx_word' id='word_1_237' title='bbox 1743 782 1801 809; x_wconf 79' lang='grc' dir='ltr'>ἐστι</span> <span class='ocrx_word' id='word_1_238' title='bbox 1812 781 1845 808; x_wconf 71' lang='grc' dir='ltr'>τὸ</span> 
     </span>
    </p>
   </div>
   <div class='ocr_carea' id='block_1_34' title="bbox 1045 827 1844 866">
    <p class='ocr_par' dir='ltr' id='par_1_34' title="bbox 1045 827 1844 866">
     <span class='ocr_line' id='line_1_34' title="bbox 1045 827 1844 866; baseline -0.008 -8"><span class='ocrx_word' id='word_1_239' title='bbox 1045 832 1139 864; x_wconf 73' lang='grc' dir='ltr'>κακὸν,</span> <span class='ocrx_word' id='word_1_240' title='bbox 1149 832 1212 858; x_wconf 84' lang='grc' dir='ltr'>ὅταν</span> <span class='ocrx_word' id='word_1_241' title='bbox 1222 831 1251 858; x_wconf 82' lang='grc' dir='ltr'>δὲ</span> <span class='ocrx_word' id='word_1_242' title='bbox 1269 831 1307 866; x_wconf 85' lang='grc' dir='ltr'><strong>μὴ</strong></span> <span class='ocrx_word' id='word_1_243' title='bbox 1319 832 1395 866; x_wconf 80' lang='grc' dir='ltr'>ποιῇ,</span> <span class='ocrx_word' id='word_1_244' title='bbox 1405 830 1453 856; x_wconf 86' lang='grc' dir='ltr'>οὐκ</span> <span class='ocrx_word' id='word_1_245' title='bbox 1468 829 1566 856; x_wconf 76' lang='grc' dir='ltr'>ἔστιτὸ</span> <span class='ocrx_word' id='word_1_246' title='bbox 1579 829 1674 855; x_wconf 78' lang='grc' dir='ltr'>κακόν.</span> <span class='ocrx_word' id='word_1_247' title='bbox 1682 827 1737 855; x_wconf 80' lang='grc' dir='ltr'><strong>Ποῦ</strong></span> <span class='ocrx_word' id='word_1_248' title='bbox 1752 827 1844 853; x_wconf 79' lang='grc' dir='ltr'><strong>τοίνυν</strong></span> 
     </span>
    </p>
   </div>
   <div class='ocr_carea' id='block_1_35' title="bbox 1039 873 1736 911">
    <p class='ocr_par' dir='ltr' id='par_1_35' title="bbox 1039 873 1736 911">
     <span class='ocr_line' id='line_1_35' title="bbox 1039 873 1736 911; baseline -0.006 -8"><span class='ocrx_word' id='word_1_249' title='bbox 1039 877 1087 903; x_wconf 76' lang='grc' dir='ltr'><strong>τοῦ</strong></span> <span class='ocrx_word' id='word_1_250' title='bbox 1099 876 1183 903; x_wconf 83' lang='grc' dir='ltr'>κακοῦ</span> <span class='ocrx_word' id='word_1_251' title='bbox 1199 878 1216 911; x_wconf 84' lang='grc' dir='ltr'>ὴ</span> <span class='ocrx_word' id='word_1_252' title='bbox 1231 875 1305 911; x_wconf 73' lang='grc' dir='ltr'>ῥίζα.</span> <span class='ocrx_word' id='word_1_253' title='bbox 1319 876 1337 910; x_wconf 80' lang='grc' dir='ltr'>ἡ</span> <span class='ocrx_word' id='word_1_254' title='bbox 1355 874 1505 904; x_wconf 79' lang='grc' dir='ltr'><strong>ὑπόστασις</strong></span> <span class='ocrx_word' id='word_1_255' title='bbox 1517 874 1567 909; x_wconf 78' lang='grc' dir='ltr'>τῆς</span> <span class='ocrx_word' id='word_1_256' title='bbox 1582 873 1714 908; x_wconf 79' lang='grc' dir='ltr'><strong>πονηρίας</strong></span> <span class='ocrx_word' id='word_1_257' title='bbox 1729 881 1736 905; x_wconf 92' lang='grc'>;</span> 
     </span>
    </p>
   </div>
   <div class='ocr_carea' id='block_1_36' title="bbox 200 919 1846 959">
    <p class='ocr_par' dir='ltr' id='par_1_36' title="bbox 200 919 1846 959">
     <span class='ocr_line' id='line_1_36' title="bbox 200 919 1846 959; baseline 0 -13"><span class='ocrx_word' id='word_1_258' title='bbox 200 927 283 947; x_wconf 84' lang='lat' dir='ltr'><strong>cere:</strong></span> <span class='ocrx_word' id='word_1_259' title='bbox 300 920 323 947; x_wconf 84' lang='lat' dir='ltr'><strong>si</strong></span> <span class='ocrx_word' id='word_1_260' title='bbox 339 920 432 953; x_wconf 75' lang='lat' dir='ltr'><strong>faciat,</strong></span> <span class='ocrx_word' id='word_1_261' title='bbox 457 921 559 948; x_wconf 90' lang='lat' dir='ltr'><strong>malum</strong></span> <span class='ocrx_word' id='word_1_262' title='bbox 578 922 711 955; x_wconf 80' lang='lat' dir='ltr'><strong>exsistet,</strong></span> <span class='ocrx_word' id='word_1_263' title='bbox 727 922 781 950; x_wconf 82' lang='lat' dir='ltr'><strong>nisi</strong></span> <span class='ocrx_word' id='word_1_264' title='bbox 796 922 890 955; x_wconf 86' lang='lat' dir='ltr'><strong>laciat,</strong></span> <span class='ocrx_word' id='word_1_265' title='bbox 915 923 1020 950; x_wconf 87' lang='lat' dir='ltr'><strong>nullum</strong></span> <span class='ocrx_word' id='word_1_266' title='bbox 1037 929 1088 951; x_wconf 83' lang='lat' dir='ltr'><strong>erit</strong></span> <span class='ocrx_word' id='word_1_267' title='bbox 1112 925 1234 952; x_wconf 90' lang='lat' dir='ltr'><strong>omnino.</strong></span> <span class='ocrx_word' id='word_1_268' title='bbox 1268 923 1320 951; x_wconf 86' lang='lat' dir='ltr'><strong>Ubi</strong></span> <span class='ocrx_word' id='word_1_269' title='bbox 1341 923 1421 959; x_wconf 77' lang='lat' dir='ltr'><strong>igitur</strong></span> <span class='ocrx_word' id='word_1_270' title='bbox 1450 923 1526 950; x_wconf 82' lang='lat' dir='ltr'><strong>radix</strong></span> <span class='ocrx_word' id='word_1_271' title='bbox 1554 922 1600 949; x_wconf 90' lang='lat' dir='ltr'><strong>illa</strong></span> <span class='ocrx_word' id='word_1_272' title='bbox 1627 922 1702 954; x_wconf 88' lang='lat' dir='ltr'><strong>mali,</strong></span> <span class='ocrx_word' id='word_1_273' title='bbox 1723 919 1846 956; x_wconf 83' lang='lat' dir='ltr'><strong>pravita-</strong></span> 
     </span>
    </p>
   </div>
   <div class='ocr_carea' id='block_1_37' title="bbox 199 967 589 1002">
    <p class='ocr_par' dir='ltr' id='par_1_37' title="bbox 199 967 589 1002">
     <span class='ocr_line' id='line_1_37' title="bbox 199 967 589 1002; baseline 0.005 -8"><span class='ocrx_word' id='word_1_274' title='bbox 199 967 291 1002; x_wconf 82' lang='lat' dir='ltr'><strong>tisque</strong></span> <span class='ocrx_word' id='word_1_275' title='bbox 305 972 403 995; x_wconf 90' lang='lat' dir='ltr'><strong>natura</strong></span> <span class='ocrx_word' id='word_1_276' title='bbox 415 969 589 996; x_wconf 85' lang='lat' dir='ltr'><strong>subsistens?</strong></span> 
     </span>
    </p>
   </div>
   <div class='ocr_carea' id='block_1_38' title="bbox 235 1011 996 1050">
    <p class='ocr_par' dir='ltr' id='par_1_38' title="bbox 235 1015 996 1050">
     <span class='ocr_line' id='line_1_38' title="bbox 235 1015 996 1050; baseline 0.004 -7"><span class='ocrx_word' id='word_1_277' title='bbox 235 1015 288 1050; x_wconf 81' lang='lat'><strong>73</strong></span> <span class='ocrx_word' id='word_1_278' title='bbox 302 1015 357 1044; x_wconf 89' lang='lat' dir='ltr'><strong>VII.</strong></span> <span class='ocrx_word' id='word_1_279' title='bbox 370 1016 523 1044; x_wconf 84' lang='lat' dir='ltr'><strong>Admodum</strong></span> <span class='ocrx_word' id='word_1_280' title='bbox 537 1025 600 1044; x_wconf 90' lang='lat' dir='ltr'><strong>vero</strong></span> <span class='ocrx_word' id='word_1_281' title='bbox 613 1017 729 1045; x_wconf 87' lang='lat' dir='ltr'><strong>stolidus</strong></span> <span class='ocrx_word' id='word_1_282' title='bbox 737 1021 789 1048; x_wconf 82' lang='lat' dir='ltr'><strong>est,</strong></span> <span class='ocrx_word' id='word_1_283' title='bbox 798 1024 859 1044; x_wconf 93' lang='lat' dir='ltr'><strong>cum</strong></span> <span class='ocrx_word' id='word_1_284' title='bbox 872 1026 886 1044; x_wconf 76' lang='grc' dir='ltr'><strong>ο</strong></span> <span class='ocrx_word' id='word_1_285' title='bbox 899 1017 996 1046; x_wconf 78' lang='lat' dir='ltr'><strong>virtute</strong></span> 
     </span>
    </p>
   </div>
   <div class='ocr_carea' id='block_1_39' title="bbox 1051 1011 1846 1050">
    <p class='ocr_par' dir='ltr' id='par_1_39' title="bbox 1090 1011 1846 1050">
     <span class='ocr_line' id='line_1_39' title="bbox 1090 1011 1846 1050; baseline -0.005 -7"><span class='ocrx_word' id='word_1_286' title='bbox 1090 1015 1126 1043; x_wconf 90' lang='grc' dir='ltr'><strong>Ζ’.</strong></span> <span class='ocrx_word' id='word_1_287' title='bbox 1134 1015 1180 1048; x_wconf 74' lang='lat' dir='ltr'><strong>Et;</strong></span> <span class='ocrx_word' id='word_1_288' title='bbox 1188 1015 1215 1042; x_wconf 78' lang='grc' dir='ltr'><strong>δὲ</strong></span> <span class='ocrx_word' id='word_1_289' title='bbox 1224 1014 1323 1050; x_wconf 80' lang='grc' dir='ltr'>πολλὴν</span> <span class='ocrx_word' id='word_1_290' title='bbox 1331 1011 1407 1045; x_wconf 66' lang='grc' dir='ltr'>οὗτος</span> <span class='ocrx_word' id='word_1_291' title='bbox 1416 1013 1531 1049; x_wconf 80' lang='grc' dir='ltr'>ἐλήλακε</span> <span class='ocrx_word' id='word_1_292' title='bbox 1541 1012 1657 1048; x_wconf 78' lang='grc' dir='ltr'><strong>μωρίαν,</strong></span> <span class='ocrx_word' id='word_1_293' title='bbox 1669 1011 1790 1046; x_wconf 73' lang='grc' dir='ltr'>φάσκων,</span> <span class='ocrx_word' id='word_1_294' title='bbox 1803 1013 1846 1039; x_wconf 73' lang='grc' dir='ltr'>ὅτι</span> 
     </span>
    </p>
   </div>
   <div class='ocr_carea' id='block_1_40' title="bbox 200 1061 996 1096">
    <p class='ocr_par' dir='ltr' id='par_1_40' title="bbox 200 1061 996 1096">
     <span class='ocr_line' id='line_1_40' title="bbox 200 1061 996 1096; baseline 0.005 -10"><span class='ocrx_word' id='word_1_295' title='bbox 200 1061 359 1095; x_wconf 83' lang='lat' dir='ltr'><strong>productam</strong></span> <span class='ocrx_word' id='word_1_296' title='bbox 382 1065 500 1088; x_wconf 76' lang='lat' dir='ltr'><strong>mentem</strong></span> <span class='ocrx_word' id='word_1_297' title='bbox 521 1062 634 1094; x_wconf 79' lang='lat' dir='ltr'><strong>asserit,</strong></span> <span class='ocrx_word' id='word_1_298' title='bbox 656 1071 671 1089; x_wconf 89' lang='lat' dir='ltr'><strong>a</strong></span> <span class='ocrx_word' id='word_1_299' title='bbox 689 1067 779 1090; x_wconf 88' lang='lat' dir='ltr'><strong>mente</strong></span> <span class='ocrx_word' id='word_1_300' title='bbox 798 1063 933 1096; x_wconf 82' lang='lat' dir='ltr'><strong>verbum;</strong></span> <span class='ocrx_word' id='word_1_301' title='bbox 964 1071 996 1091; x_wconf 88' lang='lat' dir='ltr'><strong>ac</strong></span> 
     </span>
    </p>
   </div>
   <div class='ocr_carea' id='block_1_41' title="bbox 199 1105 997 1144">
    <p class='ocr_par' dir='ltr' id='par_1_41' title="bbox 199 1105 997 1144">
     <span class='ocr_line' id='line_1_41' title="bbox 199 1105 997 1144; baseline 0.006 -13"><span class='ocrx_word' id='word_1_302' title='bbox 199 1105 252 1132; x_wconf 90' lang='lat' dir='ltr'><strong>hoc</strong></span> <span class='ocrx_word' id='word_1_303' title='bbox 281 1106 454 1140; x_wconf 88' lang='lat' dir='ltr'><strong>prudentiam</strong></span> <span class='ocrx_word' id='word_1_304' title='bbox 483 1116 490 1133; x_wconf 92' lang='lat'><strong>:</strong></span> <span class='ocrx_word' id='word_1_305' title='bbox 518 1107 589 1134; x_wconf 89' lang='lat' dir='ltr'><strong>hanc</strong></span> <span class='ocrx_word' id='word_1_306' title='bbox 616 1108 746 1135; x_wconf 83' lang='lat' dir='ltr'><strong>virtutem</strong></span> <span class='ocrx_word' id='word_1_307' title='bbox 778 1109 997 1144; x_wconf 85' lang='lat' dir='ltr'><strong>sapientiamque</strong></span> 
     </span>
    </p>
   </div>
   <div class='ocr_carea' id='block_1_42' title="bbox 199 1152 997 1190">
    <p class='ocr_par' dir='ltr' id='par_1_42' title="bbox 199 1152 997 1190">
     <span class='ocr_line' id='line_1_42' title="bbox 199 1152 997 1190; baseline 0.004 -11"><span class='ocrx_word' id='word_1_308' title='bbox 199 1152 341 1187; x_wconf 86' lang='lat' dir='ltr'><strong>peperisse</strong></span> <span class='ocrx_word' id='word_1_309' title='bbox 356 1161 363 1180; x_wconf 86' lang='lat'><strong>:</strong></span> <span class='ocrx_word' id='word_1_310' title='bbox 382 1160 397 1179; x_wconf 91' lang='lat' dir='ltr'><strong>a</strong></span> <span class='ocrx_word' id='word_1_311' title='bbox 413 1153 514 1188; x_wconf 90' lang='lat' dir='ltr'><strong>quibus</strong></span> <span class='ocrx_word' id='word_1_312' title='bbox 529 1159 689 1188; x_wconf 83' lang='lat' dir='ltr'><strong>potestates,</strong></span> <span class='ocrx_word' id='word_1_313' title='bbox 704 1158 731 1181; x_wconf 91' lang='lat' dir='ltr'><strong>et</strong></span> <span class='ocrx_word' id='word_1_314' title='bbox 747 1154 873 1187; x_wconf 85' lang='lat' dir='ltr'><strong>virtutes,</strong></span> <span class='ocrx_word' id='word_1_315' title='bbox 892 1156 997 1190; x_wconf 69' lang='lat' dir='ltr'><strong>angeli-</strong></span> 
     </span>
    </p>
   </div>
   <div class='ocr_carea' id='block_1_43' title="bbox 200 1199 997 1236">
    <p class='ocr_par' dir='ltr' id='par_1_43' title="bbox 200 1199 997 1236">
     <span class='ocr_line' id='line_1_43' title="bbox 200 1199 997 1236; baseline 0.004 -11"><span class='ocrx_word' id='word_1_316' title='bbox 200 1206 254 1233; x_wconf 90' lang='lat' dir='ltr'><strong>que</strong></span> <span class='ocrx_word' id='word_1_317' title='bbox 269 1199 436 1234; x_wconf 90' lang='lat' dir='ltr'><strong>prodierint:</strong></span> <span class='ocrx_word' id='word_1_318' title='bbox 452 1200 498 1227; x_wconf 90' lang='lat' dir='ltr'><strong>sed</strong></span> <span class='ocrx_word' id='word_1_319' title='bbox 514 1200 557 1227; x_wconf 88' lang='lat' dir='ltr'><strong>his</strong></span> <span class='ocrx_word' id='word_1_320' title='bbox 571 1200 699 1228; x_wconf 90' lang='lat' dir='ltr'><strong>omnibus</strong></span> <span class='ocrx_word' id='word_1_321' title='bbox 714 1201 882 1235; x_wconf 90' lang='lat' dir='ltr'><strong>superiorem</strong></span> <span class='ocrx_word' id='word_1_322' title='bbox 901 1209 997 1236; x_wconf 86' lang='lat' dir='ltr'><strong>quam-</strong></span> 
     </span>
    </p>
   </div>
   <div class='ocr_carea' id='block_1_44' title="bbox 200 1243 996 1281">
    <p class='ocr_par' dir='ltr' id='par_1_44' title="bbox 200 1243 996 1281">
     <span class='ocr_line' id='line_1_44' title="bbox 200 1243 996 1281; baseline 0.005 -11"><span class='ocrx_word' id='word_1_323' title='bbox 200 1243 262 1270; x_wconf 86' lang='lat' dir='ltr'><strong>dam</strong></span> <span class='ocrx_word' id='word_1_324' title='bbox 290 1244 343 1271; x_wconf 85' lang='lat' dir='ltr'><strong>vim</strong></span> <span class='ocrx_word' id='word_1_325' title='bbox 370 1245 478 1276; x_wconf 84' lang='lat' dir='ltr'><strong>statuit,</strong></span> <span class='ocrx_word' id='word_1_326' title='bbox 503 1253 535 1272; x_wconf 76' lang='lat' dir='ltr'><strong>at:</strong></span> <span class='ocrx_word' id='word_1_327' title='bbox 563 1245 739 1281; x_wconf 87' lang='lat' dir='ltr'><strong>principium,</strong></span> <span class='ocrx_word' id='word_1_328' title='bbox 769 1246 841 1281; x_wconf 87' lang='lat' dir='ltr'><strong>qttod</strong></span> <span class='ocrx_word' id='word_1_329' title='bbox 873 1247 996 1274; x_wconf 82' lang='lat' dir='ltr'><strong>Abrasax</strong></span> 
     </span>
    </p>
   </div>
   <div class='ocr_carea' id='block_1_45' title="bbox 200 1289 996 1326">
    <p class='ocr_par' dir='ltr' id='par_1_45' title="bbox 200 1289 996 1326">
     <span class='ocr_line' id='line_1_45' title="bbox 200 1289 996 1326; baseline 0.004 -10"><span class='ocrx_word' id='word_1_330' title='bbox 200 1289 326 1324; x_wconf 79' lang='lat' dir='ltr'><strong>appellat,</strong></span> <span class='ocrx_word' id='word_1_331' title='bbox 342 1290 402 1318; x_wconf 77' lang='lat' dir='ltr'><strong>ideo</strong></span> <span class='ocrx_word' id='word_1_332' title='bbox 416 1291 487 1325; x_wconf 91' lang='lat' dir='ltr'><strong>quod</strong></span> <span class='ocrx_word' id='word_1_333' title='bbox 503 1291 562 1326; x_wconf 82' lang='lat' dir='ltr'><strong>ejus</strong></span> <span class='ocrx_word' id='word_1_334' title='bbox 577 1292 653 1319; x_wconf 85' lang='lat' dir='ltr'><strong>vocis</strong></span> <span class='ocrx_word' id='word_1_335' title='bbox 670 1292 768 1320; x_wconf 66' lang='lat' dir='ltr'><strong>litterae</strong></span> <span class='ocrx_word' id='word_1_336' title='bbox 781 1300 883 1320; x_wconf 72' lang='lat' dir='ltr'><strong>ccccxv</strong></span> <span class='ocrx_word' id='word_1_337' title='bbox 902 1301 996 1320; x_wconf 77' lang='lat' dir='ltr'><strong>nume~</strong></span> 
     </span>
    </p>
   </div>
   <div class='ocr_carea' id='block_1_46' title="bbox 200 1336 998 1371">
    <p class='ocr_par' dir='ltr' id='par_1_46' title="bbox 200 1336 998 1371">
     <span class='ocr_line' id='line_1_46' title="bbox 200 1336 998 1371; baseline 0.004 -9"><span class='ocrx_word' id='word_1_338' title='bbox 200 1343 261 1363; x_wconf 81' lang='lat' dir='ltr'><strong>rum</strong></span> <span class='ocrx_word' id='word_1_339' title='bbox 279 1336 416 1369; x_wconf 84' lang='lat' dir='ltr'><strong>etliciunt;</strong></span> <span class='ocrx_word' id='word_1_340' title='bbox 434 1340 515 1371; x_wconf 86' lang='lat' dir='ltr'><strong>atque</strong></span> <span class='ocrx_word' id='word_1_341' title='bbox 528 1345 560 1365; x_wconf 78' lang='lat' dir='ltr'><strong>ex</strong></span> <span class='ocrx_word' id='word_1_342' title='bbox 574 1345 606 1365; x_wconf 89' lang='lat' dir='ltr'><strong>eo</strong></span> <span class='ocrx_word' id='word_1_343' title='bbox 619 1337 765 1365; x_wconf 80' lang='lat' dir='ltr'><strong>conﬁctam</strong></span> <span class='ocrx_word' id='word_1_344' title='bbox 786 1339 859 1366; x_wconf 89' lang='lat' dir='ltr'><strong>illam</strong></span> <span class='ocrx_word' id='word_1_345' title='bbox 875 1347 952 1366; x_wconf 89' lang='lat' dir='ltr'><strong>suam</strong></span> <span class='ocrx_word' id='word_1_346' title='bbox 965 1339 998 1367; x_wconf 86' lang='lat' dir='ltr'><strong>de</strong></span> 
     </span>
    </p>
   </div>
   <div class='ocr_carea' id='block_1_47' title="bbox 200 1383 997 1419">
    <p class='ocr_par' dir='ltr' id='par_1_47' title="bbox 200 1383 997 1419">
     <span class='ocr_line' id='line_1_47' title="bbox 200 1383 997 1419; baseline 0.005 -11"><span class='ocrx_word' id='word_1_347' title='bbox 200 1389 302 1409; x_wconf 72' lang='lat' dir='ltr'><strong>cccuv</strong></span> <span class='ocrx_word' id='word_1_348' title='bbox 319 1383 397 1410; x_wconf 73' lang='lat' dir='ltr'><strong>cmlis</strong></span> <span class='ocrx_word' id='word_1_349' title='bbox 415 1383 533 1410; x_wconf 78' lang='lat' dir='ltr'><strong>tabulam</strong></span> <span class='ocrx_word' id='word_1_350' title='bbox 559 1384 738 1419; x_wconf 83' lang='lat' dir='ltr'><strong>comprobare</strong></span> <span class='ocrx_word' id='word_1_351' title='bbox 760 1385 865 1412; x_wconf 86' lang='lat' dir='ltr'><strong>nititur.</strong></span> <span class='ocrx_word' id='word_1_352' title='bbox 890 1385 997 1417; x_wconf 84' lang='lat' dir='ltr'><strong>Quibus</strong></span> 
     </span>
    </p>
   </div>
   <div class='ocr_carea' id='block_1_48' title="bbox 201 1429 997 1458">
    <p class='ocr_par' dir='ltr' id='par_1_48' title="bbox 201 1429 997 1458">
     <span class='ocr_line' id='line_1_48' title="bbox 201 1429 997 1458; baseline 0.004 -3"><span class='ocrx_word' id='word_1_353' title='bbox 201 1429 280 1456; x_wconf 71' lang='lat' dir='ltr'><strong>cwlis</strong></span> <span class='ocrx_word' id='word_1_354' title='bbox 296 1429 345 1455; x_wconf 89' lang='lat' dir='ltr'><strong>toti</strong></span> <span class='ocrx_word' id='word_1_355' title='bbox 357 1429 408 1456; x_wconf 78' lang='lat' dir='ltr'><strong>lem</strong></span> <span class='ocrx_word' id='word_1_356' title='bbox 426 1437 458 1456; x_wconf 79' lang='lat' dir='ltr'><strong>ex</strong></span> <span class='ocrx_word' id='word_1_357' title='bbox 480 1430 684 1458; x_wconf 85' lang='lat' dir='ltr'><strong>mathematicis</strong></span> <span class='ocrx_word' id='word_1_358' title='bbox 704 1431 859 1458; x_wconf 84' lang='lat' dir='ltr'><strong>rationibus</strong></span> <span class='ocrx_word' id='word_1_359' title='bbox 877 1432 947 1458; x_wconf 86' lang='lat' dir='ltr'><strong>situs</strong></span> <span class='ocrx_word' id='word_1_360' title='bbox 966 1439 997 1458; x_wconf 94' lang='lat' dir='ltr'><strong>ac</strong></span> 
     </span>
    </p>
   </div>
   <div class='ocr_carea' id='block_1_49' title="bbox 201 1474 999 1511">
    <p class='ocr_par' dir='ltr' id='par_1_49' title="bbox 201 1474 999 1511">
     <span class='ocr_line' id='line_1_49' title="bbox 201 1474 999 1511; baseline 0.003 -10"><span class='ocrx_word' id='word_1_361' title='bbox 201 1475 326 1501; x_wconf 85' lang='lat' dir='ltr'><strong>locorum</strong></span> <span class='ocrx_word' id='word_1_362' title='bbox 350 1474 551 1510; x_wconf 75' lang='lat' dir='ltr'><strong>descriptiones</strong></span> <span class='ocrx_word' id='word_1_363' title='bbox 574 1475 782 1503; x_wconf 73' lang='lat' dir='ltr'><strong>accommodare</strong></span> <span class='ocrx_word' id='word_1_364' title='bbox 798 1477 871 1503; x_wconf 76' lang='lat' dir='ltr'><strong>omni</strong></span> <span class='ocrx_word' id='word_1_365' title='bbox 895 1485 946 1511; x_wconf 78' lang='lat' dir='ltr'><strong>ope</strong></span> <span class='ocrx_word' id='word_1_366' title='bbox 967 1484 999 1504; x_wconf 87' lang='lat' dir='ltr'><strong>ac</strong></span> 
     </span>
    </p>
   </div>
   <div class='ocr_carea' id='block_1_50' title="bbox 201 1521 1000 1550">
    <p class='ocr_par' dir='ltr' id='par_1_50' title="bbox 201 1521 1000 1550">
     <span class='ocr_line' id='line_1_50' title="bbox 201 1521 1000 1550; baseline 0 -2"><span class='ocrx_word' id='word_1_367' title='bbox 201 1521 293 1548; x_wconf 80' lang='lat' dir='ltr'><strong>studio</strong></span> <span class='ocrx_word' id='word_1_368' title='bbox 326 1521 490 1548; x_wconf 73' lang='lat' dir='ltr'><strong>contendit:</strong></span> <span class='ocrx_word' id='word_1_369' title='bbox 513 1530 576 1548; x_wconf 90' lang='lat' dir='ltr'><strong>nam</strong></span> <span class='ocrx_word' id='word_1_370' title='bbox 599 1521 707 1548; x_wconf 91' lang='lat' dir='ltr'><strong>illorum</strong></span> <span class='ocrx_word' id='word_1_371' title='bbox 727 1522 876 1550; x_wconf 73' lang='lat' dir='ltr'><strong>vanissima</strong></span> <span class='ocrx_word' id='word_1_372' title='bbox 898 1523 1000 1548; x_wconf 75' lang='lat' dir='ltr'><strong>theore-</strong></span> 
     </span>
    </p>
   </div>
   <div class='ocr_carea' id='block_1_51' title="bbox 203 1566 998 1602">
    <p class='ocr_par' dir='ltr' id='par_1_51' title="bbox 203 1566 998 1602">
     <span class='ocr_line' id='line_1_51' title="bbox 203 1566 998 1602; baseline 0.003 -10"><span class='ocrx_word' id='word_1_373' title='bbox 203 1570 277 1592; x_wconf 88' lang='lat' dir='ltr'><strong>mata</strong></span> <span class='ocrx_word' id='word_1_374' title='bbox 297 1573 359 1593; x_wconf 93' lang='lat' dir='ltr'><strong>cum</strong></span> <span class='ocrx_word' id='word_1_375' title='bbox 381 1566 450 1601; x_wconf 85' lang='lat' dir='ltr'><strong>ipse,</strong></span> <span class='ocrx_word' id='word_1_376' title='bbox 469 1571 527 1594; x_wconf 90' lang='lat' dir='ltr'><strong>tum</strong></span> <span class='ocrx_word' id='word_1_377' title='bbox 555 1567 601 1602; x_wconf 88' lang='lat' dir='ltr'><strong>qui</strong></span> <span class='ocrx_word' id='word_1_378' title='bbox 625 1575 657 1594; x_wconf 76' lang='lat' dir='ltr'><strong>ex</strong></span> <span class='ocrx_word' id='word_1_379' title='bbox 679 1568 740 1602; x_wconf 85' lang='lat' dir='ltr'><strong>ejus</strong></span> <span class='ocrx_word' id='word_1_380' title='bbox 759 1568 904 1602; x_wconf 88' lang='lat' dir='ltr'><strong>disciplina</strong></span> <span class='ocrx_word' id='word_1_381' title='bbox 924 1572 998 1600; x_wconf 88' lang='lat' dir='ltr'><strong>sunt,</strong></span> 
     </span>
    </p>
   </div>
   <div class='ocr_carea' id='block_1_52' title="bbox 204 1613 998 1647">
    <p class='ocr_par' dir='ltr' id='par_1_52' title="bbox 204 1613 998 1647">
     <span class='ocr_line' id='line_1_52' title="bbox 204 1613 998 1647; baseline 0.003 -9"><span class='ocrx_word' id='word_1_382' title='bbox 204 1613 245 1639; x_wconf 91' lang='lat' dir='ltr'><strong>sic</strong></span> <span class='ocrx_word' id='word_1_383' title='bbox 268 1613 454 1647; x_wconf 79' lang='lat' dir='ltr'><strong>arripuerunt,</strong></span> <span class='ocrx_word' id='word_1_384' title='bbox 475 1617 504 1640; x_wconf 91' lang='lat' dir='ltr'><strong>ut</strong></span> <span class='ocrx_word' id='word_1_385' title='bbox 525 1613 552 1640; x_wconf 92' lang='lat' dir='ltr'><strong>in</strong></span> <span class='ocrx_word' id='word_1_386' title='bbox 575 1621 654 1640; x_wconf 84' lang='lat' dir='ltr'><strong>usum</strong></span> <span class='ocrx_word' id='word_1_387' title='bbox 674 1614 846 1641; x_wconf 73' lang='lat' dir='ltr'><strong>conformata</strong></span> <span class='ocrx_word' id='word_1_388' title='bbox 865 1622 945 1640; x_wconf 87' lang='lat' dir='ltr'><strong>suum</strong></span> <span class='ocrx_word' id='word_1_389' title='bbox 965 1614 998 1641; x_wconf 87' lang='lat' dir='ltr'><strong>ad</strong></span> 
     </span>
    </p>
   </div>
   <div class='ocr_carea' id='block_1_53' title="bbox 203 1657 1000 1694">
    <p class='ocr_par' dir='ltr' id='par_1_53' title="bbox 203 1657 1000 1694">
     <span class='ocr_line' id='line_1_53' title="bbox 203 1657 1000 1694; baseline 0.004 -10"><span class='ocrx_word' id='word_1_390' title='bbox 203 1657 340 1685; x_wconf 81' lang='lat' dir='ltr'><strong>idolorum</strong></span> <span class='ocrx_word' id='word_1_391' title='bbox 371 1660 603 1694; x_wconf 76' lang='lat' dir='ltr'><strong>propugnatricis,</strong></span> <span class='ocrx_word' id='word_1_392' title='bbox 633 1660 762 1694; x_wconf 68' lang='lat' dir='ltr'><strong>lalswquc</strong></span> <span class='ocrx_word' id='word_1_393' title='bbox 787 1665 813 1687; x_wconf 89' lang='lat' dir='ltr'><strong>et</strong></span> <span class='ocrx_word' id='word_1_394' title='bbox 840 1660 1000 1688; x_wconf 66' lang='lat' dir='ltr'><strong>adulterium</strong></span> 
     </span>
    </p>
   </div>
   <div class='ocr_carea' id='block_1_54' title="bbox 1051 1058 1841 1098">
    <p class='ocr_par' dir='ltr' id='par_1_54' title="bbox 1051 1058 1841 1098">
     <span class='ocr_line' id='line_1_54' title="bbox 1051 1058 1841 1098; baseline -0.008 -9"><span class='ocrx_word' id='word_1_395' title='bbox 1051 1064 1067 1098; x_wconf 83' lang='grc' dir='ltr'><strong>ὴ</strong></span> <span class='ocrx_word' id='word_1_396' title='bbox 1081 1063 1194 1097; x_wconf 78' lang='grc' dir='ltr'>δύναμις</span> <span class='ocrx_word' id='word_1_397' title='bbox 1210 1062 1255 1088; x_wconf 80' lang='grc' dir='ltr'><strong>τὸν</strong></span> <span class='ocrx_word' id='word_1_398' title='bbox 1272 1061 1334 1087; x_wconf 74' lang='grc' dir='ltr'>νοῦν</span> <span class='ocrx_word' id='word_1_399' title='bbox 1350 1060 1524 1096; x_wconf 77' lang='grc' dir='ltr'>προεϐάλετο,</span> <span class='ocrx_word' id='word_1_400' title='bbox 1540 1060 1554 1085; x_wconf 86' lang='grc' dir='ltr'>ὁ</span> <span class='ocrx_word' id='word_1_401' title='bbox 1565 1059 1594 1085; x_wconf 80' lang='grc' dir='ltr'>δὲ</span> <span class='ocrx_word' id='word_1_402' title='bbox 1610 1058 1671 1090; x_wconf 85' lang='grc' dir='ltr'><strong>νοῦς</strong></span> <span class='ocrx_word' id='word_1_403' title='bbox 1686 1058 1731 1084; x_wconf 85' lang='grc' dir='ltr'>τὸν</span> <span class='ocrx_word' id='word_1_404' title='bbox 1749 1058 1841 1092; x_wconf 83' lang='grc' dir='ltr'>λόγον,</span> 
     </span>
    </p>
   </div>
   <div class='ocr_carea' id='block_1_55' title="bbox 1047 1104 1846 1143">
    <p class='ocr_par' dir='ltr' id='par_1_55' title="bbox 1047 1104 1846 1143">
     <span class='ocr_line' id='line_1_55' title="bbox 1047 1104 1846 1143; baseline -0.005 -7"><span class='ocrx_word' id='word_1_405' title='bbox 1047 1111 1060 1136; x_wconf 81' lang='grc' dir='ltr'>ὁ</span> <span class='ocrx_word' id='word_1_406' title='bbox 1079 1110 1107 1136; x_wconf 78' lang='grc' dir='ltr'><strong>δὲ</strong></span> <span class='ocrx_word' id='word_1_407' title='bbox 1129 1109 1206 1143; x_wconf 80' lang='grc' dir='ltr'><strong>λόγος</strong></span> <span class='ocrx_word' id='word_1_408' title='bbox 1227 1108 1276 1143; x_wconf 83' lang='grc' dir='ltr'><strong>τὴν</strong></span> <span class='ocrx_word' id='word_1_409' title='bbox 1292 1107 1421 1142; x_wconf 61' lang='grc' dir='ltr'>φρόνησιν</span> <span class='ocrx_word' id='word_1_410' title='bbox 1432 1126 1439 1137; x_wconf 90' lang='grc'><strong>,</strong></span> <span class='ocrx_word' id='word_1_411' title='bbox 1456 1107 1473 1141; x_wconf 80' lang='grc' dir='ltr'>ἡ</span> <span class='ocrx_word' id='word_1_412' title='bbox 1488 1106 1516 1132; x_wconf 79' lang='grc' dir='ltr'>δὲ</span> <span class='ocrx_word' id='word_1_413' title='bbox 1532 1105 1660 1140; x_wconf 71' lang='grc' dir='ltr'>φρόνησις</span> <span class='ocrx_word' id='word_1_414' title='bbox 1673 1104 1787 1140; x_wconf 80' lang='grc' dir='ltr'>δύναμιν</span> <span class='ocrx_word' id='word_1_415' title='bbox 1798 1105 1846 1132; x_wconf 78' lang='grc' dir='ltr'>καὶ</span> 
     </span>
    </p>
   </div>
   <div class='ocr_carea' id='block_1_56' title="bbox 1054 1150 1846 1189">
    <p class='ocr_par' dir='ltr' id='par_1_56' title="bbox 1054 1150 1846 1189">
     <span class='ocr_line' id='line_1_56' title="bbox 1054 1150 1846 1189; baseline -0.006 -8"><span class='ocrx_word' id='word_1_416' title='bbox 1054 1154 1159 1189; x_wconf 75' lang='grc' dir='ltr'>σοφίαν,</span> <span class='ocrx_word' id='word_1_417' title='bbox 1177 1155 1210 1180; x_wconf 85' lang='grc' dir='ltr'><strong>ὲκ</strong></span> <span class='ocrx_word' id='word_1_418' title='bbox 1225 1153 1253 1180; x_wconf 78' lang='grc' dir='ltr'>δὲ</span> <span class='ocrx_word' id='word_1_419' title='bbox 1270 1153 1411 1188; x_wconf 82' lang='grc' dir='ltr'>δυνάμεως</span> <span class='ocrx_word' id='word_1_420' title='bbox 1427 1153 1474 1178; x_wconf 71' lang='grc' dir='ltr'>καὶ</span> <span class='ocrx_word' id='word_1_421' title='bbox 1492 1152 1588 1186; x_wconf 84' lang='grc' dir='ltr'><strong>σοφίας</strong></span> <span class='ocrx_word' id='word_1_422' title='bbox 1605 1150 1723 1184; x_wconf 73' lang='grc' dir='ltr'>ἐξουσίαι</span> <span class='ocrx_word' id='word_1_423' title='bbox 1738 1150 1786 1177; x_wconf 80' lang='grc' dir='ltr'><strong>καὶ</strong></span> <span class='ocrx_word' id='word_1_424' title='bbox 1798 1150 1846 1177; x_wconf 87' lang='grc' dir='ltr'><strong>δυ-</strong></span> 
     </span>
    </p>
   </div>
   <div class='ocr_carea' id='block_1_57' title="bbox 1046 1195 1845 1237">
    <p class='ocr_par' dir='ltr' id='par_1_57' title="bbox 1046 1195 1845 1237">
     <span class='ocr_line' id='line_1_57' title="bbox 1046 1195 1845 1237; baseline -0.008 -9"><span class='ocrx_word' id='word_1_425' title='bbox 1046 1201 1142 1237; x_wconf 80' lang='grc' dir='ltr'>νάμεις</span> <span class='ocrx_word' id='word_1_426' title='bbox 1161 1201 1207 1227; x_wconf 64' lang='grc' dir='ltr'><strong>καὶ</strong></span> <span class='ocrx_word' id='word_1_427' title='bbox 1227 1199 1346 1234; x_wconf 76' lang='grc' dir='ltr'>ἄγγελοι.</span> <span class='ocrx_word' id='word_1_428' title='bbox 1371 1199 1451 1233; x_wconf 78' lang='grc' dir='ltr'>Λέγει</span> <span class='ocrx_word' id='word_1_429' title='bbox 1474 1197 1503 1224; x_wconf 78' lang='grc' dir='ltr'><strong>δὲ</strong></span> <span class='ocrx_word' id='word_1_430' title='bbox 1526 1197 1575 1232; x_wconf 83' lang='grc' dir='ltr'>τὴν</span> <span class='ocrx_word' id='word_1_431' title='bbox 1592 1196 1723 1232; x_wconf 80' lang='grc' dir='ltr'>ὑπεράνω</span> <span class='ocrx_word' id='word_1_432' title='bbox 1740 1195 1845 1223; x_wconf 83' lang='grc' dir='ltr'>τούτων</span> 
     </span>
    </p>
   </div>
   <div class='ocr_carea' id='block_1_58' title="bbox 1047 1241 1845 1282">
    <p class='ocr_par' dir='ltr' id='par_1_58' title="bbox 1047 1241 1845 1282">
     <span class='ocr_line' id='line_1_58' title="bbox 1047 1241 1845 1282; baseline -0.006 -9"><span class='ocrx_word' id='word_1_433' title='bbox 1047 1247 1164 1282; x_wconf 79' lang='grc' dir='ltr'>δύναμιν</span> <span class='ocrx_word' id='word_1_434' title='bbox 1191 1244 1270 1276; x_wconf 75' lang='grc' dir='ltr'>εἶναι,</span> <span class='ocrx_word' id='word_1_435' title='bbox 1302 1245 1349 1271; x_wconf 75' lang='grc' dir='ltr'><strong>καὶ</strong></span> <span class='ocrx_word' id='word_1_436' title='bbox 1377 1245 1465 1280; x_wconf 79' lang='grc' dir='ltr'>ἀρχὴν</span> <span class='ocrx_word' id='word_1_437' title='bbox 1494 1243 1641 1278; x_wconf 79' lang='grc' dir='ltr'>Ἀϐρασὰξ,</span> <span class='ocrx_word' id='word_1_438' title='bbox 1672 1242 1716 1269; x_wconf 73' lang='grc' dir='ltr'>διὰ</span> <span class='ocrx_word' id='word_1_439' title='bbox 1741 1241 1771 1269; x_wconf 78' lang='grc' dir='ltr'>τὸ</span> <span class='ocrx_word' id='word_1_440' title='bbox 1795 1241 1845 1277; x_wconf 77' lang='grc' dir='ltr'>τὴν</span> 
     </span>
    </p>
   </div>
   <div class='ocr_carea' id='block_1_59' title="bbox 1050 1286 1846 1327">
    <p class='ocr_par' dir='ltr' id='par_1_59' title="bbox 1050 1286 1846 1327">
     <span class='ocr_line' id='line_1_59' title="bbox 1050 1286 1846 1327; baseline -0.005 -10"><span class='ocrx_word' id='word_1_441' title='bbox 1050 1292 1140 1327; x_wconf 51' lang='lat' dir='ltr'><strong>Orﬁum</strong></span> <span class='ocrx_word' id='word_1_442' title='bbox 1155 1290 1202 1317; x_wconf 75' lang='grc' dir='ltr'><strong>τοῦ</strong></span> <span class='ocrx_word' id='word_1_443' title='bbox 1220 1289 1357 1324; x_wconf 75' lang='grc' dir='ltr'>’Λϐρασὰξ</span> <span class='ocrx_word' id='word_1_444' title='bbox 1382 1289 1437 1324; x_wconf 79' lang='grc'>(59)</span> <span class='ocrx_word' id='word_1_445' title='bbox 1460 1288 1531 1323; x_wconf 77' lang='grc' dir='ltr'>ἔχειν</span> <span class='ocrx_word' id='word_1_446' title='bbox 1555 1287 1758 1323; x_wconf 82' lang='grc' dir='ltr'>τριακοσιοστὸν</span> <span class='ocrx_word' id='word_1_447' title='bbox 1782 1286 1846 1322; x_wconf 79' lang='grc' dir='ltr'><strong>ἐξη-</strong></span> 
     </span>
    </p>
   </div>
   <div class='ocr_carea' id='block_1_60' title="bbox 1051 1333 1846 1372">
    <p class='ocr_par' dir='ltr' id='par_1_60' title="bbox 1051 1333 1846 1372">
     <span class='ocr_line' id='line_1_60' title="bbox 1051 1333 1846 1372; baseline -0.009 -7"><span class='ocrx_word' id='word_1_448' title='bbox 1051 1338 1146 1365; x_wconf 85' lang='grc' dir='ltr'>κοστὸν</span> <span class='ocrx_word' id='word_1_449' title='bbox 1166 1337 1290 1372; x_wconf 76' lang='grc' dir='ltr'>πέμπτον</span> <span class='ocrx_word' id='word_1_450' title='bbox 1305 1335 1434 1371; x_wconf 77' lang='grc' dir='ltr'>ἀριθμὸν,</span> <span class='ocrx_word' id='word_1_451' title='bbox 1456 1335 1494 1367; x_wconf 84' lang='grc' dir='ltr'>ὡς</span> <span class='ocrx_word' id='word_1_452' title='bbox 1513 1335 1545 1361; x_wconf 84' lang='grc' dir='ltr'><strong>ἐκ</strong></span> <span class='ocrx_word' id='word_1_453' title='bbox 1564 1333 1658 1360; x_wconf 82' lang='grc' dir='ltr'>τούτου</span> <span class='ocrx_word' id='word_1_454' title='bbox 1673 1333 1722 1368; x_wconf 80' lang='grc' dir='ltr'><strong>τὴν</strong></span> <span class='ocrx_word' id='word_1_455' title='bbox 1741 1341 1846 1368; x_wconf 76' lang='grc' dir='ltr'>μαρτυ-</span> 
     </span>
    </p>
   </div>
   <div class='ocr_carea' id='block_1_61' title="bbox 1049 1379 1843 1420">
    <p class='ocr_par' dir='ltr' id='par_1_61' title="bbox 1049 1379 1843 1420">
     <span class='ocr_line' id='line_1_61' title="bbox 1049 1379 1843 1420; baseline -0.009 -9"><span class='ocrx_word' id='word_1_456' title='bbox 1049 1385 1108 1420; x_wconf 69' lang='grc' dir='ltr'>ρίαν</span> <span class='ocrx_word' id='word_1_457' title='bbox 1121 1384 1170 1419; x_wconf 74' lang='grc' dir='ltr'>τῆς</span> <span class='ocrx_word' id='word_1_458' title='bbox 1190 1383 1271 1410; x_wconf 76' lang='grc' dir='ltr'><strong>αὐτοῦ</strong></span> <span class='ocrx_word' id='word_1_459' title='bbox 1291 1382 1450 1418; x_wconf 69' lang='grc' dir='ltr'>μυθοποιίας</span> <span class='ocrx_word' id='word_1_460' title='bbox 1470 1381 1523 1408; x_wconf 83' lang='grc' dir='ltr'>τῶν</span> <span class='ocrx_word' id='word_1_461' title='bbox 1540 1379 1707 1415; x_wconf 74' lang='grc' dir='ltr'>τριακοσίων</span> <span class='ocrx_word' id='word_1_462' title='bbox 1729 1379 1843 1414; x_wconf 80' lang='grc' dir='ltr'><strong>ἑξηκον-</strong></span> 
     </span>
    </p>
   </div>
   <div class='ocr_carea' id='block_1_62' title="bbox 1047 1423 1846 1464">
    <p class='ocr_par' dir='ltr' id='par_1_62' title="bbox 1047 1423 1846 1464">
     <span class='ocr_line' id='line_1_62' title="bbox 1047 1423 1846 1464; baseline -0.008 -8"><span class='ocrx_word' id='word_1_463' title='bbox 1047 1431 1161 1456; x_wconf 80' lang='grc' dir='ltr'>ταπέντε</span> <span class='ocrx_word' id='word_1_464' title='bbox 1178 1429 1300 1464; x_wconf 77' lang='grc' dir='ltr'>οὐρανῶν</span> <span class='ocrx_word' id='word_1_465' title='bbox 1312 1448 1319 1459; x_wconf 80' lang='grc'><strong>,</strong></span> <span class='ocrx_word' id='word_1_466' title='bbox 1340 1428 1467 1463; x_wconf 82' lang='grc' dir='ltr'>συνιστᾷν</span> <span class='ocrx_word' id='word_1_467' title='bbox 1485 1425 1641 1462; x_wconf 78' lang='grc' dir='ltr'>πειρᾶσθαι.</span> <span class='ocrx_word' id='word_1_468' title='bbox 1660 1423 1708 1457; x_wconf 76' lang='grc' dir='ltr'><strong>Οἷς</strong></span> <span class='ocrx_word' id='word_1_469' title='bbox 1722 1425 1846 1460; x_wconf 78' lang='grc' dir='ltr'>οὐρανοῖς</span> 
     </span>
    </p>
   </div>
   <div class='ocr_carea' id='block_1_63' title="bbox 1050 1472 1844 1510">
    <p class='ocr_par' dir='ltr' id='par_1_63' title="bbox 1050 1472 1844 1510">
     <span class='ocr_line' id='line_1_63' title="bbox 1050 1472 1844 1510; baseline -0.008 -6"><span class='ocrx_word' id='word_1_470' title='bbox 1050 1478 1097 1505; x_wconf 73' lang='grc' dir='ltr'><strong>καὶ</strong></span> <span class='ocrx_word' id='word_1_471' title='bbox 1111 1476 1273 1508; x_wconf 77' lang='grc' dir='ltr'>τοποθεσίας</span> <span class='ocrx_word' id='word_1_472' title='bbox 1291 1476 1338 1502; x_wconf 83' lang='grc' dir='ltr'><strong>ἴσα</strong></span> <span class='ocrx_word' id='word_1_473' title='bbox 1355 1476 1412 1505; x_wconf 84' lang='grc' dir='ltr'>τοῖς</span> <span class='ocrx_word' id='word_1_474' title='bbox 1430 1474 1571 1510; x_wconf 68' lang='grc' dir='ltr'>μαθήμασι</span> <span class='ocrx_word' id='word_1_475' title='bbox 1587 1472 1697 1508; x_wconf 84' lang='grc' dir='ltr'>διαιρῶν</span> <span class='ocrx_word' id='word_1_476' title='bbox 1712 1472 1779 1507; x_wconf 76' lang='grc'>(60),</span> <span class='ocrx_word' id='word_1_477' title='bbox 1797 1473 1844 1499; x_wconf 74' lang='grc' dir='ltr'>καὶ</span> 
     </span>
    </p>
   </div>
   <div class='ocr_carea' id='block_1_64' title="bbox 1049 1518 1844 1558">
    <p class='ocr_par' dir='ltr' id='par_1_64' title="bbox 1049 1518 1844 1558">
     <span class='ocr_line' id='line_1_64' title="bbox 1049 1518 1844 1558; baseline -0.008 -8"><span class='ocrx_word' id='word_1_478' title='bbox 1049 1523 1174 1558; x_wconf 73' lang='grc' dir='ltr'>συνιστᾷν</span> <span class='ocrx_word' id='word_1_479' title='bbox 1194 1521 1360 1556; x_wconf 77' lang='grc' dir='ltr'>ἐπιτηδεύων</span> <span class='ocrx_word' id='word_1_480' title='bbox 1383 1521 1412 1547; x_wconf 76' lang='grc' dir='ltr'><strong>οὺ</strong></span> <span class='ocrx_word' id='word_1_481' title='bbox 1436 1520 1583 1556; x_wconf 77' lang='grc' dir='ltr'>παρέργως</span> <span class='ocrx_word' id='word_1_482' title='bbox 1613 1519 1781 1554; x_wconf 78' lang='grc' dir='ltr'>μηχανᾶται.</span> <span class='ocrx_word' id='word_1_483' title='bbox 1803 1518 1844 1544; x_wconf 80' lang='grc' dir='ltr'><strong>Τὰ</strong></span> 
     </span>
    </p>
   </div>
   <div class='ocr_carea' id='block_1_65' title="bbox 1051 1564 1844 1605">
    <p class='ocr_par' dir='ltr' id='par_1_65' title="bbox 1051 1564 1844 1605">
     <span class='ocr_line' id='line_1_65' title="bbox 1051 1564 1844 1605; baseline -0.009 -9"><span class='ocrx_word' id='word_1_484' title='bbox 1051 1570 1106 1605; x_wconf 70' lang='grc' dir='ltr'>γὰρ</span> <span class='ocrx_word' id='word_1_485' title='bbox 1119 1569 1230 1595; x_wconf 78' lang='grc' dir='ltr'>ἐκείνων</span> <span class='ocrx_word' id='word_1_486' title='bbox 1246 1568 1349 1602; x_wconf 84' lang='grc' dir='ltr'>μάταια</span> <span class='ocrx_word' id='word_1_487' title='bbox 1364 1567 1530 1602; x_wconf 78' lang='grc' dir='ltr'>θεωρήματα</span> <span class='ocrx_word' id='word_1_488' title='bbox 1546 1564 1635 1591; x_wconf 73' lang='grc' dir='ltr'>λαϐὼν</span> <span class='ocrx_word' id='word_1_489' title='bbox 1650 1565 1690 1596; x_wconf 86' lang='grc' dir='ltr'><strong>είς</strong></span> <span class='ocrx_word' id='word_1_490' title='bbox 1709 1564 1774 1591; x_wconf 74' lang='grc' dir='ltr'>ἴδιον</span> <span class='ocrx_word' id='word_1_491' title='bbox 1793 1572 1844 1599; x_wconf 79' lang='grc' dir='ltr'><strong>χα-</strong></span> 
     </span>
    </p>
   </div>
   <div class='ocr_carea' id='block_1_66' title="bbox 1051 1610 1844 1652">
    <p class='ocr_par' dir='ltr' id='par_1_66' title="bbox 1051 1610 1844 1652">
     <span class='ocr_line' id='line_1_66' title="bbox 1051 1610 1844 1652; baseline -0.008 -10"><span class='ocrx_word' id='word_1_492' title='bbox 1051 1616 1190 1652; x_wconf 66' lang='grc' dir='ltr'>ρακτῆρα,</span> <span class='ocrx_word' id='word_1_493' title='bbox 1206 1615 1287 1645; x_wconf 78' lang='grc' dir='ltr'>αὑτός</span> <span class='ocrx_word' id='word_1_494' title='bbox 1301 1623 1329 1640; x_wconf 87' lang='grc' dir='ltr'><strong>τε</strong></span> <span class='ocrx_word' id='word_1_495' title='bbox 1345 1614 1391 1640; x_wconf 72' lang='grc' dir='ltr'>καὶ</span> <span class='ocrx_word' id='word_1_496' title='bbox 1409 1615 1433 1640; x_wconf 89' lang='grc' dir='ltr'><strong>οἰ</strong></span> <span class='ocrx_word' id='word_1_497' title='bbox 1447 1613 1492 1639; x_wconf 80' lang='grc' dir='ltr'>ὑπ’</span> <span class='ocrx_word' id='word_1_498' title='bbox 1510 1612 1607 1644; x_wconf 69' lang='grc' dir='ltr'>αὑτὸν,</span> <span class='ocrx_word' id='word_1_499' title='bbox 1625 1613 1665 1643; x_wconf 87' lang='grc' dir='ltr'>εἰς</span> <span class='ocrx_word' id='word_1_500' title='bbox 1688 1610 1777 1637; x_wconf 82' lang='grc' dir='ltr'>αἰτίαν</span> <span class='ocrx_word' id='word_1_501' title='bbox 1794 1610 1844 1645; x_wconf 80' lang='grc' dir='ltr'>τῆς</span> 
     </span>
    </p>
   </div>
   <div class='ocr_carea' id='block_1_67' title="bbox 1052 1657 1844 1694">
    <p class='ocr_par' dir='ltr' id='par_1_67' title="bbox 1052 1657 1844 1694">
     <span class='ocr_line' id='line_1_67' title="bbox 1052 1657 1844 1694; baseline -0.006 -6"><span class='ocrx_word' id='word_1_502' title='bbox 1052 1662 1119 1693; x_wconf 79' lang='grc' dir='ltr'>ἰδίας</span> <span class='ocrx_word' id='word_1_503' title='bbox 1138 1660 1312 1688; x_wconf 82' lang='grc' dir='ltr'>εἰδωλοποιοῦ</span> <span class='ocrx_word' id='word_1_504' title='bbox 1329 1661 1376 1686; x_wconf 54' lang='grc' dir='ltr'><strong>καὶ¹</strong></span> <span class='ocrx_word' id='word_1_505' title='bbox 1395 1658 1607 1694; x_wconf 68' lang='grc' dir='ltr'>πεπλανημένης</span> <span class='ocrx_word' id='word_1_506' title='bbox 1627 1657 1793 1684; x_wconf 74' lang='grc' dir='ltr'>ἑπιπλάστου</span> <span class='ocrx_word' id='word_1_507' title='bbox 1808 1657 1844 1683; x_wconf 69' lang='grc' dir='ltr'><strong>διε</strong></span> 
     </span>
    </p>
   </div>
   <div class='ocr_carea' id='block_1_68' title="bbox 202 1701 996 1742">
    <p class='ocr_par' dir='ltr' id='par_1_68' title="bbox 202 1704 996 1740">
     <span class='ocr_line' id='line_1_68' title="bbox 202 1704 996 1740; baseline 0.004 -10"><span class='ocrx_word' id='word_1_508' title='bbox 202 1704 334 1731; x_wconf 73' lang='lat' dir='ltr'><strong>doctrinae</strong></span> <span class='ocrx_word' id='word_1_509' title='bbox 347 1712 459 1732; x_wconf 89' lang='lat' dir='ltr'><strong>causam</strong></span> <span class='ocrx_word' id='word_1_510' title='bbox 478 1710 560 1740; x_wconf 84' lang='lat' dir='ltr'><strong>atque</strong></span> <span class='ocrx_word' id='word_1_511' title='bbox 575 1706 708 1740; x_wconf 71' lang='lat' dir='ltr'><strong>originem</strong></span> <span class='ocrx_word' id='word_1_512' title='bbox 727 1705 919 1733; x_wconf 76' lang='lat' dir='ltr'><strong>transferrent.</strong></span> <span class='ocrx_word' id='word_1_513' title='bbox 936 1706 996 1739; x_wconf 75' lang='lat' dir='ltr'><strong>Qua</strong></span> 
     </span>
    </p>
   </div>
   <div class='ocr_carea' id='block_1_69' title="bbox 1051 1701 1846 1742">
    <p class='ocr_par' dir='ltr' id='par_1_69' title="bbox 1053 1703 1846 1742">
     <span class='ocr_line' id='line_1_69' title="bbox 1053 1703 1846 1742; baseline -0.006 -8"><span class='ocrx_word' id='word_1_514' title='bbox 1053 1707 1201 1739; x_wconf 80' lang='grc' dir='ltr'>δασκαλίας</span> <span class='ocrx_word' id='word_1_515' title='bbox 1219 1709 1399 1742; x_wconf 80' lang='grc' dir='ltr'><strong>μετήνεγκαν,</strong></span> <span class='ocrx_word' id='word_1_516' title='bbox 1417 1706 1464 1732; x_wconf 67' lang='grc' dir='ltr'><strong>καὶ</strong></span> <span class='ocrx_word' id='word_1_517' title='bbox 1484 1705 1624 1740; x_wconf 81' lang='grc' dir='ltr'>βούλονται</span> <span class='ocrx_word' id='word_1_518' title='bbox 1645 1704 1695 1740; x_wconf 87' lang='grc' dir='ltr'><strong>τὴν</strong></span> <span class='ocrx_word' id='word_1_519' title='bbox 1717 1703 1846 1730; x_wconf 81' lang='grc' dir='ltr'>σύστασιν</span> 
     </span>
    </p>
   </div>
   <div class='ocr_carea' id='block_1_70' title="bbox 203 1750 1000 1787">
    <p class='ocr_par' dir='ltr' id='par_1_70' title="bbox 203 1750 1000 1787">
     <span class='ocr_line' id='line_1_70' title="bbox 203 1750 1000 1787; baseline 0.006 -12"><span class='ocrx_word' id='word_1_520' title='bbox 203 1750 314 1785; x_wconf 82' lang='lat' dir='ltr'><strong>quidem</strong></span> <span class='ocrx_word' id='word_1_521' title='bbox 327 1751 457 1778; x_wconf 90' lang='lat' dir='ltr'><strong>similium</strong></span> <span class='ocrx_word' id='word_1_522' title='bbox 474 1752 700 1786; x_wconf 86' lang='lat' dir='ltr'><strong>snpputatiouum</strong></span> <span class='ocrx_word' id='word_1_523' title='bbox 725 1753 893 1787; x_wconf 85' lang='lat' dir='ltr'><strong>comparatis</strong></span> <span class='ocrx_word' id='word_1_524' title='bbox 912 1761 1000 1780; x_wconf 76' lang='lat' dir='ltr'><strong>excut-</strong></span> 
     </span>
    </p>
   </div>
   <div class='ocr_carea' id='block_1_71' title="bbox 203 1796 1001 1831">
    <p class='ocr_par' dir='ltr' id='par_1_71' title="bbox 203 1796 1001 1831">
     <span class='ocr_line' id='line_1_71' title="bbox 203 1796 1001 1831; baseline 0.004 -8"><span class='ocrx_word' id='word_1_525' title='bbox 203 1796 254 1831; x_wconf 87' lang='lat' dir='ltr'><strong>plis</strong></span> <span class='ocrx_word' id='word_1_526' title='bbox 270 1797 450 1824; x_wconf 87' lang='lat' dir='ltr'><strong>corroborare</strong></span> <span class='ocrx_word' id='word_1_527' title='bbox 464 1803 599 1824; x_wconf 86' lang='lat' dir='ltr'><strong>conantur</strong></span> <span class='ocrx_word' id='word_1_528' title='bbox 616 1807 622 1825; x_wconf 87' lang='lat'>:</span> <span class='ocrx_word' id='word_1_529' title='bbox 639 1806 701 1824; x_wconf 88' lang='lat' dir='ltr'><strong>nam</strong></span> <span class='ocrx_word' id='word_1_530' title='bbox 726 1799 847 1826; x_wconf 83' lang='lat' dir='ltr'><strong>Abrasax</strong></span> <span class='ocrx_word' id='word_1_531' title='bbox 859 1819 866 1831; x_wconf 82' lang='lat'><strong>,</strong></span> <span class='ocrx_word' id='word_1_532' title='bbox 887 1802 917 1825; x_wconf 93' lang='lat' dir='ltr'><strong>ut</strong></span> <span class='ocrx_word' id='word_1_533' title='bbox 937 1802 1001 1826; x_wconf 81' lang='lat' dir='ltr'><strong>ante</strong></span> 
     </span>
    </p>
   </div>
   <div class='ocr_carea' id='block_1_72' title="bbox 203 1843 999 1880">
    <p class='ocr_par' dir='ltr' id='par_1_72' title="bbox 203 1843 999 1880">
     <span class='ocr_line' id='line_1_72' title="bbox 203 1843 999 1880; baseline 0.003 -11"><span class='ocrx_word' id='word_1_534' title='bbox 203 1843 271 1875; x_wconf 79' lang='lat' dir='ltr'><strong>dixi,</strong></span> <span class='ocrx_word' id='word_1_535' title='bbox 294 1851 397 1870; x_wconf 71' lang='lat' dir='ltr'><strong>cccuv</strong></span> <span class='ocrx_word' id='word_1_536' title='bbox 424 1852 568 1871; x_wconf 87' lang='lat' dir='ltr'><strong>numerum</strong></span> <span class='ocrx_word' id='word_1_537' title='bbox 596 1845 727 1872; x_wconf 78' lang='lat' dir='ltr'><strong>continet.</strong></span> <span class='ocrx_word' id='word_1_538' title='bbox 757 1844 826 1871; x_wconf 86' lang='lat' dir='ltr'><strong>IIinc</strong></span> <span class='ocrx_word' id='word_1_539' title='bbox 847 1845 928 1880; x_wconf 74' lang='lat' dir='ltr'><strong>igitur</strong></span> <span class='ocrx_word' id='word_1_540' title='bbox 954 1845 999 1872; x_wconf 91' lang='lat' dir='ltr'><strong>isti</strong></span> 
     </span>
    </p>
   </div>
   <div class='ocr_carea' id='block_1_73' title="bbox 204 1889 1000 1919">
    <p class='ocr_par' dir='ltr' id='par_1_73' title="bbox 204 1889 1000 1919">
     <span class='ocr_line' id='line_1_73' title="bbox 204 1889 1000 1919; baseline 0.004 -4"><span class='ocrx_word' id='word_1_541' title='bbox 204 1889 316 1916; x_wconf 86' lang='lat' dir='ltr'><strong>totidem</strong></span> <span class='ocrx_word' id='word_1_542' title='bbox 330 1889 427 1918; x_wconf 90' lang='lat' dir='ltr'><strong>diebus</strong></span> <span class='ocrx_word' id='word_1_543' title='bbox 442 1890 541 1917; x_wconf 89' lang='lat' dir='ltr'><strong>conllci</strong></span> <span class='ocrx_word' id='word_1_544' title='bbox 555 1891 619 1917; x_wconf 82' lang='lat' dir='ltr'><strong>anni</strong></span> <span class='ocrx_word' id='word_1_545' title='bbox 636 1891 781 1918; x_wconf 90' lang='lat' dir='ltr'><strong>circuitum</strong></span> <span class='ocrx_word' id='word_1_546' title='bbox 794 1895 932 1919; x_wconf 86' lang='lat' dir='ltr'><strong>asserunt.</strong></span> <span class='ocrx_word' id='word_1_547' title='bbox 946 1891 1000 1919; x_wconf 81' lang='lat' dir='ltr'><strong>Sed</strong></span> 
     </span>
    </p>
   </div>
   <div class='ocr_carea' id='block_1_74' title="bbox 203 1934 999 1970">
    <p class='ocr_par' dir='ltr' id='par_1_74' title="bbox 203 1934 999 1970">
     <span class='ocr_line' id='line_1_74' title="bbox 203 1934 999 1970; baseline 0.005 -10"><span class='ocrx_word' id='word_1_548' title='bbox 203 1934 295 1961; x_wconf 90' lang='lat' dir='ltr'><strong>inanis</strong></span> <span class='ocrx_word' id='word_1_549' title='bbox 310 1935 366 1962; x_wconf 59' lang='lat' dir='ltr'><strong>hate</strong></span> <span class='ocrx_word' id='word_1_550' title='bbox 381 1935 470 1963; x_wconf 86' lang='lat' dir='ltr'><strong>oratio</strong></span> <span class='ocrx_word' id='word_1_551' title='bbox 482 1943 529 1970; x_wconf 89' lang='lat' dir='ltr'><strong>per</strong></span> <span class='ocrx_word' id='word_1_552' title='bbox 543 1937 662 1969; x_wconf 79' lang='lat' dir='ltr'><strong>seipsam</strong></span> <span class='ocrx_word' id='word_1_553' title='bbox 677 1936 804 1963; x_wconf 87' lang='lat' dir='ltr'><strong>concidat</strong></span> <span class='ocrx_word' id='word_1_554' title='bbox 819 1945 932 1964; x_wconf 87' lang='lat' dir='ltr'><strong>necesse</strong></span> <span class='ocrx_word' id='word_1_555' title='bbox 946 1940 999 1964; x_wconf 84' lang='lat' dir='ltr'><strong>est.</strong></span> 
     </span>
    </p>
   </div>
   <div class='ocr_carea' id='block_1_75' title="bbox 204 1982 1001 2018">
    <p class='ocr_par' dir='ltr' id='par_1_75' title="bbox 204 1982 1001 2018">
     <span class='ocr_line' id='line_1_75' title="bbox 204 1982 1001 2018; baseline 0.001 -10"><span class='ocrx_word' id='word_1_556' title='bbox 204 1982 345 2017; x_wconf 88' lang='lat' dir='ltr'><strong>Siquidem</strong></span> <span class='ocrx_word' id='word_1_557' title='bbox 362 1990 451 2009; x_wconf 90' lang='lat' dir='ltr'><strong>anuus</strong></span> <span class='ocrx_word' id='word_1_558' title='bbox 467 1987 566 2017; x_wconf 74' lang='lat' dir='ltr'><strong>prmter</strong></span> <span class='ocrx_word' id='word_1_559' title='bbox 581 1989 684 2009; x_wconf 76' lang='lat' dir='ltr'><strong>CCCLXV</strong></span> <span class='ocrx_word' id='word_1_560' title='bbox 702 1982 762 2010; x_wconf 88' lang='lat' dir='ltr'><strong>dies</strong></span> <span class='ocrx_word' id='word_1_561' title='bbox 779 1983 868 2010; x_wconf 88' lang='lat' dir='ltr'><strong>tribus</strong></span> <span class='ocrx_word' id='word_1_562' title='bbox 887 1983 1001 2018; x_wconf 88' lang='lat' dir='ltr'><strong>insuper</strong></span> 
     </span>
    </p>
   </div>
   <div class='ocr_carea' id='block_1_76' title="bbox 205 2028 1001 2063">
    <p class='ocr_par' dir='ltr' id='par_1_76' title="bbox 205 2028 1001 2063">
     <span class='ocr_line' id='line_1_76' title="bbox 205 2028 1001 2063; baseline 0.003 -9"><span class='ocrx_word' id='word_1_563' title='bbox 205 2028 281 2055; x_wconf 88' lang='lat' dir='ltr'><strong>horis</strong></span> <span class='ocrx_word' id='word_1_564' title='bbox 303 2032 431 2055; x_wconf 83' lang='lat' dir='ltr'><strong>c0nstare</strong></span> <span class='ocrx_word' id='word_1_565' title='bbox 448 2028 578 2055; x_wconf 83' lang='lat' dir='ltr'><strong>cernitur.</strong></span> <span class='ocrx_word' id='word_1_566' title='bbox 594 2028 696 2055; x_wconf 86' lang='lat' dir='ltr'><strong>Eadem</strong></span> <span class='ocrx_word' id='word_1_567' title='bbox 723 2035 798 2059; x_wconf 71' lang='lat' dir='ltr'><strong>vero,</strong></span> <span class='ocrx_word' id='word_1_568' title='bbox 822 2028 921 2063; x_wconf 80' lang='lat' dir='ltr'><strong>inquit,</strong></span> <span class='ocrx_word' id='word_1_569' title='bbox 944 2028 1001 2056; x_wconf 65' lang='lat' dir='ltr'><strong>haec</strong></span> 
     </span>
    </p>
   </div>
   <div class='ocr_carea' id='block_1_77' title="bbox 204 2073 1001 2107">
    <p class='ocr_par' dir='ltr' id='par_1_77' title="bbox 204 2073 1001 2107">
     <span class='ocr_line' id='line_1_77' title="bbox 204 2073 1001 2107; baseline 0 -6"><span class='ocrx_word' id='word_1_570' title='bbox 204 2081 288 2101; x_wconf 74' lang='lat' dir='ltr'><strong>causa</strong></span> <span class='ocrx_word' id='word_1_571' title='bbox 304 2077 346 2101; x_wconf 89' lang='lat' dir='ltr'><strong>est</strong></span> <span class='ocrx_word' id='word_1_572' title='bbox 362 2081 411 2100; x_wconf 85' lang='lat' dir='ltr'><strong>cur</strong></span> <span class='ocrx_word' id='word_1_573' title='bbox 428 2074 455 2100; x_wconf 86' lang='lat' dir='ltr'><strong>in</strong></span> <span class='ocrx_word' id='word_1_574' title='bbox 473 2073 583 2101; x_wconf 89' lang='lat' dir='ltr'><strong>homine</strong></span> <span class='ocrx_word' id='word_1_575' title='bbox 605 2081 707 2101; x_wconf 75' lang='lat' dir='ltr'><strong>cet:th</strong></span> <span class='ocrx_word' id='word_1_576' title='bbox 730 2073 852 2101; x_wconf 89' lang='lat' dir='ltr'><strong>membra</strong></span> <span class='ocrx_word' id='word_1_577' title='bbox 877 2074 948 2107; x_wconf 86' lang='lat' dir='ltr'><strong>sint,</strong></span> <span class='ocrx_word' id='word_1_578' title='bbox 971 2079 1001 2101; x_wconf 94' lang='lat' dir='ltr'><strong>ut</strong></span> 
     </span>
    </p>
   </div>
   <div class='ocr_carea' id='block_1_78' title="bbox 203 2120 1000 2154">
    <p class='ocr_par' dir='ltr' id='par_1_78' title="bbox 203 2120 1000 2154">
     <span class='ocr_line' id='line_1_78' title="bbox 203 2120 1000 2154; baseline 0.001 -8"><span class='ocrx_word' id='word_1_579' title='bbox 203 2120 331 2154; x_wconf 75' lang='lat' dir='ltr'><strong>quzelibet</strong></span> <span class='ocrx_word' id='word_1_580' title='bbox 370 2120 477 2146; x_wconf 87' lang='lat' dir='ltr'><strong>illarum</strong></span> <span class='ocrx_word' id='word_1_581' title='bbox 505 2120 638 2146; x_wconf 90' lang='lat' dir='ltr'><strong>virtutum</strong></span> <span class='ocrx_word' id='word_1_582' title='bbox 669 2127 749 2146; x_wconf 91' lang='lat' dir='ltr'><strong>suum</strong></span> <span class='ocrx_word' id='word_1_583' title='bbox 781 2120 833 2146; x_wconf 88' lang='lat' dir='ltr'><strong>sibi</strong></span> <span class='ocrx_word' id='word_1_584' title='bbox 861 2120 1000 2148; x_wconf 81' lang='lat' dir='ltr'><strong>vindicare</strong></span> 
     </span>
    </p>
   </div>
   <div class='ocr_carea' id='block_1_79' title="bbox 205 2166 1000 2201">
    <p class='ocr_par' dir='ltr' id='par_1_79' title="bbox 205 2166 1000 2201">
     <span class='ocr_line' id='line_1_79' title="bbox 205 2166 1000 2201; baseline 0.003 -10"><span class='ocrx_word' id='word_1_585' title='bbox 205 2166 302 2200; x_wconf 89' lang='lat' dir='ltr'><strong>possit.</strong></span> <span class='ocrx_word' id='word_1_586' title='bbox 318 2166 347 2193; x_wconf 90' lang='lat' dir='ltr'><strong>In</strong></span> <span class='ocrx_word' id='word_1_587' title='bbox 363 2173 417 2199; x_wconf 89' lang='lat' dir='ltr'><strong>quo</strong></span> <span class='ocrx_word' id='word_1_588' title='bbox 431 2166 540 2201; x_wconf 87' lang='lat' dir='ltr'><strong>quidem</strong></span> <span class='ocrx_word' id='word_1_589' title='bbox 555 2167 702 2193; x_wconf 83' lang='lat' dir='ltr'><strong>conlictum</strong></span> <span class='ocrx_word' id='word_1_590' title='bbox 718 2166 782 2192; x_wconf 91' lang='lat' dir='ltr'><strong>illud</strong></span> <span class='ocrx_word' id='word_1_591' title='bbox 801 2166 1000 2193; x_wconf 83' lang='lat' dir='ltr'><strong>adulterinum-</strong></span> 
     </span>
    </p>
   </div>
   <div class='ocr_carea' id='block_1_80' title="bbox 204 2211 1000 2247">
    <p class='ocr_par' dir='ltr' id='par_1_80' title="bbox 204 2211 1000 2247">
     <span class='ocr_line' id='line_1_80' title="bbox 204 2211 1000 2247; baseline 0.003 -10"><span class='ocrx_word' id='word_1_592' title='bbox 204 2219 259 2246; x_wconf 89' lang='lat' dir='ltr'><strong>que</strong></span> <span class='ocrx_word' id='word_1_593' title='bbox 279 2212 377 2247; x_wconf 77' lang='lat' dir='ltr'><strong>dogma</strong></span> <span class='ocrx_word' id='word_1_594' title='bbox 399 2220 454 2238; x_wconf 90' lang='lat' dir='ltr'><strong>non</strong></span> <span class='ocrx_word' id='word_1_595' title='bbox 478 2212 569 2239; x_wconf 87' lang='lat' dir='ltr'><strong>minus</strong></span> <span class='ocrx_word' id='word_1_596' title='bbox 589 2212 704 2239; x_wconf 87' lang='lat' dir='ltr'><strong>corruit.</strong></span> <span class='ocrx_word' id='word_1_597' title='bbox 726 2211 833 2246; x_wconf 87' lang='lat' dir='ltr'><strong>Quippe</strong></span> <span class='ocrx_word' id='word_1_598' title='bbox 851 2219 906 2239; x_wconf 91' lang='lat' dir='ltr'><strong>non</strong></span> <span class='ocrx_word' id='word_1_599' title='bbox 921 2212 1000 2247; x_wconf 85' lang='lat' dir='ltr'><strong>plura</strong></span> 
     </span>
    </p>
   </div>
   <div class='ocr_carea' id='block_1_81' title="bbox 204 2259 839 2286">
    <p class='ocr_par' dir='ltr' id='par_1_81' title="bbox 204 2259 839 2286">
     <span class='ocr_line' id='line_1_81' title="bbox 204 2259 839 2286; baseline 0.002 -2"><span class='ocrx_word' id='word_1_600' title='bbox 204 2265 317 2285; x_wconf 73' lang='lat' dir='ltr'><strong>cccutv</strong></span> <span class='ocrx_word' id='word_1_601' title='bbox 332 2259 464 2286; x_wconf 88' lang='lat' dir='ltr'><strong>membris</strong></span> <span class='ocrx_word' id='word_1_602' title='bbox 477 2259 503 2285; x_wconf 96' lang='lat' dir='ltr'><strong>in</strong></span> <span class='ocrx_word' id='word_1_603' title='bbox 522 2259 634 2286; x_wconf 90' lang='lat' dir='ltr'><strong>homine</strong></span> <span class='ocrx_word' id='word_1_604' title='bbox 647 2263 839 2286; x_wconf 87' lang='lat' dir='ltr'><strong>numerantur.</strong></span> 
     </span>
    </p>
   </div>
   <div class='ocr_carea' id='block_1_82' title="bbox 240 2302 998 2338">
    <p class='ocr_par' dir='ltr' id='par_1_82' title="bbox 240 2302 998 2338">
     <span class='ocr_line' id='line_1_82' title="bbox 240 2302 998 2338; baseline 0.001 -9"><span class='ocrx_word' id='word_1_605' title='bbox 240 2302 308 2330; x_wconf 84' lang='lat' dir='ltr'><strong>Vlll.</strong></span> <span class='ocrx_word' id='word_1_606' title='bbox 328 2306 367 2330; x_wconf 86' lang='lat' dir='ltr'><strong>Ac</strong></span> <span class='ocrx_word' id='word_1_607' title='bbox 387 2304 483 2331; x_wconf 83' lang='lat' dir='ltr'><strong>beatus</strong></span> <span class='ocrx_word' id='word_1_608' title='bbox 504 2305 548 2331; x_wconf 91' lang='lat' dir='ltr'><strong>ille</strong></span> <span class='ocrx_word' id='word_1_609' title='bbox 568 2304 755 2338; x_wconf 83' lang='lat' dir='ltr'><strong>apestolorum</strong></span> <span class='ocrx_word' id='word_1_610' title='bbox 776 2311 922 2332; x_wconf 89' lang='lat' dir='ltr'><strong>successor</strong></span> <span class='ocrx_word' id='word_1_611' title='bbox 941 2303 998 2331; x_wconf 84' lang='lat' dir='ltr'><strong>Ire-</strong></span> 
     </span>
    </p>
   </div>
   <div class='ocr_carea' id='block_1_83' title="bbox 205 2350 999 2386">
    <p class='ocr_par' dir='ltr' id='par_1_83' title="bbox 205 2350 999 2386">
     <span class='ocr_line' id='line_1_83' title="bbox 205 2350 999 2386; baseline 0.003 -11"><span class='ocrx_word' id='word_1_612' title='bbox 205 2357 282 2376; x_wconf 75' lang='lat' dir='ltr'><strong>nzeus</strong></span> <span class='ocrx_word' id='word_1_613' title='bbox 301 2350 430 2378; x_wconf 88' lang='lat' dir='ltr'><strong>subtilius</strong></span> <span class='ocrx_word' id='word_1_614' title='bbox 450 2358 482 2377; x_wconf 86' lang='lat' dir='ltr'><strong>ea</strong></span> <span class='ocrx_word' id='word_1_615' title='bbox 503 2350 537 2377; x_wconf 87' lang='lat' dir='ltr'><strong>de</strong></span> <span class='ocrx_word' id='word_1_616' title='bbox 556 2359 585 2377; x_wconf 88' lang='lat' dir='ltr'><strong>re</strong></span> <span class='ocrx_word' id='word_1_617' title='bbox 605 2350 749 2386; x_wconf 86' lang='lat' dir='ltr'><strong>disputans</strong></span> <span class='ocrx_word' id='word_1_618' title='bbox 767 2350 888 2378; x_wconf 86' lang='lat' dir='ltr'><strong>hominis</strong></span> <span class='ocrx_word' id='word_1_619' title='bbox 906 2351 999 2377; x_wconf 89' lang='lat' dir='ltr'><strong>stulti-</strong></span> 
     </span>
    </p>
   </div>
   <div class='ocr_carea' id='block_1_84' title="bbox 1050 1750 1846 1787">
    <p class='ocr_par' dir='ltr' id='par_1_84' title="bbox 1050 1750 1846 1787">
     <span class='ocr_line' id='line_1_84' title="bbox 1050 1750 1846 1787; baseline -0.008 -6"><span class='ocrx_word' id='word_1_620' title='bbox 1050 1754 1152 1781; x_wconf 86' lang='grc' dir='ltr'>τούτων</span> <span class='ocrx_word' id='word_1_621' title='bbox 1166 1753 1220 1780; x_wconf 81' lang='grc' dir='ltr'>ἀπὸ</span> <span class='ocrx_word' id='word_1_622' title='bbox 1232 1753 1287 1779; x_wconf 83' lang='grc' dir='ltr'><strong>τῶν</strong></span> <span class='ocrx_word' id='word_1_623' title='bbox 1298 1753 1397 1787; x_wconf 80' lang='grc' dir='ltr'>ὁμοίων</span> <span class='ocrx_word' id='word_1_624' title='bbox 1413 1751 1511 1787; x_wconf 70' lang='grc' dir='ltr'>ψήφων</span> <span class='ocrx_word' id='word_1_625' title='bbox 1528 1750 1681 1781; x_wconf 80' lang='grc' dir='ltr'>ποιεῖσθαι,</span> <span class='ocrx_word' id='word_1_626' title='bbox 1698 1750 1736 1781; x_wconf 82' lang='grc' dir='ltr'>ὼς</span> <span class='ocrx_word' id='word_1_627' title='bbox 1753 1750 1846 1785; x_wconf 70' lang='grc' dir='ltr'>προεῖ-</span> 
     </span>
    </p>
   </div>
   <div class='ocr_carea' id='block_1_85' title="bbox 1052 1796 1845 1834">
    <p class='ocr_par' dir='ltr' id='par_1_85' title="bbox 1052 1796 1845 1834">
     <span class='ocr_line' id='line_1_85' title="bbox 1052 1796 1845 1834; baseline -0.005 -8"><span class='ocrx_word' id='word_1_628' title='bbox 1052 1809 1114 1832; x_wconf 85' lang='grc' dir='ltr'>πον,</span> <span class='ocrx_word' id='word_1_629' title='bbox 1137 1799 1184 1826; x_wconf 75' lang='grc' dir='ltr'>τοῦ</span> <span class='ocrx_word' id='word_1_630' title='bbox 1203 1798 1342 1834; x_wconf 78' lang='grc' dir='ltr'>Ἀθρασὰξ</span> <span class='ocrx_word' id='word_1_631' title='bbox 1365 1798 1419 1824; x_wconf 86' lang='grc' dir='ltr'><strong>τῶν</strong></span> <span class='ocrx_word' id='word_1_632' title='bbox 1443 1798 1607 1834; x_wconf 77' lang='grc' dir='ltr'>τριακοσίων</span> <span class='ocrx_word' id='word_1_633' title='bbox 1632 1796 1845 1832; x_wconf 75' lang='grc' dir='ltr'>ἑξηκονταπέντε</span> 
     </span>
    </p>
   </div>
   <div class='ocr_carea' id='block_1_86' title="bbox 1050 1841 1846 1881">
    <p class='ocr_par' dir='ltr' id='par_1_86' title="bbox 1050 1841 1846 1881">
     <span class='ocr_line' id='line_1_86' title="bbox 1050 1841 1846 1881; baseline -0.005 -9"><span class='ocrx_word' id='word_1_634' title='bbox 1050 1845 1094 1872; x_wconf 82' lang='grc' dir='ltr'>τὸν</span> <span class='ocrx_word' id='word_1_635' title='bbox 1111 1845 1227 1881; x_wconf 77' lang='grc' dir='ltr'>ἀριθμὸν</span> <span class='ocrx_word' id='word_1_636' title='bbox 1248 1844 1354 1880; x_wconf 73' lang='grc' dir='ltr'>ἔχοντος</span> <span class='ocrx_word' id='word_1_637' title='bbox 1378 1844 1467 1879; x_wconf 73' lang='grc' dir='ltr'><strong>δῆθεν,</strong></span> <span class='ocrx_word' id='word_1_638' title='bbox 1492 1844 1644 1874; x_wconf 72' lang='grc' dir='ltr'>δεικνύντες</span> <span class='ocrx_word' id='word_1_639' title='bbox 1659 1843 1692 1869; x_wconf 83' lang='grc' dir='ltr'>δι’</span> <span class='ocrx_word' id='word_1_640' title='bbox 1711 1841 1793 1869; x_wconf 78' lang='grc' dir='ltr'>αὑτοῦ</span> <span class='ocrx_word' id='word_1_641' title='bbox 1814 1841 1846 1868; x_wconf 75' lang='grc' dir='ltr'><strong>τὸ</strong></span> 
     </span>
    </p>
   </div>
   <div class='ocr_carea' id='block_1_87' title="bbox 1050 1887 1845 1927">
    <p class='ocr_par' dir='ltr' id='par_1_87' title="bbox 1050 1887 1845 1927">
     <span class='ocr_line' id='line_1_87' title="bbox 1050 1887 1845 1927; baseline -0.004 -9"><span class='ocrx_word' id='word_1_642' title='bbox 1050 1892 1121 1927; x_wconf 79' lang='grc' dir='ltr'>ἔχειν</span> <span class='ocrx_word' id='word_1_643' title='bbox 1131 1892 1176 1918; x_wconf 78' lang='grc' dir='ltr'>τὸν</span> <span class='ocrx_word' id='word_1_644' title='bbox 1191 1891 1312 1918; x_wconf 75' lang='grc' dir='ltr'>ἐνιαυτὸν</span> <span class='ocrx_word' id='word_1_645' title='bbox 1323 1891 1492 1926; x_wconf 75' lang='grc' dir='ltr'>τριακοσίων</span> <span class='ocrx_word' id='word_1_646' title='bbox 1504 1889 1717 1925; x_wconf 74' lang='grc' dir='ltr'>ἐξηκονταπέντε</span> <span class='ocrx_word' id='word_1_647' title='bbox 1731 1887 1845 1924; x_wconf 78' lang='grc' dir='ltr'>ἡμερῶν</span> 
     </span>
    </p>
   </div>
   <div class='ocr_carea' id='block_1_88' title="bbox 1050 1933 1845 1973">
    <p class='ocr_par' dir='ltr' id='par_1_88' title="bbox 1050 1933 1845 1973">
     <span class='ocr_line' id='line_1_88' title="bbox 1050 1933 1845 1973; baseline -0.006 -9"><span class='ocrx_word' id='word_1_648' title='bbox 1050 1937 1166 1973; x_wconf 73' lang='grc' dir='ltr'>ἀριθμὸν</span> <span class='ocrx_word' id='word_1_649' title='bbox 1180 1937 1250 1963; x_wconf 79' lang='grc' dir='ltr'>κατὰ</span> <span class='ocrx_word' id='word_1_650' title='bbox 1267 1936 1402 1972; x_wconf 81' lang='grc' dir='ltr'>περίοδον.</span> <span class='ocrx_word' id='word_1_651' title='bbox 1418 1935 1550 1962; x_wconf 81' lang='grc' dir='ltr'>Πέπτωκε</span> <span class='ocrx_word' id='word_1_652' title='bbox 1562 1935 1590 1961; x_wconf 80' lang='grc' dir='ltr'><strong>δὲ</strong></span> <span class='ocrx_word' id='word_1_653' title='bbox 1602 1934 1684 1961; x_wconf 76' lang='grc' dir='ltr'>αὐτοῦ</span> <span class='ocrx_word' id='word_1_654' title='bbox 1695 1935 1710 1960; x_wconf 85' lang='grc' dir='ltr'><strong>ὁ</strong></span> <span class='ocrx_word' id='word_1_655' title='bbox 1721 1933 1845 1969; x_wconf 81' lang='grc' dir='ltr'><strong>ληρώδης</strong></span> 
     </span>
    </p>
   </div>
   <div class='ocr_carea' id='block_1_89' title="bbox 1050 1979 1845 2019">
    <p class='ocr_par' dir='ltr' id='par_1_89' title="bbox 1050 1979 1845 2019">
     <span class='ocr_line' id='line_1_89' title="bbox 1050 1979 1845 2019; baseline -0.008 -9"><span class='ocrx_word' id='word_1_656' title='bbox 1050 1984 1138 2018; x_wconf 83' lang='grc' dir='ltr'>λόγος.</span> <span class='ocrx_word' id='word_1_657' title='bbox 1166 1983 1330 2019; x_wconf 80' lang='grc' dir='ltr'>Εὑρίσκεται</span> <span class='ocrx_word' id='word_1_658' title='bbox 1354 1982 1409 2017; x_wconf 85' lang='grc' dir='ltr'>γὰρ</span> <span class='ocrx_word' id='word_1_659' title='bbox 1432 1982 1446 2007; x_wconf 78' lang='grc' dir='ltr'>ὁ</span> <span class='ocrx_word' id='word_1_660' title='bbox 1466 1981 1587 2012; x_wconf 75' lang='grc' dir='ltr'>ἐνιαυτὸς</span> <span class='ocrx_word' id='word_1_661' title='bbox 1610 1980 1664 2015; x_wconf 83' lang='grc'>(61)</span> <span class='ocrx_word' id='word_1_662' title='bbox 1681 1979 1845 2015; x_wconf 78' lang='grc' dir='ltr'>τριακοσίων</span> 
     </span>
    </p>
   </div>
   <div class='ocr_carea' id='block_1_90' title="bbox 1051 2024 1849 2066">
    <p class='ocr_par' dir='ltr' id='par_1_90' title="bbox 1051 2024 1849 2066">
     <span class='ocr_line' id='line_1_90' title="bbox 1051 2024 1849 2066; baseline -0.006 -10"><span class='ocrx_word' id='word_1_663' title='bbox 1051 2030 1266 2066; x_wconf 77' lang='grc' dir='ltr'>ἐξηκονταπέντε</span> <span class='ocrx_word' id='word_1_664' title='bbox 1282 2028 1394 2064; x_wconf 87' lang='grc' dir='ltr'>ήμερῶν</span> <span class='ocrx_word' id='word_1_665' title='bbox 1407 2028 1455 2055; x_wconf 79' lang='grc' dir='ltr'><strong>καὶ</strong></span> <span class='ocrx_word' id='word_1_666' title='bbox 1469 2026 1548 2063; x_wconf 85' lang='grc' dir='ltr'>ὡρῶν</span> <span class='ocrx_word' id='word_1_667' title='bbox 1562 2026 1655 2062; x_wconf 84' lang='grc' dir='ltr'>τριῶν.</span> <span class='ocrx_word' id='word_1_668' title='bbox 1672 2024 1739 2052; x_wconf 79' lang='grc' dir='ltr'>Εἶτα</span> <span class='ocrx_word' id='word_1_669' title='bbox 1756 2025 1849 2052; x_wconf 78' lang='grc' dir='ltr'>ἐντεῦ-</span> 
     </span>
    </p>
   </div>
   <div class='ocr_carea' id='block_1_91' title="bbox 1051 2071 1846 2111">
    <p class='ocr_par' dir='ltr' id='par_1_91' title="bbox 1051 2071 1846 2111">
     <span class='ocr_line' id='line_1_91' title="bbox 1051 2071 1846 2111; baseline -0.008 -8"><span class='ocrx_word' id='word_1_670' title='bbox 1051 2076 1096 2103; x_wconf 83' lang='grc' dir='ltr'><strong>θέν</strong></span> <span class='ocrx_word' id='word_1_671' title='bbox 1109 2085 1186 2110; x_wconf 69' lang='grc' dir='ltr'>φησι,</span> <span class='ocrx_word' id='word_1_672' title='bbox 1207 2077 1252 2102; x_wconf 74' lang='grc' dir='ltr'><strong>καὶ</strong></span> <span class='ocrx_word' id='word_1_673' title='bbox 1272 2073 1289 2102; x_wconf 77' lang='lat'><strong><em>6</em></strong></span> <span class='ocrx_word' id='word_1_674' title='bbox 1303 2075 1445 2111; x_wconf 77' lang='grc' dir='ltr'>ἄνθρωπος</span> <span class='ocrx_word' id='word_1_675' title='bbox 1466 2073 1522 2108; x_wconf 80' lang='grc' dir='ltr'>ἔχει</span> <span class='ocrx_word' id='word_1_676' title='bbox 1539 2072 1683 2108; x_wconf 80' lang='grc' dir='ltr'>τριακόσια</span> <span class='ocrx_word' id='word_1_677' title='bbox 1698 2071 1846 2107; x_wconf 80' lang='grc' dir='ltr'>ἑξηκοντα-</span> 
     </span>
    </p>
   </div>
   <div class='ocr_carea' id='block_1_92' title="bbox 1051 2117 1847 2157">
    <p class='ocr_par' dir='ltr' id='par_1_92' title="bbox 1051 2117 1847 2157">
     <span class='ocr_line' id='line_1_92' title="bbox 1051 2117 1847 2157; baseline -0.005 -9"><span class='ocrx_word' id='word_1_678' title='bbox 1051 2122 1132 2149; x_wconf 85' lang='grc' dir='ltr'>πέντε</span> <span class='ocrx_word' id='word_1_679' title='bbox 1150 2121 1230 2157; x_wconf 82' lang='grc' dir='ltr'>μέλη,</span> <span class='ocrx_word' id='word_1_680' title='bbox 1247 2121 1285 2153; x_wconf 81' lang='grc' dir='ltr'>ὡς</span> <span class='ocrx_word' id='word_1_681' title='bbox 1303 2122 1405 2157; x_wconf 80' lang='grc' dir='ltr'>ἑκάστῃ</span> <span class='ocrx_word' id='word_1_682' title='bbox 1427 2119 1481 2146; x_wconf 85' lang='grc' dir='ltr'><strong>τῶν</strong></span> <span class='ocrx_word' id='word_1_683' title='bbox 1499 2119 1641 2154; x_wconf 79' lang='grc' dir='ltr'><strong>δυνάμεων</strong></span> <span class='ocrx_word' id='word_1_684' title='bbox 1660 2117 1847 2154; x_wconf 78' lang='grc' dir='ltr'>ἀπονέμεσοαι</span> 
     </span>
    </p>
   </div>
   <div class='ocr_carea' id='block_1_93' title="bbox 1051 2164 1848 2203">
    <p class='ocr_par' dir='ltr' id='par_1_93' title="bbox 1051 2164 1848 2203">
     <span class='ocr_line' id='line_1_93' title="bbox 1051 2164 1848 2203; baseline -0.006 -9"><span class='ocrx_word' id='word_1_685' title='bbox 1051 2167 1079 2194; x_wconf 81' lang='grc' dir='ltr'><strong>ἓν</strong></span> <span class='ocrx_word' id='word_1_686' title='bbox 1095 2168 1186 2203; x_wconf 80' lang='grc' dir='ltr'>μέλος,</span> <span class='ocrx_word' id='word_1_687' title='bbox 1202 2167 1262 2194; x_wconf 81' lang='grc' dir='ltr'>ὅθεν</span> <span class='ocrx_word' id='word_1_688' title='bbox 1275 2167 1322 2194; x_wconf 72' lang='grc' dir='ltr'><strong>καὶ</strong></span> <span class='ocrx_word' id='word_1_689' title='bbox 1334 2167 1361 2193; x_wconf 81' lang='grc' dir='ltr'>ὲν</span> <span class='ocrx_word' id='word_1_690' title='bbox 1371 2165 1458 2200; x_wconf 86' lang='grc' dir='ltr'>τούτῳ</span> <span class='ocrx_word' id='word_1_691' title='bbox 1471 2164 1615 2191; x_wconf 83' lang='grc' dir='ltr'>πέπτωκεν</span> <span class='ocrx_word' id='word_1_692' title='bbox 1626 2164 1707 2191; x_wconf 81' lang='grc' dir='ltr'>αὑτοῦ</span> <span class='ocrx_word' id='word_1_693' title='bbox 1722 2164 1739 2200; x_wconf 84' lang='grc' dir='ltr'>ὴ</span> <span class='ocrx_word' id='word_1_694' title='bbox 1755 2164 1848 2190; x_wconf 66' lang='grc' dir='ltr'>ἐπινε-</span> 
     </span>
    </p>
   </div>
   <div class='ocr_carea' id='block_1_94' title="bbox 1050 2209 1846 2250">
    <p class='ocr_par' dir='ltr' id='par_1_94' title="bbox 1050 2209 1846 2250">
     <span class='ocr_line' id='line_1_94' title="bbox 1050 2209 1846 2250; baseline -0.005 -10"><span class='ocrx_word' id='word_1_695' title='bbox 1050 2214 1167 2250; x_wconf 80' lang='grc' dir='ltr'><strong>νοημένη</strong></span> <span class='ocrx_word' id='word_1_696' title='bbox 1187 2214 1235 2240; x_wconf 72' lang='grc' dir='ltr'><strong>καὶ</strong></span> <span class='ocrx_word' id='word_1_697' title='bbox 1254 2213 1331 2244; x_wconf 84' lang='grc' dir='ltr'>νόθος</span> <span class='ocrx_word' id='word_1_698' title='bbox 1348 2211 1515 2239; x_wconf 73' lang='grc' dir='ltr'>διδασκαλία.</span> <span class='ocrx_word' id='word_1_699' title='bbox 1535 2211 1568 2237; x_wconf 81' lang='grc' dir='ltr'><strong>Εἰ</strong></span> <span class='ocrx_word' id='word_1_700' title='bbox 1582 2210 1637 2247; x_wconf 80' lang='grc' dir='ltr'>γὰρ</span> <span class='ocrx_word' id='word_1_701' title='bbox 1650 2210 1690 2245; x_wconf 89' lang='grc' dir='ltr'>τῷ</span> <span class='ocrx_word' id='word_1_702' title='bbox 1708 2209 1846 2246; x_wconf 81' lang='grc' dir='ltr'><strong>ἀνθρώπῳ</strong></span> 
     </span>
    </p>
   </div>
   <div class='ocr_carea' id='block_1_95' title="bbox 1050 2259 1349 2294">
    <p class='ocr_par' dir='ltr' id='par_1_95' title="bbox 1050 2259 1349 2294">
     <span class='ocr_line' id='line_1_95' title="bbox 1050 2259 1349 2294; baseline -0.003 -8"><span class='ocrx_word' id='word_1_703' title='bbox 1050 2259 1109 2286; x_wconf 69' lang='grc' dir='ltr'>ἐστὶ</span> <span class='ocrx_word' id='word_1_704' title='bbox 1125 2259 1182 2294; x_wconf 77' lang='lat'><strong>(6‘2)</strong></span> <span class='ocrx_word' id='word_1_705' title='bbox 1200 2259 1253 2291; x_wconf 78' lang='grc' dir='ltr'>τξδι</span> <span class='ocrx_word' id='word_1_706' title='bbox 1272 2259 1349 2294; x_wconf 78' lang='grc' dir='ltr'><strong>μέλη.</strong></span> 
     </span>
    </p>
   </div>
   <div class='ocr_carea' id='block_1_96' title="bbox 1085 2302 1846 2340">
    <p class='ocr_par' dir='ltr' id='par_1_96' title="bbox 1085 2302 1846 2340">
     <span class='ocr_line' id='line_1_96' title="bbox 1085 2302 1846 2340; baseline -0.007 -8"><span class='ocrx_word' id='word_1_707' title='bbox 1085 2305 1126 2332; x_wconf 74' lang='lat'><strong>11&#39;.</strong></span> <span class='ocrx_word' id='word_1_708' title='bbox 1154 2304 1324 2340; x_wconf 83' lang='grc' dir='ltr'>Θαυμαστῶς</span> <span class='ocrx_word' id='word_1_709' title='bbox 1346 2304 1374 2330; x_wconf 79' lang='grc' dir='ltr'>δὲ</span> <span class='ocrx_word' id='word_1_710' title='bbox 1399 2305 1413 2330; x_wconf 83' lang='grc' dir='ltr'><strong>ὁ</strong></span> <span class='ocrx_word' id='word_1_711' title='bbox 1439 2303 1575 2338; x_wconf 81' lang='grc' dir='ltr'>μακάριος</span> <span class='ocrx_word' id='word_1_712' title='bbox 1599 2303 1742 2338; x_wconf 80' lang='grc' dir='ltr'>Εἰρηναῖος</span> <span class='ocrx_word' id='word_1_713' title='bbox 1759 2302 1773 2328; x_wconf 88' lang='grc' dir='ltr'>ὁ</span> <span class='ocrx_word' id='word_1_714' title='bbox 1790 2302 1846 2328; x_wconf 86' lang='grc' dir='ltr'><strong>τῶν</strong></span> 
     </span>
    </p>
   </div>
   <div class='ocr_carea' id='block_1_97' title="bbox 1051 2347 1846 2386">
    <p class='ocr_par' dir='ltr' id='par_1_97' title="bbox 1051 2347 1846 2386">
     <span class='ocr_line' id='line_1_97' title="bbox 1051 2347 1846 2386; baseline -0.005 -8"><span class='ocrx_word' id='word_1_715' title='bbox 1051 2351 1207 2378; x_wconf 75' lang='grc' dir='ltr'>ἀποστόλων</span> <span class='ocrx_word' id='word_1_716' title='bbox 1214 2351 1346 2386; x_wconf 80' lang='grc' dir='ltr'>διάδοχος,</span> <span class='ocrx_word' id='word_1_717' title='bbox 1355 2360 1387 2377; x_wconf 86' lang='grc' dir='ltr'><strong>πε</strong></span> <span class='ocrx_word' id='word_1_718' title='bbox 1392 2351 1416 2386; x_wconf 66' lang='lat' dir='ltr'><strong>pi</strong></span> <span class='ocrx_word' id='word_1_719' title='bbox 1429 2350 1522 2377; x_wconf 84' lang='grc' dir='ltr'>τούτου</span> <span class='ocrx_word' id='word_1_720' title='bbox 1531 2348 1711 2383; x_wconf 79' lang='grc' dir='ltr'>λεπτολογῶν,</span> <span class='ocrx_word' id='word_1_721' title='bbox 1721 2347 1846 2383; x_wconf 78' lang='grc' dir='ltr'>διήλεγξε</span> 
     </span>
    </p>
   </div>
   <div class='ocr_carea' id='block_1_98' title="bbox 204 2393 996 2433">
    <p class='ocr_par' dir='ltr' id='par_1_98' title="bbox 204 2396 996 2431">
     <span class='ocr_line' id='line_1_98' title="bbox 204 2396 996 2431; baseline 0.004 -10"><span class='ocrx_word' id='word_1_722' title='bbox 204 2396 272 2422; x_wconf 71' lang='lat' dir='ltr'><strong>tiam</strong></span> <span class='ocrx_word' id='word_1_723' title='bbox 295 2403 358 2423; x_wconf 90' lang='lat' dir='ltr'><strong>cum</strong></span> <span class='ocrx_word' id='word_1_724' title='bbox 381 2397 439 2431; x_wconf 89' lang='lat' dir='ltr'><strong>pari</strong></span> <span class='ocrx_word' id='word_1_725' title='bbox 458 2397 645 2424; x_wconf 82' lang='lat' dir='ltr'><strong>imbecillitate</strong></span> <span class='ocrx_word' id='word_1_726' title='bbox 666 2397 843 2431; x_wconf 74' lang='lat' dir='ltr'><strong>coniunctam</strong></span> <span class='ocrx_word' id='word_1_727' title='bbox 863 2404 930 2424; x_wconf 89' lang='lat' dir='ltr'><strong>sane</strong></span> <span class='ocrx_word' id='word_1_728' title='bbox 948 2397 996 2424; x_wconf 82' lang='lat' dir='ltr'><strong>ad-</strong></span> 
     </span>
    </p>
   </div>
   <div class='ocr_carea' id='block_1_99' title="bbox 1051 2393 1846 2433">
    <p class='ocr_par' dir='ltr' id='par_1_99' title="bbox 1051 2395 1846 2433">
     <span class='ocr_line' id='line_1_99' title="bbox 1051 2395 1846 2433; baseline -0.003 -10"><span class='ocrx_word' id='word_1_729' title='bbox 1051 2397 1144 2424; x_wconf 83' lang='grc' dir='ltr'>τούτου</span> <span class='ocrx_word' id='word_1_730' title='bbox 1154 2399 1202 2433; x_wconf 83' lang='grc' dir='ltr'><strong>τὴν</strong></span> <span class='ocrx_word' id='word_1_731' title='bbox 1213 2397 1377 2433; x_wconf 80' lang='grc' dir='ltr'>ἁϐελτηρίαν</span> <span class='ocrx_word' id='word_1_732' title='bbox 1388 2397 1436 2424; x_wconf 82' lang='grc' dir='ltr'><strong>καὶ</strong></span> <span class='ocrx_word' id='word_1_733' title='bbox 1445 2397 1599 2433; x_wconf 84' lang='grc' dir='ltr'>ἀδράνειαν.</span> <span class='ocrx_word' id='word_1_734' title='bbox 1612 2395 1846 2432; x_wconf 66' lang='grc' dir='ltr'>’Δνατραπήσεταο</span> 
     </span>
    </p>
   </div>
   <div class='ocr_carea' id='block_1_100' title="bbox 243 2471 996 2512">
    <p class='ocr_par' dir='ltr' id='par_1_100' title="bbox 243 2473 996 2511">
     <span class='ocr_line' id='line_1_100' title="bbox 243 2473 996 2511; baseline 0.003 -11"><span class='ocrx_word' id='word_1_735' title='bbox 243 2474 250 2489; x_wconf 82' lang='grc'>⁸</span> <span class='ocrx_word' id='word_1_736' title='bbox 268 2473 350 2501; x_wconf 83' lang='lat' dir='ltr'><strong>Eccli.</strong></span> <span class='ocrx_word' id='word_1_737' title='bbox 363 2482 411 2507; x_wconf 83' lang='lat' dir='ltr'><strong>vit,</strong></span> <span class='ocrx_word' id='word_1_738' title='bbox 429 2475 455 2502; x_wconf 82' lang='lat' dir='ltr'><strong>I.</strong></span> <span class='ocrx_word' id='word_1_739' title='bbox 496 2475 506 2490; x_wconf 87' lang='grc'>¹</span> <span class='ocrx_word' id='word_1_740' title='bbox 526 2475 594 2502; x_wconf 82' lang='lat' dir='ltr'><strong>Gen.</strong></span> <span class='ocrx_word' id='word_1_741' title='bbox 614 2483 635 2507; x_wconf 86' lang='grc' dir='ltr'><strong>ι,</strong></span> <span class='ocrx_word' id='word_1_742' title='bbox 651 2475 697 2502; x_wconf 79' lang='grc'><strong>51.</strong></span> <span class='ocrx_word' id='word_1_743' title='bbox 739 2475 749 2490; x_wconf 87' lang='grc'><em>³</em></span> <span class='ocrx_word' id='word_1_744' title='bbox 768 2485 814 2510; x_wconf 81' lang='grc' dir='ltr'><strong>τρ.</strong></span> <span class='ocrx_word' id='word_1_745' title='bbox 835 2476 996 2511; x_wconf 66' lang='grc' dir='ltr'>Ἔμποροιπ</span> 
     </span>
    </p>
   </div>
   <div class='ocr_carea' id='block_1_101' title="bbox 1051 2471 1649 2512">
    <p class='ocr_par' dir='ltr' id='par_1_101' title="bbox 1051 2471 1649 2512">
     <span class='ocr_line' id='line_1_101' title="bbox 1051 2471 1649 2512; baseline 0 -10"><span class='ocrx_word' id='word_1_746' title='bbox 1051 2483 1053 2495; x_wconf 66' lang='grc' dir='ltr'><em>ν</em></span> <span class='ocrx_word' id='word_1_747' title='bbox 1066 2471 1139 2502; x_wconf 75' lang='grc' dir='ltr'>οὗτοι</span> <span class='ocrx_word' id='word_1_748' title='bbox 1156 2475 1250 2502; x_wconf 85' lang='grc' dir='ltr'>κακῶν</span> <span class='ocrx_word' id='word_1_749' title='bbox 1263 2476 1378 2512; x_wconf 76' lang='grc' dir='ltr'>ἐρασταὶ</span> <span class='ocrx_word' id='word_1_750' title='bbox 1393 2475 1442 2502; x_wconf 76' lang='grc' dir='ltr'>καὶ</span> <span class='ocrx_word' id='word_1_751' title='bbox 1454 2475 1515 2510; x_wconf 78' lang='grc' dir='ltr'><strong>οὐχὶ</strong></span> <span class='ocrx_word' id='word_1_752' title='bbox 1527 2473 1649 2509; x_wconf 80' lang='grc' dir='ltr'><strong>ἀγαθῶν.</strong></span> 
     </span>
    </p>
   </div>
   <div class='ocr_carea' id='block_1_102' title="bbox 255 2552 907 2586">
    <p class='ocr_par' dir='ltr' id='par_1_102' title="bbox 255 2552 907 2586">
     <span class='ocr_line' id='line_1_102' title="bbox 255 2552 907 2586; baseline 0.003 -8"><span class='ocrx_word' id='word_1_753' title='bbox 255 2552 299 2585; x_wconf 75' lang='lat'><strong>59)</strong></span> <span class='ocrx_word' id='word_1_754' title='bbox 318 2552 372 2578; x_wconf 62' lang='lat' dir='ltr'><strong>Tu&quot;)</strong></span> <span class='ocrx_word' id='word_1_755' title='bbox 392 2552 549 2586; x_wconf 77' lang='grc' dir='ltr'><strong>Ἀϐρασάξ.</strong></span> <span class='ocrx_word' id='word_1_756' title='bbox 560 2552 627 2580; x_wconf 89' lang='lat' dir='ltr'><strong>Vide</strong></span> <span class='ocrx_word' id='word_1_757' title='bbox 639 2553 738 2580; x_wconf 87' lang='lat' dir='ltr'><strong>Baron.</strong></span> <span class='ocrx_word' id='word_1_758' title='bbox 754 2553 787 2580; x_wconf 86' lang='lat' dir='ltr'><strong>ad</strong></span> <span class='ocrx_word' id='word_1_759' title='bbox 804 2561 830 2580; x_wconf 86' lang='lat' dir='ltr'><strong>a.</strong></span> <span class='ocrx_word' id='word_1_760' title='bbox 848 2553 907 2580; x_wconf 74' lang='grc'><strong>120.</strong></span> 
     </span>
    </p>
   </div>
   <div class='ocr_carea' id='block_1_103' title="bbox 255 2588 997 2623">
    <p class='ocr_par' dir='ltr' id='par_1_103' title="bbox 255 2588 997 2623">
     <span class='ocr_line' id='line_1_103' title="bbox 255 2588 997 2623; baseline 0.001 -9"><span class='ocrx_word' id='word_1_761' title='bbox 255 2589 300 2622; x_wconf 84' lang='lat'><strong>60)</strong></span> <span class='ocrx_word' id='word_1_762' title='bbox 317 2588 380 2614; x_wconf 82' lang='grc' dir='ltr'><strong>Ἴσα</strong></span> <span class='ocrx_word' id='word_1_763' title='bbox 396 2588 457 2620; x_wconf 80' lang='grc' dir='ltr'>τοῖς</span> <span class='ocrx_word' id='word_1_764' title='bbox 469 2588 624 2623; x_wconf 68' lang='grc' dir='ltr'><strong>μαθήμασι</strong></span> <span class='ocrx_word' id='word_1_765' title='bbox 649 2588 779 2622; x_wconf 61' lang='grc' dir='ltr'>διαιρῶν.</span> <span class='ocrx_word' id='word_1_766' title='bbox 802 2589 878 2615; x_wconf 85' lang='lat' dir='ltr'><strong>Hanc</strong></span> <span class='ocrx_word' id='word_1_767' title='bbox 901 2588 997 2615; x_wconf 88' lang='lat' dir='ltr'><strong>lectio-</strong></span> 
     </span>
    </p>
   </div>
   <div class='ocr_carea' id='block_1_104' title="bbox 208 2623 998 2659">
    <p class='ocr_par' dir='ltr' id='par_1_104' title="bbox 208 2623 998 2659">
     <span class='ocr_line' id='line_1_104' title="bbox 208 2623 998 2659; baseline -0.003 -8"><span class='ocrx_word' id='word_1_768' title='bbox 208 2623 270 2652; x_wconf 85' lang='lat' dir='ltr'><strong>nem</strong></span> <span class='ocrx_word' id='word_1_769' title='bbox 283 2631 298 2651; x_wconf 86' lang='lat' dir='ltr'><strong>e</strong></span> <span class='ocrx_word' id='word_1_770' title='bbox 311 2623 444 2650; x_wconf 86' lang='lat' dir='ltr'><strong>Vaticano</strong></span> <span class='ocrx_word' id='word_1_771' title='bbox 460 2624 653 2651; x_wconf 80' lang='lat' dir='ltr'><strong>substituimus</strong></span> <span class='ocrx_word' id='word_1_772' title='bbox 665 2624 786 2659; x_wconf 70' lang='lat' dir='ltr'><strong>Vulgata-1</strong></span> <span class='ocrx_word' id='word_1_773' title='bbox 806 2624 843 2651; x_wconf 91' lang='lat' dir='ltr'><strong>illi</strong></span> <span class='ocrx_word' id='word_1_774' title='bbox 860 2632 921 2658; x_wconf 70' lang='lat' dir='ltr'><strong>qua:</strong></span> <span class='ocrx_word' id='word_1_775' title='bbox 935 2631 998 2658; x_wconf 84' lang='lat' dir='ltr'><strong>per-</strong></span> 
     </span>
    </p>
   </div>
   <div class='ocr_carea' id='block_1_105' title="bbox 207 2659 999 2694">
    <p class='ocr_par' dir='ltr' id='par_1_105' title="bbox 207 2659 999 2694">
     <span class='ocr_line' id='line_1_105' title="bbox 207 2659 999 2694; baseline -0.001 -8"><span class='ocrx_word' id='word_1_776' title='bbox 207 2660 302 2694; x_wconf 86' lang='lat' dir='ltr'><strong>spicue</strong></span> <span class='ocrx_word' id='word_1_777' title='bbox 329 2663 458 2694; x_wconf 78' lang='lat' dir='ltr'><strong>corrupta</strong></span> <span class='ocrx_word' id='word_1_778' title='bbox 482 2659 599 2694; x_wconf 75' lang='lat' dir='ltr'><strong>videtur.</strong></span> <span class='ocrx_word' id='word_1_779' title='bbox 626 2664 653 2686; x_wconf 89' lang='lat' dir='ltr'><strong>et</strong></span> <span class='ocrx_word' id='word_1_780' title='bbox 680 2664 722 2686; x_wconf 85' lang='lat' dir='ltr'><strong>est</strong></span> <span class='ocrx_word' id='word_1_781' title='bbox 746 2659 913 2692; x_wconf 82' lang='lat' dir='ltr'><strong>huiusmodi,</strong></span> <span class='ocrx_word' id='word_1_782' title='bbox 939 2659 999 2690; x_wconf 79' lang='grc' dir='ltr'>ἴσας</span> 
     </span>
    </p>
   </div>
   <div class='ocr_carea' id='block_1_106' title="bbox 207 2693 999 2729">
    <p class='ocr_par' dir='ltr' id='par_1_106' title="bbox 207 2693 999 2729">
     <span class='ocr_line' id='line_1_106' title="bbox 207 2693 999 2729; baseline -0.001 -8"><span class='ocrx_word' id='word_1_783' title='bbox 207 2693 264 2726; x_wconf 74' lang='grc' dir='ltr'>τοῖς</span> <span class='ocrx_word' id='word_1_784' title='bbox 293 2693 449 2728; x_wconf 83' lang='grc' dir='ltr'>ποοητικοίς</span> <span class='ocrx_word' id='word_1_785' title='bbox 479 2693 636 2729; x_wconf 73' lang='grc' dir='ltr'>διαιρέσεσι.</span> <span class='ocrx_word' id='word_1_786' title='bbox 666 2694 817 2722; x_wconf 88' lang='lat' dir='ltr'><strong>Cornarius</strong></span> <span class='ocrx_word' id='word_1_787' title='bbox 848 2696 999 2728; x_wconf 79' lang='grc' dir='ltr'>ποιητικοῖς</span> 
     </span>
    </p>
   </div>
   <div class='ocr_carea' id='block_1_107' title="bbox 207 2729 995 2764">
    <p class='ocr_par' dir='ltr' id='par_1_107' title="bbox 207 2729 995 2764">
     <span class='ocr_line' id='line_1_107' title="bbox 207 2729 995 2764; baseline 0 -8"><span class='ocrx_word' id='word_1_788' title='bbox 207 2730 282 2764; x_wconf 77' lang='lat' dir='ltr'><strong>legit.</strong></span> <span class='ocrx_word' id='word_1_789' title='bbox 298 2729 402 2756; x_wconf 88' lang='lat' dir='ltr'><strong>Sensus</strong></span> <span class='ocrx_word' id='word_1_790' title='bbox 415 2736 497 2764; x_wconf 92' lang='lat' dir='ltr'><strong>porro</strong></span> <span class='ocrx_word' id='word_1_791' title='bbox 511 2730 533 2756; x_wconf 88' lang='lat' dir='ltr'><strong>is</strong></span> <span class='ocrx_word' id='word_1_792' title='bbox 544 2737 603 2756; x_wconf 76' lang='lat' dir='ltr'><strong>csse</strong></span> <span class='ocrx_word' id='word_1_793' title='bbox 616 2734 715 2764; x_wconf 84' lang='lat' dir='ltr'><strong>potest,</strong></span> <span class='ocrx_word' id='word_1_794' title='bbox 733 2729 879 2757; x_wconf 83' lang='lat' dir='ltr'><strong>Basilidctn</strong></span> <span class='ocrx_word' id='word_1_795' title='bbox 894 2736 995 2756; x_wconf 73' lang='lat' dir='ltr'><strong>ccctxv</strong></span> 
     </span>
    </p>
   </div>
   <div class='ocr_carea' id='block_1_108' title="bbox 207 2765 995 2800">
    <p class='ocr_par' dir='ltr' id='par_1_108' title="bbox 207 2765 995 2800">
     <span class='ocr_line' id='line_1_108' title="bbox 207 2765 995 2800; baseline -0.003 -8"><span class='ocrx_word' id='word_1_796' title='bbox 207 2765 270 2793; x_wconf 86' lang='lat' dir='ltr'><strong>illos</strong></span> <span class='ocrx_word' id='word_1_797' title='bbox 283 2766 368 2792; x_wconf 57' lang='lat' dir='ltr'><strong>caelos</strong></span> <span class='ocrx_word' id='word_1_798' title='bbox 383 2772 398 2792; x_wconf 88' lang='lat' dir='ltr'><strong>e</strong></span> <span class='ocrx_word' id='word_1_799' title='bbox 413 2765 613 2800; x_wconf 81' lang='lat' dir='ltr'><strong>mathematicis</strong></span> <span class='ocrx_word' id='word_1_800' title='bbox 631 2765 795 2796; x_wconf 84' lang='lat' dir='ltr'><strong>rationibus,</strong></span> <span class='ocrx_word' id='word_1_801' title='bbox 807 2772 874 2800; x_wconf 20' lang='lat' dir='ltr'><strong>quae,</strong></span> <span class='ocrx_word' id='word_1_802' title='bbox 882 2765 995 2791; x_wconf 87' lang='lat' dir='ltr'><strong>totidem</strong></span> 
     </span>
    </p>
   </div>
   <div class='ocr_carea' id='block_1_109' title="bbox 207 2799 997 2835">
    <p class='ocr_par' dir='ltr' id='par_1_109' title="bbox 207 2799 997 2835">
     <span class='ocr_line' id='line_1_109' title="bbox 207 2799 997 2835; baseline 0 -9"><span class='ocrx_word' id='word_1_803' title='bbox 207 2801 266 2827; x_wconf 70' lang='lat' dir='ltr'><strong>dies</strong></span> <span class='ocrx_word' id='word_1_804' title='bbox 282 2807 373 2827; x_wconf 89' lang='lat' dir='ltr'><strong>annuo</strong></span> <span class='ocrx_word' id='word_1_805' title='bbox 388 2799 447 2827; x_wconf 92' lang='lat' dir='ltr'><strong>orbi</strong></span> <span class='ocrx_word' id='word_1_806' title='bbox 467 2799 630 2835; x_wconf 60' lang='lat' dir='ltr'><strong>praetiniunt.</strong></span> <span class='ocrx_word' id='word_1_807' title='bbox 648 2799 835 2827; x_wconf 85' lang='lat' dir='ltr'><strong>constituisse.</strong></span> <span class='ocrx_word' id='word_1_808' title='bbox 859 2799 950 2832; x_wconf 87' lang='lat' dir='ltr'><strong>Quare</strong></span> <span class='ocrx_word' id='word_1_809' title='bbox 964 2807 997 2826; x_wconf 66' lang='lat' dir='ltr'><strong>ex</strong></span> 
     </span>
    </p>
   </div>
   <div class='ocr_carea' id='block_1_110' title="bbox 208 2835 999 2869">
    <p class='ocr_par' dir='ltr' id='par_1_110' title="bbox 208 2835 999 2869">
     <span class='ocr_line' id='line_1_110' title="bbox 208 2835 999 2869; baseline 0 -8"><span class='ocrx_word' id='word_1_810' title='bbox 208 2835 303 2862; x_wconf 85' lang='lat' dir='ltr'><strong>iisdem</strong></span> <span class='ocrx_word' id='word_1_811' title='bbox 328 2836 381 2863; x_wconf 91' lang='lat' dir='ltr'><strong>illis</strong></span> <span class='ocrx_word' id='word_1_812' title='bbox 404 2835 658 2863; x_wconf 85' lang='lat' dir='ltr'><strong>mathematicorum</strong></span> <span class='ocrx_word' id='word_1_813' title='bbox 682 2835 801 2862; x_wconf 85' lang='lat' dir='ltr'><strong>decretis</strong></span> <span class='ocrx_word' id='word_1_814' title='bbox 827 2835 909 2869; x_wconf 88' lang='lat' dir='ltr'><strong>paulo</strong></span> <span class='ocrx_word' id='word_1_815' title='bbox 937 2838 999 2869; x_wconf 89' lang='lat' dir='ltr'><strong>post</strong></span> 
     </span>
    </p>
   </div>
   <div class='ocr_carea' id='block_1_111' title="bbox 210 2870 998 2906">
    <p class='ocr_par' dir='ltr' id='par_1_111' title="bbox 210 2870 998 2906">
     <span class='ocr_line' id='line_1_111' title="bbox 210 2870 998 2906; baseline 0.003 -9"><span class='ocrx_word' id='word_1_816' title='bbox 210 2870 346 2899; x_wconf 84' lang='lat' dir='ltr'><strong>hominem</strong></span> <span class='ocrx_word' id='word_1_817' title='bbox 363 2870 473 2900; x_wconf 80' lang='lat' dir='ltr'><strong>refutat.</strong></span> <span class='ocrx_word' id='word_1_818' title='bbox 494 2870 599 2906; x_wconf 79' lang='lat' dir='ltr'><strong>Quippe</strong></span> <span class='ocrx_word' id='word_1_819' title='bbox 624 2879 685 2899; x_wconf 86' lang='lat' dir='ltr'><strong>cum</strong></span> <span class='ocrx_word' id='word_1_820' title='bbox 711 2874 808 2906; x_wconf 71' lang='lat' dir='ltr'><strong>praeter</strong></span> <span class='ocrx_word' id='word_1_821' title='bbox 828 2877 911 2898; x_wconf 75' lang='lat' dir='ltr'><strong>cectx</strong></span> <span class='ocrx_word' id='word_1_822' title='bbox 929 2870 998 2900; x_wconf 79' lang='lat' dir='ltr'><strong>dies.</strong></span> 
     </span>
    </p>
   </div>
   <div class='ocr_carea' id='block_1_112' title="bbox 1055 2552 1476 2588">
    <p class='ocr_par' dir='ltr' id='par_1_112' title="bbox 1055 2552 1476 2588">
     <span class='ocr_line' id='line_1_112' title="bbox 1055 2552 1476 2588; baseline 0 -8"><span class='ocrx_word' id='word_1_823' title='bbox 1055 2561 1080 2580; x_wconf 85' lang='lat' dir='ltr'><strong>vt</strong></span> <span class='ocrx_word' id='word_1_824' title='bbox 1095 2552 1208 2588; x_wconf 90' lang='lat' dir='ltr'><strong>insuper</strong></span> <span class='ocrx_word' id='word_1_825' title='bbox 1221 2553 1294 2580; x_wconf 69' lang='lat' dir='ltr'><strong>hora:</strong></span> <span class='ocrx_word' id='word_1_826' title='bbox 1309 2553 1476 2581; x_wconf 88' lang='lat' dir='ltr'><strong>tribuantur.</strong></span> 
     </span>
    </p>
   </div>
   <div class='ocr_carea' id='block_1_113' title="bbox 1089 2586 1846 2628">
    <p class='ocr_par' dir='ltr' id='par_1_113' title="bbox 1089 2586 1846 2628">
     <span class='ocr_line' id='line_1_113' title="bbox 1089 2586 1846 2628; baseline -0.001 -13"><span class='ocrx_word' id='word_1_827' title='bbox 1089 2587 1145 2628; x_wconf 59' lang='grc' dir='ltr'>(ϐξ)</span> <span class='ocrx_word' id='word_1_828' title='bbox 1160 2586 1346 2628; x_wconf 63' lang='grc' dir='ltr'>ᾞὺρίσκεται</span> <span class='ocrx_word' id='word_1_829' title='bbox 1372 2589 1434 2628; x_wconf 54' lang='lat' dir='ltr'><strong>fdo</strong></span> <span class='ocrx_word' id='word_1_830' title='bbox 1453 2590 1469 2615; x_wconf 85' lang='grc' dir='ltr'><em>ὁ</em></span> <span class='ocrx_word' id='word_1_831' title='bbox 1490 2588 1639 2628; x_wconf 56' lang='grc' dir='ltr'><strong>ἐνιαυτός.</strong></span> <span class='ocrx_word' id='word_1_832' title='bbox 1652 2586 1748 2628; x_wconf 27' lang='grc' dir='ltr'>λιῐοττε</span> <span class='ocrx_word' id='word_1_833' title='bbox 1773 2588 1846 2628; x_wconf 69' lang='lat' dir='ltr'><strong>apud</strong></span> 
     </span>
    </p>
   </div>
   <div class='ocr_carea' id='block_1_114' title="bbox 1052 2622 1847 2685">
    <p class='ocr_par' dir='ltr' id='par_1_114' title="bbox 1052 2622 1847 2685">
     <span class='ocr_line' id='line_1_114' title="bbox 1052 2622 1847 2685; baseline 0.001 -35"><span class='ocrx_word' id='word_1_834' title='bbox 1052 2623 1235 2685; x_wconf 60' lang='lat' dir='ltr'><strong>Fpiphaniurn</strong></span> <span class='ocrx_word' id='word_1_835' title='bbox 1263 2624 1468 2659; x_wconf 66' lang='lat' dir='ltr'><strong>aequinoctiales</strong></span> <span class='ocrx_word' id='word_1_836' title='bbox 1500 2624 1570 2651; x_wconf 84' lang='lat' dir='ltr'><strong>duas</strong></span> <span class='ocrx_word' id='word_1_837' title='bbox 1596 2623 1750 2650; x_wconf 88' lang='lat' dir='ltr'><strong>continent.</strong></span> <span class='ocrx_word' id='word_1_838' title='bbox 1777 2622 1847 2651; x_wconf 91' lang='lat' dir='ltr'><strong>Vide</strong></span> 
     </span>
     <span class='ocr_line' id='line_1_115' title="bbox 1063 2666 1207 2685; baseline 0 0"><span class='ocrx_word' id='word_1_839' title='bbox 1063 2667 1152 2685; x_wconf 64' lang='lat' dir='ltr'><strong>mares.</strong></span> <span class='ocrx_word' id='word_1_840' title='bbox 1170 2666 1207 2685; x_wconf 82' lang='lat' dir='ltr'><strong>LI.</strong></span> 
     </span>
    </p>
   </div>
   <div class='ocr_carea' id='block_1_115' title="bbox 1063 2666 1207 2686">
    <p class='ocr_par' dir='ltr' id='par_1_115' title="bbox 1063 2666 1207 2686">
     <span class='ocr_line' id='line_1_116' title="bbox 1063 2666 1207 2686; baseline 0.007 -2"><span class='ocrx_word' id='word_1_841' title='bbox 1063 2667 1152 2686; x_wconf 63' lang='lat' dir='ltr'><strong>mares.</strong></span> <span class='ocrx_word' id='word_1_842' title='bbox 1170 2666 1207 2685; x_wconf 82' lang='lat' dir='ltr'><strong>LI.</strong></span> 
     </span>
    </p>
   </div>
   <div class='ocr_carea' id='block_1_116' title="bbox 1089 2692 1846 2729">
    <p class='ocr_par' dir='ltr' id='par_1_116' title="bbox 1089 2692 1846 2729">
     <span class='ocr_line' id='line_1_117' title="bbox 1089 2692 1846 2729; baseline -0.003 -8"><span class='ocrx_word' id='word_1_843' title='bbox 1089 2694 1145 2729; x_wconf 73' lang='grc'>(62)</span> <span class='ocrx_word' id='word_1_844' title='bbox 1161 2695 1196 2720; x_wconf 83' lang='lat' dir='ltr'><strong>El</strong></span> <span class='ocrx_word' id='word_1_845' title='bbox 1211 2693 1267 2728; x_wconf 77' lang='grc' dir='ltr'>γὰρ</span> <span class='ocrx_word' id='word_1_846' title='bbox 1283 2693 1323 2727; x_wconf 80' lang='grc' dir='ltr'>τῷ</span> <span class='ocrx_word' id='word_1_847' title='bbox 1343 2693 1488 2728; x_wconf 78' lang='grc' dir='ltr'><strong>ἀνθρώπῳ</strong></span> <span class='ocrx_word' id='word_1_848' title='bbox 1505 2693 1583 2729; x_wconf 64' lang='grc' dir='ltr'>ἐστι.</span> <span class='ocrx_word' id='word_1_849' title='bbox 1610 2693 1645 2720; x_wconf 86' lang='lat' dir='ltr'><strong>At</strong></span> <span class='ocrx_word' id='word_1_850' title='bbox 1661 2692 1693 2719; x_wconf 72' lang='grc' dir='ltr'><strong>Β.</strong></span> <span class='ocrx_word' id='word_1_851' title='bbox 1719 2692 1792 2719; x_wconf 82' lang='lat' dir='ltr'><strong>Elias</strong></span> <span class='ocrx_word' id='word_1_852' title='bbox 1818 2693 1846 2719; x_wconf 89' lang='lat' dir='ltr'><strong>in</strong></span> 
     </span>
    </p>
   </div>
   <div class='ocr_carea' id='block_1_117' title="bbox 1051 2728 1847 2760">
    <p class='ocr_par' dir='ltr' id='par_1_117' title="bbox 1051 2728 1847 2760">
     <span class='ocr_line' id='line_1_118' title="bbox 1051 2728 1847 2760; baseline -0.003 -5"><span class='ocrx_word' id='word_1_853' title='bbox 1051 2729 1141 2756; x_wconf 73' lang='lat' dir='ltr'><strong>Thisbi</strong></span> <span class='ocrx_word' id='word_1_854' title='bbox 1162 2736 1169 2758; x_wconf 87' lang='lat'><strong>:</strong></span> <span class='ocrx_word' id='word_1_855' title='bbox 1198 2735 1276 2759; x_wconf 64' lang='lat' dir='ltr'><strong>Dm:</strong></span> <span class='ocrx_word' id='word_1_856' title='bbox 1305 2734 1342 2759; x_wconf 69' lang='grc' dir='ltr'>ω’</span> <span class='ocrx_word' id='word_1_857' title='bbox 1372 2734 1466 2760; x_wconf 63' lang='grc' dir='ltr'>ειν-πω</span> <span class='ocrx_word' id='word_1_858' title='bbox 1496 2728 1569 2759; x_wconf 66' lang='grc' dir='ltr'><strong>ΠἘἿ</strong></span> <span class='ocrx_word' id='word_1_859' title='bbox 1593 2738 1598 2756; x_wconf 91' lang='lat'>:</span> <span class='ocrx_word' id='word_1_860' title='bbox 1619 2735 1736 2756; x_wconf 78' lang='lat' dir='ltr'><strong>CCXLVIII</strong></span> <span class='ocrx_word' id='word_1_861' title='bbox 1760 2735 1847 2754; x_wconf 88' lang='lat' dir='ltr'><strong>mem-</strong></span> 
     </span>
    </p>
   </div>
   <div class='ocr_carea' id='block_1_118' title="bbox 1050 2763 1847 2800">
    <p class='ocr_par' dir='ltr' id='par_1_118' title="bbox 1050 2763 1847 2800">
     <span class='ocr_line' id='line_1_119' title="bbox 1050 2763 1847 2800; baseline -0.004 -9"><span class='ocrx_word' id='word_1_862' title='bbox 1050 2764 1100 2792; x_wconf 84' lang='lat' dir='ltr'><strong>bra</strong></span> <span class='ocrx_word' id='word_1_863' title='bbox 1133 2765 1161 2791; x_wconf 92' lang='lat' dir='ltr'><strong>in</strong></span> <span class='ocrx_word' id='word_1_864' title='bbox 1189 2764 1299 2800; x_wconf 82' lang='lat' dir='ltr'><strong>homine</strong></span> <span class='ocrx_word' id='word_1_865' title='bbox 1334 2770 1408 2792; x_wconf 85' lang='lat' dir='ltr'><strong>sunt.</strong></span> <span class='ocrx_word' id='word_1_866' title='bbox 1445 2766 1480 2791; x_wconf 85' lang='lat' dir='ltr'><strong>At</strong></span> <span class='ocrx_word' id='word_1_867' title='bbox 1512 2763 1750 2800; x_wconf 18' lang='lat' dir='ltr'><strong>Epiphaniusrait</strong></span> <span class='ocrx_word' id='word_1_868' title='bbox 1783 2770 1847 2789; x_wconf 81' lang='lat' dir='ltr'><strong>esse</strong></span> 
     </span>
    </p>
   </div>
   <div class='ocr_carea' id='block_1_119' title="bbox 1051 2799 1847 2834">
    <p class='ocr_par' dir='ltr' id='par_1_119' title="bbox 1051 2799 1847 2834">
     <span class='ocr_line' id='line_1_120' title="bbox 1051 2799 1847 2834; baseline -0.003 -8"><span class='ocrx_word' id='word_1_869' title='bbox 1051 2807 1174 2827; x_wconf 74' lang='lat' dir='ltr'><strong>CCCLXIV.</strong></span> <span class='ocrx_word' id='word_1_870' title='bbox 1190 2799 1248 2826; x_wconf 84' lang='lat' dir='ltr'><strong>Nisi</strong></span> <span class='ocrx_word' id='word_1_871' title='bbox 1265 2799 1335 2827; x_wconf 83' lang='lat' dir='ltr'><strong>forte</strong></span> <span class='ocrx_word' id='word_1_872' title='bbox 1350 2808 1398 2834; x_wconf 87' lang='lat' dir='ltr'><strong>pro</strong></span> <span class='ocrx_word' id='word_1_873' title='bbox 1416 2800 1440 2825; x_wconf 77' lang='grc' dir='ltr'>εἰ</span> <span class='ocrx_word' id='word_1_874' title='bbox 1457 2800 1600 2834; x_wconf 79' lang='lat' dir='ltr'><strong>legendum</strong></span> <span class='ocrx_word' id='word_1_875' title='bbox 1619 2799 1654 2827; x_wconf 87' lang='lat' dir='ltr'><strong>sit</strong></span> <span class='ocrx_word' id='word_1_876' title='bbox 1672 2799 1713 2831; x_wconf 85' lang='grc' dir='ltr'><strong>οὐ,</strong></span> <span class='ocrx_word' id='word_1_877' title='bbox 1733 2802 1763 2824; x_wconf 90' lang='lat' dir='ltr'><strong>ut</strong></span> <span class='ocrx_word' id='word_1_878' title='bbox 1782 2805 1847 2834; x_wconf 75' lang='lat' dir='ltr'><strong>sen-</strong></span> 
     </span>
    </p>
   </div>
   <div class='ocr_carea' id='block_1_120' title="bbox 1053 2832 1846 2866">
    <p class='ocr_par' dir='ltr' id='par_1_120' title="bbox 1053 2832 1846 2866">
     <span class='ocr_line' id='line_1_121' title="bbox 1053 2832 1846 2866; baseline -0.004 -4"><span class='ocrx_word' id='word_1_879' title='bbox 1053 2843 1101 2862; x_wconf 82' lang='lat' dir='ltr'><strong>sus</strong></span> <span class='ocrx_word' id='word_1_880' title='bbox 1117 2835 1163 2865; x_wconf 89' lang='lat' dir='ltr'><strong>sit.</strong></span> <span class='ocrx_word' id='word_1_881' title='bbox 1178 2842 1232 2862; x_wconf 92' lang='lat' dir='ltr'><strong>non</strong></span> <span class='ocrx_word' id='word_1_882' title='bbox 1251 2843 1313 2862; x_wconf 85' lang='lat' dir='ltr'><strong>esse</strong></span> <span class='ocrx_word' id='word_1_883' title='bbox 1333 2832 1386 2862; x_wconf 78' lang='lat'><strong>565</strong></span> <span class='ocrx_word' id='word_1_884' title='bbox 1402 2832 1534 2863; x_wconf 76' lang='lat' dir='ltr'><strong>membra.</strong></span> <span class='ocrx_word' id='word_1_885' title='bbox 1557 2835 1628 2863; x_wconf 86' lang='lat' dir='ltr'><strong>Tum</strong></span> <span class='ocrx_word' id='word_1_886' title='bbox 1650 2834 1723 2862; x_wconf 84' lang='lat' dir='ltr'><strong>enim</strong></span> <span class='ocrx_word' id='word_1_887' title='bbox 1745 2836 1772 2860; x_wconf 87' lang='lat' dir='ltr'><strong>et</strong></span> <span class='ocrx_word' id='word_1_888' title='bbox 1792 2832 1846 2866; x_wconf 70' lang='grc' dir='ltr'>τξέ</span> 
     </span>
    </p>
   </div>
   <div class='ocr_carea' id='block_1_121' title="bbox 1053 2869 1487 2906">
    <p class='ocr_par' dir='ltr' id='par_1_121' title="bbox 1053 2869 1487 2906">
     <span class='ocr_line' id='line_1_122' title="bbox 1053 2869 1487 2906; baseline 0 -10"><span class='ocrx_word' id='word_1_889' title='bbox 1053 2878 1103 2906; x_wconf 83' lang='lat' dir='ltr'><strong>pro</strong></span> <span class='ocrx_word' id='word_1_890' title='bbox 1123 2870 1175 2905; x_wconf 61' lang='grc' dir='ltr'>τᾷδ’</span> <span class='ocrx_word' id='word_1_891' title='bbox 1190 2870 1409 2899; x_wconf 80' lang='lat' dir='ltr'><strong>substituendum</strong></span> <span class='ocrx_word' id='word_1_892' title='bbox 1426 2869 1487 2898; x_wconf 84' lang='lat' dir='ltr'><strong>erit.</strong></span> 
     </span>
    </p>
   </div>
  </div>
