1944 3037
99 143 156 174 357

427 145 612 173 ADVERSUS
631 143 803 171 HIEBESES
821 143 886 170 LIB.
907 142 913 168 l

967 142 1032 170 '0M-.
1053 141 1086 169 ll.
1105 157 1137 161 —
1160 140 1296 168 HIERES.
1319 139 1412 168 XXIV.

1689 135 1744 164 διδ

103 207 132 233 δὲ
148 205 194 231 καὶ
210 204 257 230 νῦν
269 206 285 238 ἡ
300 203 419 240 φλυαρία
435 205 482 231 τοῦ
497 204 600 232 ἄνωθεν
613 203 833 238 καταῧεΰηκότος
845 202 896 228 Βα-

967 201 1113 228 tirabiliter
1124 199 1255 227 convicit.
1273 198 1326 226 Nec
1340 198 1432 225 minus
1447 196 1474 223 in
1489 195 1634 230 pmscntia
1651 193 1742 221 futiles

103 251 232 282 σιλείδου,
247 251 295 277 καὶ
307 250 341 277 τὰ
356 250 411 277 ἄνω
428 251 520 285 σαφῶς
534 250 768 280 κατοπτεύσαντος
778 269 784 280 ,
801 248 899 276 μᾶλλον

102 298 132 324 δὲ
150 297 253 324 ἄνωθεν
267 296 440 327 πεπτωκότος
453 297 507 323 ἀπὸ
520 296 566 323 τοῦ
581 297 630 331 τῆς
642 295 771 331 ἀληθείας
786 293 897 321 σκοποῦ·

103 344 164 376 ὅτι,
180 343 204 369 εἰ
221 339 297 374 οὗτος
310 343 324 368 ὁ
337 343 450 377 οὐρανὸς
467 341 519 368 ὑπὸ
534 341 588 367 τῶν
607 340 667 367 κατ’
679 341 760 367 αὑτὸν
778 339 901 374 ἀγγέλων

103 396 264 423 γεγενηται,
277 388 352 414 αὐτοὶ
359 387 388 413 δὲ
398 387 451 414 ὑπὸ
463 387 516 413 τῶν
527 387 666 422 ἀνωτέρω,
677 386 723 412 καί
734 387 759 412 οἱ
773 385 902 420 ἀνωτέρω

105 435 159 461 ὑπὸ
172 434 227 461 τῶν
239 434 279 461 ἔτι
293 434 434 469 ἀνωτέρω,
449 434 492 468 ἄρ’
510 431 556 460 οὖν
575 434 591 468 ἠ
609 433 664 460 ἅνω
680 432 835 467 δύναμις,ἡ
855 431 903 457 καὶ

106 479 245 516 ’Δΰρασὰξ
267 479 433 514 καλουμένη,
454 479 632 514 εὑρεθήσεται
653 479 670 513 ἡ
691 477 725 504 τὰ
751 477 839 504 πάντα
859 485 904 502 πε-

107 527 251 562 ποιηκυῖα,
269 526 316 552 καὶ
332 525 349 560 ἡ
367 525 441 551 αἰτία
458 525 512 551 τῶν
530 524 614 551 ὄντων
630 524 750 555 πάντων,
765 523 812 550 καὶ
828 522 904 549 οὐδὲν

107 572 169 607 δίχα
186 572 271 607 αὐτῆς
291 572 318 598 τί
337 571 502 606 γεγενῆσθαι
521 569 716 605 εὑρεθήσεται,
737 569 818 595 ὁπότε
835 568 904 603 αὑτὴ

107 619 140 645 τὸ
157 617 241 644 αἴτιον
260 618 307 644 καὶ
327 617 356 643 τὸ
373 617 481 652 πρῶτον
496 617 649 652 ἀρχέτυπον
665 616 731 651 παρ’
750 615 840 642 αὐτῶν
856 623 905 641 κα-

108 664 299 699 ταγγέλλεται,
322 663 352 689 τὺ
371 662 516 697 λεγόμενον
538 663 602 697 παρ’
622 662 713 692 αὐτοῖς
732 661 779 687 τοῦ
803 661 905 696 κόσμου

108 710 205 736 τούτου
222 709 380 744 ὑστέρημα,
399 709 452 734 ὐπὸ
468 716 539 738 τινος
561 706 654 742 ἐτέρου
673 706 711 742 μὴ
726 706 905 742 γεγενῆσθαι,

109 756 181 783 ἀλλά
210 756 264 782 ἀπὸ
280 755 331 789 τῆς
352 753 464 790 πρώτης
483 753 571 790 ἀρχῆς
591 753 639 779 καὶ
658 752 748 784 αἰτίας
768 752 822 779 τῶν
843 761 907 788 μετ-

110 802 209 830 έπειτα
219 801 378 836 γεγονότων.
390 799 556 836 Ἐρωτητέον
569 799 598 825 δὲ
604 799 650 825 τὸν
665 798 755 824 αὐτόν·
766 798 825 825 Τίνι
836 797 907 834 λόγῳ

110 848 158 874 ἐπὶ
172 846 305 882 τοσαύτην
322 845 426 881 πληθὺν
442 845 515 880 ἡμᾶς
534 844 637 879 φέρεις,
653 841 676 870 ὦ
689 839 783 874 οὗτος,
804 843 849 869 καὶ
869 843 906 878 μὴ

113 893 214 930 μᾶλλον
229 892 276 920 ἐπὶ
292 893 341 927 τὴν
355 891 458 927 ἀρχὴν,
477 891 616 917 τουτέστιν
638 890 685 917 ἐπὶ
706 890 752 916 τὸν
772 889 820 916 ἕνα
839 889 905 916 Θεὸν

111 940 158 966 τὸν
169 939 377 974 παντοκράτορα
388 946 395 970 ;
404 937 485 964 ὁπότε
495 935 645 969 ὲξὰπαντος
658 936 716 972 ἢτοι
725 935 796 962 οὕτω
806 935 903 970 λέγων,

112 986 130 1021 ἢ
147 985 228 1016 οὕτω,
244 985 285 1011 δεῖ
298 985 343 1011 τὸν
356 984 404 1011 ἕνα
420 984 505 1010 αἴτιον
524 983 633 1010 πάντων
654 982 795 1018 ὁμολογεῖν
804 981 906 1009 Δεσπό-

112 1040 174 1067 την.
184 1031 273 1074 ζΑλλὰ
301 1031 348 1057 καὶ
373 1030 437 1065 περὶ
464 1029 514 1064 τῆς
540 1029 587 1056 τοῦ
611 1029 728 1065 Χριστοῦ
753 1028 907 1060 ὑποθέσεως

112 1073 277 1112 ἀπόκριναι,
304 1073 327 1102 ὧ
350 1074 521 1110 πλαστουργὲ
549 1074 598 1109 τῆς
632 1074 779 1110 μυθοποιοῦ
805 1073 907 1108 ταύτης

114 1123 315 1158 πραγματείας.
329 1122 360 1148 El
374 1121 463 1157 Σίμων
474 1120 635 1157 ἐσταυρώθη
648 1121 662 1146 ὁ
674 1121 839 1156 Κυρηναῖος,
853 1119 908 1155 ἄρα

113 1169 146 1195 οὐ
168 1169 210 1195 διὰ
225 1167 312 1204 Ἰησοῦ
331 1168 347 1202 ἡ
369 1167 491 1203 σωτηρία
510 1166 589 1202 ἡμῶν
608 1167 764 1202 γεγένηται,
781 1166 850 1193 ἀλλά
864 1165 908 1192 διὰ

115 1216 248 1250 Σίμωνος,
271 1215 317 1241 καὶ
341 1214 431 1241 οὐκέτι
453 1216 467 1241 ό
491 1215 593 1249 κόσμος
614 1214 733 1240 ἐλπίσειε
756 1213 800 1240 διὰ
819 1212 908 1248 Ἰησοῦ

115 1261 234 1296 Χριστοῦ
248 1260 382 1293 σώζεσθαι
396 1260 442 1287 τοῦ
456 1261 493 1296 μὴ
508 1260 650 1292 παθόντος.
665 1260 733 1287 Οὔτε
747 1259 801 1294 γὰρ
818 1259 909 1294 Σίμων

116 1308 227 1335 δύναται
240 1307 346 1340 σώζειν,
362 1307 504 1342 ἄνθρωπος
525 1306 563 1333 ὢν
584 1306 671 1341 ψιλὸς,
687 1306 734 1333 καὶ
752 1306 827 1333 οὐδὲν
850 1306 910 1332 ἓτε-

119 1363 175 1390 ρον.
184 1355 259 1390 Ἅμα
265 1355 293 1380 δὲ
300 1354 346 1380 καὶ
358 1353 541 1387 συκοφαντίας
553 1352 736 1388 καταψηφίζει
748 1353 755 1368 ¹
774 1351 820 1379 τοῦ
834 1360 911 1387 μονο-

118 1400 213 1435 γενοῦς
232 1400 296 1427 Υἱοῦ
312 1399 359 1426 τοῦ
375 1398 454 1431 Θεοῦ,
474 1400 498 1426 εἰ
515 1399 607 1434 ἕτερον
625 1399 681 1425 ἀντ’
695 1399 777 1425 αὐτοῦ
793 1399 912 1434 παραδέο

117 1447 205 1473 δωκεν
221 1448 236 1472 ὁ
249 1446 350 1480 ἀγαθὸς
367 1445 478 1481 Κύριος,
505 1445 668 1480 βιασάμενος
688 1445 727 1476 είς
748 1445 836 1479 φόνον.
857 1445 912 1472 Καὶ

120 1492 195 1518 ἐσται
209 1491 301 1518 λοιπὸν
315 1491 392 1526 ὄναρ,
408 1491 507 1526 μᾶλλον
521 1491 548 1517 δὲ
562 1490 725 1525 κακοηθείας
740 1491 788 1517 καὶ
801 1490 913 1522 κυϐείας

120 1538 200 1573 ἔργον
218 1538 248 1564 τὸ
264 1538 381 1564 τοιοῦτον
392 1557 399 1569 ,
416 1538 457 1564 ὅτι
473 1538 487 1563 ὁ
504 1536 620 1572 Κύριος,
639 1536 736 1571 κυϐείᾳ
751 1537 804 1563 τινὶ
818 1536 913 1563 ἑαυτὸν

121 1567 239 1619 κιρῦψας,
257 1583 334 1610 ἄλλον
352 1567 409 1610 ἀντ’
427 1582 509 1610 αὑτοῦ
532 1567 785 1618 παραδέδωκε-καὶ
804 1582 879 1609 ἔσται
897 1584 914 1618 ἡ
930 1567 952 1597 C

121 1629 198 1664 παρὰ
219 1629 266 1655 σοῦ
295 1629 449 1665 μωρολογία
478 1628 684 1662 συκοφαντοῦσα
709 1628 758 1664 μὲν
778 1629 828 1665 τὴν
851 1629 917 1665 ἀλή-

122 1675 210 1708 θειαν,
230 1676 266 1710 μὴ
287 1675 424 1710 δυναμένη
449 1674 488 1706 δὲ,
507 1674 564 1701 ἀλλ’
582 1674 748 1710 ἐλεγχομένη
769 1674 815 1701 ὑπ’
832 1675 917 1710 αὐτῆς

122 1721 171 1756 τῆς
195 1721 336 1756 ἀληθείας,
377 1721 539 1753 ἀσυστάτως
564 1721 595 1747 τὸ
618 1721 726 1757 ποίημα
751 1722 830 1749 τοῦτο
861 1723 919 1749 εἰσ-

123 1775 192 1802 ηγου
197 1767 275 1802 μένη.

950 247 1074 283 ejusdem
1100 246 1227 274 Basilidte
1254 252 1331 280 nugs:
1360 243 1520 270 refellentur
1552 242 1597 278 qui
1631 249 1646 268 e
1672 240 1743 268 cmlo

950 293 1090 328 delapsus,
1113 297 1140 320 et
1160 290 1282 318 cmlestia
1304 289 1447 316 manifeste
1470 287 1669 322 contemplatus
1689 289 1742 316 est,

950 340 993 367 vel
1006 347 1021 367 e
1035 339 1106 366 coelo
1123 338 1224 373 potius,
1245 336 1298 363 hoc
1315 338 1357 363 est
1377 342 1460 370 scopo
1477 333 1601 362 veritatis
1619 331 1720 360 excidit
1735 340 1742 357 :

953 393 1016 413 nam
1031 385 1054 412 si
1072 385 1172 412 coelum
1188 382 1261 410 istud
1277 382 1312 409 ab
1331 381 1434 416 angelis
1449 387 1519 414 quos
1532 379 1576 406 ille
1590 377 1743 408 constituit,

953 434 997 458 est
1019 430 1199 465 productum,
1218 432 1245 455 et
1261 427 1279 454 ii
1298 434 1394 454 rursus
1415 433 1430 452 ιι
1446 424 1650 460 superioribus,
1664 430 1746 457 supe-

954 476 1045 503 riores
1063 483 1078 502 a
1097 474 1235 511 supremis
1251 473 1385 509 procreati
1405 475 1480 503 sunt,
1497 478 1531 498 eo
1549 477 1594 497 res
1615 468 1747 496 nimirum

953 523 1068 555 recidet,
1083 526 1113 550 ut
1126 529 1232 549 summa
1247 521 1292 548 illa
1307 520 1405 551 virtus,
1420 525 1480 553 qua:
1494 517 1618 543 Ahrasax
1631 513 1746 545 dicitur,

955 570 1084 597 universa
1112 567 1283 598 condiderit,
1312 566 1401 599 sitque
1429 563 1550 590 omnium
1577 565 1748 595 quaecunque

956 621 1021 644 sunt
1040 622 1133 647 causa,
1158 621 1209 642 nec
1230 613 1334 650 absque
1351 611 1397 638 illa
1415 609 1564 645 quidquam
1585 606 1723 634 exstiterit
1739 613 1746 631 :

957 662 1012 698 ’14
1031 669 1094 688 cum
1115 660 1173 687 haec
1193 659 1251 694 ipsa
1273 656 1450 694 principium,
1469 662 1501 681 ac
1520 654 1638 688 primum
1657 657 1749 678 rerum

957 708 1079 736 omnium
1100 705 1240 740 exemplar
1262 704 1297 731 ab
1319 703 1374 730 illis
1392 709 1454 730 esse
1472 700 1583 728 dicatur
1601 706 1609 725 :
1628 697 1751 732 adeoque

958 754 1082 789 sequitur
1097 751 1194 780 mundi
1214 750 1296 785 hujus
1318 756 1399 785 quem
1417 750 1518 774 vocant
1538 744 1675 773 delectum
1695 751 1751 771 non

959 801 993 828 ad
1016 799 1089 827 aliud
1114 806 1175 826 esse
1199 804 1282 833 quam
1304 795 1338 823 ad
1356 795 1475 830 primum
1499 792 1565 820 illud
1586 790 1751 826 principium

960 853 1128 880 causamque
1142 851 1249 876 eorum,
1260 849 1322 878 qua
1336 844 1401 869 sunt
1415 844 1510 876 postea
1526 839 1597 866 facta
1608 857 1616 870 ,
1629 835 1753 864 referen-

924 884 945 911 Β
958 894 1033 920 dum.
1051 891 1119 918 lllud
1133 898 1198 918 vero
1213 890 1246 917 de
1259 889 1355 916 eodem
1368 886 1525 923 percontari
1540 887 1664 920 oportet:
1682 881 1752 916 Quid

958 943 987 965 tu
1003 938 1124 970 tandem,
1144 936 1181 964 mi
1199 936 1295 967 homo,
1315 941 1366 961 nos
1385 933 1413 960 in
1429 936 1532 959 tantam
1551 927 1753 957 multitudinem

960 992 1020 1012 com
1026 984 1105 1020 pellis
1115 1003 1122 1016 ,
1134 990 1166 1010 ac
1178 989 1232 1010 non
1248 981 1339 1015 potius
1352 979 1387 1007 ad
1402 978 1568 1014 principium
1585 976 1686 1010 ipsum,
1701 973 1755 1000 hoc

960 1035 1002 1059 est
1015 1037 1099 1057 unum
1115 1028 1199 1056 Deum
1215 1031 1242 1055 et
1254 1026 1468 1060 omnipotentem
1483 1022 1618 1050 deducis?
1628 1019 1756 1055 quando-

960 1077 1071 1113 quidem
1095 1075 1153 1103 sive
1180 1075 1232 1101 hoc
1254 1073 1313 1100 sive
1337 1072 1391 1099 alio
1417 1069 1499 1098 modo
1525 1072 1642 1101 statuas,
1670 1072 1755 1094 unum

961 1123 1074 1151 omnino
1098 1128 1191 1149 rerum
1217 1119 1339 1148 omnium
1364 1117 1528 1153 principium
1552 1121 1584 1142 ac
1611 1112 1756 1140 Dominum

963 1169 1043 1196 fateri
1067 1174 1181 1194 necesse
1205 1166 1251 1193 sit.
1275 1163 1346 1197 Quin
1373 1163 1426 1190 hoc
1444 1161 1525 1188 velim
1537 1158 1614 1191 mihi,
1639 1154 1758 1184 fabulosi

962 1214 1045 1250 hujus
1056 1212 1203 1241 commenti
1220 1210 1379 1242 architecte,
1399 1208 1433 1236 de
1453 1206 1563 1234 Christo
1580 1202 1757 1238 respondeas.

964 1262 993 1290 Si
1014 1262 1041 1289 in
1064 1267 1174 1288 crucem
1199 1257 1295 1286 Simon
1320 1256 1366 1284 ille
1390 1254 1537 1290 Cyrenaeus
1557 1254 1599 1280 est
1616 1249 1758 1280 sublatus,

964 1315 1021 1336 non
1039 1306 1123 1342 igitur
1138 1312 1187 1340 per
1203 1303 1344 1332 Christum
1361 1304 1439 1336 parta
1455 1297 1535 1326 nobis
1549 1300 1592 1324 est
1605 1295 1690 1327 salus,
1711 1292 1760 1321 sed

964 1361 1013 1389 per
1033 1353 1190 1383 Simonem;
1205 1357 1257 1377 nec
1273 1348 1329 1383 jam
1345 1354 1395 1382 per
1413 1344 1553 1372 Christum
1570 1340 1690 1368 mundus
1705 1337 1762 1365 sal-

966 1407 1033 1429 vum
1048 1399 1107 1427 fore
1127 1405 1156 1425 se
1173 1403 1285 1431 sperare
1296 1393 1408 1423 debeat,
1423 1393 1519 1425 utpote
1532 1387 1579 1423 qui
1598 1385 1710 1413 minime
1725 1383 1761 1411 sit

965 1452 1078 1482 passus.
1100 1430 1196 1478 Neque
1209 1440 1282 1468 enim
1302 1437 1399 1466 salutis
1417 1443 1480 1463 esse
1498 1439 1583 1460 causa
1605 1430 1700 1458 Simon
1716 1436 1762 1463 po-

967 1476 1036 1524 test,
1053 1498 1139 1526 purus
1149 1476 1246 1523 utique
1261 1494 1292 1513 ac
1307 1489 1391 1521 putus
1403 1483 1496 1513 homo,
1513 1487 1601 1514 neque
1613 1476 1762 1514 quidquam

967 1521 1097 1574 amplihs.
1113 1535 1154 1563 Ad
1173 1521 1232 1562 haee
1247 1532 1416 1568 unigenitum
1437 1528 1485 1555 Dei
1502 1527 1600 1554 Filium
1620 1521 1763 1574 calumnia:

969 1584 1147 1612 condemnas,
1163 1581 1187 1608 si
1202 1580 1316 1607 alterum
1332 1578 1420 1604 bonus
1436 1573 1569 1601 Dominus
1582 1570 1715 1598 violenter
1729 1566 1764 1593 ad

969 1637 1065 1658 necem
1080 1634 1131 1656 suo
1148 1627 1208 1653 loco
1227 1623 1378 1652 tradiderit.
1395 1620 1450 1648 Nec
1468 1618 1541 1646 aliud
1559 1621 1615 1644 tota
1631 1622 1676 1642 res
1694 1620 1762 1649 prae-

970 1682 1012 1705 ter
1020 1674 1157 1704 somnium
1169 1673 1232 1703 erit,
1247 1671 1303 1698 imo
1316 1666 1493 1703 malignitatis
1505 1662 1762 1699 pratstigiarumque

969 1722 1119 1758 specimen,
1134 1725 1197 1746 cum
1215 1715 1391 1750 semetipsum
1416 1711 1549 1739 Dominus
1575 1705 1761 1736 fraudulenlis

973 1754 1078 1797 artibus
1091 1765 1249 1794 subduceris
1264 1762 1306 1790 sui
1322 1760 1455 1789 vicarium
1475 1758 1591 1784 alterum
1605 1754 1764 1782 substituat.

126 1816 225 1850 Sietlue
244 1820 289 1842 tua
311 1816 356 1842 illa
376 1815 540 1843 stultissima
562 1815 700 1843 cavillatio
723 1817 831 1844 veritati
856 1819 966 1853 quidem
996 1815 1163 1844 calumniam
1181 1814 1278 1843 struet,
1297 1816 1347 1836 nec
1374 1807 1447 1843 quod
1462 1806 1535 1834 volet
1563 1809 1656 1831 tamen
1686 1807 1765 1828 asse-

125 1864 170 1899 θυί
189 1865 298 1899 Pomm:
321 1863 368 1891 sed
391 1864 425 1892 de
449 1863 577 1899 ﬁgmento
605 1863 652 1891 illo
678 1868 782 1892 temere
804 1874 836 1893 ac
862 1849 922 1894 sine
937 1866 993 1894 ulla
1009 1863 1159 1893 stabilitate
1171 1858 1314 1896 proposito
1337 1856 1381 1884 vel
1396 1856 1431 1883 ab
1444 1855 1504 1890 ipsa
1529 1852 1644 1880 veritate
1669 1849 1766 1876 redar-

125 1916 234 1945 guetut‘.

161 1958 199 1985 Θ¹.
207 1958 299 1994 Πάν-ιη
307 1958 361 1994 γὰρ
371 1957 475 1993 ἐλέγχει
483 1956 576 1983 τοῦτον
586 1956 631 1983 τὸν
642 1958 820 1994 αἱρεσιάρχην
855 1959 920 1995 ἀλή-

126 2006 187 2033 θεια
209 2006 238 2032 ὲν
261 2005 366 2040 ¹1αλαιᾷ
382 2005 429 2030 καὶ
449 2005 536 2040 Καινῇ
555 2004 687 2040 Διαθήκῃ.
706 2005 790 2033 Παντὶ
805 2005 859 2040 γάρ
878 2014 920 2032 τοι

126 2053 215 2088 δῆλον,
227 2052 269 2079 ὅτι
281 2050 398 2086 Χριστὸς
410 2049 481 2076 ἑκὼν
493 2050 539 2076 ἐπὶ
551 2050 582 2076 τὸ
593 2050 679 2082 πάθος
692 2049 767 2086 ἦλθε,
780 2052 828 2078 καὶ
843 2052 921 2087 θελή-

129 2107 194 2134 ματι
208 2097 264 2133 ἰδίῳ
276 2097 322 2124 καὶ¹
336 2095 383 2122 τοῦ
402 2095 466 2122 ἰδίου
479 2095 597 2131 Πατρὸς,
606 2098 654 2122 καὶ
664 2096 773 2132 εὐδοκία
782 2096 828 2123 τοῦ
843 2097 921 2131 ἁγίου

128 2144 287 2180 Πνεῦματος
301 2142 380 2169 ἔλαϐε
393 2141 442 2178 τὴν
458 2142 558 2177 σάρκα,
574 2141 788 2177 ὲνανθρωπήσας
801 2143 829 2169 ἐν
843 2144 921 2179 ἡμῖν,

129 2191 158 2217 ὲν
174 2189 324 2224 τελειότητι
339 2188 405 2218 θεὸς
420 2186 468 2220 ὢν,
484 2188 532 2214 ἀπ’
547 2187 635 2222 ἀρχῆς
650 2189 684 2213 ὲκ
700 2188 806 2223 Πατρὸς
825 2197 921 2223 γεγεν-

1007 1955 1054 1984 ΙΧ,
1074 1954 1137 1982 Haec
1150 1952 1223 1980 enim
1235 1947 1449 1978 hmresiat‘cham
1461 1945 1544 1973 istum
1558 1947 1614 1970 tam
1630 1942 1658 1968 in
1671 1940 1765 1968 Veteri

972 2010 1056 2039 quam
1075 2001 1152 2028 Novo
1171 1998 1350 2025 Testamento
1370 1992 1446 2021 omni
1465 1999 1499 2019 ex
1520 1993 1598 2026 parte
1617 1986 1766 2015 convincit.

975 2035 1115 2083 Siquidem
1144 2043 1248 2072 nemini
1279 2044 1322 2069 est
1350 2039 1512 2067 obscurum.
1546 2035 1686 2062 Christum
1719 2038 1767 2059 sua

977 2078 1074 2130 sponte
1094 2092 1127 2119 ad
1148 2087 1311 2125 supplicium
1331 2085 1451 2115 vertisse,
1473 2087 1555 2116 atque
1573 2081 1656 2108 etiam
1675 2078 1769 2106 volun-

975 2123 1031 2167 tate
1052 2146 1114 2166 cuin
1140 2123 1190 2164 sua
1202 2123 1267 2161 itum
1284 2131 1374 2159 Patris
1393 2138 1425 2157 ac
1440 2128 1527 2156 sancti
1545 2125 1663 2161 Spiritus
1680 2123 1768 2150 addu-

975 2189 1061 2217 ctum,
1074 2183 1116 2211 uti
1125 2188 1235 2210 carnem
1246 2179 1382 2208 indueret,
1398 2179 1425 2204 et
1438 2175 1510 2201 inter
1522 2180 1573 2200 nos
1588 2171 1724 2198 hominem
1740 2177 1770 2196 se

130 2236 256 2272 νημένος,
272 2216 398 2270 ἀνάρχως
416 2216 467 2262 καὶ,
479 2216 673 2270 ἀχρόκδως·μὲπ’
691 2216 813 2270 ἐσχάτων
827 2216 913 2262 iis-16‘

978 2232 1097 2262 faceret,
1119 2235 1182 2256 cum
1202 2224 1381 2254 nihilominus
1397 2221 1534 2257 perlectus
1552 2221 1625 2245 esset
1644 2216 1716 2242 Deus
1728 2234 1736 2247 ,
1752 2222 1767 2241 a

131 2283 242 2319 ἡμερῶν
262 2283 292 2309 ὲν
316 2282 409 2317 μήτρᾳ
434 2280 569 2316 παρθένου
591 2280 718 2315 γενέσθαι
741 2280 922 2315 καταξιώσας,

131 2331 171 2362 εὶς
182 2328 277 2355 ἑαυτόν
287 2336 317 2354 τε
333 2327 412 2362 σῶμα
427 2326 665 2362 ἀναπλασάμενος⁷
682 2327 730 2353 καὶ
743 2327 883 2363 γεννηθεὶς
896 2329 925 2354 ὲν

132 2376 255 2413 ἀληθείᾳ,
267 2377 314 2402 καὶ
324 2375 536 2411 ἐνανθρωπήσας
551 2375 580 2401 ἐν
595 2374 748 2410 βεϐαιώσει,
762 2375 804 2401 ἵνα
815 2375 843 2401 ἐν
855 2375 923 2410 αὐτῇ

133 2423 207 2458 πάθῃ
223 2422 293 2457 ὑπὲρ
308 2421 386 2456 ἡμῶν
402 2421 435 2455 τῇ
454 2420 547 2455 σαρκὶ,
566 2420 614 2446 καὶ
628 2420 678 2455 τὴν
698 2419 787 2455 ψυχὴν
803 2419 840 2455 δῷ
855 2419 925 2455 ὑπὲρ

133 2469 187 2496 τῶν
213 2468 301 2499 ἰδίων,
316 2466 469 2502 προϐάτων·
500 2466 539 2498 ὡς
562 2466 667 2501 ἐλέγχει
693 2466 804 2497 τούτους
827 2465 923 2500 λέγων·

134 2515 212 2543 Ἰδοὺ
234 2514 433 2547 ἀναϐαίνομεν
455 2513 498 2545 εὶς
526 2512 733 2547 Ἰεροσόλυμα,
749 2512 798 2538 καὶ
818 2513 834 2539 ό
859 2511 927 2545 Υἱὸς

135 2562 187 2590 τοῦ
199 2560 357 2595 ἀνθρώπου
369 2558 609 2593 παραδοθήσεται
619 2579 625 2589 ,
638 2559 687 2585 καί
701 2557 929 2591 ἀποκτανθήσε-

135 2617 192 2639 ται,
219 2607 268 2634 καὶ
292 2605 329 2640 τῇ
353 2605 436 2640 τρίτῃ
460 2605 557 2639 ἡμέρᾳ
577 2604 791 2637 ἀναστήσεται.
813 2605 874 2635 Τοῖς
897 2613 927 2630 τε

136 2656 204 2686 υἱοῖς
217 2652 360 2681 Ζεϐεδαίου
376 2653 475 2687 φήσας·
491 2652 626 2678 Δύνασθε
643 2651 722 2678 πιεῖν
738 2651 771 2678 τὸ
784 2650 928 2685 ποτήριον

137 2701 153 2729 ὃ
165 2700 267 2735 μέλλω
280 2699 388 2725 πίνειν
404 2697 441 2728 ὼς
457 2697 504 2723 καὶ
519 2697 532 2722 ὁ
551 2695 698 2727 ἀπόστολος
720 2695 795 2730 λέγει
813 2696 927 2731 Πέτρος⁷

140 2745 322 2778 Θανατωθεὶς
338 2743 440 2777 σαρκὶ,
456 2741 641 2776 ζὶυοποιηθεὶς
657 2741 691 2768 δὲ
705 2743 860 2777 πνεύματι.
876 2743 930 2768 Καὶ

143 2793 228 2820 πάλιν·
258 2792 310 2824 ’Ὸς
331 2790 442 2817 ἔπαθεν
464 2788 541 2822 ὑπὲρ
565 2787 650 2822 ἡμῶν
672 2789 772 2822 σαρκί·
797 2788 878 2815 πάλιν
902 2788 930 2814 δὲ

977 2277 1058 2305 Patre
1073 2273 1209 2312 principio
1224 2272 1283 2300 sine
1296 2270 1351 2297 ullo
1365 2268 1444 2296 initio
1456 2266 1497 2293 vel
1511 2270 1633 2298 tempore
1646 2262 1766 2297 genitus.

978 2323 1029 2357 Qui
1046 2308 1194 2358 postremis
1209 2316 1377 2354 temporibus
1389 2315 1416 2342 in
1435 2312 1548 2347 virginis
1563 2315 1641 2337 utero
1655 2308 1770 2336 formari

976 2370 1075 2401 voluit,
1087 2367 1194 2402 sibique
1205 2371 1305 2399 corpus
1316 2359 1429 2391 eﬂinxit,
1450 2365 1483 2385 ac
1501 2363 1593 2384 revera
1609 2354 1726 2390 genitus,
1742 2357 1770 2379 et

976 2417 1059 2444 homo
1073 2415 1133 2442 sine
1145 2413 1200 2440 ullo
1210 2409 1373 2442 fucojfactus
1381 2410 1434 2438 est,
1447 2405 1486 2431 uti
1498 2409 1593 2439 pinnas
1605 2401 1631 2427 in
1642 2408 1674 2427 ea
1689 2406 1771 2434 quam

977 2464 1137 2496 susceperat
1160 2465 1243 2486 carne
1266 2462 1316 2490 pro
1344 2452 1425 2481 nobis
1449 2449 1636 2484 experiretur,
1665 2453 1697 2473 ac
1720 2452 1771 2480 pro

977 2490 1075 2534 ovibus
1089 2506 1148 2533 suis
1161 2503 1281 2531 animam
1296 2499 1426 2527 traderet.
1441 2497 1471 2523 In
1483 2502 1537 2530 quo
1552 2492 1695 2520 haereticos
1709 2490 1774 2517 illos

978 2554 1125 2591 perspicue
1137 2550 1238 2579 refellit
1261 2548 1325 2574 dum
1348 2546 1384 2572 ita
1403 2542 1548 2578 loquitur:
1568 2540 1635 2566 Ecce
1655 2537 1773 2565 ascendi-

979 2585 1278 2632 htus-Ilierosolymum
1290 2614 1296 2626 ,
1318 2597 1342 2620 et
1359 2591 1447 2618 Filius
1460 2587 1574 2615 hominis
1601 2585 1732 2615 tradetur,
1747 2588 1772 2610 et

979 2648 1123 2678 occidetur,
1130 2650 1153 2672 et
1163 2643 1216 2679 75
1226 2642 1305 2670 tertia
1312 2639 1478 2673 diejresurget
1485 2634 1582 2663 ’.Τιιιῐι
1591 2633 1702 2666 insuper
1711 2638 1772 2657 cum

980 2693 1104 2721 chyedazi
1123 2691 1186 2718 ﬁliis
1199 2690 1237 2716 ait
1259 2698 1266 2716 :
1284 2686 1397 2714 Potestis
1413 2684 1498 2710 bibere
1514 2680 1622 2708 calicem
1637 2685 1712 2712 quem
1727 2684 1774 2711 ego

982 2741 1112 2767 bibiturus
1128 2746 1186 2764 sum
1200 2737 1230 2763 '?
1241 2735 1302 2768 Quo
1317 2733 1361 2760 illa
1375 2729 1491 2767 apostoli
1507 2727 1580 2754 Petri
1592 2725 1674 2752 verba
1691 2723 1775 2758 perti-

983 2789 1046 2814 nent
1060 2795 1066 2812 :
1082 2783 1261 2818 Morti/iratus
1276 2787 1364 2812 carne,
1376 2777 1523 2812 vivificatus
1546 2776 1634 2800 autem
1645 2769 1740 2805 spiritu
1751 2770 1774 2796 δ.

177 2885 228 2913 ιιν.
244 2884 452 2921 καταψηφίζεις.
493 2884 502 2898 ’³
515 2882 609 2911 Matth.
626 2891 671 2917 xx,
693 2882 733 2910 l8.
774 2882 783 2897 ³
800 2880 865 2908 ibid.
880 2880 913 2907 “22

967 2879 974 2895 ⁵
995 2878 1004 2905 ι
1024 2875 1081 2904 Pet.
1100 2883 1139 2903 ut.
1156 2873 1199 2902 18.
