1944 3037
187 144 241 173 223

905 142 933 170 S.
952 140 1124 169 El’lPllANll

1775 140 1834 171 32.3

189 206 228 229 ter
245 209 284 228 me
293 199 363 228 Dem
375 204 422 228 est.
431 199 510 233 Quod
520 199 635 228 audiens
650 199 764 226 Barbelo
773 199 922 235 lacrymata
933 203 985 226 est.

1041 200 1083 226 τὸν
1095 199 1173 232 λόγον
1187 198 1291 230 τοῦτον,
1311 198 1358 224 καὶ
1372 197 1497 224 κλαῦσαι.
1514 197 1621 233 Ταύτην
1632 197 1660 224 δὲ
1679 197 1723 224 ἀεὶ
1737 198 1834 232 φαίνε-

188 247 318 275 Eamdem
331 255 413 282 porro
429 251 545 275 venusta
567 245 659 282 specie
679 246 848 281 principibus
879 253 987 281 semper

188 305 321 332 apparere
335 297 442 328 dicunt,
458 297 588 331 abiisque
597 303 689 324 semen
705 303 752 330 per
768 295 934 330 voluptatem
951 301 984 320 ac

190 342 354 379 proﬂuvium
373 343 499 375 auferre;
524 342 655 368 nimirum
680 345 710 368 ut
726 341 779 367 vim
803 348 880 367 suam
904 339 987 366 iudi-

191 396 285 416 versos
300 389 460 416 distractam
471 388 570 415 iterum
580 392 734 422 recuperat.
751 385 838 421 Cujus
850 386 986 420 dogmatis

191 434 338 460 occasione
362 433 495 460 foeditatis
511 440 568 460 suae
594 433 756 468 mysterium
776 432 803 458 in
825 431 920 458 orbem
943 431 986 458 in-

191 481 272 507 vasit.
289 480 378 515 Atque
398 487 493 507 eorum
514 479 649 514 plerique,
667 487 736 513 quos
757 478 986 505 commemoravi~

191 534 267 557 mus.
283 533 339 561 quo
355 526 463 553 tandem
487 530 566 560 pacto
589 524 662 559 quod
680 532 714 551 ne
736 523 859 559 proferre
874 524 984 558 quidem

189 573 253 599 licet
270 573 340 598 miro
360 572 543 607 improbitatis
559 571 678 598 artiﬁcio
697 571 723 597 in
750 571 908 605 promiscuo
926 578 984 596 mu-

192 619 287 645 licrtttn
310 619 458 645 concubitu
469 638 476 649 ,
495 618 661 652 immauique
678 617 850 651 turpitudine
866 615 984 642 volutari

189 663 362 691 docuerunt?
388 663 617 698 quemadmodum
654 662 848 690 sanctissimus
880 661 985 689 Paulus

191 710 256 736 alibi
269 709 391 736 declarat
404 709 446 736 his
463 709 572 736 verbis:
591 708 655 741 Qua:
666 708 735 735 enim
751 709 855 735 occulto
871 708 938 743 ﬁunt
951 709 984 734 ab

190 756 256 790 ipsis
268 761 343 788 turpe
358 760 397 783 est
410 756 450 782 υει
461 754 547 782 dicere
561 755 579 781 ‘.

226 801 272 829 ΙΙΙ.
288 801 389 829 Verum
408 802 432 829 si
447 801 493 836 qui
508 801 675 828 contrariam
700 799 763 827 huic
778 800 865 827 errori
882 799 985 827 refuta-

191 848 293 874 tionem
307 855 321 874 a
339 847 444 882 Spiritu
470 851 567 874 sancto
595 846 746 881 profectam
767 845 861 874 videre
882 846 982 880 cupiat,

190 901 223 921 ea
239 902 273 922 ex
289 893 377 921 sancti
391 892 506 920 Joannis
525 893 689 928 Apocalypsi
714 893 842 928 cognosci
872 893 984 927 poterit,

190 940 238 975 qui
251 940 283 967 ad
298 948 382 967 unam
403 931 591 967 Eéclesiarum
614 947 647 966 ex
671 939 773 966 Christi
794 937 901 965 Domini
922 946 984 972 per-

191 994 258 1014 sona
275 987 411 1018 scribens.
425 985 483 1013 sive
492 985 525 1012 ad
537 985 709 1020 episcopum,
724 985 771 1020 qui
783 985 808 1012 ei
821 984 985 1019 praepositus

192 1032 291 1064 fuerat,
308 1040 370 1059 cum
386 1032 475 1067 angeli
492 1032 580 1059 sancti
596 1032 698 1058 virtute
711 1031 757 1066 qui
775 1031 802 1057 in
818 1031 898 1057 altari
914 1034 984 1062 erat,

190 1077 228 1103 ita
244 1076 366 1111 loquitur
384 1086 390 1104 :
409 1076 460 1104 Sed
474 1077 522 1103 hoc
547 1076 626 1103 habes
646 1076 725 1108 boni,
740 1077 802 1110 quia
816 1075 897 1102 odisti
912 1076 987 1110 facta

192 1122 405 1152 Nicolaitarum.
421 1131 479 1157 qum
491 1127 515 1149 et
534 1131 580 1156 ego
593 1121 637 1149 odi
649 1123 670 1148 ¹.
687 1122 740 1148 Alii
754 1129 818 1149 vero
837 1121 985 1149 Prunicam

191 1168 337 1204 quamdam
351 1168 406 1203 78
427 1168 522 1196 eodem
538 1176 593 1202 quo
611 1168 656 1195 isti
674 1171 831 1195 commento
853 1175 987 1194 veneran-

193 1216 235 1239 tes
247 1233 255 1243 .
271 1217 298 1240 et
314 1221 347 1240 ex
371 1213 418 1239 illo
443 1213 624 1247 turpitudinis
647 1213 774 1248 dogmate
791 1213 987 1247 cupiditatibus

193 1259 251 1286 suis
268 1258 462 1293 obsequentes.
478 1257 614 1290 Pruuicte,
630 1259 769 1293 inquiunt,
786 1259 858 1286 vires
878 1267 911 1286 ex
926 1267 987 1286 COI“

193 1305 307 1340 poribus
323 1304 520 1340 proﬂuviisque
533 1305 705 1339 colligimus;
725 1313 756 1332 ex
780 1305 884 1332 semine
906 1305 984 1332 nitui-

194 1359 267 1382 rum,
283 1358 315 1377 ac
330 1351 490 1384 menstruis,
505 1350 538 1377 de
551 1351 650 1385 quibus
673 1351 753 1386 paulo
773 1355 852 1385 post,
875 1359 937 1378 cum
955 1352 988 1378 de

193 1395 238 1422 his
254 1395 438 1430 particulatim
452 1403 577 1430 agemus.
592 1395 722 1422 subtilius
735 1395 915 1426 disseremus,
932 1403 986 1421 non

194 1445 224 1467 ut
240 1441 423 1472 audientium,
434 1441 616 1475 legentiumve
629 1447 727 1467 sensus
738 1440 928 1474 inquinemus,
939 1439 987 1466 sed

193 1490 224 1513 ut
240 1486 464 1520 prudentioribus
476 1486 666 1513 vehementius
678 1486 811 1513 adversus
825 1486 887 1513 illos
894 1485 987 1512 odium

193 1532 434 1567 pessimorumque
457 1531 611 1558 facinorum
635 1531 847 1559 detestationem
875 1532 988 1566 injicere

1038 246 1101 272 σθαι
1114 247 1172 276 τοῖς
1192 245 1321 279 ἄρχουσιν
1339 245 1368 270 ἐν
1383 244 1520 280 εὐμορφίᾳ
1536 244 1600 275 τινὶ,
1621 244 1668 270 καὶ
1689 244 1832 280 ἁποσυλᾷν

1036 292 1066 318 τὸ
1084 291 1114 324 ἐξ
1132 291 1222 317 αὐτῶν
1244 290 1354 325 σπέρμα
1374 290 1409 316 δι’
1423 290 1519 325 ἡδονῆς
1545 290 1591 316 καὶ
1608 290 1755 325 ἐκχύσεως,
1784 290 1832 316 ἵνα.

1035 337 1116 372 δῆθεν
1127 337 1177 372 τὴν
1189 336 1274 371 αὐτῆς
1285 335 1400 370 δύναμιν
1411 335 1460 370 τὴν
1472 336 1511 367 εἰς
1521 336 1666 371 διαφόρους
1678 337 1833 370 σπαρεῖσαν

1035 381 1114 415 αὖθις
1129 382 1209 410 πάλιν
1223 381 1388 418 ἀνακομίξῃ.
1405 382 1459 408 Καὶ
1470 381 1556 413 οὕτως
1571 382 1604 408 ἐκ
1617 381 1746 417 τοιαύτης
1761 382 1832 408 ὑπο-

1037 428 1138 460 θέσεως
1160 428 1190 454 τὸ
1216 428 1264 462 τῆς
1290 426 1372 453 αὑτοῦ
1397 426 1590 462 αἰσχρολογίας
1616 427 1766 462 μυστήριον
1789 426 1832 461 τῷ

1036 475 1131 509 κόσμῳ
1144 474 1337 508 ὑπεισήνεγκε.
1353 473 1409 500 Καί
1425 481 1506 504 τινες⁷
1519 473 1557 504 ὡς
1568 472 1647 507 ἔφην,
1664 472 1718 498 τῶν
1739 481 1832 506 προει-

1038 521 1164 556 ρημένων
1179 519 1222 546 διὰ
1239 519 1340 554 πολλῆς
1362 519 1580 554 κακομηχανίάς,
1595 518 1612 545 ἃ
1630 518 1666 554 μὴ
1684 518 1764 553 θέμις
1785 518 1832 544 λέ-

1036 575 1104 601 γειν1
1131 565 1190 597 πῶς
1209 566 1238 592 ἐν
1257 565 1404 600 πολυμιξία
1425 565 1573 599 γυναικῶν,
1594 565 1642 591 καὶ
1663 566 1692 591 ὲν
1715 566 1831 600 αἰσχρο-

1036 612 1138 643 ποιὶαις
1160 612 1322 646 ἀνηκέστοις
1336 610 1554 646 ἀναστρέῳεσθαι
1576 611 1709 643 ἐδίδαξαν,
1728 611 1765 642 ὡς
1781 610 1831 637 καί

1036 667 1088 685 που
1101 659 1115 684 ὁ
1137 657 1289 692 ἁγιώτατος
1309 657 1472 688 Ἀπόστολός
1491 664 1573 691 φησιο
1596 656 1634 683 Τὰ
1655 656 1711 691 τὰρ
1727 655 1831 691 κρυφῇ

1036 705 1177 740 γινόμενα
1190 704 1239 732 ὑπ’
1259 703 1358 731 αὐτῶν
1373 704 1502 738 αἰσχρόν
1520 703 1586 729 ἐστι
1600 702 1649 729 καὶ
1661 702 1771 737 λέγειν.

1071 794 1108 820 Ι“¹.
1125 793 1170 828 Τῷ
1183 793 1211 819 δὲ
1227 792 1381 828 βουλομένῳ
1394 791 1443 827 τὴν
1457 791 1595 818 ἀντίθετον
1613 791 1676 818 ἰδεῖν
1692 792 1723 817 ἐκ
1740 791 1829 818 Πνεῦ-

1039 848 1121 874 ματος
1135 839 1213 873 ἁγίου
1235 839 1300 874 περὶ
1319 839 1368 873 τῆς
1383 837 1478 865 τούτου
1501 837 1634 873 αἱρέσεως
1655 838 1830 873 ἀνατροπὴν,

1001 897 1022 924 Β
1039 885 1127 911 ἰστέον
1140 885 1213 910 ἐστὶν
1237 884 1290 910 ἀπὸ
1306 883 1356 918 τῆς
1376 882 1422 909 τοῦ
1435 882 1514 916 ἁγίου
1532 883 1656 910 Ἰωάννου
1675 883 1827 909 Ἀποκαλύ-

1035 931 1118 966 ψεως,
1133 930 1172 962 ὃς,
1189 930 1303 965 γράφων
1319 930 1368 965 μιᾷ
1379 929 1432 955 τῶν
1447 929 1614 964 Ἐκκλησιῶν
1630 929 1662 955 ὲκ
1679 929 1826 964 προσώπου

1036 976 1151 1012 Κυρίου.
1165 977 1288 1002 τουτέστι
1307 975 1347 1011 τῷ
1367 975 1510 1011 ὲπισκόπῳ
1524 975 1567 1010 ,τῷ
1586 975 1674 1002 ἐκεῖσε
1690 984 1830 1003 καταστα-

1037 1022 1119 1054 θέντι,
1139 1024 1186 1049 σὺν
1201 1023 1233 1057 τῇ
1252 1021 1424 1057 δυνάμειτοῦ
1435 1022 1514 1055 ἁγίου
1530 1021 1644 1055 ἀγγέλου
1663 1021 1710 1048 τοῦ
1724 1022 1769 1048 ἐπὶ
1779 1021 1829 1048 τοῦ

1037 1066 1240 1102 θυσιαστηρίου,
1262 1067 1360 1102 φησίν·
1384 1067 1484 1100 Ἔχεις
1499 1065 1532 1093 δέ
1554 1074 1581 1092 τι
1597 1067 1702 1098 καλὸν,
1723 1065 1766 1092 ὅτι
1782 1075 1831 1100 μι-

1037 1114 1102 1147 σεῖς
1124 1114 1159 1141 τὰ
1176 1115 1248 1149 ἔργα
1269 1114 1327 1140 τῶν
1339 1113 1532 1144 Νικολαϊτῶν,
1552 1114 1571 1140 (2
1591 1115 1641 1141 καὶ
1664 1114 1721 1149 ἐγὼ
1737 1114 1829 1149 μισῶ.

1037 1160 1188 1196 Προύνικόν
1206 1161 1216 1175 ⁸
1229 1169 1259 1186 τε
1283 1160 1357 1186 ἄλλοι
1379 1159 1514 1195 τιμῶντες
1534 1160 1606 1192 τινὰ,
1623 1161 1660 1192 ὡς
1683 1161 1730 1187 καὶ
1745 1158 1830 1192 οὗτοι,

1040 1205 1170 1240 μυθωδῶς
1179 1205 1261 1232 πάλιν
1273 1206 1311 1237 είς
1323 1205 1424 1240 ταύτην
1433 1205 1483 1240 τὴν
1494 1205 1621 1232 ὑπόνοιαν
1632 1206 1680 1240 τῆς
1688 1206 1831 1242 αἰσχρουρ-

1037 1253 1100 1286 γίας
1113 1252 1148 1278 τὰ
1161 1251 1266 1278 ἑαυτῶν
1282 1251 1355 1286 πάθη
1370 1251 1558 1284 ἐπιτελοῦντες
1576 1261 1657 1286 φασι-Δ
1673 1253 1728 1288 Τῆς
1741 1253 1831 1288 Πρου-

1038 1298 1113 1324 νίκου
1132 1297 1182 1333 τὴν
1204 1297 1318 1332 δύναμιν
1342 1298 1507 1334 συλλέγομεν
1531 1298 1586 1325 ἀπὸ
1612 1299 1666 1325 τῶν
1683 1299 1830 1334 σωμάτων,

1038 1344 1082 1371 διά
1104 1353 1133 1371 τε
1158 1344 1212 1370 τῶν
1230 1345 1365 1380 ρευστῶψ
1384 1345 1456 1381 φημὶ
1472 1345 1501 1371 δὲ
1525 1345 1607 1380 γονῆς
1631 1346 1679 1372 καὶ
1705 1355 1832 1381 καταμη-

1037 1391 1112 1423 νίων,
1129 1391 1193 1426 περὶ
1210 1389 1246 1417 ὧν
1262 1391 1345 1427 όλίγῳ
1364 1391 1487 1428 ὕστερον,
1505 1393 1569 1418 ὅταν
1592 1392 1653 1427 περὶ
1675 1392 1764 1419 αὐτῶν
1780 1401 1831 1427 μο-

1037 1438 1161 1474 νομερῶς
1176 1438 1265 1472 λέγειν
1277 1438 1499 1474 ἐπιϐαλλώμεθα,
1516 1439 1587 1466 κατὰ
1598 1441 1752 1476 λεπτότητα
1760 1441 1833 1476 ὑφη-

1038 1485 1169 1520 γήσομαι,
1187 1486 1236 1511 οὐκ
1249 1487 1288 1518 εἰς
1308 1486 1338 1512 τὺ
1357 1487 1455 1521 χρᾶναι
1469 1486 1554 1518 ἀκοὰς
1571 1486 1625 1513 τῶν
1647 1488 1800 1513 ἀκουόντων
1813 1487 1831 1523 ἢ

1039 1531 1268 1566 ἐντυγχανόντων.
1282 1532 1340 1558 ἀλλ’
1354 1533 1394 1563 εἰς
1413 1533 1443 1558 τὸ
1463 1534 1520 1564 τοῖς
1538 1535 1660 1565 συνετοῖς
1683 1533 1832 1568 ἀπέχθειαν

194 1578 346 1613 possimus.
372 1577 467 1613 Neque
485 1586 549 1606 vero
574 1578 706 1606 scelestos
731 1578 793 1606 illos
817 1578 987 1606 calumniose

1043 1577 1141 1612 μᾶλλον
1154 1577 1323 1613 ἐργάσασθαι
1342 1578 1410 1613 πρὸς
1428 1578 1535 1610 αὐτοὺς,
1552 1579 1598 1605 καὶ
1613 1579 1770 1615 ἀποτροπὴν
1782 1579 1832 1614 τῆς

195 1624 377 1656 traducimus,
393 1624 440 1652 sed
455 1632 516 1659 qua:
532 1624 566 1651 ab
587 1624 655 1659 ipsis
679 1628 822 1659 geruntur,
839 1633 870 1652 ea
892 1625 930 1651 uti
957 1632 988 1652 se

194 1676 241 1696 res
254 1669 346 1703 habet,
363 1671 453 1704 palam
477 1670 607 1698 omnibus
628 1671 802 1706 exponimus;
826 1671 895 1698 Sunt
908 1675 935 1698 et
953 1678 987 1698 ex

195 1714 252 1742 illis
265 1716 369 1751 aliqui,
388 1716 435 1750 qui
453 1715 615 1743 Jaldabaoth
631 1717 769 1751 prmcipue
790 1717 895 1748 colunt,
911 1724 986 1744 eum-

195 1769 250 1796 que
264 1760 424 1789 Barbelonis
436 1761 555 1796 priorem
568 1765 636 1789 natu
652 1762 736 1788 lilium
748 1769 809 1789 esse
818 1761 967 1796 praedicant
979 1770 985 1787 :

195 1808 312 1843 ideoque
328 1807 470 1835 habendus
487 1808 512 1835 ei
528 1807 616 1835 honor
631 1812 683 1840 est.
701 1808 838 1842 inquiunt.
855 1807 928 1842 quod
945 1815 988 1834 re-

195 1854 307 1882 condita
321 1855 405 1881 multa
421 1854 558 1890 patefecit.
575 1854 644 1881 Hine
657 1859 699 1882 est
710 1854 782 1889 quod
797 1859 887 1881 certos
901 1853 988 1880 libros

195 1900 357 1928 Jaldabaoth
379 1901 488 1928 nomine
504 1901 651 1935 inscriptos
666 1908 698 1927 ac
713 1899 917 1928 commentitios
941 1899 989 1926 ha-

197 1946 279 1979 bent;
313 1954 419 1974 necnon
436 1946 567 1974 barbaras
584 1946 750 1981 principum,
764 1950 795 1973 ut
808 1949 945 1977 asserunt,
957 1953 989 1973 ac

196 1996 364 2028 potestatum
380 2000 429 2027 per
445 1992 662 2027 unumquodque
677 1992 777 2019 uelum
792 1991 989 2026 appellationes

197 2040 369 2072 innumeras,
385 2039 432 2074 qui
452 2047 548 2067 omnes
567 2039 708 2066 hominum
728 2039 828 2066 animis
844 2042 909 2066 sunt
922 2046 990 2065 con-

197 2085 283 2112 trarii.
313 2085 385 2113 Sane
405 2085 504 2120 ingens
527 2085 648 2112 humano
664 2085 758 2120 generi
787 2085 863 2112 fraus
889 2089 932 2112 est
956 2092 989 2111 ex

197 2131 355 2159 istiusmodi
372 2131 514 2158 hominum
537 2138 631 2158 errore
653 2135 822 2166 comparata.
842 2130 896 2158 Alii
917 2131 990 2158 Cau-

199 2177 454 2204 laueauchcuidam
477 2177 600 2205 eamdem
622 2177 827 2204 venerationem
850 2176 988 2210 deferunt,

199 2231 254 2259 quo
268 2224 379 2250 nomine
395 2231 479 2250 unum
500 2231 532 2250 ex
558 2223 730 2258 principibus
757 2222 906 2257 appellant.
926 2221 991 2255 Qui-

201 2270 253 2297 bus
269 2278 368 2296 vocum
386 2270 526 2296 terriculis
546 2269 800 2303 cmmnentitiisque
819 2277 851 2295 ac
866 2269 991 2296 barbaris

201 2315 431 2351 appellationibus
450 2315 586 2351 imperitis
608 2315 767 2342 hominibus
782 2315 922 2349 imponere
942 2322 991 2341 co-

201 2365 313 2388 nantur.
335 2361 388 2389 Sed
406 2362 602 2396 peritioribus.
624 2366 652 2389 et
678 2362 713 2389 iis
728 2361 775 2396 qui
800 2361 992 2395 cujuscunque

202 2408 342 2441 nominis,
369 2416 402 2435 ac
428 2408 576 2444 propositae
593 2408 632 2435 rei
657 2408 783 2435 notitiam
806 2415 854 2442 per
870 2407 991 2434 divinam

202 2455 348 2491 quamdam
373 2455 517 2482 scientiam
547 2455 671 2490 ejusdem
699 2459 765 2482 sunt
789 2453 837 2481 Dei
861 2453 993 2481 bent-licio

202 2501 355 2532 consecuti,
371 2501 439 2536 quid
458 2502 567 2529 facilius
580 2510 661 2537 quam
679 2503 732 2530 ista
754 2501 943 2529 fabulosorum
958 2501 992 2527 ab

203 2548 258 2575 illis
272 2555 396 2575 errorum
413 2548 529 2575 conﬁcta
545 2548 671 2584 dogmata
690 2546 833 2576 refellere?

238 2593 282 2621 IV.
299 2594 367 2620 Cum
385 2594 457 2621 enim
473 2594 622 2622 Prunicum
638 2595 782 2622 nominant
808 2594 875 2622 nihil
891 2601 922 2621 ea
939 2600 992 2620 vox

239 2673 248 2688 ί
265 2671 364 2708 Ephes.
385 2680 412 2703 ν,
430 2672 474 2700 12.
522 2673 630 2708 ’Apoc.
651 2681 681 2705 tt,
708 2673 734 2700 6.
792 2673 803 2688 ³
819 2682 864 2707 γρ.
890 2670 991 2706 Προΰνε

238 2767 294 2803 (66)
307 2767 476 2801 Προύνικον
492 2766 547 2802 γὰρ
561 2767 615 2793 ἐὰν
635 2767 751 2794 εῖπωσι.
769 2766 929 2803 Προύνικος-
941 2764 993 2791 He—

203 2801 297 2838 sychio
311 2803 432 2835 bajulum
460 2809 492 2829 ac
512 2803 710 2829 mercenarium
731 2802 876 2836 signiﬁcat.
898 2801 930 2826 Οἱ
949 2809 992 2834 μι-

203 2837 268 2864 σθοῦ
285 2838 442 2868 κομίζοντες
455 2837 489 2864 τὰ
503 2836 572 2863 ὥνια
587 2838 642 2864 ἀπὸ
657 2837 706 2868 τῆς
725 2837 837 2868 ἀγορᾶς,
855 2836 902 2867 οὖς
922 2843 992 2866 τινες

203 2838 268 2864 σθοῦ
285 2838 442 2872 κομίζοντες
455 2838 489 2864 τὰ
503 2838 572 2863 ὥνια
587 2838 642 2864 ἀπὸ
657 2838 706 2871 τῆς
725 2838 837 2871 ἀγορᾶς,
855 2838 902 2867 οὒς
922 2843 992 2866 τινες

204 2872 388 2908 παιδαρίωνας
406 2872 528 2905 καλοῦσι,
543 2872 668 2908 δρομεῖς,
684 2873 803 2907 τραχεῖς,
828 2870 898 2902 ὀξεῖς
919 2870 992 2897 εὐκί-

1041 1623 1094 1650 τῶν
1122 1623 1215 1650 κακῶν
1240 1624 1381 1659 ἐργασίας,
1403 1624 1434 1650 οὺ
1459 1625 1633 1658 συκοφαντῶν
1654 1625 1716 1656 τοὺς
1740 1624 1832 1660 ἀλιτη-

1042 1669 1127 1705 ρίους,
1144 1669 1213 1696 ἀλλὰ
1233 1670 1294 1696 κατ’
1315 1669 1444 1705 ἀλήθειαν
1460 1671 1494 1696 τὰ
1513 1670 1579 1706 παρ’
1594 1670 1684 1697 αὐτῶν
1702 1671 1832 1706 γινόμενα

1041 1716 1082 1747 εἰς
1095 1715 1250 1750 τούμφανὲς
1265 1715 1450 1751 θριαμϐεύων.
1463 1716 1570 1751 ’Ἑτεροι
1585 1716 1613 1743 δὲ
1628 1716 1683 1743 τῶν
1700 1725 1832 1753 προειρη-

1043 1761 1131 1796 μένων
1156 1761 1319 1788 Ἰαλδαϐαὼθ
1336 1761 1488 1794 δοξάζουσι.
1504 1762 1652 1796 φάσκοντες
1665 1763 1746 1789 αὑτὸν
1761 1761 1833 1790 εῖναι¹

1043 1809 1149 1843 πρῶτον
1165 1809 1233 1842 υἱον,
1249 1810 1287 1842 ὡς
1303 1809 1383 1844 ἔφην,
1400 1810 1448 1845 τῆς
1463 1809 1612 1846 Βαρΰηλώε
1630 1811 1676 1837 καὶ
1690 1810 1734 1837 διὰ
1753 1810 1833 1836 τοῦτό

1043 1863 1110 1889 φησι
1126 1854 1181 1881 δεῖν
1198 1855 1273 1889 ἄγειν
1294 1855 1367 1890 αὑτῷ
1384 1855 1432 1890 τὴν
1453 1856 1547 1891 τιμὴν,
1561 1857 1601 1882 ὅτι
1626 1855 1711 1882 πολλὰ
1725 1855 1833 1882 ἀπεκά-

1042 1898 1134 1933 λυψεν.
1148 1899 1228 1926 Ὅθεν
1243 1899 1289 1926 καί⁸
1302 1899 1391 1934 βιϐλία
1405 1899 1467 1926 τινὰ
1481 1900 1510 1933 ἐξ
1524 1900 1656 1936 ὀνόματος
1672 1900 1718 1926 τοῦ
1737 1901 1825 1928 Ἰαλδα

1043 1945 1116 1971 εαὼο
1134 1945 1324 1981 ποιητεύονται
1344 1945 1535 1978 ὲκτυποῦντες,
1555 1947 1601 1973 καὶ
1620 1946 1767 1981 ὀνομασίας
1783 1955 1828 1982 μυ-

1044 1992 1106 2027 ρίας
1126 1991 1296 2027 βαρϐαρικὰς
1313 1992 1461 2027 ἀρχόντων,
1478 1991 1555 2026 φησὶ,
1571 1991 1618 2018 καὶ
1632 1991 1759 2023 ἐξουσιῶν
1772 1992 1833 2018 καθ’

1043 2038 1158 2064 ἕκαστον
1182 2038 1297 2073 οὐρανὸν
1320 2037 1534 2072 ἐναντιουμένων
1556 2039 1589 2073 τῇ
1609 2037 1662 2064 τῶν
1682 2037 1834 2073 ἀνθρώπων

1043 2084 1126 2120 ψυχῇ.
1145 2085 1199 2111 Καὶ
1216 2084 1299 2120 πολλὴ
1311 2084 1404 2116 ἁπλῶς
1417 2085 1433 2119 ἡ
1453 2083 1495 2110 διὰ
1508 2084 1558 2119 τῆς
1574 2084 1678 2120 πλάνης
1688 2084 1777 2111 αὐτῶν
1791 2093 1833 2118 γι-

1044 2131 1143 2166 νομένη
1158 2131 1197 2166 τῷ
1213 2131 1285 2165 γένει
1301 2131 1353 2158 τῶν
1371 2131 1522 2167 ἀνθρώπων
1537 2131 1678 2167 ἐπιϐουλή.
1699 2132 1790 2158 ’Λλλοι
1806 2132 1833 2158 δὲ

1043 2177 1089 2204 τὸν
1105 2178 1290 2213 Καυλαυκαὺχ
1309 2178 1438 2210 ὡσαύτως
1459 2177 1625 2210 δοξάζουσιν,
1643 2179 1761 2214 ἄρχοντά
1773 2187 1833 2205 τινα

1044 2225 1138 2251 τοῦτον
1149 2224 1219 2250 οὕτω
1230 2224 1387 2257 καλοῦντες,
1406 2225 1599 2259 φαντασιάζειν
1613 2225 1833 2261 φιλοτιμούμενοι

1045 2271 1108 2302 τοὺς
1122 2270 1252 2306 ἀπείρους
1266 2270 1310 2296 διὰ.
1324 2270 1374 2306 τῆς
1388 2270 1443 2297 τῶν
1453 2271 1592 2306 ὀνομάτων
1607 2271 1774 2306 ἐκπλήξεως.
1787 2273 1833 2298 καὶ

1045 2317 1212 2343 ἐπι-πλάστου
1227 2317 1277 2352 τῆς
1299 2317 1346 2343 τοῦ
1365 2317 1497 2351 ὀνόματος
1517 2316 1757 2352 βαρϐαρωνυμίας.
1772 2318 1834 2350 Τοῖς

1044 2363 1072 2389 δὲ
1088 2363 1230 2398 ἐμπείροις
1243 2363 1290 2390 καὶ
1305 2364 1336 2389 ἐκ
1351 2363 1418 2389 θεοῦ
1431 2363 1543 2389 λαϐοῦσι
1564 2363 1627 2398 περὶ
1644 2363 1762 2398 ἑκάστης
1774 2364 1835 2390 ὀνο-

1047 2409 1146 2443 μασίαις
1167 2409 1214 2435 καὶ
1231 2409 1387 2439 ὑποθέσεως
1405 2408 1454 2443 τῆς
1473 2408 1601 2444 ἀληθινῆς
1615 2409 1662 2435 τοῦ
1679 2409 1746 2435 θεοῦ
1765 2408 1835 2442 γνώ-

1046 2463 1113 2487 asto;
1131 2456 1220 2490 χάριν,
1235 2455 1292 2486 πῶς
1313 2455 1362 2481 οὐκ
1378 2454 1561 2489 εὐθυέλεγκτα
1581 2455 1616 2481 τὰ
1635 2455 1683 2490 τῆς
1699 2455 1835 2489 μυθώδους

1044 2502 1133 2528 αὐτῶν
1150 2501 1254 2537 πλάνης
1265 2501 1418 2536 διδάγματα
1434 2501 1480 2527 καὶ⁸
1495 2501 1630 2536 ὲχέγγυα;

1079 2593 1115 2618 Δ’.
1136 2592 1286 2627 Προύνικον
1302 2592 1350 2618 ἐὰν
1366 2593 1463 2618 εἴπωσι
1481 2592 1548 2628 (66),
1561 2593 1592 2619 τὺ
1603 2593 1664 2618 ὃλον
1681 2593 1755 2619 ἐστὶν
1771 2591 1833 2626 ήδυο

996 2679 1062 2698 ικον.

1047 2772 1131 2800 νῃτοι,
1151 2764 1256 2800 γοργοὶ,
1272 2763 1413 2799 μισθωτοί.
1441 2765 1513 2793 Idem
1537 2767 1592 2793 fere
1622 2766 1693 2800 apud
1715 2765 1827 2793 Suidam

1049 2799 1159 2835 Vulgoa
1177 2799 1230 2833 πρό
1248 2804 1279 2835 et?
1293 2800 1389 2827 ἐνείκω
1408 2801 1556 2832 deducunt,
1579 2805 1626 2827 aut
1640 2809 1654 2826 a
1670 2801 1724 2835 πρό
1740 2806 1764 2827 ιιι
1785 2804 1835 2828 νεῖ-

1046 2844 1103 2875 κοςἶ
1122 2834 1235 2876 Namnet'
1248 2834 1380 2876 ὑδριστῄν
1403 2837 1635 2876 ἰῃιθῃπθιῖιιιῑιροξ
1659 2834 1750 2876 itaque
1763 2836 1837 2876 _Ph_a-

1046 2871 1168 2898 von-inus.
1186 2869 1237 2903 Qui
1254 2874 1280 2897 ct
1302 2869 1375 2899 addit
1397 2869 1506 2908 πόριλος
1521 2871 1552 2897 τὸ
1566 2871 1675 2899 αἰδοῖον.
1693 2871 1771 2904 Quod
1791 2871 1828 2899 de
