1944 3037
197 118 250 147 5‘27

901 114 929 143 S.
950 113 1120 143 EPIPHANII

1786 115 1850 143 3.23

197 174 313 204 ridicula
326 182 333 206 ;
349 182 410 209 qua:
423 173 550 209 quisquis
566 172 700 200 divinitus
709 172 884 207 prudentiam
896 178 996 202 nactus

1050 174 1105 209 ρὸς,
1123 173 1170 201 καὶ
1193 174 1317 210 ἢπάτητε
1342 175 1392 211 τὴν
1416 172 1498 202 Εὕαν.
1524 174 1590 202 Ἀπὸ
1606 174 1654 201 τοῦ
1676 173 1760 200 τύπου
1785 174 1848 210 ’τὰς

197 222 234 250 sit
261 221 338 248 nullo
365 221 475 255 negotio
498 219 651 255 pervident.
683 219 825 254 Siquidem
846 221 994 254 voluptatis

198 267 286 302 gratia
317 274 379 293 cum
399 265 523 300 seipsos,
547 269 604 292 tum
626 273 697 300 quos
719 265 821 292 habent
843 270 994 293 sectatores

199 312 389 347 perdiderunt.
411 311 585 346 perduntque
597 310 730 346 quotidie.
747 310 780 337 Et
790 310 901 345 quidem
915 318 995 337 erro-

201 358 239 385 ris
257 358 302 385 ille
320 358 434 392 spiritus
452 356 564 392 quidam
575 357 649 384 velut
662 357 689 383 in
704 357 769 383 tibia
783 356 863 384 ﬂatus
877 361 931 387 est,
946 357 994 392 qui

200 411 425 439 unumquemque
437 403 625 438 insipientium
635 403 776 430 hominum
798 403 915 430 diversis
929 410 995 430 con-

201 455 243 477 tra
260 450 403 477 veritatem
426 449 613 484 agnitionibus
629 453 796 476 commovet.
819 449 910 485 Atque
926 451 994 478 adeo

201 498 269 525 tibia
287 497 424 532 serpentis
444 496 558 531 ﬁgurant
575 496 677 522 imitari
695 495 819 529 videtur,
842 503 891 531 per
912 504 993 531 quem

201 543 291 569 malus
308 542 415 569 dremon
432 542 542 569 loeutus
552 545 605 574 est,
618 545 701 575 atque
717 540 800 568 Evam
815 541 934 576 decepit.
952 542 993 568 Ad

201 587 282 621 cujus
297 587 439 621 exemplar
466 593 598 621 expressa
611 605 618 617 ,
635 580 662 613 et
686 586 719 612 ad
741 585 890 612 humanum
907 594 993 621 genus

202 632 368 660 illudendum
381 631 505 660 confecta
519 632 586 658 tibia
599 637 651 659 est.
667 631 707 658 Tu
720 639 784 658 vero
797 635 824 659 et
839 632 912 659 illam
927 632 994 660 mihi

201 679 316 714 efﬁgiem
335 679 459 710 intuere,
474 686 557 712 quam
574 677 621 712 qui
643 677 709 704 tibia
730 677 804 704 canit
828 677 855 704 in
873 685 934 705 sese
951 686 993 705 re-

202 729 358 759 pra‘sentat.
383 724 433 751 Hic
458 725 529 751 enim
557 731 667 751 sursum
691 723 786 750 facienti
812 723 932 756 attollit,
957 731 989 750 ac

1046 219 1152 245 ἐκείνου
1170 219 1241 245 κατὰ
1265 220 1381 255 μίμησιν
1405 221 1420 247 ό
1444 219 1524 252 αὐλὸς
1548 221 1602 250 τοῖς
1627 218 1782 254 ἀνθρώποις
1801 219 1850 249 εἰς

1047 266 1156 301 ἀπάτην
1173 265 1389 301 κατεσκευάσθη.
1410 266 1465 292 Καὶ
1477 267 1527 302 ὅρα
1542 265 1588 292 τὸν
1603 265 1698 297 τύπον,
1713 264 1742 291 ὂν
1756 264 1851 296 αὐτὸς

1047 313 1061 338 ὁ
1078 312 1167 339 αὐλῶν
1184 313 1213 339 ὲν
1231 311 1269 347 τῷ
1291 311 1365 347 αὑλῷ
1382 312 1508 338 ποιεῖται.
1523 311 1616 338 Αὐλῶν
1633 311 1686 347 γὰρ
1704 311 1759 338 ᾱνω
1775 311 1851 336 ἁνα-

1046 358 1130 389 νεύει,
1159 357 1206 384 καὶ
1231 359 1307 384 κάτω
1335 358 1497 384 κατανεύει·
1520 357 1594 390 δεξιά
1620 366 1649 383 τε
1677 357 1762 384 κλίνει
1795 356 1851 382 καὶ

1048 404 1176 440 εὐώνυμα
1190 404 1290 439 ὁμοίως
1304 404 1411 440 ἐκείνῳ,
1430 404 1541 436 Τούτοις
1557 404 1611 439 γὰρ
1629 403 1674 430 καὶ
1691 405 1704 429 ὁ
1716 402 1850 433 διάϐολος

1047 453 1104 483 τοῖς
1128 451 1249 486 σχήμασι
1269 451 1412 486 κέχρηται,
1438 451 1482 477 ἵνα
1503 450 1573 477 κατὰ
1599 450 1652 476 τῶν
1670 449 1849 484 ἐπουρανίων

1048 495 1197 530 ἐνδείξηται
1210 495 1259 530 τὴν
1274 494 1456 530 βλασφημίαν,
1472 495 1518 521 καὶ
1529 495 1563 521 τὰ
1580 495 1626 521 ἐπὶ
1638 494 1687 529 τῆς
1701 493 1752 528 γῆς
1769 494 1850 527 ἁφα-

1048 540 1137 576 νισμῷ
1158 541 1289 576 ἀφανίσῃ,
1308 542 1354 568 καὶ
1372 540 1440 576 όμοῦ
1469 540 1659 576 συμπεριλάεῃ
1680 540 1727 575 τὴν
1750 540 1850 566 οἰκου-

1050 586 1143 621 μένην,
1160 586 1235 620 δεξιά
1254 596 1283 613 τε
1305 588 1351 614 καὶ
1367 587 1495 623 εὐώνυμα
1514 586 1711 622 λυμαινόμενος
1727 586 1793 616 τοὺς
1808 586 1848 620 τῇ

1049 632 1136 668 πλάνῃ
1154 633 1331 669 πειθομένους
1355 642 1385 660 τε
1408 634 1453 660 καί¹
1477 632 1666 668 θελγομένους,
1685 631 1780 666 ὥσπερ
1799 630 1849 657 διὰ

1048 680 1179 714 μουσικοῦ
1206 681 1333 716 ὀργάνου,
1360 682 1420 712 ταῖς
1452 681 1554 715 φωναῖς
1587 680 1646 710 ταῖς
1664 677 1848 712 πεπλανημέ-

1042 734 1110 758 ναις.

201 774 331 799 deorsum
349 771 476 802 demittit,
501 774 558 797 tum
576 770 609 797 ad
639 769 736 797 dextra
755 769 923 804 sinistraque
947 770 1063 804 perinde
1093 776 1122 799 ut
1153 772 1199 799 ille
1216 772 1314 807 vergit.
1347 772 1455 807 Quippe
1475 771 1602 799 diabolus
1625 771 1693 798 iisce
1715 769 1846 806 gestibus

203 819 301 851 utitur,
315 821 344 844 ut
360 817 555 844 contumeliam
573 816 600 842 in
614 823 728 850 superos
746 819 873 848 ostentet,
890 819 917 843 et
931 823 993 850 qua:
1007 818 1034 844 in
1060 821 1133 845 terra
1148 822 1213 846 sunt
1231 818 1354 846 funditus
1373 822 1493 849 evertat,
1524 822 1668 853 totumque
1690 817 1759 844 adeo
1786 822 1848 842 ter-

202 873 295 892 rarum
313 864 407 892 orbem
433 863 529 890 eodem
551 863 636 890 exitio
662 862 897 896 comprehendat,
928 862 994 889 dum
1013 863 1107 891 dextra
1124 865 1226 899 pariter
1238 873 1270 893 ac
1285 865 1397 893 sinistra
1421 864 1569 900 perniciem
1588 865 1622 892 iis
1636 864 1713 891 affert
1740 862 1789 898 qui
1814 862 1846 888 iu

201 914 262 947 ejus
279 921 306 940 se
339 911 461 938 fraudem
489 910 683 943 committunt,
698 917 730 936 ac
751 910 792 936 sic
813 913 946 946 tanquam
962 911 1069 939 musico
1095 912 1280 941 instrumento
1311 914 1367 948 80
1392 913 1575 941 fraudulentis
1601 913 1674 941 illius
1704 911 1845 941 sermoni—

203 959 254 987 bus
271 958 435 985 afﬁciuntur.

240 1007 270 1034 γ.
287 1008 357 1033 Sunt
374 1010 400 1032 et
417 1005 463 1032 alii
482 1004 592 1039 quidam
617 1011 650 1031 ex
675 1003 866 1031 haereticorum
887 1003 996 1031 illorum

1083 1005 1122 1033 E'.
1139 1004 1230 1032 Ἄλλοι
1253 1005 1280 1032 δέ
1306 1014 1377 1038 τινες
1399 1005 1428 1038 ἐξ
1445 1005 1536 1033 αὐτῶν
1552 1005 1619 1044 κενά
1641 1014 1702 1032 τινα
1719 1005 1844 1040 ὀνόματα

204 1062 296 1090 grege,
312 1053 359 1088 qui
381 1053 473 1080 inania
490 1052 616 1087 quaedam
631 1052 743 1079 nomina
757 1052 932 1087 conﬁngunt,
947 1053 997 1079 ita-

204 1109 257 1136 que
268 1100 363 1127 dicunt
374 1109 380 1125 :
392 1098 472 1126 Initio
483 1098 623 1129 tenebras,
636 1105 668 1124 ac
680 1097 849 1132 voraginem,
862 1103 889 1124 et
897 1105 998 1132 aquam

205 1147 291 1173 t'nisse
305 1155 311 1172 :
328 1153 388 1180 qua:
401 1153 414 1171 a
428 1152 458 1172 so
469 1145 587 1172 invicem
601 1143 713 1178 spiritus
723 1143 881 1171 secreverit.
896 1143 997 1171 Verum

205 1194 324 1220 tenebrae
346 1196 441 1218 contra
460 1191 586 1226 spiritum
611 1190 754 1216 iracundia
770 1198 802 1216 ac
825 1189 918 1218 furore
935 1198 998 1225 per-

205 1240 266 1266 ClliB
291 1245 401 1266 sursmn
419 1241 599 1264 CXPUI'I‘CIIICS
622 1243 684 1262 cum
699 1243 732 1263 ευ
752 1243 907 1271 οοιιει-ρεεω
921 1243 996 1264 sunt.

205 1284 269 1312 Inde
285 1284 385 1311 matrix
401 1283 496 1311 nescio
521 1290 582 1317 quae
605 1282 697 1317 genita
715 1282 828 1322 prodiit,
847 1290 907 1317 quae
922 1283 998 1316 ejus-

205 1330 267 1357 dem
282 1329 397 1364 spiritus
408 1328 639 1355 consuetudinem
649 1327 773 1362 appetiit.
787 1327 826 1354 Ex
836 1335 923 1362 eaque
933 1335 998 1363 qua-

204 1380 269 1402 tuor
284 1375 388 1402 !Eones
400 1374 527 1410 producti
535 1373 659 1401 sunt.Ab
670 1373 713 1400 bis
728 1381 772 1400 xiv
782 1373 828 1400 alii
842 1374 992 1408 procreati.

205 1420 271 1448 ltcm
288 1421 383 1448 dextra
395 1440 402 1452 ,
418 1420 595 1454 sinistraque,
628 1426 736 1446 necnon
755 1419 847 1446 lumen
873 1427 905 1446 ac
924 1423 998 1447 tene-

205 1467 270 1493 brm.
287 1465 442 1493 Secundum
452 1465 503 1493 bos
512 1473 607 1492 omnes
618 1469 724 1500 turpem
735 1464 880 1500 quemdam
893 1473 997 1492 wonem

205 1511 307 1538 editum
323 1514 449 1542 narrant,
464 1517 582 1545 eumque
599 1517 662 1536 eum
677 1517 721 1541 ea,
737 1517 820 1544 quam
837 1510 919 1544 paulo
934 1513 998 1537 ante

205 1557 337 1588 tlximus,
352 1556 466 1582 matrice
481 1556 580 1582 coiisse
598 1564 605 1581 :
621 1559 647 1582 et
662 1555 696 1582 ab
712 1561 829 1589 utroque
840 1555 907 1581 deos
916 1558 997 1590 atque

206 1604 329 1637 angelos,
341 1606 368 1630 et
382 1602 533 1633 dannones,
549 1609 581 1628 ac
597 1605 702 1636 septem
714 1601 829 1635 spiritus
843 1604 933 1627 ortum
946 1601 996 1627 ha-

206 1649 311 1676 buisse.
330 1648 382 1675 Sed
397 1648 559 1676 bisti-ionica
578 1648 622 1674 illa
644 1647 773 1682 ﬁgmenta
791 1647 867 1674 nullo
886 1647 996 1682 negotio

206 1694 371 1728 tleteguntur
388 1703 393 1720 :
409 1701 472 1720 nam
500 1701 562 1720 eum
589 1701 674 1721 unum
691 1693 771 1720 initio
798 1692 907 1720 Patrem
935 1693 999 1720 deﬁ-

207 1740 294 1771 niant,
309 1739 426 1766 subinde
444 1739 536 1774 plures
549 1739 615 1766 deos
626 1739 787 1771 ostendunt,
804 1743 834 1766 ut
850 1740 999 1774 ipsummet

206 1791 328 1813 errorem
347 1792 397 1813 sua
413 1789 508 1812 contra
531 1793 560 1813 se
583 1786 785 1820 quodammodo
805 1794 912 1813 armare
927 1794 1000 1813 men-

207 1831 284 1858 dacia
301 1835 528 1864 commonstrent,
542 1839 573 1858 ac
590 1831 710 1866 seipsum
727 1836 867 1864 evertere;
881 1839 943 1858 cum
961 1831 1000 1858 in-

206 1878 286 1905 terim
301 1877 375 1904 omni
391 1886 422 1905 ex
437 1882 514 1912 parte
535 1878 681 1913 perspicua
697 1878 800 1906 veritas
818 1881 961 1913 appareat.

243 2020 287 2048 Vl.
301 2020 371 2054 Quid
389 2026 431 2048 est
445 2021 538 2056 igitur,
556 2021 682 2054 Nicolae,
696 2022 743 2050 tibi
756 2023 828 2058 quod
843 2025 1001 2058 opponam?

207 2067 338 2102 quidnam
352 2067 517 2102 disputabo?
531 2068 610 2095 Unde
632 2069 712 2096 nobis
735 2074 843 2104 turpem
859 2069 934 2096 illum
953 2077 1000 2097 ne-

208 2112 268 2139 scio
283 2120 362 2147 quem
382 2120 496 2145 a-onem,
511 2120 543 2140 ac
566 2114 695 2148 nequitia:
710 2114 831 2142 radicem
842 2135 849 2145 .
863 2120 889 2142 et
906 2115 1000 2143 fecun-

208 2157 271 2185 dam
287 2158 358 2185 illam
372 2158 512 2185 matricem
529 2166 560 2186 ac
574 2159 692 2194 denique
710 2160 803 2194 plures
820 2160 886 2188 deos
902 2168 933 2188 ac
945 2162 1001 2188 da:-

209 2210 305 2230 mones
320 2202 519 2230 invehis‘INam
529 2203 602 2238 quod
614 2204 648 2231 ad
659 2204 819 2239 Apostolum
829 2206 925 2233 attinet
937 2214 999 2233 cum

210 2247 244 2274 iis
257 2248 348 2275 verbis
371 2249 459 2275 utitur
478 2249 486 2264 ¹
505 2258 511 2276 :
531 2249 561 2277 Si
574 2254 634 2276 sunt
648 2250 693 2285 qui
709 2251 875 2285 appellantur
890 2252 937 2282 dii.
953 2261 1000 2281 eos

209 2301 345 2328 nusquam
354 2302 417 2322 esse
427 2294 573 2330 signiﬁcat.
587 2295 654 2323 Cum
667 2296 751 2327 enim.
765 2298 810 2332 qui
822 2299 998 2332 appellantur,

1050 1051 1261 1083 ἀναπλάττουσι,
1277 1051 1411 1085 λέγοντες,
1423 1052 1573 1082 ὅτιΣκότος
1586 1049 1620 1086 ἦν
1636 1051 1683 1078 καὶ
1697 1051 1777 1086 βυθὸς
1795 1052 1845 1078 καὶ

1050 1097 1135 1133 ὕδωρ·
1162 1097 1192 1124 τὸ
1213 1097 1240 1124 δὲ
1265 1097 1373 1132 πνεῦμα
1397 1097 1449 1124 ἀνὰ
1471 1097 1552 1132 μέσον
1574 1097 1676 1123 τούτων
1701 1097 1845 1132 διορισμὸν

1049 1143 1195 1179 ἐποιήσατο
1213 1142 1314 1170 αὐτῶν.
1329 1142 1365 1169 Τὸ
1376 1143 1404 1170 δὲ
1418 1143 1512 1175 σκότος
1528 1141 1562 1178 ἦν
1573 1143 1733 1178 χαλεπαῑνόν
1745 1151 1774 1168 τε
1792 1143 1844 1169 καὶ

1049 1189 1177 1223 ὲγκοτοῦν
1194 1189 1232 1224 τῷ
1252 1189 1388 1224 πνεύματι
1399 1198 1406 1205 ”
1421 1189 1489 1224 ὅπερ
1505 1190 1599 1220 σκότος
1618 1189 1773 1225 ἀναδραμὸν
1792 1198 1844 1215 πε-

1050 1235 1183 1271 ριεπλάκη
1195 1235 1233 1270 τῷ
1245 1234 1390 1271 πνεύματι.
1402 1235 1457 1262 Καὶ
1471 1235 1610 1271 ἐγέννησε.
1623 1236 1698 1270 φησὶ,
1710 1235 1771 1261 τινὰ
1786 1235 1844 1271 μή·

1048 1290 1115 1317 τραν
1140 1281 1321 1317 καλουμένην,
1347 1282 1408 1317 ἥτις
1432 1280 1593 1317 γεννηοεῖσα
1614 1281 1789 1316 ὲνεκίσσησεν
1811 1282 1844 1307 ἐν

1049 1327 1123 1362 αὐτῷ
1139 1327 1177 1362 τῷ
1193 1326 1339 1362 πνεύματι.
1362 1327 1410 1353 Ἐκ
1424 1327 1452 1353 δὲ
1467 1327 1518 1362 τῆς
1540 1327 1646 1362 μήτρας
1667 1326 1842 1363 προεϐλήθη-

1050 1373 1099 1400 σάν
1119 1382 1191 1404 τινες
1219 1372 1351 1408 τέσσαρες
1373 1372 1491 1405 Δίῶνες·
1510 1373 1543 1399 ἐκ
1567 1373 1595 1399 δὲ
1618 1373 1673 1399 τῶν
1699 1373 1843 1408 τεσσάρων

1049 1418 1158 1445 Αίώνων
1172 1418 1245 1445 ἄλλοι
1257 1418 1466 1453 δεκατέσσαρες,
1484 1418 1530 1444 καὶ
1546 1418 1640 1452 γέγονε
1663 1417 1738 1451 δεξιά
1749 1426 1779 1443 τε
1793 1418 1843 1444 καὶ

1049 1464 1192 1500 ἀριστερὰ,
1209 1465 1266 1498 φῶς
1281 1464 1329 1491 καὶ
1350 1465 1455 1496 σκότος.
1485 1464 1618 1500 ’Ύστερον
1634 1464 1662 1490 δὲ
1680 1463 1748 1499 μετὰ
1768 1464 1843 1491 πάν-

1047 1521 1097 1544 τας
1112 1512 1222 1543 τούτους
1236 1511 1436 1547 προϐεϐλῆσθαί
1449 1519 1509 1537 τινα
1521 1511 1633 1547 αἰσχρὸν
1647 1511 1741 1541 αἰῶνα,
1756 1511 1843 1545 μεμί-

1048 1557 1112 1593 χθαι
1141 1557 1169 1584 δὲ
1183 1557 1278 1584 τοῦτον
1295 1559 1329 1593 τῇ
1351 1558 1442 1593 μήτρᾳ
1465 1559 1497 1592 τῇ
1514 1557 1570 1584 ἄνω
1592 1557 1839 1594 προδεδηλωμένῃ·

1051 1603 1099 1630 καὶ
1114 1603 1145 1629 ἐκ
1159 1602 1255 1629 τούτου
1276 1602 1323 1629 τοῦ
1347 1602 1443 1634 αἰῶνος
1463 1602 1510 1629 τοῦ
1532 1602 1644 1637 αἰσχροῦ
1661 1603 1708 1629 καὶ
1721 1602 1771 1636 τῆς
1787 1603 1841 1638 μή-

1049 1657 1115 1682 τρας
1130 1648 1271 1683 γεγονέναι
1292 1648 1370 1679 Θεούς
1381 1656 1411 1674 τε
1425 1649 1473 1675 καὶ
1486 1649 1549 1680 τοὺς
1571 1649 1601 1682 ὰ]
1609 1648 1703 1683 γέλους
1716 1649 1763 1675 καὶ
1781 1648 1842 1674 δαί-

1051 1704 1144 1731 μονας,
1163 1696 1209 1722 καὶ
1225 1695 1294 1722 ἑπτὰ
1307 1695 1462 1730 πνεύματα.
1478 1695 1592 1731 Φωρατὴ
1608 1695 1636 1722 δὲ
1650 1695 1751 1722 τούτων
1763 1697 1778 1730 ἡ
1790 1695 1842 1730 τῆς

1049 1741 1155 1776 πλάνης
1173 1741 1328 1777 μιμολογία.
1351 1741 1410 1768 Ἀπ’
1430 1741 1518 1776 ἀρχῆς
1535 1741 1589 1776 γὰρ
1604 1741 1652 1768 ἕνα
1669 1742 1777 1777 Πατέρα
1798 1742 1841 1767 λέ-

1050 1796 1143 1821 γοντες
1159 1789 1207 1814 καὶ
1225 1788 1388 1823 ὁριζόμενοι,
1407 1787 1519 1823 ὕστερον
1538 1787 1652 1820 πολλοὺς
1678 1787 1754 1819 θεοὺς
1773 1788 1840 1814 ὑπέ-

1051 1843 1148 1869 φηναν,
1162 1834 1202 1866 εἰς
1224 1834 1254 1860 τὸ
1266 1833 1351 1866 δεῖξαι
1371 1834 1456 1869 αὐτὴν
1472 1834 1521 1869 τὴν
1539 1834 1641 1869 πλάνην
1665 1833 1724 1860 καθ’
1740 1833 1840 1868 ἑαυτῆς

1050 1879 1084 1905 τὰ
1109 1880 1153 1905 ὑπ’
1168 1879 1252 1913 αὐτῆς
1276 1879 1361 1913 ψευδῆ
1385 1878 1520 1914 λεγόμενα
1541 1878 1670 1911 ὁπλίζειν,
1692 1878 1790 1913 ἑαυτὴν
1811 1878 1840 1905 δὲ

1050 1925 1133 1956 λύειν,
1149 1925 1198 1960 τῆς
1212 1925 1341 1960 ἀληθείας
1362 1926 1406 1952 ἀεὶ
1425 1927 1457 1952 ὲκ
1472 1925 1571 1957 παντὸς
1592 1925 1692 1961 μέρους
1714 1925 1838 1960 εὑρισκο-

1052 1973 1135 2007 μένης

1087 2021 1132 2053 ς’.
1149 2020 1181 2046 Τί
1195 2019 1284 2046 τοίνυν
1307 2021 1377 2047 εἴπω
1391 2021 1459 2056 πρὸς
1481 2026 1522 2051 σε,
1536 2019 1558 2046 ὦ
1572 2018 1688 2045 Νικόλαε
1701 2027 1707 2050 ;
1730 2020 1756 2044 τί
1783 2019 1838 2045 δια-

1049 2064 1232 2100 λεχθήσομαι;
1255 2064 1350 2096 Πόθεν,
1366 2062 1389 2091 ᾧ
1406 2063 1493 2096 οὗτος,
1510 2065 1588 2099 ἦκεις
1604 2064 1694 2100 φέρων
1710 2065 1774 2099 ἡμῖν
1795 2065 1837 2090 αἱ·

1051 2110 1132 2146 σιρὸν
1147 2111 1243 2142 αἰῶνα,
1257 2110 1304 2137 καὶ
1316 2111 1393 2146 ῥίζαν
1406 2111 1547 2146 πονηρίας,
1563 2111 1611 2138 καὶ
1629 2111 1735 2146 μήτραν
1746 2119 1837 2145 γεννηι

1049 2158 1140 2193 τικὴν,
1163 2158 1211 2184 καὶ
1238 2157 1317 2189 θεοὺς
1343 2157 1466 2189 πολλοὺς,
1496 2157 1544 2183 καὶ
1568 2157 1714 2192 δαίμονας;
1736 2157 1765 2183 '0
1785 2157 1837 2192 γὰρ

1057 2203 1226 2236 Ἀπόστολος,
1254 2204 1361 2238 φήσας·
1380 2203 1473 2237 Εἵπερ
1495 2203 1554 2229 elo).
1582 2203 1737 2236 λεγόμενοι
1766 2202 1834 2234 θεοὶ,

1050 2249 1100 2276 οὐκ
1117 2248 1185 2275 εἶναι
1201 2248 1312 2280 τούτους
1328 2249 1481 2283 ὑποφαίνει,
1500 2249 1542 2276 Ἐν
1557 2248 1596 2284 τῷ
1610 2249 1665 2285 γὰρ
1682 2250 1779 2279 εἰπεῖν,
1789 2250 1836 2275 λε-

1050 2297 1185 2330 γόμενοι,
1202 2295 1300 2327 ἔδειξεν
1314 2295 1413 2326 αὐτοὺς
1427 2295 1456 2321 ὲν
1470 2294 1508 2330 τῷ
1524 2294 1650 2329 λέγεσθαι
1663 2295 1741 2330 μόνον
1758 2293 1834 2327 εἶναι,

209 2338 286 2370 dicit,
303 2340 361 2367 sola
380 2341 441 2368 illos
465 2341 648 2376 appellatione
665 2347 810 2375 constare,
832 2351 893 2371 cum
908 2346 996 2380 reipsa

1054 2341 1090 2376 μὴ
1103 2341 1181 2372 ὄντας
1202 2342 1233 2376 τῇ
1250 2341 1406 2372 ὑποστάσει,
1421 2341 1488 2367 ἀλλὰ
1511 2341 1555 2367 διὰ
1576 2341 1625 2376 τῆς
1646 2340 1726 2367 τινῶν
1741 2341 1834 2376 ὑπολή-

210 2385 322 2412 minime
345 2386 515 2419 subsistant,
537 2395 588 2414 nec
611 2388 690 2415 aliter
716 2397 797 2424 quam
820 2393 1000 2425 quorumdam

209 2430 338 2465 opinione
353 2431 457 2459 docuit.
477 2431 562 2460 Nobis
575 2441 634 2460 vero
654 2433 737 2466 Dens,
756 2435 855 2470 inquit.
870 2445 937 2463 unus
951 2442 1001 2471 est,

210 2476 300 2509 nobis,
320 2477 442 2512 inquam,
458 2478 504 2513 qui
520 2480 645 2507 veritatis
658 2488 755 2509 sumus
767 2483 924 2517 cognitione
936 2491 1001 2518 prse-

209 2522 270 2549 diti.
298 2520 355 2548 Nec
379 2523 425 2556 qui
441 2523 640 2557 appellaretur,
669 2526 716 2552 sed
744 2527 790 2561 qui
809 2535 904 2555 revera
928 2533 1001 2556 esset

210 2565 293 2598 Deus,
306 2566 440 2600 adjunxit.
455 2566 532 2599 Quod
547 2568 570 2595 si
587 2577 660 2597 unus
672 2571 752 2598 nobis
766 2575 809 2599 est
827 2573 897 2600 Deus
908 2593 915 2605 ,
937 2574 996 2608 pln-

208 2620 253 2640 res
267 2612 380 2639 omnino
394 2620 455 2640 esse
471 2621 525 2640 non
541 2620 666 2648 possunt.
682 2615 795 2644 Accedit
809 2622 836 2645 et
851 2619 953 2646 Christi
969 2621 996 2647 in

208 2657 354 2692 Evangelio
367 2658 470 2685 dictum
488 2659 554 2686 illud
569 2668 576 2685 :
595 2659 629 2687 Ut
646 2668 802 2697 cognoscant
817 2669 840 2691 te
851 2666 938 2692 solum
955 2674 997 2692 re-

207 2711 266 2730 rum
282 2703 365 2730 Deum
381 2704 401 2730 '.
419 2703 478 2737 Quo
495 2705 649 2734 istiusmodi
668 2707 807 2737 hominum
819 2730 827 2743 .,
849 2712 896 2747 qui
920 2711 996 2740 ﬁctas

208 2748 325 2783 fabulas,
342 2758 375 2777 ac
386 2750 565 2786 multiplicem
574 2752 746 2782 divinitatem
759 2758 905 2786 commenti
919 2764 993 2791 sunt,

246 2826 254 2842 '
270 2825 357 2855 ICor.
375 2835 434 2861 Vlll,
452 2828 480 2857 5.
519 2830 530 2845 ²
543 2827 622 2862 Ioan.
642 2838 708 2860 xvn.
726 2831 743 2858 3

1051 2388 1133 2422 ῲεως.
1155 2389 1241 2423 Ἡμῖν
1260 2387 1304 2421 δὲ,
1317 2388 1410 2424 φησὶν,
1425 2386 1469 2421 εἷς
1483 2388 1564 2420 Θεὸς,
1580 2388 1700 2423 δηλονότι
1715 2389 1770 2419 τοῖς
1788 2388 1835 2423 τὴν

1051 2434 1150 2468 γνῶσιν
1162 2434 1211 2469 τῆς
1226 2433 1354 2469 ἀληθείας
1374 2433 1575 2469 ἐπισταμένοις.
1592 2433 1647 2460 Καὶ
1659 2434 1708 2460 οὐκ
1722 2432 1779 2460 εἷπε
1795 2433 1834 2460 λε-

1050 2480 1164 2516 γόμενον
1180 2480 1257 2512 Θεὸν,
1274 2480 1342 2507 ἀλλὰ
1358 2480 1422 2506 ὅντα
1437 2480 1512 2506 Θεόν.
1531 2481 1563 2506 Εἰ
1577 2480 1605 2507 δὲ
1626 2481 1691 2515 ἡμῖν
1707 2477 1746 2512 εἷς
1761 2480 1832 2512 θεὸς,

1050 2527 1144 2554 οὐκέτι
1157 2526 1250 2553 πολλοὶ
1270 2526 1335 2554 θεοί.
1350 2527 1405 2554 Καὶ
1423 2528 1437 2554 ὁ
1457 2527 1559 2562 Κύριος
1582 2527 1611 2553 ὲν
1627 2526 1665 2562 τῷ
1681 2526 1833 2562 Elia-ne).in

1050 2573 1147 2608 φησίν·
1169 2573 1236 2600 Ἵνα
1258 2573 1427 2608 γινώσκωσι
1442 2581 1479 2600 σε
1501 2573 1554 2600 τὸν
1577 2573 1674 2607 μόνον
1693 2573 1833 2606 ἀληθινὸν

1051 2619 1134 2652 Θεὸν,
1155 2619 1198 2645 ἵνα
1213 2619 1352 2655 ἀνατρέψῃ
1367 2620 1417 2655 τὴν
1430 2619 1549 2646 διάνοιαν
1560 2620 1614 2646 τῶν
1628 2619 1662 2646 τὰ
1674 2619 1781 2654 μυθώδη
1797 2619 1832 2645 λε-

1050 2665 1163 2699 γόντων,
1187 2665 1234 2691 καὶ
1257 2665 1421 2699 νομιζόντων
1444 2662 1512 2691 εἶναι
1541 2663 1696 2691 πολυθεΐαν.
1713 2661 1760 2695 Εἷς
1782 2664 1831 2698 γὰρ

1050 2710 1126 2747 ήμῶν
1135 2712 1208 2737 ἐστιν
1217 2712 1231 2737 ὁ
1243 2710 1319 2743 Θεὸς,
1328 2711 1422 2746 Πατὴρ
1437 2711 1483 2737 καὶ
1491 2709 1554 2742 Υἱὸς
1565 2710 1611 2736 καὶ
1623 2710 1700 2744 ἅγιον
1713 2710 1829 2744 Πνεῦμα·

1049 2759 1123 2793 τρεῖς
1138 2757 1311 2790 ὑποστάσεις,
1331 2757 1380 2792 μία
1392 2757 1529 2792 κυριότης,
1542 2755 1590 2791 μία
1608 2749 1714 2790 θεότης,
1733 2755 1781 2791 μία
1794 2754 1830 2781 ὃν·
