1944 3037
125 126 180 156 529

446 125 631 154 ADVERSUS
650 126 820 155 IUERESES
836 126 900 153 LIB.
917 127 938 154 1.
957 126 1039 154 T0.\l.
1057 126 1089 155 ll.
1108 142 1143 148 -—
1159 126 1296 155 llERES.
1318 124 1410 152 XXVI.

1693 128 1745 158 350

127 186 247 221 ξολογία,
266 185 314 213 καὶ
327 185 357 212 οὐ
369 185 461 212 πολλοὶ
477 185 541 211 θεοί.
559 184 614 211 Ποῦ
633 185 661 212 δὲ
677 184 826 221 πληροῦται
844 185 914 212 κατὰ

973 193 1063 213 sensus
1079 193 1111 212 ac
1126 185 1306 220 cogitationes
1328 190 1472 213 everteret.
1489 185 1566 213 Unus
1581 186 1654 214 enim
1668 187 1747 215 nobis

127 232 169 265 σὲ,
180 230 204 259 ὧ
219 232 347 264 Νικόλαε,
359 231 389 258 τὸ
408 231 460 258 ὑπὸ
475 231 523 258 τοῦ
546 231 672 267 Σωτῆρος
691 232 853 267 εἰρημένον;
874 232 913 258 ὃτι

127 280 205 306 Εἰσὶν
223 279 355 313 εὐνοῦχοι,
376 278 475 309 οἵτινες
491 278 702 314 εὐνουχίσθησαν
727 278 779 304 ὑπὸ
799 278 852 304 τῶν
869 278 915 304 ἁν-

128 325 260 361 θρώπων·
277 325 324 351 καὶ
338 324 406 350 εἰσὶν
422 323 553 359 εὐνοῦχοι,
569 324 594 351 οἳ
613 324 645 350 ὲκ
663 325 801 359 γεννητοῖς
814 324 822 339 ί
837 325 913 357 ἐγεν-

127 370 263 406 νήθησαν·
292 369 339 396 καὶ
363 370 433 396 εἰσὶν
462 368 601 405 εὐνοῦχοι,
632 369 730 400 οἵτινες
755 368 914 403 εὐνούχισαν

128 416 242 447 ἑαυτοὺς
258 415 302 442 διὰ
325 415 376 449 τὴν
403 414 541 450 βασιλείαν
561 414 615 442 τῶν
626 415 757 451 οὐρανῶν.
773 415 804 441 Et
827 414 915 441 τοίνυν

128 461 249 496 εὐνοῦχοί
261 462 314 487 είσι
324 461 367 487 διὰ
379 460 429 495 τὴν
446 460 582 495 βασιλείαν
595 460 649 487 τῶν
663 460 794 496 οὐρανῶν,
810 460 868 492 πῶς
883 461 915 487 σὺ

128 508 242 534 σεαυτὸν
259 506 448 542 πεπλάνηκας,
468 507 515 533 καὶ
531 506 594 538 τούς
617 515 658 533 σοι
675 506 852 541 πειθομένους
872 506 916 533 διὰ

127 553 255 588 λαγνείας
268 553 316 579 καὶ
328 552 516 588 αἰσχροποιίας
530 553 579 588 τὴν
601 552 729 588 ἀλήθειαν
744 552 790 579 τοῦ
806 553 873 579 Θεοῦ
886 554 916 580 ὲν

127 597 219 633 ἀδικίᾳ
232 597 355 632 κατέχων
374 596 422 624 καὶ
436 596 585 628 διδάσκων;
600 597 655 623 Ποῦ
675 597 703 623 δὲ
717 597 793 633 παρὰ
811 598 852 624 σοὶ
867 606 916 624 πε-

128 644 270 680 πλήρωται
289 644 330 676 τὺ,
358 643 427 677 Περὶ
454 643 513 669 τῶν
538 643 692 677 παρθένων
715 644 750 670 δὲ
773 644 917 679 ἐπιταγὴν

128 690 239 724 Κυρίου
252 690 307 716 οὐκ
321 689 379 724 ἔχω
388 696 395 703 ·
413 688 536 724 γνώμην
549 689 584 715 δὲ
603 688 715 723 δίδωμι,
736 690 776 722 ὼς
790 690 917 724 ἠλεημέ-

128 744 182 769 νος
198 736 231 762 τὸ
246 734 342 762 καλὸν
359 734 454 768 οὕτως
474 735 567 761 εἶναι·
583 735 630 761 καὶ
646 735 739 761 πάλιν·
759 735 795 762 Ἣ
811 735 918 769 παρθέ-

128 790 183 815 νος
195 781 323 816 μεριμνᾷ
336 782 373 808 τὰ
386 781 439 808 τοῦ
461 781 581 815 Κυρίου,
597 780 660 813 πῶς
676 780 777 815 ἁρέσει
798 781 838 814 τῷ
860 783 918 808 Κυ-

125 827 192 862 ρίῳ,
207 827 257 853 ἵνα
271 824 291 862 ᾖ
305 826 374 861 ἁγία
389 826 423 852 ἐν
445 825 557 860 σώματι
572 826 620 852 καὶ
634 826 669 852 ἐν
684 828 848 861 πνεύματι;
863 827 918 854 Καὶ

963 235 1006 257 est
1020 230 1102 259 Deus.
1119 229 1207 261 Pater,
1218 230 1313 263 Filius,
1325 236 1352 258 et
1364 230 1482 266 Spiritus
1492 236 1614 263 sanctus,
1624 240 1747 266 personas

964 282 1031 308 tres,
1049 284 1103 304 una
1117 276 1280 308 dominatio,
1292 277 1422 305 divinitas
1435 284 1503 310 una;
1518 284 1573 315 upa
1588 277 1677 305 laudis
1689 285 1747 305 om-

965 323 1056 354 nibus,
1072 323 1219 358 gloriaeque
1239 323 1419 357 prreilicatio:
1439 323 1553 357 proinde
1576 331 1747 358 nequaquam

964 368 1055 403 plures
1071 368 1109 395 dii
1125 374 1198 396 sunt.
1217 368 1276 396 Jam
1295 369 1372 401 illud,
1389 370 1462 403 quod
1481 374 1644 404 usurpatum
1666 377 1681 396 a
1697 370 1749 397 Deo

965 415 1039 441 mino
1053 419 1105 447 est,
1117 416 1252 450 quomodo
1263 416 1316 450 81
1331 419 1369 448 te,
1385 415 1506 447 Nicolae,
1518 416 1626 443 tandem
1639 420 1749 443 auctore

965 460 1121 494 perﬁcitur?
1139 460 1206 488 Esse
1220 462 1353 495 quosdam
1367 460 1519 492 eunuchos,
1534 461 1580 494 qui
1607 461 1641 488 ab
1661 461 1748 488 homi-

966 506 1049 533 nibus
1064 507 1176 534 castrati
1191 510 1273 540 sunt;
1290 510 1316 534 et
1329 506 1398 533 alios
1413 514 1473 533 esse
1488 506 1533 541 qui
1549 507 1618 533 tales
1640 514 1655 532 a
1676 506 1750 534 nati-

965 552 1048 579 vitate
1063 552 1224 587 prodierint.
1244 553 1321 580 Alios
1337 552 1452 586 denique
1469 552 1514 586 qui
1529 559 1558 579 se
1572 552 1645 586 regni
1666 552 1750 579 caele-

967 597 1018 624 stis
1030 604 1113 624 causa
1127 597 1309 625 castraverint
1321 597 1341 624 '.
1358 597 1435 630 Quod
1453 598 1476 624 si
1489 597 1613 624 nonnulli
1629 597 1750 625 cmlestis

966 643 1042 678 regni
1060 642 1147 677 gratia
1172 642 1236 669 facti
1261 647 1326 670 sunt
1345 642 1474 674 eunuchi,
1500 650 1549 669 cur
1564 643 1749 677 temetipsum,

967 694 1083 723 tuosque
1097 688 1249 722 discipulos
1268 688 1381 716 libidine
1395 696 1427 716 ac
1444 688 1594 716 fmdissima
1614 689 1751 723 voluptate

967 734 1087 769 decipis,
1116 734 1294 769 divinamque
1319 734 1461 761 veritatem
1480 741 1527 768 per
1554 741 1689 762 summam
1710 734 1752 761 in-

966 780 1102 816 iustitiam
1117 782 1247 813 retines‘,
1260 788 1292 808 ac
1309 787 1449 815 perperam
1462 780 1586 807 docendo
1599 778 1752 815 depravas!

969 827 1043 854 lstud
1056 834 1138 862 porro
1152 835 1207 861 quo
1222 827 1331 854 tandem
1348 830 1427 861 pacto
1441 825 1511 860 apud
1527 831 1553 853 te
1572 827 1675 861 geritur
1688 836 1695 854 :
1714 826 1753 854 Dc

130 873 203 900 πόσα
224 872 282 899 ἐστὶ
300 872 363 905 περὶ
380 870 490 905 ἁγνείας
504 872 551 898 καὶ
566 872 728 906 ἐγκρατείας
744 872 792 899 καὶ
812 872 916 907 παρθε-

973 872 1113 907 virginibus
1130 878 1288 906 prwceplum
1306 871 1411 898 Domini
1428 879 1479 897 non
1493 871 1593 902 habeo;
1613 871 1752 898 consilium

130 918 191 950 νίας
204 918 308 952 λέγεινί
326 917 406 953 Παρὰ
421 918 468 944 σοῦ
484 917 538 953 γὰρ
552 918 566 943 ὁ
581 918 634 949 πᾶς
647 917 777 953 βόρϐορος
789 919 838 954 τῆς
850 919 916 945 ἀκα-

131 964 245 1000 θαρσίας
256 963 441 999 ἀναισχύντως
458 963 591 999 ὁρίζεται.
613 963 692 990 Ἀλλὰ
706 964 750 990 διὰ
771 964 825 990 τῶν
841 963 888 991 δύο
898 965 915 1000 ἢ

130 1010 214 1046 τριῶν
230 1009 332 1037 τούτων
354 1009 443 1045 ῥητῶν
469 1009 520 1044 τῆς
546 1009 749 1043 καταγελάστου
775 1010 915 1045 αἱρέσεως,

131 1055 200 1091 πρὸς
221 1054 376 1091 ἀνατροπὴν
399 1056 455 1086 τοῖς
480 1054 688 1090 ἐντυγχάνουσιν
709 1056 724 1081 ό
750 1055 849 1088 σκοπὸς
875 1058 918 1083 ὲν-

131 1101 220 1129 ταῦθά
232 1110 277 1137 μοι
291 1100 479 1136 παρακείσθω.

969 924 1057 946 autem
1073 918 1125 951 do,
1155 923 1279 952 tauquam
1306 917 1515 944 misericordiam
1539 922 1694 944 consecutus
1715 918 1753 944 ita

970 966 1066 993 bonum
1081 965 1176 998 esse";
1194 972 1226 992 ac
1241 972 1350 992 rursum
1368 973 1374 991 :
1393 964 1471 999 Virgo
1492 963 1607 990 sollicita
1617 968 1657 990 est
1669 963 1700 990 de
1720 963 1753 990 iis

969 1018 1028 1045 qua:
1037 1013 1098 1036 sunt
1111 1009 1229 1040 Domini,
1249 1009 1378 1044 quomodo
1392 1008 1495 1042 placeat
1511 1008 1633 1040 Domino,
1649 1013 1677 1035 ut
1687 1016 1753 1035 aan-

970 1062 1013 1083 cta
1026 1056 1061 1083 sit
1074 1063 1182 1090 corpore
1195 1063 1226 1081 ac
1249 1055 1345 1089 spiritu
1358 1055 1386 1080 “'l
1399 1054 1485 1087 Quam
1506 1055 1591 1081 multa
1617 1054 1651 1082 de
1670 1054 1754 1081 casti-

969 1105 1037 1134 tate,
1052 1102 1222 1129 continentia
1235 1108 1266 1127 ac
1283 1101 1440 1136 virginitate
1460 1100 1514 1128 dici
1540 1101 1671 1136 possunt!
1686 1099 1753 1127 Nam

133 1146 206 1183 apud
229 1151 255 1174 te
275 1146 441 1181 impuritatis
462 1152 543 1173 omne
571 1152 679 1173 coenam
705 1145 765 1174 sine
788 1146 892 1181 pudore
915 1147 1075 1182 praelinitur.
1102 1145 1203 1173 Verum
1232 1145 1340 1172 duabus
1366 1146 1421 1173 illis
1446 1146 1571 1174 tribusve
1600 1145 1753 1178 sententiis,

131 1201 214 1230 quem
225 1193 291 1221 mihi
305 1200 419 1228 scopum
430 1193 585 1221 evertenda
601 1193 724 1221 ridicula:
745 1194 827 1229 hujus
850 1200 931 1223 sectae
948 1196 1131 1232 praelixeram,
1157 1195 1291 1223 hactenus
1314 1194 1464 1222 lectoribus
1492 1194 1654 1229 exposuisse
1682 1191 1756 1220 sutli-

132 1242 197 1269 ciat.

167 1288 205 1314 Z'.
220 1285 326 1322 Προϊὼν
344 1286 373 1313 δὲ
393 1285 511 1321 καθεξῆς
527 1286 576 1322 τὴν
595 1286 683 1322 τούτῳ
703 1287 921 1324 συνεζευγμένην

133 1332 251 1368 αἵρεσιν,
262 1332 355 1367 ὥσπερ
369 1333 611 1368 χορτομανήσασαν
628 1331 694 1368 ὓλην
707 1333 724 1367 ἢ
742 1333 820 1365 δάσος
836 1334 921 1360 άκαν-

133 1377 189 1405 θῶν
204 1377 371 1413 πανταχόθεν
383 1378 577 1413 συνηνωμένην
596 1378 617 1411 ⁸,
639 1378 655 1413 ἢ
670 1378 919 1414 κατεξηραμμὲνην

134 1423 164 1450 ὲν
177 1423 255 1459 ἀγρῷ
269 1423 374 1459 πληθὺν
391 1423 476 1456 ξύλων
496 1433 526 1450 τε
543 1424 589 1450 καὶ
609 1424 754 1459 φρυγάνων
777 1426 817 1456 εἰς
839 1425 922 1451 κατά-

135 1476 232 1494 καυσιν
253 1467 468 1503 ὲτοιμαζομένην
482 1468 623 1501 ὑποδείξω,
643 1468 687 1495 διὰ
701 1469 731 1495 τὺ
744 1471 777 1505 τῇ
797 1470 865 1505 αὐτῇ
880 1471 923 1496 αἱ-

137 1513 266 1548 ρέσειτοῦ
277 1513 393 1540 ἐλεεινοῦ
409 1513 552 1544 Νικολάου,
570 1513 664 1549 ὥσπερ
679 1514 712 1540 δι’
726 1515 922 1550 ἑγκεντρισμοῦ
937 1519 957 1541 (λ

136 1559 152 1595 ἢ
166 1559 260 1595 ψώρας
273 1560 383 1595 ἀγρίας,
398 1559 526 1595 ἢλέπρας
541 1559 569 1593 ἐξ
580 1559 681 1595 ἑτέρων
695 1560 829 1595 σωμάτων
842 1561 924 1596 ἕτερα

138 1606 252 1642 σώματα
287 1606 532 1642 παραφθείρεσθαι.
555 1606 634 1633 Οὖτω
660 1607 714 1634 ἀπὸ
745 1608 845 1643 μέρους
871 1609 925 1634 elei.

138 1651 321 1687 συνηνωμένοι
344 1652 368 1678 οἱ
391 1651 531 1687 λεγόμενοι
554 1651 583 1685 ἐξ
614 1651 697 1678 αὑτοῦ
724 1653 772 1679 καὶ
792 1653 848 1679 τῶν
871 1652 925 1689 πρὸ

136 1696 231 1729 αὑτοῦ,
262 1697 383 1732 Σίμωνος
404 1696 432 1722 δέ
455 1705 536 1731 φημι,
559 1697 606 1723 καὶ
623 1696 678 1723 τῶν
692 1696 779 1724 ἄλλων
799 1697 926 1729 λαὸόντες

136 1744 187 1775 τὰς
203 1743 353 1779 προφάσεις
377 1743 524 1770 Γνωστικοὶ
548 1743 719 1778 καλούμενοι,
740 1743 925 1777 κατάγνωστοι

136 1789 167 1816 δὲ
184 1789 214 1816 τὸ
233 1790 286 1815 πᾶν
297 1789 340 1816 διὰ
357 1789 406 1824 τὴν
421 1790 450 1815 ὲν
463 1790 519 1820 τοῖς
532 1789 676 1824 πράγμασι
697 1790 748 1824 τῇς
769 1788 926 1824 ἀκαθάρτου

138 1835 270 1871 ἐργασίας
294 1835 383 1862 αὐτῶν
405 1834 554 1870 μοχθηρίαν
573 1835 621 1861 καὶ
649 1834 855 1870 αίσχρουργίαν.
881 1835 926 1866 Ὠς

138 1880 247 1916 ἀληθῶς
264 1880 319 1916 γὰρ
336 1880 384 1907 καὶ
402 1879 495 1907 τοῦτον
511 1880 579 1915 πρὸς
594 1879 684 1913 ὀλίγον
701 1879 926 1915 ἐγκρατευσάμε-

138 1936 194 1959 νον,
208 1926 267 1955 εἶτα
280 1928 435 1955 ἀποστάντα
454 1928 503 1963 τῆς
524 1928 697 1963 ἐγκρατείας,
708 1927 785 1962 δίκην
803 1926 926 1962 ὕδρωπος

139 1974 187 2001 τοῦ
214 1973 330 2010 ἑρπετοῦ
357 1973 526 2008 καλουμένου
552 1973 581 2006 ἐξ
602 1973 705 1999 ὑδάτων
724 1973 764 2005 είς
782 1973 834 2007 γῆν
849 1972 927 1999 ἀνελ-

140 2020 242 2052 θόντος,
259 2020 306 2046 καὶ
322 2020 362 2051 εἰς
376 2019 449 2055 ὕδωρ
469 2017 547 2051 αὖθις
568 2019 794 2055 ἀναστρέψαντος.
811 2018 927 2053 καλάμῳ

140 2066 180 2101 τῷ
193 2067 223 2093 ὲν
231 2065 302 2101 χειρὶ
313 2065 414 2092 δοθέντι
426 2064 544 2101 Χριστοῦ
557 2065 702 2096 παίσαντες
715 2064 762 2092 καὶ
774 2064 926 2096 ὀλέσαντες,

142 2112 188 2139 ἐπὶ
201 2111 250 2143 τὰς
261 2111 324 2147 ἑξῆς
339 2111 458 2147 αἱρέσεις
477 2110 638 2146 βαδίσωμεν.

187 2255 281 2282 ΚΑΤΑ
299 2254 369 2282 ΤΩΝ
387 2255 596 2282 ΔΕΓΟΜΕΝΩΝ
613 2255 668 2290 (68)
684 2255 879 2283 ΓΝΩΣΤΙΚΩΝ

317 2301 420 2335 "Enn,
435 2301 455 2335 ἡ
466 2302 513 2328 καὶ
533 2302 654 2335 εἰκοστὴ
664 2301 748 2335 ἕκτη.

176 2358 216 2385 A’.
235 2358 319 2385 Πάλιν
333 2355 404 2385 οὗτοι
416 2357 440 2384 οἱ
458 2358 605 2384 Γνωστικοὶ
620 2357 755 2394 διαφόρως
766 2358 820 2385 άπὺ
835 2358 930 2385 τούτου

180 2445 189 2461 ²
203 2444 272 2481 Lege
295 2445 418 2480 γενετῆς.
455 2444 466 2459 ¹
483 2443 513 2472 F.
532 2444 729 2480 συνηνωμένον.
767 2445 778 2461 ³
792 2444 888 2472 Matth.
904 2454 962 2479 xu,
982 2445 1025 2472 12.

179 2523 235 2559 (68)
255 2522 445 2559 Fruarzxér.
459 2522 649 2550 Gnosticorum
668 2523 924 2559 appellatio.rquam

145 2558 322 2594 impurissimi
355 2558 544 2594 haereticorum
576 2562 760 2594 usurparunt,
795 2558 924 2586 eximium

144 2593 288 2630 quemdam
308 2596 389 2630 atque
408 2593 570 2630 exquisitum
589 2593 671 2630 animi
688 2598 799 2630 st_atum,
817 2600 849 2620 ac
863 2601 928 2630 san—

145 2627 247 2657 ctitatis
261 2627 406 2662 signiﬁcat.
418 2633 445 2654 ut
459 2635 492 2655 ex
505 2628 687 2654 Alexandrino
701 2628 840 2655 Clemente
854 2628 927 2655 aliist

146 2671 199 2698 que
216 2661 343 2698 colligere
357 2663 433 2698 licet.
445 2661 510 2688 Nam
526 2663 597 2695 apud
613 2663 687 2698 illum
706 2670 713 2688 ι
730 2662 848 2697 Pwdag..
865 2670 926 2697 cap.

146 2697 173 2729 6.
186 2701 360 2732 opponuntur
371 2697 396 2723 οἱ
414 2697 560 2723 Γνωστικοὶ
575 2699 630 2729 τοῖς
649 2697 781 2732 ψυχικοῖς,
797 2704 824 2724 et
847 2706 929 2732 πνευέ

149 2731 258 2766 ματὺὶοί
273 2732 485 2767 νοοειιιιιιτηθρκ
506 2732 561 2766 ἄρα
572 2733 603 2767 ,οἱ
622 2732 671 2767 μὲν
686 2731 883 2767 Γνωστικοὶποί
900 2731 929 2759 δὲ

146 2767 256 2803 ψυχικοὶ
269 2767 298 2793 ἐν
313 2766 386 2801 αὐτῷ
399 2766 437 2801 τῷ
451 2766 537 2803 λόγῳ·
553 2766 611 2803 ἀλ.λῖ
623 2766 647 2793 οἱ
670 2767 769 2803 πάντες
792 2766 928 2803 ἁποθέμετ

148 2801 190 2828 νοι
197 2801 249 2833 τὰς
263 2802 396 2837 σαρκικὰς
408 2801 557 2837 ἐπιθυμίας
568 2821 576 2834 ,
600 2801 662 2833 ἴσοι,
682 2802 739 2837 καὶ,
752 2801 930 2837 πνευματικοὶ

149 2837 223 2864 παρὰ
236 2836 275 2863 τῶ
285 2835 389 2872 Κυρίῳ.
405 2835 456 2863 Sed
470 2835 498 2863 in
516 2836 577 2863 aliis
590 2836 783 2872 Στρωματέων
802 2836 888 2867 libris,
903 2841 930 2864 et

311 2882 445 2913 ΡΑτιιοι..
461 2881 519 2912 (in.
540 2880 620 2911 XLI.

1009 1285 1063 1314 VII.
1082 1286 1216 1321 Deinceps
1233 1286 1325 1321 itaque
1342 1285 1446 1313 allinem
1459 1285 1524 1312 huic
1539 1284 1667 1316 lmresin,
1682 1284 1757 1311 velut

972 1331 1154 1359 luxuriantem
1178 1332 1300 1363 herbam,
1327 1335 1375 1358 aut
1398 1331 1538 1366 spinarum
1563 1330 1756 1358 densissimam

972 1377 1079 1412 copiam
1102 1377 1222 1412 undique
1240 1377 1393 1410 collectam,
1414 1382 1460 1403 aut
1476 1377 1610 1411 lignorum
1629 1377 1656 1403 in
1677 1383 1754 1412 agro.

972 1423 1207 1458 virgultorumque
1220 1424 1385 1450 desiccatam
1401 1424 1566 1458 congeriem.
1580 1428 1606 1451 et
1619 1424 1651 1451 ad
1665 1425 1758 1451 incen-

973 1468 1047 1496 dium
1065 1474 1243 1504 praeparalam
1270 1470 1297 1496 in
1322 1470 1439 1497 medium
1462 1470 1610 1505 proferam,
1632 1477 1665 1497 eo
1685 1469 1756 1505 quod

974 1514 1068 1542 eadem
1087 1514 1131 1541 illa
1147 1515 1246 1549 perditi
1261 1514 1365 1542 Nicolai
1381 1519 1464 1547 secta.
1480 1520 1609 1551 tanquam
1630 1516 1759 1544 insitione

974 1559 1104 1594 quadam,
1120 1560 1161 1587 vel
1183 1560 1275 1595 potius
1290 1561 1329 1587 uti
1351 1560 1414 1588 fera:
1432 1562 1533 1588 scabiei
1551 1569 1583 1588 ac
1598 1562 1678 1597 lepra:
1693 1570 1759 1589 con-

974 1606 1082 1640 tagione
1097 1605 1149 1632 alia
1168 1613 1200 1633 ex
1216 1606 1277 1633 aliis
1293 1613 1420 1641 corpora,
1436 1606 1477 1633 sic
1493 1607 1632 1633 hominum
1651 1610 1759 1633 lentan-

975 1655 1020 1677 tur
1033 1658 1065 1677 ac
1080 1656 1294 1686 corrumpuntur
1306 1651 1401 1678 animi.
1418 1651 1475 1678 Hoc
1494 1652 1587 1686 itaque
1603 1652 1684 1679 modo
1696 1658 1758 1678 cum

975 1697 1117 1731 superiore
1134 1697 1230 1724 haeresi
1246 1697 1386 1724 cohaerens
1407 1705 1440 1724 ex
1460 1697 1550 1732 aliqua
1575 1701 1662 1732 parte,
1681 1696 1728 1732 qui
1744 1703 1759 1723 a

975 1743 1089 1770 Nicolao
1111 1743 1181 1777 ipso,
1202 1744 1317 1778 ejusque
1343 1744 1576 1775 antecessoribus,
1598 1743 1709 1770 Simone
1727 1748 1760 1769 ac

975 1789 1082 1816 caeteris
1096 1790 1268 1816 occasionem
1283 1788 1355 1815 nacti
1371 1788 1493 1815 Gnostici
1510 1790 1696 1821 nominantur,
1711 1795 1761 1814 κα-

974 1834 1135 1869 τάγνωστοι,
1152 1834 1203 1861 hoc
1217 1838 1258 1861 est
1279 1834 1426 1862 damnandi
1447 1835 1567 1869 penitus,
1579 1840 1690 1869 propter
1706 1836 1759 1863 im-

976 1881 1118 1915 purissimi
1137 1880 1230 1916 ﬂagitii
1246 1881 1318 1916 quod
1335 1886 1493 1915 perpetrare
1509 1881 1598 1908 solent
1614 1882 1761 1916 turpitudi-

976 1935 1038 1955 nem
1054 1934 1086 1954 ac
1096 1928 1257 1960 nequitiam.
1270 1926 1454 1959 Quamobrem
1468 1935 1529 1954 eum
1544 1935 1595 1954 nos
1609 1928 1684 1955 illum
1700 1929 1762 1956 hac-

977 1977 1060 2000 tenus
1077 1972 1255 1999 continentia:
1275 1972 1308 1998 ad
1333 1972 1414 1999 breve
1435 1976 1543 2007 tempus
1563 1972 1707 2006 cultorem,
1730 1979 1762 2001 ac

977 2017 1096 2045 subinde
1110 2017 1290 2047 desertorem.
1303 2020 1329 2044 et
1343 2016 1473 2052 bydropis
1485 2017 1602 2044 similem
1612 2017 1695 2051 (quod
1707 2025 1762 2044 ser-

977 2063 1068 2099 pentis
1082 2071 1169 2098 genus
1184 2071 1216 2090 ex
1234 2063 1313 2097 aquis
1330 2063 1356 2089 in
1374 2066 1475 2090 terram
1490 2064 1613 2098 emergit,
1627 2067 1654 2090 et
1666 2063 1760 2090 eodem

978 2113 1073 2144 postea
1091 2117 1121 2136 se
1139 2108 1258 2143 recipit).
1275 2107 1390 2140 calamo,
1412 2108 1458 2141 qui
1479 2107 1590 2135 Christo
1601 2108 1627 2135 in
1651 2114 1762 2135 manum

978 2155 1097 2183 traditus
1111 2158 1164 2187 est,
1185 2161 1346 2189 percussum
1362 2153 1573 2184 confecerimus,
1594 2154 1714 2189 reliquas
1729 2155 1762 2182 ad

943 2189 966 2217 θ
979 2200 1098 2228 haereses
1114 2200 1266 2227 orationem
1283 2204 1403 2227 nostram
1420 2200 1653 2234 promovebimus.

1131 2257 1186 2291 32
1205 2255 1389 2284 ADVERSUS
1408 2255 1608 2288 cuosncos,

1116 2302 1181 2335 Qua:
1205 2307 1244 2329 est
1266 2302 1373 2329 ha’resis
1395 2301 1431 2329 VI
1450 2302 1502 2329 sive
1529 2301 1637 2329 XXVI.

1018 2359 1039 2386 1.
1060 2359 1180 2387 Rursum
1198 2358 1322 2387 Gnostici
1347 2359 1392 2387 isti
1414 2359 1489 2386 varie
1510 2359 1545 2386 ab
1563 2359 1610 2386 illo
1623 2359 1764 2395 propagat!

1074 2446 1085 2461 ⁸
1099 2445 1179 2473 Rom.
1198 2454 1217 2477 ι,
1233 2446 1276 2473 i8.
1319 2446 1330 2462 ⁵
1345 2445 1355 2472 l
1370 2445 1434 2473 Cor.
1450 2453 1500 2477 vn,
1516 2446 1561 2473 25.
1610 2447 1621 2463 ⁸
1637 2447 1703 2474 ibid.
1719 2446 1763 2474 5i.

976 2524 1003 2551 in
1013 2524 1108 2560 primis
1121 2531 1170 2554 vn,
1193 2524 1227 2550 de
1238 2523 1377 2560 Gnostieis
1390 2529 1418 2551 et
1432 2526 1568 2560 γνωστικῇ
1585 2525 1697 2560 δυνάμει
1712 2527 1767 2559 plu-

976 2560 1053 2595 ribus
1067 2558 1205 2595 disputat:
1217 2559 1296 2595 cujus
1310 2559 1373 2595 τρία
1383 2567 1444 2587 esse
1461 2560 1527 2586 dicit
1538 2558 1746 2595 ἀποτελέσματα
1759 2571 1765 2587 :

976 2594 1104 2630 nimirum
1124 2593 1155 2630 τὸ
1173 2593 1316 2630 γινώσκειν
1336 2594 1369 2620 τὰ
1381 2595 1558 2630 πράγματα·
1584 2593 1719 2630 δεύτερον,
1738 2595 1768 2622 τὺ

977 2628 1110 2672 επιτελεέν
1121 2629 1135 2655 ὃ
1152 2637 1186 2672 τε
1194 2628 1232 2669 ,ἂν
1247 2628 1353 2672 onmno;
1375 2628 1546 2672 ὑπαγρρεύῃ·
1563 2631 1610 2656 καὶ
1622 2628 1729 2672 apt-=61
1737 2633 1768 2656 τὸ

978 2663 1154 2698 παραδιδόναι
1173 2663 1301 2690 δύνασθαι
1319 2663 1478 2699 θεοπρεπῶς
1499 2663 1537 2704 τὰ.
1558 2664 1634 2699 παρὰ
1702 2664 1768 2699 ἁλη-

979 2698 1040 2733 θεία
1054 2698 1289 2733 ὲπικεκρυμμένα.
1308 2697 1397 2730 Quare
1416 2698 1538 2726 Gnostici
1559 2704 1623 2726 sunt
1643 2700 1767 2726 homines

979 2732 1099 2768 perfecta
1114 2740 1146 2760 ac
1154 2732 1291 2768 'singulari
1304 2734 1420 2767 quadam
1438 2734 1549 2764 virtute,
1565 2741 1596 2760 ac
1612 2734 1766 2768 divinarum

981 2767 1072 2795 i'erum
1085 2768 1198 2795 scientia
1214 2767 1333 2802 praediti;
1345 2776 1399 2803 pec
1415 2776 1446 2795 ea
1460 2768 1571 2803 quidem
1586 2768 1703 2803 vulgari.
1720 2767 1767 2795 sed

982 2803 1108 2830 abstrusa
1125 2810 1157 2830 ac
1173 2802 1323 2829 recondita.
1345 2802 1423 2830 Unde
1446 2802 1492 2838 qui
1513 2811 1528 2829 a
1551 2802 1671 2838 Nicolao,
1690 2802 1767 2830 Basi-

983 2838 1036 2865 lide
1053 2838 1213 2873 caeterisque
1235 2838 1376 2873 propagati
1393 2837 1508 2866 arcanas
1523 2837 1656 2873 quaedam
1669 2844 1766 2876 nugas,

1594 2882 1629 2913 11
