1944 3037
195 125 244 153 δῖι

888 128 915 154 S.
938 126 1107 155 ΕΡΙΡΠᾹΝῙΙ

1765 132 1820 159 332

199 184 227 210 in
243 182 344 209 tnundo
357 183 537 217 pullularunt,
550 183 673 212 homines
684 184 823 211 erroribus
837 185 967 220 itnplicati

1033 187 1160 220 φυόμενοι
1175 185 1343 220 ἠπατημένοι
1367 185 1513 217 ἄνθρωποι,
1529 186 1623 222 ὥσπερ
1638 187 1691 213 ἀπὸ
1706 188 1819 223 πικρίας

195 234 228 253 ac
239 226 313 253 velut
325 234 358 253 ex
373 227 556 255 atnaritudinc
572 228 707 263 procreati
722 228 837 262 fruetus,
852 231 980 265 quemad-

195 272 307 298 modum
322 272 409 298 euivis
426 273 603 308 perspicuum
617 277 670 305 est,
690 278 717 301 et
732 275 766 301 ad
777 275 900 303 veritatis
914 283 980 311 pro-

195 317 332 344 bationem
351 325 406 344 non
428 319 517 345 solum
536 327 551 346 a
567 319 702 352 ﬁdelibus,
717 320 764 347 sed
776 321 857 348 etiam
873 322 907 348 ab
923 322 980 349 inti-

195 362 303 389 delibus
326 362 495 398 deprehendi
520 364 596 391 nullo
618 366 728 400 negotio
749 370 849 401 potest.
873 366 978 394 Etenim

195 407 313 440 vulvam,
331 415 366 435 ao
388 408 594 443 turpitudinem,
622 414 776 445 caeleraque
797 411 822 438 id
843 419 929 446 genus
950 412 977 439 in

195 462 322 482 sermone
339 455 454 489 jactare,
476 463 566 484 nonne
585 457 729 484 ridiculum
747 459 908 486 mortalibus
920 467 977 485 om-

195 499 276 527 nibus
299 499 401 527 Graacis
421 501 534 535 perinde
550 508 583 528 ac
600 502 736 534 barbaris,
754 504 925 538 sapientibus
940 505 978 530 in-

194 545 412 580 sipientibusque
426 546 582 574 Videbitur?
605 547 657 576 Sed
675 548 732 576 lucc
751 557 847 584 magna
864 558 976 584 prorsus

193 591 344 623 calamitas.
362 599 393 618 ac
415 593 571 626 vehemens,
593 598 622 620 ut
644 594 681 621 ita
706 595 806 627 dicam,
830 595 976 623 infelicitas

193 641 234 663 est
251 646 256 663 :
274 637 420 664 damnatos
442 638 512 669 illos,
534 643 562 666 et
580 647 674 667 errore
689 639 822 675 deceptos.
839 645 974 668 sectarum

193 682 311 709 artiﬁces
332 682 440 709 incitari
455 689 551 710 contra
568 691 618 711 nos
634 689 714 720 atque
731 685 884 718 insurgere,
902 686 976 713 velut

193 727 280 755 fmdas
299 727 432 762 quasdam
449 728 563 761 bestias,
587 738 647 765 quae
668 730 821 758 molestiam
844 731 923 758 nobis
943 739 975 758 ac

191 773 305 802 fetorem
322 778 348 801 et
371 775 505 808 pruritunt
528 776 654 803 conﬁctis
673 776 725 804 illis
744 775 803 803 suis
826 777 974 804 mendaciis

191 818 315 845 atlerant.
334 819 405 854 Ergo
418 820 463 847 isti
482 830 544 848 cum
561 822 675 849 Nicolao
693 821 844 857 conjuncti,
856 822 930 848 et-ab
941 829 974 848 eo

1032 232 1142 266 καρποὶ,
1155 231 1193 262 ὠς
1206 231 1286 257 παντί
1311 239 1349 266 τῳ
1363 231 1443 266 δῆλόν
1457 232 1526 264 ἐστι,
1542 233 1589 258 καὶ
1608 232 1734 268 φωρατδν
1749 234 1818 269 πρὸς

1030 276 1144 312 δοκιμὴν
1177 277 1315 311 ἀληθείας,
1341 277 1371 303 οὐ
1394 277 1473 312 μόνον
1491 277 1595 313 εἴποιμι
1616 280 1731 311 πιστοῖς,
1748 279 1817 306 ἀλλᾶ

1029 322 1099 356 τάχα
1117 321 1163 348 καὶ
1178 321 1312 352 ἀπίστοις,
1324 321 1353 348 ἐν
1360 321 1399 356 τῷ
1415 322 1510 357 κόσμῳ
1517 323 1695 358 ἐϐλάστησαν.
1711 324 1747 350 Τὸ
1761 325 1818 360 γὰρ

1031 367 1136 401 μήτραν
1159 366 1203 392 καὶ
1236 366 1403 401 αἰσχρότητα
1424 366 1524 400 λέγειν,
1549 368 1596 394 καὶ
1610 368 1643 394 τὰ
1663 368 1739 400 ἄλλα,
1757 370 1816 400 πῶς

1028 410 1089 445 οὐχὶ
1104 410 1294 445 καταγέλαστα
1309 411 1404 446 φανείη
1422 412 1686 448 πᾶσιν.ἀνορώποις,
1703 414 1815 450 Ἕλλησί

1027 464 1056 481 τε
1071 456 1117 481 καὶ
1127 456 1283 491 βαρϐάροις,
1304 457 1395 489 σοφοῖς
1421 465 1450 482 τε
1471 457 1517 483 καὶ
1530 458 1670 493 ἀνοήτοις;
1686 459 1772 494 Πολλὴ
1786 460 1815 486 δὲ

1028 501 1154 536 συμφορὰ
1179 501 1225 527 καὶ
1239 500 1364 535 μεγίστη,
1388 501 1425 533 ὡς
1442 503 1540 534 εἰπεῖν,
1560 502 1734 539 ταλαιπωρία
1751 505 1815 535 τοὺς

1027 546 1055 570 ἐν
1069 546 1237 579 καταγνώσει
1263 547 1310 573 καὶ
1333 548 1361 574 ὲν
1386 547 1474 584 πλάνῃ
1494 548 1663 576 ὲπισείεσοαι
1683 550 1748 585 ἡμῖν
1760 551 1814 577 τῶν

1027 590 1158 625 αἱρέσεων
1172 592 1319 626 ἀρχηγοὺς,
1348 593 1395 619 καὶ
1415 594 1620 626 ἐπανίστασθαι,
1638 595 1732 632 ὥσπερ
1744 606 1811 623 κνω-

1026 635 1112 662 δάλων
1132 636 1242 671 πλῆθος,
1268 638 1394 673 ὀχλήσεις
1407 647 1436 665 τε
1454 640 1499 665 καὶ
1509 639 1665 675 δυσοδμίας,
1681 643 1812 677 κνισμούς

1027 691 1054 708 τε
1071 683 1116 709 καὶ
1134 683 1294 718 ὲπεντριϐὰς
1306 685 1372 719 ἡμῖν
1386 685 1567 720 ἐμποιοῦντας
1579 686 1624 712 διὰ
1632 686 1683 721 τῆς
1700 687 1746 713 τοῦ
1761 697 1813 723 μυ-

1026 727 1134 755 θοποιοῦ
1149 729 1260 764 πλάνης.
1280 728 1359 757 Οὗτοι
1376 731 1403 757 δὲ
1415 731 1440 757 οἱ
1455 731 1541 766 τούτῳ
1555 731 1594 767 τῷ
1610 732 1736 768 Νικολάῳ
1750 742 1814 760 συν-

1026 773 1194 808 εζευγμένοι,
1224 774 1305 801 πάλιν
1335 775 1381 801 ἀπ’
1399 776 1482 802 αὑτοῦ
1504 776 1542 807 ὡς
1561 777 1616 802 ἀπὸ
1639 777 1730 812 οὐρίου
1758 778 1813 804 die?»

1025 818 1112 852 ὀφεως
1148 818 1271 853 σκορπίοι
1294 819 1310 853 ἢ
1336 819 1364 852 ἐξ
1388 819 1508 846 ἀσπίδων
1527 822 1735 856 γεγεννημένοι,
1752 824 1814 849 τινὰ

191 863 265 890 velut
278 862 466 893 subvmtaneo
485 867 620 902 serpentis
636 874 688 894 ovo
704 867 816 901 scorpii,
837 867 895 894 sive
907 866 972 901 aspi-

1025 864 1091 898 ἡμῖν
1107 863 1240 899 παρεισφέ
1245 872 1320 898 ρουσι
1332 865 1497 898 κενοφωνίας
1506 866 1637 901 ὀνόματα,
1649 867 1696 894 καὶ
1706 867 1813 903 βίϐλους

200 907 274 935 tibus
301 913 426 945 prognati
449 913 572 947 quaedam
599 912 678 939 nobis
705 911 821 938 inaniter
849 911 974 939 sonantia

195 953 313 985 .iomina,
331 955 471 990 librosque
485 958 633 984 commenti
653 961 736 984 sunt:
752 957 826 984 velut
842 956 912 984 ittter
926 964 975 983 oze-

195 1006 268 1027 teros
280 1009 360 1035 quem
374 1000 483 1029 Noriam
499 1001 645 1036 appellant,
661 1006 743 1036 atque
757 1009 789 1029 ex
807 1002 976 1036 superstitio-

194 1047 233 1074 sis
249 1046 396 1074 Gentilium
421 1047 595 1082 opinionibus
611 1047 791 1075 conformatis
813 1047 847 1074 ad
870 1047 976 1074 institu—

193 1095 250 1118 tum
266 1099 345 1119 suum
359 1093 439 1128 nugis
455 1093 510 1120 illis
521 1100 553 1120 ac
567 1092 665 1120 fabulis
678 1093 787 1120 veritati
801 1092 972 1120 mendacium

191 1137 354 1165 admiscent.
370 1139 476 1174 Quippe
491 1138 602 1165 Nat-iam
621 1140 702 1166 istam
718 1137 812 1166 Noemi
831 1138 973 1173 conjugem

191 1181 306 1210 faciunt.
327 1183 414 1216 Quam
439 1183 541 1210 ideirco
563 1183 674 1210 Noriam
698 1187 806 1215 vocant,
831 1187 861 1210 ut
881 1191 942 1218 quae
958 1192 973 1210 a

190 1227 338 1262 gentilibus
354 1229 516 1255 concinnata
539 1232 603 1255 sunt
622 1229 745 1256 barbaris
768 1229 881 1256 vocibus
897 1229 974 1256 dissi-

189 1273 336 1305 mulantes,
350 1274 547 1302 circumventis
558 1282 573 1302 a
586 1282 615 1302 se
629 1274 783 1302 hominibus
794 1274 901 1302 facilius
913 1275 973 1301 illu-

189 1318 256 1346 dant
269 1329 274 1346 :
292 1327 347 1354 quo
362 1319 471 1355 quidem
487 1324 577 1354 pacto,
592 1326 621 1347 ut
638 1319 746 1355 Pyrrha:
759 1321 922 1348 vocabulum
935 1321 974 1347 in-

191 1364 368 1399 terpretando
390 1364 545 1396 redderent,
569 1364 658 1392 Noria:
676 1365 884 1400 appellationem
906 1365 973 1392 indi-

189 1411 297 1438 derunt.
311 1410 378 1438 Nam
393 1419 455 1439 cum
473 1419 542 1438 nura
560 1411 630 1446 apud
650 1411 777 1439 Hebraeos
801 1412 896 1447 ignem,
918 1419 972 1441 non

188 1456 234 1482 illa
254 1456 366 1491 quidem
386 1457 535 1485 secretiore
550 1457 718 1492 lingua,'sed
738 1457 849 1492 Syriaca
871 1457 974 1492 signiti-

188 1505 248 1534 cet;
263 1501 367 1529 Hebrazi
381 1502 515 1537 siquidem
536 1503 622 1538 ignem
646 1503 742 1530 esauth
763 1503 915 1533 nominant,
933 1503 971 1530 illi

188 1555 245 1581 prae
256 1547 365 1575 ittscitia
375 1552 456 1583 atque
467 1548 602 1584 imperitia
617 1556 649 1576 eo
662 1549 794 1576 vocabulo
806 1553 869 1576 sunt
882 1549 970 1576 abusi.
985 1539 1006 1568 ο

185 1594 271 1628 Atqui
285 1602 375 1629 neque
389 1593 493 1630 Pyrrha
515 1595 560 1620 illa
580 1593 735 1621 Graecorum
751 1595 888 1622 celebrata
906 1595 972 1622 scri-

187 1639 252 1673 ptis.
270 1646 358 1674 neque
379 1639 414 1666 ab
431 1638 485 1666 illis
501 1637 616 1666 conﬁcta
638 1637 731 1670 Neria,
754 1638 800 1665 sed
818 1639 971 1666 Barlhenus

188 1684 284 1712 Noemi
302 1684 403 1719 eonjux
420 1684 480 1712 fuit.
502 1683 589 1711 Graeci
605 1691 668 1711 vero
683 1683 815 1719 Pyrrham
832 1683 971 1711 Deucalio-

188 1730 232 1757 ttis
243 1737 357 1757 uxorem
371 1729 456 1757 fuisse
470 1733 632 1756 memorant.
647 1728 715 1756 Tum
728 1736 838 1756 causam
852 1730 969 1757 atterunt

187 1775 270 1802 iidetn
285 1775 333 1808 illi,
349 1775 396 1809 qui
414 1773 584 1802 Philistionis
601 1774 700 1801 mimos
718 1774 816 1801 iterum
830 1775 908 1802 nobis
923 1777 969 1802 ob-

189 1821 312 1848 trudunt.
337 1821 405 1848 Cum
424 1820 507 1852 enim,
531 1819 668 1854 ittquittnt,
692 1819 720 1846 in
743 1827 807 1846 arca
829 1820 883 1855 83
908 1828 969 1848 esse

224 1902 233 1917 ί
253 1909 300 1936 γρ.
317 1900 460 1936 παρθένος.

185 1963 214 1987 et
223 1958 388 1987 exsecranda
404 1959 496 1986 nescio
507 1967 568 1993 quae
588 1958 723 1994 ﬁgmenta,
736 1957 967 1994 velutrmysteria,

186 1995 335 2024 traderent,
358 1994 525 2024 Γνωστικούς
544 2002 573 2022 se
597 1993 629 2020 ab
654 1993 786 2028 exquisita
815 1993 858 2019 illa
879 2001 969 2020 rerum

187 2030 381 2057 altissimarum
410 2030 506 2055 notitia
526 2029 580 2056 diei
597 2029 750 2056 voluerunt.
773 2029 943 2062 Augustinus
960 2037 966 2055 :

188 2064 304 2091 Gnoslici
318 2068 422 2097 propter
438 2064 617 2091 excellentiam
632 2064 745 2090 scientia:
760 2064 798 2090 sic
812 2071 839 2090 se
854 2063 969 2097 appella-

186 2105 227 2126 tos
240 2107 305 2132 esse,
319 2099 358 2126 vel
375 2099 503 2132 appellari
519 2099 638 2125 debuisse
653 2099 812 2134 gloriantur.
824 2099 902 2133 Apud
918 2099 968 2124 So-

186 2139 300 2175 cratem,
318 2134 365 2174 lih.
388 2142 429 2165 IV."
444 2141 504 2175 cap.
519 2134 562 2174 18,
579 2133 716 2175 alias'uﬁ‘,
735 2134 912 2175 Corrigendus
928 2134 969 2160 in-

186 2174 302 2209 terpres,
318 2170 364 2209 qui
380 2169 452 2209 quod
466 2168 596 2209 Euagrius
615 2169 648 2209 de
664 2168 894 2209 ittsigni_q_uodaut
912 2177 968 2195 mo-
985 2182 1007 2209 ο

187 2203 274 2231 ηιιιΞΙιο
285 2205 431 2238 scripserat
448 2204 481 2230 ad
496 2203 605 2230 Mariam
620 2204 706 2230 lacum
726 2203 873 2238 habitante,
886 2211 970 2238 προσ-

185 2239 298 2281 οικεῖΙδξι
309 2237 378 2281 αὐτῇ
395 2238 571 2281 μοναχὸςμτῆς
592 2237 767 2281 παρεμβολῆς
783 2237 836 2264 τῶν
856 2237 875 2263 Γ
874 2246 972 2281 γωστι-

186 2275 241 2300 κῶν
253 2275 268 2300 ὁ
283 2272 481 2309 δοκιμῶτατοέ²
500 2275 537 2300 ita
551 2272 710 2309 rvertitr:'ln
726 2281 757 2299 ea
767 2272 930 2309 Δηιιηιτιατιιιιί
939 2281 971 2309 ea;

186 2314 258 2336 secta
284 2306 468 2335 Gnosticorum
483 2309 522 2335 vir
541 2308 747 2341 spectatissimus
761 2307 898 2334 habitauit.
910 2306 971 2334 Fal-

186 2344 261 2371 litur.
279 2343 369 2378 Neque
388 2345 460 2371 enim
481 2352 512 2370 ex
529 2348 583 2370 tam
604 2344 709 2378 impura
732 2347 805 2370 secta
827 2342 971 2378 laudabilis

187 2386 219 2406 ac
242 2380 343 2413 probus
367 2381 500 2406 exsistere
523 2379 674 2404 monachus
697 2379 801 2412 potuit;
826 2385 913 2412 neque
938 2377 972 2404 de

185 2414 332 2441 virtutibus
344 2417 398 2440 tam
409 2414 542 2447 exquisite
552 2413 701 2447 disputare.
716 2413 805 2445 Quare
818 2413 971 2444 Γνωστικός

187 2448 279 2475 eodem
292 2456 374 2475 sensu
385 2456 439 2482 quo
450 2449 574 2476 Clemens
584 2456 651 2475 usus
661 2452 713 2479 est,
726 2452 750 2474 et
761 2447 892 2482 Evagrius
902 2448 969 2482 ipse,

188 2483 233 2518 qui
253 2483 350 2509 librum
366 2491 398 2510 eo
412 2484 520 2510 nomine
536 2483 720 2517 inscripserat,
735 2482 908 2516 accipiendus
918 2487 968 2514 est,

187 2517 283 2552 nempe
292 2519 306 2544 ὁ
322 2518 498 2549 καταξιωοεὶς
506 2517 698 2553 τῆςῗγνώσεως.
713 2518 810 2544 eximia
819 2518 970 2553 divinarum

187 2561 274 2580 rerum
289 2553 397 2579 scientia
406 2553 542 2586 prwditus.
554 2552 644 2579 Redeo
653 2553 685 2578 ad
695 2552 810 2579 haeresin
824 2552 969 2579 Gnostico-

187 2596 259 2619 rum,
281 2595 341 2622 qua:
363 2595 416 2614 non
437 2595 490 2614 una
515 2588 682 2622 simplexque
704 2588 764 2618 fuit,
783 2587 831 2614 sed
850 2587 969 2614 universi

186 2623 254 2655 fere,
266 2621 335 2657 quos
352 2621 494 2649 fabulones
510 2621 680 2656 Augustinus
694 2629 772 2650 vocat
788 2631 794 2648 :
813 2622 924 2657 Quique,
940 2627 969 2648 ut

187 2658 257 2685 ident
274 2657 322 2687 ait,
339 2657 444 2692 fabulas
459 2665 552 2689 vanus,
570 2665 665 2692 easque
684 2657 776 2691 longas
790 2662 815 2684 ct
833 2657 969 2691 perplexas

185 2696 374 2719 centuriarum
387 2712 394 2724 ,
412 2691 604 2719 Gnosticorum
619 2693 797 2727 appellatione
811 2696 967 2719 censentur.

186 2727 364 2762 Epiphanius.
380 2727 451 2753 infra
474 2727 539 2754 hzer.
567 2735 631 2754 xxxt
656 2727 707 2754 sub
734 2727 855 2758 ittititttu,
876 2728 969 2754 decem

185 2761 377 2789 Gnostieorum
398 2769 497 2796 genera
515 2762 589 2793 facit,
615 2769 630 2788 a
655 2762 765 2790 totidem
786 2762 893 2788 illortttn
908 2769 970 2796 pro-

185 2801 281 2832 pagata
292 2797 418 2827 ducibus,
430 2805 498 2832 quos
514 2797 612 2831 partim
630 2797 794 2832 eodemrillo
819 2797 888 2827 loco.
909 2805 969 2831 par-

185 2831 484 2866 tinihaaresixxvn,n.
507 2833 534 2866 1,
552 2837 703 2867 percenset.
729 2831 799 2859 Sunt
822 2836 912 2860 autem
929 2832 968 2865 lii,

1027 908 1183 940 πλάττουσι,
1214 909 1323 945 Νωρίαν
1338 910 1399 937 τινὰ
1422 910 1511 945 βίϐλον
1530 911 1684 944 καλοῦντες,
1708 913 1755 940 καὶ
1783 914 1813 945 ἐξ

1027 954 1152 986 ὑπονοίας
1172 954 1330 990 Ἑλληνικῆς
1360 956 1570 992 δεισιδαιμονίας
1604 959 1813 993 μεταποιοῦντες

1025 1000 1075 1036 τὴν
1087 1002 1151 1036 παρ’
1165 1001 1256 1031 αὐτοῖς
1279 1002 1335 1033 τοῖς
1352 1001 1464 1037 Ἕλλησι
1481 1001 1589 1038 μυθώδη
1615 1003 1752 1038 ῥαψῳδίαν
1765 1005 1813 1030 καὶ

1026 1047 1186 1081 φαντασίαν,
1216 1047 1287 1073 οὕτω
1309 1047 1339 1073 τὸ
1360 1047 1456 1082 ψεῦδος
1483 1049 1517 1083 τῇ
1539 1047 1652 1084 ἀληθείᾳ
1671 1049 1811 1084 παραπλέ-

1025 1100 1112 1118 κουσι.
1130 1092 1238 1126 Ταύτην
1253 1092 1307 1127 γάρ
1335 1101 1401 1126 φασι
1418 1092 1466 1127 τὴν
1483 1093 1592 1128 Νωριαν
1609 1091 1679 1119 εἶναι
1692 1093 1738 1120 τοῦ
1750 1094 1811 1120 Νῶε

1025 1139 1150 1171 γυναῖκα,
1165 1137 1284 1164 Καλοῦσι
1307 1137 1334 1164 δὲ
1351 1138 1471 1173 Νωρίαν,
1498 1138 1570 1169 ὅπως
1592 1138 1625 1164 τὰ
1649 1138 1813 1173 Ἑλληνικῶς

1025 1183 1100 1218 παρὰ
1120 1184 1175 1214 τοῖς
1200 1183 1311 1218 Ἕλλησι
1333 1183 1526 1219 ῥαψῳδηθέντα
1542 1183 1619 1209 αὐτοὶ
1632 1183 1811 1219 βαρϐαρικοῖς

1024 1228 1136 1263 ὀνόμασι
1162 1229 1403 1264 μεταποιήσαντες,
1441 1230 1498 1260 τοῖς
1525 1230 1712 1264 ἡπατημένοις
1746 1230 1810 1264 παρ’

1024 1274 1112 1300 αὐτῶν
1130 1274 1278 1308 φαντασίαν
1296 1274 1528 1309 ὲργάσωνται,ἴνα
1541 1274 1574 1310 δὴ
1588 1274 1649 1301 καθ’
1664 1275 1811 1310 ἑρμηνείαν

1024 1321 1157 1355 ποιήσωσι
1169 1320 1199 1346 τὸ
1222 1320 1271 1354 τῆς
1288 1319 1398 1355 Πύρῤας
1413 1320 1509 1355 ὄνομα,
1526 1321 1638 1355 Νωρίαν
1657 1320 1736 1347 τοῦτο
1751 1321 1810 1346 ὀνο-

1024 1365 1163 1400 μάξοντες.
1203 1365 1311 1400 Ἐπειδὴ
1336 1365 1391 1400 γὰρ
1415 1365 1500 1400 νουρὰ
1519 1365 1574 1400 (69)
1591 1367 1620 1392 ὲν
1640 1367 1673 1401 τῇ
1689 1365 1810 1402 Ἐϐραῖε.

1023 1410 1081 1443 πῦρ
1106 1410 1136 1436 οὐ
1169 1410 1239 1437 κατὰ
1259 1411 1307 1446 τὴν
1325 1410 1435 1445 βαθεῖαν
1464 1411 1589 1445 γλῶσσαν
1619 1410 1809 1446 ἑρμηνεύεται.

1023 1455 1090 1482 ἀλλὰ
1119 1456 1165 1483 καὶ
1192 1457 1312 1491 Συριακῇ
1343 1456 1490 1489 διαλέκτῳ·
1516 1457 1603 1492 ἡσαὺθ
1624 1457 1678 1492 γὰρ
1697 1457 1728 1483 τὸ
1749 1457 1810 1490 κῆρ

1023 1501 1098 1536 παρὰ
1117 1501 1249 1537 Ἑϐραίοις
1263 1501 1393 1533 καλεῖται,
1409 1502 1440 1528 οὐ
1460 1501 1528 1537 (69¹)
1545 1501 1615 1529 κατὰ
1632 1503 1680 1537 τὴν
1698 1502 1809 1536 βαθεῖαν

1024 1546 1162 1580 γλῶσσαν·
1191 1547 1285 1573 τούτου
1313 1547 1392 1582 χάριν
1430 1548 1520 1580 αὐτοῖς
1553 1548 1708 1584 συμϐέϐηκε
1739 1549 1810 1574 κατὰ

1023 1592 1134 1626 ἄγνοιαν
1152 1592 1197 1618 καὶ
1227 1593 1355 1627 ἀπειρίαν
1366 1593 1404 1628 τῷ
1416 1593 1527 1628 ὀνόματι
1545 1594 1631 1628 τούτῳ
1647 1593 1807 1629 κεχρῆσθαι.

1024 1637 1092 1664 Οὔτε
1109 1637 1163 1672 γὰρ
1182 1637 1277 1673 uappa
1299 1639 1316 1673 ὴ
1333 1638 1397 1674 παρ’
1418 1638 1556 1673 Ἕλλησιν,
1582 1638 1644 1665 οὒτε
1669 1639 1763 1674 Νωρία
1791 1640 1808 1673 ἡ

1025 1682 1099 1718 παρὰ
1112 1682 1217 1714 τούτοις
1237 1683 1417 1719 μυθευομένη,
1433 1683 1500 1710 ἀλλὰ
1514 1683 1654 1720 Βαρθενὼς
1671 1684 1679 1699 '
1691 1683 1730 1719 τῷ
1745 1684 1807 1710 Νῶε

1022 1729 1116 1762 γέγονε
1126 1729 1207 1764 γυνή.
1226 1729 1280 1755 Καὶ
1299 1729 1324 1755 οἱ
1337 1729 1468 1765 Ἕλληνες
1486 1730 1539 1764 γάρ
1556 1739 1623 1765 φασι
1642 1730 1691 1765 τὴν
1703 1732 1801 1756 Δευκα-

1022 1775 1116 1807 λίωνος
1130 1777 1245 1809 γυναῖκα
1268 1775 1378 1811 Πύρραν
1402 1776 1552 1804 καλεῖσθαι.
1571 1774 1636 1802 Εἶτα
1658 1777 1707 1811 τὴν
1720 1777 1806 1802 αἰτίαι,

1023 1821 1193 1848 ὑποτίθενται
1211 1819 1283 1848 οὗτοι
1311 1823 1335 1848 οἱ
1362 1822 1396 1849 τὰ
1416 1822 1464 1848 τοῦ
1477 1823 1650 1854 Φιλιστίωνος
1672 1823 1727 1858 (70)
1743 1824 1808 1858 ἡμῖν

1023 1957 1127 1988 Simon,
1152 1956 1307 1989 Menander,
1325 1956 1489 1989 Saturnilus,
1509 1956 1651 1987 Basilides.
1669 1955 1806 1990 Nicolans,

1020 1993 1209 2026 Carpoerates,
1225 1991 1395 2025 Valentinus,
1411 1992 1585 2023 Colorbasus,
1602 1991 1763 2021 Ptolemaeus
1780 2000 1807 2020 et

1021 2027 1174 2054 Secundus.
1195 2027 1319 2054 Clemens
1341 2028 1552 2057 Alexandrinus,
1575 2027 1622 2054 lib.
1640 2035 1669 2053 ιιι
1693 2027 1781 2055 Strom
1798 2049 1805 2058 ,

1020 2062 1095 2098 addit
1107 2066 1133 2089 et
1145 2061 1301 2098 Prodicum.
1322 2061 1419 2089 Verttm
1432 2066 1512 2098 certa
1530 2062 1653 2096 quaedam
1678 2070 1710 2089 ac
1727 2071 1808 2098 pecu-

1019 2097 1097 2124 liaris
1111 2101 1184 2124 secta
1199 2097 1258 2128 fuit,
1271 2104 1331 2131 quae
1350 2097 1400 2124 sibi
1419 2097 1610 2124 Gnosticorum
1633 2097 1733 2124 nomen
1751 2106 1806 2132 pra:

1019 2132 1125 2159 ceteris
1145 2132 1309 2162 vindicavit;
1333 2132 1366 2158 de
1390 2133 1488 2166 quibus
1513 2133 1565 2158 hoc
1586 2132 1614 2158 in
1637 2133 1726 2167 capite
1750 2135 1806 2167 agit

1020 2167 1186 2202 Epiphanius
1198 2187 1205 2197 ,
1221 2170 1253 2202 et
1266 2167 1311 2193 alii
1332 2168 1377 2201 qui
1398 2167 1431 2194 de
1449 2167 1599 2202 haeresibus
1623 2169 1805 2201 scripserunt.

1021 2200 1050 2229 in
1070 2200 1217 2236 primisque
1232 2200 1440 2234 Tertullianutn,
1457 2202 1502 2236 qtti
1518 2200 1688 2235 Scorpiacuni
1711 2207 1806 2230 contra

1021 2237 1164 2272 Gnosticos
1176 2236 1380 2272 ediditzrquam
1402 2237 1510 2271 quidem
1533 2237 1648 2263 hzeresin
1672 2236 1806 2272 Hierony-

1021 2279 1082 2299 mus
1106 2271 1205 2298 Contra
1227 2270 1399 2306 Vigilantiam
1411 2270 1542 2299 scribens
1566 2271 1696 2306 Cajanam
1715 2270 1804 2299 vocat.

1056 2307 1111 2342 (69)
1135 2305 1332 2342 Ἐπειδὴηρὰρ
1354 2306 1457 2340 νουρά.
1478 2310 1543 2342 ΝΠΊ]
1570 2307 1692 2333 Aramaza
1715 2307 1806 2342 lingua

1020 2340 1104 2377 ignem
1121 2341 1266 2377 significat.
1283 2341 1360 2373 Quod
1381 2346 1471 2368 autent
1493 2340 1805 2377 Judazisipost'capti'vi-

1022 2381 1103 2404 tatem
1119 2376 1265 2403 familiaris
1281 2384 1312 2402 ac
1326 2377 1467 2411 popularis
1481 2377 1572 2411 lingua
1589 2376 1700 2411 Syriaca
1715 2376 1782 2404 foret
1798 2387 1804 2404 τ

1020 2419 1081 2461 ideo
1094 2422 1158 2461 nota
1171 2425 1225 2444 non
1234 2409 1442 2461 βαθείᾳίιίιιειιιι,
1454 2425 1515 2461 qua:
1523 2409 1556 2445 iet
1575 2409 1757 2461 εηὴῃθπιγθ
1765 2418 1807 2445 di-

1020 2453 1156 2484 citur,sed
1169 2453 1305 2479 conuuuni
1319 2453 1460 2488 acvulgari
1471 2454 1540 2480 idem
1551 2461 1612 2480 esse
1620 2453 1700 2487 quod'
1717 2454 1805 2488 ignem

1022 2489 1131 2515 asserit.
1157 2487 1271 2514 Βαθεῖαν
1293 2492 1383 2514 autem
1409 2489 1527 2523 linguam
1549 2487 1806 2523 alludensrad’Eze-

1020 2523 1116 2550 ehielis
1133 2524 1220 2549 locum
1236 2523 1315 2554 dixit,
1334 2523 1379 2557 qui
1395 2527 1438 2549 est
1451 2522 1517 2557 ’cap.
1544 2531 1585 2554 tu,
1601 2523 1617 2549 5
1633 2531 1640 2549 :
1658 2522 1720 2549 Non
1736 2524 1805 2549 enim

1021 2558 1055 2585 ad
1078 2558 1204 2592 populum
1226 2558 1352 2591 profundi
1371 2559 1499 2584 sermonis
1514 2562 1538 2584 et
1556 2558 1652 2592 ignota?
1668 2558 1762 2592 lingua,-
1779 2564 1807 2584 tu

1020 2591 1143 2620 mitteris.
1162 2591 1294 2628 llebt'aica
1312 2594 1403 2627 lingua
1417 2597 1465 2622 um
1481 2591 1726 2628 igncmjsigniiicat,
1739 2593 1807 2620 Ara-

1020 2635 1087 2655 ma:a
1112 2633 1206 2656 unum.
1229 2626 1286 2659 Qua
1307 2635 1374 2654 voce
1400 2626 1525 2662 ignem‘a
1550 2626 1652 2662 Noejno
1678 2633 1806 2660 vocatum

1020 2663 1137 2690 Berosus
1149 2662 1277 2697 prodidit.
1289 2663 1377 2697 Atque
1389 2661 1452 2690 inde
1461 2663 1586 2696 fortassis
1597 2661 1683 2690 Grceci
1699 2663 1807 2694 Ἑστίας

1020 2698 1151 2732 originem
1167 2697 1348 2724 deduxerunt.

1055 2731 1123 2766 (διν)
1143 2733 1180 2766 ρὺ
1195 2732 1265 2759 forte
1280 2732 1434 2760 delendum.
1450 2732 1529 2760 Enn.
1544 2731 1665 2759 ΡΑτιιοι.

1055 2765 1110 2802 (70)
1120 2765 1208 2794 Οὗτοι
1220 2767 1255 2794 τὰ
1269 2766 1322 2793 τοῦ
1333 2768 1538 2799 Φιλιστίωνος.
1552 2767 1664 2793 Hieron.
1681 2766 1759 2800 Apol.
1773 2774 1804 2797 Il,

1019 2808 1090 2830 cont.
1101 2802 1162 2836 Ruf.
1173 2801 1205 2828 Et
1213 2803 1406 2837 quasimimum
1414 2802 1590 2833 Philistionis.
1602 2802 1641 2828 vel
1650 2801 1765 2832 Lentuli,
1775 2810 1807 2827 uc

1020 2838 1132 2865 Marulli
1150 2838 1284 2871 stropham
1307 2839 1419 2873 eleganti
1442 2845 1559 2865 sermone
1580 2838 1729 2872 con/ictam,
1751 2840 1806 2865 etc.
