1944 3037
114 149 167 176 555

414 143 599 173 ADVERSUS
614 143 785 172 HERESES
803 142 859 169 LIB
878 142 895 169 Ι.
918 140 999 168 ΤΟΜ.
1017 140 1050 167 ll.
1063 155 1096 161 -
1118 140 1254 167 llzllRES.
1270 137 1364 166 XXVI.

1689 136 1741 165 35‘

114 205 194 239 αὖθις
207 205 431 242 προσφερόμενοι,
448 205 499 237 ὅτι,
516 204 646 235 πολλάκις
662 203 811 239 βουλομένῃ
835 202 903 237 μετὰ

962 208 1016 227 :um
1029 200 1132 227 {Vocmo
1142 203 1265 235 cuperet,
1278 205 1420 234 nunquam
1432 197 1459 224 id
1471 195 1496 225 ei
1508 195 1672 232 permissum
1684 200 1740 229 est;

114 252 163 279 ’τθῦ
191 252 253 278 Νῶε
280 252 309 278 ἐν
324 252 358 286 τῇ
386 250 495 285 κιϐωτῷ
509 250 646 284 γενέσθαι,
659 250 688 276 οὺ
713 249 901 284 συνεχωρεῖτο,

115 298 163 325 τοῦ
177 298 316 334 ἄρχοντος,
336 297 412 331 φασὶ,
429 296 475 323 τοῦ
494 296 540 323 τὸν
557 295 659 330 κόσμον
680 295 823 325 κτίσαντος
840 293 902 328 βου-

116 343 230 380 λομένου
249 342 333 377 αὐτὴν
349 341 480 368 ἀπολέσαι
506 341 555 367 σὺν
581 342 636 372 τοῖς
649 339 739 371 ἄλλοις
756 339 857 366 ἅπασιν
875 339 903 364 ὲν

116 390 154 425 τῷ
184 387 379 423 κατακλυσμῷ.
403 387 492 422 Αὐτὴν
513 387 542 414 δέ
561 395 642 421 φασιν
658 385 861 417 ἐπικαθιζάνειν
876 386 904 410 ὲν

115 436 148 470 τῇ
164 434 290 470 λάρνακι,
307 433 504 468 καὶὲμπιπρᾷν
519 432 603 467 αὐτὴν
618 432 666 467 οὐχ
676 431 760 463 ἅπαξ,
775 430 836 457 οὐδὲ
853 430 903 462 δὶς,

117 479 184 506 ἀλλὰ
203 479 344 510 πολλάκις,
368 478 416 504 καὶ
433 477 549 513 πρῶτον,
566 476 613 503 καὶ
628 475 763 511 δεύτερον,
786 475 833 501 καὶ
847 474 906 510 τρί-

116 535 173 553 τον.
191 525 273 552 Ὅθεν
296 525 328 560 δὴ
353 524 393 556 εἰς
407 523 454 558 έτη
467 523 552 550 πολλὰ
571 522 703 557 ἐλήλακεν
723 522 740 556 ὴ
757 521 807 556 τῆς
822 520 905 548 αὑτοῦ

117 572 164 599 τοῦ
178 572 239 599 Νῶε
255 571 389 607 λάρνακος
403 568 568 603 κατασκευὴ,
583 568 627 595 διὰ
640 568 669 594 τὸ
683 567 811 598 πολλάκις
822 567 906 602 αὐτὴν

118 619 164 645 ὑπ’
193 617 278 652 αὐτῆς
304 615 509 651 ἐμπεπρῆσθαι.
525 612 581 641 ἾΙν
605 614 670 649 γὰρ,
699 613 791 648 φασὶν,
813 614 828 639 ὀ
845 612 906 638 Νῶε

118 663 280 698 πειθόμενος
294 662 333 698 τῷ
352 661 478 697 ἄρχοντι¹
497 662 513 696 ἡ
533 660 561 686 δὲ
578 660 672 696 Νωρία
687 658 846 693 ἁπεκάλυψε
857 658 907 690 τὰς

117 710 175 737 ἂνω
197 709 326 744 δυνάμεις
345 709 392 735 καὶ
408 707 456 743 τὴν
479 706 533 733 ἀπὸ
551 705 606 732 τῶν
618 705 759 740 δυνάμεων
774 703 908 740 Βαρίίηλὼ

119 756 168 791 τὴν
176 754 337 782 ὑπεναντίαν
348 753 387 789 τῷ
400 753 520 789 ἄρχοντι,
529 753 567 783 ὡς
577 751 624 778 καλ⁴
638 752 665 778 αἱ
678 750 756 777 ἄλλαι
768 749 905 784 δυνάμεις·

119 802 168 828 καὶ
183 801 341 835 ὑπέφαινεν,
352 799 436 834 ὁτιδὴ
450 800 457 814 ¹
468 798 503 825 τὰ
515 797 664 833 συληθέντα
677 796 731 823 ἀπὸ
741 796 792 831 τῆς
805 796 908 823 ἄνωθεν

120 846 223 883 μητρὸς
238 845 282 872 διὰ
292 844 339 872 τοῦ
351 845 479 881 ἄρχοντος
490 843 537 870 τοῦ
545 843 590 869 τὸν
603 842 706 878 κόσμον
717 841 907 877 πεποιηκότος,

954 246 1026 280 quod
1043 254 1103 273 eam
1124 246 1251 280 princeps
1266 244 1362 272 mundi
1376 243 1501 271 conditor
1514 250 1568 270 una
1588 249 1650 269 cum
1665 245 1743 269 aute—

954 293 993 319 ris
1018 292 1147 319 omnibus
1171 291 1276 319 diluvio
1292 291 1374 318 vellet
1396 290 1581 324 exstinguere.
1600 288 1670 324 Ergo
1685 288 1743 315 haec

955 339 1079 365 insidens
1091 345 1163 365 arcae
1184 345 1240 365 non
1261 337 1346 365 semel
1366 344 1398 364 ac
1417 335 1548 367 secundo,
1568 335 1615 362 sed
1632 335 1742 369 sacpius.

955 384 1078 419 adeoque
1093 383 1175 410 tertio
1200 383 1275 409 illam
1301 381 1432 410 incendit.
1449 380 1509 413 Quo
1527 381 1628 407 factum
1643 383 1696 411 est,
1713 383 1744 406 ιιι

956 429 989 456 ad
1004 429 1159 464 complures
1179 435 1266 455 annos
1281 435 1295 455 a
1315 427 1419 460 Νορωο
1439 426 1497 453 bare
1513 433 1584 453 arcze
1604 429 1743 453 structura

955 481 1100 511 prorogata
1117 474 1210 506 fuerit.
1233 481 1296 501 cum
1311 474 1345 500 ab
1359 473 1405 500 illa
1426 473 1527 508 saepius
1546 475 1619 500 esset
1634 475 1742 499 exusta.

958 522 1097 558 Siquidem
1115 522 1233 550 Noemus
1248 521 1365 556 principi
1382 528 1411 548 se
1425 520 1621 555 obsequentem
1635 522 1745 553 praesta-

957 569 1018 601 bat;
1028 567 1111 595 Noria
1124 576 1189 596 vero
1201 574 1316 600 superas
1330 567 1454 599 virtutes,
1464 571 1491 594 et
1503 566 1537 593 ab
1548 565 1581 593 iis
1594 564 1743 600 profectam

957 615 1137 642 Barbelonem
1164 614 1282 649 principi
1307 613 1472 640 contrariam
1494 612 1637 642 indicavit.
1654 618 1746 645 quem-

957 662 1104 688 admodum
1119 664 1146 688 et
1164 661 1225 688 alia:
1244 659 1333 687 fecere
1347 659 1464 686 virtutes
1478 668 1485 685 ε
1499 661 1581 692 atque
1594 656 1661 683 illud
1679 663 1746 691 prte-

959 712 1032 734 terea
1055 707 1172 735 docuit:
1198 709 1326 741 oportere
1350 712 1410 740 quae
1435 711 1571 739 supremae
1597 701 1707 730 Parenti
1729 708 1746 728 a

959 752 1102 780 conditore
1119 752 1213 779 mundi
1229 751 1365 787 principe,
1383 758 1415 777 ac
1435 750 1547 784 reliquis
1560 749 1607 784 qui
1629 755 1692 775 cum
1712 755 1746 775 eo

960 801 1024 825 sunt
1041 797 1094 832 diis
1111 802 1192 832 atque
1207 797 1322 832 angelis.
1337 800 1364 824 et
1381 795 1551 823 dzemonibus
1565 798 1658 830 erepta
1670 797 1744 826 sunt.

960 852 993 871 cx
1011 831 1094 871 insita
1109 851 1257 878 corporum
1281 844 1306 870 vi
1330 850 1380 877 per
1401 843 1519 870 marium
1537 848 1568 868 ac
1582 840 1746 868 feminarum

120 894 170 921 καὶ
185 893 240 920 τῶν
250 892 338 920 ἄλλων
361 891 415 918 τῶν
434 891 481 917 σὺν
496 889 571 925 αὐτῷ
584 888 653 916 θεῶν
669 897 698 915 τε
722 888 770 915 καὶ
786 887 910 922 ἀγγέλων

962 889 1092 924 proﬂuvia
1104 889 1241 924 colligere.

121 941 170 968 καὶ
197 939 332 975 δαιμόνων
364 937 501 972 συλλέγειν
528 937 582 963 ἀπὸ
604 936 654 971 τῆς
679 935 707 962 ἐν
743 936 799 967 τοῖς
828 934 936 970 σώμασι
951 936 1091 972 δυνάμεως
1112 936 1156 963 διὰ
1179 936 1228 971 τῆς
1251 936 1400 972 ἀπορροίας
1428 933 1549 970 ἀρρένων
1564 941 1594 959 τε
1614 932 1662 959 καὶ
1695 930 1746 966 θη-

121 986 210 1012 λειῶν.

156 1043 195 1069 B'.
216 1041 272 1068 Kal.
301 1040 393 1072 ἁπλῶς
408 1037 550 1075 περικακῶ
570 1038 621 1073 τὴν
635 1038 725 1064 πᾶσαν
738 1037 840 1063 τούτων
861 1035 908 1062 τοῦ

123 1088 236 1118 σκότους
257 1087 382 1122 πήρωσιν
406 1083 598 1111 ὑποδεικνύων.
631 1083 720 1110 Πολὺν
742 1082 797 1117 γὰρ
815 1081 910 1118 χρόνον

123 1131 294 1166 ἀναλώσαιμι
316 1131 360 1161 ἂν,
377 1131 400 1156 εἰ
416 1128 542 1155 ἐνταῦθεν
560 1128 611 1163 τὴν
626 1129 690 1164 περ)¹
717 1127 820 1154 τούτων
835 1135 910 1161 γενο-

126 1178 210 1214 μένην
239 1176 365 1208 σύνταξιν
394 1175 515 1210 ἐθελήσω
542 1173 750 1208 λεπολογῆσαι,
765 1173 799 1199 τὰ
821 1173 910 1200 ἄτοπα

123 1224 212 1252 αὐτῶν
241 1223 290 1258 τῆς
314 1221 488 1257 ψευδωνύμου
514 1220 641 1254 γνώσεως
673 1219 825 1254 διδάγματα
849 1218 909 1245 καθ’

121 1271 242 1305 ἑκάστην
260 1268 456 1304 ὑφηγούμενος.
474 1266 565 1292 ’Ἄλλοι
576 1265 604 1292 δὲ
618 1265 648 1297 ἐξ
663 1265 762 1298 αὐτῶν,
775 1264 909 1300 διαφόρως

124 1316 205 1344 πάλιν
222 1313 450 1351 ὲπεντριϐόμενοι,
467 1312 515 1343 τὰς
531 1320 561 1338 τε
575 1311 650 1345 δψεις
667 1309 757 1337 αὐτῶν
772 1310 782 1325 ¹
799 1309 910 1345 κρούον-

123 1371 179 1395 τες,
197 1361 244 1388 καὶ
256 1358 494 1395 περικρουόμενον,
514 1356 677 1392 Βαρκαϐϐἄν
692 1364 753 1383 τινα
767 1355 909 1391 προφήτην

123 1406 345 1443 παρεισάγουσιν,
374 1405 447 1437 ἀξιον
473 1402 520 1429 τοῦ
545 1401 635 1429 αὐτῶν
656 1401 795 1437 ὀνόματος.
811 1400 910 1427 Καὸϐᾱ

123 1454 178 1490 γὰρ
196 1453 376 1489 ἑρμηνεύεται
406 1450 462 1486 (71)
480 1449 603 1483 πορνεία
624 1447 695 1475 κατὰ
714 1448 762 1483 τὴν
774 1446 911 1483 Συριακὴν

122 1500 273 1531 διάλεκτον,
289 1497 470 1534 φονοκτογία
485 1496 515 1523 δὲ
534 1495 604 1522 κατὰ
616 1495 667 1530 τὴν
680 1493 838 1529 Ἐὃραῖκήν.
855 1492 910 1520 Καὶ

994 1034 1027 1061 ll.
1042 1034 1142 1070 Atque,
1158 1039 1188 1062 ut
1198 1042 1253 1062 uno
1266 1034 1350 1063 verbo
1367 1033 1467 1067 dicam,
1484 1033 1557 1069 piget
1574 1041 1617 1061 me
1631 1041 1742 1062 omnem

958 1079 1068 1106 illorum
1103 1080 1237 1108 caecitatis
1268 1080 1412 1115 caliginem
1445 1078 1573 1107 oratione
1606 1079 1746 1115 persequi.

960 1125 1076 1153 Multum
1091 1126 1164 1153 enim
1180 1126 1376 1154 insumendum
1387 1125 1439 1153 erit
1450 1125 1592 1160 temporis,
1606 1126 1629 1154 si
1642 1126 1748 1154 univer-

960 1178 1020 1199 sam
1038 1171 1136 1199 horum
1155 1171 1346 1207 ﬁgmentorum
1367 1172 1401 1199 ὼ
1425 1172 1480 1199 illis
1499 1171 1691 1201 concinnatam
1708 1181 1747 1202 se-

962 1217 1029 1244 riem
1040 1216 1094 1244 hoc
1104 1217 1166 1244 loco
1179 1217 1337 1253 diligentius
1348 1216 1487 1252 explicare
1499 1216 1626 1249 voluero.
1637 1222 1665 1246 et
1675 1226 1747 1246 com-

963 1262 1094 1290 mentitiae
1110 1262 1220 1289 illorum
1237 1262 1402 1297 cognitionis
1424 1262 1542 1290 absurda
1568 1263 1696 1298 dogmata
1714 1265 1749 1292 si-

963 1307 1076 1342 g’llatim
1105 1314 1269 1343 proponere.
1293 1307 1345 1334 Alii
1369 1315 1451 1342 porro
1475 1308 1550 1336 varie
1579 1309 1614 1336 ab
1638 1309 1693 1336 illis
1713 1309 1749 1338 ad
1766 1304 1773 1307 ”

962 1359 1134 1381 communem
1151 1353 1300 1389 perniciem
1315 1354 1415 1386 exorti,
1434 1357 1461 1382 et
1480 1354 1646 1382 intuentium
1661 1355 1748 1383 oculis

963 1398 1109 1434 pmstigiis
1132 1399 1289 1431 illudenles,
1310 1404 1338 1427 et
1361 1399 1471 1435 ipsimet
1494 1400 1568 1428 illusi
1589 1400 1749 1428 Bareabban

962 1443 1056 1471 nescio
1073 1451 1154 1479 quem
1168 1445 1329 1480 prophetam
1344 1445 1488 1479 objiciunt,
1504 1453 1554 1474 sua
1570 1446 1616 1474 illa
1634 1447 1749 1482 appella-

963 1490 1037 1518 tione
1056 1490 1180 1526 dignum.
1195 1490 1287 1518 Cabba
1301 1491 1373 1518 enim
1393 1490 1506 1526 Syriaca
1517 1492 1610 1528 lingua
1628 1498 1749 1527 stuprum

123 1547 205 1574 πάλιν
211 1544 389 1582 ἑρμηνεύεται
397 1543 521 1577 τετάρτη
527 1542 616 1577 μοῖρα
623 1541 670 1567 τοῦ
685 1540 795 1576 μέτρου.
805 1539 910 1574 Χλεύης

963 1535 1115 1571 simiﬁcat;
1137 1535 1270 1564 Hebraice
1299 1536 1484 1569 parricidium.
1503 1536 1557 1566 Sed
1573 1542 1601 1566 et
1619 1547 1749 1567 mensura:

123 1593 154 1620 δὲ
168 1592 215 1619 καὶ
228 1591 343 1626 γέλωτος
361 1590 391 1617 τὸ
413 1588 544 1620 τοιοῦτον,
566 1586 665 1623 μᾶλλον
682 1586 711 1612 δὲ
733 1584 911 1621 σχετλιασμοῦ

125 1639 199 1671 ἀξιον
212 1637 288 1673 παρὰ
310 1638 367 1668 τοῖς
390 1635 420 1662 τὸ
439 1635 524 1670 ὄνομα
539 1634 619 1661 τοῦτο
633 1632 825 1667 ἐπισταμένοις
842 1630 913 1658 κατὰ

124 1685 176 1717 τὰς
207 1684 274 1715 ιδίας
299 1681 434 1717 γλώσσας.
449 1680 564 1716 Φέρουσι
586 1679 614 1705 δὲ
631 1679 698 1714 ἡμῖν
709 1677 742 1704 ὲκ
755 1676 850 1703 τούτου
864 1674 912 1702 τοῦ

126 1730 351 1767 θαυμασιωτάτου
373 1728 512 1764 προφήτου
537 1726 660 1762 διήγησιν
687 1723 818 1759 αἰσχρὰν,
839 1723 912 1754 ὅπως

126 1776 298 1814 φθοριμαίοις
315 1774 422 1810 σώμασι
446 1771 595 1808 πλησιάσαι
617 1769 782 1804 πεισθῶμεν,
798 1768 845 1795 καὶ
864 1767 913 1803 τῆς

125 1822 228 1851 ἄνωθεν
239 1820 344 1852 ἐλπίδος
357 1819 527 1854 ἐκπέσωμεν,
543 1817 593 1844 οὐκ
615 1815 804 1850 αἰσχυνόμενοι
822 1813 914 1844 αὐτοῖς

126 1870 182 1900 τοῖς
197 1869 300 1903 ῥήμασι
315 1866 350 1892 τὰ
361 1867 411 1900 τῆς
424 1864 551 1900 πορνείας
566 1861 729 1898 διηγεῖσθαι,
750 1860 831 1887 πάλιν
846 1861 914 1896 ἐρω-

125 1915 190 1941 τικὰ
200 1914 250 1949 τῆς
266 1912 404 1948 Κύπριδος
415 1910 612 1945 ποιητεύματα.
635 1907 727 1934 ’Ἄλλοι
740 1907 768 1933 δὲ
780 1907 809 1941 ἐξ
825 1905 914 1933 αὐτῶν

127 1961 207 1988 πάλιν
220 1959 384 1986 ἐπίπλαστον
392 1957 545 1992 εἰσάγουσιν
556 1955 696 1990 ἀγώγιμόν
706 1963 732 1980 τι
746 1952 914 1989 ποίημαΠΞ)

126 2003 149 2041 ᾧ
163 2005 343 2042 ποιητεύματι
360 2003 488 2030 ἐπέθεντο
507 2001 601 2036 δνομα,
623 1999 788 2034 Εὐαγγέλιον
806 1997 915 2024 τελειώ-

128 2061 197 2084 σεως
215 2050 294 2079 τοῦτο
307 2050 467 2085 φάσκοντες.
484 2048 539 2075 Καὶ
554 2046 663 2081 ἀληθῶς
682 2046 731 2072 οὐκ
748 2043 914 2078 Εὐαγγέλιον

127 2100 215 2132 τοῦτο,
234 2099 301 2126 ἀλλὰ
317 2097 431 2128 πένθους
443 2095 591 2125 τελείωσις.
608 2093 686 2120 Πᾶσα
700 2091 755 2128 γὰρ
774 2092 790 2126 ὴ
805 2090 852 2117 τοῦ
869 2090 916 2117 0a-

127 2146 208 2173 νάτου
221 2144 359 2174 τελείωσις
373 2142 402 2168 ἐν
411 2142 445 2176 τῇ
457 2140 570 2175 τοιαύτῃ
586 2137 729 2172 ὑποσπορᾷ
738 2135 785 2162 τοῦ
791 2134 914 2162 διαΰόλου

128 2188 383 2226 ὲμφέρεται.¹Ἀλλοι
398 2186 426 2212 δὲ
442 2186 492 2212 οὐκ
502 2183 673 2218 αἰσχύνονται
688 2181 812 2215 λέγοντες
827 2180 916 2213 Εὐαγ-

127 2235 217 2270 γέλιον
234 2234 316 2265 Εὗας.
329 2233 376 2264 Εἰς
389 2232 474 2266 ὄνομα
486 2229 541 2265 γὰρ
560 2229 646 2263 αὐτῆς
665 2226 756 2263 δῆθεν,
770 2226 807 2257 ὡς
820 2225 916 2261 εὑρού-

128 2289 178 2316 σης
194 2281 225 2307 τὸ
239 2280 322 2314 δνομσ.
337 2279 387 2314 τῆς
403 2277 528 2312 γνώσεως
544 2275 574 2307 ἐξ
588 2273 786 2307 ἀποκαλύψεως
800 2271 846 2298 τοῦ
864 2271 913 2297 λα-

127 2328 258 2363 λήσαντος
284 2326 352 2360 αὑτῇ
388 2324 486 2359 ὄφεως.
516 2321 620 2357 σπορὰν
642 2319 823 2346 ὑποτίθενται.
859 2317 914 2344 Καὶ

127 2373 222 2409 ὥσπερ
244 2374 273 2399 ὲν
298 2371 407 2406 ἁστάτῳ
429 2368 525 2404 γνώμῃ
550 2366 694 2403 μεθύοντος
719 2366 766 2392 καὶ
787 2364 913 2400 παραλα-

126 2418 235 2449 λοῦντος
251 2417 301 2443 οὐκ
315 2417 360 2442 ῐσα
371 2415 413 2450 εἴη
424 2414 461 2440 τὰ
479 2414 599 2448 ῥήματα,
615 2411 682 2438 ἀλλὰ
697 2410 730 2437 τὰ
748 2409 797 2445 μὲν
814 2409 913 2442 γέλωτι

128 2462 308 2498 πεποιημένα.
331 2461 412 2495 ἕτερα
436 2459 464 2485 δὲ
490 2456 628 2492 κλαυθμοῦ
653 2455 778 2491 ἔμπλεα·
794 2453 880 2485 οὕτως
896 2454 913 2488 ἡ

165 2555 173 2570 ¹
186 2553 250 2580 For.
265 2552 315 2579 δεῖ.
353 2552 363 2567 ¹
378 2551 439 2577 For.
454 2548 616 2584 ἀνθρώπων.

164 2656 342 2696 (71)]ίαόϐᾶ
368 2655 422 2696 γὰρ
452 2655 651 2696 ἑρμηνεύεται.
676 2651 909 2696 ξΐοιηννῌεξιτοίςθ

127 2687 335 2731 ῳιὶιηίδγτίίιοο
346 2687 556 2731 tabernae-illuni,
573 2694 600 2716 et
614 2689 739 2731 fornicem
752 2687 907 2722 significat:

128 2724 234 2758 necnon
245 2724 274 2756 'et
294 2727 479 2761 prostibulum,
492 2733 524 2752 ac
536 2725 660 2761 lupanar.
673 2724 910 2761 _Numer._guoque

129 2756 194 2798 ἦν,
211 2772 282 2791 com.
294 2756 332 2795 ’8,
357 2761 428 2789 LXX
455 2756 569 2798 [.L'hfcpaN:
586 2758 772 2798 reddiderunt.
789 2756 911 2796 Undeet

130 2791 257 2834 πορνείας
279 2791 420 2833 stuprique
444 2791 528 2834 dolui.
551 2794 732 2833 diovoxtoviea
750 2800 826 2834 verro,
853 2791 911 2831 sive

151 2826 475 2867 arricidium,'nu'squam
503 2832 592 2866 legere
624 2829 745 2867 memini.
778 2826 911 2861 Suspicor

155 2863 384 2911 pip'hnnium’mp
402 2863 564 2902 ianquam‘a
586 2869 638 2898 3p:
660 2863 811 2891 derivatum
832 2869 912 2889 acce-

963 1581 1136 1616 quadrantem
1154 1589 1187 1608 eo
1202 1581 1313 1609 nomine
1326 1587 1436 1610 vocant.
1449 1583 1518 1611 Risu
1530 1583 1612 1619 igitur
1628 1591 1660 1612 ac
1682 1584 1751 1612 ludi-

963 1626 1024 1654 brio
1037 1627 1130 1662 digna,
1145 1627 1189 1655 vel
1209 1627 1367 1655 miseranda
1386 1629 1478 1663 potius
1497 1633 1539 1657 est
1553 1629 1688 1665 ejusmodi
1704 1638 1750 1658 no.

963 1673 1066 1699 minum
1081 1673 1298 1701 accommodatio
1314 1674 1384 1708 apud
1400 1682 1459 1706 eos,
1475 1675 1523 1709 qui
1543 1676 1570 1702 in
1590 1680 1686 1711 suapte
1703 1677 1750 1704 liu~

964 1726 1018 1754 gua
1034 1719 1110 1747 vocis
1125 1719 1199 1748 illius
1215 1724 1378 1755 potestatem
1391 1720 1556 1756 intelligunt.
1572 1721 1704 1749 Caeterum
1716 1730 1750 1750 ex

964 1769 1020 1792 tam
1043 1765 1197 1792 admirabili
1224 1765 1357 1801 propheta
1387 1772 1494 1802 turpem
1517 1767 1596 1795 nobis
1621 1769 1751 1796 narratio-

965 1819 1026 1838 nem
1047 1811 1180 1839 aﬂ‘erunt:
1191 1819 1244 1846 qua
1260 1816 1290 1838 ut
1305 1813 1441 1847 corruptis
1453 1819 1670 1841 consuescamus
1692 1821 1751 1841 cor-

965 1857 1079 1892 poribus
1091 1857 1284 1892 persuadeant.
1299 1861 1382 1893 atque
1395 1859 1429 1886 ab
1443 1859 1518 1885 omni
1535 1866 1582 1894 spe
1595 1859 1749 1887 cwlestium

965 1901 1134 1930 excidamus.
1147 1901 1202 1929 Nec
1212 1902 1274 1930 illos
1287 1903 1369 1938 pudet
1380 1902 1414 1931 de
1427 1904 1541 1938 stupris,
1555 1904 1750 1939 amatoriisque

965 1955 998 1975 ac
1023 1948 1147 1976 venereis
1162 1948 1245 1976 rebus
1263 1948 1344 1976 nudis
1359 1956 1391 1976 ac
1406 1949 1579 1984 simplicibus
1592 1949 1684 1977 verbis
1698 1950 1751 1978 dis-

965 2001 1066 2021 serere.
1093 1993 1163 2021 Sunt
1179 1999 1207 2021 et
1226 2002 1258 2022 ex
1282 1995 1316 2022 iis
1338 1995 1472 2029 nonnulli,
1496 1996 1542 2031 qui
1567 1995 1750 2025 adulterinum

965 2039 1103 2074 quoddam
1127 2043 1155 2067 et
1183 2039 1351 2067 adscititium
1374 2048 1472 2076 poema
1497 2040 1650 2073 venditant,
1678 2042 1751 2075 quod

965 2093 1035 2120 opus
1051 2084 1230 2120 perfectionis
1246 2085 1424 2120 Evangelium
1444 2086 1610 2120 inscribunt,
1635 2094 1697 2114 cum
1712 2095 1751 2114 re-

965 2138 1031 2158 vera
1044 2137 1099 2157 non
1114 2129 1300 2167 Evangelium,
1315 2131 1362 2158 sed
1375 2131 1480 2158 doloris
1493 2132 1529 2159 sit
1540 2139 1572 2159 ac
1585 2132 1675 2161 luctus
1689 2140 1751 2167 per-

967 2175 1059 2203 fectio.
1086 2175 1222 2203 Universa
1250 2176 1352 2210 quippe
1383 2181 1625 2212 consummataque
1653 2178 1751 2205 mortis

930 2215 953 2241 Ῑ)
968 2221 1104 2249 acerbitas
1128 2222 1155 2249 in
1176 2230 1209 2249 eo
1225 2222 1281 2258 84
1302 2222 1404 2250 diaboli
1428 2223 1483 2250 i'etu
1507 2223 1673 2250 continetur.
1697 2224 1751 2251 Alii

968 2268 1144 2303 Evangelium
1163 2267 1225 2295 Eva.-
1248 2268 1307 2296 sine
1331 2269 1386 2296 ullo
1407 2268 1511 2304 pudore
1531 2269 1669 2303 jactitant.
1693 2269 1751 2296 Sub

968 2314 1050 2348 hujus
1063 2314 1135 2340 enim
1150 2315 1270 2347 nomine;
1286 2318 1379 2349 utpote
1394 2322 1454 2349 qua:
1469 2315 1635 2350 cognitionis
1650 2323 1751 2343 nomen

967 2368 983 2387 a
1002 2364 1127 2394 serpente
1143 2367 1260 2395 quocum
1275 2361 1411 2388 collocuta
1427 2366 1480 2394 est,
1514 2361 1652 2394 didicerit,
1669 2362 1751 2397 perli-

967 2405 1018 2434 dize
1043 2414 1100 2434 suae
1123 2414 1229 2434 semina
1255 2412 1424 2442 sparserunt.
1454 2409 1493 2435 Ac
1520 2409 1751 2444 quemadmodum

967 2453 1047 2485 ebrii,
1062 2460 1179 2488 quorum
1200 2453 1360 2482 inconstans
1377 2454 1496 2487 animus,
1515 2459 1543 2483 et
1563 2455 1752 2491 inconsidera-

958 2649 1043 2685 pisse,
1056 2647 1187 2685 quod-est
1200 2645 1352 2685 perforare.

993 2676 1050 2719 (Ἰῖ)
1065 2676 1234 2719 ’Ἀγῴγιμόν
1258 2689 1285 2706 τι
1309 2679 1431 2719 ποίῃμᾳ.
1456 2676 1748 2719 gornariusdlliciem

956 2712 1060 2753 ροὲηιὰ.
1082 2712 1234 2753 Ἀγώέίῖμον
1248 2714 1371 2749 estquod
1382 2712 1602 2753 advehitur,au_t
1617 2712 1749 2753 importa-

958 2746 1014 2781 'tur.
1036 2753 1091 2781 Nos
1117 2746 1263 2779 nscit-ilium
1289 2746 1322 2777 ei
1344 2749 1482 2776 communi
1506 2751 1641 2783 potestate
1665 2746 1747 2783 inter-

959 2780 1245 2824 pretariwmalurimus.
1276 2785 1446 2824 Quanquam"
1467 2780 1656 2824 n.'t'l.ﬂpag.
1679 2780 1747 2824 i00,

959 2817 1100 2859 ἆγώγιμον
1118 2823 1204 2859 μῦθον
1218 2822 1247 2849 in
1263 2817 1349 2856 priori
1366 2817 1413 2847 illa
1427 2818 1530 2847 Cornu.
1543 2817 1654 2845 notione
1668 2823 1749 2843 usur-

960 2864 1050 2896 ptitur.
