1944 3037
205 151 259 179 555

907 156 936 185 S.
956 156 1127 186 EPIPHANII

1781 161 1833 189 536

205 217 252 241 tus
263 216 305 242 est
319 215 421 247 sermo,
434 222 606 250 nequaquam
621 215 672 244 sibi
684 221 870 260 consentanea
880 217 984 253 loquun

1046 220 1100 246 τῶν
1116 220 1281 248 ἀπατεώνων
1302 221 1397 256 γέγονε
1412 221 1484 249 κατὰ
1501 221 1588 249 πάντα
1608 221 1709 257 τρόπον
1722 221 1771 256 τῆς
1785 229 1834 248 κα-

206 263 269 294 tur;
285 260 334 288 sed
347 261 415 289 alias
428 261 544 289 ridicula
559 262 652 294 verba,
669 263 738 290 alias
753 263 879 291 maeroris
897 271 929 292 ac
943 264 994 292 do-

1046 267 1109 298 κίας
1120 268 1136 301 ή
1148 267 1299 303 ὑποσπορά.

203 309 270 348 loris
285 309 366 345 plena
379 308 523 344 proferunt
544 319 551 337 :
568 309 665 337 eodem
687 317 803 344 prorsus
827 311 908 339 modo
933 319 995 341 sese
1012 312 1093 341 habet
1108 315 1142 342 ab
1162 315 1217 343 illis
1237 316 1434 351 impostoribus
1466 319 1526 343 orta
1559 323 1592 343 ac
1616 319 1763 351 propagata
1788 321 1835 341 ne-

203 356 300 392 quitia.

239 401 282 429 HI.
293 402 344 435 Qui
357 401 468 437 quidem
481 401 588 430 stolidis
602 403 777 435 testimoniis.
788 411 820 431 ac
828 404 895 432 visis
908 405 935 432 in
947 403 994 432 iilo

204 456 256 475 suo
281 447 354 483 quod
377 454 433 482 pra:
456 455 486 475 se
511 447 610 480 ferunt,
628 448 777 484 Evangelio
797 450 933 478 nituntur.
955 451 993 477 Ita

203 494 275 522 enim
297 493 424 528 inquiunt
439 502 445 520 :
463 492 498 519 In
515 494 599 520 arduo
616 499 703 522 monte
723 497 905 530 constiteram,
933 506 992 524 cum

202 548 260 567 ecce
274 539 347 566 uideo
367 547 505 573 procerum
530 540 673 572 hominem,
699 546 726 568 et
749 543 872 569 mutilum
897 543 991 571 alium.

203 585 270 613 Inde
281 593 367 612 uocem
378 585 488 612 tonitrui
503 586 589 612 instar
600 587 724 614 exaudio.
738 587 852 622 Propius
865 590 946 624 igitur
958 591 992 617 ad

203 632 363 660 audiendum
374 631 468 658 accedo
480 639 489 664 ,'
506 636 560 658 tum
572 640 612 659 me
628 632 697 660 hunc
709 633 738 660 in
752 634 858 661 modum
870 640 909 662 est
924 636 992 663 allo-

204 683 281 706 cutus
295 686 305 705 :
320 677 376 713 Ego
388 677 456 704 idem
471 686 530 704 sum
553 686 584 704 ac
601 682 640 709 tu,
659 683 684 705 et
705 684 732 706 tu
753 679 821 707 idem
836 686 913 716 atque
928 690 992 716 ego;

201 729 226 751 et
238 723 384 759 ubicunque
399 728 426 750 tu
438 732 477 755 es,
496 724 552 750 illic
568 733 615 759 ego
629 733 698 758 sum,
721 734 752 752 ac
760 734 814 764 per
829 728 918 754 omnia
933 737 990 755 sum

201 770 348 804 dispersus.
371 769 406 796 Et
429 769 600 805 undecunque
625 770 739 799 volueris
759 780 799 799 me
818 772 932 808 colligis,
951 782 992 801 me

201 824 261 844 vero
276 815 436 850 colligendo,
453 816 619 850 temetipsum
635 817 750 852 colligis.
768 817 790 845 Ο
805 818 960 852 doctr’mam
976 827 991 846 a

200 862 371 898 nequissimo
385 862 509 890 daemone
527 862 696 898 profectam!
718 863 860 892 Undenam
879 866 991 894 humani

201 908 311 944 generis
324 908 435 944 ingenia
448 908 593 943 pervertit,
609 913 637 936 et
650 909 683 936 ad
696 911 808 943 stolida,
823 911 991 947 minimeque

200 958 387 982 consentanea
404 962 419 981 a
436 954 522 982 verbo
535 955 660 983 veritatis
674 956 812 992 abripuit?
824 957 898 985 Nihil
917 958 991 985 enim

199 999 399 1035 propemodum
413 1000 448 1032 ei,
461 999 509 1035 qui
525 1004 617 1028 mente
633 1005 714 1037 atque
727 1001 873 1036 prudentia
891 1004 991 1039 praedi.

199 1050 246 1074 tus
257 1049 310 1076 est,
326 1045 470 1081 Scriptura
485 1046 528 1073 vel
541 1047 687 1082 exemplis,
703 1052 750 1074 aut
763 1048 818 1075 ulla
834 1055 864 1076 re
877 1049 941 1081 alia,
956 1049 991 1076 ad

199 1097 248 1118 eos
261 1089 428 1118 refellendos
446 1090 484 1117 uti
500 1097 615 1119 necesse
630 1094 683 1119 est.
701 1090 843 1127 Siquidem
857 1098 933 1121 recta
944 1101 991 1121 ra-

199 1136 238 1163 tio
256 1135 373 1164 stolidas
388 1136 500 1163 illorum
516 1136 624 1164 fabulas
638 1141 666 1167 et
680 1137 879 1165 adulteriorum
895 1146 927 1166 ac
943 1139 991 1166 fla-

198 1183 328 1218 gitiorum
343 1181 471 1210 libidines
488 1182 568 1210 facile
583 1191 632 1218 per
644 1191 674 1211 se
689 1184 749 1218 ipsa
763 1184 911 1220 dignoscit.
927 1185 991 1213 Haec

198 1228 282 1263 igitur
296 1232 379 1263 atque
392 1227 436 1256 his
445 1228 545 1256 similia
557 1230 705 1257 commenti
718 1230 852 1264 Gnostici,
866 1231 913 1266 qui
927 1239 989 1259 cum

197 1272 304 1301 Nicolai
321 1279 396 1302 secta
410 1274 551 1309 conjuncti
567 1279 631 1303 sunt
648 1283 663 1302 a
675 1276 792 1304 veritate
807 1277 988 1311 exciderunt;

198 1328 250 1348 nec
264 1328 360 1349 eorum
373 1321 518 1354 duntaxat,
532 1322 632 1357 quibus
648 1330 770 1350 errorem
783 1328 989 1358 persuaserunt,

197 1366 384 1403 depravarunt
411 1367 539 1402 ingenia;
565 1368 613 1396 sed
641 1373 668 1396 et
690 1369 798 1397 animos
819 1376 990 1405 corporaque

197 1408 300 1449 pariter
314 1413 456 1442 adulteriis
471 1421 503 1441 ac
520 1415 684 1449 promiscuae
698 1415 805 1443 libidini
820 1416 947 1444 servilem
960 1416 989 1443 in

196 1459 308 1487 modum
332 1459 518 1494 subiecerunt.
540 1460 648 1488 Etenim
664 1468 729 1489 suos
746 1462 822 1497 ipsos
837 1466 989 1490 conventus

197 1505 358 1540 multiplicis
376 1512 408 1532 ac
426 1506 577 1541 promiscui
597 1507 762 1535 concubitus
786 1508 908 1535 foeditate
926 1515 990 1536 con-

196 1551 350 1584 taminant;
374 1551 421 1578 ubi
437 1555 465 1578 et
485 1551 614 1579 humanis
638 1552 779 1585 carnibus,
808 1558 834 1581 et
857 1554 987 1588 turpissi-
1001 1568 1022 1597 ϐ

196 1596 250 1624 luis
266 1596 395 1623 sordibus
419 1600 579 1624 vescuntur.
610 1597 676 1630 Quae
689 1598 801 1626 omnino
819 1606 987 1627 commemo-

195 1649 259 1669 rare
283 1649 339 1669 non
365 1641 463 1676 audeo,
485 1643 539 1670 nisi
560 1650 604 1670 me
625 1643 716 1678 aliqua
743 1643 862 1673 fortasse
888 1652 987 1673 neces-

196 1686 265 1714 sitas
293 1687 432 1722 impulerit
455 1695 463 1716 :
492 1688 531 1715 ita
562 1695 606 1716 me
640 1689 724 1716 animi
753 1690 806 1717 mei
837 1690 987 1719 vehemens

197 1733 308 1769 quidam
326 1734 406 1761 dolor
418 1734 454 1762 ob
465 1741 496 1762 ea
513 1741 575 1770 qua:
593 1735 639 1762 isti
657 1743 799 1771 perperam
812 1741 911 1771 gerunt
925 1741 986 1765 stu-

195 1788 263 1817 pore
286 1781 406 1808 defixum
430 1780 557 1814 detinet,
589 1781 658 1809 illud
686 1789 853 1817 magnopere
881 1783 987 1810 miran—

195 1830 262 1859 tem,
279 1830 411 1862 quantam
428 1826 455 1853 in
473 1826 608 1853 malorum
625 1827 798 1861 gravitatem,
823 1834 856 1854 ac
872 1827 986 1863 profun-

196 1873 259 1901 dam
283 1872 442 1907 voraginem
465 1872 591 1900 diabolus
618 1873 680 1900 illos
697 1873 835 1905 immittat,
855 1873 913 1908 ιουὶ
931 1873 985 1901 sibi

195 1918 299 1946 fuerint
319 1917 461 1950 obsecuti;
478 1917 546 1945 adeo
562 1921 592 1944 ut
611 1925 708 1945 eorum
728 1921 835 1945 mentes
847 1923 875 1946 et
888 1918 983 1952 corda,

195 1971 312 1996 manus,
339 1971 406 1997 ora,
436 1971 609 1999 corporaque
639 1964 743 2000 pariter
769 1969 850 2000 atque
877 1965 984 1993 animos

193 2010 250 2046 85
263 2009 397 2045 inquinet,
406 2017 475 2045 quos
485 2009 513 2036 in
523 2010 606 2038 tantis
616 2010 739 2038 tenebris
754 2011 877 2039 irretitos
891 2015 985 2040 tenere

193 2056 326 2092 potuerit.
344 2055 397 2083 Sed
411 2055 479 2083 illud
495 2063 604 2088 vereor,
621 2063 655 2084 ne
676 2056 717 2084 sic
735 2060 819 2084 totam
839 2058 913 2084 illam
933 2066 983 2093 pe-

195 2103 380 2132 stilentissimi
410 2103 508 2131 veneni
535 2103 590 2130 vim
615 2105 695 2139 quasi
719 2104 806 2140 reguli
836 2105 983 2140 cujusdam

194 2149 292 2178 faciem
317 2149 454 2185 aperiens,
477 2149 515 2176 ita
542 2149 678 2185 detegam,
700 2154 730 2177 ut
753 2151 786 2178 ad
809 2158 905 2179 eorum
934 2151 982 2186 qui

193 2195 252 2223 tunc
267 2198 361 2223 nostra
377 2195 466 2230 legent
479 2194 627 2230 perniciem
653 2195 827 2230 potiusquam
843 2195 878 2223 ad
889 2203 983 2223 emen—

1079 405 1117 432 I".
1155 405 1307 440 Ὀρμῶνται
1332 405 1360 432 δὲ
1386 406 1440 433 ἀπὸ
1467 406 1566 441 μωρῶν
1597 405 1754 441 μαρτυριῶν
1788 407 1835 433 καὶ

1043 450 1180 477 ὀπτασιῶν
1199 452 1228 477 ἐν
1239 448 1262 485 ᾧ
1278 451 1437 487 Εὐαγγελίῳ
1452 451 1676 486 ἐπαγγέλλονται.
1698 452 1835 478 Φάσκουσι

1043 497 1098 533 γὰρ
1110 496 1206 529 οὕτως,
1224 497 1264 524 ὅτι
1281 498 1397 531 Ἔστην
1408 497 1457 524 ἐπὶ
1474 497 1560 531 ὄρους
1577 497 1710 531 ὑψηλοῦ.
1725 497 1774 523 καὶ
1794 495 1831 523 εἷς

1042 542 1098 569 δον
1112 543 1268 576 ἄνθρωπον
1288 543 1416 578 μακρὸν,
1439 544 1488 570 καὶ
1504 543 1602 570 ἄλλον
1617 543 1746 570 κολοϐόν
1756 551 1764 558 σ
1783 542 1833 569 καὶ

1046 588 1167 622 ἤκουσα
1185 589 1257 615 ὡσεὶ
1285 588 1392 624 φωνὴν
1410 589 1555 623 βροντῆς,
1579 589 1629 616 καὶ
1648 589 1760 624 ﬁmum:
1778 588 1833 615 τοῦ

1043 634 1184 666 ἀκοῦσαι,
1217 634 1267 661 καὶ
1295 635 1431 669 uernae
1455 635 1530 669 πρὸς
1560 635 1609 670 μὲ,
1639 636 1689 662 καὶ
1723 633 1828 663 εἶπεν·

1048 677 1123 713 Ἐγὼ
1137 679 1188 711 σὺ,
1214 680 1262 706 καὶ
1285 679 1326 706 σὺ
1354 680 1420 714 ἐγώ.
1445 681 1500 707 Καὶ
1525 680 1601 707 ὅπου
1621 681 1676 707 ἐὰν
1707 678 1755 716 ᾗς,
1775 679 1833 715 ἐγὼ

1041 724 1180 759 autem,
1205 725 1253 752 καὶ
1274 726 1309 752 ἐν
1332 726 1448 753 ἅπασίν
1473 727 1531 761 ειμι
1558 726 1755 761 ἐσπαρμένος.
1776 725 1833 752 Καὶ

1042 770 1112 797 ὅθεν·
1139 770 1194 797 ἐὰν
1225 771 1316 805 θέλῃς
1345 771 1506 807 συλλέγεις
1529 781 1586 807 με’
1621 773 1671 808 ἐμὲ
1693 773 1728 799 δὲ
1755 774 1833 800 avl-

1045 817 1152 851 λέγων,
1183 817 1293 844 ἑαυτὸν
1322 818 1493 853 συλλέγεις.
1524 819 1614 846 Καὶῶ
1638 820 1687 854 τῆς
1704 818 1750 846 τοῦ
1773 818 1833 844 δια-

1044 860 1121 887 ϐόλου
1146 861 1317 898 ὑποσπορᾶςῑ
1333 862 1418 889 Πόθεν
1439 863 1486 889 τὸν
1499 863 1562 890 νοῦν
1574 864 1701 899 ἐξέτρεψε
1714 864 1766 899 τῆς
1784 863 1833 890 ἁν-

1006 891 1027 919 B
1042 904 1056 931 Θ
1060 905 1225 942 ρωπότητος,
1237 891 1285 933 κᾶι
1295 891 1334 938 εἰς
1349 907 1428 942 μωρὰ
1435 907 1482 934 καὶ
1491 891 1833 944 ἀσύσταταιπεριὲσστασεν

1042 951 1095 979 ἀπὸ
1104 951 1151 978 τοῦ
1168 952 1247 986 λόγου
1278 953 1329 987 τῆς
1351 953 1497 989 ἀληθείας;
1516 955 1572 981 Οὐκ
1587 954 1644 981 ἐστι
1665 954 1720 990 γὰρ
1740 954 1832 989 σχεδὸν

1040 997 1079 1033 τῷ
1096 998 1157 1024 νοῦν
1168 998 1256 1033 ἔχοντι
1264 999 1343 1034 χρεία
1355 999 1409 1025 ἀπὸ
1421 999 1532 1035 Γραφῆς
1545 999 1561 1035 ἢ
1576 1000 1630 1026 ἀπὸ
1642 1000 1832 1036 παραδειγμά-

1040 1051 1104 1075 των,
1120 1043 1136 1078 ἢ
1153 1043 1246 1079 ἑτερου
1257 1043 1329 1075 τινὸς
1344 1044 1507 1080 πράγματος
1521 1044 1657 1071 ποιεῖσθαι
1668 1044 1770 1071 τούτων
1781 1044 1832 1079 τὴν

1041 1090 1208 1126 ἀνατροπὴν.
1221 1089 1266 1125 Τῷ
1275 1090 1330 1126 γὰρ
1343 1091 1415 1126 ὀρθῷ
1425 1090 1548 1127 λογισμῷ
1559 1090 1669 1126 εὖδηλος
1679 1090 1768 1117 αὐτῶν
1782 1091 1831 1117 καὶ

1041 1137 1153 1173 φωρατὴ
1169 1138 1186 1172 ἡ
1203 1138 1252 1173 τῆς
1268 1138 1436 1174 μωρολογίας
1461 1137 1676 1174 δραματουργία,
1700 1137 1746 1164 καὶ
1768 1145 1832 1172 μοι·

1039 1183 1096 1218 χῶν
1108 1183 1234 1219 ἐργασία.
1255 1184 1348 1211 Ταῦτά
1364 1193 1405 1210 τοι
1426 1184 1474 1211 καὶ
1492 1185 1527 1211 τὰ
1539 1184 1653 1211 τοιαῦτα
1667 1183 1831 1219 εἰσηγούμε-

1040 1237 1080 1256 νοι
1092 1229 1117 1255 οἱ
1133 1229 1205 1264 ἀμφὶ
1218 1229 1268 1265 τὴν
1288 1230 1388 1264 γνῶσιν
1410 1230 1619 1266 συνεζευγμένοι
1634 1232 1667 1267 τῇ
1680 1230 1727 1258 τοῦ
1749 1231 1832 1257 Νικο-

1039 1275 1104 1302 λάου
1120 1276 1235 1312 αἱρέσει,
1255 1278 1304 1312 τῆς
1320 1276 1448 1312 ἀληθείας
1466 1277 1688 1310 ὲκπεπτώκασιν,
1702 1277 1733 1304 οὺ
1751 1277 1832 1313 μόνον

1038 1323 1084 1349 τὸν
1098 1322 1159 1349 νοῦν
1173 1323 1228 1350 τῶν
1254 1323 1419 1350 πεισοέντων
1441 1325 1533 1356 αὐτοῖς
1554 1324 1744 1360 ὲκτρέψαντες,
1762 1323 1832 1351 ἀλλὰ

1039 1368 1087 1394 καὶ
1100 1369 1134 1396 τὰ
1150 1368 1262 1404 σώματα
1277 1369 1323 1396 καὶ
1340 1369 1390 1401 τὰς
1405 1369 1494 1405 ψυχὰς
1516 1369 1699 1401 δουλώσαντες
1716 1369 1830 1405 πορνείᾳ

1039 1413 1087 1439 καὶ
1109 1412 1266 1448 πολυμιξίᾳ.
1295 1413 1385 1449 Αὐτὴν
1402 1413 1456 1450 γὰρ
1475 1414 1524 1450 τὴν
1551 1414 1662 1446 σύναξιν
1681 1414 1772 1441 αὐτῶν
1799 1415 1830 1440 ὲν

1038 1458 1199 1494 αἰσχρότητι
1228 1459 1391 1494 πολυμιξίας
1415 1459 1556 1495 φύρουσιν,
1587 1459 1711 1491 ἔσθοντες
1731 1468 1761 1486 τε
1782 1460 1830 1485 καὶ

1038 1504 1256 1540 παραπτόμενοι,
1276 1504 1324 1532 καὶ
1357 1505 1536 1540 ἀνθρωπίνων
1561 1506 1670 1541 σαρκῶν
1696 1506 1742 1533 καὶ
1758 1506 1829 1532 ἁχα-

1039 1550 1173 1588 θαρσιῶν·
1193 1551 1232 1583 ὡς
1249 1551 1311 1578 οὔτε
1326 1552 1455 1588 τολμήσω
1477 1552 1507 1579 τὸ
1522 1553 1575 1579 πᾶν
1599 1553 1726 1585 ἐξειπεῖν,
1740 1553 1766 1579 εί
1791 1553 1829 1588 μή

1037 1605 1064 1623 τι
1077 1596 1278 1632 ἀναγκασθείην
1295 1597 1339 1624 διὰ
1356 1597 1407 1633 τὴν
1421 1597 1574 1634 ὑπερϐολὴν
1596 1598 1646 1632 τῆς
1661 1599 1690 1625 δν
1700 1599 1762 1633 ἐμοὶ
1781 1599 1830 1625 ἀλ-

1037 1641 1139 1677 γούσης
1151 1641 1269 1673 διανοίας
1297 1643 1361 1677 περὶ
1380 1642 1435 1668 τῶν
1451 1642 1575 1678 ματαίως
1590 1643 1636 1669 ὑπ’
1651 1642 1740 1669 αὐτῶν
1754 1651 1829 1676 γινο-

1038 1687 1127 1722 μένων
1140 1687 1368 1723 ἐκπληττόμενος,
1383 1689 1422 1720 είς
1442 1686 1496 1715 οἷον
1511 1688 1593 1723 ὄγκον
1608 1688 1655 1715 καὶ
1671 1688 1762 1715 κακῶν
1778 1689 1830 1723 βυ*

1037 1730 1082 1756 οὸν
1111 1730 1126 1757 ὁ
1146 1731 1243 1766 ἐχθρὸς
1265 1731 1319 1758 τῶν
1347 1731 1500 1768 ἀνθρώπων
1529 1733 1650 1764 διάὸολος
1680 1732 1741 1768 ἄγει
1763 1734 1829 1766 τοὺς

1035 1775 1111 1811 αὐτῷ
1125 1776 1303 1812 πειθομένους
1317 1786 1325 1793 ο
1342 1777 1413 1804 ὥστε
1438 1779 1533 1814 μιᾶναι
1548 1778 1596 1805 καὶ
1609 1779 1682 1812 νοῦν,
1695 1779 1743 1806 καὶ
1756 1788 1827 1815 καρ-

1035 1821 1105 1853 δίαν,
1119 1822 1166 1849 καὶ
1173 1824 1277 1859 χεῖρας,
1291 1823 1337 1850 καὶ
1345 1824 1476 1858 στόματα,
1487 1824 1534 1850 καὶ
1545 1823 1667 1859 σώματα,
1680 1825 1727 1851 καὶ
1737 1825 1828 1860 ψυχὰς

1034 1868 1137 1895 τούτων
1153 1868 1207 1895 τῶν
1224 1868 1270 1895 ὑπ’
1285 1869 1366 1896 αὐτοῦ
1390 1870 1420 1896 ὲν
1440 1871 1474 1905 τῇ
1489 1870 1608 1906 τοσαύτῃ
1625 1869 1755 1897 σκοτώσει
1773 1879 1829 1897 πα,-

1034 1913 1222 1947 γιδευθέντων.
1237 1914 1316 1940 Δέδια
1329 1913 1357 1940 δὲ
1379 1915 1415 1950 μή
1438 1923 1477 1950 πη
1492 1915 1547 1950 ἄρα
1561 1915 1607 1941 τὸν
1629 1916 1716 1950 μέγαν
1732 1915 1827 1942 τοῦτον

1033 1959 1093 1986 ὅλον
1126 1960 1164 1986 ῑὺν
1190 1960 1418 1996 ἀποκαλύψαιμι,
1446 1960 1540 1996 ὥσπερ
1568 1961 1724 1997 βασιλίσκω
1752 1963 1827 1991 τινὸς

1033 2003 1121 2039 hapso);
1132 2004 1163 2031 τὸ
1175 2005 1318 2041 πρόσωπον
1329 2026 1336 2038 ,
1353 2006 1393 2037 είς
1407 2004 1496 2041 λύμην
1510 2005 1609 2041 μᾶλλον
1622 2006 1676 2033 τῶν
1690 2006 1825 2042 ἐντυγχα-

1033 2050 1132 2076 νόντων
1145 2051 1217 2086 ἥπερ
1230 2051 1271 2082 εἰς
1285 2050 1427 2086 διόρθωσιν
1438 2059 1445 2067 ⁸
1459 2052 1564 2087 χραίνει
1579 2052 1628 2087 μὲν
1647 2052 1700 2089 γὰρ
1712 2053 1748 2079 τὰ
1766 2050 1826 2080 ὦτα

1032 2096 1169 2132 ἁληθῶςὴ
1189 2097 1240 2133 τῆς
1265 2097 1385 2133 μεγάλης
1403 2097 1505 2134 τόλμης
1529 2097 1687 2134 βλάσφημος
1699 2106 1824 2134 συναγω-

1032 2142 1082 2178 γὴ,
1100 2144 1148 2170 καὶ
1162 2144 1212 2179 τῆς
1224 2144 1400 2180 αἰσχρότητας
1413 2144 1484 2180 αὕτη
1498 2144 1613 2180 συλλογή
1625 2153 1655 2171 τε
1668 2145 1715 2172 καὶ
1728 2145 1826 2181 διήγη-

1033 2197 1075 2221 σις
1086 2210 1095 2221 ,
1107 2190 1154 2216 καὶ
1168 2191 1184 2225 ἡ
1197 2190 1247 2224 τῆς
1259 2190 1430 2225 ἀγυρτώδους
1446 2191 1640 2226 αἰσχρουργίας
1652 2191 1824 2228 βορϐορώδης

193 2241 333 2269 dationem
347 2240 492 2269 redundet.
511 2240 652 2276 Siquidem
672 2241 713 2269 vel
733 2249 814 2269 aures
831 2242 906 2276 ipsas
922 2241 980 2277 pol-

1037 2235 1171 2263 κακόνοια.
1186 2236 1266 2272 Παρά
1282 2245 1338 2263 τισι
1360 2236 1388 2263 δὲ
1411 2237 1489 2271 φύσει
1509 2237 1684 2273 Βορὸοριανοὶ
1703 2237 1758 2273 (73)
1773 2246 1824 2264 κα-

192 2289 245 2317 luit
256 2292 313 2315 tam
328 2288 442 2316 inﬁnita
463 2288 586 2316 audaciae
605 2289 633 2315 in
649 2288 772 2315 divinum
788 2295 889 2315 numen
913 2295 981 2315 con-

193 2335 340 2363 tumeliosa
355 2335 459 2366 series:
478 2341 510 2362 ac
527 2335 570 2362 vel
586 2335 644 2362 sola
660 2333 784 2360 narratio
800 2333 980 2369 turpitudinis

193 2382 293 2417 ipsius,
306 2385 334 2408 et
345 2381 546 2409 sordidissimas
556 2380 688 2408 fmditatis
702 2387 734 2407 ac
749 2380 889 2407 lutulentae
903 2379 981 2415 flagi-

192 2428 262 2455 tiosa
276 2427 358 2454 ratio.
375 2426 447 2455 Hinc
466 2430 509 2455 cst
525 2425 599 2462 quod
615 2434 630 2453 a
648 2425 789 2453 nonnullis
804 2426 874 2454 scite
889 2425 981 2452 admo-

191 2473 256 2501 dum
273 2473 444 2506 Borboriani,
465 2472 518 2500 hoc
538 2475 581 2501 est
601 2472 699 2499 cmnosi
715 2471 906 2505 nominantur;
925 2471 972 2498 alii

190 2518 348 2547 Coddianos
366 2521 474 2546 vocant.
499 2517 547 2546 Est
564 2518 636 2545 enim
657 2517 744 2544 codda
769 2517 840 2544 idem
863 2516 978 2552 Syriaco

189 2565 263 2600 quod
287 2563 420 2599 paropsis,
443 2567 492 2591 aut
517 2564 622 2591 calinus
641 2571 651 2590 :
670 2571 722 2599 pro
741 2570 775 2591 eo
796 2562 870 2598 quod
896 2570 978 2590 nemo

189 2610 331 2638 communi
345 2617 407 2636 cum
421 2610 474 2638 illis
490 2610 529 2637 uti
550 2610 611 2638 cibo
628 2609 734 2644 possit;
755 2608 803 2636 sed
829 2608 978 2644 separatim

189 2655 385 2684 contaminatis
403 2655 458 2683 illis
473 2656 575 2691 apponi
591 2655 679 2683 soleat
697 2664 703 2682 :
719 2662 811 2690 neque
827 2655 976 2690 quisquam

189 2703 226 2732 ob
238 2710 334 2731 eorum
353 2702 513 2738 spurciticm
526 2702 569 2729 vel
582 2708 653 2734 pane
665 2708 729 2729 cum
743 2701 799 2729 illis
811 2700 888 2729 vesci
899 2707 977 2728 com-

225 2779 382 2816 (75)7Hapd
396 2786 457 2806 τισι
472 2778 506 2816 δὲ
519 2779 615 2816 φύρει-
625 2779 827 2814 Βορϐοριανοί.
846 2778 974 2816 Theodo-

190 2813 460 2847 ret'us'Barlieliotas,
481 2814 539 2842 sive
555 2813 739 2847 Borborianos
755 2819 846 2842 certos
863 2814 975 2841 hereti-

190 2858 238 2878 cos
248 2851 394 2885 separatim
409 2844 553 2883 memorat,
570 2856 639 2885 quos
656 2853 683 2877 et
695 2844 841 2881 Naasinos,
855 2853 883 2885 et
898 2849 974 2876 Stra-

190 2883 310 2918 gioticos,
327 2890 355 2914 et
368 2884 539 2914 Phibionitas
552 2883 680 2921 appellat,
699 2891 761 2919 quae
777 2888 841 2912 sunt
857 2883 971 2913 Gnosti-

1035 2280 1142 2307 λοῦνται
1152 2289 1158 2296 δ
1174 2281 1263 2317 ἕτεροι
1280 2281 1308 2308 δὲ
1323 2282 1484 2314 Κοδδιανοὺς
1501 2283 1600 2315 αὐτοὺς
1613 2283 1821 2318 ὲπιφημίζουσι.

1033 2326 1121 2354 Κοδδὰ
1129 2327 1183 2363 γὰρ
1193 2327 1300 2362 λέγεται
1314 2328 1384 2355 κατὰ
1393 2329 1442 2364 τὴν
1451 2329 1587 2364 Συριακὴν
1599 2329 1738 2355 διάλεκτον
1750 2337 1823 2364 παρ-

1032 2373 1155 2409 οψὶς-,ἢ
1185 2374 1345 2407 τρυϐλίον,
1375 2374 1429 2401 ἀπὸ
1451 2374 1497 2401 τοῦ
1527 2375 1564 2410 μὴ
1589 2374 1718 2402 δύνασθαί
1745 2384 1823 2408 τινας

1034 2419 1091 2453 μετ’
1109 2418 1198 2446 αὐτῶν
1212 2419 1326 2446 ἐσθίειν·
1341 2421 1400 2447 κατ’
1415 2420 1483 2447 ίδίαν
1495 2421 1523 2447 δὲ
1543 2422 1601 2452 τοῖς
1621 2421 1822 2457 μεμιαμμένοις

1031 2464 1147 2491 δίδοσθαι
1158 2464 1193 2491 τὰ
1211 2465 1352 2502 βρώματα,
1366 2466 1413 2492 καὶ¹
1429 2467 1466 2501 μή
1483 2475 1544 2493 τινα
1560 2466 1689 2493 δύνασθαι
1706 2467 1755 2493 σὺν
1771 2467 1822 2493 αὐ-

1031 2514 1086 2544 τοῖς
1102 2512 1145 2539 διὰ
1162 2513 1208 2540 τὸν
1224 2513 1360 2549 μολυσμὸν
1376 2513 1428 2540 κᾶν
1444 2513 1525 2550 ἄρτον
1543 2513 1700 2540 συνεσθίειν.
1716 2513 1765 2540 Διά
1777 2522 1821 2540 τοι

1031 2558 1109 2585 τοῦτο
1131 2560 1339 2595 ἀφωρισμένως
1353 2560 1465 2592 τούτους
1489 2560 1635 2596 ἡγούμενοι
1654 2560 1679 2586 οἱ
1696 2559 1820 2595 συμμέτ-

1029 2613 1098 2631 οικοι
1121 2605 1282 2637 Κοδδιανοὺς
1306 2605 1493 2641 ἐπωνόμασαν.
1511 2606 1543 2632 Οἱ
1567 2605 1643 2632 αὐτοὶ
1660 2604 1689 2631 δὲ.
1712 2606 1742 2631 ἐν
1771 2606 1820 2632 Ai-

1029 2651 1125 2687 γύπτῳ
1147 2652 1341 2688 Στρατιωτικοὶ
1362 2652 1506 2680 καλοῦνται
1522 2652 1569 2678 καὶ
1587 2651 1761 2683 Φιδιωνῖται,
1780 2652 1820 2684 ὡς

1028 2698 1084 2725 ἄνω
1093 2706 1138 2733 μοι
1149 2698 1177 2724 ἐν
1187 2698 1265 2734 μέρει
1277 2697 1411 2725 λέλεκται.
1425 2697 1503 2729 Τινὲς
1516 2697 1545 2724 δὲ
1559 2697 1657 2728 αὐτοὺς
1667 2697 1819 2732 Ζακχαίους

1028 2784 1123 2804 corum
1143 2777 1285 2804 vocabula.
1310 2776 1388 2810 Quod
1417 2776 1451 2804 ad
1478 2783 1572 2804 vocem
1599 2776 1697 2803 attinet
1719 2775 1816 2808 κοδδά,

1027 2816 1124 2840 notant
1144 2817 1238 2857 mvpn
1257 2819 1318 2840 esse
1339 2812 1493 2843 scutellam.
1515 2812 1557 2839 vel
1572 2815 1707 2839 craterem
1729 2815 1817 2838 tests-

1027 2866 1115 2888 ceum.
1129 2857 1199 2895 [Vox
1211 2862 1301 2888 autem
1312 2862 1356 2887 est
1368 2858 1527 2887 Chaldaica.
1540 2857 1635 2895 Eam]
