1944 3037
123 161 175 189 337

425 158 610 187 ADVERSUS
627 158 798 186 HERESES
810 158 874 186 LIB.
893 159 913 187 1.
934 158 1017 187 ΤΟΜ.
1037 159 1070 185 ll.
1089 174 1125 181 —
1141 157 1277 186 "IERES.
1299 159 1393 187 XXVI.

1691 159 1745 187 338

125 216 263 247 καλοῦσιν,
290 215 364 243 ἄλλοι
387 215 416 242 δὲ
438 215 619 252 Βαρὸηλίτας.
644 215 739 251 Ὅμως
764 216 826 242 ἐπεὶ
852 215 912 242 οὐδὲ

971 215 1084 243 muniter
1099 219 1192 249 queat.
1212 214 1299 248 Quam
1314 215 1349 244 ob
1361 223 1474 244 causam
1487 216 1535 251 qui
1549 223 1612 244 cum
1624 216 1680 244 illis
1693 216 1745 243 ha-

125 262 269 295 παρελθεῖν
295 262 442 297 δυνήσομαι
469 262 536 294 ὅλα,
568 261 759 296 ἀναγκάζομαι
783 260 911 293 ἐξειπεῖν.

131 309 241 344 Ἐπειδὴ
262 308 309 335 καὶ
329 309 343 335 ὁ
360 309 437 342 ἅγιος
453 307 573 343 Μωῠσῆς
590 307 644 334 ἀπὸ
660 307 817 343 Πνεύματος
833 307 912 342 ἀγίου

125 352 327 389 ἐμφορούμενος
343 352 442 389 γράφει
451 371 459 384 ,
472 352 513 379 ’ὅτι
523 372 531 384 ,
556 353 617 379 Ἐὰν
630 361 672 384 τις
691 352 734 388 ἴδῃ
751 351 830 386 φόνον
843 372 851 385 ,
865 352 913 378 καὶ

125 399 163 434 μὴ
183 398 330 433 ἀναγγείλῃ
340 418 348 430 ,
369 397 570 432 ὲπικατάρατος
583 397 597 423 ὁ
610 396 730 428 τοιοῦτος
742 396 795 432 εἴη.
813 396 912 433 Διόπερ

123 443 154 469 οὐ
170 442 285 478 δύναμαι
306 443 402 470 τοῦτον
413 443 458 469 τὸν
473 442 558 478 μέγαν
574 442 669 477 φόνον,
693 443 741 470 καὶ
759 443 809 478 τὴν
827 443 912 478 μεγά-

123 489 173 522 λην
188 489 289 525 ταύτην
301 488 404 525 φονώδη
419 489 551 525 ἐργασίαν
564 489 719 525 παρελθεῖν,
733 489 781 516 καὶ
792 489 852 524 οὐχ).
863 489 911 524 δη-

123 534 177 561 λῶν
198 534 328 570 δηλῶσαι.
350 534 479 570 Δηλώσας
501 534 555 571 γὰρ
576 535 646 570 τάχα
665 536 721 566 τοῖς
740 537 859 567 συνετοῖς
881 535 912 561 τὸ

125 581 225 617 πτῶμα
242 581 338 615 τοῦτο,
357 581 451 617 ὥσπερ
471 582 502 608 τὸ
525 581 613 617 φρέαρ
632 581 682 616 τῆς
697 581 850 612 ἀπωλείας,
864 581 912 615 φά·

125 628 172 654 60v
184 627 231 654 καὶ
245 627 336 664 φρίξιν
351 628 503 662 ἐμποιήσω,
520 628 560 658 εἰς
572 627 602 653 τὸ
618 627 655 662 μὴ
671 627 751 662 μόνον
761 626 912 662 ἀποδρᾶναι

124 674 188 705 τοὺς
202 673 339 705 συνετοὺς,
358 673 426 700 ἀλλά
442 673 489 700 καὶ
505 672 684 699 καταλιθάσαι
699 672 744 699 τὸν
759 673 788 699 ὲν
807 672 845 707 τῷ
865 672 912 707 βα-

127 718 218 754 ράθρῳ
234 718 328 746 τοῦτον
352 718 458 745 σκολιὸν
481 717 542 752 ὅφιν
561 718 608 744 καὶ
625 717 796 752 βασιλίσκον,
820 718 861 749 είς
881 717 917 744 σὺ·

126 762 194 798 μηδὲ
220 762 368 798 πλησιάσαι
386 762 449 788 τινὰ
472 761 584 796 τολμᾷν.
608 761 662 788 Καὶ
682 760 769 788 ταῦτα
795 761 843 796 μὲν
860 761 911 796 ήδη

125 808 190 844 περὶ
203 808 292 836 αὐτῶν
307 808 450 844 εἰρημένα,
469 807 546 842 ὀλίγα
560 806 622 834 τινὰ
639 807 714 840 ὄντα,
727 807 756 833 ὲν
777 806 854 842 μέρει
868 815 913 833 τε·

124 854 227 889 τάχθω.

963 261 1063 294 bitant,
1094 261 1170 288 velut
1196 268 1212 288 a
1244 261 1385 288 communi
1413 262 1553 289 consortio
1584 264 1745 297 segregatos

963 313 1100 343 putantes.
1116 307 1272 337 Coddianos
1291 309 1473 344 appellarunt.
1498 308 1580 336 iidem
1598 316 1681 343 porro
1695 307 1745 334 Mi-

963 354 1057 382 litares
1071 354 1100 381 in
1113 353 1243 390 Egypto,
1254 361 1286 382 ac
1297 353 1458 382 Phibionitaa
1471 358 1536 382 sunt
1548 354 1626 385 dicti,
1642 353 1676 380 de
1691 360 1744 388 qua

962 408 994 428 re
1018 400 1144 428 nonnihil
1167 404 1248 428 antea
1270 399 1497 435 significavimus.
1522 399 1592 427 Sunt
1613 399 1660 434 qui
1677 398 1744 425 Zac-

962 445 1053 474 chreos
1066 449 1175 477 vocent.
1190 445 1238 473 alii
1253 445 1415 474 Barbelitas.
1431 445 1578 475 Enimvero
1594 451 1657 472 cum
1681 444 1744 472 uni-

962 497 1040 517 versa
1056 490 1264 523 praetermittere
1285 498 1429 526 nequeam,
1443 491 1574 518 nonnulla
1587 496 1744 518 necessario

965 535 999 564 de
1013 536 1067 564 illis
1081 536 1239 571 attingenda
1262 540 1337 564 sunt.
1355 535 1424 564 Nam
1448 541 1476 563 et
1499 539 1613 564 sanctus
1636 534 1744 570 Moyses

964 581 1049 609 divini
1062 581 1180 617 Spiritus
1197 582 1288 610 aillatu
1303 582 1431 617 scripsit:
1445 581 1473 609 Si
1488 582 1551 616 quis
1567 580 1743 616 parricidium

962 626 1073 659 viderit,
1087 634 1138 655 nec
1151 626 1366 659 denuntiaverit,
1376 627 1555 655 exsecrabilis
1570 629 1639 654 esto.
1653 625 1744 658 Quare

961 679 1017 699 non
1039 680 1151 707 possum
1181 672 1319 708 ingentem
1347 673 1421 699 illam
1444 672 1545 699 caedem
1571 679 1604 699 ac
1626 669 1743 706 parrici-

961 716 1033 744 diale
1049 717 1157 745 facinus
1172 717 1394 752 praetermittere:
1410 725 1466 744 non
1480 724 1606 752 possum,
1619 716 1742 751 inquam,

961 761 1030 788 illud
1040 769 1095 789 non
1105 762 1218 789 omnino
1233 761 1370 797 detegere.
1388 760 1528 789 Fortassis
1542 761 1614 788 enim
1632 760 1656 789 si
1675 767 1745 795 pra;-

962 806 1073 841 cipitem
1094 806 1166 834 hanc
1187 807 1306 839 ruinam,
1334 806 1410 834 velut
1431 805 1508 833 exitii
1535 809 1658 840 puteum,
1679 812 1745 840 pru-

962 852 1091 879 dentibus
1106 851 1264 884 ostendero,
1278 856 1379 879 metum
1402 851 1437 879 iis
1462 859 1494 878 ac
1511 854 1644 879 terrorem
1667 851 1745 877 incu-

126 900 204 933 tiam,
220 903 318 928 utnon
334 898 414 927 modo
445 898 549 932 fugiant
565 897 629 932 ipsi,
647 897 695 925 sed
712 902 740 925 et
759 901 914 925 tortuosum
934 897 1011 924 illum
1028 898 1057 925 in
1075 905 1106 925 ea
1123 898 1253 933 voragine
1265 901 1420 932 serpentem
1451 905 1484 925 ac
1503 897 1662 925 basiliscum
1681 895 1746 931 lapi-

125 945 207 973 dibus
223 946 350 977 obruant.
376 949 407 972 ut
429 945 521 972 nullus
540 945 670 978 deinceps
693 943 794 971 audeat
815 943 955 970 accedere.
978 944 1068 979 Atque
1092 944 1150 971 haec
1165 944 1199 972 de
1223 943 1278 971 illis
1308 944 1441 971 hactenus
1467 942 1540 970 dicta
1561 947 1653 974 sunto,
1674 948 1745 977 pau-

126 999 158 1018 ca
174 991 208 1018 de
227 991 332 1023 multis,
348 994 429 1025 atque
444 998 476 1018 ex
501 993 578 1024 parte
599 988 771 1016 solummodo
785 987 915 1015 delibata.

162 1037 197 1063 A’.
219 1034 423 1071 Παρελεύσομαι
440 1034 467 1060 δὲ
482 1034 522 1065 είς
540 1033 586 1059 τὸν
606 1031 681 1060 οἶκον
696 1032 743 1059 τοῦ
761 1031 842 1067 βυθοῦ
860 1032 910 1066 τῆς

994 1038 1039 1066 ιν.
1059 1038 1136 1067 Nunc
1161 1040 1195 1067 ad
1215 1040 1352 1075 pestiferae
1373 1040 1483 1067 illorum
1506 1039 1642 1067 doctrina;
1667 1037 1743 1066 velut

127 1081 296 1112 θανατώδους
320 1080 409 1108 αὐτῶν
430 1080 592 1115 διηγήσεως.
617 1078 749 1114 Διάφορος
773 1077 826 1113 γάρ
847 1078 911 1113 παρ’

128 1127 218 1158 αὐτοῖς
245 1127 262 1161 ἡ
286 1125 337 1161 τῆς
360 1125 455 1161 ἡδονῆς
479 1124 569 1151 αὐτῶν
592 1122 832 1151 κακοδιδασκαλία.
853 1123 913 1150 Ὀτι

127 1173 235 1209 πρῶτον
251 1173 300 1208 μὲν
314 1172 406 1204 κοινὰς
420 1171 470 1203 τὰς
487 1169 590 1198 ἑαυτῶν
603 1171 733 1205 γυναῖκας
748 1169 848 1205 ἔχουσι.
859 1169 914 1195 Καὶ

129 1217 156 1244 εἰ
178 1226 221 1249 τις
238 1216 312 1249 ξένος
327 1216 506 1252 παραγένοιτο
520 1214 566 1242 τοῦ
588 1214 677 1241 αὐτῶν
698 1214 847 1249 δόγματος,
866 1221 915 1249 ση-

131 1262 205 1298 μεῖόν
219 1262 276 1288 ἑστι
301 1262 364 1297 παρ’
378 1261 470 1293 αὐτοῖς
494 1261 598 1296 ἀνδρῶν
619 1259 688 1295 πρὸς
708 1261 853 1294 γυναῖκας,
868 1259 915 1286 καὶ

129 1307 265 1341 γυναικῶν
282 1307 348 1342 πρὸς
364 1306 476 1342 ἄνδρας·
499 1307 527 1333 ὲν
554 1305 593 1341 τῷ
616 1305 746 1332 ἐκτείνειν
766 1304 816 1340 τὴν
838 1305 916 1339 χεῖρα

130 1353 211 1388 δῆθεν
230 1354 270 1384 είς
285 1353 427 1387 ἀσπασμὸν
443 1351 617 1380 ὑποκάτωθεν
633 1351 683 1386 τῆς
703 1350 846 1385 παλάμης,
863 1350 916 1385 ψη-

131 1397 246 1433 λάφησίν
260 1406 320 1424 τινα
335 1397 523 1432 γαργαλισμοῦ
540 1397 673 1432 ἐμποιεῖν,
687 1395 731 1422 διὰ
745 1395 839 1422 τούτου
856 1395 918 1422 ὑπο-

132 1444 280 1479 φαίνοντες,
299 1444 337 1476 ὼς
346 1444 395 1478 τῆς
409 1443 497 1470 αὐτῶν
512 1442 659 1478 θρησκείας
673 1442 747 1469 ἐστὶν
765 1443 779 1469 ὁ
796 1450 918 1477 παραγε-

132 1490 252 1525 νόμενος.
274 1489 411 1517 Ἐντεῦθεν
426 1489 518 1516 λοιπὸν
532 1488 688 1523 ἐπιγνόντες
703 1488 844 1524 ἀλλήλους]
857 1487 919 1523 τρέ-

134 1543 228 1561 πονται
253 1534 335 1566 εὐθὺς
357 1535 396 1565 είς
413 1533 544 1560 ἑστίασιν.
569 1532 671 1568 Δαψιλῆ
687 1532 715 1558 δὲ
733 1532 767 1559 τά
785 1532 920 1568 ἐδέσματα

133 1580 307 1615 κρεωφαγίας
325 1579 372 1607 καὶ
388 1579 542 1610 οίνοποσίας
557 1577 753 1614 παρατιθέασι,
770 1577 822 1604 κᾶν
838 1577 921 1612 πένη-

133 1635 180 1658 τες
203 1624 266 1653 εἶεν.
298 1626 346 1652 Ἐκ
364 1625 458 1652 τούτου
486 1624 514 1651 δὲ
537 1624 792 1659 συμποσιάσαντες,
813 1623 860 1650 καὶ
884 1623 921 1654 ὡς

135 1673 200 1705 ἔπος
214 1673 312 1702 εἰπεῖν,
324 1672 374 1704 τὰς
389 1671 488 1706 φλέϐας
501 1670 548 1697 τοῦ
563 1670 644 1706 κόρου
657 1670 845 1705 ἐμπλήσαντες
858 1669 922 1696 ἑαυ-

134 1718 189 1744 τῶν
201 1737 210 1750 ,
232 1719 272 1749 εἰς
287 1715 393 1753 οἶστρον
414 1716 569 1751 τρέπονται.
596 1715 651 1741 Καὶ
668 1715 682 1742 ὁ
708 1714 756 1750 μὲν
774 1714 858 1749 ἀνὴρ,
872 1713 923 1748 τῆς
936 1717 957 1746 c

136 1763 264 1799 γυναικὸς
279 1763 474 1798 ὑποχωρήσας,
488 1762 586 1796 φάσκει
602 1760 689 1795 λέγων
703 1761 736 1796 τῇ
759 1759 854 1786 ἑαυτοῦ
873 1767 922 1793 γυ-

137 1810 220 1841 ναικὶ,
236 1808 410 1839 ’ὁτιἈνάστα,
422 1807 519 1841 λέγων,
535 1806 646 1841 ποίησον
663 1805 713 1841 τὴν
727 1805 837 1840 ἀγάπην
853 1804 923 1840 μετά

137 1855 185 1882 τοῦ
206 1854 320 1889 ἀδελφοῦ
331 1863 337 1869 ·
352 1854 377 1880 οἱ
395 1853 423 1879 δὲ
444 1853 557 1884 τάλανες
572 1852 697 1888 μιγέντες
713 1851 852 1887 ἀλλήλους.
868 1851 923 1877 Καὶ

138 1901 176 1933 ὡς
188 1901 234 1928 ἐπὶ
248 1899 376 1936 ἀληθείας
391 1898 552 1934 αἰσχύνομαι
566 1899 652 1924 εἰπεῖν
663 1898 698 1924 τά
713 1897 789 1933 παρά
804 1898 860 1929 τοῖς
877 1897 925 1924 αὐ-

138 1948 194 1978 τοῖς
204 1945 304 1981 αἰσχρά
316 1944 490 1981 πραττόμενα
506 1943 578 1970 κατὰ
593 1943 639 1970 τὸν
658 1943 734 1978 ἅγιον
755 1943 924 1975 Ἀπόστολον,

140 1992 205 2019 Ὅτι
232 1991 268 2018 τὰ
285 1992 352 2024 παρ’
374 1989 477 2023 αὐτοῖς
500 1991 640 2024 γινόμενα
654 1989 782 2024 υὶσχρόν
795 1988 862 2015 ἐστι
876 1987 926 2014 καί

140 2037 250 2072 λέγειν.
268 2037 363 2071 Ὅμως
379 2035 429 2062 οὐκ
447 2035 583 2070 αἰσχυνθῶ
599 2034 698 2068 λέγειν,
719 2033 736 2060 ἃ
750 2033 826 2060 αὐτοὶ
841 2033 926 2059 ποιεῖν

140 2082 191 2109 οὐκ
203 2081 374 2117 αἰσχύνονται
387 2100 394 2112 ,
408 2081 452 2106 ἴνα
471 2079 541 2106 κατὰ
561 2079 649 2105 πάντα
663 2078 762 2113 τρόπον
776 2076 866 2112 φρίξιν
879 2077 926 2113 ὲρ-

141 2128 271 2162 γάσωμαι
295 2127 350 2158 τοῖς
378 2125 505 2153 ἀκούουσι
533 2124 568 2150 τὰ
594 2124 657 2159 παρ’
689 2121 778 2149 αὐτῶν
795 2121 927 2157 γενόμενα

141 2173 395 2208 αἰσχρουργήματα.
414 2171 490 2198 Μετὰ
513 2170 566 2206 γὰρ
588 2170 618 2196 τὸ
634 2169 747 2205 μιγῆναι
763 2167 844 2195 πάθει
862 2175 928 2202 πορ-

142 2219 215 2250 νείας
231 2239 239 2252 ,
269 2217 491 2254 προσεπιτούτοις
529 2215 713 2246 ἀνατείνοντες
741 2214 790 2250 τὴν
824 2213 928 2240 ἑαυτῶν

145 2265 316 2300 βλασφημίαν
333 2265 372 2296 είς
387 2263 511 2299 οὐρανὸν,
528 2263 635 2297 δέχεται
651 2261 700 2296 μὲν
712 2260 743 2287 τδ
757 2259 866 2294 γύναιον
881 2259 927 2286 καὶ

144 2311 158 2337 ὸ
169 2311 238 2346 ἀνὴρ
252 2310 300 2346 τὴν
316 2310 392 2346 ῥύσιν
405 2310 453 2344 τὴν
470 2308 524 2336 ὰπὸ
538 2308 585 2334 τοῦ
600 2308 713 2343 ἄρρενος
735 2307 774 2338 εἰς
790 2306 857 2337 ἰδίας
880 2305 929 2332 αὺ-

144 2357 198 2383 τῶν
217 2358 310 2392 χεῖρας
320 2377 327 2388 ,
345 2355 392 2383 καὶ
405 2355 525 2382 ἵστανται
539 2355 578 2385 εἰς
594 2352 709 2389 οὐρανὸν
721 2351 927 2382 άνανεύσαντες,

144 2401 191 2428 ἐπὶ
206 2403 300 2437 χεῖρας
315 2401 343 2427 δὲ
356 2400 462 2435 ἔχοντες
475 2399 525 2435 τὴν
540 2397 710 2434 ἀκαθαρσίαν
721 2405 728 2412 ·
743 2396 789 2423 καὶ
807 2395 929 2431 εὔχονται

145 2447 225 2483 δῆθεν
243 2447 268 2473 οἰ
287 2447 335 2481 μὲν
361 2444 554 2482 Στρατιωτικοὶ
573 2443 733 2478 καλούμενοι
752 2442 799 2468 καὶ
814 2441 930 2467 Γνωστι-

146 2493 189 2520 uol.
199 2492 239 2528 τῷ
251 2492 344 2528 πατρὶ,
359 2492 435 2526 φασὶ,
451 2491 505 2517 τῶν
515 2491 593 2521 ὅλων,
607 2488 805 2525 προσφέροντες
820 2487 885 2514 αὐτὸ
899 2486 930 2513 τὸ

146 2539 192 2566 ἐπὶ
221 2540 280 2570 ταῖς
305 2539 403 2573 χερσὶ,
423 2537 470 2564 καὶ
499 2536 622 2570 λέγουσιν
642 2543 649 2550 ·
676 2533 861 2568 ’Δναφέρομέν
890 2540 931 2558 σοι

146 2583 226 2611 τοῦτο
241 2584 326 2620 δῶρον
343 2583 372 2609 τὸ
387 2583 466 2617 σῶμα
485 2581 530 2608 τοῦ
544 2579 675 2617 Χριστοῦ·
699 2579 745 2606 καὶ
765 2578 851 2610 οὕτως
866 2577 932 2604 αὐτὸ

148 2629 277 2662 ἐσθίουσι,
295 2628 545 2665 μταλαμὸἁνοντες
556 2627 606 2662 τὴν
627 2624 729 2652 ἑαυτῶν
745 2623 926 2659 ἀκαθαρσίαν·

150 2675 195 2702 καί
215 2683 294 2709 φασι·
313 2673 397 2700 Τοῦτό
421 2673 479 2699 ἐστι
501 2672 532 2698 τὸ
554 2671 633 2706 σῶμα
655 2669 702 2697 τοῦ
726 2668 858 2705 Χριστοῦ·
882 2668 930 2695 καὶ

149 2720 228 2747 τοῦτό
244 2721 302 2746 ἐστι
327 2719 358 2746 τὸ
379 2719 485 2753 Πάσχα.
503 2717 549 2744 Διὸ
567 2717 665 2752 πάσχει
683 2715 718 2742 τὰ
737 2714 858 2751 ἡμέτερα
878 2713 931 2740 σώ-

153 2775 235 2799 ιιατα,
247 2766 295 2793 καὶ
308 2765 491 2800 ἀναγκάζεται
506 2763 644 2799 ὁμολογεῖν
661 2762 692 2790 τὸ
706 2761 791 2794 πάθος
806 2760 852 2788 τοῦ
865 2760 932 2796 Χρι‹

189 2866 198 2882 ι
216 2865 315 2901 Ephcs.
334 2873 360 2899 ν,
378 2865 421 2893 12.

963 1084 1055 1112 sedem
1075 1091 1108 1111 ac
1133 1086 1290 1120 voraginem
1316 1093 1360 1112 me
1383 1085 1535 1113 conferam.
1564 1084 1646 1112 Varia
1671 1085 1745 1112 enim

963 1130 1036 1165 apud
1052 1130 1122 1165 .illos
1144 1130 1256 1158 nefaria:
1273 1131 1419 1166 disciplina
1438 1131 1586 1165 voluptatis
1609 1135 1662 1159 ea.
1684 1130 1740 1158 Prl-

964 1184 1039 1203 inum
1057 1176 1130 1212 quod
1155 1183 1315 1204 communes
1344 1177 1415 1204 inter
1441 1184 1471 1204 se
1497 1176 1613 1204 feminas
1629 1176 1736 1204 habent

964 1220 1005 1248 Ac
1019 1221 1042 1249 si
1063 1222 1126 1256 quis
1151 1221 1274 1256 ejusdem
1301 1226 1385 1250 secta:
1409 1222 1571 1257 peregrinus
1593 1222 1747 1253 advenerit.

966 1267 1073 1302 signum
1091 1267 1227 1302 quoddam
1251 1267 1303 1294 viri
1326 1275 1341 1294 a
1367 1267 1487 1299 feminis,
1516 1267 1624 1295 feminae
1648 1273 1663 1294 a
1679 1266 1748 1295 viris

967 1311 1114 1346 accipiunt.
1140 1311 1196 1347 86
1222 1311 1286 1339 llaec
1314 1316 1406 1339 autem
1429 1311 1565 1346 ejusmodi
1591 1315 1634 1340 est
1656 1311 1747 1339 :Cum

967 1358 1104 1386 salutandi
1131 1366 1164 1385 ac
1187 1358 1388 1393 complectendi
1411 1366 1495 1386 causa
1521 1365 1632 1385 manum
1658 1358 1750 1394 porri-

968 1408 1046 1439 gunt,
1063 1411 1124 1432 eam
1149 1403 1221 1431 infra
1248 1404 1367 1439 palmam
1394 1403 1592 1432 contrectando
1613 1411 1646 1431 ae
1664 1403 1751 1432 defri-

969 1456 1056 1483 cando
1069 1456 1167 1483 leniter
1189 1456 1312 1487 titillant.
1333 1463 1420 1491 eoque
1440 1456 1518 1491 signo
1543 1455 1665 1491 ejusdem
1688 1455 1751 1483 reli-

968 1502 1057 1538 gionis
1068 1502 1201 1538 hospitem
1211 1509 1272 1529 esse
1288 1502 1485 1529 demonstrant.
1495 1500 1560 1528 inde
1572 1506 1749 1536 posteaquam

970 1551 1065 1575 mutuo
1081 1555 1111 1576 se
1134 1548 1295 1584 agnoverint
1318 1547 1352 1574 ad
1379 1547 1534 1575 convivium
1560 1547 1750 1582 accinguntur.

970 1594 1048 1628 Quod
1062 1594 1163 1630 ipsum,
1181 1594 1289 1622 tametsi
1305 1601 1437 1630 pauperes
1453 1593 1517 1624 sint,
1533 1594 1633 1628 ingenti
1655 1593 1752 1627 epula-

971 1647 1031 1667 rum
1056 1644 1198 1675 apparatu,
1221 1640 1340 1674 vinoque
1365 1643 1393 1666 et
1416 1639 1547 1666 carnibus
1566 1629 1753 1666 instructissi-

973 1693 1047 1712 mum
1065 1686 1196 1720 praebent.
1206 1685 1297 1713 Finito
1311 1684 1439 1712 convivio
1451 1692 1516 1712 cum
1527 1684 1656 1712 satietate
1668 1690 1754 1711 venas

974 1731 1166 1765 distenderint,
1180 1732 1214 1759 ad
1230 1731 1370 1758 libidinem
1385 1730 1563 1766 proritantur.
1577 1728 1648 1756 Tum
1662 1728 1706 1756 vir
1719 1728 1754 1756 ab

976 1784 1062 1805 uxore
1090 1777 1234 1805 discedens
1257 1777 1298 1804 sic
1324 1784 1384 1804 eam
1417 1775 1701 1810 alloquitur:Surge,
1727 1777 1756 1802 et

976 1822 1053 1850 fratri
1067 1823 1227 1850 cbaritatem
1251 1822 1359 1850 exhibe.
1377 1821 1417 1849 Ita
1432 1821 1466 1848 ad
1483 1820 1662 1849 concubitum
1677 1820 1755 1847 veni-

976 1878 1030 1902 tur.
1045 1874 1131 1902 Pudet
1142 1882 1185 1902 me
1198 1875 1267 1902 bona
1284 1875 1336 1902 [ide
1348 1882 1409 1910 quas
1425 1873 1496 1909 apud
1511 1873 1574 1901 illos
1594 1873 1756 1908 turpissime

974 1924 1177 1956 perpetrantur,
1195 1927 1349 1955 exponere;
1371 1918 1601 1954 quemadmodum
1626 1918 1665 1944 ait
1683 1916 1758 1952 Apo-

977 1967 1064 1994 stolus
1081 1976 1088 1992 :
1105 1965 1170 1999 Qua:
1188 1965 1257 2000 apud
1273 1966 1343 2001 ipso:
1359 1965 1437 2000 ﬁunt,
1456 1968 1530 1998 turpe
1543 1967 1583 1991 est
1595 1967 1620 1989 et
1632 1962 1718 1998 dicere
1735 1962 1757 1988 ⁸.

978 2011 1078 2039 Verum
1097 2019 1157 2046 quae
1185 2012 1247 2038 illos
1268 2011 1361 2038 facere
1389 2010 1457 2037 nihil
1483 2008 1578 2044 pudet,
1602 2014 1692 2043 neque
1715 2014 1759 2034 me

977 2058 1087 2093 pudebit
1103 2057 1204 2092 eloqui,
1227 2061 1257 2084 ut
1276 2058 1323 2092 qui
1348 2056 1500 2084 foedissima
1521 2055 1630 2082 illorum
1656 2052 1759 2088 flagitia

977 2104 1124 2137 audierint,
1139 2103 1254 2131 horrore
1266 2102 1384 2138 quodam
1404 2101 1564 2129 afficiantur.
1575 2099 1686 2128 Etenim
1698 2106 1760 2134 per-

977 2154 1039 2177 acto
1059 2153 1155 2184 stupro
1178 2149 1294 2177 subinde
1307 2147 1512 2176 contumeliosis
1529 2146 1629 2173 crelum
1645 2145 1759 2172 vocibus

979 2204 1148 2236 appetentes,
1163 2200 1272 2235 utrique
1285 2199 1370 2226 maris
1394 2196 1556 2233 profluvium
1566 2196 1649 2227 ,cavis
1672 2194 1760 2222 manl-

979 2246 1031 2274 bus
1054 2246 1204 2282 excipiunt,
1225 2253 1256 2272 ac
1278 2245 1395 2273 sublatis
1418 2251 1528 2272 rursum
1551 2242 1641 2270 oculis
1658 2241 1760 2269 foedum

979 2293 1046 2320 illud
1068 2297 1095 2320 et
1121 2291 1303 2320 abominabile
1324 2290 1451 2318 manibus
1473 2288 1649 2324 praeferentes
1668 2287 1761 2315 consi-

982 2343 1076 2372 stunt;
1109 2346 1141 2366 ac
1160 2346 1255 2374 preces
1275 2337 1434 2372 concipiunt
1462 2335 1593 2363 Militares
1609 2334 1720 2370 quidem
1733 2337 1762 2361 et

944 2384 967 2412 D
982 2385 1105 2413 Gnostici
1121 2385 1154 2412 ad
1172 2384 1376 2415 universorum,
1390 2386 1420 2410 ut
1436 2383 1524 2414 aiunt,
1549 2385 1699 2416 parentem,
1716 2380 1761 2407 cui

979 2435 1006 2459 et
1024 2430 1098 2466 quod
1111 2430 1239 2458 manibus
1263 2433 1371 2465 gestant
1395 2428 1525 2460 offerunt,
1553 2434 1616 2454 cum
1640 2426 1692 2454 hoc
1715 2433 1762 2453 so-

983 2478 1067 2505 lemni
1079 2477 1199 2504 carmine
1216 2486 1222 2504 :
1241 2475 1298 2503 Hoc
1316 2475 1366 2503 tibi
1389 2482 1500 2507 munus,
1520 2474 1649 2501 nimirum
1659 2472 1763 2500 Christi

981 2529 1091 2557 corpus,
1106 2520 1246 2549 ofl‘erimus
1266 2531 1274 2548 :
1291 2525 1372 2555 atque
1389 2520 1426 2546 ita
1445 2523 1501 2546 tum
1514 2526 1547 2546 eo
1560 2521 1721 2550 vescuntur,
1737 2521 1765 2545 et

984 2568 1186 2603 impurissimas
1197 2574 1262 2594 suas
1272 2566 1367 2595 sordes
1373 2565 1529 2600 degustant,
1540 2564 1633 2599 itaque
1644 2563 1740 2590 dicunt
1753 2570 1760 2589 :

991 2614 1048 2642 Hoc
1063 2619 1105 2642 est
1120 2621 1221 2648 corpus
1232 2612 1350 2645 Christi;
1367 2616 1394 2639 et
1411 2611 1462 2639 hoc
1473 2614 1515 2638 est
1528 2609 1644 2637 Pascha.
1660 2607 1765 2635 Idcirco

991 2667 1107 2694 corpora
1121 2663 1216 2687 nostra
1227 2658 1377 2694 patiuntur,
1393 2661 1419 2684 et
1434 2655 1536 2684 Christi
1551 2654 1684 2690 supplicia
1699 2659 1766 2680 con-

989 2711 1060 2738 ﬁteri
1073 2714 1217 2746 coguntur.
1237 2709 1338 2737 Eodem
1360 2710 1440 2737 modo
1461 2709 1568 2744 quoties
1583 2706 1681 2734 mulier
1694 2711 1767 2731 men-

987 2761 1079 2786 struos
1104 2756 1194 2785 ﬂuxus
1218 2755 1330 2792 patitur,
1353 2754 1533 2783 foedissimum
1558 2752 1632 2781 illum
1656 2749 1767 2785 sangui-
