1944 3037
199 148 249 178 539

869 153 898 181 S.
921 153 1090 182 EPlPllANH

1771 153 1827 182 διο

198 217 259 237 nem
282 210 428 238 collectum
450 219 505 238 una
523 219 620 241 omnes
643 213 803 242 absorbent.
827 215 916 250 Atque
938 215 981 242 hic

1037 216 1112 243 στοῦ.
1139 216 1274 248 Ὡσαύτως
1288 217 1316 243 δὲ
1339 217 1386 244 καὶ
1409 218 1439 243 τὸ
1459 217 1512 244 ἀπὸ
1525 216 1576 252 τῆς
1600 215 1743 250 γυναικὸς,
1760 216 1828 242 ὅταν

198 258 250 286 est,
267 255 406 290 inquiunt.
422 257 535 292 sanguis
551 257 664 286 Christi.

1037 262 1148 297 γένηται
1176 262 1260 298 αὐτὴν
1287 262 1412 296 γενέσθαι
1434 263 1463 289 ὲν
1483 262 1559 298 ῥύσει
1582 261 1629 288 τοῦ
1645 261 1777 296 αἵματος,
1794 259 1828 286 τὸ

197 303 364 337 καταμήνιον
384 303 514 338 συναχθὲν
538 305 606 341 αὐτῇ
631 305 700 343 αἷμα
726 309 775 344 τῆς
802 307 981 343 ἀκαθαρσίας,
1001 307 1130 339 ὡσαύτως
1145 307 1270 340 λαϐόντες
1284 309 1359 343 κοινῇ
1378 307 1505 334 ἐσθίουσι.
1524 308 1580 336 Καὶ
1610 307 1699 339 τοῦτο,
1732 306 1826 340 φασὶν,

196 346 255 372 ἔστι
269 346 300 372 τὸ
314 344 383 382 αἷμα
397 347 444 374 τοῦ
455 350 583 384 Χριστοῦ.

233 389 266 416 ν.
287 390 435 426 Propterea
452 394 480 420 in
498 397 662 431 apocryphis
686 398 800 433 legunt:
822 397 882 425 Vidi
905 397 984 424 arbo-

197 441 253 461 rem
266 435 405 464 duodecim
427 438 530 472 fructus
547 443 689 476 quotannis
707 443 844 478 ferentem,
864 447 889 470 et
914 442 984 469 dixit

196 481 263 508 νηὶ-ἰὶ
276 489 286 508 :
297 483 354 509 Hoc
369 488 409 510 est
426 484 527 519 lignum
547 487 617 514 vitaz.
636 487 758 523 ldipsum
781 490 816 516 de
834 487 983 515 menstruis

197 527 342 556 mulierum
361 529 504 563 proﬂuviis
523 532 749 568 interpretantur.
767 534 902 561 Caeterum
919 541 982 560 cum

198 571 272 599 inter
287 580 348 601 sese
364 573 498 602 Venerem
515 581 670 610 exerceant,
688 578 743 612 8'7
770 577 872 605 liberos
892 581 982 603 tamen

198 619 339 653 suscipere
353 620 508 654 prohibent.
531 621 591 649 Non
614 622 688 650 enim
711 623 795 658 prolis
816 622 918 654 studio,
935 621 983 649 sed

199 668 229 690 ut
244 664 351 691 libidini
362 673 420 693 suae
434 667 565 699 serviant,
584 667 608 695 ei
633 667 798 702 corruptelae
820 670 929 694 vacant.
942 665 983 692 lta

198 710 308 738 miseris
334 711 491 740 hominibus
513 713 639 741 diabolus
667 713 768 746 illudit,
796 717 824 741 et
845 721 914 748 opus
937 711 984 740 Dei

199 756 343 785 fraudibus
356 758 414 785 suis
434 758 602 793 implicatum
619 767 667 794 per
687 759 834 787 ludibrium
851 759 982 787 traducit.

198 801 318 830 Proinde
334 803 375 830 sic
391 803 500 831 libidini
523 804 698 833 satiSfaciunt
719 812 786 837 suae,
810 808 838 832 ut
854 805 984 839 impuris-

1072 395 1109 421 E'.
1126 395 1171 421 Διὸ
1196 395 1243 422 καὶ
1265 395 1294 420 ἐν
1322 395 1492 430 ἁποκρύφοις
1511 394 1760 429 ἀναγινώσκοντες,
1784 395 1827 421 ὅτι

1036 439 1126 468 Εἶδον
1140 440 1265 474 δένδρον
1275 440 1368 474 φέρον
1378 440 1494 468 δώδεκα
1508 441 1641 475 καρποὺς
1653 440 1706 467 τοῦ
1725 442 1827 468 ἐνιαυ-

1035 487 1088 514 τοῦ
1098 496 1104 502 ·
1121 487 1169 514 καὶ
1183 487 1248 513 εἶπέ
1258 495 1323 521 μοι’
1340 487 1430 514 Τοῦτό
1440 487 1506 514 ἐστι
1519 487 1553 513 τὸ
1566 487 1662 519 ξύλον
1673 486 1727 520 τῆς
1741 486 1827 520 ζωῆς,

1034 532 1048 558 ὅ
1063 533 1140 559 αὐτοὶ
1163 532 1358 568 ἁλληγοροῢσιν
1380 533 1420 564 εἰς
1434 533 1483 568 τὴν
1504 533 1574 559 κατὰ
1591 533 1663 568 μῆνα
1679 533 1828 568 γινομένην

1035 579 1194 612 γυναικείαν
1226 579 1312 614 ῥύσιν.
1350 579 1518 614 Μισγόμενοι
1549 578 1578 605 δὲ
1613 578 1671 614 μετ’
1704 578 1827 614 ἀλλήλων

1035 625 1205 651 τεκνοποιίαν
1218 624 1444 660 ἀπαγορεύουσιν.
1456 624 1493 650 Οὐ
1506 624 1560 659 γὰρ
1572 625 1612 656 εἰς
1626 624 1656 650 τὸ
1669 624 1827 660 τεκνοποιῆ-

1040 679 1084 697 σαι
1099 671 1163 705 παρ’
1180 671 1271 702 αὐτοῖς
1285 673 1301 706 ἡ
1318 671 1406 708 φθορὰ
1436 671 1633 704 ἐσπούδασται,
1657 671 1715 698 ἀλλ’
1729 672 1826 707 ἡδονῆς

1038 717 1117 753 χάριν
1127 738 1134 749 ,
1149 717 1195 744 τοῦ
1210 717 1332 744 διαϐόλου
1348 718 1527 753 ἐμπαίζοντας
1549 719 1605 750 τοῖς
1618 718 1762 750 τοιούτοις,
1778 718 1827 744 καὶ

1038 763 1280 798 καταχλευάζοντος
1296 764 1326 790 τὸ
1346 765 1378 790 ὲκ
1394 764 1461 792 Θεοῦ
1478 764 1590 800 πλάσμα
1606 764 1824 799 πεπλανημένον.

1044 810 1122 837 Ἀλλὰ
1139 810 1188 845 τὴν
1205 811 1254 846 μὲν
1273 810 1368 846 ἡδονὴν
1393 811 1563 837 ἐπιτελοῦσιν
1574 831 1581 843 ,
1604 812 1643 842 εἰς
1660 811 1773 842 ἑαυτοὺς
1795 811 1825 836 δὲ

199 847 300 875 simum
318 856 413 876 semen
435 850 461 877 in
477 850 584 886 seipsos
598 850 743 886 recipiant,
763 858 851 885 neque
867 851 934 877 illud
950 850 981 877 ad

1038 856 1258 892 ἀπολαμϐάνουσι
1268 856 1302 883 τὰ
1317 856 1367 891 τῆς
1380 856 1548 892 ἀκαθαρσίας
1561 856 1651 883 αὐτῶν
1667 856 1823 892 σπέρματα,

197 893 402 928 propagandam
417 895 540 923 sobolem
555 896 695 927 emittant,
710 896 758 924 sed
778 904 828 924 sua
853 897 906 932 ipsi
922 900 983 922 tur-

197 939 324 974 pitudine
336 945 496 974 pascantur.
514 941 591 974 Quod
604 943 626 969 si
642 941 712 969 forte
727 943 863 977 quispiam
881 942 983 969 excreti

198 984 312 1012 seminis
334 985 533 1013 immissionem
554 986 741 1018 anteve’rterit,
760 992 787 1014 et
810 994 843 1014 ex
867 994 900 1013 eo
922 993 984 1021 gra-

197 1029 260 1056 vida
280 1029 351 1057 facta
367 1031 407 1058 sit
426 1031 535 1063 mulier,
559 1031 623 1059 audi
641 1032 706 1067 quid
732 1034 842 1059 demum
867 1031 985 1067 ﬂagitio-

197 1076 257 1103 sius
268 1076 472 1112 aggrediantur.
489 1077 558 1105 Nam
575 1078 721 1106 informem
740 1079 830 1106 adhuc
852 1079 936 1106 fetum
951 1087 984 1106 ex

197 1123 277 1148 utero
291 1121 455 1154 detractum,
468 1131 634 1159 quocunque
647 1124 681 1151 iis
692 1128 816 1159 tempore
826 1125 915 1152 visum
929 1127 981 1156 est,

196 1165 339 1199 infantem,
357 1166 478 1202 inquam,
495 1168 639 1196 abortione
659 1169 810 1203 projectum
834 1169 861 1195 in
887 1173 984 1196 morta-

196 1212 239 1239 rio
255 1211 358 1247 pistillo
373 1214 502 1241 tundunt.
515 1214 569 1242 Cui
577 1214 611 1241 ad
626 1214 766 1241 vitandum
782 1221 912 1242 nauseam
928 1214 982 1241 mel

197 1266 229 1285 ac
251 1259 328 1294 piper
347 1267 409 1287 cum
433 1260 496 1288 aliis
518 1260 688 1288 arematibus
713 1265 741 1288 et
765 1261 911 1296 unguentis
934 1260 984 1287 ad-

197 1305 326 1333 miscent.
338 1305 408 1333 Tuan
433 1306 462 1333 in
483 1314 568 1333 unum
588 1307 705 1334 collecto
721 1314 868 1342 porcorum
887 1314 918 1333 ac
935 1314 982 1334 ca—

196 1359 263 1378 uum
278 1352 416 1384 sudalitio,
431 1354 622 1387 unusquisque
640 1360 656 1379 e
670 1353 840 1380 comminuto
856 1352 983 1379 infantuli

195 1395 463 1434 corpusculoﬁdigito
481 1398 594 1426 delibat.
623 1398 669 1426 Sic
693 1399 822 1427 humanis
850 1399 982 1427 carnibus

196 1443 268 1478 pasti
291 1444 324 1471 ad
347 1445 482 1472 orandum
503 1444 588 1472 Deum
608 1452 669 1472 sese
693 1449 867 1472 convertunt.
885 1446 919 1472 Et
935 1453 983 1472 cu-

196 1490 332 1526 piditatis.
360 1492 508 1527 inquiunt,
537 1494 667 1528 princeps
699 1500 874 1528 nequaquam
902 1493 981 1520 nobis

1037 902 1073 938 μὴ
1098 903 1137 934 είς
1152 902 1326 936 τεκνογονίαν
1352 902 1584 937 καταϐαλλόμενοι
1597 923 1604 935 ,
1623 901 1690 929 ἀλλὰ
1704 902 1781 928 αὐτοὶ
1793 903 1825 928 τὺ

1033 948 1083 982 τῆς
1107 947 1284 982 αίοχρότητος
1307 947 1452 979 ἐσθίοντες.
1477 947 1540 974 Ἐὰν
1564 947 1592 973 δὲ
1611 947 1657 973 καὶ
1681 946 1823 982 προληφθῇ

1033 1001 1076 1024 τις
1098 993 1187 1020 αὐτῶν
1217 994 1434 1028 ἐγκατασπεῖραι
1453 992 1503 1028 τὴν
1521 992 1672 1027 καταϐολὴν
1687 992 1737 1027 τῆς
1753 992 1826 1018 κατὰ

1035 1039 1115 1074 φύσιν
1142 1039 1230 1066 αὐτῶν
1256 1039 1422 1075 ἀπορροίας.
1440 1039 1488 1066 καὶ
1505 1039 1680 1074 ὲγκυμονήσῃ
1699 1039 1716 1073 ἡ
1743 1038 1823 1073 γυνὴ,

1033 1081 1059 1108 τί
1071 1082 1219 1117 δεινότερον
1234 1082 1369 1117 τολμῶσιν
1381 1084 1404 1108 ot
1417 1082 1532 1108 τοιοῦτοι
1543 1102 1550 1115 ,
1569 1083 1660 1109 ἄκουε.
1676 1083 1826 1109 Κατασπά-

1035 1136 1130 1160 σαντες
1153 1128 1207 1163 γὰρ
1229 1127 1260 1154 τὺ
1282 1127 1400 1163 ἔμϐρυον
1424 1128 1513 1164 καιρῷ
1533 1128 1582 1163 οἴῳ
1598 1128 1621 1154 δ’
1636 1128 1669 1155 ἂν
1685 1129 1824 1164 ἐπιχειρή-

1035 1183 1102 1201 σωσι
1115 1194 1123 1207 ,
1149 1174 1332 1209 λαμϐάνουσιν
1356 1175 1491 1211 ἑκτρωθὲν
1513 1174 1592 1201 τοῦτο
1607 1175 1637 1201 τὸ
1658 1175 1756 1210 βρέφος
1769 1195 1776 1208 ,
1793 1176 1825 1200 ὲν

1033 1219 1107 1255 ὅλμῳ
1136 1219 1191 1246 τιν).
1218 1219 1363 1246 κόπτουσιν
1382 1219 1489 1255 ὑπέρῳ,
1517 1219 1564 1245 καὶ
1589 1218 1824 1254 ὲγκαταμίξαντες

1035 1265 1095 1300 μέλι
1113 1266 1160 1293 καὶ
1172 1265 1281 1301 πέπερι,
1299 1266 1346 1292 καὶ
1362 1265 1430 1292 ἄλλα
1444 1265 1506 1292 τινὰ
1517 1264 1662 1300 ἀρώματα,
1677 1264 1723 1290 καὶ
1737 1263 1823 1299 μύρα,

1033 1311 1102 1347 πρὸς
1114 1313 1144 1339 τὸ
1157 1312 1194 1347 μὴ
1205 1313 1315 1348 ναυτιᾷν
1332 1312 1430 1343 αὐτοὺς
1442 1331 1449 1343 ,
1467 1311 1553 1342 οὕτως
1567 1310 1744 1345 συναχθέντες
1759 1310 1825 1336 πάν-

1032 1367 1078 1390 τες
1102 1359 1127 1384 οι
1147 1357 1218 1394 [τῆς]
1235 1357 1287 1384 τῶν
1304 1357 1404 1393 χοίρων
1421 1356 1523 1383 τούτων
1551 1357 1598 1383 καὶ
1613 1355 1702 1382 κυνῶν
1722 1355 1823 1382 Θιασῶ-

1031 1413 1088 1436 ται,
1110 1403 1362 1439 μεταλαμϐάνουσιν
1381 1403 1497 1434 ἕκαστος
1513 1402 1552 1438 τῷ
1571 1401 1694 1437 δακτύλῳ
1705 1401 1758 1429 ἀπὸ
1773 1401 1822 1428 τοῦ

1032 1449 1231 1481 κατακοπέντος
1244 1449 1362 1476 παιδίου.
1376 1449 1430 1476 Καὶ
1442 1449 1528 1480 οὕτως
1539 1448 1823 1484 τὴν-ἀνθρωποϐορίαν

1032 1497 1254 1532 ἀπεργασάμενοι
1267 1517 1274 1528 ,
1300 1495 1425 1531 εὖχονται
1441 1495 1533 1522 λοιπὸν
1548 1495 1587 1530 τῷ
1613 1494 1672 1530 Θεῷ
1682 1495 1748 1526 {an
1765 1495 1823 1521 υύκ

195 1539 282 1567 illusit
294 1548 300 1571 ;
313 1539 364 1567 sed-
373 1539 446 1574 quod
459 1540 598 1568 exciderat
610 1540 687 1567 fratri
698 1545 795 1568 nostro
810 1540 980 1575 collegimus.

1035 1543 1232 1578 ὲνεπαίχθημεν
1246 1562 1254 1575 ,
1271 1543 1363 1577 φασὶν,
1381 1543 1435 1569 ἀπὸ
1450 1542 1497 1569 τοῦ
1513 1542 1641 1578 ἄρχοντος
1656 1542 1705 1576 τῆς
1728 1541 1823 1568 ἐπιθυ-

195 1585 284 1619 Atque
296 1584 323 1612 id
336 1584 488 1620 perfcctum
499 1593 561 1613 esse
570 1585 677 1613 Pascha
689 1586 797 1613 demum
810 1586 979 1614 existimant.

196 1629 298 1657 l’razter
316 1630 374 1657 haec
401 1631 456 1658 alia
481 1631 596 1666 insuper
618 1631 678 1658 dira
705 1635 787 1667 atque
810 1631 981 1659 exsecranda

195 1675 381 1702 committunt.
398 1675 468 1702 Cum
492 1676 565 1704 enim
586 1683 683 1703 rursus
708 1676 735 1703 in
753 1684 783 1703 se
806 1680 900 1704 mutuo
915 1676 981 1703 hac-

196 1720 276 1748 chari
292 1728 324 1748 ac
354 1720 445 1748 furere
471 1721 616 1756 cmperint.
643 1722 780 1757 respersis
809 1722 980 1756 spurcissimi

198 1766 324 1794 humoris
337 1766 498 1801 profusione
512 1767 639 1795 manibus
652 1771 834 1802 consurgunt,
846 1771 928 1802 atque
944 1769 980 1794 ita

196 1811 314 1840 fmdatas
329 1816 455 1847 gerentes
468 1817 525 1840 toto
542 1820 656 1848 corpore
675 1813 740 1840 nudi
756 1817 978 1848 comprecantur,

197 1863 227 1885 nt
237 1866 270 1886 ea
282 1866 311 1886 re
324 1858 456 1892 majorem
475 1859 528 1886 sibi
553 1859 625 1894 apud
641 1859 726 1886 Deum
745 1859 872 1885 fiduciam
889 1859 981 1893 acqui-

196 1908 270 1931 rant.
285 1904 420 1931 Caeterum
436 1905 464 1932 in
481 1904 604 1932 curando
619 1912 734 1940 corpore
751 1904 810 1932 dies
832 1909 981 1940 noctesque

196 1952 301 1986 pariter
315 1951 485 1978 mulierculae
498 1956 526 1979 et
541 1951 740 1979 homunciones
753 1957 935 1986 occupantur,
948 1959 980 1978 ac

195 2005 226 2025 se
240 2001 267 2024 et
284 2001 423 2032 unguento
435 1997 614 2032 perfundunt.
628 2002 655 2025 et
677 1998 779 2029 lavant.
805 2002 832 2025 et
855 1997 981 2025 convivia

196 2043 349 2075 celebrant,
368 2047 395 2070 et
405 2043 529 2070 ebrietati
546 2051 578 2070 ac
596 2043 695 2071 Veneri
710 2043 864 2078 indulgent,
880 2051 981 2078 eosque

195 2089 243 2123 qui
261 2088 388 2123 jejunant
404 2093 595 2116 exsecrantur.
618 2088 725 2124 Negant
739 2090 812 2116 enim
827 2096 889 2117 esse
911 2089 982 2124 jeju-

195 2135 327 2166 nandum,
343 2135 417 2170 quod
432 2136 465 2162 ad
482 2135 565 2168 hujus
580 2135 672 2162 saeculi
690 2135 861 2163 conditorem
878 2135 982 2170 princi-

195 2188 257 2216 pem
269 2181 406 2215 jejunium
422 2181 573 2216 pertineat;
587 2181 642 2208 imo
659 2181 789 2209 alimento
807 2180 899 2215 potius
912 2188 981 2215 opus

1035 1589 1113 1625 μίας,
1130 1589 1197 1630 ἀλλὰ
1211 1589 1389 1624 συνελέξαμεν
1403 1589 1433 1615 τὺ
1446 1589 1622 1624 παράπτωμα
1633 1588 1679 1614 τοῦ
1694 1587 1821 1622 ἀδελφοῦ.

1034 1636 1089 1662 Καὶ
1100 1636 1179 1671 δῆθεν
1195 1635 1272 1662 τοῦτο
1282 1635 1312 1661 τὺ
1323 1635 1423 1661 τέλειον
1437 1635 1533 1670 Πάσχα
1548 1634 1676 1670 ἡγοῦνται
1689 1642 1695 1648 ·
1710 1634 1776 1661 ἄλλα
1792 1634 1823 1660 δὲ

1033 1681 1082 1707 ὅσα
1093 1681 1166 1707 δεινὰ
1180 1681 1271 1713 αὐτοῖς
1284 1681 1456 1716 τετόλμηται.
1473 1681 1557 1707 Ὅταν
1568 1680 1622 1716 γὰρ
1639 1680 1718 1707 πάλιν
1727 1681 1821 1716 ἐμμα-

1034 1728 1090 1758 νεῖς
1103 1728 1131 1753 ὲν
1148 1727 1255 1758 ἑαυτοῖς
1271 1727 1413 1761 γένωνται,
1432 1727 1567 1763 φύραντες
1583 1726 1687 1753 ἑαυτῶν
1700 1726 1750 1757 τὰς
1766 1727 1823 1761 χεῖ-

1036 1781 1086 1808 ρας
1104 1773 1153 1808 τῆς
1169 1772 1274 1799 ἑαυτῶν
1288 1773 1465 1808 αἰσχρότητος
1483 1774 1516 1808 τῇ
1534 1772 1682 1808 ἁπορῤοίᾳ,
1700 1772 1822 1807 ὲγείρονα

1034 1827 1097 1851 1ιναι,
1116 1818 1163 1845 καὶ
1185 1818 1234 1850 τὰς
1253 1818 1357 1845 ἑαυτῶν
1373 1818 1579 1854 μεμολυσμένας
1593 1819 1687 1853 χεῖρας
1701 1818 1821 1852 ἔχοντες,

1034 1864 1157 1900 εὔχονται
1170 1865 1269 1900 γυμνοὶ
1287 1865 1340 1900 ὅλῳ
1351 1864 1390 1899 τῷ
1406 1864 1522 1899 σώματι,
1545 1864 1583 1895 ὡς
1599 1863 1643 1890 διὰ
1665 1863 1715 1899 τῆς
1729 1862 1823 1889 τοιαύ-

1033 1921 1082 1947 της
1097 1911 1227 1947 ἐργασίας
1245 1910 1383 1946 εὑρίσκειν
1408 1910 1476 1946 πρὸς
1494 1910 1560 1936 Θεὸν
1577 1909 1626 1945 τὴν
1653 1909 1820 1945 παρρησίαν.

1034 1957 1074 1983 Τὰ
1099 1957 1213 1992 σώματα
1232 1957 1261 1983 δὲ
1285 1956 1375 1983 αὐτῶν
1389 1956 1496 1992 νύκτωρ
1514 1965 1545 1982 τε
1566 1956 1613 1982 καὶ
1638 1955 1697 1991 μεθ’
1713 1955 1825 1991 ἡμέραν

1034 2003 1179 2038 τημελοῦσι
1189 2002 1354 2038 γυναικάρια
1367 2003 1415 2029 καὶ
1429 2002 1617 2037 ἀνθρωπάρια,
1632 2001 1820 2037 μυριζόμενοι.

1033 2048 1189 2083 λουόμενοι,
1203 2047 1388 2081 θοιναζόμενοι
1398 2067 1405 2077 ,
1424 2047 1527 2078 κοίταις
1540 2055 1569 2072 τε
1584 2046 1631 2072 καὶ
1647 2045 1743 2080 μέθαις
1757 2053 1821 2079 σχο-

1034 2093 1168 2125 λάζοντες.
1184 2094 1239 2120 Καὶ
1253 2093 1425 2128 καταρῶνται
1436 2092 1481 2119 τὸν
1495 2091 1666 2127 νηστεύοντα,
1684 2091 1818 2125 λέγοντες·

1034 2140 1072 2166 Οὐ
1100 2139 1140 2166 δεῖ
1160 2139 1309 2174 νηστεύειν.
1338 2139 1391 2165 Τοῠ
1415 2138 1470 2173 γὰρ
1496 2139 1624 2174 ἄρχοντος
1650 2137 1743 2164 τούτου
1771 2137 1823 2163 τοῦ

1035 2186 1195 2221 ποιήσαντος
1213 2185 1259 2212 τὸν
1281 2185 1367 2212 αἰῶνα
1384 2185 1456 2211 ἔστιν
1471 2186 1487 2220 ἡ
1503 2185 1622 2220 νηστεία.
1648 2185 1693 2210 Δεῖ
1710 2183 1738 2209 δὲ
1756 2183 1820 2218 τρέ-

196 2234 258 2253 esse
279 2225 416 2259 dictitant,
446 2234 500 2261 quo
530 2226 685 2254 robustiora
714 2226 769 2254 sint
795 2234 923 2261 corpora.
951 2231 980 2253 ut

1035 2231 1130 2264 φεσθαι
1142 2231 1181 2262 εἰς
1194 2230 1223 2257 τὸ
1238 2230 1272 2257 τὰ
1292 2230 1406 2265 σώματα
1422 2227 1490 2256 εἶναι
1509 2228 1621 2265 ἰσχυρὰ,
1642 2229 1681 2260 εἰς
1700 2229 1729 2254 τὸ
1740 2228 1821 2254 δύνα-

196 2272 296 2300 idoneo
322 2268 444 2308 tempore
468 2273 575 2308 possint
600 2273 702 2300 fructui
733 2273 872 2301 reddendo
901 2274 979 2302 sulIi-

196 2325 274 2345 cere.

234 2365 278 2392 Vl.
300 2364 386 2392 Porro
398 2368 454 2392 tam
464 2364 556 2392 Veteri
573 2373 656 2399 quam
667 2364 743 2392 Novo
760 2369 874 2393 utuntur
884 2365 983 2393 Testa-

195 2414 299 2443 mento,
315 2411 378 2438 licet
391 2418 453 2438 eum
467 2411 514 2446 qui
536 2411 563 2438 in
577 2410 676 2439 Vetere
693 2411 803 2439 locutus
827 2416 870 2439 est
901 2413 982 2439 abdi—

196 2458 268 2482 cent.
285 2454 318 2481 Et
332 2455 443 2490 quidem
458 2456 567 2490 quoties
582 2463 677 2483 vocem
692 2456 812 2491 aliquam
827 2458 980 2492 reperiunt,

195 2506 256 2532 qua
270 2497 390 2533 dogmati
413 2506 464 2526 suo
491 2500 659 2527 contrariam
688 2500 789 2528 habere
817 2502 982 2529 sententiam

196 2543 315 2574 videtur,
332 2543 367 2570 ab
383 2544 464 2578 hujus
481 2545 575 2571 mundi
595 2545 719 2580 principe
735 2546 887 2581 profectam
905 2547 981 2574 illam

195 2596 257 2616 esse
271 2588 430 2623 przedicant.
445 2589 503 2624 88
517 2590 567 2617 Sin
583 2588 687 2625 aliquis
700 2591 733 2618 ad
755 2592 865 2619 illorum
887 2592 980 2619 libidi-

195 2642 258 2662 nem
279 2635 481 2662 accommodari
502 2636 590 2669 locus,
609 2641 636 2664 et
653 2641 793 2673 utcunque
812 2638 980 2674 eonﬁgurari

195 2680 284 2715 possit
299 2688 353 2707 non
368 2681 427 2715 ipsa
449 2681 560 2716 quidem
588 2687 723 2717 potestate
751 2684 908 2717 verborum,
932 2684 981 2711 sed

195 2734 244 2761 pro
259 2726 399 2761 depravatt
419 2727 529 2754 illorum
550 2728 651 2763 ingenii
665 2733 759 2763 captu.
772 2737 805 2756 eo
819 2737 884 2757 vero
900 2729 934 2756 ad
953 2730 981 2757 id

195 2771 269 2805 quod
283 2771 397 2806 cupiunt
414 2773 541 2800 traducto
554 2774 588 2800 ab
602 2775 725 2801 veritatis
740 2775 839 2809 spiritu
853 2783 979 2810 pronun-

200 2818 295 2844 tiatum
312 2826 374 2846 esse
389 2818 525 2846 dictitant.
544 2819 632 2854 Atque
657 2820 729 2848 istud
748 2821 836 2856 ipsum
858 2826 911 2855 est,
937 2822 981 2848 in-

194 2861 311 2900 quiunt,
327 2863 399 2898 quod
413 2863 447 2891 de
463 2863 568 2893 Joanne
585 2864 715 2893 Dominus
730 2868 872 2902 usurpavit
887 2877 894 2894 :
909 2867 982 2900 Quid

1035 2275 1096 2301 σθαι
1112 2275 1142 2301 τὸ
1158 2274 1263 2310 καρπόν
1280 2274 1435 2301 ἀποδιδόναι
1447 2274 1520 2301 κατὰν
1529 2274 1622 2310 καιρὸν
1635 2273 1728 2300 αὑτοῦ.

1067 2362 1114 2397 q'.
1130 2362 1255 2399 Χρῶνται
1275 2363 1303 2389 δὲ
1319 2363 1366 2389 καὶ
1390 2362 1495 2398 Παλαιᾷ
1510 2363 1557 2390 καὶ
1575 2363 1662 2398 Καινῇ
1686 2362 1819 2399 Διαθήκῃ.

1039 2409 1252 2444 Ἄπαγορεύουσι
1269 2409 1297 2435 δὲ
1311 2409 1356 2436 τὺν
1373 2408 1524 2444 λαλήσαντα
1541 2409 1569 2435 ὲν
1588 2410 1620 2444 τῇ
1637 2408 1743 2443 Παλαιᾷ
1756 2411 1821 2436 Δια-

1033 2455 1114 2491 θήκῃ.
1145 2455 1200 2481 Καὶ
1225 2455 1289 2482 ὅταν
1315 2456 1364 2489 μὲν
1393 2455 1468 2490 ῥῆμα
1492 2454 1592 2489 εὕρωσι
1607 2464 1633 2481 τι
1653 2457 1713 2482 κατ’
1730 2455 1820 2482 αὐτῶν

1032 2501 1179 2536 δυνάμενον
1195 2501 1267 2536 ἔχειν
1292 2501 1336 2527 τὸν
1357 2500 1429 2532 νοῦν,
1446 2500 1527 2534 φασιν
1546 2501 1586 2527 ὅτι
1611 2500 1690 2526 τοῦτο
1703 2501 1757 2528 ἀπὸ
1770 2501 1819 2528 τοῦ

1033 2547 1186 2582 πνεύματος
1202 2545 1249 2573 τοῦ
1271 2545 1404 2581 κοσμικοῦ
1421 2545 1573 2581 λελάληται·
1599 2546 1645 2572 ὲὰν
1663 2546 1692 2572 δέ
1714 2555 1756 2578 τις
1778 2548 1819 2578 εἰς

1032 2593 1161 2628 ὁμοίωσιν
1180 2593 1228 2627 τῆς
1243 2592 1331 2618 αὐτῶν
1353 2591 1497 2627 ἐπιθυμίας
1515 2591 1639 2627 δυνηθείη
1654 2592 1819 2626 σχηματίζε-

1033 2639 1095 2665 σθαι
1105 2638 1197 2672 λύγος,
1212 2638 1261 2672 οὐχ
1279 2638 1316 2669 ὼς
1333 2637 1430 2664 ἔστιτὸ
1447 2638 1532 2672 ῥῆμα,
1547 2637 1603 2663 ἁλλ’
1616 2637 1654 2668 ὡς
1672 2637 1729 2672 ἕχει
1744 2638 1758 2663 ὁ
1771 2637 1819 2663 αὗ-

1032 2684 1086 2710 τῶν
1102 2683 1164 2715 νοῦς
1178 2684 1192 2709 ὁ
1204 2683 1397 2718 ὴπατημένος,
1412 2683 1505 2709 τοῦτον
1519 2682 1765 2717 μετασκευάζοντες
1780 2682 1820 2713 εἰς

1032 2730 1081 2764 τὴν
1094 2729 1197 2755 ἑαυτῶν
1214 2728 1370 2763 ἐπιθυμίαν,
1392 2727 1541 2762 φάσκουσιν
1558 2728 1590 2753 ὲκ
1601 2727 1648 2753 τοῦ
1664 2727 1819 2761 πνεύματος

1032 2776 1081 2810 τῆς
1094 2775 1221 2809 ἀληθείας
1234 2774 1406 2810 λελαλῆσθαι.
1424 2774 1480 2801 Καὶ
1496 2773 1574 2800 τοῦτὸ
1590 2775 1648 2800 ἐστι
1660 2792 1668 2804 ,
1689 2774 1787 2807 φασιν,
1804 2773 1820 2799 ὃ

1032 2818 1107 2847 εἶπεν
1119 2821 1133 2847 ὁ
1144 2820 1244 2855 Κύριος
1261 2820 1324 2855 περὶ
1343 2819 1464 2845 Ἰωάννου
1475 2827 1482 2833 ⁵
1503 2819 1534 2845 Τί
1551 2818 1692 2852 ἐξήλθετε
1702 2819 1745 2849 εἰς
1762 2817 1820 2850 τὴν

1033 2867 1142 2902 ἔρημον
1154 2866 1316 2894 θεάσασθαι
1325 2875 1334 2899 ,'
1342 2865 1483 2900 Κάλαμον
1497 2864 1556 2892 ὑπὸ
1565 2864 1674 2900 ἀνέμου
1688 2865 1818 2891 cnlaud-
