1944 3037
144 136 197 165 541

142 201 258 229 μενον;
285 193 345 220 Ὂτι
369 192 418 219 οὐκ
443 190 497 228 ἦν,
524 193 607 228 φασὶ,

153 239 311 267 Ἑνεπνέετο
326 238 379 275 γὰρ
395 239 445 265 ὑπὸ
461 239 564 265 πολλῶν
584 239 746 274 πνευμάτων
765 239 835 266 κατὰ
850 239 933 265 κάλα-

147 295 198 320 μον
213 286 257 313 τὸν
272 286 318 311 ἐπὶ
333 286 438 320 ἑκάστῳ
460 285 552 320 ἀνέμῳ
565 285 731 320 κινούμενον.
753 286 808 312 Καὶ
825 285 867 311 ὅτε
884 285 932 320 μὲν

145 332 246 366 ¹ἤρχετο
271 331 301 357 τὸ
317 331 426 365 πνεῦμα
449 330 497 357 τοῦ
514 331 658 366 ἄρχοντος,
689 332 850 367 Ἰουδαῖσμὸν
867 333 932 367 ἐκή-

146 384 259 409 ρυττεν·
276 376 320 402 ὅτε
339 376 368 402 δὲ
386 375 416 402 τὸ
439 375 550 411 Πνεῦμα
565 377 595 403 τὺ
619 377 695 411 ἅγιον
707 397 714 409 ,
735 378 799 412 περὶ
814 377 931 414 Χριστοῦ

145 421 245 448 ἐλάλει.
263 421 318 448 Καὶ
327 420 405 448 τοῦτό
418 422 486 452 ἐστι,
501 422 591 456 φασὶν,
610 423 650 448 ὅτι
671 423 697 448 Ὀ
710 424 884 457 μικρότερος
898 423 932 450 ἐν

145 466 183 500 τῇ
195 467 339 501 ,βασιλείᾳ
352 468 409 495 τῶν
421 469 556 503 οὐρανῶν
571 470 637 505 (74).
649 470 715 506 Περὶ
729 470 807 505 ἡμῶν
816 490 822 501 ,
839 471 930 504 φασὶν,

145 509 244 544 εἶπεν,
274 514 315 540 ὅτι
340 515 355 540 ὁ
380 515 409 541 ὲν
442 515 507 550 ἡμῖν
534 516 694 551 μικρότερος
723 516 821 550 μείζων
850 515 930 542 αὐτοῦ

145 557 274 592 ὑπάρχει.

182 691 218 718 Z'.
235 691 290 717 Καὶ
303 691 382 723 εὐθὺς
395 692 614 727 ἐπιστομίζονται
629 693 653 719 οἱ
663 693 775 719 τοιοῦτοι
788 694 834 719 ἀπ’
846 694 929 728 αὐτῆς

144 736 195 770 τῆς
212 736 349 772 ἀληθείας.
375 737 422 764 Ἐκ
445 739 499 774 γὰρ
523 739 576 766 τῶν
591 740 810 774 συνεζευγμένων
828 741 930 775 ἑκάστῃ

146 781 217 813 λέξει
233 783 383 816 ἀναφανδὸν
399 784 416 818 ὴ
432 784 544 818 ἀλήθεια
557 785 738 820 δειχθήσεται,
755 787 801 811 καὶ
815 788 844 812 τὸ
856 786 930 821 ἐχέγ-

146 835 211 860 γυον
226 827 276 862 τῆς
291 828 416 864 φράσεως
424 829 629 864 ἀποδοθήσεται.
644 831 674 856 Εἰ
688 832 738 865 μὲν
752 831 806 866 γὰρ
817 832 830 857 ὁ
840 832 930 858 Ἰωάν-

145 881 196 907 νης
210 872 319 907 μαλακὰ
337 873 480 908 ἠμφίεστο,
497 875 542 900 καὶ
555 875 584 901 ἐν
599 875 682 907 οἴκοις
697 875 828 910 βασιλέων
842 877 931 912 ὑπῆρ-

147 926 210 952 χεν,
227 918 293 954 ὀρθὴ
314 918 348 946 ἂν
369 919 436 954 πρὸς
459 920 539 946 αὐτὸν
555 922 570 956 ἡ
586 921 674 953 λέξις,
689 923 736 948 καὶ
753 922 844 949 εὐθεῖα
863 923 930 958 πρὸς

147 963 256 997 ἔλεγχον
273 962 319 990 τοῦ
341 964 422 991 αὐτοῦ
450 965 579 1001 ὑπῆρχεν.
596 967 627 992 Et
655 967 701 999 δὲ,
734 967 764 994 Τί
789 967 931 1000 ἐξήλθετε

147 1010 222 1036 ἰδεῖν
233 1018 241 1041 ;
255 1010 411 1044 ἄνθρωπον
423 1012 458 1038 ἐν
468 1012 616 1046 μαλακοῖς
629 1013 755 1047 Ιματίοις
768 1014 930 1048 ἠμφιεσμέ-

145 1064 219 1089 νον-ς
233 1056 279 1082 καὶ
301 1057 348 1091 οὐχ
368 1057 455 1089 οὕτως
477 1056 550 1092 εἶχεν
563 1079 569 1090 ,
588 1059 678 1085 οὐκέτι
702 1059 732 1086 τὸ
746 1059 869 1095 ἔγκλημα
885 1061 930 1087 ἐπὶ

146 1102 192 1128 τὸν
207 1102 237 1128 οὑ
255 1102 363 1138 μαλακὰ
384 1103 517 1139 φοροῦντα
547 1105 672 1140 Ἰωάννην
695 1106 741 1132 τοῦ
778 1107 857 1141 λόγου
882 1108 930 1134 ἑπ-

146 1147 280 1179 ενεκτέον,
292 1147 361 1174 ἀλλὰ
375 1148 421 1174 ἐπὶ
434 1149 496 1180 τοὺς
505 1149 590 1181 οὕτως
602 1150 727 1186 εὑρήσειν
742 1151 787 1178 τὸν
807 1153 930 1188 Ἰωάννην

145 1193 326 1227 νομίσαντας,
343 1193 390 1220 καὶ
409 1193 460 1220 ὑπὸ
476 1194 529 1221 τῶν
551 1195 624 1221 ἔνδον
645 1197 674 1222 ὲν
699 1197 783 1228 οἴκοις
799 1197 929 1232 βασιλέων

147 1238 275 1269 πολλάκις
291 1239 361 1265 κατὰ
374 1239 517 1275 ὑπόκρισιν
530 1240 770 1277 κολακευομένους.
792 1243 929 1278 Ἐνόμιζον

145 1283 200 1318 γὰρ
215 1279 298 1316 οὗτοι,
315 1283 486 1319 ἐξερχόμενοι
505 1286 552 1312 καὶ
568 1286 645 1322 παρὰ
665 1288 786 1314 Ἰωάννου
804 1289 929 1321 ἐπαίνους

147 1330 295 1365 εὑρίσκειν,
310 1331 358 1357 καὶ
375 1333 564 1368 μακαρισμοὺς
578 1333 625 1359 ἐπὶ
640 1335 696 1365 τοῖς
708 1335 752 1360 ὑπ’
765 1335 853 1362 αὐτῶν
868 1335 929 1362 καθ’

147 1375 265 1410 ἑκάστην
289 1375 394 1411 ἡμέραν
415 1377 567 1412 γινομένοις
591 1379 818 1414 παραπτώμασιν.
843 1381 887 1411 Ὠς
901 1381 928 1407 δὲ

146 1425 195 1461 οὐχ
214 1422 314 1462 ηὗρον,
337 1427 542 1462 ἀνατρεπτιχῶς
559 1426 634 1462 παρὰ
655 1427 701 1454 τοῦ
719 1427 844 1462 Σωτῆρος
861 1427 928 1462 πρὸς

145 1472 242 1503 αὐτοὺς
255 1473 376 1508 εἴρηται,
389 1474 429 1500 ὅτι
449 1474 480 1499 Τί
494 1473 633 1509 ἐνομίζετε
654 1473 807 1508 εὐρίσκειν;
820 1474 928 1508 Συμπε-

481 135 666 164 ADVERSUS
683 135 852 162 HAiRESES
872 134 934 161 LIB.
957 133 976 162 I.
994 133 1078 161 TOM.
1094 133 1125 161 ll.
1147 147 1180 154 -
1195 133 1333 161 H/ERES.
1354 133 1448 162 XXVI.

647 193 747 225 τέλειος
763 194 777 219 ὀ
795 193 928 228 Ἰωάννης.

986 192 1078 218 existis
1099 193 1126 219 in
1140 191 1272 219 desertum
1289 190 1392 219 videre?
1413 191 1575 218 Arundinem
1597 196 1670 218 vento
1681 194 1768 228 agita-

1714 135 1766 163 342

985 243 1045 264 tam
1058 238 1064 253 ¹
1076 239 1088 264 ?
1100 238 1188 271 Quod,
1201 243 1231 265 ut
1248 242 1385 269 asserunt,
1401 238 1520 265 nondum
1544 241 1617 265 esset
1631 238 1767 272 perfectus

986 282 1118 310 Joannes.
1130 282 1197 310 Nam
1213 291 1227 309 a
1245 283 1370 318 pluribus
1385 284 1473 310 ventis
1486 283 1667 318 perflabatur;
1685 292 1768 312 arun-

984 329 1058 356 diuis
1074 337 1158 361 more,
1177 337 1237 364 qua:
1254 329 1287 355 ad
1305 337 1527 364 unumquemque
1545 334 1655 356 ventum
1682 330 1768 364 agita-

985 380 1041 403 tur.
1061 375 1154 410 Itaque
1168 383 1230 402 cum
1247 376 1273 402 in
1291 383 1353 402 eum
1373 375 1508 410 principis
1528 375 1641 410 spiritus
1661 375 1768 402 incum-

983 422 1072 453 beret,
1106 421 1248 448 Judaicum
1275 421 1378 448 cultum
1406 421 1590 456 praedicabat;
1614 428 1674 448 cum
1702 428 1767 447 vero

985 467 1110 502 Spiritus
1127 471 1239 495 sanctus
1253 466 1403 497 adveniret,
1429 467 1463 493 de
1486 466 1596 494 Christo
1613 473 1766 494 sermonem

985 512 1158 540 instituebat.
1176 512 1235 545 Quo
1247 513 1355 547 quidem
1377 512 1434 539 haec
1458 512 1540 539 Verba
1561 512 1698 547 pertinere
1718 519 1767 546 pu-

984 561 1065 585 tant:
1087 559 1139 592 Qui
1162 559 1247 585 minor
1259 563 1298 586 est
1317 559 1344 585 in
1370 567 1448 593 regno
1467 559 1590 585 cwlarum
1615 557 1701 592 major
1728 563 1767 585 est

982 604 1029 630 illo
1042 605 1060 630 ².
1079 604 1184 639 Quippe
1201 605 1234 632 ad
1249 612 1299 632 nos
1316 605 1367 631 ista
1380 605 1544 636 referuntur,
1569 605 1656 636 aiunt,
1672 608 1701 631 ut
1720 603 1767 638 qui

982 649 1053 676 inter
1064 657 1114 677 nos
1139 650 1228 677 minor
1244 653 1295 682 est,
1308 649 1332 677 is
1354 649 1458 676 Joanne
1473 649 1508 676 sit
1521 648 1701 684 prazstautior.

1018 693 1075 722 Vll.
1095 694 1197 721 Verum
1217 702 1248 722 os
1264 695 1318 722 illis
1334 695 1451 722 subinde
1471 702 1485 721 a
1501 694 1615 721 veritate
1627 694 1684 729 ipsa
1698 701 1763 728 pra:-

982 739 1112 766 eluditur.
1130 739 1201 766 Nam
1217 747 1248 766 ex
1265 739 1301 766 iis
1313 746 1374 774 qua:
1386 746 1448 766 cum
1467 746 1631 775 unaquaque
1646 739 1766 767 dictione

983 791 1107 810 connexa
1122 787 1196 814 sunt,
1213 783 1359 818 perspicue
1373 784 1475 811 veritas
1487 784 1638 818 apparebit,
1655 791 1687 811 ac
1699 783 1766 818 quid

983 829 1113 864 loquendi
1138 830 1236 856 rationi
1257 833 1472 857 consentaneum
1493 830 1529 856 sit
1545 830 1698 857 certissima
1714 830 1766 857 fide

985 876 1194 903 monstrabitur.
1211 875 1315 902 Etenim
1330 876 1353 903 si
1363 875 1483 903 Joannes
1501 875 1671 903 mollioribus
1682 876 1765 903 vesti-

982 922 1033 949 bus
1050 925 1183 953 uteretur,
1200 926 1281 956 atque
1301 921 1327 948 in
1347 921 1502 956 principum
1520 921 1628 956 palatiis
1642 921 1763 956 degeret,

981 971 1057 994 recta
1071 967 1162 1002 ipsum
1179 974 1232 994 vox
1249 967 1294 994 illa
1309 971 1422 1002 peteret,
1438 970 1466 994 et
1487 967 1514 993 in
1538 966 1598 1001 ejus
1622 967 1766 1002 reprehen-

983 1014 1088 1041 sionem
1105 1017 1178 1041 esset
1203 1013 1262 1041 sine
1278 1013 1332 1040 ulla
1352 1013 1463 1048 ambage
1485 1013 1594 1040 collata.
1615 1008 1683 1040 Cum
1700 1020 1765 1040 vero

982 1059 1020 1086 ita
1037 1060 1143 1087 locutus
1166 1059 1272 1087 fuerit:
1298 1059 1368 1092 Quid
1391 1060 1482 1087 existis
1499 1059 1606 1086 uidere?
1633 1059 1764 1086 hominem

981 1105 1106 1132 mollibus
1131 1106 1292 1132 vestimentis
1318 1105 1438 1132 indutum
1462 1105 1490 1131 '?
1517 1105 1590 1133 istud
1620 1112 1701 1133 norro
1729 1106 1764 1133 ab

982 1150 1086 1178 Joanne
1111 1151 1205 1186 procul
1231 1151 1360 1184 abfuerit,
1382 1151 1450 1178 nihil
1473 1155 1516 1179 est
1532 1159 1582 1179 cur
1605 1150 1688 1187 hiijus
1711 1151 1764 1179 loci

982 1195 1201 1223 criminationem
1215 1195 1312 1223 referri
1327 1196 1359 1223 ad
1374 1195 1504 1223 Joannem
1521 1196 1699 1228 arbitremur,
1715 1196 1763 1231 qui

981 1241 1208 1268 delicatumillum
1216 1241 1318 1268 cultum
1325 1240 1563 1268 minimeonmium
1571 1241 1705 1274 adhibuit;
1715 1241 1763 1268 sed

981 1287 1014 1314 ad
1031 1294 1077 1315 eos
1090 1287 1192 1322 potius.
1210 1286 1257 1321 qui
1272 1286 1406 1321 ejusmodi
1418 1294 1447 1314 se
1458 1285 1590 1313 Joannem
1605 1291 1763 1321 reperturus

982 1333 1123 1367 putabant,
1141 1333 1297 1367 quibusque
1322 1333 1421 1366 saepius
1437 1332 1540 1359 adulari
1565 1332 1654 1360 solent
1673 1332 1692 1359 ii
1715 1332 1763 1368 qui

981 1378 1134 1413 principum
1151 1378 1228 1405 aulas
1245 1385 1276 1404 ac
1294 1378 1395 1413 palatia
1421 1378 1606 1412 frequentant.
1623 1377 1762 1405 Exeuntes

979 1424 1050 1450 enim
1065 1424 1103 1450 illi
1124 1423 1319 1451 collaudandos
1341 1430 1370 1451 se
1384 1423 1417 1450 ab
1436 1422 1552 1456 Joanne,
1568 1428 1595 1451 et
1607 1424 1643 1450 ob
1657 1431 1689 1451 ea
1702 1431 1763 1459 qua:

980 1469 1007 1496 in
1022 1469 1080 1497 dies
1097 1470 1244 1504 patrabant
1255 1469 1359 1496 scelera
1385 1468 1480 1497 felices
1502 1469 1690 1504 prtedicandos
1708 1471 1763 1497 exi-

148 1517 323 1551 ριφερόμενον
341 1519 396 1549 τοῖς
413 1518 488 1553 ὑμῶν
510 1518 622 1545 πάθεσιν
636 1517 787 1553 ἄνθρωπον,
805 1517 842 1549 ὡς
858 1517 928 1543 κατὰ

982 1515 1138 1542 stimabant.
1158 1515 1217 1548 Qua
1235 1523 1283 1550 spe
1299 1523 1360 1542 cum
1381 1520 1475 1543 essent
1500 1515 1636 1548 frustrati,
1654 1515 1688 1543 ad
1712 1523 1762 1544 eos

146 1564 208 1595 τους
223 1564 330 1599 μαλακὰ
345 1564 510 1600 φοροῦντας;
533 1565 588 1600 Οὐχ
606 1565 701 1596 οὕτως.
723 1566 760 1592 Οὐ
778 1565 832 1601 γάρ
853 1566 927 1591 ἐστιν

153 1609 277 1645 Ἰωάννης
292 1609 414 1645 κάλαμος
436 1611 613 1646 σαλευόμενος
628 1610 750 1646 γνώμαις
767 1610 925 1646 ἀνθρώπων,

145 1654 182 1685 ὡς
194 1654 350 1690 δονοὺμενος
365 1655 486 1690 κάλαμος
499 1656 551 1682 ὑπὸ
570 1656 686 1691 ἑκάστης
699 1655 849 1692 ἀνθρώπων
862 1657 928 1683 ὐπο-

145 1701 260 1734 κρίσεως
274 1701 320 1727 καὶ
339 1701 456 1736 ἀπάτης.
477 1702 584 1737 Ἐπειδὴ
599 1701 627 1728 δὲ
642 1700 717 1728 εἶπεν
729 1723 736 1735 ,
756 1703 805 1729 Ἐν
820 1711 926 1737 rem:

146 1745 203 1778 τοῖς
214 1745 362 1780 γυναικῶν
374 1748 429 1774 οὐκ
440 1747 505 1774 ἔστι
510 1747 616 1782 μείζων
624 1747 771 1779 Ἰωάννου,
781 1748 824 1775 ῖνα
840 1748 877 1783 μή
888 1756 928 1774 τι·

145 1800 189 1822 νες
204 1791 333 1826 νομίσωσι
343 1792 389 1818 καὶ
403 1792 485 1819 αὑτοῦ
494 1793 541 1819 τοῦ
548 1793 673 1828 Σωτῆρος
684 1793 794 1828 μείζονα
804 1791 872 1820 εἶναι
882 1794 927 1820 τὸν

152 1837 288 1873 Ἰωάννην,
305 1838 345 1864 ὅτι
356 1838 403 1864 καὶ
417 1838 497 1870 αὐτὸς
509 1840 523 1865 ὁ
537 1839 631 1874 Σωτὴρ
646 1840 698 1866 ὑπὸ
715 1840 840 1874 γυναικὸς
853 1840 928 1873 ἐγεν-

145 1881 211 1918 νήθη
227 1901 234 1914 ,
262 1883 312 1918 τῆς
337 1884 515 1920 ἁειπαρθένου
541 1885 649 1920 Μαρίας
664 1905 671 1918 ,
703 1885 747 1912 διὰ
773 1886 928 1920 Πνεύματος

146 1927 232 1961 ἁγίου,
247 1927 460 1964 ἀσφαλιζόμενος
478 1929 550 1964 ἡμᾶς
562 1929 614 1964 ἔφη
624 1949 630 1961 ,
651 1931 691 1957 ὅτι
717 1931 744 1956 Ὁ
755 1931 929 1965 μικρότερος

144 1973 247 2005 αὐτοῦ,
261 1973 383 2000 τουτέστι
397 1974 435 2009 τῷ
452 1976 539 2010 χρόνῳ
555 1975 621 2011 (π’)
639 1975 689 2010 τῆς
703 1977 834 2011 ὲνσάρκου
846 1976 928 2003 αὑτοῦ

145 2019 303 2054 παρουσίας,
317 2019 423 2054 μείζων
440 2020 533 2047 αὑτοῦ
541 2020 626 2047 ἐστιν
635 2021 669 2047 ἐν
679 2021 716 2055 τῇ
721 2022 864 2055 βασιλείᾳ
871 2022 928 2049 τῶν

144 2064 287 2098 (ιιῖῃοανῶν.
315 2065 421 2100 Ἐπειδὴ
446 2067 500 2102 γὰρ
526 2066 594 2101 μετὰ
611 2066 743 2102 ἑξάμηνον
768 2068 898 2104 ἐγεννήθη
915 2070 928 2096 ὁ

145 2110 238 2145 Σιιγτὴρ
263 2110 313 2146 τῆς
340 2111 461 2138 Ἰωάννου
486 2112 636 2147 γεννήσεως
652 2131 659 2144 ,
684 2112 803 2147 δηλονότι
828 2114 927 2148 μείζων

143 2155 225 2181 αὑτοῦ
243 2155 290 2183 ὥν.
309 2154 362 2183 Ἦν
375 2156 429 2192 γὰρ
448 2157 508 2189 ἀεὶ,
528 2158 574 2184 καὶ
588 2157 656 2184 ἔστι.
681 2158 740 2184 Τίνι
760 2158 788 2184 δὲ
805 2159 883 2185 τοῦτο
896 2161 926 2186 οὐ

979 1561 1144 1588 refellendos
1161 1561 1200 1588 ita
1216 1561 1341 1588 Salvator
1356 1561 1466 1588 locutus
1480 1566 1541 1589 est:
1560 1560 1630 1594 Quid
1650 1569 1700 1589 vos
1715 1570 1763 1589 na-

979 1612 1073 1634 cturos
1088 1615 1149 1635 esse
1162 1606 1339 1634 credebatis?
1355 1605 1534 1634 Hominemne
1548 1607 1595 1641 qui
1617 1614 1647 1634 se
1670 1607 1763 1642 pravis

981 1653 1065 1680 animi
1081 1653 1164 1681 vestri
1183 1653 1375 1680 affectionibus
1398 1653 1629 1685 accommodaret,
1648 1653 1722 1688 quod
1744 1654 1763 1681 ii

981 1699 1086 1726 faciunt
1105 1700 1152 1734 qui
1177 1699 1358 1732 mollioribus,
1370 1699 1492 1726 vestibus
1516 1699 1688 1726 induuntur?
1713 1699 1762 1726 Mi-

980 1747 1053 1773 nime
1068 1753 1143 1773 vero.
1159 1745 1218 1772 Non
1234 1746 1308 1773 enim
1323 1744 1444 1773 Joannes
1461 1745 1568 1772 arundo
1583 1745 1706 1780 qumdam
1721 1748 1763 1772 est

981 1792 1121 1819 hominum
1134 1792 1310 1827 opinionibus
1334 1791 1444 1827 agitata,
1460 1792 1502 1819 vel
1519 1791 1642 1826 qualibet
1667 1799 1761 1819 eorum

982 1838 1076 1865 fraude
1107 1845 1139 1866 ac
1170 1828 1346 1865 simulatione
1373 1844 1520 1865 concussa.
1546 1837 1599 1864 Sed
1631 1837 1760 1872 quoniam

981 1885 1047 1912 illud
1066 1884 1203 1919 adjecerat
1220 1893 1225 1910 :
1243 1883 1317 1911 Inter
1337 1888 1412 1910 natos
1425 1884 1564 1910 mulierum
1575 1891 1626 1910 non
1646 1889 1762 1910 narrent

980 1931 1067 1965 major
1083 1930 1185 1957 Joanne
1200 1930 1321 1964 Baptista
1333 1929 1353 1962 ⁵,
1367 1937 1400 1956 ne
1412 1930 1473 1964 quis
1487 1928 1619 1956 Joannem
1635 1928 1687 1956 sibi
1700 1936 1762 1963 per-

980 1976 1120 2008 suaderet,
1134 1976 1215 2003 etiam
1232 1975 1291 2010 ipso
1313 1975 1454 2002 Salvatore
1468 1982 1529 2002 esse
1548 1974 1690 2009 majorem,
1706 1974 1763 2011 89

980 2028 1034 2056 quo
1049 2021 1072 2048 is
1088 2029 1103 2048 a
1126 2019 1248 2053 muliere,
1265 2020 1396 2047 nimirum
1422 2020 1500 2046 beata
1519 2027 1681 2054 semperque
1700 2018 1762 2046 Vir-

980 2068 1043 2103 gine
1062 2067 1146 2094 Maria
1168 2075 1216 2102 per
1240 2066 1371 2101 Spiritum
1397 2070 1523 2093 sanctum
1546 2069 1618 2093 esset
1641 2066 1759 2100 genitus.

980 2117 1010 2140 ut
1028 2120 1078 2140 nos
1092 2116 1188 2140 contra
1210 2112 1284 2139 hunc
1302 2120 1424 2139 errorem
1439 2111 1596 2144 instrueret,
1619 2111 1735 2146 subjecit
1752 2120 1758 2138 :

983 2159 1035 2192 Qui
1051 2159 1135 2186 minor
1152 2159 1235 2186 estin
1260 2166 1337 2192 regno
1364 2157 1499 2188 caelorum,
1530 2158 1615 2192 major
1637 2163 1676 2184 (st
1701 2157 1759 2184 illa.

143 2201 220 2235 δῆλόν
235 2203 321 2234 ὲστιν;
338 2202 409 2237 Ἀρα
424 2202 489 2236 γοῦν
504 2202 625 2237 ματαίως
643 2203 676 2229 τὰ
693 2203 780 2230 πάντα
799 2206 862 2240 παρ’
878 2205 926 2231 αὐ-

982 2205 1059 2238 Quod
1078 2205 1202 2232 videlicet
1222 2202 1329 2231 ratione
1355 2205 1534 2238 tetnporisest
1550 2204 1583 2230 ab
1605 2211 1636 2230 eo
1658 2203 1760 2230 dictum

142 2249 197 2279 τοῖς
219 2249 429 2284 πεποιήτευται,
453 2249 507 2275 ἀπὸ
532 2249 640 2284 ἀγαθῶν
663 2251 703 2282 εἰς
727 2251 815 2285 φαῦλα
840 2261 923 2288 μετα-

143 2293 171 2318 ἢε
176 2292 223 2328 ὅλη
228 2293 306 2328 μένα.

981 2260 1036 2287 quo
1050 2252 1075 2278 in
1104 2253 1177 2278 hunc
1191 2250 1324 2277 mundum
1343 2250 1460 2276 humana
1481 2257 1563 2277 carne
1575 2250 1704 2284 przeditus
1716 2249 1761 2278 ad-

983 2299 1066 2329 venit,
1080 2298 1211 2332 quoniam
1229 2304 1307 2324 sexto
1329 2304 1344 2322 a
1365 2296 1478 2324 Joannis
1502 2297 1644 2324 nativitate
1667 2304 1761 2324 mense

142 2340 268 2368 Christus
284 2344 326 2368 est
353 2341 381 2368 in
407 2341 495 2368 lucem
511 2341 611 2369 editus.
633 2341 684 2374 Qui
701 2342 772 2370 haud
799 2343 882 2372 dubie
908 2347 997 2382 major
1014 2349 1074 2372 erat
1096 2343 1153 2374 illo,
1175 2351 1235 2370 cum
1255 2347 1281 2370 et
1301 2343 1337 2369 sit
1348 2350 1455 2377 semper
1469 2345 1496 2369 et
1515 2342 1606 2369 fuerit.
1623 2342 1690 2375 Quis
1709 2342 1760 2369 hoc

142 2394 206 2414 vero
218 2391 307 2421 potest
322 2387 470 2421 ignorare?
485 2386 598 2414 Frustra
616 2387 696 2423 igitur
713 2389 747 2415 ab
769 2389 822 2417 illis
837 2393 991 2427 excogitata
1006 2395 1069 2418 sunt
1085 2389 1187 2422 omnia,
1206 2393 1234 2416 et
1245 2397 1278 2416 ex
1294 2388 1373 2415 bonis
1386 2387 1413 2414 in
1428 2387 1498 2414 mala
1513 2395 1654 2416 conversa.

176 2432 215 2459 H'.
235 2432 291 2458 Kal.
312 2431 346 2458 τὰ
361 2431 409 2466 μὲν
426 2431 515 2466 βιϐλία
529 2432 617 2459 αὐτῶν
633 2433 732 2460 πολλὰ·
754 2434 926 2469 Ἐρωτήσεις

142 2478 194 2512 γάρ
204 2486 280 2509 τινας
295 2477 405 2513 Μαρίας
418 2478 569 2505 ἐκτίθενται
579 2487 586 2493 ”
605 2478 678 2506 ἄλλοι
692 2479 720 2506 δὲ
737 2481 776 2511 εἰς
797 2480 842 2507 τὸν
858 2489 925 2516 προ-

142 2523 284 2558 ειρημένον
309 2523 482 2556 Ἰαλδαϐαὼθ,
504 2524 544 2555 είς
558 2524 645 2560 ὄνομα
659 2525 687 2551 δὲ
702 2525 748 2551 τοῦ
770 2526 822 2560 Σὴθ
839 2527 925 2553 πολλὰ

143 2568 229 2602 βιϐλία
242 2568 424 2595 ὑποτίθενται.
445 2569 639 2604 ’Δποκαλύψεις
649 2569 677 2596 δὲ
689 2570 735 2596 τοῦ
751 2571 835 2606 Ἀδὰμ
843 2571 925 2603 ἄλλας

141 2611 280 2646 λέγουσιν’
301 2613 447 2648 εὐαγγέλια
468 2613 497 2640 δὲ
509 2614 590 2650 ἕτερα
611 2616 650 2646 εἰς
664 2615 748 2650 ὄνομα
769 2616 823 2642 τῶν
839 2616 924 2652 μαθη-

178 2691 186 2707 ¹
199 2690 294 2719 Matth.
311 2700 349 2726 XI,
364 2692 391 2720 7.
429 2693 439 2708 ¹
455 2691 521 2721 ibid.
536 2694 579 2720 11.
618 2694 629 2710 ³
642 2694 707 2722 ibid.
724 2695 750 2722 8.
789 2695 800 2710 ⁵
813 2694 878 2722 ibid.
896 2695 939 2722 11.

177 2768 233 2837 ξπ)
241 2769 320 2797 Forte
327 2770 480 2798 addendum
491 2771 590 2806 μείζων
599 2770 770 2800 αὐτοῦὲστιι.
780 2771 920 2799 Eum-ru.

190 2804 245 2837 Μ’)
264 2805 404 2833 Τουτέστι
428 2805 468 2837 τῷ
492 2807 596 2837 mera).
613 2806 712 2833 Locum
736 2815 768 2834 ex
792 2807 920 2833 Vaticano

190 2804 245 2841 μ’)
264 2805 404 2833 Τουτέστι
428 2805 468 2838 τῷ
491 2804 596 2841 χρόνῳ.
613 2806 712 2833 Locum
736 2815 768 2834 ex
792 2807 922 2833 Vaticano

145 2838 237 2866 codice
254 2847 310 2867 suae
329 2841 478 2876 integritati
491 2838 674 2870 'chtituiiiius.
697 2841 774 2875 Quod
793 2842 826 2869 ad
839 2850 922 2871 evan-

1013 2434 1080 2462 Vlll.
1109 2434 1242 2461 Caeterum
1273 2432 1334 2460 libri
1361 2440 1444 2466 penes
1478 2433 1539 2460 illos
1566 2433 1760 2468 quamplurimi

974 2484 1048 2508 sunt.
1072 2480 1138 2506 Nam
1163 2479 1387 2514 lnterrogatianes
1410 2477 1541 2512 quasdam
1558 2478 1648 2506 Mariw
1667 2479 1759 2506 vetuli-

974 2530 1042 2554 tant.
1056 2527 1107 2553 Alii
1125 2527 1158 2553 de
1173 2533 1205 2553 eo
1217 2533 1295 2560 quem
1307 2524 1426 2552 diximus
1444 2524 1604 2552 Jaldabaoth
1617 2525 1668 2553 sub
1683 2525 1759 2553 Sethi

973 2573 1082 2600 nomine
1099 2572 1253 2607 complures
1276 2571 1359 2599 libros
1388 2572 1574 2607 supposititios
1599 2571 1758 2599 obtrudunt.

975 2616 1027 2644 Sed
1043 2622 1070 2644 et
1085 2617 1180 2644 Adami
1201 2617 1379 2644 revelationes
1396 2617 1474 2650 alias,
1489 2621 1517 2644 et
1535 2617 1587 2644 alia
1599 2617 1662 2644 item
1677 2624 1746 2644 evan

975 2771 1052 2805 gelici
1089 2771 1177 2805 illius,
1199 2770 1249 2797 loci
1281 2777 1391 2797 sensum
1422 2769 1528 2799 attinet,
1558 2768 1653 2805 eodem
1676 2767 1758 2805 modo

974 2803 1114 2846 Clirysost.
1126 2810 1152 2834 et
1165 2804 1384 2840 Thcophylactus
1399 2809 1546 2839 exportant,
1565 2810 1619 2838 quo
1635 2803 1755 2838 Epipha—

975 2849 1047 2869 111115.
