1944 3037
191 141 307 169 385.

191 246 262 273 ausi.
280 245 336 274 Nec
349 254 397 274 eos
414 247 506 275 dicere
525 248 609 283 pudet
624 248 793 276 Salvatorem
807 254 931 278 nostrum
947 259 980 279 ac

193 289 338 318 Dominum
354 290 448 319 Jesum
470 291 610 319 Christum
630 292 765 327 ejusmodi
781 301 828 328 per
851 302 912 322 sese
926 298 981 322 tur-

192 336 342 370 pitudinem
354 342 532 366 monstrasse.
553 338 660 365 Etenim
675 339 702 366 in
718 338 809 366 Mariae
827 339 981 376 Interroga-

192 382 311 409 tiom'bus
330 390 400 417 quas
414 384 534 418 majores
549 390 648 411 vocant
662 385 737 421 (sunt
756 386 830 413 enim
851 386 910 414 aliae
932 388 980 414 mi-

191 433 274 454 nores
301 427 414 461 perinde
436 430 651 465 commentitire),
676 430 749 458 hunc
764 431 802 458 illi
818 432 980 466 patefecisse

193 472 310 508 lingunt,
325 482 388 502 cum
413 483 473 502 eam
494 476 523 503 in
545 481 664 504 montem
680 477 831 511 eduxisset,
853 483 981 514 essetque

191 523 332 551 precatus,
354 527 386 547 ac
408 520 542 555 producta
561 521 595 549 de
610 522 696 550 latere
711 530 762 550 suo
780 523 895 551 muliere
916 531 980 552 cum

191 570 224 590 ea
239 570 297 590 rem
319 564 420 592 habere
441 566 588 601 coepisset;
606 571 664 594 tum
685 568 798 596 seminis
823 568 866 596 sui
886 569 980 604 profu-

192 608 270 636 sione
282 609 427 644 deguslata
448 616 639 646 monstrasset,
658 612 707 646 ita,
732 618 762 641 ut
777 614 870 642 vivere
892 617 981 650 possi-

192 661 264 685 mus,
279 661 341 682 esse
355 654 509 682 faciendum
535 656 647 684 Addunt
660 661 687 685 et
695 659 882 693 perturbatam
896 659 980 688 fuisse

191 697 315 731 Mariam,
336 704 418 734 atque
441 701 515 728 bumi
534 701 678 734 cecidisse,
700 710 814 738 eamque
833 711 850 730 a
869 703 980 732 Christo

192 751 254 773 cum
277 744 322 772 his
343 745 434 774 verbis
454 750 593 774 erectam:
618 748 707 781 Quare
720 748 848 776 dubitasti
870 749 980 778 modicw

192 790 277 825 ﬁdei?
292 790 381 826 Atque
394 791 446 818 hoc
460 792 549 826 ipsum
565 800 626 820 esse
639 793 744 826 volunt,
760 793 834 828 quod
850 794 878 821 in
892 795 980 822 Evan.

191 837 263 872 gelio
277 836 378 864 dicitur
395 846 400 864 :
417 837 448 864 Si
465 843 567 865 terrena
583 838 637 865 Jixi
651 839 733 872 vobis,
752 845 777 867 et
797 848 848 866 non
865 841 979 868 credidi-

897 145 925 173 S.
947 147 1116 176 EPIPHANll

193 199 264 235 gelia
278 199 347 228 falsa
363 199 561 236 discipulorum
583 202 696 229 nomine
719 203 893 231 conscribere
916 209 980 232 sunt

1031 207 1085 234 τῶν
1107 207 1315 244 συγγράψασθαι
1328 209 1545 245 τετολμήκασινο
1564 210 1646 238 αὐτόν
1657 219 1687 237 τε
1699 211 1745 238 τὸν
1760 212 1820 240 Σιω-

1764 153 1820 182 544

1030 253 1101 289 τῆρα
1114 254 1194 289 ἡμῶν
1207 255 1254 280 καὶ
1276 254 1379 290 Κύριον
1403 255 1505 290 Ἰησοῦν
1519 257 1638 292 Χριστὸν
1657 257 1708 283 οὐκ
1719 258 1818 293 αισχὺ-

1030 307 1119 325 νονται
1139 299 1239 333 λέγειν,
1257 300 1298 327 ὅτι
1320 300 1401 332 αὐτὸς
1423 301 1583 336 ἀπεκάλυψε
1604 301 1654 337 τὴν
1675 302 1819 338 αἰσχρουρ-

1030 344 1093 378 γίαν
1107 344 1219 380 ταύτην.
1242 345 1285 372 Ἐν
1305 345 1360 381 γὰρ
1369 347 1429 377 ταῖς
1447 346 1626 380 Ἐρωτήσεσι
1639 347 1749 384 Μαρίας
1770 357 1818 375 κα-

1030 392 1175 427 λουμέναις
1201 393 1331 427 μεγάλαις
1356 393 1421 428 (εἰσὶ
1444 393 1499 429 γὰρ
1526 393 1574 421 καὶ
1601 394 1698 429 μικραὶ
1724 395 1817 427 αὐτοῖς

1030 438 1236 474 πεπλασμέναι)
1274 438 1446 466 ὑποτίθενται
1471 439 1552 466 αὑτὸν
1583 439 1651 475 αὐτῇ
1677 440 1816 467 ἀποκαλύ-

1031 492 1121 515 πτειν,
1134 483 1326 518 παραλαϐόντα
1344 484 1428 519 αὐτὴν
1445 484 1534 515 εἰς’τὺ
1548 484 1622 520 ὅρος.
1637 485 1686 512 καὶ
1703 485 1818 520 εὐξάμε-

1030 537 1085 560 νον,
1100 529 1146 555 καὶ
1163 528 1312 555 ἐκϐαλόντα
1330 530 1363 556 ὲκ
1375 529 1424 564 τῆς
1447 529 1567 564 πλευρᾶς
1585 529 1815 565 αὐτοῦ’γυναίκα,

1030 573 1078 600 καὶ
1098 573 1252 609 ἀρξάμενον
1273 574 1341 609 αὐτῇ
1363 573 1632 609 ὲγκαταμίγνυσθαι·
1660 575 1709 601 καὶ
1731 574 1817 606 οὕτως

1029 618 1108 654 δῆθεν
1122 618 1172 655 τὴν
1191 619 1342 654 ἀπόρροιαν
1363 618 1446 646 αὐτοῦ
1463 619 1650 654 μεταλαδόντα
1666 619 1761 652 δεῖξαι,
1774 620 1817 647 ὅτι

1029 664 1070 690 δεῖ
1082 664 1168 696 οὕτως
1181 666 1276 697 ποιεῖν,
1294 664 1337 691 ἴνα
1352 663 1479 699 ζήσωμεν
1491 672 1497 678 ·
1525 665 1572 691 καὶ
1584 665 1622 696 ὡς
1640 665 1691 700 τῆς
1710 665 1817 701 Μαρίας

1029 709 1221 745 ταραχθείσης,
1246 711 1294 737 καὶ
1307 711 1445 747 πεσούσης
1466 711 1564 746 χαμαὶ,
1578 711 1658 738 αὐτὸν
1675 711 1756 738 πάλιν
1769 711 1819 738 αὺ-

1028 752 1078 788 τὴν
1100 753 1244 788 ἐγείραντα
1271 755 1358 781 εἰπεῖν
1375 755 1463 790 αὐτῇ·
1489 756 1556 783 Ἵνα
1587 755 1617 782 τι
1642 755 1816 789 ἐδίστασας,

1030 797 1219 832 ὀλιγόπιστε;
1243 798 1297 824 Καί
1321 807 1415 833 φασιν,
1430 799 1472 826 ὄτι
1488 799 1536 826 καὶ
1554 799 1633 826 τοῦτό
1647 801 1705 826 ἐστι
1726 799 1757 826 τὸ
1776 800 1818 826 εί·-

1032 842 1148 877 ρημένον
1160 843 1189 869 έν
1203 842 1242 878 τῷ
1264 843 1433 879 Εὑαγγελίῳ,
1454 845 1494 871 ὅτι
1504 845 1539 871 El
1552 844 1587 871 τὰ
1600 845 1715 880 ἐπίγεια
1731 843 1819 872 εἶπον

192 883 251 913 stia,
267 882 381 910 creleslia
398 884 528 918 quomodo
552 884 661 912 credetis
675 885 701 911 Ὗ
726 885 792 913 item
809 886 876 913 illud
892 896 898 913 :
914 886 980 914 Cum

1031 887 1112 922 ὑμῖν,
1130 888 1180 914 καὶ
1201 889 1257 916 οὐκ
1282 889 1493 922 ἐπιστεύσατε,
1519 890 1555 917 τὰ
1576 890 1739 924 ἐπουράνια
1755 889 1819 923 πῶς

193 927 311 954 δίάιινὶιίε
336 926 436 955 Filium
465 928 575 957 hominis
599 939 629 957 eo
646 930 827 958 ascendentem
854 932 899 959 ubi
924 939 980 961 erat

190 973 302 1008 prius';
319 973 371 1000 hoc
391 977 444 1006 cst,
464 974 602 1010 inquiunt,
622 975 760 1010 proﬂuens
774 984 868 1004 semen
887 985 982 1005 exsor-

192 1023 278 1053 plum,
304 1023 334 1045 ut
356 1026 389 1046 eo
413 1019 486 1047 unde
510 1021 613 1048 exierat
632 1027 793 1050 revertatur.
820 1022 889 1050 Tum
908 1024 981 1058 quod

192 1064 256 1092 alibi
291 1065 423 1099 scriptum
452 1070 494 1094 est
511 1075 518 1094 :
536 1066 599 1094 Nisi
628 1068 849 1096 manducaveritit
875 1078 982 1098 carnem

191 1117 288 1141 meam,
305 1114 330 1137 et
347 1110 464 1138 biberitis
483 1120 568 1138 meum
582 1114 748 1148 sanguinem'
759 1135 766 1140 .
781 1115 823 1142 Ad
840 1123 901 1150 qua:
919 1124 982 1151 per-

192 1155 311 1182 turbatis
328 1156 483 1191 discipulis,
506 1165 539 1185 ac
560 1158 716 1188 dicentibus
730 1170 736 1188 :
753 1161 818 1193 Quis
833 1161 881 1188 hoc
896 1167 980 1196 potest

192 1203 322 1230 audire‘?
336 1203 371 1231 de
385 1205 554 1240 turpitudine
573 1214 727 1235 sermonem
746 1216 808 1235 eum
824 1209 980 1236 institutum

192 1248 302 1281 ferunt,
332 1249 448 1285 ideoque
469 1251 592 1279 turbatos
618 1258 692 1280 retro
720 1253 814 1288 pedem
843 1255 978 1282 retulisse.

191 1294 318 1322 Nondum
338 1296 411 1323 enim
428 1297 548 1331 perfecte
561 1298 731 1326 corroborati
751 1303 829 1327 erant
849 1307 882 1328 ac
896 1301 980 1328 stabi-

188 1340 243 1369 liti.
262 1340 321 1374 Quo
335 1341 416 1368 etiam
432 1341 543 1369 Davidis
559 1343 627 1369 illud
640 1342 744 1370 dictum
758 1344 882 1372 referunt
895 1354 902 1372 ε
919 1345 980 1372 Erit

193 1390 319 1421 tauquam
336 1388 435 1422 lignum
449 1387 518 1422 quod
535 1388 686 1423 plantatum
704 1394 743 1416 est
762 1398 836 1417 secus
853 1391 980 1419 decursus

191 1440 330 1467 aquarum.
346 1433 414 1468 quod
431 1433 548 1468 fructum
562 1442 639 1461 suum
650 1433 724 1461 dabit
735 1435 761 1461 in
773 1440 887 1470 tempore
901 1445 948 1464 suo
956 1437 978 1464 ³.

190 1477 246 1513 90
258 1477 347 1512 Atque
370 1479 397 1505 in
413 1485 445 1506 eo
473 1479 545 1514 quod
563 1480 696 1515 scriptum
715 1485 775 1508 est:
792 1481 872 1509 Secus
889 1483 980 1509 decur-

1031 934 1226 966 πιστεύσετε;
1246 934 1293 961 καὶ
1314 935 1355 967 τὸ,
1374 935 1466 962 ’Ὅταν
1485 935 1566 969 Ζὸητε
1590 935 1645 962 τὸν
1674 936 1741 963 Υίὸν
1763 936 1818 963 τοῦ

1031 978 1187 1013 ἀνθρώπου
1211 980 1412 1015 ἀνερχόμενον
1438 981 1513 1008 ὅπου
1537 980 1577 1016 ἦν
1598 981 1632 1009 τὸ
1657 981 1816 1016 πρότερον·

1030 1024 1153 1050 τουτέστι
1165 1024 1215 1060 τὴν
1229 1025 1379 1061 ἀπόρροιαν
1394 1025 1682 1062 μεταλαμϐανομένην,
1697 1026 1757 1053 ὅθεν
1770 1026 1819 1052 καὶ

1031 1069 1143 1104 ἐξῆλθε·
1165 1070 1257 1097 καὶτὸ
1278 1071 1381 1097 εἰπεῖν·
1403 1071 1473 1098 Ἐὰν
1487 1071 1530 1106 μὴ
1555 1071 1668 1107 φάγητε
1688 1080 1746 1106 μου
1760 1070 1819 1104 τὴν

1031 1116 1139 1150 σάρκα,
1156 1116 1204 1143 καὶ
1218 1116 1306 1150 πίητὲ
1317 1126 1377 1151 μου
1392 1117 1425 1144 τὸ
1444 1115 1523 1152 ιιᾷια.
1541 1118 1597 1145 Kal
1617 1117 1671 1144 τῶν
1689 1116 1818 1152 μαθητῶν

1030 1161 1251 1197 ταρασσομένων,
1277 1161 1325 1187 καὶ
1341 1161 1484 1195 λεγόντων,
1510 1162 1557 1195 Τίς
1580 1161 1705 1188 δύναται
1729 1161 1818 1189 τοῦτο

1031 1207 1177 1238 duci/crat;
1198 1207 1290 1241 φασὶν,
1304 1207 1342 1239 ὠς
1358 1207 1422 1242 περὶ¹
1442 1208 1492 1242 τῆς
1504 1207 1681 1243 αἱσχρότητος
1694 1205 1728 1242 ἦν
1741 1208 1756 1234 ὁ
1775 1206 1819 1233 λό-

1030 1262 1096 1288 γος·
1121 1253 1160 1280 διὸ
1190 1253 1238 1279 καὶ
1266 1253 1474 1289 ἐταράχθησαν,
1501 1254 1548 1280 καὶ
1573 1253 1693 1289 ἀπῆλθον
1719 1253 1759 1285 εις
1784 1253 1819 1280 τὰ

1031 1301 1127 1327 ὀπίσω.
1145 1299 1228 1326 Οΰπω
1244 1299 1299 1336 γὰρ
1311 1297 1391 1335 ἦσαν,
1412 1300 1506 1334 φασὶν,
1522 1300 1551 1326 ἐν
1570 1299 1732 1336 πληρώματι
1743 1299 1820 1326 ἐστε-

1032 1346 1172 1382 ρεωμένοι.
1193 1346 1248 1372 Καὶ
1269 1345 1300 1372 τὸ
1320 1346 1410 1372 εἰπεῖν
1427 1345 1473 1372 τὸν
1487 1345 1582 1381 Δα6ί6,·
1606 1346 1712 1373 Ἔσται
1729 1346 1770 1378 ὡς
1785 1345 1820 1372 τὸ

1031 1392 1127 1425 ξύλον
1142 1391 1176 1418 τὸ
1193 1390 1419 1426 πεφυτευμένον
1433 1390 1513 1424 παρὰ
1527 1390 1580 1423 τὰς
1593 1390 1748 1422 διεξόδους
1760 1389 1821 1417 τῶν

1032 1436 1157 1467 ὑδάτων,
1170 1436 1186 1464 ὃ
1202 1436 1256 1463 τὸν
1269 1435 1386 1470 καρπὸν
1401 1436 1494 1463 αὑτοῦ
1508 1435 1597 1462 δώσει
1611 1435 1646 1462 ἐν
1657 1434 1747 1470 καιρῷ
1763 1436 1818 1462 αὐ-

1029 1483 1098 1510 τοῦ·
1115 1483 1178 1518 περὶ¹
1195 1483 1246 1518 τῆς
1259 1482 1437 1518 αἱσχρότητος
1450 1481 1498 1508 τοῦ
1515 1481 1622 1518 ἀνδρὸς,
1636 1482 1713 1516 φασὶ,
1731 1481 1816 1516 λέγει,

191 1532 238 1551 sua
251 1533 390 1559 aquarum,
405 1525 519 1552 iudicari
531 1526 583 1553 viri
596 1526 747 1554 fmditatem
762 1528 895 1561 asseruit;
905 1529 979 1556 istud

1037 1528 1099 1555 Ἐπὶ
1118 1532 1175 1563 τὴν
1191 1528 1299 1560 ἔξοδον
1314 1528 1372 1555 τῶν
1389 1528 1515 1556 ὑδάτων.
1535 1527 1600 1558 Καὶ,
1612 1528 1661 1576 ¹’⁸0
1679 1527 1733 1554 τὸν

191 1577 272 1597 vero:
288 1570 364 1604 Quod
375 1571 492 1605 fructum
509 1580 587 1598 suum
602 1572 675 1600 dabit
689 1573 716 1600 in
733 1577 847 1608 tempore
862 1582 920 1606 suo.
932 1582 980 1602 vo—

191 1614 305 1650 luptatis
327 1615 515 1644 demonstrare
536 1617 705 1651 proluviem;
731 1625 794 1644 nam
814 1619 886 1653 quod
903 1618 981 1646 addi-

191 1663 323 1692 tum-est,
339 1659 372 1686 Et
385 1660 481 1694 folium
493 1661 550 1696 ejus
563 1670 615 1689 non
634 1662 729 1696 deﬂuat
740 1663 762 1695 °,
783 1667 840 1689 tum
858 1671 873 1690 a
889 1663 978 1695 nobis.

191 1707 332 1741 inquiunt,
355 1706 503 1742 perﬁcitur.
529 1716 591 1735 cum
617 1710 643 1736 in
660 1715 759 1736 terram
782 1710 908 1738 decidere
925 1718 980 1738 non

192 1751 323 1787 patimur,
342 1752 390 1779 sed
408 1752 597 1787 ipsimetillud
610 1754 791 1782 absumimus.

227 1795 275 1824 1X.
295 1799 334 1824 Ac
350 1805 384 1825 ne
405 1799 519 1833 prolatis
542 1799 648 1826 illorum
665 1801 831 1829 testimoniis
850 1802 912 1837 plus
933 1802 982 1830 de-

192 1844 316 1870 trimenti
328 1851 410 1878 quam
433 1845 560 1873 utilitatis
582 1845 705 1876 aderam.
731 1846 833 1875 idcirco
852 1849 981 1883 pleraque

193 1889 304 1917 silentio
324 1891 539 1925 praetermittam.
553 1882 682 1927 Alioquin
693 1893 795 1924 omnia,
817 1902 877 1928 qua:
893 1894 929 1923 ab
948 1895 981 1921 il-

193 1936 229 1963 lis
243 1935 384 1968 dicuntur,
402 1936 454 1964 hoc
470 1937 531 1964 loco
543 1938 707 1972 explicando
723 1946 978 1967 commemorarem.

192 1981 262 2008 Nam
281 1981 356 2016 quod
389 1981 417 2008 in
439 1981 581 2016 Scriptura
601 1983 717 2019 legimus
741 1983 817 2011 Raab
838 1986 981 2013 coccinum

193 2028 222 2055 in
234 2027 354 2056 fenestra
365 2028 493 2063 posuisse
504 2029 526 2062 ⁷,
539 2036 596 2056 non
607 2030 749 2057 coccinum
758 2034 828 2062 erat,
843 2031 980 2066 inquiunt,

194 2074 243 2102 sed
264 2075 397 2102 muliebre
420 2075 599 2110 pudendum:
616 2076 644 2103 in
667 2084 722 2111 quo
743 2078 888 2105 coccineus
906 2078 982 2105 color

195 2123 366 2146 menstruum
389 2120 551 2155 sanguinem
571 2121 715 2156 signiﬁcat.
740 2121 812 2154 Quin
832 2123 914 2149 etiam
935 2131 982 2150 eo-

193 2164 256 2192 dem
271 2165 337 2192 illud
360 2170 464 2201 spectat
480 2176 487 2194 :
503 2166 568 2194 Bibe
584 2175 681 2202 aquam
695 2167 727 2194 de
744 2168 797 2195 tuis
815 2169 885 2195 vasis
895 2169 915 2194 ⁸.
938 2168 982 2196 Si-

1030 1575 1089 1601 πὸν
1101 1574 1193 1602 αὑτοῦ
1206 1573 1305 1605 δώσει,
1322 1572 1371 1608 τὴν
1388 1573 1438 1608 τῆς
1458 1572 1555 1608 ἡδονῆς
1573 1571 1724 1608 ὲπίρῤοιαν,
1740 1571 1817 1605 φασὶ,

1030 1618 1120 1653 λέγει·
1137 1618 1192 1645 Καὶ
1211 1618 1245 1645 τὸ
1262 1618 1382 1652 φύλλον
1399 1617 1492 1644 αὑτοῦ
1506 1617 1563 1644 οὐκ
1582 1615 1817 1651 ἁπορῤυήσεται.

1029 1666 1070 1692 ὅτι
1085 1665 1134 1691 οὐκ
1150 1663 1239 1699 ἐῶμεν
1255 1663 1320 1690 αὐτὸ
1335 1663 1424 1698 χαμαὶ
1438 1663 1541 1695 πεσεῖν,
1556 1661 1625 1688 ἀλλὰ
1648 1661 1724 1689 αὐτοὶ
1751 1661 1816 1688 αὐτὸ

1030 1711 1165 1746 ἐσθίομεν.

1065 1802 1103 1829 Θ’.
1123 1800 1179 1827 Καὶ
1191 1800 1236 1827 ἴνα
1262 1800 1299 1836 μὴ
1324 1799 1374 1831 τὰς
1401 1798 1554 1834 μαρτυρίας
1577 1795 1666 1824 αὐτῶν
1691 1797 1721 1822 ὲν
1744 1795 1819 1831 μέσῳ

1031 1848 1105 1882 ἄγων
1125 1846 1219 1882 βλάψω
1245 1845 1344 1881 μᾶλλον
1369 1845 1440 1880 ἥπερ
1457 1844 1601 1878 ὠφελήσω,
1620 1842 1715 1869 τούτου
1738 1841 1819 1877 χάριν

1030 1892 1065 1919 τὰ
1081 1892 1166 1919 πολλὰ
1187 1891 1389 1927 ὑπερϐήσομαι.
1412 1890 1489 1916 Ἐπεὶ
1505 1890 1516 1905 ⁹
1537 1890 1570 1916 ἂν
1586 1888 1620 1915 τὰ
1639 1888 1727 1914 πάντα
1752 1887 1819 1922 παρ’

1031 1939 1122 1970 αὐτοῖς
1136 1938 1229 1968 κακῶς
1245 1937 1378 1972 λεγόμενα
1397 1935 1514 1962 ἐνταῦθα
1548 1934 1765 1970 παρατιθέμενος
1781 1933 1820 1959 δι-

1031 1984 1172 2020 ηγόρευον.
1190 1983 1227 2010 Τὸ
1239 1983 1396 2018 γὰρείπεῖν,
1407 1982 1482 2017 φασὶ,
1499 1981 1649 2008 τεθεικέναι
1663 1979 1713 2016 τὴν
1735 1980 1819 2006 Ῥαὰϐ

1032 2030 1156 2057 κόκκινον
1176 2031 1205 2056 ὲν
1222 2031 1255 2065 τῇ
1273 2028 1371 2064 θυρίδι,
1385 2028 1435 2055 οὐκ
1449 2025 1494 2063 ἦν,
1507 2028 1585 2062 φασὶ,
1599 2027 1735 2059 κόκκινον,
1751 2025 1820 2053 ἀλλὰ

1031 2076 1066 2103 τὰ
1089 2075 1173 2111 μόρια
1185 2076 1234 2110 τῆς
1253 2074 1413 2109 γυναικείας
1431 2074 1555 2108 φύσεως·
1574 2074 1622 2100 καὶ
1639 2073 1671 2099 τδ
1694 2073 1819 2100 κόκκινον

1032 2119 1101 2157 αἷμα
1124 2122 1178 2148 τῶν
1202 2121 1378 2157 καταμηνίων
1403 2121 1489 2155 λέγει.
1510 2119 1562 2147 Καὶ
1581 2119 1611 2146 τὸ
1632 2120 1729 2152 εἰπεῖν,
1747 2119 1820 2146 Πίνε

1032 2167 1126 2194 ﬁdam
1142 2167 1200 2194 ἀπὸ
1219 2165 1282 2193 σῶν
1302 2166 1512 2201 ἀγγείων,περὶ
1529 2165 1623 2191 τούτου
1646 2164 1728 2198 λέγει.
1750 2163 1820 2190 Φασὶ

194 2211 305 2246 quidem
319 2212 431 2239 interire
445 2220 568 2245 carnem,
586 2221 636 2241 nec
651 2214 766 2241 excitari
782 2214 872 2241 denuo
884 2215 980 2249 prandi-

1032 2214 1060 2240 δὲ
1074 2211 1143 2240 εἶναι
1161 2213 1210 2248 τὴν
1227 2213 1316 2248 σάρκα
1331 2211 1531 2246 ἀπολλυμένην,
1549 2210 1597 2236 καὶ
1620 2209 1657 2245 μὴ
1672 2209 1820 2245 ἐγειρομέ-

194 2261 270 2289 cant.
296 2264 411 2292 eamque
432 2258 465 2285 ad
480 2258 630 2294 principem
646 2259 793 2294 pertinere.
810 2259 871 2287 Vim
891 2265 983 2288 autem

196 2303 281 2333 illam,
297 2311 359 2338 quae
384 2304 410 2330 in
432 2304 582 2332 menstruis
608 2308 651 2332 est
671 2312 704 2332 ae
729 2305 843 2337 semine,
864 2306 982 2332 animam

195 2355 267 2380 esse,
285 2356 366 2383 quam
384 2341 527 2377 collectam
544 2350 723 2378 comedimus.
746 2350 822 2378 Unde
840 2359 902 2377 cum
922 2358 985 2377 car-

195 2393 278 2421 nibus
304 2398 351 2420 aut
376 2394 508 2427 oleribus,
534 2399 581 2421 aut
611 2402 690 2430 pane,
712 2399 759 2422 aut
781 2396 834 2422 alio
854 2396 983 2431 quopiam

194 2439 341 2470 vescimur.
356 2439 425 2466 bene
438 2439 472 2467 de
489 2441 589 2467 creatis
604 2441 685 2468 rebus
703 2449 849 2473 meremur,
865 2441 929 2468 dum
947 2449 981 2468 ex

195 2483 239 2510 liis
252 2484 380 2511 omnibus
395 2484 514 2514 animam
531 2492 720 2519 corrogamus,
736 2492 769 2512 ac
788 2484 933 2513 nobiscum
952 2485 980 2512 in

195 2529 295 2558 caelum
319 2529 470 2557 eveliimus.
498 2529 615 2565 Ideoque
635 2538 735 2566 genere
760 2531 834 2558 omni
857 2531 981 2558 carnium

195 2578 321 2606 utuntur,
337 2580 366 2602 ut
381 2575 498 2610 generis,
514 2577 600 2608 aiunt,
617 2577 705 2604 nostri
721 2577 909 2604 misereamur.
925 2575 982 2603 (Σω-

195 2624 284 2648 terum
297 2621 420 2648 eamdem
436 2621 526 2649 inesse
536 2626 633 2657 putant
646 2622 820 2655 animalibus,
834 2627 860 2650 et
874 2623 980 2655 bestiis,

1033 2267 1100 2294 νην·
1117 2256 1230 2286 εἷναι-δὲ
1252 2257 1353 2293 ταύτην
1365 2257 1413 2283 τοῦ
1428 2257 1567 2292 ἄρχοντος.
1590 2255 1644 2291 Τὴν
1662 2255 1689 2281 δὲ
1705 2254 1821 2289 δύναμιν

1033 2306 1083 2341 τὴν
1108 2305 1136 2331 ὲν
1153 2305 1210 2336 τοῖς
1226 2303 1404 2339 καταμηνίοις
1425 2302 1472 2330 κοιλ¹
1495 2302 1523 2328 ὲν
1547 2302 1608 2333 ταῖς
1624 2302 1716 2335 γοναῖς
1730 2299 1820 2334 ψυχὴν

1033 2348 1103 2376 εἶναι
1129 2358 1221 2384 φασιν,
1246 2349 1279 2384 ἣν
1307 2347 1482 2381 συλλέγοντες
1508 2346 1645 2383 ἐσθίομεν.
1670 2345 1725 2372 Καὶ
1747 2344 1819 2380 ἅπερ

1034 2397 1113 2431 ἡμεῖς
1130 2395 1254 2430 ἐσθίομεν
1271 2394 1326 2429 (75)
1348 2394 1426 2429 κρέα,
1441 2393 1457 2428 ἢ
1483 2392 1598 2428 λάχανα,
1616 2391 1633 2427 ἢ
1655 2391 1746 2427 ἄρτον,
1763 2391 1780 2425 ἡ
1792 2399 1820 2419 τι

1034 2441 1138 2476 ἕτερον,
1165 2440 1244 2476 χάριν
1267 2439 1397 2474 ποιοῦμεν
1420 2439 1481 2469 ταῖς
1502 2437 1618 2468 κτίσεσι,
1644 2435 1819 2469 συλλέγοντες

1034 2486 1087 2512 ἀπὸ
1103 2486 1210 2512 πάντων
1228 2484 1276 2520 τὴν
1292 2483 1390 2520 ψυχὴν,
1407 2483 1454 2510 καὶ
1473 2482 1670 2518 μεταφέροντες
1686 2481 1745 2516 μεθ’
1757 2481 1807 2507 tau

1033 2531 1088 2557 τῶν
1112 2531 1151 2562 εἰς
1176 2529 1210 2556 τὰ
1232 2529 1390 2564 ἐπουράνια.
1418 2528 1518 2563 Διόπερ
1541 2527 1588 2553 καὶ
1611 2526 1719 2552 πάντων
1738 2534 1820 2561 μετα-

1034 2575 1201 2611 λαμϐάνουσι
1216 2574 1304 2610 κρεῶν
1318 2574 1453 2607 λέγοντες,
1470 2574 1515 2600 ἵνα
1530 2573 1686 2608 ἐλεήσωμεν
1699 2572 1729 2598 τὸ
1741 2571 1819 2606 γένος

1035 2621 1124 2658 ἡμῶν.
1136 2621 1273 2648 Φάσκουσι
1285 2621 1313 2648 δὲ
1326 2621 1375 2657 ¹τὴν
1387 2620 1472 2656 αὐτὴν
1484 2619 1572 2655 ψυχὴν
1585 2616 1655 2645 εἶναι
1672 2617 1701 2646 ἐν
1718 2626 1749 2644 τε
1763 2619 1820 2653 τοῖς

234 2696 334 2733 Ἴσσῃ,
348 2705 388 2733 ιιι,
407 2697 451 2726 12.
490 2699 500 2713 ’
514 2697 594 2726 Joan.
612 2706 651 2732 vr,
668 2698 712 2727 66.
752 2699 762 2715 ³
777 2700 843 2727 ibid.
857 2700 901 2727 5st.
939 2701 949 2715 ‘
967 2700 980 2727 il

1048 2700 1092 2727 61.
1126 2701 1136 2716 ⁸
1148 2700 1221 2728 Psal.
1234 2708 1253 2733 ι,
1267 2700 1293 2728 3.
1334 2699 1344 2715 ⁶
1360 2698 1426 2726 ibid.
1459 2698 1470 2714 ⁷
1485 2696 1568 2725 Iosue
1584 2704 1615 2730 ιι,
1629 2696 1677 2724 Si.
1710 2695 1721 2712 '
1737 2694 1819 2722 Prov.

195 2739 223 2764 γ,
245 2732 285 2759 l5.
303 2746 312 2763 ι
329 2733 339 2748 ¹
353 2732 383 2761 F.
399 2733 457 2764 πῶς
468 2733 510 2760 ἄν.

231 2802 287 2837 (75)
304 2803 359 2831 Kal
375 2803 451 2839 ἅπερ
465 2803 550 2839 ἡμεῖς
566 2804 716 2839 ἐσθίωμεν.
731 2804 803 2832 idem
825 2803 966 2832 Manichaci

1031 2804 1110 2833 litare
1124 2804 1258 2838 solebant,
1272 2808 1302 2832 ut
1315 2812 1348 2832 ex
1363 2803 1432 2840 Aug.
1449 2803 1497 2832 lib.
1523 2802 1655 2831 Adversus
1685 2801 1818 2829 Fausta.

200 2842 320 2873 apparet.
