1944 3037
88 137 92 141 ,
125 112 187 140 545

454 114 639 144 ADVERSUS
658 115 829 144 ιιιΕιιΕεΕδ
848 115 913 145 LIB.

980 118 1051 146 I'OM.
1073 119 1104 146 ll.
1123 136 1159 141 —
1175 119 1313 150 IIERES.
1330 122 1423 151 XXVI.

1715 111 1768 154 sic

129 172 216 204 ζώοις
233 172 281 199 καὶ
296 173 324 199 ὲν
348 173 503 205 κνωδάλοις,
521 174 569 200 καὶ
595 174 694 210 ἰχθύσι,
711 176 760 202 καὶ
773 175 861 210 ὕφεσι,
877 176 925 204 καὶ

980 181 1003 205 et
1022 178 1144 213 piscibus
1163 187 1196 207 ac
1217 181 1391 215 serpentibus
1414 182 1544 215 animam,
1569 190 1628 217 quae
1646 183 1766 212 homini-

99 221 101 226 ‘
130 217 292 254 ἀνθρώποις
311 219 545 255 ὲγκατεσπάρθαι,
563 220 610 247 καὶ
627 222 656 247 ὲν
675 221 812 255 λαχάνοις,
835 222 883 248 καὶ
898 222 928 249 ὲν

129 262 270 298 δένδρεσι,
288 264 335 290 καὶ
354 264 383 290 ὲν
397 265 560 300 γεννήμασι.
577 266 633 292 Καὶ
657 266 683 292 οι
704 267 755 301 μὲν
777 266 868 294 αὐτῶν
883 266 929 292 Φι-

133 309 261 335 6ιωνῖται
279 309 440 345 καλούμενοι
459 311 626 347 ἀναφέρουσι
642 312 692 344 τὰς
706 313 822 349 αἰσχρὰς
839 315 929 342 αὐτῶν

134 353 233 386 θυσίας
253 355 303 390 τῆς
321 356 462 391 πορνείας,
475 357 524 390 τὰς
538 358 584 392 ὑφ’
600 358 679 393 ἡμῶν
694 359 810 386 ἐνταῦθα
834 369 928 396 προει-

135 401 261 436 ρημένας
294 403 407 438 ὀνόμασι
438 405 605 439 τριακοσίοις
630 405 864 440 ὲξηκονταπέντε,
888 406 929 440 οἷς

133 447 215 481 αὐτοὶ
235 448 356 476 ἔπλασαν
379 450 518 485 ἀρχόντων
542 451 640 486 δῆθεν,
669 452 851 487 ἐμπαίζοντες
873 455 929 485 τοῖς

132 493 337 528 γυναικαρίοις,
356 495 403 521 καὶ
422 495 566 529 λέγοντες·
591 496 695 531 Μίγηθι
716 497 774 532 μετ’
790 497 869 533 ἐμοῦ,
885 498 930 525 ἵνα

134 545 168 564 σε
192 538 332 573 ἀνενέγκω
354 540 422 575 πρὸς
446 541 493 568 τὸν
519 542 648 578 ἄρχοντα.
672 542 739 569 Καθ’
764 544 884 580 ἑκάστην
901 544 928 571 δὲ

136 583 214 619 μίξιν
239 584 418 620 ὀνομάζουσιν
439 587 498 619 ἑνὸς
513 587 600 623 ὄνομά
620 597 692 620 τινος
716 589 853 626 βάρϐαρον
874 590 928 618 τῶν

135 630 205 665 παρ’
220 631 312 663 αὐτοῖς
335 632 565 669 πεπλανημένων,
589 634 637 661 καὶ
651 633 731 669 δῆθεν
745 634 870 670 εὔχονται
885 637 930 663 λέ-

117 685 122 687 ·
135 683 250 710 γοντεςο
267 677 463 714 Προσφέρομέν
484 688 525 706 σοι
538 679 578 715 τῷ
589 680 666 714 δεῖνι,
681 680 724 707 ἵνα
741 682 928 719 προσενέγκῃς

135 723 178 758 τῷ
189 723 265 750 δεῖνι.
286 724 325 760 Τῇ
342 724 370 751 δὲ
385 725 453 762 ἄλλῃ
470 726 551 753 πάλιν
567 727 639 761 μίξει
659 727 731 762 ἄλλῳ
756 728 928 756 ὑποτίθενται

135 768 269 801 ὡσαύτως
284 771 458 807 προσφέρειν,
480 772 523 799 ἵνα
544 773 590 798 καὶ
603 773 685 805 αὐτὸς
706 773 745 808 τῷ
766 774 848 810 ἄλλῳ.
872 775 927 802 Καὶ

135 814 191 847 ἕως
205 815 237 842 ἂν
253 815 328 852 ἔλθῃ,
346 817 446 852 μᾶλλον
462 818 490 844 δὲ
505 818 623 854 κατέλθῃ
643 821 804 855 τριακοσίας
816 820 924 856 ἑξηκον-

134 861 254 888 ταπέντε
278 862 397 894 πτώσεις
407 863 459 897 τῆς
471 863 608 898 λαγνείας,
625 865 686 892 καθ’
701 865 819 900 ἑκάστην
841 855 927 901 ὄνομά
942 855 963 882 Β

134 915 163 933 τι
183 907 351 934 ἐπικαλεῖται
365 908 396 934 τὸ
414 908 518 935 τοιοῦτο
533 910 726 945 ἐργαζόμενος.
744 911 799 937 Καὶ
813 911 927 946 ἄρχεται

135 953 221 980 πάλιν
248 954 372 980 κατιέναι
395 954 440 981 διὰ
464 954 518 981 τῶν
543 955 648 988 αὐτῶν,
671 955 706 982 τὰ
732 956 800 983 αὐτὰ
826 958 926 993 αἰσχρὰ

136 999 272 1026 ἐπιτελῶν
297 1000 344 1026 καὶ
366 1000 510 1035 ὲμπαίζων
531 1003 591 1033 ταῖς
616 1002 819 1036 ὴπατημέναις.
844 1003 926 1030 Ὅταν

137 1043 187 1072 οὗν
203 1047 244 1077 είς
259 1046 387 1073 τοσοῦτον
409 1046 526 1082 ἀριθμοῦ
550 1047 631 1081 ὄγκον
656 1048 738 1083 ἐλάσῃ
756 1048 926 1076 ἑπτακοσίων

137 1092 285 1127 τριάκοντα
308 1092 448 1124 πτώσεων,
464 1092 535 1126 λέγω
555 1092 587 1128 δὴ
612 1093 712 1128 μίξεων
733 1093 863 1130 αἰσχρῶν,
879 1096 927 1122 καὶ

137 1137 278 1173 ὀνομάτων
302 1138 356 1165 τῶν
375 1139 439 1173 παρ’
457 1138 548 1169 αὐτοῖς
569 1139 779 1174 πεπλασμένων,
797 1140 857 1166 τότε
872 1140 926 1166 λοι-

137 1184 191 1210 ιπὺν
209 1183 296 1219 τολμᾷ
312 1185 326 1210 ό
342 1185 472 1218 τοιοῦτος,
490 1185 538 1212 καὶ
552 1184 642 1219 λέγει·
671 1186 741 1220 Ἐγώ
761 1189 818 1222 εἰμι
832 1188 846 1213 ὁ
860 1188 927 1222 Χρι-

138 1230 212 1261 στός*
243 1230 337 1265 ἐπειδὴ
357 1230 458 1257 ἄνωθεν
471 1231 645 1267 καταϐέϐηκα
660 1232 703 1258 διὰ
715 1232 769 1259 τῶν
782 1232 922 1268 ὀνομάτων

138 1276 193 1303 τῶν
207 1276 261 1308 τξε¹
275 1276 424 1311 ἀρχόντων.

174 1321 204 1350 Ῑ’.
223 1322 263 1349 Τὰ
273 1322 301 1349 δὲ
312 1323 366 1349 τῶν
383 1322 514 1358 μειζόνων
532 1323 592 1350 κατ’
605 1323 704 1354 αὐτοὺς
717 1323 854 1359 ἀρχόντων
870 1325 927 1352 δνό-

141 1377 214 1403 ματα
236 1368 323 1395 ταῦτα
345 1366 415 1395 εἶναι
437 1368 557 1403 λέγουσι,
582 1369 696 1401 πολλοὺς
718 1369 852 1404 λέγοντες.
883 1371 927 1398 Ἐν

141 1414 191 1450 μὲν
204 1414 243 1450 τῷ
258 1414 359 1450 πρώτῳ
377 1415 484 1451 οὐρανῷ
498 1413 567 1441 εἶναι
581 1415 627 1441 τὸν
652 1415 713 1441 Ἰαὼ
728 1415 857 1451 ἄρχοντα,
872 1417 920 1444 καὶ

139 1461 168 1486 ὲν
185 1460 224 1495 τῷ
241 1461 359 1496 δευτέρῳ
373 1461 455 1495 φασὶν
469 1458 537 1488 εἶναι
549 1462 594 1488 τὸν
609 1462 715 1488 Σακλᾶν
734 1462 852 1498 ἄρχοντα
876 1463 926 1498 τῆς

980 223 1032 252 hus
1065 224 1141 254 insit.
1161 233 1267 253 necnon
1288 230 1315 253 et
1340 227 1471 259 oleribus.
1497 232 1524 255 et
1558 228 1713 262 arboribus,
1733 237 1766 258 ac

980 270 1149 305 germinibus
1166 271 1296 300 infusam.
1313 271 1372 299 Jam
1386 281 1451 301 vero
1464 274 1510 308 qui
1522 281 1555 301 ex
1575 274 1609 301 iis
1625 274 1766 302 Philiioni-

979 321 1014 342 ta:
1027 319 1160 344 vocantur
1177 317 1346 345 exsecranda
1361 318 1407 345 illa
1423 319 1543 347 libidinis
1566 327 1656 351 sacra.
1672 328 1733 355 qum
1750 328 1766 347 a

978 361 1058 389 nobis
1072 362 1207 396 explicata
1225 367 1300 395 sunt,
1319 370 1420 391 CCCLXV
1438 365 1596 392 nominibus
1612 366 1764 398 ascribunt,

979 415 1040 442 quae
1066 408 1219 442 principum
1243 416 1304 436 esse
1330 410 1440 444 propria
1458 411 1606 439 commen'i
1627 415 1702 440 sunt.
1727 412 1765 440 Ita

978 453 1150 480 mulierculis
1182 453 1327 482 illudentes
1348 455 1544 491 :Congredere
1569 464 1694 489 mecum,
1723 459 1766 485 in~

978 499 1087 533 quiunt,
1103 503 1133 526 ut
1145 503 1173 526 te
1188 499 1221 526 ad
1238 500 1389 536 principem
1404 502 1562 537 perducam.
1579 502 1647 529 Tum
1663 503 1697 530 ad
1708 503 1765 531 sin-

978 545 1058 579 gulus
1081 546 1171 573 coitus
1187 546 1335 574 barbarum
1359 548 1470 582 aliquod
1486 548 1569 576 unius
1583 556 1616 576 ex
1640 548 1694 576 illis
1715 557 1766 577 no-

978 598 1041 618 men
1066 595 1168 619 temere
1194 592 1228 619 ab
1258 592 1292 620 iis
1315 594 1498 628 excogitatum
1525 595 1713 628 pronuntiant,
1733 601 1766 623 ac

978 636 1107 663 nimirum
1119 637 1170 664 hac
1185 637 1302 664 formula
1317 642 1483 672 precantur:
1498 638 1559 666 Tibi
1573 639 1764 673 N.ol]'erimus,

977 687 1008 709 ut
1025 681 1059 709 N.
1081 683 1203 710 vicissim
1225 683 1342 716 oli‘eras;
1365 684 1429 712 inde
1449 684 1504 712 alio
1525 692 1622 713 rursus
1643 686 1670 712 in
1697 693 1765 713 eon-

977 735 1073 763 gressu
1097 728 1174 756 alteri
1198 737 1228 757 se
1252 729 1350 757 oti’erre
1370 730 1529 765 praedicant,
1552 735 1581 758 ut
1598 735 1625 758 et
1646 732 1670 760 is
1687 731 1766 760 alteri

978 778 1163 809 repraesentet.
1175 774 1213 802 Ita
1225 775 1311 803 donec
1324 783 1372 811 per
1384 783 1484 804 cccuv
1495 776 1617 804 libidinis
1635 784 1669 806 at:
1681 778 1765 806 lasci-

977 821 1027 847 viae
1053 821 1156 855 gradus
1179 821 1363 854 ascenderint,
1380 823 1423 850 vel
1446 823 1641 850 descenderint
1659 823 1763 858 potius,

977 867 1086 901 quoties
1107 866 1239 895 Venerem
1265 872 1401 902 repetunt,
1423 868 1557 903 ejusmodi
1582 869 1693 904 aliquod
1713 877 1767 897 no-

978 922 1040 941 men
1063 914 1211 948 appellant.
1240 914 1305 941 Inde
1325 923 1372 949 per
1395 915 1490 942 eadem
1520 915 1566 942 illa
1587 915 1766 950 turpitudinis

977 960 1091 995 vestigia
1109 960 1278 994 relabuntur,
1299 968 1330 987 ac
1349 961 1547 988 circumventis
1570 967 1586 987 ξι
1609 968 1640 988 se
1657 969 1768 988 muner-

978 1006 1049 1034 culis
1067 1005 1196 1034 illudunt.
1211 1006 1263 1041 91
1278 1005 1426 1041 Postquam
1450 1010 1539 1033 autem
1565 1006 1689 1034 iterando
1714 1012 1763 1032 sar

977 1053 1039 1087 pius
1056 1052 1214 1083 concubitu,
1230 1059 1262 1078 ac
1276 1051 1346 1079 lictis
1363 1052 1418 1080 illis
1431 1052 1588 1079 nominibus
1609 1052 1766 1086 repetendis

977 1105 1078 1125 nccxxx
1095 1105 1239 1125 numerum
1261 1097 1420 1132 implcrunt,
1442 1097 1574 1131 deinceps
1591 1097 1640 1131 qui
1662 1096 1688 1123 id
1704 1105 1767 1132 ege—

977 1143 1024 1174 rit,
1042 1142 1131 1178 palam
1149 1141 1183 1169 de
1205 1150 1234 1169 se
1252 1142 1402 1177 praedicare
1420 1149 1474 1168 non
1490 1140 1597 1168 dubitat
1613 1152 1620 1168 :
1634 1141 1690 1176 Ego
1706 1149 1767 1168 sul--

977 1188 1113 1215 Christus.
1134 1187 1201 1214 Nam
1224 1195 1273 1223 per
1293 1195 1395 1215 CCCLXV
1420 1187 1531 1214 nomina
1554 1186 1707 1222 principum
1723 1196 1758 1216 ex

977 1233 1032 1259 alto
1043 1232 1184 1260 descendi.

1012 1321 1045 1348 Χ.
1066 1322 1197 1357 Majorum
1214 1331 1295 1358 porro
1314 1322 1467 1358 principum
1492 1323 1604 1350 nomina
1625 1322 1685 1351 haec
1705 1329 1769 1351 esse

977 1374 1140 1396 memorant.
1159 1369 1186 1395 In
1200 1376 1338 1404 supremo.
1353 1369 1490 1403 inquiunt.
1504 1369 1571 1397 orbe
1588 1369 1689 1397 residet
1702 1368 1768 1403 Jao;

978 1413 1005 1440 in
1029 1413 1151 1441 secundo
1172 1413 1283 1444 Saclan,
1309 1414 1332 1441 is
1356 1414 1404 1448 qui
1424 1414 1528 1448 stupris
1553 1421 1585 1441 ac
1608 1413 1768 1442 libidinibus

978 1463 1088 1494 praeest;
1109 1460 1136 1486 in
1160 1459 1242 1486 tertio
1275 1458 1393 1492 Sethus;
1425 1459 1451 1486 iu
1475 1463 1573 1494 quarto
1596 1458 1688 1486 Daden
1712 1464 1769 1487 sta-

139 1506 277 1541 πορνείας·
303 1506 332 1532 ἐν
347 1505 376 1533 δὲ
399 1506 438 1542 τῷ
451 1506 534 1542 τρίτῳ
553 1507 597 1533 τὸν
613 1507 666 1542 Σὴο
690 1507 807 1543 ἄρχοντα
818 1516 824 1522 “
851 1509 879 1534 ὲν
895 1508 924 1534 δὲ

980 1510 1060 1532 ιιιυηι
1077 1515 1083 1532 :
1106 1505 1206 1540 quippe
1226 1509 1355 1540 quartum
1380 1513 1442 1532 esse
1461 1506 1561 1533 caelum
1589 1509 1768 1538 asseverant,

139 1550 177 1586 τῷ
192 1551 315 1587 τετάρτῳ
341 1551 411 1578 εἷναί
436 1561 502 1587 φασι
521 1552 566 1579 τὸν
591 1553 695 1588 Λάδην·
721 1553 850 1588 τέταρτον
874 1554 928 1589 γὰρ

140 1597 313 1624 ὑποτίθενται
332 1598 457 1632 οὐρανὸν,
474 1599 521 1625 καὶ
539 1598 647 1634 τρίτον·
665 1598 789 1634 πέμπτον
808 1599 836 1625 δὲ
851 1598 929 1626 ἄλλον

140 1643 264 1678 οὐρανὸν,
288 1644 317 1670 ὲν
337 1640 359 1677 ᾧ
377 1651 458 1678 φασιν
484 1641 553 1670 εἴναι
580 1644 625 1670 τὸν
659 1644 787 1671 Ἐλωαῖον
809 1645 855 1671 τὸν
882 1645 930 1670 καὶ

147 1688 299 1716 Ἀδωναῖον.
327 1689 372 1715 Ἐν
388 1689 415 1715 δὲ
431 1688 471 1723 τῷ
493 1689 566 1724 ἕκτῳ
581 1690 664 1724 φασὶν
685 1687 755 1716 εἶναι
775 1689 800 1715 οἱ
817 1689 867 1724 μὲν
885 1689 929 1715 τὸν

147 1734 320 1767 Ἰαλδαὸαὼθ,
340 1735 365 1762 οἱ
381 1735 410 1762 δὲ
428 1735 474 1762 τὸν
499 1735 644 1762 Ἦλιλαῖον.
661 1735 758 1762 Ἀλλον
773 1736 802 1762 δὲ
818 1735 930 1770 ἕϐδομον

141 1780 254 1815 οὐρανὸν
276 1781 460 1814 ὑποτίθενται,
478 1782 507 1808 ὲν
570 1782 694 1816 λέγουσιν
718 1779 789 1808 εἶναι
811 1781 857 1807 τὸν
877 1781 930 1807 Σα-

142 1825 226 1852 ϐαὼθ.
246 1825 337 1852 Ἄλλοι
361 1826 390 1852 δὲ
411 1826 535 1860 λέγουσιν
558 1827 628 1862 οὐχὶ,
654 1826 710 1853 ἀλλ’
727 1827 741 1854 ὁ
769 1826 929 1853 Ἰαλδαϐαώο

143 1871 214 1897 ἔστιν
239 1872 268 1897 ὲν
292 1871 331 1906 τῷ
348 1872 470 1907 ἑϐδόμῳ·
498 1873 527 1898 ὲν
550 1872 578 1899 δὲ
599 1872 639 1907 τῷ
656 1873 740 1908 ὀγδόῳ
756 1871 863 1907 οὖρανῷ
881 1871 931 1907 τὴν

142 1915 276 1951 Βαρὸηλὼ
299 1917 483 1952 καλουμένην,
500 1918 547 1944 καὶ
570 1917 616 1944 τὸν
640 1917 749 1954 Πατέρα
774 1918 828 1944 τῶν
850 1917 928 1949 ὅλων,

143 1962 189 1988 καὶ
206 1962 308 1998 Κύριον
321 1964 367 1989 τὸν
382 1963 462 1990 αὑτὸν
482 1963 665 1999 αὐτοπάτορα,
683 1964 731 1990 καὶ
746 1963 863 1999 Χριστὸν
883 1962 930 1990 ἄλ-

143 2009 187 2036 λον
208 2009 418 2044 αὑτολόχευτονο
442 2010 490 2036 καὶ
508 2010 625 2046 Χριστὸν
649 2010 743 2036 τοῦτον
766 2009 812 2036 τὸν
836 2009 931 2037 κατελ-

144 2055 233 2088 θόντα,
248 2055 294 2082 καὶ
311 2055 435 2088 δείξαντα
449 2057 505 2087 τοῖς
518 2055 670 2092 ἀνθρώποις
683 2055 784 2091 ταύτην
800 2057 849 2092 τὴν
865 2056 932 2090 γνῶ-

145 2110 196 2133 σιν,
213 2101 242 2128 ὂν
259 2101 307 2128 καὶ
334 2101 438 2137 Ἰησοῦν
460 2110 542 2136 φασι·
570 2101 606 2136 μὴ
633 2099 701 2128 εἶναι
723 2101 752 2128 δὲ
776 2101 857 2127 αὑτὸν
878 2101 932 2128 ἀπὸ

144 2146 252 2181 Μαρίας
268 2146 477 2181 γεγεννημένον,
490 2146 558 2174 ἀλλὰ
571 2146 614 2173 διὰ
628 2146 735 2182 Μαρίας
748 2146 929 2181 δεδειγμένον·

979 1555 1007 1578 ct
1030 1551 1160 1583 tertium;
1190 1558 1222 1578 ac
1248 1558 1344 1578 rursus
1361 1551 1499 1586 quintum,
1523 1551 1550 1579 in
1570 1559 1625 1586 quo
1647 1550 1768 1578 Elomum

979 1597 1126 1628 collocant,
1140 1597 1186 1631 qui
1202 1597 1272 1624 idem
1288 1601 1315 1624 et
1331 1596 1467 1624 Adonwus
1480 1597 1593 1630 dicitur.
1606 1597 1642 1623 At
1661 1601 1768 1624 sextum

980 1651 1116 1678 occupare
1130 1643 1225 1670 volunt
1240 1643 1286 1670 alii
1306 1643 1483 1675 .Ialdabaoth,
1496 1642 1619 1670 Elilmum
1638 1642 1695 1670 alii.
1716 1641 1769 1670 Sed

979 1695 1006 1717 et
1022 1689 1169 1724 septimum
1190 1696 1252 1716 esse
1273 1689 1398 1716 nonnulli
1414 1688 1558 1720 deﬁniunt.
1582 1689 1626 1716 cui
1649 1688 1770 1716 Sabaoth

981 1735 1109 1763 insideat.
1124 1735 1202 1767 Quod
1217 1735 1251 1762 ab
1264 1735 1326 1763 aliis
1348 1739 1474 1770 negatur,
1491 1735 1536 1770 qui
1548 1734 1710 1763 Jaldahaoth
1727 1743 1771 1763 se-

981 1783 1092 1816 ptimam
1109 1781 1182 1808 illam
1195 1782 1339 1808 stationem
1356 1781 1521 1809 attribuunt.
1539 1781 1567 1808 In
1584 1785 1681 1809 octavo
1704 1781 1773 1808 Bar-

980 1827 1070 1854 beloni
1087 1826 1255 1853 domicilium
1269 1834 1330 1854 esse
1343 1826 1465 1860 tingunt,
1483 1833 1589 1853 necnon
1606 1831 1634 1854 et
1659 1826 1770 1854 univer-

981 1880 1074 1900 sorum
1095 1871 1203 1899 Parenti
1224 1872 1274 1903 illi,
1299 1871 1345 1906 qui
1367 1871 1438 1899 idem
1456 1871 1586 1899 Dominus
1606 1872 1652 1904 sit,
1671 1875 1698 1899 et
1713 1872 1771 1899 sui-

981 1918 1125 1952 metipsius
1146 1921 1234 1953 pater,
1256 1917 1488 1952 quemadmodum
1512 1921 1540 1944 et
1561 1917 1640 1944 alteri
1661 1917 1773 1944 cuidam

981 1964 1101 1995 Christo,
1113 1965 1160 1999 qui
1176 1971 1224 1998 per
1238 1971 1298 1991 sese
1309 1963 1345 1991 sit
1357 1964 1384 1990 in
1401 1963 1489 1990 lucem
1507 1962 1610 1990 editus.
1624 1962 1693 1989 Tum
1706 1969 1773 1989 vero

981 2009 1132 2041 Christum,
1157 2009 1259 2036 ibidem
1283 2009 1373 2044 ipsum
1400 2009 1546 2040 collocant,
1574 2008 1621 2043 qui
1644 2008 1678 2035 de
1701 2007 1777 2034 creto

982 2055 1134 2087 descendit,
1149 2059 1176 2082 et
1191 2055 1326 2089 ejusmodi
1342 2054 1527 2089 cognitionem
1542 2054 1661 2080 humano
1677 2052 1775 2088 generi.

982 2102 1109 2133 contulit,
1123 2110 1204 2137 quem
1217 2102 1299 2129 etiam
1312 2102 1477 2136 appellatum
1495 2100 1580 2127 fuisse
1593 2099 1686 2127 Jesum
1700 2107 1770 2134 pne-

983 2148 1084 2176 dicant.
1110 2147 1208 2175 Verum
1232 2147 1358 2175 eumdem
1381 2151 1480 2182 negant
1502 2146 1536 2173 de
1558 2145 1642 2172 Maria
1665 2149 1776 2176 natum,

146 2193 233 2228 σάρκα
248 2193 276 2219 δὲ
292 2193 374 2220 αὑτὸν
395 2193 431 2228 μὴ
449 2193 597 2228 εἰληφέναι,
615 2193 671 2220 ἀλλ’
689 2193 705 2228 ἢ
730 2193 808 2228 μόνον
821 2193 929 2228 δόκησιν

984 2194 1032 2221 sed
1054 2201 1101 2228 per
1117 2193 1230 2220 Mariam
1257 2197 1398 2220 ostensum
1425 2195 1568 2224 asserunt;
1595 2198 1683 2225 neque
1708 2198 1772 2217 car~

145 2237 224 2265 εἷναι.
241 2239 310 2266 Φασὶ
322 2239 351 2265 δὲ
364 2239 409 2265 τὸν
423 2239 535 2266 Σαϐαὼθ
551 2239 576 2265 oi.
589 2239 638 2274 μὲν
653 2238 714 2265 δνου
731 2239 838 2274 μορφὴν
851 2239 933 2274 ἔχειν,

145 2286 168 2311 ot
188 2285 216 2311 δὲ
232 2285 335 2320 χοίρου.
363 2286 463 2321 Διόπερ
487 2286 654 2317 ἐνετείλατο,
677 2285 756 2319 φασὶ,
782 2286 838 2316 τοῖς
870 2285 935 2312 Ἰου-

146 2330 227 2362 δαίοις
251 2332 341 2365 χοῖρον
365 2331 401 2366 μὴ
427 2330 538 2358 ἐσθίειν,
563 2328 639 2357 Εἶναι
662 2330 690 2357 δὲ
713 2330 795 2357 αὐτὸν
818 2331 934 2366 ποιητὴν

147 2377 260 2414 οὐρανοῦ
282 2377 330 2404 καὶ
344 2378 406 2412 γῆς,
430 2377 477 2404 καὶ
494 2377 549 2403 τῶν
574 2376 632 2412 μετ’
647 2375 728 2403 αὐτὸν
749 2376 871 2411 οὐρανῶν
886 2376 934 2402 καὶ

147 2424 268 2458 ἀγγέλων
287 2423 341 2449 τῶν
360 2422 467 2449 ἑαυτοῦ.
487 2423 544 2458 Τὴν
558 2422 587 2448 δὲ
609 2422 709 2457 ψυχὴν,
728 2423 757 2449 ὲν
772 2422 811 2456 τῷ
824 2421 932 2457 ἐξέρχε-

149 2470 207 2498 σθαι
224 2469 360 2499 ἐντεῦθεν,
374 2468 520 2495 διαϐαίνειν
534 2468 579 2496 διὰ
593 2468 648 2495 τῶν
661 2468 799 2503 ἀρχόντων
814 2468 915 2494 τούτων
924 2476 930 2483 ·

150 2516 185 2552 μὴ
199 2514 328 2541 δύνασθαι
345 2514 374 2541 δὲ
388 2514 562 2548 διαπερᾶσαι,
590 2515 615 2540 εἰ
643 2514 680 2549 μή
697 2522 725 2539 τι
741 2513 774 2540 ἂν
791 2515 841 2549 τῆς
863 2513 932 2548 γνὼ-

149 2569 216 2592 σεως
240 2561 248 2576 ¹
273 2561 302 2587 ὲν
329 2560 490 2595 πληρώματι
518 2560 640 2596 γένηται,
664 2559 763 2595 μᾶλλον
782 2559 811 2586 δὲ
831 2558 932 2593 ταύτης

149 2606 196 2641 τῆς
212 2606 420 2640 καταγνώσεως,
439 2605 486 2632 καὶ
508 2605 694 2641 ὲμφορηθεῖσα
710 2605 862 2641 διαδράσειε
878 2604 933 2631 τῶν

150 2651 286 2686 ἀρχόντων
304 2651 352 2677 καὶ
374 2651 429 2676 τῶν
453 2650 580 2683 ἐξουσιῶν
607 2651 657 2683 τὰς
677 2653 782 2686 χεῖρας.
805 2649 883 2677 Εἶναι
905 2650 934 2677 δὲ

150 2697 334 2732 δρακοντοειδῆ
354 2697 398 2723 τὸν
414 2697 531 2733 ἄρχοντα
545 2697 591 2723 τὸν
607 2697 756 2732 κατέχοντα
770 2696 815 2723 τὸν
832 2696 934 2731 κόσμον

151 2742 253 2774 τοῦτον,
268 2742 315 2769 καὶ
335 2743 517 2770 καταπίνοντα
534 2744 584 2779 μὲν
602 2748 651 2775 τας
674 2743 762 2779 ψυχὰς
782 2742 831 2774 τὰς
852 2742 891 2778 μὴ
906 2743 934 2770 ἐν

189 2832 198 2849 ι
213 2841 259 2867 π).
275 2832 414 2867 γενέσεως.

984 2247 1046 2266 nem
1065 2239 1145 2266 aliter
1159 2246 1241 2274 quam
1258 2239 1349 2273 specie
1367 2238 1426 2272 ipsa
1453 2237 1619 2272 suscepisse.
1643 2235 1722 2269 Quod
1737 2237 1771 2263 ad

985 2285 1106 2313 Sabaoth
1131 2285 1260 2320 pertinet,
1291 2285 1363 2312 hunc
1384 2284 1455 2311 asini
1479 2283 1601 2318 quidam,
1623 2283 1668 2310 alii
1696 2283 1777 2317 porci.

984 2333 1070 2367 ﬁgura
1095 2335 1225 2358 constare
1242 2334 1366 2358 censent.
1385 2330 1426 2357 οι)
1453 2329 1534 2364 idque
1548 2328 1661 2359 Iudaeis.
1684 2329 1775 2360 aiunt.

983 2378 1072 2406 suillis
1088 2377 1221 2404 carnibus
1243 2375 1434 2403 interdixerat.
1453 2375 1531 2402 Ilunc
1553 2382 1615 2402 esse
1638 2374 1700 2401 caeli
1718 2378 1775 2401 ter-

981 2430 1072 2457 ra-que
1091 2421 1273 2453 conditorem,
1301 2425 1357 2448 tum
1384 2428 1478 2448 eorum
1498 2419 1545 2454 qui
1566 2422 1775 2454 consequuntur

981 2469 1133 2497 cmlestium
1158 2467 1277 2499 orbium,
1306 2467 1520 2502 angelorumque
1540 2472 1664 2493 suorum.
1686 2464 1775 2491 Porro

981 2514 1179 2550 digredientem
1203 2513 1267 2540 hinc
1289 2513 1408 2540 animam
1428 2519 1476 2546 per
1489 2512 1550 2539 illos
1567 2511 1686 2538 transire
1701 2510 1774 2545 prin-

982 2561 1075 2595 cipes;
1101 2567 1190 2594 neque
1211 2563 1301 2586 tamen
1320 2562 1466 2593 penetrare
1489 2565 1584 2592 posse.
1609 2556 1662 2583 nisi
1682 2555 1774 2590 cogni-

981 2605 1056 2633 tione
1071 2605 1117 2632 illa
1133 2603 1293 2639 plenissime
1309 2602 1420 2638 perfusa
1439 2602 1532 2634 fuerit,
1546 2602 1589 2629 vel
1605 2600 1773 2629 condemna-

983 2651 1057 2679 tione
1082 2650 1192 2686 potius;
1224 2657 1278 2685 qua
1305 2649 1415 2684 quidem
1449 2648 1589 2676 Cumulata
1616 2646 1771 2682 principum

983 2696 1098 2724 istorum
1119 2703 1151 2723 ac
1170 2699 1337 2731 potestatum
1359 2703 1458 2722 manus
1473 2693 1595 2728 etiugiat.
1616 2691 1724 2719 Addunt
1743 2693 1772 2717 et

984 2743 1064 2779 hujus
1090 2742 1184 2770 mundi
1209 2741 1352 2778 prmsidcm
1376 2741 1506 2770 draconis
1524 2739 1638 2776 elligiem
1660 2737 1772 2766 habere.
