1944 3037
195 105 247 134 347

902 112 934 140 8-
950 112 1120 140 EPIPHANII

1771 110 1837 138 568

195 165 231 191 ab
245 172 334 200 eoquc
347 165 454 193 animas
471 167 612 196 absorberi
633 170 791 205 cognitione
809 170 854 196 illa
872 170 986 198 destitu-

1041 170 1136 204 γνώσει
1153 170 1337 205 ὑπαρχουσας,
1355 169 1401 196 καὶ
1419 168 1463 195 διὰ
1478 169 1528 203 τῆς
1550 168 1648 202 κέρκου
1666 175 1744 194 παΑιν
1764 169 1837 193 tm-

196 214 250 242 tas,
269 219 435 247 rursumque
451 221 500 247 per
516 215 632 241 caudam
657 215 684 242 itt
702 216 775 242 hunc
794 215 926 242 mundum
947 223 988 243 rc-

198 257 287 284 l'undi.
312 257 350 284 Ex
373 266 427 293 quo
443 259 574 295 deinceps
598 261 625 287 in
646 269 793 296 porcorum
816 261 987 296 aliorumque

197 302 376 330 animantium
399 312 513 339 corpora
537 307 686 334 transfusa:
711 315 759 342 per
781 307 877 335 eadem
896 307 986 334 denuo

197 348 309 382 vestigia
329 357 438 376 sursum
463 351 624 380 eﬂ'erantur.
649 353 728 386 Quod
753 354 776 380 si
796 353 869 388 quis,
897 353 985 384 aiunt,

196 400 228 418 ea
243 393 324 420 fuerit
335 395 491 429 cognitione
503 397 645 431 praeditus,
657 406 772 433 seseque
786 406 835 434 per
846 402 986 425 menstrua

197 437 244 463 illa
259 445 291 464 ac
306 438 428 467 libidinis
446 440 634 474 profusionem
653 450 685 469 ex
709 443 760 470 hoc
783 443 885 470 mundo
902 443 986 470 colle-

196 484 276 518 gerit,
292 492 354 511 eum
367 485 421 519 92
436 486 503 513 nihil
527 487 572 514 hic
586 488 704 515 detineri
722 488 849 523 amplius,
870 489 918 516 sed
936 496 985 516 eos

196 537 266 562 quos
287 530 409 559 diximus
435 533 610 567 praetergredi
639 534 794 568 principes;
820 538 847 561 et
871 535 905 561 ad
933 533 985 561 Sa-

197 575 279 601 baoth
307 583 394 611 usque
425 579 580 612 pervenire,
611 582 694 613 atque
727 579 801 606 illius
825 580 985 614 proculcare

196 625 279 656 caput
300 622 348 655 (ita
370 623 443 650 enim
469 624 600 659 sacrilege
621 629 702 658 atque
725 625 897 660 impudenter
918 625 985 653 clTu-

197 667 290 701 tiunt),
307 667 424 703 indeque
438 669 471 696 ad
484 677 640 704 supremum
653 670 718 697 illud
736 671 903 697 domicilium
923 678 985 697 eva-

197 712 271 745 dere,
287 714 332 741 ubi
344 715 493 742 viventium
512 720 599 743 tnater
619 720 661 743 est
677 717 807 750 Barbcro,
828 724 889 752 quas
910 721 938 744 et
952 717 985 744 ab

198 759 251 786 illis
275 759 390 787 Barbclo
410 760 521 787 dicitur.
554 761 629 789 Hane
652 770 713 790 esse
737 764 833 790 animae
852 763 984 789 rationent

198 805 380 840 adipiscendae
401 808 507 835 salutis.
531 809 597 835 lllud
624 817 688 836 vero
711 813 841 843 praeterea
863 809 985 836 infelices

198 850 237 877 illi
251 851 284 878 ad
295 851 414 879 fabulam
429 853 627 887 adiunxerunt,
639 854 727 881 eident
741 854 860 882 Sabaoth
872 855 986 889 capillos

197 904 260 924 esse
279 897 438 930 muliebres,
454 899 526 933 quod
547 900 652 926 scilicet
664 908 758 927 vocem
776 901 848 927 illam
868 900 987 927 Sabaoth

199 942 332 976 principis
350 943 467 978 alicujus
490 952 552 971 esse
567 953 665 972 nomen
688 946 873 979 arbitrentur;
898 954 986 980 neque

198 988 263 1015 illud
280 988 444 1024 intelligant,
467 990 622 1025 ubicunque
648 991 684 1018 ita
704 991 822 1018 dicitur:
839 991 904 1018 "an:
922 991 986 1018 dicit

202 1033 327 1060 Dominus
340 1033 468 1067 Sabaoth,
486 1043 540 1063 non
555 1036 709 1071 cujuspiant
726 1037 753 1063 id
769 1044 830 1064 esse
845 1037 984 1072 propriunt

199 1088 309 1113 nomen,
328 1081 374 1108 sed
391 1081 564 1115 praedicando
581 1083 672 1116 potius
687 1083 792 1109 nuntitti
811 1083 885 1110 velut
898 1083 985 1117 quod-

199 1128 261 1153 dam
274 1127 441 1155 laudationis
452 1129 614 1155 vocabulum
629 1129 763 1156 adhiberi.
779 1128 883 1164 Quippe
895 1129 986 1156 Domi-

200 1181 252 1200 nus
268 1172 386 1200 Sabaoth
405 1173 474 1200 idem
488 1173 619 1201 llebraice
639 1174 710 1208 quod
726 1175 869 1200 exercitum
901 1174 986 1209 signi-

201 1220 272 1245 ticat.
286 1217 318 1244 Et
332 1218 442 1253 quidem
460 1218 617 1254 ubicunque
631 1227 681 1246 vox
696 1219 741 1245 illa
759 1219 878 1245 Sabaoth
895 1218 922 1245 in
937 1218 988 1246 Ve-

200 1269 257 1290 tvre
279 1263 456 1291 Testamento
476 1264 590 1299 legitur,
615 1265 759 1291 exercitum
783 1268 872 1292 sonat.
893 1264 986 1299 Itaque

200 1316 249 1342 pro
259 1316 292 1336 eo
300 1310 372 1344 quod
384 1310 517 1339 Hebraice
527 1313 659 1347 scriptum
671 1316 730 1339 est:
742 1312 847 1338 Adon/ti
857 1311 985 1343 Sabaoth,

1040 215 1190 253 στρέφοντα
1214 215 1254 246 εἰς
1273 215 1318 241 τὸν
1341 215 1451 250 κόσμον,
1471 214 1616 241 κάντεῦθεν
1630 214 1641 229 ³
1656 215 1696 244 εις
1717 213 1834 248 χοίρους

1039 260 1086 286 καὶ
1100 260 1139 290 εἰς
1154 259 1220 286 ἄλλα
1238 259 1304 291 ζῶα,
1320 259 1366 286 καὶ
1382 259 1462 286 πάλιν
1477 258 1521 285 διὰ
1537 258 1590 284 τῶν
1612 258 1702 284 αὐτῶν
1722 259 1834 290 ἀναφε-

1040 304 1165 339 ρομένας.
1194 303 1225 330 Εἰ
1248 305 1277 330 δὲ
1300 313 1351 336 τις,
1369 305 1460 338 φασὶν,
1486 304 1515 330 ὲν
1541 305 1572 339 τῇ
1589 303 1687 337 γνώσει
1709 303 1832 338 γένηται

1037 350 1134 386 ταύτῃ,
1152 350 1199 377 καὶ
1221 350 1341 383 συλλέξει
1359 350 1453 377 ἑαυτὸν
1475 350 1507 377 ἐκ
1522 349 1570 376 τοῦ
1586 349 1689 384 κόσμου
1709 349 1752 375 διὰ
1768 349 1833 375 τῶν
1850 376 1854 379 μ

1036 396 1180 431 ὲμμηνίων
1204 397 1250 422 καὶ
1268 396 1312 423 διὰ
1336 396 1389 423 τῶν
1413 396 1517 432 ῥύσεων
1533 395 1635 422 τούτων
1654 395 1704 430 τῆς
1724 394 1828 421 ὲπιθυ-
1847 388 1852 411 ί

1038 443 1112 477 μίας,
1133 443 1229 477 μηκέτι
1245 441 1360 469 ἐνταῦθα
1372 441 1533 477 κατεχεσθαι
1550 441 1641 473 αὐτὸν,
1655 441 1721 467 ἀλλὰ
1736 441 1829 476 ὑπερ-

1037 489 1138 515 ϐαίνειν
1155 490 1218 521 τοὺς
1232 489 1446 524 προειρημένους
1460 489 1604 523 ἄρχοντας.
1621 482 1768 523 Ἔρχεσθαι
1783 487 1829 519 δὲ,

1037 535 1112 568 φασὶ,
1134 534 1210 570 παρὰ
1232 534 1278 561 τὸν
1302 533 1427 564 Σαϐαὼθ.
1450 533 1498 560 καὶ
1520 533 1616 559 πατεῖν
1644 532 1691 559 ἐπὶ
1707 531 1757 565 τὴν
1776 540 1830 557 κε-

1037 580 1123 616 φαλὴν
1157 579 1239 606 αὐτοῦ
1248 600 1255 612 ,
1287 579 1498 615 ἀθυρογλώττως
1514 577 1734 614 βλασφημοῦντες
1745 599 1751 610 ,
1775 578 1830 603 καὶ

1035 626 1121 658 οὕτως
1138 625 1310 660 ὑπερϐαίνειν
1324 626 1364 657 εἰς
1378 625 1408 651 τὺ
1423 625 1479 652 ἄνω
1497 625 1589 659 μέρος,
1607 624 1674 650 ὅπου
1694 624 1710 658 ὴ
1729 623 1829 658 μήτηρ

1035 672 1090 698 τῶν
1111 671 1218 704 ζώντων
1237 672 1254 707 ὴ
1277 671 1421 706 Βαρϐηρὼ,
1441 671 1500 706 ἥτοι
1514 669 1655 705 Βαρϐηλὼ.
1677 669 1732 696 Καὶ
1750 668 1829 695 οὕτω

1035 717 1085 752 τὴν
1101 717 1188 752 ψυχὴν
1207 716 1350 749 σώζεσθαι.
1373 717 1464 751 Ἔχειν
1487 715 1517 742 δὲ
1531 716 1577 742 καὶ
1597 715 1693 750 τρίχας
1712 715 1750 745 ὡς
1773 722 1828 748 γυ‹

1037 763 1129 793 ναικὺς
1146 763 1191 788 τὸν
1219 762 1299 789 αὑτὸν
1325 762 1449 796 λέγουσιν
1475 762 1499 787 οἱ
1520 761 1647 792 τάλανες,
1668 760 1830 795 νομίζοντες

1037 809 1067 834 τὸ
1085 808 1170 843 ὄνομα
1189 807 1219 834 τὸ
1236 807 1348 834 Σαϐαὼθ
1371 807 1489 844 ἄρχοντά
1501 815 1562 834 τινα
1575 804 1660 832 εἶναι·
1684 806 1740 832 Οὐκ
1756 805 1830 831 εἰδό-

1039 861 1093 884 τες,
1111 852 1152 878 ὅτι
1174 853 1240 878 ὅπου
1254 852 1337 886 λέγει,
1359 852 1430 879 Τάδε
1447 853 1528 887 λέγει
1552 852 1659 885 Κύριος
1685 850 1828 883 Σαϐαὼθ,

1040 898 1090 924 οὐκ
1105 898 1190 933 ὄνομά
1213 906 1283 929 τινος
1311 896 1398 929 εἶπεν,
1414 898 1470 925 ἀλλ’
1495 898 1581 932 ὄνομα
1601 897 1753 930 δοξολογίας
1776 897 1829 931 τῆς

1039 943 1174 978 θεότητος.
1189 943 1302 970 Σαϐαὼθ
1319 943 1372 978 γὰρ
1388 943 1568 979 ἑρμηνεύεται
1582 943 1636 969 ἀπὸ
1652 943 1699 977 τῆς
1719 942 1829 977 Ἑϐραῖ-

1039 988 1089 1022 κῆς
1109 988 1248 1015 διαλέκτου
1265 988 1375 1022 Κύριος
1394 987 1453 1015 τῶν
1475 988 1641 1022 δυνάμεων.
1664 988 1751 1013 ’Ὅπου
1770 987 1829 1022 γὰρ

1038 1034 1066 1060 ἐν
1087 1035 1119 1069 τῇ
1144 1034 1251 1070 Παλαιᾷ
1268 1034 1388 1069 Διαθήκῃ
1405 1034 1435 1060 τὺ
1460 1033 1574 1060 Σαϐαὼθ
1594 1033 1680 1068 ὄνομά
1697 1034 1754 1059 ἐστι
1778 1041 1827 1066 γε-

1037 1080 1206 1115 γραμμένον,
1226 1080 1357 1114 δύναμιν
1381 1080 1534 1114 ὑποφαίνει.
1560 1079 1642 1107 Ὅθεν
1667 1080 1680 1106 ὁ
1710 1079 1829 1110 Ἀκύλας

1038 1127 1176 1161 πανταχοῦ
1205 1126 1234 1153 τὸ
1264 1126 1386 1154 Ἀδωνατ
1412 1126 1533 1154 Σαϐαὼθ
1555 1125 1700 1162 ὲρμηνεὺει
1721 1125 1827 1160 λέγων,

1038 1173 1145 1206 Κύριος
1171 1173 1327 1207 στρατιῶν.
1351 1171 1429 1200 Οὗτοι
1448 1174 1491 1205 δὲ,
1517 1173 1588 1200 κατὰ
1610 1173 1699 1199 πάντα
1724 1172 1829 1207 τρόπον

1039 1219 1217 1254 ὲμμανὲντες,
1234 1215 1305 1246 κατὰ
1325 1220 1372 1246 τοῦ
1388 1221 1477 1246 αὐτῶν
1496 1220 1625 1246 δεσπότου
1645 1219 1689 1245 τον
1712 1218 1749 1253 μὴ
1762 1218 1829 1245 ὄντα

1040 1266 1161 1302 ζητοῦσι,
1177 1266 1282 1295 καὶτὸν
1295 1267 1360 1294 ὄντα
1378 1266 1576 1299 ἀπολωλέκασι,
1601 1265 1701 1300 μᾶλλον
1714 1265 1742 1291 δὲ
1762 1265 1829 1290 ἐαυ-

1039 1313 1101 1342 τοὺς
1117 1310 1271 1338 ἀπώλεσαν.

200 1358 297 1392 Aquila
315 1363 446 1393 perpetuo
472 1359 599 1386 Dominus
625 1361 787 1387 exercituum
811 1359 909 1386 reddit.
934 1358 986 1386 Sed
1007 1359 1051 1386 isti
1070 1359 1162 1385 furore
1179 1363 1262 1394 atque
1278 1359 1396 1386 amentia
1413 1359 1508 1393 perciti
1519 1358 1553 1385 ad
1569 1357 1677 1385 Domini
1710 1357 1753 1384 sui
1774 1356 1830 1394 .in-

197 1403 299 1438 juriam
319 1412 382 1432 eum
403 1404 450 1440 qui
467 1412 601 1439 nusquam
631 1408 674 1432 est
703 1404 858 1439 inquirunt,
874 1408 902 1431 et
921 1411 982 1431 eum
1002 1404 1049 1439 qui
1063 1409 1106 1430 est
1123 1404 1224 1437 reipsa,
1241 1403 1283 1431 vel
1307 1403 1469 1438 semetipsos
1489 1404 1580 1438 potius
1601 1403 1790 1438 perdiderunt.

237 1452 281 1480 XI.
298 1452 368 1479 Sunt
380 1456 407 1480 et
421 1453 480 1480 aliae
490 1452 648 1480 eorttmdem
666 1452 881 1480 innumerabiles
897 1459 985 1486 nugae.

1071 1450 1121 1477 IA'.
1145 1451 1231 1477 Ἀλλα
1246 1451 1274 1477 δὲ
1289 1451 1339 1477 ὃσα
1358 1450 1532 1486 φλυαροῦσιν,
1556 1451 1586 1477 ὲν
1605 1449 1645 1482 οἷς
1669 1451 1829 1486 περικακεῖν

202 1505 251 1525 nec
265 1498 325 1528 sine
339 1498 420 1526 tudio
435 1504 525 1533 potest
541 1499 632 1526 omttis
654 1496 768 1526 istorum
786 1498 892 1524 insania
910 1505 987 1524 com-

1041 1496 1096 1522 ἐστι
1112 1496 1145 1522 τὰ
1168 1497 1217 1531 τῆς
1239 1496 1329 1523 αὐτῶν
1354 1496 1452 1531 μανίας
1466 1496 1565 1530 λέγειν.
1584 1495 1664 1527 Τινὲς
1687 1495 1715 1521 δὲ
1732 1495 1760 1528 ἐξ
1777 1495 1828 1521 αὑ-

202 1546 360 1572 memorari.
379 1545 431 1573 Sed
445 1546 511 1572 illud
527 1545 697 1580 prartermitti
713 1553 767 1572 non
782 1548 890 1579 potest:
903 1552 988 1579 quos-

201 1591 265 1618 dam
278 1599 312 1618 ex
329 1591 425 1618 borum
438 1599 499 1618 esse
512 1598 636 1622 nttmcro,
648 1590 694 1625 qui
713 1591 750 1617 ita
767 1591 911 1617 mulierum
923 1598 989 1617 eon-

203 1637 348 1664 suetudine
365 1637 514 1668 abstinent.
530 1641 559 1663 ut
581 1637 688 1671 seipsos
704 1636 830 1663 manilius
846 1635 904 1662 suis
921 1643 989 1662 con-

204 1687 345 1717 spttrcent,
363 1683 452 1717 iisque
477 1683 658 1709 foedissimum
682 1681 803 1708 libidinis
823 1682 899 1708 virus
917 1681 990 1708 exci-

203 1726 289 1760 piant,
314 1729 395 1760 atque
419 1734 452 1753 eo
469 1730 627 1753 vescantur.
652 1726 691 1752 Ad
710 1726 781 1758 quod
803 1725 989 1752 testimonium

205 1771 271 1799 illud
289 1779 338 1806 per
358 1778 492 1798 summam
509 1770 673 1797 calumniam
690 1770 872 1804 detorquent:
895 1769 990 1796 Manus

204 1818 263 1844 ἰδίω
272 1816 475 1851 suppeditarunt
489 1824 539 1843 non
552 1816 615 1842 mihi
628 1817 724 1847 solum,
740 1816 785 1842 sed
796 1820 821 1842 et
837 1816 868 1842 iis
879 1815 923 1850 qui
939 1823 991 1842 me—

204 1871 263 1889 rum
284 1866 344 1890 sunt
358 1862 378 1888 ¹.
402 1863 469 1888 Item
496 1861 568 1888 istud
593 1871 599 1887 :
617 1861 761 1896 Optat-antes
787 1860 908 1887 manibus
930 1869 991 1895 pro-

203 1909 279 1942 priis,
300 1913 329 1934 ut
350 1908 457 1942 possitis
469 1907 502 1934 iis
515 1908 559 1942 qui
586 1916 638 1934 non
655 1907 750 1934 habent
764 1906 958 1933 communirare
968 1907 989 1933 ¹.

205 1955 242 1983 lte
256 1955 356 1990 quibus
373 1955 441 1982 adeo
456 1954 522 1981 mihi
539 1958 692 1982 commotus
707 1953 814 1981 videtur
826 1953 854 1980 in
868 1952 992 1987 apostolo

203 2002 272 2030 Juda
282 2002 399 2037 Spiritus
411 2005 534 2032 sanctus,
550 2001 601 2027 ltoc
608 2005 650 2027 est
659 2000 686 2026 in
697 1999 832 2027 catholica
847 1999 920 2026 illius
929 1998 992 2033 Epi-

204 2047 274 2074 stola
288 2046 383 2082 (ludas
401 2047 445 2074 ille
463 2053 544 2081 porro
557 2049 610 2078 est,
627 2046 674 2079 qui
688 2044 794 2077 Jacobi,
811 2048 892 2079 atque
908 2044 992 2071 etiatn

206 2091 311 2118 Domini
334 2091 416 2118 frater
429 2091 580 2126 appellatus
604 2090 667 2126 est),
687 2091 714 2116 in
734 2098 787 2125 qua
813 2098 859 2124 per
876 2090 992 2124 apostoli

204 2143 297 2162 vorem
321 2135 451 2171 Spiritus,
481 2135 603 2170 inquatn,
622 2139 745 2168 sanctus,
773 2139 917 2169 corruptos
930 2135 991 2162 illos

204 2185 378 2215 corruptores
403 2189 465 2208 esse
484 2181 661 2211 demonstrat,
679 2184 709 2206 ut
730 2180 829 2207 ibidem
843 2180 962 2215 loquitur
982 2189 988 2207 :
1006 2171 1028 2198 D

205 2227 345 2259 ριιιινειιίηι
357 2227 486 2259 nesciunt,
495 2227 648 2261 ignorantes
660 2226 687 2252 in
696 2226 750 2253 illis
761 2227 913 2260 capiuntur.
926 2225 992 2259 Quae

204 2282 263 2300 t-cro
273 2278 380 2305 norunt,
398 2275 425 2300 in
438 2274 472 2299 iis
488 2278 614 2307 tanquam
629 2277 702 2299 muta
720 2272 850 2299 animalia
872 2281 993 2299 corrum-

204 2324 311 2352 puntur.
329 2318 468 2353 Siquidem
490 2326 588 2345 canmn
612 2318 699 2345 instar
720 2325 751 2344 ac
771 2325 917 2352 porcorum
942 2325 992 2345 sua

204 2373 236 2392 se
263 2364 419 2399 corruptela
451 2365 628 2398 turpitudinis
655 2364 811 2399 inquinant.
838 2363 896 2390 Hoc
918 2366 990 2391 enitn

205 2410 288 2437 modo
299 2414 353 2437 tant
367 2418 450 2438 canes
467 2418 499 2438 ac
516 2411 601 2445 porci,
615 2418 696 2445 quam
711 2414 808 2437 caetera
825 2418 854 2437 se
866 2411 990 2437 animan-

206 2457 243 2483 tia
260 2460 451 2492 corrumpunt,
475 2461 503 2484 et
517 2457 696 2492 proﬂuentem
711 2465 725 2484 e
746 2457 909 2492 corporibus
933 2457 992 2484 suis

206 2502 328 2530 libidinis
343 2503 483 2530 humorem
498 2504 649 2538 delingunt.
673 2503 762 2538 Atque
774 2503 827 2537 93
842 2503 879 2529 illi
897 2510 992 2530 revera

203 2557 315 2578 carnem
338 2557 414 2577 suam
434 2554 593 2584 erumpente
618 2549 691 2576 velut
716 2558 763 2584 per
785 2549 920 2576 somnium
943 2548 993 2575 llu-

205 2597 287 2623 xione
308 2596 508 2623 commaculant
536 2604 543 2622 :
570 2595 781 2622 Dominationem
812 2600 899 2622 autem
921 2603 993 2630 sper-

205 2647 286 2674 nunt,
312 2641 476 2676 majestatent
496 2646 583 2667 autem
605 2641 798 2675 blusp/temant.
821 2641 857 2668 At
881 2640 993 2668 Illic/mel

242 2721 250 2735 ί
269 2719 331 2748 Act.
344 2728 390 2753 xx,
406 2720 450 2747 54.
490 2720 501 2735 ¹
517 2719 617 2755 Ephes.
631 2728 666 2753 tv,
680 2720 725 2747 28.
766 2721 776 2736 ³
789 2729 832 2755 γρ.
848 2719 973 2747 ἐνταῦθα.

243 2799 298 2833 (76)
317 2800 377 2826 οὐκ
391 2798 498 2833 ἤνεγκε
511 2799 603 2834 λόγον·
613 2799 822 2833 βλασφημίας.
838 2797 922 2825 Aliter
938 2798 994 2834 luce

209 2834 237 2862 in
255 2835 393 2864 Canonica
408 2834 484 2863 Juda:
509 2835 645 2870 leguntur,
666 2843 690 2863 γ.
714 2837 729 2862 υ
746 2844 751 2861 :
770 2834 798 2860 '0
815 2834 842 2859 δὲ
859 2833 968 2868 Μιχαὴλ
981 2834 994 2859 ὁ

1039 1541 1103 1574 τῶν,
1131 1542 1238 1575 γυναιξὶ
1264 1542 1300 1576 μὴ
1330 1541 1536 1576 πλησιάζοντες,
1560 1542 1620 1572 ταῖς
1646 1541 1722 1572 ἰδίαις
1749 1541 1829 1576 χερσὶ

1040 1588 1128 1614 αὐτῶν
1151 1588 1264 1618 ἑαυτοὺς
1293 1587 1450 1622 φθείρουσι,
1478 1588 1527 1623 τὴν
1554 1588 1583 1613 δὲ
1609 1587 1698 1614 αὐτῶν
1724 1587 1829 1623 φθορὰν

1039 1633 1221 1668 λαμϐάνουσιν
1245 1635 1285 1665 εἰς
1311 1634 1360 1664 τὰς
1387 1635 1491 1669 χεῖρας,
1518 1634 1564 1660 καὶ
1591 1633 1677 1665 οὕτως
1697 1633 1827 1664 ἐσθίουσι,

1040 1679 1174 1714 χρώμενοι
1197 1679 1454 1714 σεσυκοφαντημένῃ
1473 1679 1621 1714 μαρτυρίᾳ,
1637 1679 1667 1705 τὸ
1684 1679 1704 1711 δ,
1720 1680 1753 1705 Al
1768 1678 1829 1713 χεῖ-

1036 1733 1090 1758 ρες
1106 1723 1193 1752 αὗται
1209 1725 1383 1759 ἐπήρκεσαν
1397 1726 1433 1752 οὺ
1455 1725 1551 1759 μόνον
1573 1725 1647 1759 ἐμοὶ,
1673 1724 1753 1752 ἀλλὰ
1777 1724 1829 1750 καὶ

1040 1771 1102 1804 τοῖς
1117 1771 1179 1798 σὺν⁸
1191 1772 1257 1805 ἐμοί
1267 1779 1274 1786 ⁸
1293 1772 1340 1797 καὶ
1357 1771 1388 1798 τὸ
1407 1771 1500 1798 πάλιν·
1525 1771 1727 1806 Ἐργαζόμενοι
1740 1771 1750 1786 ⁵
1764 1769 1827 1803 ταῖς

1042 1817 1130 1849 Ζδίίιις
1150 1818 1265 1851 χερσὶν,
1287 1818 1337 1844 ἵνα
1354 1817 1486 1851 δύνησθε
1509 1817 1557 1844 καὶ
1581 1817 1644 1849 τοῖς
1665 1815 1707 1851 μὴ
1722 1816 1829 1850 ἔχουσι

1039 1862 1238 1897 μεταδοῦναι·
1259 1863 1297 1895 ὡς
1314 1864 1360 1890 καὶ
1385 1864 1449 1898 περὶ
1466 1860 1690 1897 τούτων,,οἷμαι,
1717 1861 1827 1896 ἐκινήθη

1041 1909 1071 1935 τὸ
1088 1909 1164 1943 ἅγιον
1181 1908 1293 1944 Πνεῦμα
1312 1910 1341 1936 ὲν
1364 1909 1403 1944 τῷ
1427 1909 1568 1944 ἀποστόλῳ
1590 1907 1687 1943 Ἰούδα,
1701 1907 1773 1941 λέγω
1796 1906 1828 1941 δὴ

1042 1955 1071 1980 ὲν
1086 1956 1119 1990 τῇ
1136 1955 1181 1981 ὑπ’
1194 1954 1275 1981 αὑτοῦ
1286 1955 1422 1991 γραφείσῃ
1447 1954 1576 1989 καθολικῇ
1591 1953 1733 1988 Ἐπιστολῇ
1752 1951 1828 1987 (Ἰού-

1041 1999 1089 2031 δας
1110 1999 1138 2025 δέ
1154 2000 1227 2026 ἐστιν
1243 1997 1328 2032 οὗτος,
1345 2001 1359 2026 ὁ
1374 1999 1487 2034 ἁδελφὸς
1508 1998 1638 2026 Ἰακώϐου
1655 1999 1702 2025 καὶ
1725 1997 1827 2031 Κυρίου

1043 2045 1206 2081 λεγόμενος).
1230 2045 1368 2078 ’Υπέὸειξε
1386 2045 1441 2081 γὰρ
1458 2046 1556 2077 αὐτοὺς
1572 2045 1602 2072 τὸ
1616 2045 1692 2079 ἆγιον
1718 2044 1828 2079 Πνεῦμα

1043 2090 1087 2116 διὰ
1102 2091 1150 2126 τῆς
1167 2091 1258 2125 φωνῆς
1274 2091 1320 2117 τοῦ
1343 2091 1427 2118 Ἰούδα
1441 2091 1511 2118 κατὰ
1525 2091 1559 2117 τὰ
1575 2091 1660 2126 κτήνη
1685 2090 1827 2125 φθειρομέ-

1044 2145 1105 2168 νους
1121 2137 1168 2163 καὶ
1182 2136 1352 2172 φθείροντας,
1375 2136 1413 2168 ὡς
1432 2136 1517 2170 λέγει,
1539 2137 1579 2163 ὅτι
1597 2137 1677 2162 ’Ὅσα
1694 2136 1753 2170 μὲν
1774 2137 1827 2163 οὐκ

1043 2183 1171 2215 οἴδασιν,
1189 2182 1369 2217 ἀγνοοῦντες
1383 2183 1558 2210 ἁλίσκονται
1568 2191 1573 2197 ·
1584 2183 1642 2210 ὅσα
1655 2182 1690 2209 δὲ
1699 2182 1825 2212 οἴδασιν,

1042 2228 1082 2261 ὡς
1100 2229 1136 2255 τὰ
1155 2228 1250 2262 ἄλογα
1268 2227 1323 2258 ζῶα
1347 2228 1527 2262 φθείρονται.
1554 2228 1652 2255 Κυνῶν
1675 2227 1729 2264 γὰρ
1752 2227 1826 2262 δίκην

1043 2274 1091 2301 καὶ
1107 2274 1205 2310 χοίρων
1224 2274 1272 2309 τὴν
1291 2274 1338 2300 ἀπ’
1361 2274 1451 2301 αὐτῶν
1473 2275 1576 2310 φθορὰν
1597 2274 1774 2301 ἐπιτελοῦσιν.
1797 2273 1826 2300 υἱ

1043 2320 1122 2350 κύνες
1150 2319 1204 2354 γὰρ
1227 2319 1274 2345 καὶ
1301 2319 1326 2345 οι
1354 2320 1450 2354 χοῖροι,
1474 2319 1504 2345 οὐ
1533 2319 1585 2354 μὴν
1603 2318 1671 2345 ἀλλὰ
1692 2319 1738 2345 καὶ
1763 2317 1826 2345 ἄλλα

1044 2365 1101 2397 ζῶα
1128 2365 1214 2396 οὓτως
1243 2364 1416 2400 φθείρονται,
1449 2365 1497 2391 καὶ
1530 2365 1576 2401 τὴν
1608 2365 1758 2400 ἀπόρρυσιν
1780 2364 1825 2399 τὴν

1044 2411 1098 2437 ἀπὸ
1113 2411 1166 2437 τῶν
1191 2411 1323 2446 σωμάτων
1338 2410 1426 2437 αὐτῶν
1450 2411 1579 2438 ἐσθίουσι.
1606 2411 1662 2437 Καὶ
1689 2411 1742 2446 γὰρ
1766 2410 1825 2444 ἁλη-

1045 2457 1099 2489 θῶς
1116 2457 1337 2492 ἐνυπνιαζόμενοι
1353 2457 1442 2493 σάρκα
1461 2458 1606 2493 μιαίνουσι,
1621 2458 1784 2491 κυριότητα
1795 2456 1826 2482 δὲ

1045 2504 1195 2534 ἁθετοῦσι,
1215 2502 1307 2535 δόξας
1319 2503 1353 2529 δὲ
1371 2504 1602 2539 βλασφημοῦσι.
1624 2504 1744 2537 Μιχαὴλ
1765 2502 1796 2529 δὲ
1811 2503 1825 2529 ὀ

1044 2550 1241 2585 ἀρχάγγελος,
1257 2550 1468 2585 διαλεγόμενος
1486 2550 1527 2582 τῷ
1546 2549 1675 2581 διαϐόλῳ
1697 2548 1761 2582 περὶ
1778 2547 1825 2574 τοῦ

1045 2596 1193 2628 Μωῦσέως
1206 2595 1353 2630 σώματος,
1367 2597 1423 2623 οὐκ
1445 2595 1554 2630 ἤνεγκε
1577 2596 1670 2630 λόγον
1687 2594 1825 2628 βλασφη-

1045 2641 1113 2674 μίας
1122 2640 1189 2675 (76),
1199 2640 1279 2668 ἀλλὰ
1286 2639 1380 2673 εἶπεν,
1394 2650 1402 2666 ι
1415 2640 1603 2675 Ἐπιτιμήσαι
1613 2642 1685 2668 σοιό
1693 2639 1803 2672 Κύριος.
1814 2647 1823 2664 ›

1012 2719 1023 2735 ⁸
1039 2719 1102 2747 For.
1116 2719 1166 2755 τῷ.
1205 2720 1216 2735 ⁵
1230 2728 1276 2754 πρ.
1292 2720 1484 2756 ἐργαζόμενος,
1497 2724 1524 2747 et
1537 2719 1657 2754 δύνηται.

1047 2797 1215 2832 ἀρχάγγελος
1230 2797 1274 2824 ὅτε
1292 2797 1330 2832 τῷ
1349 2797 1465 2832 διαϐόλῳ
1483 2797 1687 2833 διακρινόμενος
1699 2797 1825 2830 διελέγετο

1049 2834 1112 2869 περὶ
1136 2834 1183 2861 τοῦ
1207 2833 1345 2865 Μωῡσέως
1365 2833 1499 2869 σώματος,
1520 2833 1570 2860 οὐκ
1590 2832 1720 2868 ἐτόλμησε
1746 2833 1825 2867 κρίιιν
