1944 3037
228 129 275 156 551

926 134 954 162 S.
975 134 1146 163 EPIPHANII

1795 140 1855 169 352

228 187 320 222 loqui:
337 185 383 215 Vae
400 187 490 221 vobis,
505 197 586 224 quem
605 190 677 218 enim
702 191 809 218 tandem
825 192 963 221 adoratis?
978 195 1008 222 at

1065 196 1189 227 κυνεῖτε;
1212 194 1368 230 ἀπέφραεεν
1383 195 1466 222 αὐτοῦ
1482 196 1513 223 τὺ
1530 195 1616 232 στόμα
1627 197 1642 223 ό
1661 197 1753 234 ὀφθεὶς
1774 198 1854 233 αὑτῷ

226 239 260 259 eo
274 232 320 267 qui
335 232 363 260 in
380 234 480 269 templo
495 235 568 263 intus
587 237 711 271 apparuit
724 238 781 265 oris
792 238 841 271 illi,
861 246 895 266 ne
917 239 1013 268 ell‘erre

227 281 330 311 posset,
350 285 417 305 usus
435 278 600 308 interclusus
617 285 670 308 est.
693 281 758 310 Post
781 288 871 310 autent
896 284 941 311 ubi
961 291 1021 312 vox‘

226 323 313 349 eidem
329 328 371 350 est
386 325 523 359 restituta,
534 331 615 360 atque
635 327 688 354 hoc
705 328 733 354 in
755 327 863 356 Judzeos
882 337 1012 357 arcanum

226 368 371 402 evulgavit,
396 369 430 396 ab
453 370 508 398 illis
524 371 682 400 interfectus
703 377 754 401 est.
779 373 851 406 Htec,
875 375 1011 410 inquiunt,

226 411 367 442 Zacharia:
384 415 480 443 mortis
499 418 607 445 occasio
622 418 683 446 fuit.
709 419 818 447 Addunt
836 420 958 448 eamdem
978 422 1012 448 il-

226 458 280 485 lam
294 459 329 486 ob
343 467 454 488 causam
467 462 574 496 iussum
585 471 601 490 a
615 464 770 499 legislature
786 465 938 500 pontiﬁcem
956 467 1011 494 tin—

226 505 367 533 tinnabula
382 513 514 543 gestasse,
531 515 560 536 ut
581 511 687 545 quoties
705 513 740 539 ad
756 513 921 542 iunctionem
934 522 1012 542 suam

225 552 378 579 obeundam
401 554 597 589 ingrederetur,
611 558 838 592 crepitaculorum
862 561 976 595 strepitu
988 561 1012 589 is

225 598 273 632 qui
289 599 453 628 adorabatur
468 601 622 630 admonitus
641 611 702 631 sese
723 612 737 631 e
761 605 850 633 medio
867 606 1012 634 subtrahe-

225 648 276 675 ret.
291 652 327 672 ne
341 652 402 672 cum
415 646 489 674 larva
504 648 549 674 illa
566 656 598 676 ac
611 650 681 684 turpi
695 649 780 685 elllgie
795 651 1012 686 deprehendere-

225 693 279 718 tur.
296 690 440 719 Enimvero
452 692 578 720 stolidum
597 695 662 722 illud
682 696 904 724 stultissimorum
922 697 1011 724 homi-

225 743 291 762 num
308 743 491 766 commentum
507 747 568 766 cum
591 741 624 767 ad
646 742 861 769 convincendum
883 743 1012 778 perfacile

224 785 277 813 est,
289 786 345 809 tum
362 784 419 811 risu
435 792 467 812 ac
489 785 608 813 ludibrio
631 786 753 821 dignum.
777 787 883 815 Etenim
907 789 964 816 sive
987 789 1011 817 is

224 831 283 854 erat
302 830 425 857 omnino.
444 831 487 858 cui
507 831 562 858 haec
587 839 665 859 sacra
689 832 833 865 faciebant,
858 835 1010 869 aspectabi-

1064 241 1137 268 ἔνδον
1155 243 1184 268 ὲν
1200 241 1239 277 τῷ
1255 241 1320 277 ναῷ,
1343 243 1386 269 ἶνα
1405 243 1442 278 μὴ
1464 243 1576 279 δύνηται
1598 243 1722 279 λαλῆσαι.
1743 245 1807 271 Ὅτε
1822 245 1854 271 δὲ

1062 288 1159 322 ἠνοίγη
1170 287 1200 314 τὸ
1211 287 1299 322 στόμα
1310 288 1403 320 αὑτοῦ,
1418 288 1460 315 ἴνα
1475 289 1589 325 λαλήσῃ,
1598 289 1658 316 τότε
1674 289 1853 324 ἀπεκάλυψεν

1063 335 1165 366 αὺτοῖς,
1187 334 1233 361 καὶ
1259 334 1423 361 ἀπέκτειναν
1439 335 1531 362 αὐτόν.
1554 335 1609 362 Καὶ
1623 334 1723 367 οὕτως,
1748 336 1851 370 φασὶν,

1062 379 1181 406 ἀπέθανε
1196 380 1342 415 Ζαχαρίας.
1356 379 1405 406 Διὰ
1419 380 1498 407 τοῦτο
1508 381 1562 417 γὰρ
1575 381 1590 407 ὁ
1602 381 1691 417 ἱερεὺς
1706 381 1750 408 ὑπ’
1765 382 1851 408 αὐτοῦ

1062 424 1110 450 τοῦ
1124 423 1357 460 νομοθετήσαντος
1373 424 1541 461 προσετάγη,
1557 426 1649 461 φασὶν,
1669 426 1742 461 ἔχειν
1757 426 1852 453 κώδω-

1062 478 1121 502 νας,
1140 469 1184 502 ἵν’,
1211 470 1275 497 ὅταν
1302 471 1460 506 εἰσέρχηται
1486 471 1656 507 ἱεμτεῦσαι,
1681 472 1727 498 τὸν
1745 472 1851 499 κτύπον

1062 515 1169 542 ἀκούων
1185 516 1240 542 τῶν
1253 516 1397 548 κωδώνων,
1409 517 1564 552 κρύπτηται
1574 518 1588 544 ὁ
1602 517 1850 554 προσκυνούμενος,

1064 561 1107 587 ἵνα
1124 561 1161 596 μὴ
1177 561 1291 597 φωραθῇ
1302 562 1333 588 τὸ
1349 562 1539 597 ἰνδαλματικδν
1552 563 1563 579 ³
1574 563 1624 599 τῆς
1639 564 1747 599 μορφῆς
1763 563 1849 590 αὑτοῦ

1063 606 1218 642 πρόσωπον.
1235 608 1313 634 Ἔστι
1329 607 1357 635 δὲ
1368 608 1398 635 τὸ
1415 609 1469 635 πᾶν
1482 610 1531 644 τῆς
1543 609 1670 645 εὐηθείας
1685 609 1773 636 αὐτῶν
1785 610 1850 636 ὲπι-

1061 652 1183 688 τήδευμα
1201 653 1396 689 εὐθυέλεγκτον
1418 655 1466 682 καὶ
1484 654 1583 691 χλεύης
1602 655 1731 690 ἔμπλεον.
1746 656 1777 681 Ei
1792 654 1850 690 γὰρ

1061 695 1095 733 ῆν
1116 697 1185 730 ὅλως
1201 698 1300 734 ὁρατὸς
1327 700 1342 726 ό
1371 700 1609 735 ἱερουργούμενος,
1631 701 1691 727 οὐδὲ
1713 701 1849 737 κρυὸῆναι

1061 743 1175 778 ἠδύνατο
1186 751 1194 759 ο
1223 744 1247 770 εἰ
1271 745 1300 771 δὲ
1320 744 1388 777 ὅλως
1404 745 1537 781 κρυϐῆναι
1552 745 1684 780 ἠδύνατο,
1706 745 1797 772 οὐκέτι
1813 743 1849 781 ἦν

1060 788 1167 824 ὁρατός.
1181 790 1237 817 Καὶ
1251 790 1352 826 ἑτέρως
1369 790 1451 817 πάλιν
1465 791 1533 826 πρὸς
1556 791 1655 823 αὐτοὺς
1669 791 1776 826 ῥητέον,
1792 791 1847 823 ὅτι,

1062 835 1086 860 εί
1100 834 1196 870 ὁρατὸς
1216 833 1261 870 ἦν,
1280 835 1361 871 σῶμα
1375 836 1430 872 ἄρα
1444 834 1489 872 ἧν,
1508 836 1556 863 καὶ
1573 836 1623 863 οὐκ
1636 834 1670 872 ἦν
1682 836 1804 872 πνεῦμα·
1823 837 1848 864 ει

225 873 277 906 lis;
291 875 422 903 occultari
443 877 555 905 minime
580 883 701 913 poterat;
729 880 786 907 sive
812 880 943 907 occultari
963 888 1008 916 pe-

1060 879 1089 906 δὲ
1103 880 1212 916 πνεῦμα.
1222 879 1266 917 ἦν,
1280 882 1372 908 οὐκέτι
1383 883 1412 909 ὲν
1425 883 1532 918 ὁρατοῖς
1545 882 1711 916 ἐξετάζεται.
1724 882 1786 915 Πῶς
1799 880 1848 909 οὖν

225 918 298 945 nitus
322 925 441 954 poterat,
472 930 526 949 non
553 923 608 957 jam
633 929 690 951 erat
723 925 906 960 aspectabilis.
932 926 1010 959 Quod

224 963 287 990 item
320 966 373 993 alio
407 967 486 994 modo
518 974 613 996 contra
648 971 756 998 eosdem
787 973 876 1006 urgeri
909 976 1008 1007 potest.

225 1008 253 1036 Si
278 1011 349 1037 enim
374 1012 459 1039 videri
481 1019 597 1048 poterat,
619 1023 719 1051 corpus
745 1017 838 1052 utique
858 1021 932 1050 erat,
955 1026 1009 1046 non

223 1055 355 1089 spiritus;
375 1057 417 1084 sin
434 1058 519 1087 fuisse
535 1060 660 1095 spiritum
681 1061 809 1095 dixerint,
826 1070 879 1089 non
895 1063 967 1090 inter
979 1071 1010 1091 ea

223 1102 377 1130 censendus
392 1104 453 1136 erit,
469 1113 529 1140 qua:
545 1106 665 1134 discerni
687 1108 775 1135 oculis
798 1113 922 1143 possunt.
939 1109 1010 1142 Quid

224 1146 305 1181 igitur
318 1149 448 1176 attinebat
463 1158 524 1178 eum
536 1152 582 1186 qui
598 1146 740 1181 oculorum
755 1163 835 1182 sensu
850 1156 951 1191 percipi
966 1165 1010 1184 ne-

222 1193 312 1226 quiret
328 1193 374 1221 illo
388 1196 631 1225 tintinnabulorum
651 1200 742 1227 Sonitu
768 1201 837 1236 fugae
858 1209 924 1233 sum,
941 1202 1009 1230 late-

223 1237 331 1273 brasque
344 1241 498 1269 consulere.
516 1242 582 1270 Cum
598 1245 670 1272 enim
686 1245 713 1272 id
725 1250 824 1273 natura
835 1247 947 1275 insitutn
959 1249 1009 1275 ha-

223 1283 307 1316 beret,
332 1289 362 1311 ut
384 1286 469 1314 videri
489 1296 544 1315 non
567 1294 669 1324 posset,
684 1291 806 1326 profecto
828 1293 881 1321 nisi
900 1294 978 1322 vellet
994 1290 1028 1322 a-

223 1330 330 1358 nemine
344 1331 490 1360 videretur.
507 1333 583 1367 Quod
607 1344 671 1363 vero
692 1342 764 1365 esset
783 1339 817 1366 ab
835 1340 927 1374 aliquo
940 1348 1009 1368 con-

223 1379 343 1409 spectus,
368 1384 422 1404 non
447 1378 512 1405 illud
535 1381 698 1409 necessitate
719 1383 903 1419 contingeret,
930 1387 1009 1421 quasi

222 1427 284 1447 eum
309 1421 337 1448 in
358 1422 445 1450 lucem
466 1428 493 1451 et
509 1430 631 1460 apertum
649 1431 745 1455 natura
760 1429 944 1464 produxisset,
961 1433 1009 1460 sed

222 1465 389 1501 indulgentia
411 1469 526 1504 quadam
551 1472 660 1506 potius;
687 1481 776 1509 neque
801 1475 838 1503 ita
865 1481 896 1504 ut
919 1477 1009 1506 subito

223 1517 305 1544 metu.
331 1518 411 1548 atque
434 1523 467 1543 ex
491 1517 638 1551 improviso
657 1525 809 1556 praeterque
827 1524 1008 1558 exspectatio-

221 1566 294 1591 nem,
318 1567 463 1595 suppresso
489 1562 535 1590 illo
561 1564 662 1597 sonitu,
690 1566 778 1600 palam
807 1575 837 1595 se
861 1569 1006 1598 videndum

221 1605 362 1638 prteberet.
389 1607 429 1633 Ita
451 1609 524 1635 omni
549 1617 582 1636 ex
603 1616 679 1645 parte
706 1612 774 1640 falsa
797 1614 904 1642 illorum
927 1621 1008 1652 atque

220 1651 349 1678 ementita
372 1653 442 1680 ratio
465 1655 593 1683 concidit.
616 1656 668 1684 Sed
685 1659 736 1685 alia
752 1660 875 1694 quaedam
891 1651 1008 1696 plurima

221 1701 301 1727 sunt.
319 1704 379 1731 quae
400 1701 541 1734 nugatorie
559 1706 640 1737 atque
654 1703 769 1732 inaniter
782 1706 887 1738 jactare
909 1709 1006 1736 solent.

220 1739 302 1774 Atqui
315 1748 402 1776 neque
416 1742 489 1770 illico
502 1748 543 1772 est
558 1746 716 1776 interfectus
732 1749 895 1785 Zacharias;
911 1757 937 1779 et
947 1759 1009 1788 post

221 1789 310 1812 crtum
325 1785 437 1815 Joannis
454 1789 508 1825 95
522 1791 611 1818 adhuc
636 1793 714 1826 vixit,
733 1795 820 1830 deque
847 1805 890 1828 eo,
919 1785 954 1826 ac.
974 1799 1008 1827 de

221 1831 323 1859 Christi
340 1833 466 1867 adventu,
481 1840 508 1863 et
526 1837 648 1872 ejusdem
663 1841 812 1869 secundum
829 1851 939 1872 carnem
959 1853 1008 1880 per

1059 927 1092 953 τὸ
1106 928 1156 954 οὐκ
1169 928 1198 954 ἐν
1213 929 1319 964 ὁρατοῖς
1335 928 1529 963 ἐξεταζόμενον
1543 928 1597 955 ἀπὸ
1611 928 1658 955 τοῦ
1676 928 1780 955 κτύπου
1792 928 1848 955 τῶν

1060 972 1193 999 κωδώνων
1202 974 1251 1009 τῆς
1264 973 1361 1000 ἑαυτοῦ
1374 974 1504 1009 συστολῆς
1517 975 1684 1009 προενοεῖτο;
1699 974 1780 1009 Ἕχον
1792 974 1848 1010 γὰρ

1060 1018 1091 1044 τὸ
1109 1019 1224 1053 ἀόρατον
1243 1019 1314 1046 κατὰ
1337 1019 1433 1054 φύσιν,
1454 1021 1504 1046 οὐκ
1524 1020 1558 1046 ἂν
1583 1019 1740 1052 ὼπτάνετο,
1760 1021 1785 1046 εί
1808 1019 1848 1055 μὴ

1059 1063 1164 1098 ἢθελεν.
1188 1064 1219 1091 Εἰ
1240 1065 1268 1091 δὲ
1286 1065 1333 1092 καὶ
1359 1065 1437 1101 ὤφθη
1455 1066 1494 1097 δὲ,
1519 1066 1612 1092 οὐκέτι
1634 1065 1706 1092 κατὰ
1724 1065 1848 1100 ἀνάγκην

1060 1109 1195 1143 ἐφαίνετο,
1210 1110 1260 1145 τῆς
1280 1110 1388 1144 φύσεως
1412 1110 1494 1137 αὑτὸν
1515 1111 1635 1145 ἀγούσης
1649 1111 1688 1142 εις
1707 1110 1737 1136 τὺ
1753 1110 1848 1146 φαίνε-

1060 1154 1132 1186 σθαι,
1148 1155 1216 1182 ἀλλὰ
1236 1156 1308 1182 κατὰ
1324 1156 1414 1191 χάριν,
1429 1156 1460 1182 οὑ
1477 1156 1552 1191 φόϐῳ
1567 1156 1615 1183 καὶ
1626 1156 1758 1192 προλήψει
1771 1155 1848 1192 παρὰ

1060 1200 1223 1236 προσδοκίαν
1239 1201 1304 1228 ἄνευ
1325 1201 1440 1234 κτύπου,
1458 1203 1498 1234 είς
1513 1202 1544 1228 τὸ
1565 1201 1644 1237 δῆλον
1665 1202 1848 1234 καθιστῶντος

1059 1246 1108 1281 τὴν
1122 1246 1205 1273 αὑτοῦ
1219 1247 1363 1275 ὀπτασίαν.
1384 1248 1440 1275 Καὶ
1455 1247 1542 1280 οὕτως
1557 1247 1629 1274 κατά
1645 1247 1733 1274 πάντα
1745 1248 1848 1283 τρόπον

1059 1291 1184 1318 διέπεσεν
1201 1293 1215 1318 ὁ
1232 1292 1321 1319 αὐτῶν
1343 1292 1444 1327 ψευδὴς
1460 1293 1507 1320 καὶ
1524 1292 1783 1327 παραπεποιημένος
1804 1292 1849 1318 λό-

1059 1346 1116 1372 γος.
1140 1339 1194 1365 Καὶ
1209 1338 1294 1365 πολλά
1308 1340 1381 1365 ἐστιν
1398 1338 1474 1372 ἄλλα,
1490 1339 1508 1367 ἃ
1521 1339 1629 1373 λέγουσι
1644 1338 1751 1374 ληρώδη
1761 1347 1768 1354 ·
1786 1338 1850 1365 καί·

1059 1392 1134 1418 τοιγε
1151 1384 1199 1411 τοῦ
1222 1385 1357 1421 Ζαχαρίου
1376 1385 1413 1420 μὴ
1437 1385 1653 1416 ἀποκτανθέντος
1671 1384 1761 1417 εὐθὺς,
1779 1385 1849 1412 ἀλλὰ

1059 1431 1106 1457 καὶ
1130 1431 1319 1466 ὲπιμείναντος
1341 1431 1447 1467 ἡμέρας
1475 1432 1545 1466 μετὰ
1567 1431 1616 1465 τὴν
1647 1430 1694 1457 τοῦ
1721 1431 1847 1458 Ἰωάννου

1059 1477 1202 1512 γέννησιν,
1225 1478 1272 1504 καὶ
1294 1478 1534 1514 προφητεύσαντος
1549 1478 1614 1513 περὶ
1637 1477 1685 1504 τοῦ
1712 1477 1848 1511 Ἰωάννου,

1061 1523 1108 1550 καὶ
1128 1523 1192 1559 περὶ
1205 1523 1255 1558 τῆς
1270 1523 1423 1559 παρουσίας
1439 1524 1553 1559 Κυρίου,
1566 1524 1614 1550 καὶ
1631 1524 1764 1560 ὲνσάρκου
1783 1533 1847 1559 γεν-

1060 1570 1165 1605 νήσεως
1177 1569 1231 1596 ἀπὸ
1247 1570 1297 1605 τῆς
1310 1570 1391 1604 ἁγίας
1412 1570 1552 1606 Παρθένου
1568 1571 1676 1606 Μαρίας
1696 1571 1740 1598 διὰ
1759 1571 1847 1598 Πνεύ-

1061 1624 1146 1651 ματος
1161 1616 1250 1650 ἁγίου,
1261 1616 1299 1648 ὼς
1311 1616 1385 1651 λέγει
1396 1625 1403 1631 ·
1417 1617 1471 1644 Kal
1487 1616 1539 1648 σὺ,
1552 1617 1681 1650 παιδίον,
1693 1616 1849 1652 προφήτης

1064 1662 1207 1696 Ὑψίστου
1227 1662 1380 1697 κληθήσῃ.
1398 1664 1596 1696 Προπορεύσῃ
1612 1663 1666 1697 τὰρ
1684 1663 1740 1698 πρὸ
1755 1671 1849 1697 προσ-

1058 1708 1140 1735 ώπου
1154 1708 1265 1742 Κυρίου
1275 1708 1430 1743 ἑτοιμάσαι
1443 1709 1533 1743 ὀδοὺς
1550 1710 1654 1742 αὑτοῦ,
1669 1709 1848 1744 ἐπιπρέψαι

1059 1754 1184 1788 καρδίας
1198 1755 1333 1788 πατέρων
1343 1754 1391 1780 ἐπὶ
1406 1754 1509 1787 τέκνα,
1523 1755 1572 1782 καί
1588 1755 1719 1788 ἀπειθεῖς
1728 1755 1763 1782 ἐν
1775 1763 1847 1790 φρο-

1060 1800 1160 1834 νήσει,
1179 1800 1226 1826 καὶ
1237 1800 1271 1826 τὰ
1284 1799 1357 1835 ἑξῆς.
1377 1800 1452 1827 Πόσα
1469 1800 1497 1827 δὲ
1512 1800 1581 1828 ἀλλὰ
1597 1799 1769 1828 ἔστινείπεῖν
1780 1801 1848 1837 περὶ

1060 1846 1110 1881 τῆς
1120 1846 1211 1873 αὐτῶν
1223 1846 1408 1882 ψευδηγορίας
1419 1848 1466 1874 καὶ
1480 1847 1526 1874 τοῦ
1537 1847 1627 1874 αὐτῶν
1640 1846 1758 1883 μιασμοῦ
1768 1847 1774 1874 l

222 1879 353 1913 Spiritum
377 1887 500 1910 sanctum
522 1893 537 1912 e
561 1886 638 1914 beata
658 1887 768 1923 Virgine
789 1890 873 1918 Maria
903 1879 1093 1928 generatione:
1109 1894 1274 1922 vaticinatus
1294 1898 1336 1921 est
1352 1894 1394 1921 his
1425 1895 1515 1923 verbis
1540 1905 1547 1922 :
1566 1894 1600 1922 Et
1622 1900 1659 1928 tu,
1679 1902 1752 1928 puer,
1784 1901 1848 1929 pro-

220 1925 297 1959 pheta
311 1926 443 1955 Alliuimi
459 1930 612 1958 vocaberis:
644 1935 751 1966 prwibis
765 1937 834 1963 enim
853 1943 914 1964 ante
931 1939 1025 1972 facient
1046 1939 1157 1968 Dontt'ui
1180 1948 1276 1974 parare
1301 1941 1357 1968 vias
1379 1941 1436 1973 eius
1461 1941 1487 1972 ¹;
1508 1941 1543 1967 ad
1563 1940 1735 1967 convertenda
1764 1939 1847 1967 corda

220 1977 326 2006 patrum
340 1974 367 2000 in
382 1975 453 2009 ﬁlios
467 1981 492 2003 et
506 1978 702 2014 inobsequentes
715 1984 750 2008 ad
763 1984 930 2017 prudentiam
945 1987 965 2019 ',
977 1991 1031 2014 etc.
1051 1987 1159 2020 Quanta
1172 1995 1236 2015 vero
1250 1987 1285 2015 ad
1300 1995 1394 2015 eorum
1407 1988 1549 2016 mendacia
1564 1987 1762 2020 convincenda,
1777 1993 1845 2015 con-

220 2021 316 2051 traque
333 2019 542 2048 abominandam
555 2023 628 2050 illam
642 2025 781 2053 libidinem
796 2035 811 2054 a
825 2029 905 2056 nobis
917 2029 1009 2058 all‘erri
1030 2019 1145 2067 possunt
1158 2033 1164 2058 l

255 2063 322 2092 XIII.
337 2065 426 2100 Atque
446 2071 475 2093 ut
498 2068 532 2095 de
550 2069 659 2097 illorum
680 2071 791 2104 Levitis,
812 2075 853 2101 sic
868 2075 940 2102 enitn
964 2084 1011 2112 ap-

221 2110 331 2144 pellant,
340 2113 464 2140 nonnihil
479 2114 602 2144 dicamus
613 2127 620 2150 ;
631 2118 675 2145 isti
689 2126 743 2145 non
760 2127 823 2147 cum
837 2122 1010 2155 mulieribus,

1096 2077 1146 2104 ll".
1165 2079 1196 2105 Ol
1209 2078 1236 2105 δὲ
1251 2077 1364 2105 Λευῖται
1382 2079 1447 2114 παρ’
1460 2079 1552 2111 αὐτοῖς
1564 2078 1736 2115 καλούμενοι,
1751 2078 1781 2105 οὗ
1800 2079 1845 2114 μί-

1061 2131 1170 2157 σγονται
1181 2123 1315 2158 γυναιξὶν,
1327 2123 1394 2150 ἀλλὰ
1407 2124 1532 2159 ἀλλήλοις
1543 2124 1695 2159 μίσγονται.
1708 2123 1762 2150 Καὶ
1771 2120 1845 2150 οὗτοι

218 2157 266 2183 sed
283 2165 376 2185 secum
393 2160 507 2187 invicem
521 2162 687 2196 miscentur;
704 2173 735 2192 ac
754 2166 859 2194 scilicet
873 2169 1008 2204 praecipua

1060 2169 1127 2195 εἰσιν
1139 2170 1165 2195 oi
1181 2157 1340 2205 προκριτέοι
1355 2170 1420 2206 παρ’
1432 2157 1525 2201 αὐτοῖς
1537 2157 1617 2205 δῆθεν
1631 2170 1679 2196 καὶ
1697 2168 1842 2196 ἐπαινετοί.

219 2202 290 2230 inter
304 2204 365 2232 illos
383 2205 513 2240 dignitate
534 2215 565 2234 ac
590 2209 668 2237 laude
685 2212 921 2241 commendantur.
936 2202 1004 2242 Tum

1060 2202 1238 2250 Καταγελώσι
1250 2215 1279 2242 δὲ
1294 2215 1388 2242 λοιπὸν
1398 2215 1455 2242 τῶν
1467 2215 1517 2251 τὴν
1529 2214 1666 2242 πολιτείαν
1678 2214 1842 2246 ἀσκούντων,

217 2256 283 2276 vero
307 2257 354 2278 eos
377 2258 473 2279 omnes
500 2253 638 2286 derident,
660 2257 706 2290 qui
731 2259 914 2287 monasticam
942 2261 1005 2288 vita:

218 2301 303 2328 genus
317 2297 431 2331 amplexi
446 2303 520 2330 sunt,
541 2303 588 2327 aut
600 2302 753 2330 castitatem
766 2303 1005 2340 virginitatcmque

219 2339 388 2373 proﬁtentur,
405 2343 476 2376 quod
494 2343 595 2372 frustra
611 2345 637 2372 id
654 2346 706 2374 sibi
730 2347 861 2376 molestiae
880 2357 911 2377 ac
929 2339 1005 2378 labo-

218 2384 257 2410 ris
276 2384 426 2420 imponant.
449 2387 583 2417 Praaterea
605 2392 772 2426 evangelium
794 2394 931 2428 quoddam
952 2396 1004 2424 sub

218 2429 334 2465 Philippi
355 2433 521 2461 sanctissimi
542 2435 642 2464 Christi
664 2438 791 2473 discipuli
814 2440 924 2468 nomine
946 2441 1004 2468 cir-

217 2473 383 2505 cumferunt,
398 2475 425 2502 in
436 2483 491 2511 quo
505 2477 557 2504 ista
570 2483 731 2507 narrantur:
746 2480 825 2513 Mihi,
841 2482 939 2517 inquit,
952 2482 1004 2510 Da-

217 2519 304 2546 minus
331 2522 452 2554 aperuit,
481 2524 575 2558 quibus
600 2526 691 2553 anima
713 2527 796 2554 verbis
823 2529 862 2554 uti
890 2537 950 2556 cum
977 2530 1003 2557 in

216 2563 311 2590 caelum
326 2566 453 2598 ascendit,
471 2575 502 2594 ac
526 2570 746 2603 quemadmodum
770 2573 910 2608 unicuique
925 2573 1003 2601 cccle-

216 2610 296 2636 stium
321 2611 448 2639 virlutum
470 2615 625 2647 respondere
651 2617 753 2644 debeat.
771 2617 928 2646 Nimirum:
945 2619 1002 2655 Ego

216 2657 341 2692 meipsam
367 2661 476 2693 agnovi,
499 2666 577 2696 atque
605 2663 774 2699 undequaque
796 2665 906 2701 collegi;
922 2675 1004 2702 neque

214 2704 328 2738 principi
346 2704 418 2739 ﬁlios
434 2707 522 2740 genui,
549 2708 594 2734 sed
611 2709 668 2743 ejus
688 2711 790 2737 radices
804 2713 956 2746 exstirpavi,
972 2721 1003 2739 ac

215 2748 347 2783 dissipata
364 2751 480 2778 membra
496 2753 523 2781 in
537 2761 617 2780 unum
631 2756 721 2791 coegi;
741 2761 814 2791 teque
829 2758 895 2786 adeo
907 2759 952 2794 qui
966 2760 1002 2787 sis

254 2840 261 2854 ¹
277 2839 344 2868 Luc.
359 2849 379 2874 ι,
392 2841 437 2869 76.
474 2844 484 2859 ¹
498 2842 563 2871 ibid.
580 2843 621 2872 l7.
660 2845 669 2861 ³
686 2855 730 2880 Π).
749 2846 907 2874 ἰηδαλτικόν.

1056 2262 1103 2288 καὶ
1125 2261 1246 2296 ἁγνείαν,
1264 2261 1313 2288 καὶ
1334 2261 1494 2297 παρθενίαν,
1509 2261 1548 2292 ώς
1568 2261 1609 2292 εις
1628 2260 1716 2296 μάτην
1729 2260 1774 2287 τὸν
1794 2259 1844 2286 κά-

1057 2315 1141 2341 ματον
1166 2307 1396 2343 ἁναδεδεγμένων.
1424 2307 1614 2343 Προσφέρουσι
1636 2306 1665 2332 δὲ
1691 2307 1731 2338 εἰς
1757 2306 1842 2341 ὄνομα

1054 2351 1188 2378 Φιλίππου
1210 2352 1258 2379 τοῦ
1277 2352 1355 2386 ἁγίου
1375 2352 1497 2388 μαθητοῦ
1510 2352 1668 2387 εὐαγγέλιον
1682 2351 1841 2386 πεπλασμέ-

1055 2405 1111 2431 νον,
1126 2398 1167 2424 ὅτι
1185 2398 1282 2433 φησιν·
1307 2397 1494 2433 Ἀπεκάλυψέ
1504 2407 1555 2433 μοι
1576 2400 1593 2426 ὁ
1609 2399 1726 2433 Κύριος,
1742 2398 1772 2424 τι
1786 2398 1842 2431 τὴν

1054 2443 1163 2478 ⁴Ψυχὴν
1174 2444 1221 2471 δεῖ
1232 2443 1333 2480 λέγειν
1346 2445 1382 2471 ἐν
1391 2444 1431 2478 τῷ
1445 2445 1563 2472 ἀνιέναι
1579 2446 1623 2478 εις
1639 2445 1693 2472 τὸν
1701 2444 1839 2479 οὐρανὸν.

1057 2489 1105 2515 καὶ
1126 2489 1189 2522 πῶς
1208 2489 1320 2523 ἑκάστῃ
1341 2489 1401 2516 τῶν
1425 2490 1486 2517 ἅνω
1507 2490 1662 2525 δυνάμεων
1683 2490 1841 2524 ἀποκρίνε-

1055 2535 1135 2561 σθαι.
1152 2534 1213 2561 ’Ότι
1224 2534 1358 2569 ἐπέγνων
1370 2535 1513 2570 ἐμαυτὴν,
1529 2536 1606 2571 φησὶ,
1619 2535 1670 2562 καὶ
1687 2534 1838 2567 συνέλεξα

1055 2578 1189 2613 ἐμαυτὴν
1202 2581 1401 2615 πανταχόθεν,
1413 2580 1461 2607 καὶ
1480 2581 1535 2607 οὐχ
1547 2580 1674 2613 ἔσπειρα
1686 2579 1787 2611 τέκνα,
1801 2578 1840 2611 τῷ

1057 2623 1189 2658 ἄρχοντι,
1210 2625 1291 2652 ἀλλὰ
1309 2625 1485 2660 ἑξερῤίζωσα
1500 2625 1553 2658 τὰς
1568 2625 1653 2659 ,ῥίζας
1671 2624 1775 2656 αὑτοῦ,
1791 2623 1838 2650 καὶ

1057 2669 1210 2702 συνέλεξα
1232 2671 1268 2698 τὰ
1280 2671 1358 2706 μέλη
1380 2672 1416 2698 τὰ
1435 2671 1697 2706 διεσκορπισμένα,
1713 2670 1762 2697 καὶ
1776 2667 1840 2696 οϊδά

1057 2722 1094 2742 σε
1109 2717 1154 2748 τίς
1169 2714 1205 2743 ει.
1227 2716 1301 2752 Ἐγὼ
1317 2718 1383 2752 γὰρ,
1403 2719 1479 2753 φησὶ,
1503 2717 1562 2743 τῶν
1577 2717 1691 2744 ἄνωθέν
1702 2717 1769 2750 ειμι.
1785 2715 1838 2741 Καὶ

1060 2760 1156 2794 οὕτως,
1174 2761 1265 2796 φησὶν,
1291 2763 1447 2790 ἀπολύεται.
1471 2763 1533 2790 Ἐὰν
1552 2763 1594 2795 δὲ,
1620 2761 1719 2797 φησὶν,
1742 2759 1836 2796 εὑρεθῇ
