1944 3037
118 117 180 145 355

464 117 647 145 ADVERSUS
667 117 837 146 HERESES
855 117 919 146 LIB.
932 118 1046 146 I.TOM.
1067 118 1099 146 II.
1119 118 1303 147 -—IIIERES.
1324 119 1417 148 XXVI.

1700 121 1753 150 355

118 175 282 211 γεννήσασα
305 175 377 207 υίὸν,
401 177 548 212 κατέχεται
568 176 656 208 κάτω,
680 176 732 208 ἕως
747 176 780 203 ἂν
802 175 837 203 τὰ
857 176 912 203 ἴδια

965 177 1022 204 novi
1040 185 1050 204 :
1069 185 1127 205 sum
1150 178 1220 204 enim
1241 186 1254 205 e
1278 179 1422 206 caelestium
1448 186 1566 206 numero.
1592 178 1680 214 Atque
1701 179 1754 208 hoc

120 220 212 246 τέκνα
227 220 327 256 δυνηθῇ
346 221 502 252 ἀναλαϐεῖν,
517 221 564 248 καὶ
583 220 730 247 ἀνελκύσαι
744 222 784 253 εἰς
803 221 912 256 ἑαυτήν.

121 266 185 294 Καὶ
202 265 289 293 ταῦτά
309 268 366 294 ἐστι
383 267 418 294 τὰ
437 267 545 304 ληρώδη
556 268 646 295 αὐτῶν
668 268 715 294 καὶ
736 268 860 304 μυθώδη·
877 268 915 300 ὼς

122 312 175 339 καὶ
191 311 256 347 περὶ
276 312 323 339 τοῦ
344 313 423 347 ἁγίου
448 314 525 340 Ἠλία
539 314 659 349 τολμῶσι
681 313 848 349 βλασφημεῖν
868 314 916 341 καὶ

122 356 230 390 λέγειν,
245 358 287 384 ὅτι
300 358 400 393 φησίνο
417 358 482 385 Ὅτε
503 359 652 394 ἀνελήφθη,
667 359 820 394 κατεϐλήθη
835 359 915 386 πάλιν

123 403 169 433 εἰς
182 402 230 429 τὸν
245 402 358 438 κόσμον.
372 402 458 431 Ἦλθε
479 405 547 440 γὰρ,
565 405 650 441 φησὶ,
670 405 718 441 μία
734 405 849 440 δαίμων,
868 406 915 432 καὶ

124 448 276 484 ἐκράτησε,
295 449 342 476 καὶ
363 448 438 477 εἶπεν
460 451 545 486 αὐτῷ,
559 451 601 478 ὄτι
623 451 678 478 Ποῦ
697 451 818 487 πορεύῃ;
842 452 915 486 Ἔχω

125 494 185 530 γὰρ
201 494 284 521 τέκνα
298 495 352 522 άπὸ
376 496 423 522 σοῦ
434 517 440 529 ,
458 497 506 524 καὶ
532 497 562 524 οὐ
585 497 697 525 δύνασαι
716 498 836 525 ἀνελθεῖν
846 517 853 529 ,
869 497 916 524 καὶ

128 536 182 567 ὦδε
198 540 306 575 ἀφεῖναι
321 542 356 568 τὰ
370 542 453 569 τέκνα
473 550 530 569 σου.
546 543 611 575 Καὶ,
627 543 706 578 φησὶ,
724 544 813 578 λέγει·
830 543 915 571 Πόθεν

127 585 204 620 ἔχεις
229 586 314 613 τέκνα
342 588 390 614 ἀπ’
405 588 484 624 ἐμοῦ,
507 589 555 616 καὶ
575 589 630 623 ἐγὼ
651 590 725 625 ήμην
748 590 777 616 ἐν
799 589 914 625 άγνείᾳ;
941 610 945 618 .

127 630 234 664 Λέγει,
261 630 344 666 φησί·
373 632 445 662 Ναὶ.
469 633 514 659 ὅτε
538 634 671 665 ἐνυπνίοις
689 633 916 669 ὲνυπνιαξόμενος

127 676 262 708 πολλάκις
285 678 315 704 ὲν
336 679 369 713 τῇ
386 679 521 714 ἀποῤῥοίᾳ
536 680 590 706 τῶν
613 681 746 715 σωμάτων
768 680 914 716 ἐκενώθης,

128 722 187 757 ὲγὼ
199 724 272 759 ἥμην
286 724 303 759 ἡ
319 723 508 758 μεταλαβοῦσα
519 726 572 752 ἀπὸ
583 725 629 752 σοῦ
648 726 683 753 τὰ
700 725 854 762 σπέρματα,
868 726 916 752 καὶ

127 768 254 802 γεννῶσα
268 778 309 796 σοι
326 770 411 802 υἱούς.
429 770 518 806 Πολλὴ
529 771 557 797 δὲ
576 771 668 808 μωρία
681 771 739 798 τῶν
752 772 787 798 τὰ
805 771 916 798 τοιαῦτα

127 814 274 849 λεγόντων.
287 815 349 847 Πῶς
362 815 416 850 γὰρ
432 815 543 843 δύναται
554 817 669 852 δαίμων,
684 816 793 852 πνεῦμα
807 817 837 844 ὒν
852 817 917 843 ἀκά-

128 860 230 896 θαρτον
246 861 292 888 καὶ
314 861 470 897 ἀσώματον,
485 861 619 896 σωμάτων
635 862 869 898 μεταλαμϐάνεινς
883 863 915 888 Εἰ

128 905 159 932 δὲ
182 906 230 932 καὶ
254 906 309 933 ἀπὸ
334 906 469 942 σωμάτων
497 906 700 942 μεταλαμϐάνει
722 908 769 934 καὶ
791 908 914 938 κυῖσκει,

127 952 222 979 οὐκέτι
240 952 300 979 ἐστὶ
319 953 437 988 πνεῦμα,
461 952 529 980 ἀλλὰ
544 953 633 989 σῶμα.
648 953 732 988 Σῶμα
749 953 777 979 δὲ
796 953 837 984 δν,
857 953 916 984 πῶς

128 999 205 1025 ἐστιν
222 999 337 1034 ἀόρατον
358 999 405 1026 καὶ
427 998 551 1034 marina;
572 999 627 1026 Kal.
643 999 728 1035 πολλὴ
748 999 847 1026 ἀτοπία
866 998 916 1033 τῆς

127 1044 219 1071 αὐτῶν
241 1044 420 1079 μωρολογίας.
443 1044 586 1071 Βούλονται
607 1044 661 1081 γὰρ
680 1044 730 1080 τὴν
750 1045 809 1071 κατ’
826 1043 916 1070 αὐτῶν

130 1089 282 1124 μαρτυρίαν
293 1089 342 1125 τὴν
355 1089 408 1115 ἀπὺ
418 1089 468 1124 τῆς
488 1089 647 1124 Ἐπιστολῆς
656 1089 703 1116 τοῦ
716 1089 800 1116 Ἰούδα
817 1089 916 1124 μᾶλλον

127 1136 170 1166 είς
190 1135 302 1167 ἑαυτοὺς
315 1135 395 1170 δῆθεν
411 1135 572 1169 ἐπάγεσθαι,
592 1136 621 1162 ὲν
636 1135 676 1170 τῷ
689 1135 778 1170 λέγειν
788 1144 795 1150 ·
813 1135 868 1163 Kal
889 1137 916 1162 οὶ

126 1180 186 1215 μὲν
206 1180 447 1216 ἐνυπνιαζόμενοι
468 1181 524 1216 (Ἷ8)
543 1181 641 1216 σάρκα
667 1181 725 1216 μὲν
750 1181 916 1216 μιαίνουσι,

127 1226 288 1260 κυριότητα
298 1226 332 1252 δὲ
342 1226 482 1254 ἁθετοῦσι
496 1234 503 1241 ·
518 1227 611 1259 δόξας
623 1226 658 1252 δὲ
666 1227 914 1261 βλασφημοῦσιν.

128 1272 186 1298 Οὐκ
200 1269 261 1298 εἷπε
276 1272 305 1298 δὲ
318 1273 332 1299 ό
351 1272 482 1307 μακάριος
501 1271 601 1304 Ἰούδας
620 1272 734 1306 ἀδελφὸς
747 1272 794 1299 τοῦ
813 1273 916 1309 Κυρίου

128 1316 193 1351 περὶ
219 1316 455 1352 ὲνυπνιαζομένων
469 1317 498 1343 ἐν
517 1316 651 1352 σώμασιν.
677 1317 765 1349 Εὐθὺς
781 1317 835 1353 γὰρ
857 1319 917 1344 ἐπι-

128 1361 207 1398 φέρει
222 1361 270 1389 καὶ
294 1362 429 1394 δεικνύει,
447 1363 487 1389 ὅτι
513 1362 577 1397 περὶ
606 1362 659 1388 τῶν
682 1362 916 1397 ἑνυπνιαζομένων

129 1407 219 1442 λέγει,
238 1407 293 1434 τῶν
314 1407 466 1434 λαλούντων
485 1408 523 1440 ὼς
544 1408 578 1434 δι’
596 1407 744 1442 ὀνειράτων
767 1408 801 1434 τά
827 1409 916 1435 αὐτῶν

130 1453 252 1488 ῥήματα,
265 1453 312 1480 καὶ
332 1454 382 1479 οὐκ
402 1453 534 1488 ἀνανήψει
554 1454 747 1489 γρηγορήσεως
768 1454 914 1490 λογισμῶν.

130 1499 186 1525 Καὶ
207 1499 261 1535 γὰρ
283 1499 332 1526 καὶ
349 1499 414 1534 περ).
434 1499 487 1526 τῶν
506 1501 535 1526 ὲν
555 1499 732 1535 Ἰερουσαλὴμ
748 1500 915 1527 διδασκάλων

129 1544 202 1578 λέγει
222 1545 334 1576 Ἡσαΐας
344 1553 351 1560 ⁸
370 1544 485 1578 Πάντες
500 1545 591 1578 κύνες
609 1545 687 1572 ἐνεοί
703 1547 739 1572 οὺ
755 1545 915 1581 δυνάμενοι

129 1591 287 1623 ὑλακτεῖν,
307 1591 550 1626 ἐνυπνιαζόμενοι
576 1593 696 1626 κοίτην,
715 1593 762 1619 καὶ
785 1593 820 1619 τὰ
843 1593 915 1628 ἑξῆς.

129 1637 184 1664 Καὶ
196 1634 247 1664 ὧδε
261 1637 289 1664 δὲ
304 1638 351 1665 καὶ
369 1640 397 1665 ὲν
411 1640 444 1674 τῇ
457 1638 503 1665 τοῦ
528 1638 613 1666 Ἰούδα
636 1639 778 1675 Ἐπιστολῇ
797 1640 916 1666 δείκνυσι

129 1682 224 1717 λέγων·
239 1684 498 1720 Ἐνυπνιαζόμενοι
513 1686 628 1717 κοίτην,
645 1685 664 1711 ἅ
675 1686 731 1712 οὐκ
749 1685 849 1712 οἴδασι
866 1685 916 1713 λέ-

130 1738 242 1764 γοντες.
258 1730 314 1757 Καὶ
336 1730 445 1764 ἔδειξεν,
469 1731 510 1758 ὅτι
532 1731 563 1758 οὐ
582 1731 713 1767 περὶτῆς
734 1732 917 1764 ἑννπνιάσεως

129 1774 202 1810 λέγει
227 1775 275 1802 τοῦ
297 1776 392 1809 ὕπνου,
411 1777 479 1804 ἀλλὰ
498 1777 563 1813 περὶ
588 1777 638 1812 τῆς
666 1777 803 1812 μυθώδους
826 1778 915 1804 αὐτῶν

129 1822 281 1857 τραγῳδίας
297 1823 345 1849 καὶ
354 1822 526 1858 ληρολογίας,
541 1822 578 1854 ὡς
589 1822 633 1848 διὰ
650 1822 733 1849 ὕπνου
755 1822 914 1858 λεγομένης,

129 1867 174 1893 καὶ
189 1868 239 1894 οὐκ
251 1868 305 1895 ἀπὸ
316 1868 476 1904 ἐρῤωμένης
488 1868 616 1899 διανοίας.

965 223 1057 255 modo,
1075 223 1214 259 inquiunt,
1231 223 1275 251 illa
1289 224 1444 252 dimittitur.
1463 223 1512 251 Sin
1527 228 1616 252 autem
1632 225 1752 252 sobolem

965 276 1132 304 propagasse
1142 270 1288 304 reperitur,
1309 269 1402 296 tandiu
1420 269 1492 296 infra
1508 268 1653 301 detinetur.
1666 270 1754 297 donec

966 314 1037 342 ﬁlios
1053 321 1119 341 suos
1139 314 1260 349 recipere
1272 314 1407 349 potuerit,
1423 318 1450 341 et
1468 314 1502 341 ad
1522 315 1696 349 semetipsam
1714 318 1756 341 at-

966 359 1084 387 trahere.
1102 359 1150 387 liae
1173 363 1237 387 sunt
1263 367 1342 394 nugae
1365 359 1473 387 illorum
1493 367 1525 387 ac
1539 361 1655 388 somnia.
1675 358 1756 387 Velut

954 406 1046 434 etiam
1060 405 1106 432 illa
1119 409 1193 438 sunt,
1207 412 1268 440 quae
1290 405 1318 432 in
1336 409 1460 433 sanctum
1476 405 1562 432 Eliam
1581 405 1755 432 exsecranda:

966 451 1109 485 cujusdam
1136 451 1215 486 plena
1237 451 1409 478 contumelia:
1428 450 1575 486 praedicare
1593 458 1648 478 non
1660 458 1756 478 veren-

966 500 1011 524 tur
1026 506 1034 524 :
1052 504 1125 528 eum,
1143 504 1204 523 cum
1223 496 1251 524 in
1275 496 1373 524 coelum
1389 501 1498 524 evectus
1514 500 1597 528 esset,
1611 504 1709 524 rursus
1727 495 1754 523 in

967 543 1040 570 hunc
1065 543 1197 570 mundum
1225 542 1310 570 fuisse
1333 542 1478 577 deiectum.
1507 540 1584 570 Venit
1606 542 1691 574 enim,
1714 541 1757 568 ir-

966 586 1074 620 quiunt,
1088 594 1104 614 e
1123 594 1236 614 numero
1253 586 1415 613 feminarum
1441 587 1594 614 daemonum
1613 594 1677 619 una,
1695 595 1756 621 quin

967 632 1041 659 illum
1056 633 1205 667 superavit.
1224 632 1258 659 Et
1270 640 1325 667 quo
1336 637 1363 659 tu
1378 632 1487 660 tandem
1499 633 1596 665 ?dixit,
1611 633 1667 669 Ego
1682 634 1754 661 enim

965 684 981 703 a
1002 681 1030 705 te
1049 677 1149 705 liberos
1168 678 1264 709 habeo,
1288 685 1376 712 neque
1402 685 1511 706 sursum
1535 679 1644 706 evolare
1667 683 1754 714 potes.

966 728 1048 759 atque
1074 725 1119 752 hic
1142 729 1204 752 tuos
1233 725 1398 760 relinquere.
1423 725 1465 751 Ad
1495 725 1553 753 haec
1573 726 1757 760 respondente

966 770 1024 798 Elia
1040 780 1047 798 :
1068 770 1102 797 Et
1119 770 1255 798 undenam
1270 771 1304 798 de
1317 778 1361 798 me
1375 770 1445 799 filios
1467 771 1529 799 illos
1545 771 1676 804 habuisti,
1693 779 1755 799 cum

966 824 1017 852 ego
1033 817 1222 844 castimoniam
1235 821 1365 852 perpetuo
1375 817 1560 844 servaverim?
1575 817 1655 849 Sane,
1666 818 1757 852 inquit

966 862 1021 889 illa.
1037 862 1105 889 Cum
1121 861 1194 889 enim
1216 861 1245 888 in
1269 861 1373 889 somnis
1398 861 1532 889 etIusione
1553 862 1666 889 seminis
1686 868 1757 896 saepe

965 915 1067 942 corpus
1082 907 1253 938 exhaurires.
1268 915 1318 942 ego
1333 908 1383 936 abs
1402 911 1429 935 te
1449 907 1515 935 illud
1534 909 1640 943 excepi,
1652 908 1757 944 tibique

967 953 1037 981 filios
1052 953 1155 988 peperi.
1173 953 1259 986 Quam
1277 961 1341 981 vero
1362 953 1396 980 ab
1414 954 1467 981 illis
1483 953 1573 988 inepte
1590 954 1642 982 ista
1657 954 1755 981 dicun-

967 998 1025 1024 tur!
1043 997 1186 1030 Quomodo
1218 998 1290 1024 enim
1315 998 1437 1031 daemon,
1465 998 1588 1033 impurus
1605 1005 1757 1033 expersque

966 1043 1091 1078 corporis
1110 1043 1234 1078 spiritus,
1256 1043 1289 1070 de
1307 1043 1470 1077 corporibus
1489 1043 1655 1078 participare
1676 1043 1756 1078 quid-

966 1090 1037 1123 piam
1054 1089 1160 1123 potest?
1175 1087 1242 1115 Nam
1258 1088 1280 1116 si
1295 1096 1310 1115 a
1325 1089 1489 1124 corporibus
1502 1089 1526 1116 ei
1538 1090 1758 1116 communicatur

966 1134 1068 1169 aliquid
1086 1137 1116 1161 ut
1134 1134 1238 1168 pariat.
1258 1141 1359 1168 corpus
1379 1135 1432 1161 erit
1448 1142 1502 1162 non
1519 1135 1643 1170 spiritus.
1656 1134 1712 1170 96
1728 1134 1757 1162 Si

966 1188 1067 1216 corpus
1081 1185 1133 1212 est,
1149 1180 1286 1216 quomodo
1306 1181 1399 1216 fugere
1418 1181 1561 1208 oculorum
1579 1185 1755 1215 conspectum

967 1230 1013 1254 aut
1031 1226 1145 1261 spiritus
1169 1233 1230 1253 esse
1250 1226 1367 1260 poterit?
1390 1225 1443 1254 Sed
1462 1230 1489 1253 et
1507 1225 1616 1252 illorum
1638 1226 1757 1253 absurda

966 1279 1028 1299 cum
1045 1272 1142 1306 primis
1171 1271 1307 1299 stoliditas
1333 1275 1387 1302 est.
1411 1279 1473 1298 cum
1489 1271 1555 1298 illud
1578 1279 1612 1298 ex
1635 1271 1756 1306 Epistola

965 1317 1042 1345 Iuda:
1063 1317 1262 1350 testimonium,
1279 1325 1335 1351 quo
1356 1325 1452 1345 eorum
1475 1325 1553 1344 error
1571 1317 1756 1348 convincitur,

966 1365 1000 1391 ad
1014 1364 1095 1399 hujus
1106 1364 1191 1398 ipsius
1205 1363 1387 1399 patrocinium
1400 1364 1608 1400 accommodant
1620 1372 1626 1390 :
1641 1363 1675 1390 1n
1686 1372 1757 1391 som-

966 1410 1018 1441 nis,
1036 1410 1134 1444 inquit.
1149 1418 1254 1436 carnem
1270 1410 1416 1442 maculant,
1439 1409 1646 1436 dominatione»:
1667 1415 1755 1436 autem

966 1461 1112 1490 spernunt,
1137 1456 1303 1490 majeslalem
1329 1461 1416 1482 autent
1444 1456 1634 1490 blasp/temant.
1655 1455 1755 1482 Verum

967 1502 1063 1529 beatus
1076 1502 1160 1530 Judas
1176 1502 1281 1530 Domini
1296 1502 1380 1528 frater
1394 1509 1447 1528 non
1468 1501 1502 1528 de
1521 1501 1555 1528 iis
1566 1501 1696 1535 loquitur,
1709 1501 1756 1535 qui

966 1555 1014 1583 per
1040 1547 1206 1575 insomnium
1233 1547 1352 1574 ﬂuxione
1377 1554 1493 1574 venerea
1521 1546 1754 1574 contaminamur.

966 1593 1063 1621 Statim
1082 1595 1182 1629 quippe
1198 1593 1354 1629 ,suhjungit,
1375 1593 1550 1628 ostenditque
1567 1592 1601 1620 de
1620 1591 1756 1627 ejusmodi

965 1647 996 1667 se
1011 1639 1209 1667 somniantibus
1230 1640 1315 1674 loqui,
1328 1639 1375 1674 qui
1391 1647 1532 1667 sermones
1551 1646 1616 1666 suos
1635 1638 1709 1665 velut
1727 1638 1755 1664 in

965 1685 1084 1717 somnis,
1110 1692 1166 1712 non
1193 1685 1345 1719 experrecti
1369 1692 1401 1711 ac
1427 1684 1574 1719 vigilantes
1597 1682 1754 1710 instituunt.

966 1731 1105 1766 Siquidem
1123 1734 1150 1758 et
1166 1731 1199 1758 de
1213 1730 1468 1765 Hierosolymitanis
1490 1729 1650 1757 doctoribus
1670 1727 1756 1755 Isaias

963 1777 1002 1804 ita
1023 1777 1165 1811 loquitur:
1183 1776 1279 1803 Omnes
1301 1783 1378 1803 canes
1401 1776 1467 1802 muti
1496 1783 1548 1802 non
1571 1774 1686 1801 ualentes
1713 1773 1754 1799 la-

963 1829 1045 1856 trare,
1057 1824 1218 1851 somniantes
1238 1824 1267 1850 in
1285 1824 1366 1850 cubili
1381 1824 1401 1856 ί,
1416 1828 1443 1850 et
1465 1827 1574 1850 caetera.
1590 1821 1669 1855 Quod
1683 1821 1754 1848 idem

963 1869 989 1896 in
1005 1870 1056 1897 hac
1073 1868 1149 1897 Iudae
1168 1869 1289 1904 Epistola
1307 1869 1462 1897 declaratur
1484 1869 1526 1896 his
1549 1868 1651 1900 verbis,
1675 1866 1754 1894 Som-

130 1913 231 1941 niantes
247 1914 342 1947 cubile,
366 1923 423 1950 qua:
456 1915 574 1943 nesciunt
593 1914 723 1942 dicentes.
740 1914 790 1942 Ulli
813 1914 847 1942 de
866 1915 1058 1944 dormientium
1091 1916 1235 1945 insomniis
1258 1917 1370 1943 minime
1389 1923 1419 1943 se
1445 1915 1519 1950 loqui
1537 1915 1606 1941 velle
1642 1914 1756 1940 demou-

130 1963 208 1991 strat,
221 1959 268 1987 sed
285 1959 318 1987 de
330 1959 406 1987 falsis
419 1959 526 1987 illorum
542 1960 684 1994 tragoediis
696 1967 728 1986 ac
742 1961 832 1994 nugis,
843 1968 912 1995 quas
932 1961 972 1988 sic
985 1965 1113 1997 tauquam
1127 1963 1154 1990 in
1164 1962 1278 1995 somnis,
1292 1969 1342 1989 nec
1354 1961 1431 1988 firmo
1451 1965 1478 1988 et
1507 1959 1643 1987 constanti
1664 1958 1756 1984 animo

129 2005 316 2039 pronuntiant.

162 2048 213 2077 lA’.
229 2048 377 2084 Περικακῶ
392 2049 420 2075 δὲ
434 2049 472 2081 ὡς
496 2049 605 2085 ἀληθῶς
620 2050 655 2076 τὰ
675 2050 764 2077 πάντα
783 2050 912 2083 ἐξειπεῖν.

129 2093 195 2120 Θεοῦ
213 2095 269 2129 γὰρ
286 2094 344 2120 ἔστι
360 2094 442 2129 μόνου
456 2094 617 2121 ἀποκλεῖσαι
632 2095 677 2122 τὸν
691 2096 770 2130 βυθὸν
785 2097 834 2132 τῆς
849 2097 913 2124 δυσ-

129 2139 221 2174 οδμίας
245 2138 359 2175 ταύτης.
383 2139 438 2166 Καὶ
462 2140 664 2176 παρελεύσομαι
687 2142 720 2168 ὲκ
742 2141 788 2168 τοῦ
819 2143 912 2175 τόπου,

129 2185 274 2220 εὐξάμενος
289 2185 329 2221 τῷ
349 2185 518 2219 παμϐασιλεῖ
531 2186 591 2221 Θεῷ
612 2187 714 2222 μηδένα
734 2189 775 2219 εἰς
792 2188 837 2215 τὸν
853 2188 915 2224 βόρ-

130 2229 207 2266 ϐορον
221 2230 459 2266 ἔγκατα-παγῆναι,
474 2231 541 2266 μηδὲ
557 2233 675 2267 ἐμαυτοῦ
691 2233 739 2268 τὴν
750 2233 854 2260 ἔννοιαν
868 2243 916 2269 με·

129 2274 253 2302 ταλαϐεἰν
268 2275 318 2310 τῆς
328 2275 464 2308 δυσώδους
477 2277 658 2312 ἀκαθαρσίας.
669 2277 781 2313 Πρῶτον
798 2278 846 2313 μὲν
859 2279 913 2313 γὰρ

129 2321 144 2346 ὁ
154 2321 301 2354 ἀπόστολος
316 2322 420 2354 Παῦλος
432 2323 560 2350 ἐκκόπτει
570 2323 659 2350 αὐτῶν
673 2324 760 2351 πᾶσαν
774 2324 851 2359 ῥίζαν
863 2324 914 2359 τῆς

129 2367 236 2400 κακίας,
252 2368 317 2404 περὶ
326 2367 419 2403 χηρῶν
429 2368 569 2404 νεωτέρων
579 2369 776 2405 παραγγέλλων
785 2379 791 2385 ·
802 2370 911 2404 Χήρας,

129 2414 226 2449 φησὶν,
248 2414 394 2447 νεωτέρας
417 2415 573 2448 παραιτοῦ.
594 2416 674 2443 Μετὰ
691 2415 747 2450 γὰρ
765 2416 798 2443 τὸ
822 2425 912 2443 κατα-

128 2457 304 2493 στρηνιᾶσαι
320 2459 373 2486 τοῦ
388 2459 527 2493 Χριστοῦ,
541 2460 647 2495 γαμεῖν
660 2461 813 2497 θέλουσιν,
823 2462 911 2498 ἔχου-

160 2538 168 2553 ¹
185 2537 238 2565 Isa.
253 2545 308 2571 LVI,
321 2532 370 2565 IO-

160 2615 215 2652 (78)
231 2616 286 2643 Kal
301 2617 330 2643 al
343 2616 402 2652 μὲν
420 2616 674 2652 ἐνυπνιαζόμενοι.
708 2616 769 2644 Vox
784 2616 853 2649 htec,
869 2617 913 2644 ὲν-

127 2651 328 2688 υπνιαζόμενοι,
334 2653 361 2688 in
371 2651 714 2688 Vulgatainterpretatione
728 2652 815 2686 deest,
829 2660 910 2687 quam

127 2686 156 2712 ad
173 2691 251 2721 turpe
266 2687 385 2714 libidinis
402 2686 661 2722 pr’olluvium‘rcfert
676 2688 802 2719 ()Ecum.,
812 2686 913 2722 aliique

128 2722 257 2758 nonnulli.
280 2722 336 2758 Alii
359 2722 392 2749 ad
415 2729 541 2758 errorum
577 2730 765 2758 nugarumque
792 2724 909 2750 somnia.

128 2754 249 2793 Clemens
271 2757 354 2793 Alex.
373 2764 418 2793 ut,
432 2757 533 2793 ειν-σω.
558 2754 690 2785 adversus
716 2754 909 2793 Carpocratem

128 2789 283 2825 disputans:
298 2791 362 2828 Ἐπὶ.
374 2791 477 2828 τούτων
493 2792 580 2828 οἶμαι.
598 2792 645 2819 καὶ
657 2793 711 2819 τῶν
723 2789 824 2828 ὁμοίων
835 2793 907 2828 αἱρέι

129 2832 192 2853 om
207 2827 381 2861 προφητικῶς
395 2827 496 2856 Ἰούδαν
510 2827 538 2855 ὲν
548 2828 582 2864 τῇ
597 2828 742 2864 Ἐπιστολῇ
757 2827 908 2864 εἰρηκέναι·

1000 2050 1070 2077 XIV.
1088 2049 1234 2077 Enimvero
1254 2050 1337 2084 pudet
1359 2057 1402 2076 me
1421 2049 1512 2076 omnia
1532 2048 1640 2075 illorum
1655 2055 1755 2076 arcana

966 2096 1102 2132 detegere.
1125 2096 1216 2124 Solius
1230 2096 1302 2123 enim
1316 2099 1359 2123 est
1372 2095 1417 2123 Dei
1427 2095 1668 2130 profundissimam
1685 2096 1756 2122 hanc

965 2143 1034 2169 tanti
1051 2141 1145 2168 fetoris
1160 2142 1315 2177 voraginem
1339 2142 1491 2168 obstruere.
1519 2140 1702 2173 Quamobrem
1721 2141 1758 2168 ab

966 2195 1000 2214 eo
1012 2187 1072 2214 loco
1089 2187 1237 2222 digrediar,
1254 2187 1305 2214 hoc
1323 2195 1407 2214 unum
1430 2187 1465 2214 ab
1487 2186 1615 2214 omnibus
1630 2187 1756 2214 modera-

967 2235 1025 2259 tore
1039 2231 1093 2259 Deo
1109 2233 1259 2267 postulans,
1276 2239 1310 2259 ne
1325 2233 1387 2267 quis
1401 2232 1427 2258 in
1445 2231 1510 2258 illud
1526 2239 1634 2258 cmnum
1648 2231 1756 2259 demer-

966 2283 1061 2312 gatur;
1078 2285 1144 2304 neve
1160 2279 1280 2305 animum
1297 2286 1386 2305 meum
1403 2277 1552 2306 fmdissima
1567 2278 1625 2305 hinc
1639 2278 1756 2313 impuri-

966 2324 1031 2351 tatis
1048 2324 1122 2351 labes
1135 2324 1247 2352 inliciat.
1267 2323 1385 2351 Primum
1403 2324 1475 2351 enim
1498 2324 1638 2358 apostolus
1653 2323 1757 2351 Paulus

965 2377 1062 2397 omnes
1075 2370 1231 2397 istiusmodi
1247 2369 1374 2404 nequitia;
1395 2369 1502 2396 radices
1519 2370 1630 2402 excidit,
1643 2377 1705 2397 cum
1721 2369 1758 2396 de

962 2416 1119 2451 junioribus
1142 2416 1232 2443 viduis
1250 2417 1302 2444 ista
1323 2415 1476 2450 praescribit
1494 2425 1500 2443 :
1521 2415 1630 2448 Viduas,
1653 2416 1754 2450 inquit,

964 2463 1183 2490 adolescentiam:
1203 2462 1306 2494 devita;
1322 2470 1382 2488 cum
1401 2461 1470 2489 enim
1491 2461 1635 2488 luxuriata:
1655 2461 1755 2496 fuerint

966 2616 1089 2653 Ὀμοίως
1100 2616 1204 2651 μέντοι
1230 2616 1278 2644 καί
1292 2615 1376 2645 οὗτοι
1389 2618 1641 2653 ἐνυπνιαζόμενοι·
1654 2619 1690 2645 οὐ
1700 2618 1754 2652 rit!)

960 2652 1036 2686 ὑπὲρ
1051 2652 1088 2686 τῇ
1100 2653 1228 2686 ἀληθείᾳ
1239 2652 1467 2680 ἐπιϐάλλουσιν.
1482 2653 1612 2688 Sequitur
1625 2654 1701 2681 Isaiae
1714 2656 1754 2678 lo-

960 2696 1009 2714 cus
1024 2696 1048 2714 c.
1065 2695 1107 2714 LVI
1123 2695 1194 2714 com.
1211 2689 1260 2718 '10,
1283 2688 1328 2715 ubi
1350 2689 1422 2722 qunti
1441 2689 1468 2715 in
1490 2689 1603 2716 Ilellrmo
1628 2693 1669 2716 est
1687 2692 1752 2716 nun

960 2727 1076 2753 εωπτυ.
1091 2722 1147 2749 visa
1161 2726 1332 2754 contuentes,
1347 2724 1484 2758 jacentes;
1503 2723 1569 2750 LXX
1582 2727 1690 2750 vertunt
1710 2725 1752 2749 ἐν-

960 2758 1153 2792 υπνιαζόμενοι
1168 2759 1274 2792 κοίτην,
1287 2759 1447 2786 somniantes
1463 2759 1556 2786 cubile.
1578 2759 1644 2791 Quae
1660 2763 1749 2784 tamen

959 2793 986 2820 in
1002 2791 1140 2829 Canonica
1159 2791 1246 2829 Iuda
1257 2801 1311 2820 non
1336 2795 1522 2829 reperiuntur,
1544 2798 1642 2822 contra
1666 2801 1749 2829 quam

959 2835 1081 2856 asserere
1093 2827 1204 2856 videtur
1217 2827 1396 2864 Epiphanius.
1514 2827 1520 2850 '-
1578 2839 1580 2842 τ
