1944 3037
194 115 247 143 555

908 111 936 139 S.
958 110 1129 139 EPIPHANII

1767 107 1824 137 556

194 174 220 200 in
245 171 361 202 Christo,
386 171 481 198 nubere
507 171 605 203 volunt,
629 170 751 197 habentes
775 170 982 202 damnationem,

1044 178 1086 196 rat
1107 169 1212 204 κρῖμα,
1238 169 1282 195 ὅτι
1305 169 1362 203 τὴν
1385 169 1505 203 πρώτην
1528 170 1632 196 πίστιν
1657 167 1822 202 ἠθέτησαν.

194 218 256 251 quia
277 217 390 251 primum
409 216 487 251 ﬁdem
507 217 612 243 irritant
632 216 757 250 fecerunt.
779 216 889 244 Nubant
904 218 984 253 igitur

195 269 219 289 εἰ
258 263 329 297 ﬁlios
353 267 504 297 procreent,
546 262 763 296 matresfamilias
789 268 868 289 sunto
886 263 905 289 ‘.
917 263 984 290 Cum

196 316 261 342 ergo
277 315 420 342 procreare
437 308 553 343 liberos},
573 315 606 335 ac
628 307 737 335 familiae
758 315 875 343 praeesse
891 308 986 342 jubeat

197 354 355 388 Apostolus,
379 353 424 381 isti
446 361 512 381 vero
529 361 544 380 a
564 354 741 389 susceptione
763 355 911 382 liberorum
937 355 986 381 ab-

198 399 335 431 horreant,
351 399 430 434 plane
446 399 498 426 hoc
517 407 532 426 a
544 400 680 427 'venenato
700 403 836 435 serpente,
853 400 986 435 pessima-

198 453 251 480 que
265 445 408 481 disciplina
430 446 536 473 facinus
551 445 702 480 profectum
718 450 770 477 est.
787 445 852 472 Dum
868 445 941 473 enim
954 446 988 472 li-

199 492 322 520 bidinum
342 499 455 519 suarum
470 492 601 526 voluptati
619 493 814 525 succumbunt,
828 496 918 519 certas
935 491 988 520 sibi

200 538 441 573 perpetrandorum
463 537 626 573 flagitiorum
647 538 808 565 occasiones
832 543 986 570 arcessunt,

199 591 254 618 quo
271 583 408 610 effrenatae
433 590 490 610 sua:
513 582 656 618 cupiditati
683 589 715 610 ac
739 582 853 610 luxurire
876 582 988 610 satisfa-

200 630 282 656 ciant.
311 629 382 656 Sane
404 629 449 655 illa
471 629 563 655 omnia
592 636 626 656 ne
647 629 855 656 commemorari
880 628 989 664 quidem

200 675 353 710 oportebat.
373 681 462 709 neque
488 674 569 701 ullam
591 681 685 701 eorum
706 674 734 700 in
754 673 864 708 scriptis
882 677 990 701 exstare

202 721 371 752 memoriam,
386 720 434 748 sed
455 724 583 755 tanquam
607 720 707 746 mortui
725 719 840 747 cadaver
855 719 941 751 fetidi,
957 727 990 748 ac

202 765 324 800 pestiferi
339 765 482 800 cujusdam
499 764 604 791 adlatus
627 764 654 791 in
676 764 832 798 sepulcrum
848 764 942 799 abjiei,
957 772 991 792 ne

202 811 244 838 vel
268 811 362 837 auditu
377 811 436 845 ipso
457 810 612 838 mortalium
628 810 776 845 pernicient
800 810 919 838 all'erret.
935 811 990 846 97

1041 216 1128 243 Ἀλλὰ
1140 215 1338 250 γαμείτωσαν,
1353 215 1631 246 τεκνοποιείτωσιιν,
1647 214 1823 241 οἰκοδεσπο-

1035 262 1190 288 τείτωσαν.
1208 261 1238 287 Εἰ
1258 261 1286 288 δὲ
1308 262 1322 288 ὁ
1347 261 1509 292 Ἀπόστολος
1530 260 1620 294 λέγει,
1642 259 1822 292 τεκνογονεῖν,

1035 307 1245 338 οἰκοδεσποτεῖν,
1265 303 1338 333 οὗτοι
1360 307 1389 333 δὲ
1413 306 1609 341 παραιτοῦνται
1628 305 1678 341 τὴν
1698 311 1824 337 τεκνογο-

1036 352 1105 383 νίαν,
1120 352 1208 386 ὄψεώς
1227 352 1285 378 ἐστι
1305 351 1353 378 καὶ
1371 352 1460 386 κακῆς
1476 350 1648 382 διδασκαλίας
1666 349 1697 376 τὺ
1716 349 1824 384 ἐπιχεί-

1037 407 1123 434 ρημα.
1137 397 1302 433 Ἠττώμενοι
1319 397 1372 432 γὰρ
1387 398 1420 432 τῇ
1441 397 1521 432 ἡδονῇ
1542 397 1591 432 τῆς
1607 395 1744 431 πορνείας,
1762 395 1825 421 ἑπι-

1037 444 1142 470 νοοῦσιν
1155 444 1262 474 ἑαυτοῖς
1275 442 1446 478 ἀκαθαρσίας
1461 441 1622 477 προφάσεις,
1635 441 1712 472 ὅπως
1727 440 1825 472 δόξωσι

1038 489 1219 524 πληροφορεῖν
1245 490 1294 524 τὴν
1316 488 1420 515 ἑαυτῶν
1441 488 1602 522 ἀσέλγειαν·
1626 487 1673 514 καὶ
1699 487 1752 514 ἔδει
1775 487 1825 521 μὲν

1039 534 1146 570 ἀληθῶς
1161 533 1249 560 ταῦτα
1271 534 1338 570 μήτε
1354 533 1492 568 λέγεσθαι,
1514 534 1583 569 μήτε
1604 533 1634 560 ὲν
1653 532 1825 567 συντάγμασι

1038 579 1232 612 καταξιοῦσθαι
1243 579 1413 615 γράφεσθαι·
1427 580 1576 607 θάπτεσθαι
1588 580 1616 606 δὲ
1627 579 1720 615 ὥσπερ
1729 578 1826 614 νεκρόν

1038 634 1100 652 τινα
1120 625 1253 658 ὀδωδότα,
1269 626 1316 652 καὶ
1330 625 1449 662 λοιμώδη
1474 625 1615 661 ἀποφορὰν
1636 625 1759 656 τωέοντα,
1780 625 1826 650 ἵνα

1041 671 1078 706 μὴ
1097 671 1143 697 καὶ
1153 670 1184 696 δι’
1199 671 1285 706 ἀκοῆς
1297 671 1449 707 λυμήνηται
1462 672 1526 702 τοὺς
1538 671 1709 706 ἀνθρώπους.
1729 670 1784 696 Καὶ
1800 670 1826 695 εἰ

1042 717 1090 752 μὲν
1107 716 1291 752 παρεληλύθει
1309 718 1325 753 ή
1349 718 1461 753 τοιαύτη
1481 718 1596 753 αἵρεσις,
1617 717 1665 744 καὶ
1683 716 1774 743 οὐκέτι
1791 713 1826 752 ἦν

1041 764 1070 790 ὲν
1086 763 1124 798 τῷ
1141 763 1199 798 βίῳ,
1217 763 1319 797 ἀγαθὸν
1332 762 1365 799 ἦν
1382 764 1484 800 ταύτην
1499 764 1592 799 θάψαι,
1607 763 1655 790 καὶ
1673 763 1741 799 μήτε
1757 763 1827 794 ὅλως

1042 808 1107 844 ’περὶ⁴
1121 808 1207 843 αὐτῆς
1220 809 1307 835 εἰπεῖν
1317 817 1323 824 ·
1338 809 1431 844 ἐπειδὴ
1442 809 1470 835 δὲ
1484 810 1531 835 καὶ
1542 808 1599 834 ἐστι
1610 809 1657 834 καὶ
1667 808 1826 843 πράττεται,

202 856 236 884 Ει
252 856 360 892 quidem
375 857 398 883 si
413 864 445 884 ea
461 857 569 891 penitus
586 857 752 892 praeterisset
768 857 890 889 haeresis,
902 865 990 892 neque

1044 854 1256 890 προετράπημεν
1282 854 1311 881 δὲ
1337 854 1390 880 ὑπὸ
1408 855 1458 889 τῆς
1480 854 1557 890 ὑμῶν
1580 854 1736 890 τιμιότητος
1762 853 1827 888 περὶ

202 903 231 930 in
254 902 356 929 mundo
381 906 536 936 superesset
555 902 681 937 amplius,
700 902 808 936 sepeliri
829 909 918 937 operae
930 909 990 937 pre-

203 950 273 977 tium
290 954 359 982 erat,
374 956 462 983 neque
479 948 561 975 ullam
578 948 638 982 ejus
654 948 817 975 mentionem
834 947 901 975 ﬁeri.
912 947 990 974 Nunc

203 1003 264 1023 cum
279 1000 307 1022 et
321 1002 415 1022 revera
430 994 510 1022 hodie
526 994 572 1025 sit,
589 997 616 1020 et
632 993 712 1021 factis
728 994 795 1028 ipsis
811 994 988 1028 exprimatur,

204 1048 301 1076 tneque
315 1048 365 1069 vos
377 1043 406 1067 ut
419 1040 452 1067 de
468 1040 596 1067 omnibus
608 1039 726 1066 dicerem
749 1039 851 1065 hortati
874 1038 990 1070 fueritis,

204 1087 295 1121 aliqua
316 1086 387 1113 illam
416 1093 448 1113 ex
472 1090 550 1120 parte
570 1089 683 1112 coactus
705 1092 720 1111 a
744 1085 822 1112 vobis
840 1084 937 1119 attigi,
961 1092 995 1112 ne

205 1136 362 1167 susceptum
379 1131 503 1159 veritatis
522 1131 643 1158 studium
658 1130 865 1165 praetermittam
879 1138 886 1162 ;
906 1130 952 1157 sed
968 1129 995 1157 id

205 1185 287 1205 omne
314 1178 412 1212 partim
438 1177 472 1204 ad
502 1185 549 1204 eos
573 1177 619 1212 qui
642 1177 779 1204 audierint
805 1175 994 1209 deterrendos,

1043 901 1151 928 πάντων
1161 901 1259 932 εἰπεῖν,
1274 901 1344 937 μέρη
1355 901 1438 936 αὐτῆς
1451 902 1624 937 διηγησάμην
1635 900 1827 935 ἀναγκασθεὶς,

1043 947 1087 974 ἴνα
1106 947 1136 973 τὸ
1150 947 1297 982 φιλάληθες
1318 947 1355 982 μὴ
1372 947 1591 983 παρασιωπήσω,
1610 947 1677 973 ἀλλὰ
1691 946 1829 982 ὑφηγήσο-

1045 1003 1103 1029 μαι,
1117 994 1157 1025 είς
1170 994 1330 1029 ἀποτροπὴν
1347 994 1395 1027 μὲν
1408 994 1462 1021 τῶν
1473 993 1635 1024 ἀκουόντων,
1646 994 1686 1024 εὶς
1698 992 1828 1028 αἰσχύνην

1043 1040 1072 1066 δὲ
1090 1040 1144 1066 τῶν
1168 1041 1351 1075 πραττόντων.
1373 1040 1459 1067 Πόθεν
1481 1039 1535 1076 γὰρ
1554 1040 1604 1067 οὐκ
1625 1039 1723 1075 ἔχομεν
1745 1038 1828 1070 δεῖξαι

1042 1084 1106 1116 τοὺς
1130 1085 1193 1121 παρ’
1209 1086 1301 1117 αὐτοῖς
1322 1085 1435 1120 φόνους,
1462 1086 1508 1113 καὶ
1528 1085 1666 1122 τερατώδη
1684 1085 1762 1120 ἔργα,
1780 1084 1831 1111 καὶ

1042 1131 1154 1163 τελετὰς
1175 1131 1298 1158 διαϐόλου
1321 1131 1351 1164 ἐξ
1372 1132 1494 1164 ἐπινοίας
1513 1132 1560 1159 τοῦ
1597 1131 1679 1159 αὑτοῦ
1701 1131 1825 1158 διαὸόλου

1043 1177 1100 1209 τοῖς
1114 1177 1283 1213 ἑμῦεϐροντη
1289 1177 1380 1212 μένοις
1394 1178 1515 1210 δοθείσας
1524 1187 1532 1211 ;

206 1225 304 1260 partim
322 1225 355 1251 ad
371 1231 419 1252 eos
440 1224 485 1259 qui
510 1224 562 1251 ista
582 1227 739 1258 perpetrant
773 1223 875 1258 pudore
910 1222 1066 1251 afﬁciendos
1097 1232 1242 1258 exponam.
1270 1224 1335 1257 Quae
1359 1226 1430 1251 enim
1454 1224 1588 1260 probandi
1612 1224 1682 1251 ratio
1701 1227 1752 1255 est,
1776 1230 1832 1258 qna

207 1277 260 1304 non
283 1269 309 1296 id
332 1268 438 1296 eliicere
456 1268 593 1303 possimus
616 1267 763 1303 parricidia
787 1268 832 1294 illa
852 1268 1036 1302 immaniaque
1051 1276 1112 1303 quae
1127 1269 1161 1296 ab
1180 1269 1214 1296 iis
1233 1269 1442 1296 committuntur
1462 1269 1575 1302 scelera,
1593 1270 1711 1305 malique
1729 1270 1832 1297 dazmo-

207 1315 250 1343 nis
267 1315 335 1342 ritus
352 1321 384 1341 ac
400 1314 587 1346 caeremonias,
602 1312 725 1348 ejusdem
741 1313 872 1340 instinctu
892 1311 1023 1340 damonis
1042 1312 1154 1340 furiosis
1170 1313 1223 1340 illis
1242 1321 1274 1340 ac
1291 1313 1453 1341 vecordibus
1472 1314 1620 1341 constituta
1635 1314 1735 1342 fuisse?

241 1360 299 1387 XV.
316 1359 398 1394 Atqui
415 1360 533 1394 primum
559 1358 625 1385 illud
652 1358 744 1386 statim
769 1358 841 1392 quod
863 1358 915 1385 sibi
939 1357 991 1384 fin-

206 1410 284 1441 gunt,
302 1409 383 1441 atque
397 1412 413 1432 e
424 1405 518 1440 priore
531 1405 636 1440 psalmo
654 1404 688 1431 de
711 1404 808 1431 arbore
824 1410 991 1431 commemo-

1071 1359 1119 1385 IE’.
1127 1359 1182 1386 Kal.
1192 1358 1272 1390 εὐθὺς
1282 1359 1331 1394 μὲν
1339 1357 1384 1386 οὖν
1395 1360 1549 1395 ἐλέγχονται
1557 1361 1596 1392 είς
1603 1361 1617 1387 ὂ
1626 1362 1833 1395 φαντασιοῦνται

1045 1404 1093 1430 καὶ
1110 1404 1322 1439 προφασίζονται
1337 1405 1401 1440 περὶ
1413 1405 1459 1432 τοῦ
1478 1406 1556 1439 ξύλου
1574 1407 1621 1433 τοῦ
1639 1408 1667 1434 ἐν
1678 1407 1717 1443 τῷ
1733 1409 1834 1444 πρώτῳ

207 1455 296 1478 ratum
322 1450 476 1485 proferunt.
505 1450 582 1477 ttullo
606 1450 716 1485 negotio
742 1449 876 1477 refellitttr
894 1458 900 1475 :
917 1448 993 1481 Quod

1046 1449 1145 1485 ψαλμῷ
1161 1450 1318 1485 εἰρημένου,
1342 1451 1403 1478 ’Ότι
1424 1451 1512 1479 δώσει
1536 1453 1588 1480 τὸν
1608 1454 1725 1487 καρπὸν
1740 1455 1835 1482 αὑτοῦ

207 1499 322 1533 fructum
336 1505 414 1524 suum
437 1495 510 1523 dabit
525 1495 554 1522 in
574 1499 689 1529 tempore
713 1503 772 1529 suo,
784 1500 809 1522 et
826 1495 919 1530 folium
938 1495 993 1529 ejus

1047 1495 1082 1522 ἐν
1094 1495 1184 1530 καιρῷ
1199 1496 1302 1528 αὐτοῦ,
1315 1497 1364 1524 καὶ
1378 1497 1410 1524 τὸ
1428 1498 1548 1532 φύλλον
1564 1500 1657 1527 αὑτοῦ
1669 1501 1725 1528 οὐκ
1742 1501 1835 1535 άποῤ-

208 1553 260 1571 non
278 1543 372 1577 deﬂuat
385 1543 407 1571 '.
423 1541 509 1569 Paulo
521 1542 595 1568 enim
613 1545 676 1568 ante
691 1541 825 1576 scriptum
839 1545 900 1568 est:
921 1540 955 1567 Et
968 1541 993 1568 in

1046 1542 1199 1576 ρυήσεται.
1224 1543 1363 1579 Ἀνωτέρω
1385 1544 1439 1580 γὰρ
1454 1547 1552 1578 κεῖται,
1570 1548 1611 1574 ὅτι
1632 1548 1680 1575 Ἐν
1691 1548 1730 1582 τῷ
1753 1550 1836 1585 νόμῳ

208 1590 263 1625 lege
280 1590 336 1624 ejus
359 1588 530 1616 meditabitur
543 1588 586 1614 die
613 1595 644 1614 ac
666 1592 740 1614 nocte
756 1587 777 1615 ³.
796 1587 829 1614 At.
850 1587 895 1614 isti
911 1588 996 1623 legem

208 1636 312 1672 pariter
331 1643 362 1662 ac
383 1635 531 1670 prophetas
549 1634 704 1669 repudiant.
726 1633 813 1666 Quam
831 1633 940 1668 quidem
958 1634 997 1661 le-

208 1690 268 1718 gem
284 1682 306 1708 si
321 1685 464 1716 respuunt,
480 1688 542 1707 cum
556 1681 606 1708 hac
621 1680 695 1706 illum
707 1687 816 1714 quoque
832 1679 997 1706 calumnian-

209 1732 263 1759 tur,
284 1726 330 1761 qui
346 1727 373 1753 in
390 1726 448 1760 lege
464 1726 571 1752 locutus
582 1729 633 1753 est.
649 1724 748 1761 Verum
762 1729 789 1752 et
804 1724 854 1751 hac
867 1724 997 1759 opinione

209 1780 259 1799 sua
275 1771 418 1803 falluntur,
436 1775 462 1798 et
483 1779 498 1798 a
515 1772 630 1798 veritate
657 1771 766 1806 longius
789 1771 928 1798 aberrant.
943 1769 997 1797 Ne-

209 1825 263 1852 que
279 1817 365 1844 ullum
381 1824 446 1844 vero
467 1816 600 1851 judicium
625 1816 693 1849 fore,
717 1824 806 1850 neque
823 1820 946 1843 mortuos
963 1815 996 1842 ad

209 1865 294 1891 vitam
311 1862 469 1890 excitandos
492 1870 553 1890 esse
576 1862 767 1897 pronuntiant.
788 1861 853 1895 Quae
868 1869 949 1896 porro
969 1862 997 1888 in

209 1907 377 1941 voluptatem
396 1914 428 1934 ac
449 1907 584 1934 luxuriem
606 1906 684 1934 eli‘usi
708 1912 813 1935 suamet
830 1907 858 1934 in
882 1914 997 1941 corpora

208 1953 394 1984 committunt,
418 1960 513 1980 eorum
542 1952 661 1980 fructttm
693 1953 861 1988 percipiunt,
892 1953 957 1980 dum
982 1960 997 1979 a

209 1999 331 2026 diemonc
347 1998 492 2025 libidinum
508 1998 644 2026 illecebris
659 2005 690 2025 ac
704 1998 885 2032 cupiditatum
902 1998 999 2025 stimu-

210 2043 244 2071 lis
258 2043 411 2079 agitantur;
425 2043 654 2078 quemadmodum
667 2043 725 2078 ipsa
737 2043 860 2070 veritatis
873 2043 997 2071 oratione

210 2092 341 2124 perpetuo
356 2093 437 2123 atque
454 2088 554 2122 ubique
573 2088 785 2123 rcdarguuntur.
803 2088 848 2116 Sic
865 2090 938 2116 enitn
954 2089 997 2116 in-

211 2138 253 2160 tcr
272 2134 341 2161 alios
356 2133 477 2160 Joannes
494 2133 615 2167 loquitur
629 2143 635 2160 :
655 2132 685 2160 Si
701 2134 760 2168 quis
772 2135 840 2160 venit
854 2133 888 2160 ad
905 2143 960 2165 vos,
973 2139 998 2161 et

1045 1588 1139 1615 αὑτοῦ
1159 1585 1319 1622 μελοτήσὲι
1336 1590 1447 1625 ἡμέρας
1472 1592 1521 1619 καὶ
1544 1595 1664 1627 νυκτός.
1690 1595 1781 1630 Νόμον
1804 1596 1835 1623 δὲ

1046 1632 1118 1661 οὗτοι
1140 1636 1187 1662 καὶ
1204 1637 1343 1671 προφήτας
1356 1637 1510 1672 ἀρνοῦνται.
1537 1639 1568 1665 Ei
1587 1639 1615 1666 δὲ
1631 1641 1712 1676 νόμον
1728 1642 1833 1678 Κυρίου

1046 1680 1202 1715 ἀρνοῦνται,
1223 1681 1271 1708 σὺν
1291 1681 1329 1716 τῷ
1352 1682 1426 1718 νόμῳ
1446 1683 1493 1710 καὶ
1515 1684 1559 1711 τὸν
1575 1685 1729 1721 λαλήσαντα
1751 1688 1781 1715 ὲν
1795 1688 1836 1723 τῷ

1047 1725 1121 1760 νόμῳ
1137 1726 1344 1760 συκοφαντοῦσι.
1356 1728 1511 1756 Πλανῶνται
1523 1730 1551 1756 δὲ
1563 1731 1624 1758 καθ’
1636 1732 1775 1765 ὑπόνοιαν,
1787 1734 1835 1760 καὶ

1046 1771 1239 1799 ὲκπεπτώκασι
1253 1773 1304 1808 τῆς
1319 1773 1457 1809 ἀληθείας,
1478 1775 1568 1810 κρίσιν
1579 1786 1608 1803 τε
1624 1778 1673 1813 οὐχ
1694 1779 1834 1813 ἡγοῦνται,

1047 1816 1109 1843 οὒτε
1117 1817 1263 1844 ἀνάστασιν
1272 1817 1455 1853 ὁμολογοῦσιν.
1465 1819 1534 1846 Ὅσα
1545 1820 1574 1847 δὲ
1584 1821 1747 1856 πράττουσιν
1758 1824 1786 1850 ὲν
1796 1824 1835 1859 τῷ

1049 1861 1153 1898 σώματι
1163 1863 1259 1899 ἡδονῆς
1270 1863 1382 1899 ἔμπλεοι
1394 1865 1539 1900 γινόμενοι,
1552 1866 1635 1894 ταῦτα
1646 1868 1836 1904 ἀποκαρποῦν-

1047 1916 1104 1940 ται,
1118 1908 1348 1943 ὲκϐακχευόμενοι
1359 1911 1418 1941 ταῖς
1432 1909 1478 1937 τοῦ
1491 1910 1613 1938 διαϐόλου
1625 1913 1733 1948 ἡδοναῖς
1745 1922 1775 1940 τε
1788 1915 1836 1942 καὶ

1047 1954 1217 1989 ἐπιθυμίαις,
1232 1954 1270 1985 ὡς
1285 1955 1375 1990 πάντη
1391 1956 1438 1982 καὶ
1456 1957 1593 1993 πανταχοῦ
1610 1958 1764 1994 ἐλέγχονται
1781 1960 1836 1988 ἀπὸ

1048 1999 1094 2026 τοῦ
1112 2001 1160 2035 τῆς
1175 2000 1304 2035 ἀληθείας
1319 2001 1408 2036 λόγου.
1431 2003 1557 2039 Ἰωάννης
1570 2004 1624 2041 γὰρ
1641 2005 1731 2040 λέγει·
1741 2007 1777 2032 El
1790 2015 1836 2039 τις

1047 2046 1173 2079 ἔρχεται,
1184 2046 1259 2080 φησὶ,
1269 2047 1343 2081 πρὸς
1349 2048 1436 2083 ὑμᾶς,
1446 2049 1495 2075 καὶ
1507 2050 1543 2076 οὐ
1552 2050 1632 2084 φέρει
1640 2050 1697 2086 τὴν
1708 2051 1836 2086 διδαχὴν

1048 2091 1171 2124 ταύτην
1190 2091 1236 2117 καὶ
1246 2092 1337 2123 ποίαν,
1350 2093 1432 2127 φησίν
1442 2101 1449 2125 ;
1466 2094 1482 2128 ἢ
1493 2094 1542 2129 οὐχ
1554 2095 1621 2130 (78')
1632 2096 1757 2130 ὁμολογεῖ
1767 2097 1835 2132 Χρι-

1050 2137 1112 2163 στὸν
1123 2136 1152 2162 ὲν
1165 2137 1247 2172 σαρκὶ
1258 2138 1416 2173 ἐληλυθότα,
1427 2140 1502 2167 Ἀντί
1503 2142 1626 2175 χριστός
1634 2142 1705 2169 ἐστι.
1715 2142 1768 2169 Καὶ
1777 2143 1836 2170 νῦν

210 2189 262 2207 non
274 2181 349 2214 alfart
363 2180 431 2206 Imm:
443 2179 620 2206 doctrinam‘.
635 2178 798 2211 Quamnam.
815 2179 921 2214 inquit?
933 2179 993 2212 Qua

1055 2183 1248 2217 Ἀντίχριστοι
1256 2184 1365 2211 πολλοὶ
1382 2185 1552 2219 γεγόνασιν
1569 2186 1607 2218 ὡς
1622 2187 1659 2222 μὴ
1674 2188 1727 2214 τῶν
1742 2189 1836 2224 ὁμολο-

211 2227 316 2254 scilicet
339 2226 476 2253 Christum
504 2233 567 2253 cum
592 2232 676 2252 carne
705 2225 813 2253 venisse
843 2226 996 2252 confitetur.

212 2272 391 2300 Anticltristus
412 2277 462 2299 est.
479 2272 513 2299 Et
532 2281 600 2299 nunc
620 2272 778 2299 Antia/tristi
800 2272 878 2298 multi
893 2272 998 2306 prodie-

211 2324 273 2345 runt
286 2320 307 2346 ⁵,
323 2319 406 2352 Quasi
421 2320 467 2354 qni
483 2318 624 2346 Christum
647 2326 708 2346 cum
726 2326 809 2346 carne
828 2318 935 2346 venisse
953 2327 1000 2346 ne-

211 2368 286 2398 gent,
304 2364 360 2391 sint
376 2364 549 2391 Antichristi.
565 2364 636 2397 Quin
653 2365 734 2391 etiam
749 2363 801 2391 hoc
815 2364 850 2390 ab
865 2364 923 2398 ipso
939 2363 999 2390 Sal-

211 2415 304 2437 vatore
318 2409 418 2437 dictum
432 2414 487 2437 est:
500 2409 553 2443 Qui
570 2411 596 2437 in
611 2418 724 2445 regnum
739 2410 870 2437 caelorum
885 2409 999 2436 admissi

211 2459 286 2487 sunt,
302 2463 390 2490 neque
404 2455 509 2482 ducunt
523 2462 623 2483 uxores
637 2463 727 2490 neque
749 2455 866 2486 nubunt,
883 2455 929 2482 sed
951 2462 1000 2481 an-

211 2501 279 2536 gelis
295 2500 414 2535 aequales
435 2505 498 2527 sunt
514 2501 535 2527 ⁸.
554 2500 647 2535 Neque
672 2500 738 2527 illud
761 2503 886 2533 tantum;
907 2500 953 2527 sed
970 2503 1000 2527 ut

211 2548 324 2582 insuper
340 2547 512 2575 manifestam
538 2547 745 2581 absolutamque
759 2546 948 2574 castimoniam
967 2553 999 2572 ac

211 2592 436 2624 sanctitudinem.
461 2600 514 2627 qua
530 2597 557 2620 et
580 2597 694 2619 umeros
720 2596 830 2618 sanctos
854 2590 997 2624 efﬁciebat,

1045 2228 1166 2262 γούντων
1177 2229 1222 2256 τὸν
1228 2229 1344 2264 Χριστὸν
1352 2232 1380 2257 ἐν
1391 2231 1636 2267 σαρκὶιὲληλυθότα,
1646 2233 1836 2269 Ἀντιχρίστων

1047 2274 1233 2309 ὑπαρχόντων.
1251 2275 1330 2302 Ἀλλά
1343 2276 1390 2302 καὶ
1400 2277 1481 2308 αὐτὸς
1494 2278 1508 2303 ό
1521 2277 1616 2313 Σωτὴρ
1629 2278 1714 2312 λέγει·
1730 2279 1761 2305 Οἱ
1771 2287 1836 2306 κατ-

1047 2319 1209 2352 αξιωθέντες
1237 2321 1287 2355 τῆς
1302 2321 1440 2356 βασιλείας
1453 2322 1507 2349 τῶν
1521 2323 1644 2358 υὺρανῶν
1656 2323 1718 2350 οὔτε
1735 2325 1837 2360 γαμοῦο

1049 2373 1102 2398 σιν,
1117 2365 1178 2391 οὔτε
1193 2366 1365 2402 γαμίζονται,
1383 2367 1439 2394 ἀλλ’
1455 2368 1593 2402 ίσάγγελοί
1606 2370 1685 2396 εἰσιν.
1703 2370 1740 2396 Οὑ
1758 2371 1836 2405 μόνον

1048 2410 1087 2443 δὲ,
1102 2411 1168 2437 ἀλλὰ
1180 2412 1227 2438 καὶ
1241 2411 1283 2438 ἵνα
1299 2412 1372 2448 δείξῃ
1388 2413 1437 2448 τὴν
1451 2413 1523 2448 σαφῆ
1538 2414 1656 2448 ἁγνείαν,
1673 2415 1718 2441 καὶ
1733 2415 1782 2450 τὴν
1794 2415 1837 2441 διὰ

1049 2456 1095 2483 τοῦ
1109 2457 1233 2490 ἁγιάζειν
1247 2457 1415 2492 ἀγιαστείαν,
1433 2459 1533 2493 φάσκει
1547 2461 1580 2495 τῇ
1595 2461 1703 2496 Μαρία·
1721 2460 1769 2494 Μή
1777 2470 1835 2496 μου

1049 2501 1144 2529 ἅπτου
1152 2503 1224 2537 (79)·
1251 2504 1333 2530 οὔπω
1352 2504 1407 2538 γὰρ
1426 2504 1594 2539 ἀναϐέϐηκα
1616 2506 1691 2540 πρὸς
1707 2507 1761 2534 τὸν
1776 2508 1834 2535 Πα-

1049 2547 1118 2581 τέρα
1129 2556 1137 2563 ·
1148 2549 1192 2576 ἵνα
1206 2549 1280 2586 δείξῃ
1293 2550 1341 2585 τὴν
1354 2550 1466 2584 ἁγνείαν
1482 2551 1614 2587 ἀμέτοχον
1632 2552 1776 2587 σωμάτων,
1790 2552 1836 2578 καὶ

1049 2593 1147 2628 ἀμιγῆ.
1176 2594 1256 2621 Ἀλλὰ
1270 2596 1317 2622 καὶ
1331 2596 1360 2622 ἐν
1380 2596 1453 2631 ἄλλῳ
1466 2597 1541 2632 τόπῳ
1557 2597 1629 2632 λέγει
1647 2597 1836 2633 προθεσπίζων

247 2650 255 2665 ¹
269 2649 279 2675 l
294 2649 363 2676 Tim.
381 2657 408 2683 ν,
424 2649 455 2676 Η
469 2656 528 2684 sqq.
567 2649 577 2663 ²
592 2647 664 2674 Psal.
682 2655 701 2679 ι.
715 2646 742 2673 3.
781 2647 791 2662 ³
808 2647 874 2674 ibid.
887 2647 915 2673 2.
954 2648 965 2662 ⁸
979 2647 1003 2674 ΙΙ
1013 2647 1092 2677 Joan.
1110 2650 1155 2678 10.
1193 2651 1203 2667 ⁵
1219 2650 1230 2677 1
1246 2650 1325 2680 Joan.
1342 2660 1373 2685 tt,
1389 2653 1431 2680 18.
1471 2653 1482 2668 ⁸
1499 2653 1594 2681 Matth.
1608 2662 1676 2687 xxu,
1689 2655 1733 2683 50.

251 2706 318 2740 (τεν)
341 2705 479 2740 lnlerpres
503 2713 557 2732 non
581 2705 645 2740 legit
663 2705 723 2739 οὐχ.
751 2703 832 2731 Forte
855 2704 998 2731 delendum

212 2745 263 2769 est.
282 2741 330 2767 En.
346 2741 432 2767 Pun.

248 2776 301 2811 (79)
314 2777 343 2802 Μ
347 2776 362 2810 vi
375 2784 435 2810 μου
449 2775 554 2811 ἅπτου.
567 2773 845 2811 βιιῖῖεοςιίνὶηλοαη.
858 2781 919 2811 eum
932 2781 995 2802 sen-

212 2808 273 2838 sum
289 2808 366 2838 affert
376 2808 391 2838 ἒ
408 2811 481 2846 quod
509 2809 592 2838 Maria
617 2808 678 2837 (um
696 2808 806 2838 Christo
828 2808 922 2836 eadem
941 2816 996 2844 qua

1053 2711 1133 2745 antea
1153 2708 1338 2737 familiaritate
1356 2717 1416 2737 sese
1429 2715 1546 2745 gereret,
1570 2719 1620 2738 nec
1640 2711 1674 2738 de
1692 2719 1725 2739 eo
1746 2711 1834 2745 majus

1050 2743 1179 2781 quiddam
1192 2751 1218 2771 et
1233 2745 1376 2781 augustius
1389 2743 1449 2779 post
1464 2747 1692 2774 resurrectionem
1705 2743 1832 2781 sentiret;

1051 2779 1085 2807 ab
1100 2779 1147 2806 illo
1163 2779 1231 2811 iisce
1245 2780 1337 2809 verbis
1351 2780 1517 2809 admonitam
1532 2781 1628 2811 fuisse.
