1944 3037
100 160 150 187 557
437 149 620 178 ADVERSUS
639 148 809 176 ll/ERESES
828 148 891 175 LIB.

955 147 1036 175 TOM.
1058 148 1125 175 ll.—
1145 149 1280 178 ll/ERES.
1301 150 1396 178 XXVI.
1665 153 1717 181 358

104 217 128 243 ιδ
147 215 222 249 ἅγιον
235 212 345 248 Πνεῦμα
357 212 404 238 καὶ
417 211 461 237 διὰ
470 212 534 241 τοὺς
546 209 639 245 πρώην
655 209 702 235 καὶ
721 210 880 244 μετέπειταε

948 207 1099 239 stenderet.
1122 209 1162 235 sic
1180 209 1291 236 Mariam
1315 210 1485 244 alloquitur:
1514 208 1579 235 Noli
1599 218 1638 236 me
1659 215 1718 237 Mrt-

101 260 236 294 Μακαρία
250 258 353 291 στείρα
374 257 393 290 ἠ
409 256 561 291 ἀμίαντος,
578 255 644 288 ἣτις
659 255 714 281 οὐκ
733 254 809 288 ἔγνω
823 254 886 280 κοί-

950 261 1011 280 ere:
1031 254 1146 281 nondum
1164 256 1234 281 enim
1255 255 1360 282 ascendi
1374 254 1408 282 ad
1424 255 1530 282 Patren:
1547 263 1629 282 nteant
1644 256 1671 289 ‘;
1689 261 1719 282 ut

101 315 157 339 την
167 306 202 332 ἐν
212 303 422 338 παραπτώματι
431 310 438 317 ο
453 301 500 332 καὶ
512 300 668 335 εὐνοῦχος,
680 300 713 332 ὃς
724 301 779 326 οὐκ
789 299 886 334 εΙργά-

950 304 1071 333 xperlem
1099 307 1244 335 corporum
1276 301 1442 332 castitatem,
1471 301 1601 335 nullaque
1625 306 1720 329 conla-

102 359 176 378 σατο
201 349 306 384 χερσὶν
321 349 473 382 ἀνόμημα·
497 347 540 373 ἵνα
556 345 703 381 παρακύψῃ
724 344 772 371 καλ¹
791 344 826 371 τὰ
844 344 886 371 διὰ

948 345 1013 375 ioue
1026 346 1155 380 pollutam
1164 347 1338 381 exprimeret.
1350 346 1390 373 Ad
1403 347 1458 374 haec
1476 347 1529 373 alio
1543 347 1569 373 in
1588 347 1648 374 loco
1663 347 1722 382 Spi-

102 397 147 424 τοῦ
162 396 246 432 μύθου
263 394 352 421 αὐτῶν
367 395 396 420 ἐν
410 393 502 428 χερσὶν
519 391 772 427 αἱσχρουργὴματα.

948 391 1006 417 'itus
1015 394 1128 418 sanctus
1138 396 1193 418 tam
1208 391 1243 419 ob
1259 391 1364 426 priores
1374 392 1445 422 illos.
1458 399 1538 426 quam
1555 391 1721 426 posteriores

102 445 154 470 hoc
170 442 250 469 modo
260 441 423 468 vaticinatus
437 443 478 467 est.
492 449 498 465 :
514 439 570 474 98
582 438 665 465 Beata
683 436 792 468 sterilis,
814 436 1024 470 incoinquinata,
1038 446 1097 473 qua:
1112 439 1218 465 nescivit
1238 442 1324 465 torum
1340 438 1368 464 in
1393 437 1499 470 delicto,
1515 442 1540 464 et
1562 438 1654 471 spado,
1676 438 1721 472 qui

102 500 152 518 non
175 494 297 524 operatus
318 493 357 516 est
382 487 504 514 manibus
527 486 582 513 suis
609 485 775 519 iniquitatem
791 485 820 517 ’ς
849 490 877 511 ιιι
902 484 946 512 vel
967 491 999 512 ea
1025 492 1092 513 voce
1107 485 1180 512 illam
1202 493 1281 521 quam
1326 485 1416 512 albulis
1445 485 1503 513 suis
1529 485 1721 513 commendare

103 545 135 565 ac
161 536 289 563 manibus
316 541 444 562 exercere
471 533 560 560 solent
590 531 758 562 foeditatem.
793 531 961 565 praecideret.

138 583 195 615 ΠΤ.
212 581 286 608 Πόσα
299 581 327 607 δὲ
340 580 408 607 ἄλλα
422 579 493 605 ἐστιν
507 579 592 604 εἰπεῖν
601 578 608 604 l
617 577 655 608 ὡς
667 576 714 603 τοῦ
728 575 886 603 ’Λποστόλου

104 628 236 662 λέγοντοςθ
252 627 282 655 Ἠ
289 626 347 661 μὲν
355 626 467 661 ἄγαμος
475 625 523 652 καὶ
531 625 550 658 ἡ
561 623 712 662 παρθένος
713 631 778 657 μερι
781 622 841 656 μνᾷ
851 622 887 649 τὰ

104 661 156 700 tin
169 673 290 706 Κυρίου,
305 671 368 704 πῶς
383 671 485 705 ἁρέσει
499 669 539 702 τῷ
552 669 658 703 Κυρίῳ.
679 661 763 694 Τοῦτο
777 667 805 694 δέ
821 676 887 703 φησι

104 718 188 751 δεῖξαι
204 718 254 754 τὴν
270 718 380 752 ἁγνείαν
397 718 425 743 ἐν
441 716 554 751 ἀληθείᾳ.
569 716 601 742 ὲκ
612 715 659 742 τοῦ
676 714 754 748 ἁγίου
767 713 891 748 Πνεύμα-

104 773 150 796 τος
162 763 374 799 ὲπιτρεπόμενος
386 763 415 789 οὐ
427 762 581 798 παρέργως.
596 762 711 787 Ἔπειτα
721 761 751 788 δὲ
764 761 827 796 περὶ
838 761 891 787 τῶν

105 809 149 836 τὸν
162 809 249 844 γάμον
260 808 374 843 ἐχόντων
383 807 429 833 τὸν
441 806 537 841 σεμνὸν
549 806 622 840 λέγει
633 814 639 820 ·
654 806 751 840 Τίμιος
761 807 778 832 ὁ
788 804 891 840 γάμος,

106 854 154 882 καὶ
175 855 194 888 ἡ
216 854 299 886 κοίτη
320 852 473 887 ἀμίαντος,
496 852 626 885 πόρνους
649 850 683 876 δὲ
703 851 752 877 καὶ
765 850 891 885 μοιχοὺς

107 899 202 932 κρινεῖ
215 898 230 925 ὀ
244 898 325 930 Θεός.
347 896 426 923 Ἀλλὰ
439 897 487 923 καὶ
498 897 559 922 κατ’
572 895 660 922 αὐτῶν
672 895 765 931 ἐκϐοᾷ,
778 896 890 931 γράφων

113 944 255 980 Ῥωμαίοις
262 943 296 970 τὰ
306 943 405 978 αἰσχρὰ
414 941 612 968 ἀποκαλύπτων
621 940 674 966 τῶν
684 940 731 971 τάκ
757 947 891 975 κακοπρα-

107 990 169 1024 γίας
195 988 394 1025 ἐργαζομένων,
407 987 493 1021 λέγων
506 995 512 1001 ·
538 986 575 1013 Αἵ
593 994 625 1012 τε
643 986 699 1020 γὰρ
712 987 828 1018 θήλειαι
840 986 892 1012 αὺ-

108 1034 166 1062 τῶν
185 1033 380 1069 μετήλλαξαν
401 1032 458 1066 τὴν
480 1030 616 1066 φυσικὴν
634 1029 746 1065 χρῆσιν
772 1031 814 1062 εὶς
835 1029 893 1063 τὴν

109 1079 187 1113 παρὰ
202 1079 305 1113 φύσιν.
335 1077 389 1104 Καὶ
406 1076 469 1111 περὶ
485 1075 538 1102 τῶν
554 1075 686 1111 ὰρῤἐνων,
700 1075 741 1102 ὅτι
758 1076 892 1109 Ἀῤῥενες

108 1124 143 1150 ἐν
172 1123 276 1158 ἀῤῥεσι
301 1122 357 1155 τὴν
377 1120 611 1155 αἰσχημοσύνην
639 1118 891 1154 κατεργαζόμενοι.

116 1169 195 1196 Ἀλλὰ
207 1170 253 1195 καὶ
266 1170 294 1195 ὲν
302 1170 334 1204 τῇ
346 1167 413 1203 πρὸς
423 1165 552 1202 Τιμόθεον
567 1165 709 1201 Ἐπιστολῇ
722 1165 784 1201 περὶ
793 1166 893 1191 τούτων

109 1215 199 1250 λέγει·
212 1215 271 1241 Ὅτι
281 1215 316 1241 ἐν
329 1213 470 1247 ἐσχάταις
488 1212 609 1246 ἡμέραις
619 1211 819 1245 ἐνστήσονται
833 1219 895 1237 και-

107 1262 155 1296 ροὶ
176 1260 313 1296 χαλεποί.
343 1260 482 1286 Ἔσονται
497 1258 552 1293 γὰρ
568 1259 595 1284 οἱ
611 1256 758 1291 ἅνθρωποι
770 1256 892 1291 φιλήδο-

111 1317 169 1340 νοι,
190 1306 311 1342 μᾶλλον
325 1306 343 1339 ἤ
363 1306 510 1340 φιλόθεοι.
536 1304 590 1331 Καὶ
607 1303 696 1335 πάλιν,
712 1303 895 1330 Κωλυόντων

111 1354 225 1389 ταμεῖν,
241 1353 404 1386 ἀπέχεσθαι
417 1350 581 1385 βρωμάτων
597 1349 895 1384 κεκαυτηριασμένων

111 1400 168 1435 τὴν
182 1398 378 1432 συνείδησιν·
396 1398 436 1424 ὅτι
451 1397 481 1424 τὸ
495 1397 544 1432 μὲν
560 1396 657 1431 γαμεῖν
669 1395 737 1430 μετὰ
756 1394 895 1429 σωφροσύ-

111 1455 170 1482 νης,
188 1447 236 1474 καὶ
251 1445 417 1479 τεκνογονεῖν
433 1442 575 1475 κωλύουσι,
601 1441 739 1477 καιόμενοι
752 1441 780 1468 δέ
796 1441 849 1468 εἱσι
865 1443 895 1477 τῇ

113 1493 273 1527 συνειδήσει,
283 1491 458 1525 λαγνεύοντες
472 1490 520 1525 μὲν
529 1489 576 1515 καὶ
588 1487 770 1523 φθειρόμενοι,
781 1487 898 1513 κωλύον-

111 1547 156 1569 τες
169 1539 197 1564 δὲ
213 1538 389 1571 τεκνογονεῖν.
417 1536 471 1562 Καὶ
487 1534 541 1570 γὰρ
554 1535 600 1561 καὶ
615 1533 683 1568 αὑτὴ
698 1534 714 1568 ἡ
729 1533 793 1568 παρ’
808 1533 898 1564 αὐτοῖς

111 1584 244 1619 λεγομένη
262 1583 352 1614 θυσία,
374 1581 543 1617 βορϐορώδης
557 1589 599 1612 τις
612 1578 679 1606 οὖσα
700 1579 761 1614 ἤδη,
785 1578 832 1605 καὶ
845 1578 898 1604 ἀπὸ

112 1630 166 1657 τῶν
185 1628 315 1657 ἀνέκαθεν
331 1628 374 1655 διὰ
388 1627 434 1654 τοῦ
453 1627 590 1662 προφήτου
607 1626 794 1653 ὑποδείκνυται
812 1625 899 1660 ligasti);

113 1677 179 1704 οὖσα
192 1675 270 1711 σὰρξ,
285 1675 332 1702 καὶ
344 1675 403 1709 οὐχὶ
415 1674 463 1700 τοῦ
477 1673 589 1708 Κυρίου,
602 1672 638 1708 μὴ
648 1673 767 1706 γένοιτοῑ
777 1670 900 1705 λὲγοντος

112 1723 197 1754 οὕτως
207 1730 214 1737 ”
231 1722 272 1748 ὅτι
290 1720 331 1747 Σὺ
351 1719 533 1753 συνέτριψας
546 1718 600 1752 τὰς
614 1718 746 1752 κεφαλὰς
762 1717 815 1744 τοῦ
829 1715 898 1750 δρά-

114 1775 230 1799 κοντος,
251 1765 300 1792 καὶ
317 1765 430 1797 ἔδωκας
444 1763 538 1791 αὺτὸν
555 1763 660 1798 ,ϐρῶμα
679 1762 765 1794 ,λαοῖς
777 1762 838 1794 τοῖς
849 1763 899 1789 Λὶ-

113 1813 206 1846 θίοψι.
233 1810 335 1846 Βρῶμα
352 1809 406 1846 γὰρ
424 1809 462 1841 ὡς
476 1808 582 1844 ἀληθῶς
600 1809 687 1842 ὅψεως
703 1809 719 1843 ἡ
734 1807 835 1834 τούτων
852 1816 900 1842 μυ-

115 1857 185 1893 σαρὰ
193 1856 325 1892 θρησκεία
332 1863 338 1870 ⁵
349 1855 396 1881 καὶ
405 1854 530 1886 Αἰθίοπες
545 1854 764 1889 μεμελανωμὲνοι
772 1854 804 1888 τῇ
812 1854 901 1888 ἀμαρ-

114 1903 159 1937 τίᾳ
172 1902 197 1927 οἱ
212 1900 314 1935 ταύτην
327 1899 376 1934 τὴν
392 1899 502 1934 τελετὴν
513 1898 560 1925 τοῦ
576 1898 622 1925 νῦν
637 1898 684 1933 μὲν
693 1897 817 1932 δαίμονος
828 1897 898 1929 Διὸς,

117 1948 200 1974 πάλαι
215 1947 244 1973 δὲ
254 1946 360 1980 γόητος,
378 1944 425 1970 τοῦ
441 1944 517 1980 παρὰ
534 1953 588 1970 τισι
603 1943 670 1970 Θεοῦ
682 1944 770 1979 μάτην
799 1952 902 1978 νενομι-

118 1994 217 2029 σμένου
232 1991 379 2021 τελοῦντες.
398 1991 444 2016 Ἐκ
455 1989 508 2025 γὰρ
523 1989 685 2024 Ἑλληνικῶν
703 1989 793 2024 μύθων
816 1989 901 2015 πᾶσαι

117 2041 145 2067 αἱ
159 2040 277 2075 αἱρέσεις
295 2036 440 2068 συνάξασαι
450 2038 558 2068 ἑαυταῖς
570 2037 620 2072 τὴν
628 2036 730 2071 πλάνην
743 2035 900 2067 κατέϐαλον,

118 2087 334 2121 μεταποιήσασαι
344 2086 383 2117 εἱς
393 2085 475 2119 ἄλλην
485 2084 601 2110 διάνοιαν
612 2082 728 2117 χείρονα.
748 2081 901 2116 Παρεισφέ-

119 2139 195 2166 ρουσι
208 2131 261 2166 γὰρ
269 2132 294 2157 οἱ
308 2131 418 2166 ποιηταὶ
429 2130 484 2164 (80)
495 2129 540 2155 τὸν
548 2129 596 2155 Δία
608 2128 657 2163 τὴν
667 2127 756 2162 Μῆτιν
765 2126 901 2162 θυγατέρα

117 2176 213 2203 ἑαυτοῦ
227 2177 405 2203 καταπιόντα.
428 2175 531 2210 Βρέφος
549 2174 577 2200 δὲ
592 2174 641 2200 οὐκ
657 2173 689 2200 ἂν
711 2173 848 2203 καταπίοι,
864 2172 902 2204 ὡς

976 576 1043 603 XVI,
1061 576 1147 610 Quam
1167 576 1251 603 multa
1267 577 1379 612 proponi
1397 577 1449 603 alia
1466 577 1597 610 possunt!
1613 580 1642 603 ut
1658 584 1721 603 eum

940 621 1087 656 Apostolus
1114 622 1150 648 ita
1177 622 1316 656 loquitur:
1343 622 1438 648 Mulier
1458 623 1579 656 innupta,
1605 626 1631 648 et
1650 623 1722 656 virgo

939 667 1056 694 sollicita
1071 672 1108 694 est
1122 669 1153 694 de
1171 668 1214 698 iis,
1230 675 1288 702 qtae
1302 671 1363 693 sunt
1382 667 1494 698 Domini,
1515 667 1645 702 quomodo
1664 667 1723 700 pla-

938 717 994 738 ceat
1010 712 1124 739 Domino
1141 711 1161 738 ³.
1182 711 1238 739 lloc
1255 716 1344 739 autem
1367 712 1469 739 ideirco
1486 713 1562 744 dicit,
1579 713 1653 747 quod
1668 722 1722 740 non

940 756 1126 791 perfunctorie
1138 756 1360 783 commendandm
1372 757 1506 784 castitatis
1518 761 1639 791 potestas
1649 761 1723 785 esset

940 809 955 828 a
976 801 1076 836 Spiritu
1096 806 1192 829 sancto
1217 803 1374 830 commissa.
1398 802 1467 829 Tum
1491 810 1556 829 vero
1573 802 1607 829 de
1628 802 1662 830 iis
1677 803 1723 837 qui

941 847 1064 876 honestis
1076 849 1172 883 illigati
1189 852 1253 876 sunt
1268 849 1304 875 ita
1319 849 1441 883 disputat
1455 859 1461 876 :
1481 848 1642 875 llonorabile
1661 857 1724 876 cou-

942 895 1060 926 nubium,
1075 899 1100 921 et
1115 899 1188 922 torus
1206 894 1413 926 inmaculatus;
1436 895 1608 929 fornicatores
1624 899 1723 925 autem,

941 944 965 967 et
980 941 1113 967 adulteros
1140 940 1272 976 iudicabit
1297 941 1421 967 Dominus
1435 941 1455 968 ’⁸.
1475 940 1608 967 Pmterea
1630 944 1724 968 contra

942 986 1052 1012 eosdem
1064 985 1198 1012 exclamat
1214 986 1247 1012 ad
1267 985 1417 1019 Romanos,
1433 986 1568 1016 scribens.
1590 989 1616 1013 et
1630 993 1724 1012 eorum

942 1031 988 1065 qui
1013 1031 1039 1057 in
1063 1031 1196 1065 ejusmodi
1216 1030 1327 1065 ﬂagitiis
1352 1031 1508 1057 volutantur
1530 1030 1724 1066 turpitudinem

942 1076 1042 1111 detegit.
1056 1076 1098 1103 his
1112 1076 1218 1103 verbis:
1233 1075 1305 1102 Nunt
1318 1081 1341 1102 et
1353 1076 1457 1110 fontium
1470 1084 1559 1103 eorum
1573 1077 1726 1103 immutave-

943 1122 1168 1148 ruut’naturalem
1184 1129 1261 1148 usum
1283 1122 1310 1148 in
1333 1129 1391 1148 eum
1411 1130 1499 1152 usum,
1516 1122 1613 1156 quiest
1635 1126 1726 1147 contra

943 1171 1067 1194 naturam
1082 1168 1102 1193 ⁵.
1117 1166 1186 1194 Tum
1212 1167 1246 1194 de
1265 1167 1385 1194 maribus
1409 1167 1541 1200 sulijieit:
1564 1166 1679 1193 Musruli
1700 1168 1726 1193 iu

944 1214 1075 1239 masculos
1090 1211 1278 1245 turpitudinem
1292 1217 1426 1246 operante;
1443 1212 1462 1239 ⁸.
1477 1212 1610 1240 I‘rtelerea
1623 1213 1650 1239 in
1664 1212 1727 1246 Epi-

945 1258 1013 1285 stola
1031 1258 1063 1284 ad
1083 1257 1256 1285 Timotheum
1283 1259 1317 1285 de
1331 1259 1426 1285 iisdem
1441 1259 1477 1284 ita
1497 1259 1616 1293 loquitur
1631 1268 1637 1285 :
1653 1259 1728 1290 Quod

944 1304 972 1330 in
994 1304 1142 1330 novissimis
1167 1303 1256 1331 diebus
1280 1304 1413 1330 instabunt
1436 1309 1550 1338 tempora
1570 1305 1726 1338 periculosa.

946 1348 980 1376 Et
996 1354 1072 1376 erunt
1083 1349 1200 1377 homines
1215 1349 1377 1384 voluptatum
1399 1346 1483 1385 magis
1505 1355 1636 1377 amatores
1650 1358 1729 1385 quam

945 1394 995 1423 Dei
1009 1396 1032 1421 ".
1050 1396 1082 1423 Et
1101 1403 1209 1423 rursum
1228 1405 1235 1422 :
1258 1395 1455 1422 Pro/libantium
1473 1395 1577 1428 nubere,
1602 1396 1732 1424 abstinere

947 1450 963 1468 a
974 1441 1040 1468 cibis
1052 1450 1061 1468 :
1074 1442 1248 1468 cauteriatam
1262 1441 1412 1468 habentium
1426 1449 1501 1468 suam
1513 1443 1698 1468 Conscientiam
1707 1442 1730 1469 ".

948 1487 986 1514 Ex
1004 1495 1036 1515 eo
1053 1487 1178 1514 videlicet
1205 1487 1277 1522 quod
1291 1491 1365 1514 caste
1388 1487 1562 1514 matrimonio
1587 1487 1730 1522 conjungi,

911 1551 931 1579 C
948 1541 980 1561 ac
989 1534 1091 1569 prolem
1104 1534 1244 1568 susaipere
1259 1534 1413 1568 prohibent,
1428 1534 1540 1561 ardente
1554 1533 1663 1560 interim
1676 1534 1732 1560 illo-

949 1588 1008 1607 rum
1026 1579 1207 1612 conscientia;
1225 1579 1289 1606 dum
1312 1579 1430 1607 assiduis
1450 1580 1478 1606 in
1506 1580 1732 1612 scortationihus,

948 1625 1165 1659 corruptelisque
1189 1629 1345 1656 versantur,
1368 1632 1399 1652 ac
1415 1626 1604 1659 procreationc
1631 1625 1733 1653 sobolis

949 1671 1124 1698 interdicunt.
1151 1670 1218 1697 Nam
1247 1671 1319 1705 quod
1337 1671 1371 1698 ad
1391 1671 1457 1698 illud
1482 1671 1577 1698 attinet
1591 1679 1660 1706 quos
1688 1672 1733 1698 isti

950 1716 1113 1744 sacriﬁcium
1138 1721 1246 1749 vocant,
1264 1717 1426 1744 lutulentum
1450 1717 1578 1752 quiddam
1594 1722 1621 1745 et
1644 1718 1733 1753 impu-

949 1771 1022 1794 rum,
1037 1763 1092 1798 jam
1111 1768 1168 1790 tum
1183 1764 1247 1790 olim
1270 1771 1285 1790 a
1300 1763 1434 1798 Propheta
1451 1764 1666 1791 demonstratum
1682 1769 1733 1794 est.

950 1809 1085 1844 serpentis
1114 1817 1175 1837 esse
1193 1800 1314 1841 carnem,
1341 1817 1395 1836 non
1424 1809 1541 1836 Domini.
1566 1810 1664 1837 Absit!
1689 1810 1734 1837 Sic

949 1856 1022 1883 enim
1042 1855 1186 1891 loquitur:
1211 1855 1366 1883 Contrivisti
1386 1856 1474 1890 capita
1488 1856 1622 1888 draconis,
1644 1862 1668 1883 et
1689 1856 1736 1883 de—

950 1900 1014 1927 disti
1025 1908 1083 1927 eum
1096 1909 1181 1927 escam
1190 1901 1295 1936 populis
1310 1901 1464 1935 llitltiopum
1474 1902 1495 1928 ’.
1506 1901 1577 1929 Sane
1591 1901 1663 1928 enim
1678 1909 1735 1928 ser-

951 1947 1069 1980 pentime
1085 1946 1227 1981 cujusdam
1251 1954 1320 1974 esca:
1345 1955 1430 1982 genus
1444 1951 1485 1974 est
1508 1948 1614 1975 illorum
1630 1947 1735 1974 abomi-

951 1991 1040 2018 nanda
1069 1993 1252 2027 superstitio:
1284 1993 1420 2028 iidemque
1443 1993 1582 2027 [Ethiopes
1611 1993 1647 2020 illi
1671 1998 1735 2020 sunt

951 2037 1086 2064 scelerum
1110 2045 1223 2065 suorum
1240 2039 1350 2073 nigrore
1364 2039 1518 2071 deformati.
1543 2040 1587 2074 qui
1603 2039 1735 2074 ejusmodi

951 2083 1022 2110 ritus
1035 2091 1108 2110 nunc
1122 2083 1253 2112 darmonis
1267 2084 1353 2116 Jovis,
1367 2085 1431 2112 olim
1457 2085 1673 2120 pratstigiatoris,
1688 2086 1734 2119 qui

952 2134 979 2157 et
992 2129 1093 2157 frustra
1109 2138 1123 2157 a
1138 2132 1278 2158 nonnullis
1296 2132 1410 2159 habetur
1425 2131 1506 2162 Deus,
1522 2132 1649 2166 religioso
1660 2131 1734 2157 cultu

955 2175 1101 2201 celebrant.
1116 2175 1253 2210 Siquidem
1263 2176 1378 2204 hazreses
1392 2177 1525 2203 universae
1532 2176 1565 2203 de
1580 2176 1735 2202 Graecorum

117 2222 165 2248 καὶ
174 2223 188 2248 ὸ
199 2223 275 2256 ᾶγιος
285 2222 397 2257 Κλήμης
409 2219 567 2253 καταγελῶν
578 2219 627 2254 τῆς
638 2219 692 2245 τῶν
702 2218 771 2244 Θεῶν
779 2218 832 2244 τῶν
847 2218 896 2243 Ἐλ-

957 2218 1057 2247 fabulis
1075 2228 1107 2247 ea
1125 2221 1302 2256 collegerunt,
1320 2229 1351 2248 ex
1369 2222 1468 2256 quibus
1483 2228 1579 2248 novatn
1594 2220 1645 2247 sibi
1659 2228 1736 2248 erro-

117 2267 204 2302 λήνων
216 2267 408 2303 αἰσχρουργίας
416 2265 492 2293 εἶπεν
499 2275 506 2281 ·
523 2265 648 2300 ’Ὁτι,τὴν
656 2264 742 2299 Μῆτιν
751 2263 901 2295 καταπιὼν,

118 2313 178 2348 οὐχὶ
192 2313 289 2349 βρέφος
307 2313 422 2348 ἠδύνατο
434 2312 585 2343 καταπιεῖν,
601 2310 669 2337 ἀλλὰ
688 2309 737 2345 τὴν
759 2309 838 2344 γονὴν
854 2309 903 2344 τὴν

119 2357 195 2384 ἰδίαν.

956 2263 995 2290 ris
1003 2269 1105 2291 sectam
1116 2265 1306 2297 condiderunt,
1317 2273 1378 2292 cum
1388 2273 1420 2293 ea
1432 2266 1592 2293 deteriorem
1606 2265 1688 2292 alium
1703 2266 1736 2291 ad

957 2313 1067 2336 sensum
1081 2311 1294 2338 transtulissent.
1308 2310 1374 2337 Nam
1385 2315 1412 2338 et
1426 2319 1440 2337 a
1452 2311 1537 2346 poetis
1549 2310 1630 2338 Metin
1645 2310 1737 2346 (quam

959 2355 1129 2389 prudentiam
1143 2357 1278 2391 appellare
1290 2357 1390 2393 possis)
1401 2357 1481 2383 ﬁliam
1494 2364 1570 2384 suam
1588 2356 1739 2384 absorbens

117 2403 290 2432 introducws
315 2407 356 2431 est
378 2405 494 2437 Jupiter.
517 2400 602 2428 Nemo
628 2407 709 2435 porro
729 2399 857 2427 infantem
882 2400 1276 2436 absorbeat;quemadmodum
1290 2408 1401 2431 sanctus
1414 2403 1539 2430 Clemens
1550 2402 1738 2438 ait,99eum

117 2448 231 2476 deorum
265 2448 310 2483 qui
344 2455 358 2474 a
376 2446 477 2474 Grazeis
495 2447 622 2474 coluntur
642 2445 838 2480 turpitudinem
863 2446 992 2474 deridet:
1015 2448 1085 2481 Quin
1112 2449 1184 2476 enim
1212 2449 1357 2477 devorasse
1388 2449 1469 2477 llletin
1491 2449 1602 2481 dicitur,
1632 2456 1687 2476 non
1706 2449 1740 2475 de

119 2494 224 2522 infante
237 2495 304 2526 ullo,
318 2494 364 2521 sed
381 2493 414 2521 de
425 2493 534 2528 proprio
547 2494 652 2521 semine
665 2501 713 2528 par
725 2497 767 2521 est
780 2493 892 2529 intelligi

157 2551 256 2577 ‘Joan.
268 2551 367 2581 “.17.
408 2551 418 2565 ²
431 2549 495 2584 Sap.
511 2557 553 2582 ιιι,
568 2549 611 2584 id.
651 2548 680 2574 'l
694 2549 756 2576 Cor.
770 2556 816 2579 vn,
831 2549 874 2575 55.

948 2548 1020 2577 ilehr.
1035 2557 1093 2582 xui,
1109 2550 1135 2576 4.
1172 2549 1183 2565 ⁸
1197 2548 1277 2577 Rom.
1295 2557 1314 2582 I,
1329 2550 1373 2577 26.
1414 2551 1424 2565 ⁵
1435 2551 1500 2578 ibid.
1514 2550 1559 2577 ‘27.

119 2593 160 2614 tu.
175 2587 230 2613 1-4.
268 2585 278 2600 ⁸
293 2584 382 2612 ΙΤιιιι.
398 2593 434 2616 ιν,
451 2583 477 2616 5;
494 2585 521 2612 2.
559 2585 570 2599 ν
581 2583 653 2611 Psal.
671 2592 767 2616 Lxxnt,
783 2584 827 2617 15,
842 2584 885 2610 Η.

158 2642 213 2676 (80)
229 2640 465 2676 Παρεισφέρουσι
476 2639 569 2676 τὰρῌοι
577 2639 707 2676 ποιηταί.
722 2638 906 2676 Putidissima:

121 2673 220 2703 fabula:
234 2673 330 2702 auctor
339 2673 475 2702 Hesiodus
488 2675 515 2701 in
529 2674 625 2708 Theog.
641 2674 691 2701 Ubi
702 2674 817 2709 primam
830 2673 905 2701 Jovis

119 2719 232 2738 uxorem
247 2711 327 2738 Metin
339 2712 373 2737 ab
386 2718 418 2737 eo
431 2710 587 2737 devoratam
602 2708 719 2740 cecinit;
732 2708 906 2742 indidemque

121 2750 296 2781 propagatum
316 2745 464 2781 Palladem.
477 2744 664 2781 Apollodorus
681 2751 745 2781 vero
763 2744 811 2770 lib.
832 2752 840 2770 ι
859 2744 906 2770 Bi-

121 2778 219 2807 blioth
230 2780 312 2808 Metiri
328 2781 366 2807 ait
381 2779 483 2807 Oceani
495 2779 576 2806 tiliam
588 2778 646 2805 Jovi
659 2779 817 2805 auxiliatum
829 2786 905 2812 esse;

120 2815 298 2850 eamdemque
327 2814 446 2842 Saturno
474 2814 611 2849 potionem
639 2813 784 2850 quamdam
816 2815 907 2848 propi--

122 2857 214 2881 nasse,
227 2849 281 2885 qua
296 2850 318 2879 is
335 2851 477 2884 exhausta,
494 2849 574 2881 ﬁlios,
592 2856 662 2884 quos
678 2849 833 2880 devorarat,
847 2857 891 2876 om

1607 2552 1617 2566 ⁷
1632 2552 1651 2578 II
1667 2551 1739 2580 Tim.

960 2645 1010 2665 nes
1021 2637 1154 2674 evomuit.
1175 2637 1363 2674 Athenagoras
1382 2638 1409 2665 in
1425 2637 1516 2674 Legal.
1539 2647 1587 2673 pro
1612 2639 1743 2667 Christia-

958 2674 999 2700 nis
1016 2672 1120 2709 Orphei
1132 2680 1239 2709 versus
1249 2673 1332 2709 citat,
1346 2674 1446 2707 quibus
1460 2672 1492 2701 [te
1507 2672 1627 2709 Phanote
1639 2677 1742 2702 mentio

957 2712 1011 2744 est,
1023 2715 1107 2744 queui
1116 2707 1217 2744 indicat
1226 2708 1325 2744 deinde
1336 2716 1349 2734 ιι
1358 2709 1423 2736 Jove
1433 2709 1741 2744 similiterabsorptum:

957 2743 974 2776 ἢ
989 2741 1186 2780 καταποθῆναι.
1195 2742 1247 2780 ὑπο
1263 2743 1310 2780 τοῦ
1327 2745 1397 2775 Διὸς,
1415 2744 1489 2780 ὅπως
1511 2746 1524 2771 ὁ
1546 2745 1612 2775 Ζεὺς
1628 2741 1742 2780 didior,-

955 2786 1002 2809 τος
1023 2778 1141 2814 γένοιτοἶ
1169 2777 1249 2814 Quod
1274 2779 1411 2814 Qesncrus
1442 2779 1576 2814 interpres
1602 2778 1636 2805 ad
1653 2777 1742 2806 'Métiu

957 2813 1107 2840 transtulit.
1120 2812 1219 2850 Verum
1234 2813 1268 2850 de
1283 2813 1401 2842 Phanete
1416 2814 1490 2850 loqui
1506 2812 1612 2843 videtur
1624 2814 1744 2842 Athenia-

957 2856 1048 2884 goras,
1065 2856 1120 2876 non
1139 2848 1172 2876 dc
1189 2848 1262 2876 Meti.
