1944 3037
238 136 291 164 359

949 139 980 167 S.
1001 138 1174 167 EPlPIIANll

1825 139 1882 167 560

273 194 355 221 XVII.
370 193 441 228 Quid
453 194 509 230 jam
526 194 600 222 aliud
617 195 746 230 deinceps
757 194 889 230 eloquar?
901 200 949 223 aut
968 203 1031 231 quo-

1119 195 1170 222 lZ‘.
1188 195 1221 222 Τί
1235 195 1262 222 δὲ
1277 195 1372 230 ἕτερον
1387 195 1507 231 simam;
1527 195 1544 231 ἢ
1562 195 1622 228 πῶς
1638 195 1818 232 ἀποσείσομαι
1833 196 1882 222 τὸν

237 241 319 268 modo
332 248 473 269 caenosam
491 241 563 269 hanc
578 241 794 277 disputationem
809 241 937 276 abjiciam
950 262 957 274 ,
969 251 1032 270 cum

235 291 263 314 et
277 287 372 319 velim,
388 291 415 314 et
429 287 515 314 nolim
540 295 594 314 una
615 287 718 319 dicere,
734 295 766 314 ac
785 288 903 322 quadam
922 287 1032 316 dicendi

235 334 403 361 necessitate
415 333 602 368 constringar.
620 341 654 361 ne
670 333 736 369 quid
751 341 847 362 eorum
864 342 925 370 quae
938 334 1033 362 insunt

236 386 331 406 revera
346 379 539 407 dissimulasse
556 379 669 413 videar;
687 384 715 406 ct
730 379 798 406 illud
816 387 914 407 verear
929 383 1031 412 tamen,

236 431 271 450 ne
291 424 401 451 illorum
427 424 599 452 detestandis
625 423 735 459 ﬂagitiis
758 423 914 460 patefactis,
937 432 1034 460 quem-

235 479 318 506 quam
335 475 383 498 aut
396 470 528 503 inliciam,
538 475 586 498 aut
600 471 825 502 exstimulem,et
836 471 871 498 ad
885 471 931 498 illa
945 471 1034 500 curio-

236 518 296 545 sius
312 517 467 551 indaganda
485 517 558 545 faces
577 518 612 545 iis
628 517 785 551 subjiciam,
801 517 848 552 qui
862 517 1032 552 voluptatum

237 570 269 590 ac
282 562 463 598 cupiditatum
481 562 618 590 illecebris
644 563 842 590 abducuntur?
862 562 915 590 Sed
932 563 1033 590 nihilo-

237 609 328 636 minus
353 609 388 636 ab
402 608 539 643 ejusmodi
564 609 697 637 daemonis
720 613 781 637 satu
806 613 834 635 et
857 609 1033 644 improbitate

236 659 292 682 tam
308 662 369 690 ego,
387 662 469 689 quam
492 658 597 682 sanctae
621 658 705 689 atque
735 655 877 682 catholicae
902 654 1034 682 Ecelesiae

237 709 300 736 spes
311 701 413 733 omnis,
432 709 466 728 ac
481 701 609 736 quisquis
625 701 652 728 in
672 701 723 728 hoc
736 705 860 728 nostrum
876 708 946 735 opus
964 700 1034 728 inci—

236 747 318 779 derit,
335 747 453 782 integer,
470 747 673 782 inviolatusque
690 751 826 775 servetur.
841 746 920 780 Quod
935 747 958 774 si
979 754 1033 774 cae-

236 797 305 825 tera,
320 801 382 828 qua:
401 793 436 820 ab
461 793 517 821 illis
534 793 666 820 dicuntur
680 797 728 820 aut
750 793 820 820 liunt
841 797 942 828 quanta
957 797 1032 826 sunt,

236 842 319 874 atque
330 839 476 873 ejusmodi,
490 839 582 874 qualia
604 839 661 874 jam
678 838 965 871 commemoravimus,
987 842 1034 865 aut

1084 241 1195 277 πηλώδη
1219 242 1315 268 τοῦτον
1333 242 1413 269 πόνον
1427 263 1434 275 ,
1463 242 1624 278 βουλόμενος
1647 243 1696 277 μὲν
1717 243 1813 273 εἰπεῖν,
1831 243 1882 269 καὶ

1085 286 1122 322 μὴ
1145 286 1316 322 βουλόμενος,
1337 286 1558 322 ἀναγκαζόμενος
1581 287 1619 318 δὲ,
1643 288 1687 314 ἵνα
1710 287 1747 323 μὴ
1765 287 1833 320 δόξω
1851 296 1880 313 τι

1083 330 1136 356 τῶν
1159 329 1244 356 ὄντων
1264 324 1473 367 παρακρύπτειν
1487 338 1493 347 ’
1518 331 1565 358 καὶ
1585 331 1761 367 φοϐούμενος,
1780 332 1822 358 ἵνα
1839 332 1880 367 μὴ

1084 375 1284 403 ἀποκαλύπτων
1295 376 1329 404 τὰ
1340 377 1414 404 δεινὰ
1430 377 1520 404 αὐτῶν
1536 378 1552 413 ἦ
1565 379 1667 413 χράνω,
1683 378 1699 413 ἦ
1713 379 1818 414 πλήξω,
1837 380 1881 409 εἰς

1082 423 1114 450 τὸ
1135 423 1370 459 περιεργάσασθαι
1393 424 1457 460 περὶ
1481 424 1575 451 τούτου
1601 425 1664 456 τοὺς
1686 423 1880 459 ἀπαγομένους

1082 469 1191 506 ἡδοναῖς
1208 470 1256 497 καὶ
1276 470 1434 506 ἐπιθυμίαις
1456 470 1615 507 ἐποτρύνω;
1630 471 1724 506 Ὅμως
1747 469 1802 505 ἐγὼ
1826 470 1879 505 μὲν

1083 517 1171 549 ὰοῶος
1186 517 1254 552 εῐην,
1266 518 1312 544 καὶ
1323 518 1398 544 πᾶσα
1412 518 1428 553 ἠ
1442 517 1491 553 τῆς
1500 517 1580 552 ἁγίας
1595 516 1741 553 καθολικῆς
1762 517 1879 552 Ἐκκλη-

1084 563 1145 595 σίας
1172 563 1260 596 ἐλπὶς,
1287 564 1336 590 καὶ
1355 564 1454 595 πάντες
1473 564 1498 590 οἱ
1511 563 1599 598 τούτῳ
1618 563 1658 598 τῷ
1674 564 1817 599 γράμματι
1832 564 1879 590 ἐν-

1083 610 1264 646 τυγχάνοντες
1273 611 1327 638 ἀπὸ
1338 610 1388 645 τῆς
1395 610 1522 645 τοιαύτης
1531 610 1577 637 τοῦ
1585 610 1709 637 διαϐόλου
1718 610 1879 645 ὑποτπορᾶς

1083 657 1131 684 καὶ
1145 658 1367 693 κακομηχανίας·
1393 657 1440 684 ἐὰν
1456 656 1511 692 γὰρ
1529 657 1638 692 θελήσει
1655 657 1744 691 λέγειν
1759 656 1793 683 τὰ
1808 656 1880 684 ἄλλα

1083 703 1118 730 τὰ
1134 704 1200 738 παρ’
1222 703 1313 735 αὐτοῖς
1327 703 1461 738 λεγόμενα
1474 703 1521 729 καὶ
1540 703 1669 738 γινόμενα
1686 702 1736 730 ὅσα
1749 703 1808 729 ἐστὶ
1818 711 1879 729 τοι-

1084 749 1154 776 αῦτα
1167 750 1214 776 καὶ
1224 749 1353 782 τοσαῦτα,
1364 749 1520 777 καὶτούτων
1534 749 1574 776 ἔτι
1585 749 1695 785 μείζονα
1706 750 1752 776 καὶ
1761 749 1878 779 ἐλάττω,

1085 793 1192 829 θελήσω
1203 793 1232 820 δὲ
1243 794 1291 820 καὶ
1300 793 1338 826 ὡς
1349 793 1496 830 φάρμακον
1506 793 1604 826 ἰάσεως
1614 794 1790 830 ἀλεξητήριον
1801 795 1880 821 ἀντι-

1084 839 1168 866 δότων
1183 839 1262 876 δίκην
1273 840 1341 875 πρὸς
1351 840 1470 875 ἑκάστην
1480 840 1553 874 λέξιν
1565 839 1721 872 ἀντιθεῖναι,
1738 841 1777 873 είς
1791 840 1879 867 πολὺν

236 886 272 913 iis
286 885 369 914 etiam
385 886 501 920 majora,
511 886 555 914 vel
571 886 691 918 minora,
706 885 852 922 complecti
865 885 989 918 voluero,
1003 888 1031 913 et

1082 885 1164 920 ὖγκον
1175 885 1264 913 ἐλάσω
1274 886 1325 921 τῆς
1342 885 1494 918 συντάξεως
1507 885 1557 921 τὴν
1570 885 1770 921 πραγματείαν.
1783 885 1879 922 Ταύτῃ

237 931 270 959 ad
283 931 406 967 singulas
420 939 503 960 voces
514 932 625 960 salubre
636 931 774 967 quoddam
788 931 1030 964 medicamentum,

234 977 311 1005 velut
327 978 480 1013 depellendi
497 978 560 1005 mali
572 985 658 1006 causa
673 981 863 1013 comparatum
880 977 1032 1005 remedium

236 1022 399 1054 adhibuero,
417 1024 445 1050 in
463 1023 626 1050 immensam
653 1022 753 1050 molem
777 1025 937 1057 susceptum
961 1029 1032 1056 opus

235 1073 373 1098 excurret.
394 1068 462 1096 Nam
473 1073 501 1097 et
512 1076 574 1101 nos,
586 1069 755 1100 charissimi,
776 1068 805 1095 in
820 1068 895 1096 illam
914 1068 1032 1096 haeresin

236 1115 416 1146 incurrimus,
429 1118 456 1142 et
473 1122 506 1141 ex
526 1114 644 1149 ipsomet
656 1122 762 1146 eorum,
777 1113 826 1149 qui
840 1113 911 1141 hanc
923 1114 1033 1149 proprie

235 1165 264 1189 et
288 1169 323 1189 ex
340 1161 469 1188 instituto
485 1164 615 1192 tractant.
632 1167 680 1187 ore
698 1167 731 1187 ac
753 1160 913 1195 magisterio
933 1159 1034 1187 didici-

235 1214 309 1235 mus.
332 1207 375 1234 Ad
388 1206 416 1234 id
441 1214 509 1233 vero
529 1210 695 1241 comparatae
709 1206 884 1241 deceptzeque
904 1206 1034 1233 mulieres

236 1260 292 1281 non
316 1253 406 1280 solum
424 1252 582 1280 istiusmodi
606 1252 687 1279 nobis
705 1259 848 1280 sermones
867 1252 1032 1286 iniecerunt.

236 1299 284 1328 sed
300 1299 413 1334 insuper
426 1299 561 1335 ngyptize
579 1299 654 1326 illius
669 1299 785 1333 perdita:
799 1305 832 1326 ac
857 1299 1034 1334 nequissima:

1080 931 1136 968 γὰρ
1163 933 1198 967 τῇ
1222 931 1345 968 αἱρέσει,
1368 932 1545 968 ἐπιπόθητοι,
1568 932 1617 959 καὶ
1642 932 1723 964 αὐτὸς
1749 932 1879 968 περιέτυ-

1081 987 1138 1014 χον.
1180 979 1228 1006 Ἐκ
1260 979 1394 1014 στόματος
1417 979 1446 1006 δὲ
1472 979 1527 1006 τῶν
1551 979 1638 1016 ταύτῃ
1665 978 1879 1015 ἐπιχειρούντων

1081 1024 1161 1060 φύσει
1187 1025 1257 1052 αὐτὰ
1279 1024 1499 1060 αὑτοπροσώπως
1522 1024 1668 1060 ἑνηχήθην.
1703 1024 1836 1056 Γυναῖκες
1851 1024 1880 1051 δέ

1081 1069 1153 1097 οὕτω
1167 1070 1342 1106 ἡπατημέναι
1361 1071 1392 1097 οὐ
1409 1071 1488 1106 μόνον
1506 1071 1556 1106 τὴν
1579 1070 1673 1097 λαλιὰν
1688 1070 1792 1106 ταύτην
1808 1071 1880 1105 ἡμῖν

1082 1115 1252 1150 προέτειναν,
1284 1116 1331 1142 καὶ
1349 1115 1385 1142 τὰ
1400 1115 1514 1142 τοιαῦτα
1526 1117 1592 1151 ἡμῖν
1606 1115 1795 1150 ἀπεκάλυψαν,
1808 1115 1880 1142 ἀλλὰ

1083 1161 1129 1187 καὶ
1148 1160 1216 1196 μετὰ
1232 1160 1282 1196 τὴν
1293 1161 1444 1195 Αἰγυπτίαν
1461 1161 1570 1196 ἐκείνην
1582 1160 1630 1196 τὴν
1649 1160 1696 1187 τοῦ
1711 1161 1881 1196 ἀρχιμαγεί-

1085 1215 1132 1242 pou
1152 1206 1202 1242 τὴν
1221 1207 1362 1242 ὀλετήριον
1376 1207 1424 1233 καὶ
1444 1207 1594 1242 μοχθηρὰν,
1610 1207 1658 1234 καὶ
1678 1204 1758 1234 αὗται
1776 1207 1881 1242 ἀθυρο-

1083 1251 1194 1287 γλὼττῳ
1206 1252 1293 1288 τόλμῃ
1302 1253 1477 1280 κατασπάσαι
1491 1254 1565 1289 ἡμᾶς
1579 1254 1609 1280 ἐν
1621 1254 1653 1289 τῇ
1670 1253 1720 1289 νέᾳ
1733 1253 1811 1289 ήμῶν
1818 1252 1882 1288 ἡλι-

1083 1298 1130 1334 κίᾳ
1143 1299 1299 1334 ὁρεχθεῖσαι
1315 1299 1485 1336 ἐπεχείρουν.

236 1344 361 1372 mulieris
372 1346 469 1376 instar,
479 1351 540 1379 quae
551 1351 703 1379 coquorum
713 1344 848 1380 principis
857 1351 926 1371 uxor
939 1343 1033 1376 erat',
1054 1344 1188 1380 petulanti
1221 1352 1272 1372 nos
1306 1348 1408 1372 conatu
1428 1344 1573 1372 detrahere
1593 1348 1662 1377 tum,
1684 1352 1746 1372 cum
1771 1343 1882 1372 ﬂorenti

237 1390 327 1418 adhuc
339 1394 419 1418 aatate
431 1397 568 1422 essemus,
584 1397 721 1425 aggressa:
736 1393 811 1417 sunt.

273 1436 374 1465 Verum
388 1437 412 1464 is
423 1436 469 1471 qui
479 1436 656 1464 sanctissimo
664 1435 784 1471 Josepho
796 1440 854 1463 tum
867 1435 967 1467 astitit,
979 1443 1028 1462 no-

235 1483 280 1511 bis
297 1491 408 1518 quoque
426 1482 524 1516 adfuit,
542 1486 569 1510 et
584 1483 656 1510 hunc
669 1483 770 1517 ipsum,
787 1482 833 1517 qui
846 1482 922 1509 illum
938 1489 971 1510 eo
987 1489 1031 1516 pc-

1125 1431 1205 1458 Ἀλλά
1214 1431 1229 1458 ὁ
1238 1431 1299 1458 τότε
1311 1431 1512 1466 ωμπαραστάς
1520 1431 1559 1467 τῷ
1569 1432 1638 1468 ἁγίῳ
1647 1433 1743 1470 Ἰωσὴφ
1753 1435 1800 1462 καὶ
1812 1437 1882 1473 ἡμῖν

1083 1478 1206 1515 παρέστη
1215 1485 1221 1492 ’
1230 1478 1276 1504 καὶ
1282 1478 1327 1504 τὸν
1333 1479 1436 1505 ἐκεῖνον
1443 1479 1501 1505 ἐκεῖ
1507 1479 1660 1515 ῥυσάμενον
1666 1481 1882 1517 ἐπικεκλημένοι

236 1530 326 1558 riculo
340 1529 468 1558 liberavit
483 1530 675 1564 implorantes,
699 1529 763 1555 licet
781 1528 886 1563 indigni
906 1535 938 1555 ac
953 1532 1030 1555 tanto

1082 1525 1106 1550 οἱ
1119 1523 1223 1556 ἀνάξιοι
1232 1522 1279 1550 καὶ
1287 1523 1420 1555 ἀνίκανοι,
1431 1523 1588 1558 ἐλεηθέντες
1596 1525 1643 1551 καὶ
1652 1525 1819 1561 ἀποδράντες
1829 1527 1881 1559 τὰς

235 1575 370 1604 beneﬁcio
386 1576 505 1611 impares
524 1583 660 1607 essemus,
675 1575 801 1610 ejusdem
815 1574 984 1609 benignitate
998 1581 1031 1601 ac

235 1622 426 1650 misericordia
442 1622 614 1657 perniciosas
634 1622 743 1649 illarum
761 1628 860 1648 manus
873 1620 1030 1656 ellugimus,

237 1675 270 1694 ac
293 1667 470 1696 sanctissimo
484 1667 541 1695 Deo
564 1666 774 1702 gratulatorium
792 1672 903 1693 carmen
929 1664 1033 1692 cecini-

235 1721 309 1747 mus,
325 1717 355 1741 ut
377 1713 404 1741 id
420 1720 555 1748 usurpare
573 1713 671 1740 merito
692 1719 859 1747 possemus:
887 1710 1030 1738 Cantemus

236 1759 364 1792 Domina,
381 1759 496 1795 gloriose
518 1760 586 1786 enim
610 1758 797 1794 magniﬁcatus
820 1761 870 1789 eu,
889 1765 983 1791 equum
1006 1761 1032 1783 et

236 1814 403 1834 ascensorem
419 1806 511 1840 dejecil
530 1805 557 1831 in
577 1813 650 1831 mare
666 1805 686 1831 '.
705 1803 799 1838 Neque
814 1803 888 1830 enim
905 1802 1033 1830 similiter

236 1855 268 1880 ut
289 1852 337 1880 ille
359 1851 529 1887 patriarcha,
544 1851 571 1878 vi
595 1850 713 1885 quadam
732 1849 843 1877 virtutis
861 1856 894 1876 ac
915 1847 1031 1883 justitiae

235 1903 348 1932 nostrae,
367 1898 414 1926 sed
434 1897 496 1925 fuso
514 1898 547 1924 ad
568 1896 653 1924 Deum
669 1896 772 1931 gemitu
792 1895 851 1930 ejus
866 1902 963 1922 sumus
979 1894 1031 1921 mi-

235 1944 375 1971 seratione
395 1943 509 1971 servati.
531 1942 600 1969 Cum
622 1941 704 1969 etiam
720 1941 785 1968 mihi
806 1944 898 1975 pestes
915 1940 968 1966 illa:
983 1947 1031 1974 per

235 1986 384 2014 ludibrium
396 1986 605 2021 exprobrarent,
622 1993 654 2012 ac
673 1993 766 2012 secum
782 1985 900 2012 invicem
912 1984 1032 2012 illuden-

234 2035 278 2060 tes
292 2033 330 2060 ita
354 2033 556 2067 l0querentur:
576 2032 656 2067 100
681 2031 760 2059 llune
767 2031 896 2066 juvenem
918 2037 1031 2058 servare

235 2086 291 2106 non
308 2079 461 2114 potuimus,
476 2077 525 2106 sed
541 2077 569 2104 in
591 2077 719 2105 manibus
741 2077 875 2112 principis
890 2077 981 2112 perire
994 2077 1032 2104 si-

234 2126 336 2153 vimus.
353 2124 422 2152 Nam
441 2132 501 2160 quae
525 2123 613 2151 forma
628 2124 700 2151 inter
718 2123 780 2151 illas
805 2123 963 2151 liberaliore
976 2128 1030 2157 est,

234 2172 411 2208 semetipsam
426 2172 502 2199 velut
520 2178 612 2198 escam
632 2174 715 2206 atque
740 2170 898 2198 illecebram
922 2170 1029 2204 objicit,

1082 1571 1160 1606 όλετη
1166 1571 1238 1606 ρίους
1247 1570 1336 1596 αὐτῶν
1343 1571 1447 1606 χεῖρας,
1456 1570 1516 1605 Θεῷ
1523 1571 1562 1605 τῷ
1570 1579 1659 1606 παναγ
1665 1571 1696 1607 ίῳ
1705 1571 1719 1598 ὓ
1723 1581 1788 1607 μνον
1796 1573 1882 1609 ᾄσαν-

1082 1625 1129 1649 τες
1135 1617 1255 1652 ἠδυνήθη
1261 1625 1310 1652 μεν
1321 1617 1369 1644 καὶ
1379 1617 1456 1643 αὐτοὶ
1471 1616 1560 1651 λέγειν
1572 1617 1612 1649 τὸ,
1623 1618 1756 1653 ᾌσωμεν
1767 1618 1806 1651 τῷ
1817 1619 1843 1646 Κ
1846 1629 1880 1647 υ-

1078 1664 1149 1697 ρίῳ·
1156 1662 1287 1696 ἐνδόξως
1294 1662 1348 1697 γὰρ
1356 1662 1536 1695 δεδόξαὸται
1543 1671 1550 1678 ·
1563 1664 1658 1691 ἵππον
1667 1665 1882 1699 καὶςάτταϐάτην

1082 1709 1206 1743 ἒρῤιψεν
1215 1710 1259 1742 εἰς
1273 1709 1445 1736 θάλασσαν.
1471 1709 1508 1736 Οὐ
1530 1709 1585 1746 γὰρ
1600 1710 1682 1746 ὁμοίᾳ
1701 1710 1814 1746 δυνάμει
1827 1712 1879 1747 τῆς

1081 1755 1188 1782 ἐκείνου
1209 1755 1400 1790 δικαιοσύνης,
1430 1754 1501 1781 ἀλλὰ
1519 1755 1665 1791 στεναγμῷ
1685 1755 1724 1792 τῷ
1748 1756 1818 1792 πρὸς
1839 1757 1880 1792 τῷ

1082 1801 1160 1836 Θεῷ³
1175 1802 1331 1837 ἐλεηθέντες
1341 1801 1494 1837 ἐσώθημεν.
1532 1801 1742 1837 Ὀνειδιζόμενος
1758 1804 1813 1840 γὰρ
1831 1804 1879 1830 ὑπ’

1082 1847 1172 1875 αὐτῶν
1191 1847 1247 1875 τῶν
1261 1848 1409 1884 ὀλετηρίων
1430 1847 1577 1882 γυναικῶν,
1599 1849 1794 1885 κατεγελώμην
1810 1850 1878 1884 ἐγὼ,

1081 1892 1120 1924 ὡς
1134 1893 1281 1927 ὑπέφαινον
1292 1893 1320 1920 αἱ
1335 1893 1593 1928 τοιαῦταιὰλλήλαις
1603 1893 1823 1922 ὲπισκώπτουσαι
1836 1895 1880 1931 δῆν

1082 1939 1128 1966 θεν
1143 1948 1151 1956 ·
1167 1940 1208 1966 ὅτι
1221 1940 1277 1966 Οὐκ
1293 1939 1467 1975 ἠδυνήθημεν
1481 1940 1566 1967 σῶσαι
1579 1941 1625 1968 τὸν
1636 1941 1786 1973 νεανίσκον,
1809 1942 1879 1968 ἀλλά

1081 1984 1230 2020 ἀφήκαμεν
1248 1984 1331 2011 αὐτὸν
1344 1985 1372 2011 ἐν
1387 1985 1465 2020 χερσὶ
1481 1984 1530 2011 τοῦ
1553 1986 1682 2021 ἄρχοντος
1698 1986 1876 2013 ἀπόλλυσθαι.

1088 2031 1254 2066 Ἑπειδήπερ
1261 2031 1322 2065 ἣτις
1328 2030 1417 2057 αὐτῶν
1424 2031 1612 2067 εὑμορφοτέρα
1619 2032 1672 2066 εἴη,
1678 2031 1775 2068 δέλεαρ
1783 2031 1879 2068 ὥσπερ

1082 2077 1182 2111 ἐαυτὴν
1195 2076 1366 2112 προτίθησιν,
1375 2076 1446 2104 ὥστε
1456 2077 1490 2104 δι’
1501 2077 1588 2112 αὐτῆς
1599 2078 1662 2109 τοὺς
1672 2078 1877 2114 ἠπατημένους,

1082 2123 1144 2150 ἀντὶ
1155 2122 1202 2149 τοῦ
1216 2123 1371 2155 ἀπολλύειν,
1389 2122 1486 2155 σώζειν
1498 2122 1688 2159 ἐπιφημίζειν.
1706 2123 1762 2150 Καὶ
1776 2123 1878 2156 ὅνειδος

1081 2168 1175 2196 λοιπὸν
1184 2168 1239 2196 τῶν
1250 2169 1382 2205 ἀμόρφων
1389 2170 1493 2204 γίνεται
1506 2169 1581 2205 παρὰ
1593 2169 1646 2197 τῶν
1656 2169 1876 2207 εὐμορφοτέρων·

234 2223 266 2246 ιιι
281 2226 355 2254 quos
371 2218 400 2246 in
418 2217 541 2245 fraudem
559 2218 618 2253 ipsa
635 2216 787 2252 pellexerit,
808 2224 862 2244 non
877 2223 926 2244 eos
939 2216 1031 2251 proﬂi-

1082 2216 1123 2242 ὅτι
1140 2215 1221 2250 Ἐγὼ,
1234 2216 1311 2251 φησὶ,
1324 2215 1421 2248 σκεῦός
1435 2217 1492 2252 εἰμι
1503 2215 1619 2251 ἐκλογῆς
1633 2216 1767 2253 δυναμένη
1780 2216 1878 2249 σώζειν

234 2272 300 2299 gare
313 2272 347 2292 ac
368 2265 496 2299 perdere,
511 2263 560 2291 sed
582 2263 689 2298 eripere
709 2262 828 2290 dicatur.
849 2261 927 2290 Unde
941 2267 969 2290 et
982 2262 1031 2290 de-

235 2309 370 2338 formibus
383 2310 567 2344 elegantiores
580 2309 728 2336 identidem
742 2308 909 2344 exprobrare
924 2309 1030 2337 solent:

234 2355 290 2390 Ego
312 2363 383 2388 sum,
399 2356 541 2390 inquiunt,
561 2363 610 2383 vas
627 2355 745 2382 electum
757 2375 764 2387 ,
786 2362 849 2389 qum
862 2362 957 2383 errore
979 2355 1033 2382 cir-

233 2407 396 2428 cumventos
410 2402 557 2429 extrahere
575 2409 688 2436 possum
705 2410 711 2428 :
732 2401 806 2435 quod
822 2404 850 2428 tu
875 2400 968 2429 facere
983 2409 1032 2429 ne-

233 2446 356 2481 quivisti.
376 2446 408 2473 Et
418 2452 498 2474 erant
510 2454 578 2474 sane
592 2455 653 2482 quae
667 2451 725 2474 tum
741 2446 785 2474 his
796 2447 941 2474 verborum
953 2447 1032 2474 blan-

233 2492 365 2519 dimentis
381 2499 414 2519 ac
440 2492 586 2521 lenociniis
610 2493 761 2520 utebantur
782 2493 908 2527 corporis
926 2500 981 2527 quo
997 2493 1030 2520 ad

232 2537 403 2574 peccandum
416 2538 599 2566 abolebantur
612 2542 729 2566 venusta
737 2546 800 2566 cum
809 2539 906 2574 primis
919 2540 1029 2574 specie;

233 2583 282 2612 sed
297 2584 391 2611 animo
406 2593 487 2620 quem
504 2586 725 2613 consceleratum
739 2585 871 2621 gerebant
890 2586 965 2613 omni
977 2586 1031 2613 dze-

232 2631 324 2658 monis
342 2631 514 2666 turpitudine
531 2631 701 2660 deformata}.
720 2631 773 2660 Sed
790 2631 947 2660 misericors
958 2632 1030 2660 Deus

232 2676 267 2703 ab
284 2677 392 2704 illarum
413 2677 587 2713 improbitate
606 2686 656 2705 nos
679 2678 793 2713 eripuit,
814 2678 882 2706 adeo
899 2682 928 2705 ut
953 2684 1029 2713 post-

232 2731 313 2761 quam
341 2724 456 2752 istorum
483 2724 568 2752 libros
588 2725 771 2760 perlegimus,
796 2729 823 2752 et
847 2725 882 2751 ad
903 2725 1029 2752 veritatis

231 2773 414 2808 cognitionem
443 2771 566 2798 animum
585 2771 747 2806 adjecimus,
770 2779 821 2799 nec
845 2770 968 2803 abducti,
985 2771 1028 2798 vel

271 2859 278 2866 ι
296 2850 363 2879 Gen.
383 2857 477 2884 nux,
502 2850 516 2876 7
533 2858 594 2885 sqq.
626 2851 644 2884 _'
664 2849 749 2878 Exod.
763 2857 807 2884 xv,
824 2849 849 2878 l.

1080 2262 1144 2293 τοὺς
1158 2262 1365 2298 ἀπατωμένους,
1380 2262 1412 2288 σὺ
1426 2262 1455 2288 δὲ
1470 2262 1520 2295 οὐκ
1532 2260 1755 2297 ἵσχυσας.τΗσαν
1767 2263 1816 2298 μὲν
1830 2262 1877 2291 οὖν

1081 2307 1164 2334 αἱτδν
1171 2307 1314 2343 ἀγώγιμον
1327 2307 1411 2343 μῦθον
1423 2307 1516 2335 τοῦτον
1527 2308 1719 2344 ύφηγούμεναι
1734 2310 1768 2344 τῇ
1784 2310 1875 2345 μορφῇ

1080 2354 1130 2389 τῆς
1146 2354 1237 2380 αὐτῶν
1253 2353 1385 2385 πτώσεως
1404 2354 1649 2390 εὐπροσωπόταται
1659 2363 1665 2369 ³
1681 2354 1720 2390 τῷ
1729 2354 1757 2381 δὲ
1776 2355 1814 2390 νῷ
1826 2355 1876 2389 τῆς

1081 2401 1170 2427 αὐτῶν
1188 2400 1339 2436 μοχθηρίας
1358 2401 1407 2436 τὴν
1428 2401 1518 2427 πᾶσαν
1534 2401 1581 2427 τοῦ
1597 2401 1721 2428 διαϐόλου
1737 2401 1876 2436 ἀμορφίαν

1081 2445 1260 2481 κεκτημέναι.
1291 2446 1372 2472 Ἀλλά
1393 2447 1407 2473 ὁ
1427 2446 1552 2482 ἐλεήμων
1569 2446 1635 2479 Θεὸς
1656 2447 1705 2483 τῆς
1723 2447 1875 2483 μοχθηρίας

1081 2492 1171 2519 αὐτῶν
1183 2493 1256 2528 ἡμᾶς
1268 2493 1414 2528 ἐρρύσατο,
1423 2493 1495 2520 ὥστε
1511 2494 1580 2528 μετά
1593 2493 1624 2520 τὸ
1635 2493 1790 2527 ἀναγνῶναι
1801 2494 1874 2528 ἡμᾶς

1081 2537 1170 2565 αὐτῶν
1186 2539 1236 2570 τὰς
1255 2538 1373 2573 βίϐλους,
1391 2539 1439 2566 καὶ⁵
1463 2539 1608 2574 ἐπιστῆσαι
1623 2539 1669 2566 τὸν
1684 2538 1746 2565 νοῦν
1758 2540 1791 2574 τῇ
1807 2538 1873 2573 ἀλη-

1080 2585 1151 2621 θείᾳ,
1170 2585 1219 2611 καὶ
1243 2585 1281 2620 μὴ
1303 2585 1521 2621 συναπαχθῆναι,
1542 2585 1697 2621 ἀποδρᾶσαί,
1711 2595 1741 2613 τε
1769 2586 1816 2613 καὶ
1835 2587 1871 2621 μὴ

1079 2630 1266 2666 δελεασθῆναι,
1278 2631 1309 2657 τὸ
1318 2631 1468 2665 τηνικαῦτα
1475 2632 1682 2666 ἐσπουδάσαμεν
1692 2632 1803 2663 καὶτοῖς
1815 2633 1872 2657 ὲπι-

1079 2677 1193 2709 σκόποις
1203 2679 1258 2709 τοῖς
1271 2678 1299 2704 ἐν
1310 2678 1349 2713 τῷ
1360 2678 1436 2714 τόπῳ
1445 2679 1542 2714 ἐκείνῳ
1552 2679 1650 2709 αὐτοὺς
1663 2679 1813 2710 ὑποδεῖξαι,
1826 2679 1871 2704 καὶ

1077 2723 1111 2751 τὰ
1120 2723 1239 2759 ὀνόματα
1249 2725 1276 2751 ἐν
1285 2725 1317 2759 τῇ
1333 2725 1481 2760 Ἐκκλησία
1492 2725 1671 2760 κεκρυμμένα
1681 2726 1816 2759 quipiam;
1826 2725 1872 2750 καὶ

1077 2770 1141 2802 τοὺς
1164 2770 1262 2801 αὐτοὺς
1286 2770 1455 2807 ἀπελαθῆναι
1469 2771 1652 2807 τῆς.πόλεως,
1673 2771 1792 2805 ὀνόματα
1810 2771 1871 2805 περί

891 2849 901 2866 ⁸
917 2847 947 2876 F.
962 2848 1008 2875 τὸν
1021 2848 1087 2875 Θεόν
