  <div class='ocr_page' id='page_1' title='image "/cluster/home/n/w/nwhite01/storage/ocr_20150623/41/njp.32101007805813/200.png"; bbox 0 0 1944 3037; ppageno 0'>
   <div class='ocr_carea' id='block_1_1' title="bbox 96 144 151 173">
    <p class='ocr_par' dir='ltr' id='par_1_1' title="bbox 96 144 151 173">
     <span class='ocr_line' id='line_1_1' title="bbox 96 144 151 173; baseline -0.018 0"><span class='ocrx_word' id='word_1_1' title='bbox 96 144 151 173; x_wconf 66' lang='grc' dir='ltr'>δεδι</span> 
     </span>
    </p>
   </div>
   <div class='ocr_carea' id='block_1_2' title="bbox 431 144 1404 174">
    <p class='ocr_par' dir='ltr' id='par_1_2' title="bbox 431 144 1404 174">
     <span class='ocr_line' id='line_1_2' title="bbox 431 144 1404 174; baseline 0.001 -3"><span class='ocrx_word' id='word_1_2' title='bbox 431 144 615 172; x_wconf 73' lang='lat' dir='ltr'><strong>ADVERSUS</strong></span> <span class='ocrx_word' id='word_1_3' title='bbox 635 145 806 173; x_wconf 67' lang='lat' dir='ltr'><strong>IIASRESES</strong></span> <span class='ocrx_word' id='word_1_4' title='bbox 824 145 888 174; x_wconf 76' lang='lat' dir='ltr'><strong>LIII.</strong></span> <span class='ocrx_word' id='word_1_5' title='bbox 908 146 928 174; x_wconf 93' lang='grc'><strong>1.</strong></span> <span class='ocrx_word' id='word_1_6' title='bbox 950 145 1032 174; x_wconf 84' lang='grc' dir='ltr'><strong>ΤΟΜ.</strong></span> <span class='ocrx_word' id='word_1_7' title='bbox 1053 145 1131 172; x_wconf 90' lang='lat' dir='ltr'><strong>Il.—</strong></span> <span class='ocrx_word' id='word_1_8' title='bbox 1151 145 1287 173; x_wconf 67' lang='lat' dir='ltr'><strong>IIA‘IIIES.</strong></span> <span class='ocrx_word' id='word_1_9' title='bbox 1309 144 1404 172; x_wconf 70' lang='lat' dir='ltr'><strong>XXVI.</strong></span> 
     </span>
    </p>
   </div>
   <div class='ocr_carea' id='block_1_3' title="bbox 1677 146 1730 173">
    <p class='ocr_par' dir='ltr' id='par_1_3' title="bbox 1677 146 1730 173">
     <span class='ocr_line' id='line_1_3' title="bbox 1677 146 1730 173; baseline 0 -1"><span class='ocrx_word' id='word_1_10' title='bbox 1677 146 1730 173; x_wconf 71' lang='grc'><strong>562</strong></span> 
     </span>
    </p>
   </div>
   <div class='ocr_carea' id='block_1_4' title="bbox 96 201 889 237">
    <p class='ocr_par' dir='ltr' id='par_1_4' title="bbox 96 202 889 237">
     <span class='ocr_line' id='line_1_4' title="bbox 96 202 889 237; baseline 0 -9"><span class='ocrx_word' id='word_1_11' title='bbox 96 211 154 229; x_wconf 83' lang='grc' dir='ltr'><strong>που</strong></span> <span class='ocrx_word' id='word_1_12' title='bbox 169 202 341 237; x_wconf 76' lang='grc' dir='ltr'>ὀγδοήκοντα,</span> <span class='ocrx_word' id='word_1_13' title='bbox 353 202 400 228; x_wconf 84' lang='grc' dir='ltr'>καὶ</span> <span class='ocrx_word' id='word_1_14' title='bbox 410 202 458 237; x_wconf 75' lang='grc' dir='ltr'>τὴν</span> <span class='ocrx_word' id='word_1_15' title='bbox 470 203 546 229; x_wconf 82' lang='grc' dir='ltr'>πόλιν</span> <span class='ocrx_word' id='word_1_16' title='bbox 558 202 608 237; x_wconf 81' lang='grc' dir='ltr'>τῆς</span> <span class='ocrx_word' id='word_1_17' title='bbox 618 202 707 229; x_wconf 80' lang='grc' dir='ltr'>αὐτῶν</span> <span class='ocrx_word' id='word_1_18' title='bbox 719 203 889 235; x_wconf 78' lang='grc' dir='ltr'>ζιζανιώδους</span> 
     </span>
    </p>
   </div>
   <div class='ocr_carea' id='block_1_5' title="bbox 943 201 1728 237">
    <p class='ocr_par' dir='ltr' id='par_1_5' title="bbox 943 201 1728 237">
     <span class='ocr_line' id='line_1_5' title="bbox 943 201 1728 237; baseline -0.004 -6"><span class='ocrx_word' id='word_1_19' title='bbox 943 211 1035 231; x_wconf 85' lang='lat' dir='ltr'><strong>eorum</strong></span> <span class='ocrx_word' id='word_1_20' title='bbox 1048 203 1185 231; x_wconf 83' lang='lat' dir='ltr'><strong>illecebris</strong></span> <span class='ocrx_word' id='word_1_21' title='bbox 1196 203 1266 237; x_wconf 90' lang='lat' dir='ltr'><strong>capti</strong></span> <span class='ocrx_word' id='word_1_22' title='bbox 1277 210 1382 234; x_wconf 86' lang='lat' dir='ltr'><strong>sumus,</strong></span> <span class='ocrx_word' id='word_1_23' title='bbox 1393 202 1440 229; x_wconf 88' lang='lat' dir='ltr'><strong>sed</strong></span> <span class='ocrx_word' id='word_1_24' title='bbox 1455 201 1598 237; x_wconf 79' lang='lat' dir='ltr'><strong>effugimus</strong></span> <span class='ocrx_word' id='word_1_25' title='bbox 1609 202 1728 232; x_wconf 70' lang='lat' dir='ltr'><strong>tandem,</strong></span> 
     </span>
    </p>
   </div>
   <div class='ocr_carea' id='block_1_6' title="bbox 97 247 603 284">
    <p class='ocr_par' dir='ltr' id='par_1_6' title="bbox 97 247 603 284">
     <span class='ocr_line' id='line_1_6' title="bbox 97 247 603 284; baseline 0.002 -10"><span class='ocrx_word' id='word_1_26' title='bbox 97 248 172 282; x_wconf 72' lang='grc' dir='ltr'>ὕλης</span> <span class='ocrx_word' id='word_1_27' title='bbox 184 248 231 275; x_wconf 73' lang='grc' dir='ltr'><strong>καὶ</strong></span> <span class='ocrx_word' id='word_1_28' title='bbox 245 247 414 280; x_wconf 76' lang='grc' dir='ltr'><strong>ἀκανθώδους</strong></span> <span class='ocrx_word' id='word_1_29' title='bbox 425 249 603 284; x_wconf 79' lang='grc' dir='ltr'>καθαρθῆναι.</span> 
     </span>
    </p>
   </div>
   <div class='ocr_carea' id='block_1_7' title="bbox 944 247 1731 283">
    <p class='ocr_par' dir='ltr' id='par_1_7' title="bbox 944 247 1731 283">
     <span class='ocr_line' id='line_1_7' title="bbox 944 247 1731 283; baseline 0 -7"><span class='ocrx_word' id='word_1_30' title='bbox 944 257 1006 276; x_wconf 82' lang='lat' dir='ltr'><strong>mox</strong></span> <span class='ocrx_word' id='word_1_31' title='bbox 1026 249 1058 275; x_wconf 87' lang='lat' dir='ltr'><strong>ad</strong></span> <span class='ocrx_word' id='word_1_32' title='bbox 1081 249 1236 283; x_wconf 79' lang='lat' dir='ltr'><strong>episcopos.</strong></span> <span class='ocrx_word' id='word_1_33' title='bbox 1252 250 1298 283; x_wconf 87' lang='lat' dir='ltr'><strong>qui</strong></span> <span class='ocrx_word' id='word_1_34' title='bbox 1323 249 1351 275; x_wconf 94' lang='lat' dir='ltr'><strong>in</strong></span> <span class='ocrx_word' id='word_1_35' title='bbox 1366 249 1412 275; x_wconf 86' lang='lat' dir='ltr'><strong>illo</strong></span> <span class='ocrx_word' id='word_1_36' title='bbox 1436 248 1496 275; x_wconf 88' lang='lat' dir='ltr'><strong>loco</strong></span> <span class='ocrx_word' id='word_1_37' title='bbox 1516 252 1605 280; x_wconf 86' lang='lat' dir='ltr'><strong>erant,</strong></span> <span class='ocrx_word' id='word_1_38' title='bbox 1623 247 1731 276; x_wconf 83' lang='lat' dir='ltr'><strong>deferre</strong></span> 
     </span>
    </p>
   </div>
   <div class='ocr_carea' id='block_1_8' title="bbox 98 294 1730 330">
    <p class='ocr_par' dir='ltr' id='par_1_8' title="bbox 98 294 1730 330">
     <span class='ocr_line' id='line_1_8' title="bbox 98 294 1730 330; baseline 0.001 -10"><span class='ocrx_word' id='word_1_39' title='bbox 98 294 303 326; x_wconf 70' lang='lat' dir='ltr'><strong>studuerimus,</strong></span> <span class='ocrx_word' id='word_1_40' title='bbox 320 298 348 320; x_wconf 90' lang='lat' dir='ltr'><strong>et</strong></span> <span class='ocrx_word' id='word_1_41' title='bbox 361 301 454 321; x_wconf 90' lang='lat' dir='ltr'><strong>eorum</strong></span> <span class='ocrx_word' id='word_1_42' title='bbox 475 294 608 322; x_wconf 82' lang='lat' dir='ltr'><strong>hactenus</strong></span> <span class='ocrx_word' id='word_1_43' title='bbox 622 295 713 330; x_wconf 89' lang='lat' dir='ltr'><strong>ignota</strong></span> <span class='ocrx_word' id='word_1_44' title='bbox 731 297 840 323; x_wconf 84' lang='lat' dir='ltr'><strong>nomina</strong></span> <span class='ocrx_word' id='word_1_45' title='bbox 862 297 889 322; x_wconf 93' lang='lat' dir='ltr'><strong>in</strong></span> <span class='ocrx_word' id='word_1_46' title='bbox 911 295 1032 322; x_wconf 82' lang='lat' dir='ltr'><strong>Ecclesia</strong></span> <span class='ocrx_word' id='word_1_47' title='bbox 1044 295 1182 329; x_wconf 77' lang='lat' dir='ltr'><strong>detegere.</strong></span> <span class='ocrx_word' id='word_1_48' title='bbox 1197 294 1235 321; x_wconf 79' lang='lat' dir='ltr'><strong>Ex</strong></span> <span class='ocrx_word' id='word_1_49' title='bbox 1259 302 1312 329; x_wconf 92' lang='lat' dir='ltr'><strong>quo</strong></span> <span class='ocrx_word' id='word_1_50' title='bbox 1334 294 1436 321; x_wconf 89' lang='lat' dir='ltr'><strong>factum</strong></span> <span class='ocrx_word' id='word_1_51' title='bbox 1457 298 1510 325; x_wconf 86' lang='lat' dir='ltr'><strong>est,</strong></span> <span class='ocrx_word' id='word_1_52' title='bbox 1532 298 1561 321; x_wconf 89' lang='lat' dir='ltr'><strong>ut</strong></span> <span class='ocrx_word' id='word_1_53' title='bbox 1593 294 1730 329; x_wconf 84' lang='lat' dir='ltr'><strong>octoginta</strong></span> 
     </span>
    </p>
   </div>
   <div class='ocr_carea' id='block_1_9' title="bbox 99 334 1320 376">
    <p class='ocr_par' dir='ltr' id='par_1_9' title="bbox 99 334 1320 376">
     <span class='ocr_line' id='line_1_9' title="bbox 99 334 1320 376; baseline 0.002 -12"><span class='ocrx_word' id='word_1_54' title='bbox 99 339 162 366; x_wconf 82' lang='lat' dir='ltr'><strong>fere</strong></span> <span class='ocrx_word' id='word_1_55' title='bbox 175 334 264 373; x_wconf 62' lang='lat' dir='ltr'><strong>capita</strong></span> <span class='ocrx_word' id='word_1_56' title='bbox 278 339 389 366; x_wconf 80' lang='lat' dir='ltr'><strong>exulare</strong></span> <span class='ocrx_word' id='word_1_57' title='bbox 402 340 479 374; x_wconf 82' lang='lat' dir='ltr'><strong>jussa</strong></span> <span class='ocrx_word' id='word_1_58' title='bbox 495 339 530 367; x_wconf 87' lang='lat' dir='ltr'><strong>ab</strong></span> <span class='ocrx_word' id='word_1_59' title='bbox 543 341 605 367; x_wconf 86' lang='lat' dir='ltr'><strong>lolio</strong></span> <span class='ocrx_word' id='word_1_60' title='bbox 619 341 759 376; x_wconf 85' lang='lat' dir='ltr'><strong>spinisque</strong></span> <span class='ocrx_word' id='word_1_61' title='bbox 772 342 831 369; x_wconf 85' lang='lat' dir='ltr'><strong>suis</strong></span> <span class='ocrx_word' id='word_1_62' title='bbox 850 344 1021 376; x_wconf 79' lang='lat' dir='ltr'><strong>repurgatam</strong></span> <span class='ocrx_word' id='word_1_63' title='bbox 1037 340 1132 367; x_wconf 85' lang='lat' dir='ltr'><strong>urbem</strong></span> <span class='ocrx_word' id='word_1_64' title='bbox 1150 340 1320 374; x_wconf 69' lang='lat' dir='ltr'><strong>reliquerint.</strong></span> 
     </span>
    </p>
   </div>
   <div class='ocr_carea' id='block_1_10' title="bbox 139 386 889 422">
    <p class='ocr_par' dir='ltr' id='par_1_10' title="bbox 139 386 889 422">
     <span class='ocr_line' id='line_1_10' title="bbox 139 386 889 422; baseline 0.004 -11"><span class='ocrx_word' id='word_1_65' title='bbox 139 386 194 411; x_wconf 88' lang='lat' dir='ltr'><strong>IH&#39;.</strong></span> <span class='ocrx_word' id='word_1_66' title='bbox 206 386 265 421; x_wconf 77' lang='grc' dir='ltr'><strong>Μνὴ</strong></span> <span class='ocrx_word' id='word_1_67' title='bbox 270 386 400 421; x_wconf 85' lang='grc' dir='ltr'>μονεύσας</span> <span class='ocrx_word' id='word_1_68' title='bbox 411 386 439 412; x_wconf 84' lang='grc' dir='ltr'>δέ</span> <span class='ocrx_word' id='word_1_69' title='bbox 450 394 491 417; x_wconf 78' lang='grc' dir='ltr'><strong>τις</strong></span> <span class='ocrx_word' id='word_1_70' title='bbox 498 386 548 421; x_wconf 80' lang='grc' dir='ltr'>τῆς</span> <span class='ocrx_word' id='word_1_71' title='bbox 556 387 611 413; x_wconf 85' lang='grc' dir='ltr'><strong>ἄνω</strong></span> <span class='ocrx_word' id='word_1_72' title='bbox 618 389 634 422; x_wconf 86' lang='grc' dir='ltr'><strong>ἡ</strong></span> <span class='ocrx_word' id='word_1_73' title='bbox 640 387 696 421; x_wconf 85' lang='grc' dir='ltr'>μῶν</span> <span class='ocrx_word' id='word_1_74' title='bbox 705 387 889 422; x_wconf 82' lang='grc' dir='ltr'><strong>ὑποσχέσεως,</strong></span> 
     </span>
    </p>
   </div>
   <div class='ocr_carea' id='block_1_11' title="bbox 97 431 891 468">
    <p class='ocr_par' dir='ltr' id='par_1_11' title="bbox 97 431 891 468">
     <span class='ocr_line' id='line_1_11' title="bbox 97 431 891 468; baseline 0.003 -11"><span class='ocrx_word' id='word_1_75' title='bbox 97 431 174 465; x_wconf 79' lang='grc' dir='ltr'>τάχα</span> <span class='ocrx_word' id='word_1_76' title='bbox 189 431 235 457; x_wconf 79' lang='grc' dir='ltr'>καὶ</span> <span class='ocrx_word' id='word_1_77' title='bbox 251 431 429 463; x_wconf 78' lang='grc' dir='ltr'><strong>ἐπαινέσειεν,</strong></span> <span class='ocrx_word' id='word_1_78' title='bbox 444 432 481 463; x_wconf 82' lang='grc' dir='ltr'>ὡς</span> <span class='ocrx_word' id='word_1_79' title='bbox 495 433 510 467; x_wconf 84' lang='grc' dir='ltr'>ἡ</span> <span class='ocrx_word' id='word_1_80' title='bbox 516 432 573 466; x_wconf 83' lang='grc' dir='ltr'>μῶν</span> <span class='ocrx_word' id='word_1_81' title='bbox 590 433 837 468; x_wconf 80' lang='grc' dir='ltr'>προαγγειλάντων,</span> <span class='ocrx_word' id='word_1_82' title='bbox 849 434 891 460; x_wconf 79' lang='grc' dir='ltr'>ὅτι</span> 
     </span>
    </p>
   </div>
   <div class='ocr_carea' id='block_1_12' title="bbox 98 476 891 515">
    <p class='ocr_par' dir='ltr' id='par_1_12' title="bbox 98 476 891 515">
     <span class='ocr_line' id='line_1_12' title="bbox 98 476 891 515; baseline 0.006 -14"><span class='ocrx_word' id='word_1_83' title='bbox 98 477 174 501; x_wconf 71' lang='grc' dir='ltr'>τισὶν</span> <span class='ocrx_word' id='word_1_84' title='bbox 187 476 276 503; x_wconf 84' lang='grc' dir='ltr'>αὐτῶν</span> <span class='ocrx_word' id='word_1_85' title='bbox 291 477 488 512; x_wconf 81' lang='grc' dir='ltr'>παρετύχομεν,</span> <span class='ocrx_word' id='word_1_86' title='bbox 502 477 563 504; x_wconf 83' lang='grc' dir='ltr'>τινὰ</span> <span class='ocrx_word' id='word_1_87' title='bbox 572 477 599 504; x_wconf 80' lang='grc' dir='ltr'>δὲ</span> <span class='ocrx_word' id='word_1_88' title='bbox 613 478 655 505; x_wconf 80' lang='grc' dir='ltr'>διὰ</span> <span class='ocrx_word' id='word_1_89' title='bbox 670 479 891 515; x_wconf 79' lang='grc' dir='ltr'><strong>συγγραμμάτων</strong></span> 
     </span>
    </p>
   </div>
   <div class='ocr_carea' id='block_1_13' title="bbox 99 520 891 560">
    <p class='ocr_par' dir='ltr' id='par_1_13' title="bbox 99 520 891 560">
     <span class='ocr_line' id='line_1_13' title="bbox 99 520 891 560; baseline 0.005 -14"><span class='ocrx_word' id='word_1_90' title='bbox 99 520 275 555; x_wconf 72' lang='grc' dir='ltr'>ἐγνώκαμεν,</span> <span class='ocrx_word' id='word_1_91' title='bbox 288 522 349 548; x_wconf 79' lang='grc' dir='ltr'>τινὰ</span> <span class='ocrx_word' id='word_1_92' title='bbox 363 522 391 548; x_wconf 81' lang='grc' dir='ltr'><strong>δὲ</strong></span> <span class='ocrx_word' id='word_1_93' title='bbox 406 522 441 548; x_wconf 81' lang='grc' dir='ltr'><strong>δι’</strong></span> <span class='ocrx_word' id='word_1_94' title='bbox 458 522 612 558; x_wconf 84' lang='grc' dir='ltr'>ἐνηχήσεών</span> <span class='ocrx_word' id='word_1_95' title='bbox 627 532 656 549; x_wconf 87' lang='grc' dir='ltr'><strong>τε</strong></span> <span class='ocrx_word' id='word_1_96' title='bbox 669 524 715 550; x_wconf 75' lang='grc' dir='ltr'>καὶ</span> <span class='ocrx_word' id='word_1_97' title='bbox 736 524 891 560; x_wconf 86' lang='grc' dir='ltr'>μαρτυρίων</span> 
     </span>
    </p>
   </div>
   <div class='ocr_carea' id='block_1_14' title="bbox 99 567 891 605">
    <p class='ocr_par' dir='ltr' id='par_1_14' title="bbox 99 567 891 605">
     <span class='ocr_line' id='line_1_14' title="bbox 99 567 891 605; baseline 0.006 -13"><span class='ocrx_word' id='word_1_98' title='bbox 99 567 268 599; x_wconf 74' lang='grc' dir='ltr'><strong>ἀξιοπίστων</strong></span> <span class='ocrx_word' id='word_1_99' title='bbox 295 568 412 603; x_wconf 84' lang='grc' dir='ltr'>ἀνδρῶν,</span> <span class='ocrx_word' id='word_1_100' title='bbox 431 569 585 603; x_wconf 81' lang='grc' dir='ltr'>δυναμένων</span> <span class='ocrx_word' id='word_1_101' title='bbox 606 570 671 604; x_wconf 82' lang='grc' dir='ltr'>ἡμῖν</span> <span class='ocrx_word' id='word_1_102' title='bbox 693 570 741 605; x_wconf 81' lang='grc' dir='ltr'>τὴν</span> <span class='ocrx_word' id='word_1_103' title='bbox 765 570 891 605; x_wconf 83' lang='grc' dir='ltr'>ἀλήθειαν</span> 
     </span>
    </p>
   </div>
   <div class='ocr_carea' id='block_1_15' title="bbox 99 612 892 651">
    <p class='ocr_par' dir='ltr' id='par_1_15' title="bbox 99 612 892 651">
     <span class='ocr_line' id='line_1_15' title="bbox 99 612 892 651; baseline 0.005 -13"><span class='ocrx_word' id='word_1_104' title='bbox 99 612 294 640; x_wconf 79' lang='grc' dir='ltr'>ὑποδεικνύναι</span> <span class='ocrx_word' id='word_1_105' title='bbox 303 622 309 628; x_wconf 92' lang='grc'><strong>·</strong></span> <span class='ocrx_word' id='word_1_106' title='bbox 334 613 371 644; x_wconf 85' lang='grc' dir='ltr'>ὡς</span> <span class='ocrx_word' id='word_1_107' title='bbox 387 615 434 641; x_wconf 75' lang='grc' dir='ltr'>καὶ</span> <span class='ocrx_word' id='word_1_108' title='bbox 448 614 565 641; x_wconf 83' lang='grc' dir='ltr'>ἐνταῦθα</span> <span class='ocrx_word' id='word_1_109' title='bbox 579 615 734 650; x_wconf 76' lang='grc' dir='ltr'><strong>φιλαλήθως</strong></span> <span class='ocrx_word' id='word_1_110' title='bbox 747 616 796 651; x_wconf 80' lang='grc' dir='ltr'>οὐχ</span> <span class='ocrx_word' id='word_1_111' title='bbox 808 617 892 650; x_wconf 84' lang='grc' dir='ltr'>ὑπερ-</span> 
     </span>
    </p>
   </div>
   <div class='ocr_carea' id='block_1_16' title="bbox 99 658 891 697">
    <p class='ocr_par' dir='ltr' id='par_1_16' title="bbox 99 658 891 697">
     <span class='ocr_line' id='line_1_16' title="bbox 99 658 891 697; baseline 0.006 -13"><span class='ocrx_word' id='word_1_112' title='bbox 99 658 260 694; x_wconf 78' lang='grc' dir='ltr'>6ε6ήκαμεν</span> <span class='ocrx_word' id='word_1_113' title='bbox 271 660 317 686; x_wconf 82' lang='grc' dir='ltr'>τὸν</span> <span class='ocrx_word' id='word_1_114' title='bbox 333 660 425 692; x_wconf 81' lang='grc' dir='ltr'><strong>τόπον,</strong></span> <span class='ocrx_word' id='word_1_115' title='bbox 443 660 511 686; x_wconf 78' lang='grc' dir='ltr'>ἀλλὰ</span> <span class='ocrx_word' id='word_1_116' title='bbox 527 661 680 696; x_wconf 76' lang='grc' dir='ltr'>ἐδείξαμεν,</span> <span class='ocrx_word' id='word_1_117' title='bbox 695 662 732 693; x_wconf 82' lang='grc' dir='ltr'><strong>ὡς</strong></span> <span class='ocrx_word' id='word_1_118' title='bbox 749 663 799 697; x_wconf 82' lang='grc' dir='ltr'><strong>μία</strong></span> <span class='ocrx_word' id='word_1_119' title='bbox 816 663 891 689; x_wconf 71' lang='grc' dir='ltr'>ἐστὶν</span> 
     </span>
    </p>
   </div>
   <div class='ocr_carea' id='block_1_17' title="bbox 99 704 891 742">
    <p class='ocr_par' dir='ltr' id='par_1_17' title="bbox 99 704 891 742">
     <span class='ocr_line' id='line_1_17' title="bbox 99 704 891 742; baseline 0.003 -11"><span class='ocrx_word' id='word_1_120' title='bbox 99 704 172 740; x_wconf 76' lang='grc' dir='ltr'>αὕτη</span> <span class='ocrx_word' id='word_1_121' title='bbox 192 705 246 731; x_wconf 82' lang='grc' dir='ltr'>τῶν</span> <span class='ocrx_word' id='word_1_122' title='bbox 264 707 329 741; x_wconf 81' lang='grc' dir='ltr'>ἡμῖν</span> <span class='ocrx_word' id='word_1_123' title='bbox 344 707 547 742; x_wconf 79' lang='grc' dir='ltr'>περιτυχουσῶν</span> <span class='ocrx_word' id='word_1_124' title='bbox 563 707 703 742; x_wconf 78' lang='grc' dir='ltr'>αἱρέσεων.</span> <span class='ocrx_word' id='word_1_125' title='bbox 727 708 891 742; x_wconf 59' lang='grc' dir='ltr'>Καὶνσαφῶς</span> 
     </span>
    </p>
   </div>
   <div class='ocr_carea' id='block_1_18' title="bbox 100 751 889 790">
    <p class='ocr_par' dir='ltr' id='par_1_18' title="bbox 100 751 889 790">
     <span class='ocr_line' id='line_1_18' title="bbox 100 751 889 790; baseline 0.006 -13"><span class='ocrx_word' id='word_1_126' title='bbox 100 751 169 786; x_wconf 72' lang='grc' dir='ltr'>περὶ</span> <span class='ocrx_word' id='word_1_127' title='bbox 181 751 282 786; x_wconf 85' lang='grc' dir='ltr'>ταύτης</span> <span class='ocrx_word' id='word_1_128' title='bbox 299 752 472 787; x_wconf 74' lang='grc' dir='ltr'><strong>ἠδυνήθημεν</strong></span> <span class='ocrx_word' id='word_1_129' title='bbox 486 753 585 787; x_wconf 84' lang='grc' dir='ltr'>λέγειν,</span> <span class='ocrx_word' id='word_1_130' title='bbox 603 753 632 786; x_wconf 80' lang='grc' dir='ltr'><strong>ἐξ</strong></span> <span class='ocrx_word' id='word_1_131' title='bbox 650 751 696 786; x_wconf 83' lang='grc' dir='ltr'>ὧν,</span> <span class='ocrx_word' id='word_1_132' title='bbox 715 755 751 790; x_wconf 83' lang='grc' dir='ltr'>μὴ</span> <span class='ocrx_word' id='word_1_133' title='bbox 767 755 889 789; x_wconf 71' lang='grc' dir='ltr'>γένοιτοῐ</span> 
     </span>
    </p>
   </div>
   <div class='ocr_carea' id='block_1_19' title="bbox 100 796 891 836">
    <p class='ocr_par' dir='ltr' id='par_1_19' title="bbox 100 796 891 836">
     <span class='ocr_line' id='line_1_19' title="bbox 100 796 891 836; baseline 0.009 -15"><span class='ocrx_word' id='word_1_134' title='bbox 100 796 132 822; x_wconf 78' lang='grc' dir='ltr'><strong>οὐ</strong></span> <span class='ocrx_word' id='word_1_135' title='bbox 151 796 314 831; x_wconf 80' lang='grc' dir='ltr'>πράξαντες,</span> <span class='ocrx_word' id='word_1_136' title='bbox 333 797 400 824; x_wconf 77' lang='grc' dir='ltr'>ἀλλὰ</span> <span class='ocrx_word' id='word_1_137' title='bbox 412 798 600 833; x_wconf 76' lang='grc' dir='ltr'><strong>μεμαθηκότες</strong></span> <span class='ocrx_word' id='word_1_138' title='bbox 614 800 736 834; x_wconf 75' lang='grc' dir='ltr'>ἀκριϐῶς</span> <span class='ocrx_word' id='word_1_139' title='bbox 750 801 826 836; x_wconf 81' lang='grc' dir='ltr'>παρὰ</span> <span class='ocrx_word' id='word_1_140' title='bbox 838 802 891 828; x_wconf 76' lang='grc' dir='ltr'><strong>τῶν</strong></span> 
     </span>
    </p>
   </div>
   <div class='ocr_carea' id='block_1_20' title="bbox 100 843 887 882">
    <p class='ocr_par' dir='ltr' id='par_1_20' title="bbox 100 843 887 882">
     <span class='ocr_line' id='line_1_20' title="bbox 100 843 887 882; baseline 0.009 -15"><span class='ocrx_word' id='word_1_141' title='bbox 100 844 178 878; x_wconf 73' lang='grc' dir='ltr'>ἡμᾶς</span> <span class='ocrx_word' id='word_1_142' title='bbox 199 843 238 874; x_wconf 86' lang='grc' dir='ltr'>εὶς</span> <span class='ocrx_word' id='word_1_143' title='bbox 258 843 336 870; x_wconf 80' lang='grc' dir='ltr'>τοῦτο</span> <span class='ocrx_word' id='word_1_144' title='bbox 353 844 509 875; x_wconf 79' lang='grc' dir='ltr'>πειθόντων,</span> <span class='ocrx_word' id='word_1_145' title='bbox 529 846 575 872; x_wconf 76' lang='grc' dir='ltr'>καὶ</span> <span class='ocrx_word' id='word_1_146' title='bbox 602 846 638 882; x_wconf 89' lang='grc' dir='ltr'>μὴ</span> <span class='ocrx_word' id='word_1_147' title='bbox 657 849 887 882; x_wconf 78' lang='grc' dir='ltr'>κατισχυσάντων,</span> 
     </span>
    </p>
   </div>
   <div class='ocr_carea' id='block_1_21' title="bbox 976 384 1729 420">
    <p class='ocr_par' dir='ltr' id='par_1_21' title="bbox 976 384 1729 420">
     <span class='ocr_line' id='line_1_21' title="bbox 976 384 1729 420; baseline -0.004 -7"><span class='ocrx_word' id='word_1_148' title='bbox 976 385 1069 413; x_wconf 80' lang='lat' dir='ltr'><strong>XVIII.</strong></span> <span class='ocrx_word' id='word_1_149' title='bbox 1087 386 1269 419; x_wconf 80' lang='lat' dir='ltr'><strong>Quamobrem</strong></span> <span class='ocrx_word' id='word_1_150' title='bbox 1296 385 1319 413; x_wconf 96' lang='lat' dir='ltr'><strong>si</strong></span> <span class='ocrx_word' id='word_1_151' title='bbox 1333 385 1395 420; x_wconf 90' lang='lat' dir='ltr'><strong>quis</strong></span> <span class='ocrx_word' id='word_1_152' title='bbox 1414 385 1486 420; x_wconf 87' lang='lat' dir='ltr'><strong>quod</strong></span> <span class='ocrx_word' id='word_1_153' title='bbox 1509 385 1587 412; x_wconf 90' lang='lat' dir='ltr'><strong>initio</strong></span> <span class='ocrx_word' id='word_1_154' title='bbox 1616 384 1729 419; x_wconf 84' lang='lat' dir='ltr'><strong>polliciti</strong></span> 
     </span>
    </p>
   </div>
   <div class='ocr_carea' id='block_1_22' title="bbox 941 431 1727 466">
    <p class='ocr_par' dir='ltr' id='par_1_22' title="bbox 941 431 1727 466">
     <span class='ocr_line' id='line_1_22' title="bbox 941 431 1727 466; baseline -0.005 -7"><span class='ocrx_word' id='word_1_155' title='bbox 941 440 1035 459; x_wconf 89' lang='lat' dir='ltr'><strong>sumus</strong></span> <span class='ocrx_word' id='word_1_156' title='bbox 1045 432 1174 459; x_wconf 83' lang='lat' dir='ltr'><strong>memoria</strong></span> <span class='ocrx_word' id='word_1_157' title='bbox 1183 436 1297 466; x_wconf 77' lang='lat' dir='ltr'><strong>repetat,</strong></span> <span class='ocrx_word' id='word_1_158' title='bbox 1311 431 1428 459; x_wconf 80' lang='lat' dir='ltr'><strong>fortasse</strong></span> <span class='ocrx_word' id='word_1_159' title='bbox 1442 431 1595 459; x_wconf 90' lang='lat' dir='ltr'><strong>institutum</strong></span> <span class='ocrx_word' id='word_1_160' title='bbox 1605 434 1727 457; x_wconf 88' lang='lat' dir='ltr'><strong>nostrutn</strong></span> 
     </span>
    </p>
   </div>
   <div class='ocr_carea' id='block_1_23' title="bbox 942 476 1729 513">
    <p class='ocr_par' dir='ltr' id='par_1_23' title="bbox 942 476 1729 513">
     <span class='ocr_line' id='line_1_23' title="bbox 942 476 1729 513; baseline -0.003 -9"><span class='ocrx_word' id='word_1_161' title='bbox 942 478 1112 513; x_wconf 84' lang='lat' dir='ltr'><strong>approbabit,</strong></span> <span class='ocrx_word' id='word_1_162' title='bbox 1138 478 1212 511; x_wconf 88' lang='lat' dir='ltr'><strong>quod</strong></span> <span class='ocrx_word' id='word_1_163' title='bbox 1228 478 1264 505; x_wconf 88' lang='lat' dir='ltr'><strong>ita</strong></span> <span class='ocrx_word' id='word_1_164' title='bbox 1288 478 1392 512; x_wconf 68' lang='lat' dir='ltr'><strong>praefati</strong></span> <span class='ocrx_word' id='word_1_165' title='bbox 1410 485 1515 509; x_wconf 85' lang='lat' dir='ltr'><strong>sumus,</strong></span> <span class='ocrx_word' id='word_1_166' title='bbox 1538 485 1598 512; x_wconf 84' lang='lat' dir='ltr'><strong>quae</strong></span> <span class='ocrx_word' id='word_1_167' title='bbox 1618 476 1651 503; x_wconf 88' lang='lat' dir='ltr'><strong>ad</strong></span> <span class='ocrx_word' id='word_1_168' title='bbox 1669 476 1729 503; x_wconf 84' lang='lat' dir='ltr'><strong>illas</strong></span> 
     </span>
    </p>
   </div>
   <div class='ocr_carea' id='block_1_24' title="bbox 943 522 1728 559">
    <p class='ocr_par' dir='ltr' id='par_1_24' title="bbox 943 522 1728 559">
     <span class='ocr_line' id='line_1_24' title="bbox 943 522 1728 559; baseline -0.003 -9"><span class='ocrx_word' id='word_1_169' title='bbox 943 529 1032 551; x_wconf 86' lang='lat' dir='ltr'><strong>sectas</strong></span> <span class='ocrx_word' id='word_1_170' title='bbox 1047 524 1165 550; x_wconf 85' lang='lat' dir='ltr'><strong>attinent</strong></span> <span class='ocrx_word' id='word_1_171' title='bbox 1181 531 1232 550; x_wconf 89' lang='lat' dir='ltr'><strong>nos</strong></span> <span class='ocrx_word' id='word_1_172' title='bbox 1245 523 1345 559; x_wconf 83' lang='lat' dir='ltr'><strong>partim</strong></span> <span class='ocrx_word' id='word_1_173' title='bbox 1364 531 1414 551; x_wconf 85' lang='lat' dir='ltr'><strong>usu</strong></span> <span class='ocrx_word' id='word_1_174' title='bbox 1427 530 1459 550; x_wconf 86' lang='lat' dir='ltr'><strong>ac</strong></span> <span class='ocrx_word' id='word_1_175' title='bbox 1470 522 1668 550; x_wconf 86' lang='lat' dir='ltr'><strong>consuetudine</strong></span> <span class='ocrx_word' id='word_1_176' title='bbox 1685 522 1728 549; x_wconf 95' lang='lat' dir='ltr'><strong>di-</strong></span> 
     </span>
    </p>
   </div>
   <div class='ocr_carea' id='block_1_25' title="bbox 942 568 1728 604">
    <p class='ocr_par' dir='ltr' id='par_1_25' title="bbox 942 568 1728 604">
     <span class='ocr_line' id='line_1_25' title="bbox 942 568 1728 604; baseline -0.001 -9"><span class='ocrx_word' id='word_1_177' title='bbox 942 569 1053 601; x_wconf 85' lang='lat' dir='ltr'><strong>dicisse,</strong></span> <span class='ocrx_word' id='word_1_178' title='bbox 1077 569 1177 604; x_wconf 83' lang='lat' dir='ltr'><strong>partim</strong></span> <span class='ocrx_word' id='word_1_179' title='bbox 1198 577 1231 597; x_wconf 90' lang='lat' dir='ltr'><strong>ex</strong></span> <span class='ocrx_word' id='word_1_180' title='bbox 1255 569 1431 596; x_wconf 84' lang='lat' dir='ltr'><strong>monimentis</strong></span> <span class='ocrx_word' id='word_1_181' title='bbox 1452 569 1602 604; x_wconf 85' lang='lat' dir='ltr'><strong>accepisse,</strong></span> <span class='ocrx_word' id='word_1_182' title='bbox 1629 568 1728 602; x_wconf 84' lang='lat' dir='ltr'><strong>partim</strong></span> 
     </span>
    </p>
   </div>
   <div class='ocr_carea' id='block_1_26' title="bbox 943 613 1730 650">
    <p class='ocr_par' dir='ltr' id='par_1_26' title="bbox 943 613 1730 650">
     <span class='ocr_line' id='line_1_26' title="bbox 943 613 1730 650; baseline -0.003 -8"><span class='ocrx_word' id='word_1_183' title='bbox 943 616 995 643; x_wconf 81' lang='lat' dir='ltr'><strong>fide</strong></span> <span class='ocrx_word' id='word_1_184' title='bbox 1009 616 1152 650; x_wconf 88' lang='lat' dir='ltr'><strong>dignorum</strong></span> <span class='ocrx_word' id='word_1_185' title='bbox 1167 615 1317 647; x_wconf 87' lang='lat' dir='ltr'><strong>hominum,</strong></span> <span class='ocrx_word' id='word_1_186' title='bbox 1335 616 1381 649; x_wconf 88' lang='lat' dir='ltr'><strong>qui</strong></span> <span class='ocrx_word' id='word_1_187' title='bbox 1397 615 1435 641; x_wconf 87' lang='lat' dir='ltr'><strong>rei</strong></span> <span class='ocrx_word' id='word_1_188' title='bbox 1455 614 1596 641; x_wconf 82' lang='lat' dir='ltr'><strong>veritatem</strong></span> <span class='ocrx_word' id='word_1_189' title='bbox 1609 613 1730 640; x_wconf 89' lang='lat' dir='ltr'><strong>indicare</strong></span> 
     </span>
    </p>
   </div>
   <div class='ocr_carea' id='block_1_27' title="bbox 942 660 1727 695">
    <p class='ocr_par' dir='ltr' id='par_1_27' title="bbox 942 660 1727 695">
     <span class='ocr_line' id='line_1_27' title="bbox 942 660 1727 695; baseline -0.003 -7"><span class='ocrx_word' id='word_1_190' title='bbox 942 665 1065 695; x_wconf 83' lang='lat' dir='ltr'><strong>possent,</strong></span> <span class='ocrx_word' id='word_1_191' title='bbox 1080 661 1237 688; x_wconf 82' lang='lat' dir='ltr'><strong>narratione</strong></span> <span class='ocrx_word' id='word_1_192' title='bbox 1253 668 1285 688; x_wconf 85' lang='lat' dir='ltr'><strong>ac</strong></span> <span class='ocrx_word' id='word_1_193' title='bbox 1298 661 1456 688; x_wconf 88' lang='lat' dir='ltr'><strong>testimonio</strong></span> <span class='ocrx_word' id='word_1_194' title='bbox 1471 660 1555 688; x_wconf 90' lang='lat' dir='ltr'><strong>fuisse</strong></span> <span class='ocrx_word' id='word_1_195' title='bbox 1570 660 1727 695; x_wconf 82' lang='lat' dir='ltr'><strong>perdoctos.</strong></span> 
     </span>
    </p>
   </div>
   <div class='ocr_carea' id='block_1_28' title="bbox 942 706 1730 742">
    <p class='ocr_par' dir='ltr' id='par_1_28' title="bbox 942 706 1730 742">
     <span class='ocr_line' id='line_1_28' title="bbox 942 706 1730 742; baseline -0.003 -8"><span class='ocrx_word' id='word_1_196' title='bbox 942 707 1036 741; x_wconf 86' lang='lat' dir='ltr'><strong>Itaque</strong></span> <span class='ocrx_word' id='word_1_197' title='bbox 1052 715 1102 741; x_wconf 88' lang='lat' dir='ltr'><strong>pro</strong></span> <span class='ocrx_word' id='word_1_198' title='bbox 1112 715 1145 734; x_wconf 88' lang='lat' dir='ltr'><strong>eo</strong></span> <span class='ocrx_word' id='word_1_199' title='bbox 1161 707 1232 742; x_wconf 90' lang='lat' dir='ltr'><strong>quod</strong></span> <span class='ocrx_word' id='word_1_200' title='bbox 1245 714 1301 742; x_wconf 67' lang='lat' dir='ltr'><strong>prae</strong></span> <span class='ocrx_word' id='word_1_201' title='bbox 1313 707 1393 733; x_wconf 88' lang='lat' dir='ltr'><strong>nobis</strong></span> <span class='ocrx_word' id='word_1_202' title='bbox 1410 706 1521 733; x_wconf 88' lang='lat' dir='ltr'><strong>ferimus</strong></span> <span class='ocrx_word' id='word_1_203' title='bbox 1535 706 1657 733; x_wconf 81' lang='lat' dir='ltr'><strong>veritatis</strong></span> <span class='ocrx_word' id='word_1_204' title='bbox 1670 710 1730 733; x_wconf 84' lang='lat' dir='ltr'><strong>stu-</strong></span> 
     </span>
    </p>
   </div>
   <div class='ocr_carea' id='block_1_29' title="bbox 943 752 1730 789">
    <p class='ocr_par' dir='ltr' id='par_1_29' title="bbox 943 752 1730 789">
     <span class='ocr_line' id='line_1_29' title="bbox 943 752 1730 789; baseline 0 -10"><span class='ocrx_word' id='word_1_205' title='bbox 943 753 988 780; x_wconf 91' lang='lat' dir='ltr'><strong>dio</strong></span> <span class='ocrx_word' id='word_1_206' title='bbox 1007 755 1212 789; x_wconf 63' lang='lat' dir='ltr'><strong>praetermittere</strong></span> <span class='ocrx_word' id='word_1_207' title='bbox 1223 754 1297 781; x_wconf 89' lang='lat' dir='ltr'><strong>hunc</strong></span> <span class='ocrx_word' id='word_1_208' title='bbox 1308 753 1396 780; x_wconf 90' lang='lat' dir='ltr'><strong>locum</strong></span> <span class='ocrx_word' id='word_1_209' title='bbox 1409 753 1563 785; x_wconf 88' lang='lat' dir='ltr'><strong>noluimus;</strong></span> <span class='ocrx_word' id='word_1_210' title='bbox 1581 752 1629 780; x_wconf 84' lang='lat' dir='ltr'><strong>sed</strong></span> <span class='ocrx_word' id='word_1_211' title='bbox 1640 757 1730 780; x_wconf 86' lang='lat' dir='ltr'><strong>osten-</strong></span> 
     </span>
    </p>
   </div>
   <div class='ocr_carea' id='block_1_30' title="bbox 943 799 1728 833">
    <p class='ocr_par' dir='ltr' id='par_1_30' title="bbox 943 799 1728 833">
     <span class='ocr_line' id='line_1_30' title="bbox 943 799 1728 833; baseline -0.003 -7"><span class='ocrx_word' id='word_1_212' title='bbox 943 799 1033 826; x_wconf 87' lang='lat' dir='ltr'><strong>dimus</strong></span> <span class='ocrx_word' id='word_1_213' title='bbox 1053 807 1134 826; x_wconf 90' lang='lat' dir='ltr'><strong>unam</strong></span> <span class='ocrx_word' id='word_1_214' title='bbox 1158 800 1232 826; x_wconf 85' lang='lat' dir='ltr'><strong>illam</strong></span> <span class='ocrx_word' id='word_1_215' title='bbox 1249 807 1282 827; x_wconf 80' lang='lat' dir='ltr'><strong>ex</strong></span> <span class='ocrx_word' id='word_1_216' title='bbox 1310 799 1345 827; x_wconf 88' lang='lat' dir='ltr'><strong>iis</strong></span> <span class='ocrx_word' id='word_1_217' title='bbox 1357 799 1506 826; x_wconf 64' lang='lat' dir='ltr'><strong>haeresibus</strong></span> <span class='ocrx_word' id='word_1_218' title='bbox 1522 806 1592 831; x_wconf 86' lang='lat' dir='ltr'><strong>esse,</strong></span> <span class='ocrx_word' id='word_1_219' title='bbox 1612 806 1728 833; x_wconf 89' lang='lat' dir='ltr'><strong>quarum</strong></span> 
     </span>
    </p>
   </div>
   <div class='ocr_carea' id='block_1_31' title="bbox 943 844 1728 881">
    <p class='ocr_par' dir='ltr' id='par_1_31' title="bbox 943 844 1728 881">
     <span class='ocr_line' id='line_1_31' title="bbox 943 844 1728 881; baseline 0 -9"><span class='ocrx_word' id='word_1_220' title='bbox 943 853 1023 872; x_wconf 89' lang='lat' dir='ltr'><strong>usum</strong></span> <span class='ocrx_word' id='word_1_221' title='bbox 1040 846 1197 876; x_wconf 81' lang='lat' dir='ltr'><strong>habuimus,</strong></span> <span class='ocrx_word' id='word_1_222' title='bbox 1215 845 1249 873; x_wconf 86' lang='lat' dir='ltr'><strong>de</strong></span> <span class='ocrx_word' id='word_1_223' title='bbox 1265 854 1318 881; x_wconf 84' lang='lat' dir='ltr'><strong>qua</strong></span> <span class='ocrx_word' id='word_1_224' title='bbox 1333 846 1400 873; x_wconf 81' lang='lat' dir='ltr'><strong>certi</strong></span> <span class='ocrx_word' id='word_1_225' title='bbox 1418 845 1606 880; x_wconf 85' lang='lat' dir='ltr'><strong>exploralique</strong></span> <span class='ocrx_word' id='word_1_226' title='bbox 1625 844 1728 880; x_wconf 82' lang='lat' dir='ltr'><strong>aliquid</strong></span> 
     </span>
    </p>
   </div>
   <div class='ocr_carea' id='block_1_32' title="bbox 100 888 889 927">
    <p class='ocr_par' dir='ltr' id='par_1_32' title="bbox 100 888 889 927">
     <span class='ocr_line' id='line_1_32' title="bbox 100 888 889 927; baseline 0.009 -14"><span class='ocrx_word' id='word_1_227' title='bbox 100 888 172 914; x_wconf 81' lang='grc' dir='ltr'>ἀλλὰ</span> <span class='ocrx_word' id='word_1_228' title='bbox 185 888 233 924; x_wconf 84' lang='grc' dir='ltr'>τὴν</span> <span class='ocrx_word' id='word_1_229' title='bbox 248 889 351 916; x_wconf 82' lang='grc' dir='ltr'>ἑαυτῶν</span> <span class='ocrx_word' id='word_1_230' title='bbox 367 890 460 916; x_wconf 73' lang='grc' dir='ltr'>ἐλπίδα</span> <span class='ocrx_word' id='word_1_231' title='bbox 473 891 521 926; x_wconf 83' lang='grc' dir='ltr'><strong>τῆς</strong></span> <span class='ocrx_word' id='word_1_232' title='bbox 534 892 574 923; x_wconf 81' lang='grc' dir='ltr'><strong>εἰς</strong></span> <span class='ocrx_word' id='word_1_233' title='bbox 587 892 660 927; x_wconf 76' lang='grc' dir='ltr'>ἡμᾶς</span> <span class='ocrx_word' id='word_1_234' title='bbox 675 893 811 924; x_wconf 83' lang='grc' dir='ltr'><strong>ἀπωλείας</strong></span> <span class='ocrx_word' id='word_1_235' title='bbox 822 895 889 920; x_wconf 81' lang='grc' dir='ltr'>ἁπο-</span> 
     </span>
    </p>
   </div>
   <div class='ocr_carea' id='block_1_33' title="bbox 943 888 1724 927">
    <p class='ocr_par' dir='ltr' id='par_1_33' title="bbox 943 889 1724 925">
     <span class='ocr_line' id='line_1_33' title="bbox 943 889 1724 925; baseline 0.003 -10"><span class='ocrx_word' id='word_1_236' title='bbox 943 889 1036 916; x_wconf 82' lang='lat' dir='ltr'><strong>alI&#39;erre</strong></span> <span class='ocrx_word' id='word_1_237' title='bbox 1048 897 1191 924; x_wconf 85' lang='lat' dir='ltr'><strong>possemus</strong></span> <span class='ocrx_word' id='word_1_238' title='bbox 1204 900 1209 917; x_wconf 89' lang='lat'>:</span> <span class='ocrx_word' id='word_1_239' title='bbox 1222 897 1276 916; x_wconf 90' lang='lat' dir='ltr'><strong>non</strong></span> <span class='ocrx_word' id='word_1_240' title='bbox 1290 897 1323 917; x_wconf 80' lang='lat' dir='ltr'><strong>ex</strong></span> <span class='ocrx_word' id='word_1_241' title='bbox 1335 897 1368 917; x_wconf 91' lang='lat' dir='ltr'><strong>eo</strong></span> <span class='ocrx_word' id='word_1_242' title='bbox 1383 889 1454 924; x_wconf 89' lang='lat' dir='ltr'><strong>quod</strong></span> <span class='ocrx_word' id='word_1_243' title='bbox 1467 889 1634 925; x_wconf 75' lang='lat' dir='ltr'><strong>gesserimus</strong></span> <span class='ocrx_word' id='word_1_244' title='bbox 1648 889 1698 924; x_wconf 80' lang='lat' dir='ltr'><strong>ipsi</strong></span> <span class='ocrx_word' id='word_1_245' title='bbox 1716 898 1724 917; x_wconf 87' lang='lat'><strong>:</strong></span> 
     </span>
    </p>
   </div>
   <div class='ocr_carea' id='block_1_34' title="bbox 100 932 890 973">
    <p class='ocr_par' dir='ltr' id='par_1_34' title="bbox 100 932 890 973">
     <span class='ocr_line' id='line_1_34' title="bbox 100 932 890 973; baseline 0.008 -15"><span class='ocrx_word' id='word_1_246' title='bbox 100 932 248 965; x_wconf 73' lang='grc' dir='ltr'>λεσάντων,</span> <span class='ocrx_word' id='word_1_247' title='bbox 271 934 318 959; x_wconf 74' lang='grc' dir='ltr'>καὶ</span> <span class='ocrx_word' id='word_1_248' title='bbox 339 935 376 969; x_wconf 81' lang='grc' dir='ltr'>μὴ</span> <span class='ocrx_word' id='word_1_249' title='bbox 396 935 577 970; x_wconf 78' lang='grc' dir='ltr'>ἐπιτυχόντων</span> <span class='ocrx_word' id='word_1_250' title='bbox 596 936 642 962; x_wconf 83' lang='grc' dir='ltr'><strong>τοῦ</strong></span> <span class='ocrx_word' id='word_1_251' title='bbox 668 938 770 963; x_wconf 77' lang='grc' dir='ltr'><strong>σκοποῦ</strong></span> <span class='ocrx_word' id='word_1_252' title='bbox 789 938 835 973; x_wconf 84' lang='grc' dir='ltr'>τῆς</span> <span class='ocrx_word' id='word_1_253' title='bbox 850 939 890 970; x_wconf 80' lang='grc' dir='ltr'>εἰς</span> 
     </span>
    </p>
   </div>
   <div class='ocr_carea' id='block_1_35' title="bbox 101 978 890 1018">
    <p class='ocr_par' dir='ltr' id='par_1_35' title="bbox 101 978 890 1018">
     <span class='ocr_line' id='line_1_35' title="bbox 101 978 890 1018; baseline 0.008 -14"><span class='ocrx_word' id='word_1_254' title='bbox 101 979 152 1014; x_wconf 80' lang='grc' dir='ltr'>τὴν</span> <span class='ocrx_word' id='word_1_255' title='bbox 165 978 293 1006; x_wconf 81' lang='grc' dir='ltr'>τάλαιναν</span> <span class='ocrx_word' id='word_1_256' title='bbox 310 979 387 1015; x_wconf 80' lang='grc' dir='ltr'>ἡμῶν</span> <span class='ocrx_word' id='word_1_257' title='bbox 403 980 491 1016; x_wconf 83' lang='grc' dir='ltr'>ψυχὴν</span> <span class='ocrx_word' id='word_1_258' title='bbox 502 982 729 1018; x_wconf 78' lang='grc' dir='ltr'>ἐπιχειρουμένης</span> <span class='ocrx_word' id='word_1_259' title='bbox 740 983 785 1009; x_wconf 81' lang='grc' dir='ltr'><strong>ὑπ’</strong></span> <span class='ocrx_word' id='word_1_260' title='bbox 801 984 890 1010; x_wconf 72' lang='grc' dir='ltr'>αὐτῶν</span> 
     </span>
    </p>
   </div>
   <div class='ocr_carea' id='block_1_36' title="bbox 101 1025 891 1063">
    <p class='ocr_par' dir='ltr' id='par_1_36' title="bbox 101 1025 891 1063">
     <span class='ocr_line' id='line_1_36' title="bbox 101 1025 891 1063; baseline 0.006 -13"><span class='ocrx_word' id='word_1_261' title='bbox 101 1033 133 1051; x_wconf 82' lang='grc' dir='ltr'><strong>τε</strong></span> <span class='ocrx_word' id='word_1_262' title='bbox 148 1025 196 1051; x_wconf 83' lang='grc' dir='ltr'>καὶ</span> <span class='ocrx_word' id='word_1_263' title='bbox 211 1025 258 1051; x_wconf 75' lang='grc' dir='ltr'>τοῦ</span> <span class='ocrx_word' id='word_1_264' title='bbox 270 1026 299 1051; x_wconf 81' lang='grc' dir='ltr'><strong>ἐν</strong></span> <span class='ocrx_word' id='word_1_265' title='bbox 310 1026 401 1057; x_wconf 80' lang='grc' dir='ltr'>αὐτοῖς</span> <span class='ocrx_word' id='word_1_266' title='bbox 417 1026 540 1053; x_wconf 76' lang='grc' dir='ltr'>διαϐόλου</span> <span class='ocrx_word' id='word_1_267' title='bbox 558 1028 702 1063; x_wconf 72' lang='grc' dir='ltr'>ωσκευῆς,</span> <span class='ocrx_word' id='word_1_268' title='bbox 718 1028 755 1060; x_wconf 82' lang='grc' dir='ltr'>ὡς</span> <span class='ocrx_word' id='word_1_269' title='bbox 767 1029 814 1055; x_wconf 78' lang='grc' dir='ltr'>καὶ</span> <span class='ocrx_word' id='word_1_270' title='bbox 829 1038 891 1055; x_wconf 83' lang='grc' dir='ltr'>συν-</span> 
     </span>
    </p>
   </div>
   <div class='ocr_carea' id='block_1_37' title="bbox 101 1068 890 1105">
    <p class='ocr_par' dir='ltr' id='par_1_37' title="bbox 101 1068 890 1105">
     <span class='ocr_line' id='line_1_37' title="bbox 101 1068 890 1105; baseline 0.006 -11"><span class='ocrx_word' id='word_1_271' title='bbox 101 1068 160 1104; x_wconf 78' lang='grc' dir='ltr'><strong>ῳδὰ</strong></span> <span class='ocrx_word' id='word_1_272' title='bbox 174 1070 247 1104; x_wconf 79' lang='grc' dir='ltr'>ἡμᾶς</span> <span class='ocrx_word' id='word_1_273' title='bbox 259 1069 348 1103; x_wconf 79' lang='grc' dir='ltr'>λέγειν</span> <span class='ocrx_word' id='word_1_274' title='bbox 364 1069 402 1105; x_wconf 79' lang='grc' dir='ltr'>τῷ</span> <span class='ocrx_word' id='word_1_275' title='bbox 414 1070 557 1105; x_wconf 78' lang='grc' dir='ltr'><strong>ἁγιωτάτῳ</strong></span> <span class='ocrx_word' id='word_1_276' title='bbox 565 1071 706 1103; x_wconf 75' lang='grc' dir='ltr'>Δαὸὶδ,ὃτι</span> <span class='ocrx_word' id='word_1_277' title='bbox 717 1080 724 1087; x_wconf 90' lang='grc'><strong>·</strong></span> <span class='ocrx_word' id='word_1_278' title='bbox 741 1072 819 1105; x_wconf 64' lang='grc' dir='ltr'><strong>Βέλη</strong></span> <span class='ocrx_word' id='word_1_279' title='bbox 835 1081 890 1105; x_wconf 79' lang='grc' dir='ltr'><strong>νη-</strong></span> 
     </span>
    </p>
   </div>
   <div class='ocr_carea' id='block_1_38' title="bbox 101 1116 888 1154">
    <p class='ocr_par' dir='ltr' id='par_1_38' title="bbox 101 1116 888 1154">
     <span class='ocr_line' id='line_1_38' title="bbox 101 1116 888 1154; baseline 0.005 -13"><span class='ocrx_word' id='word_1_280' title='bbox 101 1116 180 1142; x_wconf 76' lang='grc' dir='ltr'>πίων</span> <span class='ocrx_word' id='word_1_281' title='bbox 195 1116 383 1151; x_wconf 76' lang='grc' dir='ltr'>ἐγενήθησαν</span> <span class='ocrx_word' id='word_1_282' title='bbox 396 1118 425 1142; x_wconf 82' lang='lat' dir='ltr'><strong>ul</strong></span> <span class='ocrx_word' id='word_1_283' title='bbox 441 1117 552 1152; x_wconf 78' lang='grc' dir='ltr'>πληγαὶ</span> <span class='ocrx_word' id='word_1_284' title='bbox 568 1117 676 1149; x_wconf 76' lang='grc' dir='ltr'>αὐτῶν,</span> <span class='ocrx_word' id='word_1_285' title='bbox 693 1119 741 1145; x_wconf 78' lang='grc' dir='ltr'>καὶ</span> <span class='ocrx_word' id='word_1_286' title='bbox 762 1118 797 1145; x_wconf 87' lang='grc' dir='ltr'><strong>τὰ</strong></span> <span class='ocrx_word' id='word_1_287' title='bbox 810 1118 871 1154; x_wconf 74' lang='grc' dir='ltr'><strong>ἑξῆς</strong></span> <span class='ocrx_word' id='word_1_288' title='bbox 881 1127 888 1134; x_wconf 87' lang='grc'><strong>·</strong></span> 
     </span>
    </p>
   </div>
   <div class='ocr_carea' id='block_1_39' title="bbox 102 1161 890 1198">
    <p class='ocr_par' dir='ltr' id='par_1_39' title="bbox 102 1161 890 1198">
     <span class='ocr_line' id='line_1_39' title="bbox 102 1161 890 1198; baseline 0.006 -12"><span class='ocrx_word' id='word_1_289' title='bbox 102 1161 150 1186; x_wconf 78' lang='grc' dir='ltr'>καὶ</span> <span class='ocrx_word' id='word_1_290' title='bbox 167 1161 218 1186; x_wconf 80' lang='grc' dir='ltr'>ὅτι·</span> <span class='ocrx_word' id='word_1_291' title='bbox 239 1161 429 1195; x_wconf 68' lang='grc' dir='ltr'>Ἐπιστρέψεῑ</span> <span class='ocrx_word' id='word_1_292' title='bbox 444 1163 460 1188; x_wconf 84' lang='grc' dir='ltr'><strong>ό</strong></span> <span class='ocrx_word' id='word_1_293' title='bbox 473 1162 566 1195; x_wconf 82' lang='grc' dir='ltr'><em>πόνος</em></span> <span class='ocrx_word' id='word_1_294' title='bbox 578 1162 677 1189; x_wconf 80' lang='grc' dir='ltr'>αὐτῶν</span> <span class='ocrx_word' id='word_1_295' title='bbox 695 1165 738 1196; x_wconf 80' lang='grc' dir='ltr'><strong>είς</strong></span> <span class='ocrx_word' id='word_1_296' title='bbox 753 1163 890 1198; x_wconf 68' lang='grc' dir='ltr'>κεφαλὴν</span> 
     </span>
    </p>
   </div>
   <div class='ocr_carea' id='block_1_40' title="bbox 101 1206 890 1244">
    <p class='ocr_par' dir='ltr' id='par_1_40' title="bbox 101 1206 890 1244">
     <span class='ocr_line' id='line_1_40' title="bbox 101 1206 890 1244; baseline 0.006 -12"><span class='ocrx_word' id='word_1_297' title='bbox 101 1206 210 1238; x_wconf 78' lang='grc' dir='ltr'>αὐτῶν,</span> <span class='ocrx_word' id='word_1_298' title='bbox 231 1206 279 1233; x_wconf 76' lang='grc' dir='ltr'>καὶ</span> <span class='ocrx_word' id='word_1_299' title='bbox 303 1207 322 1240; x_wconf 73' lang='grc' dir='ltr'><em>ἠ</em></span> <span class='ocrx_word' id='word_1_300' title='bbox 340 1207 440 1234; x_wconf 78' lang='grc' dir='ltr'>ἀδικία</span> <span class='ocrx_word' id='word_1_301' title='bbox 457 1207 556 1234; x_wconf 78' lang='grc' dir='ltr'>αὐτῶν·</span> <span class='ocrx_word' id='word_1_302' title='bbox 572 1209 621 1235; x_wconf 74' lang='grc' dir='ltr'>ἐπὶ</span> <span class='ocrx_word' id='word_1_303' title='bbox 638 1209 771 1244; x_wconf 65' lang='grc' dir='ltr'>κορυφὴν</span> <span class='ocrx_word' id='word_1_304' title='bbox 793 1210 890 1237; x_wconf 77' lang='grc' dir='ltr'>αὐτῶν</span> 
     </span>
    </p>
   </div>
   <div class='ocr_carea' id='block_1_41' title="bbox 102 1251 889 1290">
    <p class='ocr_par' dir='ltr' id='par_1_41' title="bbox 102 1251 889 1290">
     <span class='ocr_line' id='line_1_41' title="bbox 102 1251 889 1290; baseline 0.005 -12"><span class='ocrx_word' id='word_1_305' title='bbox 102 1252 311 1284; x_wconf 73' lang='grc' dir='ltr'>καταϐήσεται.</span> <span class='ocrx_word' id='word_1_306' title='bbox 332 1253 374 1284; x_wconf 86' lang='grc' dir='ltr'>Ὠς</span> <span class='ocrx_word' id='word_1_307' title='bbox 383 1251 429 1279; x_wconf 75' lang='grc' dir='ltr'>οὖν</span> <span class='ocrx_word' id='word_1_308' title='bbox 441 1253 642 1288; x_wconf 66' lang='grc' dir='ltr'>περιτυχόντες,</span> <span class='ocrx_word' id='word_1_309' title='bbox 655 1255 702 1281; x_wconf 81' lang='grc' dir='ltr'>καὶ</span> <span class='ocrx_word' id='word_1_310' title='bbox 713 1254 889 1290; x_wconf 84' lang='grc' dir='ltr'>ἀποδράντες,</span> 
     </span>
    </p>
   </div>
   <div class='ocr_carea' id='block_1_42' title="bbox 102 1298 889 1334">
    <p class='ocr_par' dir='ltr' id='par_1_42' title="bbox 102 1298 889 1334">
     <span class='ocr_line' id='line_1_42' title="bbox 102 1298 889 1334; baseline 0.004 -10"><span class='ocrx_word' id='word_1_311' title='bbox 102 1298 150 1324; x_wconf 75' lang='grc' dir='ltr'>καὶ</span> <span class='ocrx_word' id='word_1_312' title='bbox 163 1298 334 1331; x_wconf 75' lang='grc' dir='ltr'>ἀναγνόντες,</span> <span class='ocrx_word' id='word_1_313' title='bbox 352 1299 398 1325; x_wconf 80' lang='grc' dir='ltr'>καὶ</span> <span class='ocrx_word' id='word_1_314' title='bbox 417 1298 536 1332; x_wconf 87' lang='grc' dir='ltr'>γνόντες,</span> <span class='ocrx_word' id='word_1_315' title='bbox 561 1300 608 1325; x_wconf 82' lang='grc' dir='ltr'>καὶ</span> <span class='ocrx_word' id='word_1_316' title='bbox 625 1301 815 1334; x_wconf 82' lang='grc' dir='ltr'>καταγνόντες,</span> <span class='ocrx_word' id='word_1_317' title='bbox 836 1310 889 1332; x_wconf 84' lang='grc' dir='ltr'>σω-</span> 
     </span>
    </p>
   </div>
   <div class='ocr_carea' id='block_1_43' title="bbox 101 1339 890 1376">
    <p class='ocr_par' dir='ltr' id='par_1_43' title="bbox 101 1339 890 1376">
     <span class='ocr_line' id='line_1_43' title="bbox 101 1339 890 1376; baseline 0.008 -12"><span class='ocrx_word' id='word_1_318' title='bbox 101 1339 194 1370; x_wconf 79' lang='grc' dir='ltr'>θέντες</span> <span class='ocrx_word' id='word_1_319' title='bbox 211 1339 239 1365; x_wconf 80' lang='grc' dir='ltr'><strong>δὲ</strong></span> <span class='ocrx_word' id='word_1_320' title='bbox 252 1340 489 1374; x_wconf 74' lang='grc' dir='ltr'>ὑπερῦεῆήκαμεν,</span> <span class='ocrx_word' id='word_1_321' title='bbox 509 1340 581 1367; x_wconf 73' lang='grc' dir='ltr'>οὕτω</span> <span class='ocrx_word' id='word_1_322' title='bbox 597 1342 643 1367; x_wconf 76' lang='grc' dir='ltr'><strong>καὶ</strong></span> <span class='ocrx_word' id='word_1_323' title='bbox 657 1342 686 1368; x_wconf 84' lang='grc' dir='ltr'>σὲ</span> <span class='ocrx_word' id='word_1_324' title='bbox 701 1342 745 1368; x_wconf 85' lang='grc' dir='ltr'>τὸν</span> <span class='ocrx_word' id='word_1_325' title='bbox 758 1343 890 1376; x_wconf 85' lang='grc' dir='ltr'>ἀναγινώ-</span> 
     </span>
    </p>
   </div>
   <div class='ocr_carea' id='block_1_44' title="bbox 104 1385 889 1422">
    <p class='ocr_par' dir='ltr' id='par_1_44' title="bbox 104 1385 889 1422">
     <span class='ocr_line' id='line_1_44' title="bbox 104 1385 889 1422; baseline 0.008 -13"><span class='ocrx_word' id='word_1_326' title='bbox 104 1392 203 1411; x_wconf 83' lang='grc' dir='ltr'>σκοντα</span> <span class='ocrx_word' id='word_1_327' title='bbox 223 1385 450 1421; x_wconf 81' lang='grc' dir='ltr'>παρακαλοῦμεν,</span> <span class='ocrx_word' id='word_1_328' title='bbox 476 1387 626 1420; x_wconf 77' lang='grc' dir='ltr'>ἀναγνόντα</span> <span class='ocrx_word' id='word_1_329' title='bbox 649 1388 695 1413; x_wconf 82' lang='grc' dir='ltr'>καὶ</span> <span class='ocrx_word' id='word_1_330' title='bbox 721 1389 889 1422; x_wconf 83' lang='grc' dir='ltr'>καταγνόντα</span> 
     </span>
    </p>
   </div>
   <div class='ocr_carea' id='block_1_45' title="bbox 103 1428 889 1468">
    <p class='ocr_par' dir='ltr' id='par_1_45' title="bbox 103 1428 889 1468">
     <span class='ocr_line' id='line_1_45' title="bbox 103 1428 889 1468; baseline 0.008 -14"><span class='ocrx_word' id='word_1_331' title='bbox 103 1428 149 1455; x_wconf 78' lang='grc' dir='ltr'>τοῦ</span> <span class='ocrx_word' id='word_1_332' title='bbox 159 1430 166 1444; x_wconf 83' lang='grc'>¹</span> <span class='ocrx_word' id='word_1_333' title='bbox 181 1429 342 1464; x_wconf 79' lang='grc' dir='ltr'>ὒπερὸῆναι,</span> <span class='ocrx_word' id='word_1_334' title='bbox 356 1432 395 1462; x_wconf 80' lang='grc' dir='ltr'>εἰς</span> <span class='ocrx_word' id='word_1_335' title='bbox 406 1433 435 1456; x_wconf 81' lang='grc' dir='ltr'>τὸ</span> <span class='ocrx_word' id='word_1_336' title='bbox 450 1430 487 1466; x_wconf 83' lang='grc' dir='ltr'>μὴ</span> <span class='ocrx_word' id='word_1_337' title='bbox 499 1432 628 1466; x_wconf 78' lang='grc' dir='ltr'>ἐμπεσεῖν</span> <span class='ocrx_word' id='word_1_338' title='bbox 640 1432 668 1457; x_wconf 84' lang='grc' dir='ltr'><strong>ἐν</strong></span> <span class='ocrx_word' id='word_1_339' title='bbox 680 1432 717 1466; x_wconf 82' lang='grc' dir='ltr'>τῷ</span> <span class='ocrx_word' id='word_1_340' title='bbox 733 1432 764 1467; x_wconf 85' lang='grc' dir='ltr'>ίῷ</span> <span class='ocrx_word' id='word_1_341' title='bbox 777 1433 825 1468; x_wconf 80' lang='grc' dir='ltr'>τῆς</span> <span class='ocrx_word' id='word_1_342' title='bbox 835 1433 889 1460; x_wconf 86' lang='grc' dir='ltr'>τῶν</span> 
     </span>
    </p>
   </div>
   <div class='ocr_carea' id='block_1_46' title="bbox 102 1474 890 1514">
    <p class='ocr_par' dir='ltr' id='par_1_46' title="bbox 102 1474 890 1514">
     <span class='ocr_line' id='line_1_46' title="bbox 102 1474 890 1514; baseline 0.008 -15"><span class='ocrx_word' id='word_1_343' title='bbox 102 1474 224 1509; x_wconf 77' lang='grc' dir='ltr'>ἑρπετῶν</span> <span class='ocrx_word' id='word_1_344' title='bbox 243 1474 344 1501; x_wconf 87' lang='grc' dir='ltr'>τούτων</span> <span class='ocrx_word' id='word_1_345' title='bbox 368 1475 528 1511; x_wconf 79' lang='grc' dir='ltr'>μοχθηρίας.</span> <span class='ocrx_word' id='word_1_346' title='bbox 560 1476 627 1502; x_wconf 81' lang='grc' dir='ltr'>Ἀλλ⁴</span> <span class='ocrx_word' id='word_1_347' title='bbox 642 1478 666 1503; x_wconf 79' lang='grc' dir='ltr'>εἰ</span> <span class='ocrx_word' id='word_1_348' title='bbox 677 1477 723 1503; x_wconf 82' lang='grc' dir='ltr'><strong>καί</strong></span> <span class='ocrx_word' id='word_1_349' title='bbox 738 1486 802 1504; x_wconf 87' lang='grc' dir='ltr'>ποτε</span> <span class='ocrx_word' id='word_1_350' title='bbox 815 1487 890 1514; x_wconf 84' lang='grc' dir='ltr'>περι-</span> 
     </span>
    </p>
   </div>
   <div class='ocr_carea' id='block_1_47' title="bbox 102 1521 887 1559">
    <p class='ocr_par' dir='ltr' id='par_1_47' title="bbox 102 1521 887 1559">
     <span class='ocr_line' id='line_1_47' title="bbox 102 1521 887 1559; baseline 0.006 -13"><span class='ocrx_word' id='word_1_351' title='bbox 102 1521 194 1556; x_wconf 79' lang='grc' dir='ltr'>τύχοις</span> <span class='ocrx_word' id='word_1_352' title='bbox 215 1522 271 1547; x_wconf 71' lang='grc' dir='ltr'>τισὶ</span> <span class='ocrx_word' id='word_1_353' title='bbox 291 1521 344 1547; x_wconf 83' lang='grc' dir='ltr'>τῶν</span> <span class='ocrx_word' id='word_1_354' title='bbox 365 1522 418 1548; x_wconf 73' lang='grc' dir='ltr'><strong>ἀπὸ</strong></span> <span class='ocrx_word' id='word_1_355' title='bbox 440 1522 489 1557; x_wconf 78' lang='grc' dir='ltr'>τῆς</span> <span class='ocrx_word' id='word_1_356' title='bbox 509 1522 640 1556; x_wconf 77' lang='grc' dir='ltr'>ὀφιώδους</span> <span class='ocrx_word' id='word_1_357' title='bbox 652 1523 754 1558; x_wconf 78' lang='grc' dir='ltr'>ταύτης</span> <span class='ocrx_word' id='word_1_358' title='bbox 780 1524 887 1559; x_wconf 78' lang='grc' dir='ltr'>σχολῆς,</span> 
     </span>
    </p>
   </div>
   <div class='ocr_carea' id='block_1_48' title="bbox 943 933 1731 968">
    <p class='ocr_par' dir='ltr' id='par_1_48' title="bbox 943 933 1731 968">
     <span class='ocr_line' id='line_1_48' title="bbox 943 933 1731 968; baseline 0 -7"><span class='ocrx_word' id='word_1_359' title='bbox 943 937 1048 961; x_wconf 78' lang='lat' dir='ltr'><strong>avertat</strong></span> <span class='ocrx_word' id='word_1_360' title='bbox 1059 934 1110 961; x_wconf 85' lang='lat' dir='ltr'><strong>hoc</strong></span> <span class='ocrx_word' id='word_1_361' title='bbox 1123 941 1138 960; x_wconf 89' lang='lat' dir='ltr'><strong>a</strong></span> <span class='ocrx_word' id='word_1_362' title='bbox 1151 934 1229 961; x_wconf 89' lang='lat' dir='ltr'><strong>nobis</strong></span> <span class='ocrx_word' id='word_1_363' title='bbox 1241 934 1312 961; x_wconf 88' lang='lat' dir='ltr'><strong>Deus</strong></span> <span class='ocrx_word' id='word_1_364' title='bbox 1325 935 1332 961; x_wconf 89' lang='lat' dir='ltr'><strong>l</strong></span> <span class='ocrx_word' id='word_1_365' title='bbox 1350 934 1396 961; x_wconf 90' lang='lat' dir='ltr'><strong>sed</strong></span> <span class='ocrx_word' id='word_1_366' title='bbox 1412 942 1444 961; x_wconf 80' lang='lat' dir='ltr'><strong>ex</strong></span> <span class='ocrx_word' id='word_1_367' title='bbox 1459 942 1492 961; x_wconf 87' lang='lat' dir='ltr'><strong>eo</strong></span> <span class='ocrx_word' id='word_1_368' title='bbox 1502 933 1574 968; x_wconf 88' lang='lat' dir='ltr'><strong>quod</strong></span> <span class='ocrx_word' id='word_1_369' title='bbox 1590 934 1623 960; x_wconf 90' lang='lat' dir='ltr'><strong>ab</strong></span> <span class='ocrx_word' id='word_1_370' title='bbox 1638 934 1671 961; x_wconf 92' lang='lat' dir='ltr'><strong>iis</strong></span> <span class='ocrx_word' id='word_1_371' title='bbox 1684 938 1731 961; x_wconf 81' lang='lat' dir='ltr'><strong>ac-</strong></span> 
     </span>
    </p>
   </div>
   <div class='ocr_carea' id='block_1_49' title="bbox 943 979 1728 1015">
    <p class='ocr_par' dir='ltr' id='par_1_49' title="bbox 943 979 1728 1015">
     <span class='ocr_line' id='line_1_49' title="bbox 943 979 1728 1015; baseline 0.001 -10"><span class='ocrx_word' id='word_1_372' title='bbox 943 985 1038 1006; x_wconf 83' lang='lat' dir='ltr'><strong>curate</strong></span> <span class='ocrx_word' id='word_1_373' title='bbox 1054 979 1213 1010; x_wconf 77' lang='lat' dir='ltr'><strong>didicimus,</strong></span> <span class='ocrx_word' id='word_1_374' title='bbox 1233 981 1279 1015; x_wconf 87' lang='lat' dir='ltr'><strong>qui</strong></span> <span class='ocrx_word' id='word_1_375' title='bbox 1296 980 1368 1006; x_wconf 85' lang='lat' dir='ltr'><strong>illam</strong></span> <span class='ocrx_word' id='word_1_376' title='bbox 1387 980 1467 1007; x_wconf 88' lang='lat' dir='ltr'><strong>nobis</strong></span> <span class='ocrx_word' id='word_1_377' title='bbox 1487 979 1652 1014; x_wconf 85' lang='lat' dir='ltr'><strong>persuadere</strong></span> <span class='ocrx_word' id='word_1_378' title='bbox 1669 979 1728 1006; x_wconf 88' lang='lat' dir='ltr'><strong>fru-</strong></span> 
     </span>
    </p>
   </div>
   <div class='ocr_carea' id='block_1_50' title="bbox 943 1025 1727 1060">
    <p class='ocr_par' dir='ltr' id='par_1_50' title="bbox 943 1025 1727 1060">
     <span class='ocr_line' id='line_1_50' title="bbox 943 1025 1727 1060; baseline 0.003 -9"><span class='ocrx_word' id='word_1_379' title='bbox 943 1028 999 1052; x_wconf 85' lang='lat' dir='ltr'><strong>stra</strong></span> <span class='ocrx_word' id='word_1_380' title='bbox 1012 1026 1166 1053; x_wconf 85' lang='lat' dir='ltr'><strong>voluerunt.</strong></span> <span class='ocrx_word' id='word_1_381' title='bbox 1183 1030 1210 1051; x_wconf 87' lang='lat' dir='ltr'><strong>et</strong></span> <span class='ocrx_word' id='word_1_382' title='bbox 1226 1030 1384 1059; x_wconf 86' lang='lat' dir='ltr'><strong>conceptam</strong></span> <span class='ocrx_word' id='word_1_383' title='bbox 1404 1025 1437 1052; x_wconf 91' lang='lat' dir='ltr'><strong>de</strong></span> <span class='ocrx_word' id='word_1_384' title='bbox 1451 1031 1544 1053; x_wconf 87' lang='lat' dir='ltr'><strong>nostro</strong></span> <span class='ocrx_word' id='word_1_385' title='bbox 1556 1026 1639 1053; x_wconf 78' lang='lat' dir='ltr'><strong>exitio</strong></span> <span class='ocrx_word' id='word_1_386' title='bbox 1653 1033 1727 1060; x_wconf 82' lang='lat' dir='ltr'><strong>spem</strong></span> 
     </span>
    </p>
   </div>
   <div class='ocr_carea' id='block_1_51' title="bbox 943 1070 1728 1106">
    <p class='ocr_par' dir='ltr' id='par_1_51' title="bbox 943 1070 1728 1106">
     <span class='ocr_line' id='line_1_51' title="bbox 943 1070 1728 1106; baseline 0.001 -9"><span class='ocrx_word' id='word_1_387' title='bbox 943 1071 1053 1106; x_wconf 87' lang='lat' dir='ltr'><strong>penitus</strong></span> <span class='ocrx_word' id='word_1_388' title='bbox 1064 1071 1237 1105; x_wconf 85' lang='lat' dir='ltr'><strong>abjecerunt:</strong></span> <span class='ocrx_word' id='word_1_389' title='bbox 1259 1079 1320 1098; x_wconf 90' lang='lat' dir='ltr'><strong>cum</strong></span> <span class='ocrx_word' id='word_1_390' title='bbox 1338 1071 1443 1098; x_wconf 73' lang='lat' dir='ltr'><strong>insidia:</strong></span> <span class='ocrx_word' id='word_1_391' title='bbox 1456 1077 1551 1098; x_wconf 78' lang='lat' dir='ltr'><strong>omnes</strong></span> <span class='ocrx_word' id='word_1_392' title='bbox 1565 1078 1596 1098; x_wconf 87' lang='lat' dir='ltr'><strong>ac</strong></span> <span class='ocrx_word' id='word_1_393' title='bbox 1607 1070 1728 1102; x_wconf 79' lang='lat' dir='ltr'><strong>fraudes,</strong></span> 
     </span>
    </p>
   </div>
   <div class='ocr_carea' id='block_1_52' title="bbox 943 1116 1728 1152">
    <p class='ocr_par' dir='ltr' id='par_1_52' title="bbox 943 1116 1728 1152">
     <span class='ocr_line' id='line_1_52' title="bbox 943 1116 1728 1152; baseline -0.001 -8"><span class='ocrx_word' id='word_1_394' title='bbox 943 1125 1012 1150; x_wconf 86' lang='lat' dir='ltr'><strong>quas</strong></span> <span class='ocrx_word' id='word_1_395' title='bbox 1025 1116 1058 1143; x_wconf 87' lang='lat' dir='ltr'><strong>ad</strong></span> <span class='ocrx_word' id='word_1_396' title='bbox 1071 1116 1190 1144; x_wconf 78' lang='lat' dir='ltr'><strong>infelicis</strong></span> <span class='ocrx_word' id='word_1_397' title='bbox 1207 1116 1304 1143; x_wconf 68' lang='lat' dir='ltr'><strong>anima:</strong></span> <span class='ocrx_word' id='word_1_398' title='bbox 1321 1120 1421 1144; x_wconf 75' lang='lat' dir='ltr'><strong>nostra:</strong></span> <span class='ocrx_word' id='word_1_399' title='bbox 1433 1117 1580 1151; x_wconf 87' lang='lat' dir='ltr'><strong>perniciem</strong></span> <span class='ocrx_word' id='word_1_400' title='bbox 1597 1122 1651 1144; x_wconf 87' lang='lat' dir='ltr'><strong>tam</strong></span> <span class='ocrx_word' id='word_1_401' title='bbox 1665 1117 1728 1152; x_wconf 76' lang='lat' dir='ltr'><strong>ipsi,</strong></span> 
     </span>
    </p>
   </div>
   <div class='ocr_carea' id='block_1_53' title="bbox 943 1163 1728 1198">
    <p class='ocr_par' dir='ltr' id='par_1_53' title="bbox 943 1163 1728 1198">
     <span class='ocr_line' id='line_1_53' title="bbox 943 1163 1728 1198; baseline -0.004 -8"><span class='ocrx_word' id='word_1_402' title='bbox 943 1172 1023 1198; x_wconf 86' lang='lat' dir='ltr'><strong>quam</strong></span> <span class='ocrx_word' id='word_1_403' title='bbox 1035 1164 1080 1198; x_wconf 92' lang='lat' dir='ltr'><strong>qui</strong></span> <span class='ocrx_word' id='word_1_404' title='bbox 1096 1164 1122 1190; x_wconf 91' lang='lat' dir='ltr'><strong>in</strong></span> <span class='ocrx_word' id='word_1_405' title='bbox 1137 1163 1192 1190; x_wconf 87' lang='lat' dir='ltr'><strong>illis</strong></span> <span class='ocrx_word' id='word_1_406' title='bbox 1212 1164 1282 1190; x_wconf 84' lang='lat' dir='ltr'><strong>inest</strong></span> <span class='ocrx_word' id='word_1_407' title='bbox 1296 1163 1420 1190; x_wconf 79' lang='lat' dir='ltr'><strong>diabolus</strong></span> <span class='ocrx_word' id='word_1_408' title='bbox 1436 1163 1586 1190; x_wconf 88' lang='lat' dir='ltr'><strong>machinati</strong></span> <span class='ocrx_word' id='word_1_409' title='bbox 1609 1163 1728 1196; x_wconf 75' lang='lat' dir='ltr'><strong>fuerant,</strong></span> 
     </span>
    </p>
   </div>
   <div class='ocr_carea' id='block_1_54' title="bbox 943 1207 1731 1243">
    <p class='ocr_par' dir='ltr' id='par_1_54' title="bbox 943 1207 1731 1243">
     <span class='ocr_line' id='line_1_54' title="bbox 943 1207 1731 1243; baseline 0.001 -8"><span class='ocrx_word' id='word_1_410' title='bbox 943 1209 1029 1236; x_wconf 66' lang='lat' dir='ltr'><strong>irritae</strong></span> <span class='ocrx_word' id='word_1_411' title='bbox 1048 1212 1130 1243; x_wconf 84' lang='lat' dir='ltr'><strong>atque</strong></span> <span class='ocrx_word' id='word_1_412' title='bbox 1154 1209 1250 1235; x_wconf 86' lang='lat' dir='ltr'><strong>inanes</strong></span> <span class='ocrx_word' id='word_1_413' title='bbox 1273 1208 1454 1238; x_wconf 80' lang='lat' dir='ltr'><strong>exstitissent.</strong></span> <span class='ocrx_word' id='word_1_414' title='bbox 1474 1212 1504 1234; x_wconf 95' lang='lat' dir='ltr'><strong>ut</strong></span> <span class='ocrx_word' id='word_1_415' title='bbox 1522 1207 1574 1234; x_wconf 90' lang='lat' dir='ltr'><strong>hoc</strong></span> <span class='ocrx_word' id='word_1_416' title='bbox 1594 1215 1609 1234; x_wconf 91' lang='lat' dir='ltr'><strong>a</strong></span> <span class='ocrx_word' id='word_1_417' title='bbox 1630 1207 1731 1236; x_wconf 80' lang='lat' dir='ltr'><strong>Davide</strong></span> 
     </span>
    </p>
   </div>
   <div class='ocr_carea' id='block_1_55' title="bbox 943 1253 1725 1287">
    <p class='ocr_par' dir='ltr' id='par_1_55' title="bbox 943 1253 1725 1287">
     <span class='ocr_line' id='line_1_55' title="bbox 943 1253 1725 1287; baseline -0.001 -7"><span class='ocrx_word' id='word_1_418' title='bbox 943 1253 1045 1280; x_wconf 89' lang='lat' dir='ltr'><strong>dictum</strong></span> <span class='ocrx_word' id='word_1_419' title='bbox 1061 1253 1345 1280; x_wconf 82' lang='lat' dir='ltr'><strong>aecnmmodatissime</strong></span> <span class='ocrx_word' id='word_1_420' title='bbox 1358 1260 1492 1287; x_wconf 90' lang='lat' dir='ltr'><strong>usurpare</strong></span> <span class='ocrx_word' id='word_1_421' title='bbox 1506 1253 1643 1287; x_wconf 87' lang='lat' dir='ltr'><strong>possimus</strong></span> <span class='ocrx_word' id='word_1_422' title='bbox 1657 1261 1663 1279; x_wconf 90' lang='lat'><strong>:</strong></span> <span class='ocrx_word' id='word_1_423' title='bbox 1677 1253 1725 1279; x_wconf 79' lang='lat' dir='ltr'><strong>Sa~</strong></span> 
     </span>
    </p>
   </div>
   <div class='ocr_carea' id='block_1_56' title="bbox 942 1298 1729 1334">
    <p class='ocr_par' dir='ltr' id='par_1_56' title="bbox 942 1298 1729 1334">
     <span class='ocr_line' id='line_1_56' title="bbox 942 1298 1729 1334; baseline 0 -9"><span class='ocrx_word' id='word_1_424' title='bbox 942 1300 1014 1334; x_wconf 76' lang='lat' dir='ltr'><strong>gitlm</strong></span> <span class='ocrx_word' id='word_1_425' title='bbox 1022 1299 1191 1334; x_wconf 66' lang='lat' dir='ltr'><strong>parvulorum</strong></span> <span class='ocrx_word' id='word_1_426' title='bbox 1203 1299 1281 1332; x_wconf 71' lang='lat' dir='ltr'><strong>facite</strong></span> <span class='ocrx_word' id='word_1_427' title='bbox 1292 1303 1352 1325; x_wconf 76' lang='lat' dir='ltr'><strong>sunt</strong></span> <span class='ocrx_word' id='word_1_428' title='bbox 1364 1299 1449 1333; x_wconf 63' lang='lat' dir='ltr'><strong>plaga</strong></span> <span class='ocrx_word' id='word_1_429' title='bbox 1461 1307 1551 1326; x_wconf 82' lang='lat' dir='ltr'><strong>eorum</strong></span> <span class='ocrx_word' id='word_1_430' title='bbox 1561 1299 1582 1330; x_wconf 84' lang='grc'>³,</span> <span class='ocrx_word' id='word_1_431' title='bbox 1593 1302 1647 1326; x_wconf 85' lang='lat' dir='ltr'><strong>etc.</strong></span> <span class='ocrx_word' id='word_1_432' title='bbox 1660 1298 1729 1325; x_wconf 88' lang='lat' dir='ltr'><strong>Tum</strong></span> 
     </span>
    </p>
   </div>
   <div class='ocr_carea' id='block_1_57' title="bbox 943 1344 1729 1378">
    <p class='ocr_par' dir='ltr' id='par_1_57' title="bbox 943 1344 1729 1378">
     <span class='ocr_line' id='line_1_57' title="bbox 943 1344 1729 1378; baseline -0.004 -5"><span class='ocrx_word' id='word_1_433' title='bbox 943 1345 1030 1373; x_wconf 85' lang='lat' dir='ltr'><strong>illud:</strong></span> <span class='ocrx_word' id='word_1_434' title='bbox 1057 1344 1227 1372; x_wconf 73' lang='lat' dir='ltr'><strong>Conrertetur</strong></span> <span class='ocrx_word' id='word_1_435' title='bbox 1251 1344 1327 1370; x_wconf 86' lang='lat' dir='ltr'><strong>labor</strong></span> <span class='ocrx_word' id='word_1_436' title='bbox 1347 1351 1437 1370; x_wconf 85' lang='lat' dir='ltr'><strong>eorum</strong></span> <span class='ocrx_word' id='word_1_437' title='bbox 1454 1344 1482 1370; x_wconf 84' lang='lat' dir='ltr'><strong>in</strong></span> <span class='ocrx_word' id='word_1_438' title='bbox 1501 1349 1579 1378; x_wconf 83' lang='lat' dir='ltr'><strong>caput</strong></span> <span class='ocrx_word' id='word_1_439' title='bbox 1601 1345 1729 1378; x_wconf 79' lang='lat' dir='ltr'><strong>ipsarum,</strong></span> 
     </span>
    </p>
   </div>
   <div class='ocr_carea' id='block_1_58' title="bbox 945 1390 1731 1427">
    <p class='ocr_par' dir='ltr' id='par_1_58' title="bbox 945 1390 1731 1427">
     <span class='ocr_line' id='line_1_58' title="bbox 945 1390 1731 1427; baseline 0.001 -10"><span class='ocrx_word' id='word_1_440' title='bbox 945 1393 1021 1427; x_wconf 80' lang='lat'><strong>101</strong></span> <span class='ocrx_word' id='word_1_441' title='bbox 1038 1396 1063 1418; x_wconf 84' lang='lat' dir='ltr'><strong>et</strong></span> <span class='ocrx_word' id='word_1_442' title='bbox 1079 1391 1206 1426; x_wconf 73' lang='lat' dir='ltr'><strong>iniquitas</strong></span> <span class='ocrx_word' id='word_1_443' title='bbox 1220 1399 1309 1417; x_wconf 87' lang='lat' dir='ltr'><strong>eorum</strong></span> <span class='ocrx_word' id='word_1_444' title='bbox 1325 1391 1352 1416; x_wconf 88' lang='lat' dir='ltr'><strong>in</strong></span> <span class='ocrx_word' id='word_1_445' title='bbox 1363 1391 1482 1417; x_wconf 72' lang='lat' dir='ltr'><strong>verticem</strong></span> <span class='ocrx_word' id='word_1_446' title='bbox 1497 1391 1612 1424; x_wconf 82' lang='lat' dir='ltr'><strong>ipsorum</strong></span> <span class='ocrx_word' id='word_1_447' title='bbox 1625 1390 1731 1418; x_wconf 68' lang='lat' dir='ltr'><strong>descen—</strong></span> 
     </span>
    </p>
   </div>
   <div class='ocr_carea' id='block_1_59' title="bbox 942 1435 1730 1471">
    <p class='ocr_par' dir='ltr' id='par_1_59' title="bbox 942 1435 1730 1471">
     <span class='ocr_line' id='line_1_59' title="bbox 942 1435 1730 1471; baseline -0.003 -7"><span class='ocrx_word' id='word_1_448' title='bbox 942 1437 987 1464; x_wconf 83' lang='lat' dir='ltr'><strong>det</strong></span> <span class='ocrx_word' id='word_1_449' title='bbox 998 1437 1019 1463; x_wconf 68' lang='grc'><strong>⁵.</strong></span> <span class='ocrx_word' id='word_1_450' title='bbox 1035 1436 1119 1471; x_wconf 85' lang='lat' dir='ltr'><strong>Igitur</strong></span> <span class='ocrx_word' id='word_1_451' title='bbox 1130 1435 1359 1470; x_wconf 82' lang='lat' dir='ltr'><strong>quemadmodum</strong></span> <span class='ocrx_word' id='word_1_452' title='bbox 1373 1436 1413 1463; x_wconf 92' lang='lat' dir='ltr'><strong>sic</strong></span> <span class='ocrx_word' id='word_1_453' title='bbox 1428 1443 1478 1462; x_wconf 92' lang='lat' dir='ltr'><strong>nos</strong></span> <span class='ocrx_word' id='word_1_454' title='bbox 1492 1436 1519 1462; x_wconf 95' lang='lat' dir='ltr'><strong>in</strong></span> <span class='ocrx_word' id='word_1_455' title='bbox 1534 1436 1642 1466; x_wconf 77' lang='lat' dir='ltr'><strong>illorum</strong></span> <span class='ocrx_word' id='word_1_456' title='bbox 1653 1443 1730 1463; x_wconf 88' lang='lat' dir='ltr'><strong>erro-</strong></span> 
     </span>
    </p>
   </div>
   <div class='ocr_carea' id='block_1_60' title="bbox 943 1479 1732 1514">
    <p class='ocr_par' dir='ltr' id='par_1_60' title="bbox 943 1479 1732 1514">
     <span class='ocr_line' id='line_1_60' title="bbox 943 1479 1732 1514; baseline -0.001 -7"><span class='ocrx_word' id='word_1_457' title='bbox 943 1488 999 1508; x_wconf 86' lang='lat' dir='ltr'><strong>rem</strong></span> <span class='ocrx_word' id='word_1_458' title='bbox 1014 1480 1192 1510; x_wconf 80' lang='lat' dir='ltr'><strong>incurrimus,</strong></span> <span class='ocrx_word' id='word_1_459' title='bbox 1210 1485 1238 1506; x_wconf 91' lang='lat' dir='ltr'><strong>ut</strong></span> <span class='ocrx_word' id='word_1_460' title='bbox 1250 1480 1324 1506; x_wconf 94' lang='lat' dir='ltr'><strong>illius</strong></span> <span class='ocrx_word' id='word_1_461' title='bbox 1341 1487 1439 1506; x_wconf 85' lang='lat' dir='ltr'><strong>noxam</strong></span> <span class='ocrx_word' id='word_1_462' title='bbox 1450 1479 1644 1514; x_wconf 72' lang='lat' dir='ltr'><strong>ell‘ugeremus,</strong></span> <span class='ocrx_word' id='word_1_463' title='bbox 1657 1487 1732 1508; x_wconf 90' lang='lat' dir='ltr'><strong>eum-</strong></span> 
     </span>
    </p>
   </div>
   <div class='ocr_carea' id='block_1_61' title="bbox 942 1524 1728 1560">
    <p class='ocr_par' dir='ltr' id='par_1_61' title="bbox 942 1524 1728 1560">
     <span class='ocr_line' id='line_1_61' title="bbox 942 1524 1728 1560; baseline -0.003 -7"><span class='ocrx_word' id='word_1_464' title='bbox 942 1533 996 1560; x_wconf 72' lang='lat' dir='ltr'><strong>que</strong></span> <span class='ocrx_word' id='word_1_465' title='bbox 1014 1525 1179 1558; x_wconf 84' lang='lat' dir='ltr'><strong>simulatque</strong></span> <span class='ocrx_word' id='word_1_466' title='bbox 1190 1524 1304 1559; x_wconf 79' lang='lat' dir='ltr'><strong>legimus</strong></span> <span class='ocrx_word' id='word_1_467' title='bbox 1320 1532 1352 1551; x_wconf 86' lang='lat' dir='ltr'><strong>ac</strong></span> <span class='ocrx_word' id='word_1_468' title='bbox 1367 1524 1545 1558; x_wconf 86' lang='lat' dir='ltr'><strong>cognovimus</strong></span> <span class='ocrx_word' id='word_1_469' title='bbox 1556 1524 1728 1556; x_wconf 84' lang='lat' dir='ltr'><strong>damnantes.</strong></span> 
     </span>
    </p>
   </div>
   <div class='ocr_carea' id='block_1_62' title="bbox 102 1567 889 1606">
    <p class='ocr_par' dir='ltr' id='par_1_62' title="bbox 102 1567 889 1604">
     <span class='ocr_line' id='line_1_62' title="bbox 102 1567 889 1604; baseline 0.004 -11"><span class='ocrx_word' id='word_1_470' title='bbox 102 1567 184 1599; x_wconf 74' lang='grc' dir='ltr'>εὐθὺς</span> <span class='ocrx_word' id='word_1_471' title='bbox 197 1567 227 1593; x_wconf 85' lang='grc' dir='ltr'>τὸ</span> <span class='ocrx_word' id='word_1_472' title='bbox 242 1567 319 1600; x_wconf 80' lang='grc' dir='ltr'>ξύλον</span> <span class='ocrx_word' id='word_1_473' title='bbox 329 1567 470 1594; x_wconf 71' lang='grc' dir='ltr'>ἀναλαϐὼν</span> <span class='ocrx_word' id='word_1_474' title='bbox 481 1568 509 1594; x_wconf 86' lang='grc' dir='ltr'><strong>τὺ</strong></span> <span class='ocrx_word' id='word_1_475' title='bbox 519 1567 563 1594; x_wconf 82' lang='grc' dir='ltr'><strong>διὰ</strong></span> <span class='ocrx_word' id='word_1_476' title='bbox 571 1567 617 1594; x_wconf 83' lang='grc' dir='ltr'><strong>τοῦ</strong></span> <span class='ocrx_word' id='word_1_477' title='bbox 633 1569 736 1603; x_wconf 73' lang='grc' dir='ltr'>Κυρίου</span> <span class='ocrx_word' id='word_1_478' title='bbox 744 1570 809 1604; x_wconf 83' lang='grc' dir='ltr'>ἡμῖν</span> <span class='ocrx_word' id='word_1_479' title='bbox 820 1570 889 1596; x_wconf 71' lang='grc' dir='ltr'>ἐτοι-</span> 
     </span>
    </p>
   </div>
   <div class='ocr_carea' id='block_1_63' title="bbox 943 1567 1730 1606">
    <p class='ocr_par' dir='ltr' id='par_1_63' title="bbox 943 1570 1730 1606">
     <span class='ocr_line' id='line_1_63' title="bbox 943 1570 1730 1606; baseline -0.003 -8"><span class='ocrx_word' id='word_1_480' title='bbox 943 1572 1010 1598; x_wconf 86' lang='lat' dir='ltr'><strong>salvi</strong></span> <span class='ocrx_word' id='word_1_481' title='bbox 1029 1575 1111 1606; x_wconf 85' lang='lat' dir='ltr'><strong>atque</strong></span> <span class='ocrx_word' id='word_1_482' title='bbox 1134 1571 1286 1598; x_wconf 86' lang='lat' dir='ltr'><strong>incolumes</strong></span> <span class='ocrx_word' id='word_1_483' title='bbox 1308 1571 1494 1606; x_wconf 64' lang='lat' dir='ltr'><strong>prtetergressi</strong></span> <span class='ocrx_word' id='word_1_484' title='bbox 1514 1577 1626 1603; x_wconf 84' lang='lat' dir='ltr'><strong>sumus;</strong></span> <span class='ocrx_word' id='word_1_485' title='bbox 1650 1570 1687 1597; x_wconf 88' lang='lat' dir='ltr'><strong>ita</strong></span> <span class='ocrx_word' id='word_1_486' title='bbox 1703 1574 1730 1597; x_wconf 86' lang='lat' dir='ltr'><strong>te</strong></span> 
     </span>
    </p>
   </div>
   <div class='ocr_carea' id='block_1_64' title="bbox 105 1610 888 1650">
    <p class='ocr_par' dir='ltr' id='par_1_64' title="bbox 105 1610 888 1650">
     <span class='ocr_line' id='line_1_64' title="bbox 105 1610 888 1650; baseline 0.003 -11"><span class='ocrx_word' id='word_1_487' title='bbox 105 1613 216 1648; x_wconf 81' lang='grc' dir='ltr'>μασθέν,</span> <span class='ocrx_word' id='word_1_488' title='bbox 228 1614 256 1639; x_wconf 81' lang='grc' dir='ltr'>ἐν</span> <span class='ocrx_word' id='word_1_489' title='bbox 266 1610 288 1646; x_wconf 85' lang='grc' dir='ltr'>ᾧ</span> <span class='ocrx_word' id='word_1_490' title='bbox 298 1614 311 1638; x_wconf 87' lang='grc' dir='ltr'><strong>ό</strong></span> <span class='ocrx_word' id='word_1_491' title='bbox 320 1613 420 1648; x_wconf 81' lang='grc' dir='ltr'>Κύριος</span> <span class='ocrx_word' id='word_1_492' title='bbox 428 1613 506 1648; x_wconf 82' lang='grc' dir='ltr'>ἡμῶν</span> <span class='ocrx_word' id='word_1_493' title='bbox 517 1613 676 1649; x_wconf 73' lang='grc' dir='ltr'>προσεπάγη</span> <span class='ocrx_word' id='word_1_494' title='bbox 686 1615 812 1650; x_wconf 70' lang='grc' dir='ltr'>Χριστὸς,</span> <span class='ocrx_word' id='word_1_495' title='bbox 819 1615 888 1641; x_wconf 77' lang='grc' dir='ltr'>κατὰ</span> 
     </span>
    </p>
   </div>
   <div class='ocr_carea' id='block_1_65' title="bbox 102 1657 889 1696">
    <p class='ocr_par' dir='ltr' id='par_1_65' title="bbox 102 1657 889 1696">
     <span class='ocr_line' id='line_1_65' title="bbox 102 1657 889 1696; baseline 0.004 -12"><span class='ocrx_word' id='word_1_496' title='bbox 102 1659 152 1693; x_wconf 79' lang='grc' dir='ltr'>τῆς</span> <span class='ocrx_word' id='word_1_497' title='bbox 167 1658 286 1694; x_wconf 76' lang='grc' dir='ltr'>κεφαλῆς</span> <span class='ocrx_word' id='word_1_498' title='bbox 297 1657 343 1685; x_wconf 80' lang='grc' dir='ltr'><strong>τοῦ</strong></span> <span class='ocrx_word' id='word_1_499' title='bbox 358 1659 455 1693; x_wconf 69' lang='grc' dir='ltr'>ὄφεως,</span> <span class='ocrx_word' id='word_1_500' title='bbox 467 1659 547 1690; x_wconf 78' lang='grc' dir='ltr'>εὐθὺς</span> <span class='ocrx_word' id='word_1_501' title='bbox 561 1658 651 1685; x_wconf 74' lang='grc' dir='ltr'>λαόὼν</span> <span class='ocrx_word' id='word_1_502' title='bbox 661 1659 758 1691; x_wconf 81' lang='grc' dir='ltr'>εἴποις,</span> <span class='ocrx_word' id='word_1_503' title='bbox 774 1661 813 1687; x_wconf 85' lang='grc' dir='ltr'>ὅτι</span> <span class='ocrx_word' id='word_1_504' title='bbox 826 1661 889 1696; x_wconf 84' lang='grc' dir='ltr'>Χρι-</span> 
     </span>
    </p>
   </div>
   <div class='ocr_carea' id='block_1_66' title="bbox 104 1705 889 1741">
    <p class='ocr_par' dir='ltr' id='par_1_66' title="bbox 104 1705 889 1741">
     <span class='ocr_line' id='line_1_66' title="bbox 104 1705 889 1741; baseline 0.003 -11"><span class='ocrx_word' id='word_1_505' title='bbox 104 1705 164 1735; x_wconf 76' lang='grc' dir='ltr'>στὸς</span> <span class='ocrx_word' id='word_1_506' title='bbox 178 1705 346 1740; x_wconf 81' lang='grc' dir='ltr'>ἐσταύρωται</span> <span class='ocrx_word' id='word_1_507' title='bbox 359 1705 429 1740; x_wconf 79' lang='grc' dir='ltr'>ὑπὲρ</span> <span class='ocrx_word' id='word_1_508' title='bbox 443 1705 532 1740; x_wconf 81' lang='grc' dir='ltr'>ἡμῶν,</span> <span class='ocrx_word' id='word_1_509' title='bbox 550 1705 731 1740; x_wconf 81' lang='grc' dir='ltr'>ὑπογραμμὸν</span> <span class='ocrx_word' id='word_1_510' title='bbox 748 1707 814 1741; x_wconf 78' lang='grc' dir='ltr'>ἡμῖν</span> <span class='ocrx_word' id='word_1_511' title='bbox 825 1707 889 1733; x_wconf 77' lang='grc' dir='ltr'>ὑπο-</span> 
     </span>
    </p>
   </div>
   <div class='ocr_carea' id='block_1_67' title="bbox 103 1751 888 1788">
    <p class='ocr_par' dir='ltr' id='par_1_67' title="bbox 103 1751 888 1788">
     <span class='ocr_line' id='line_1_67' title="bbox 103 1751 888 1788; baseline 0.003 -12"><span class='ocrx_word' id='word_1_512' title='bbox 103 1751 244 1785; x_wconf 75' lang='grc' dir='ltr'>λιμπάνων</span> <span class='ocrx_word' id='word_1_513' title='bbox 262 1751 409 1786; x_wconf 77' lang='grc' dir='ltr'>σωτηρίας,</span> <span class='ocrx_word' id='word_1_514' title='bbox 431 1751 472 1777; x_wconf 86' lang='grc' dir='ltr'>ὅτι</span> <span class='ocrx_word' id='word_1_515' title='bbox 493 1751 543 1777; x_wconf 82' lang='grc' dir='ltr'><strong>οὐκ</strong></span> <span class='ocrx_word' id='word_1_516' title='bbox 564 1751 598 1777; x_wconf 80' lang='grc' dir='ltr'>ἂν</span> <span class='ocrx_word' id='word_1_517' title='bbox 615 1751 788 1786; x_wconf 73' lang='grc' dir='ltr'>ἐπαυροῦτο,</span> <span class='ocrx_word' id='word_1_518' title='bbox 814 1754 838 1778; x_wconf 70' lang='grc' dir='ltr'>εἰ</span> <span class='ocrx_word' id='word_1_519' title='bbox 851 1753 888 1788; x_wconf 81' lang='grc' dir='ltr'>μὴ</span> 
     </span>
    </p>
   </div>
   <div class='ocr_carea' id='block_1_68' title="bbox 105 1796 889 1833">
    <p class='ocr_par' dir='ltr' id='par_1_68' title="bbox 105 1796 889 1833">
     <span class='ocr_line' id='line_1_68' title="bbox 105 1796 889 1833; baseline 0.003 -11"><span class='ocrx_word' id='word_1_520' title='bbox 105 1797 192 1832; x_wconf 70' lang='grc' dir='ltr'>σὰρκα</span> <span class='ocrx_word' id='word_1_521' title='bbox 206 1796 273 1831; x_wconf 78' lang='grc' dir='ltr'>εἶχε.</span> <span class='ocrx_word' id='word_1_522' title='bbox 292 1797 384 1832; x_wconf 82' lang='grc' dir='ltr'>Σάρκα</span> <span class='ocrx_word' id='word_1_523' title='bbox 398 1797 427 1823; x_wconf 82' lang='grc' dir='ltr'><strong>δὲ</strong></span> <span class='ocrx_word' id='word_1_524' title='bbox 442 1797 521 1831; x_wconf 76' lang='grc' dir='ltr'>ἔχων,</span> <span class='ocrx_word' id='word_1_525' title='bbox 538 1797 586 1824; x_wconf 81' lang='grc' dir='ltr'>καὶ</span> <span class='ocrx_word' id='word_1_526' title='bbox 602 1798 780 1833; x_wconf 71' lang='grc' dir='ltr'>σταυρωθεὶς,</span> <span class='ocrx_word' id='word_1_527' title='bbox 791 1799 889 1825; x_wconf 77' lang='grc' dir='ltr'>ἐσταύ-</span> 
     </span>
    </p>
   </div>
   <div class='ocr_carea' id='block_1_69' title="bbox 104 1843 888 1880">
    <p class='ocr_par' dir='ltr' id='par_1_69' title="bbox 104 1843 888 1880">
     <span class='ocr_line' id='line_1_69' title="bbox 104 1843 888 1880; baseline 0.003 -11"><span class='ocrx_word' id='word_1_528' title='bbox 104 1852 189 1878; x_wconf 76' lang='grc' dir='ltr'>ρωσεν</span> <span class='ocrx_word' id='word_1_529' title='bbox 204 1843 282 1878; x_wconf 79' lang='grc' dir='ltr'>ἡμῶν</span> <span class='ocrx_word' id='word_1_530' title='bbox 299 1843 348 1875; x_wconf 82' lang='grc' dir='ltr'>τὰς</span> <span class='ocrx_word' id='word_1_531' title='bbox 365 1843 512 1878; x_wconf 83' lang='grc' dir='ltr'>ἁμαρτίας.</span> <span class='ocrx_word' id='word_1_532' title='bbox 538 1843 633 1869; x_wconf 82' lang='grc' dir='ltr'>Πίστει</span> <span class='ocrx_word' id='word_1_533' title='bbox 646 1844 742 1879; x_wconf 78' lang='grc' dir='ltr'>ἔχομαι</span> <span class='ocrx_word' id='word_1_534' title='bbox 756 1844 807 1878; x_wconf 77' lang='grc' dir='ltr'>τῆς</span> <span class='ocrx_word' id='word_1_535' title='bbox 821 1845 888 1880; x_wconf 85' lang='grc' dir='ltr'>ἁλη-</span> 
     </span>
    </p>
   </div>
   <div class='ocr_carea' id='block_1_70' title="bbox 104 1890 888 1926">
    <p class='ocr_par' dir='ltr' id='par_1_70' title="bbox 104 1890 888 1926">
     <span class='ocr_line' id='line_1_70' title="bbox 104 1890 888 1926; baseline 0.003 -10"><span class='ocrx_word' id='word_1_536' title='bbox 104 1890 186 1922; x_wconf 73' lang='grc' dir='ltr'>υείας,</span> <span class='ocrx_word' id='word_1_537' title='bbox 200 1890 246 1916; x_wconf 71' lang='grc' dir='ltr'><strong>καὶ</strong></span> <span class='ocrx_word' id='word_1_538' title='bbox 256 1891 304 1925; x_wconf 74' lang='grc' dir='ltr'><strong>οὐχ</strong></span> <span class='ocrx_word' id='word_1_539' title='bbox 315 1890 454 1924; x_wconf 84' lang='grc' dir='ltr'>ὑπάγομαι</span> <span class='ocrx_word' id='word_1_540' title='bbox 464 1890 552 1925; x_wconf 80' lang='grc' dir='ltr'>πλάνῃ</span> <span class='ocrx_word' id='word_1_541' title='bbox 566 1891 599 1925; x_wconf 80' lang='grc' dir='ltr'><strong>τῇ</strong></span> <span class='ocrx_word' id='word_1_542' title='bbox 611 1890 778 1925; x_wconf 70' lang='grc' dir='ltr'>νωθεία¹τοῦ</span> <span class='ocrx_word' id='word_1_543' title='bbox 791 1891 888 1926; x_wconf 68' lang='grc' dir='ltr'>ὄφεως,</span> 
     </span>
    </p>
   </div>
   <div class='ocr_carea' id='block_1_71' title="bbox 104 1935 746 1971">
    <p class='ocr_par' dir='ltr' id='par_1_71' title="bbox 104 1935 746 1971">
     <span class='ocr_line' id='line_1_71' title="bbox 104 1935 746 1971; baseline 0.002 -10"><span class='ocrx_word' id='word_1_544' title='bbox 104 1936 149 1961; x_wconf 72' lang='grc' dir='ltr'><strong>καὶ</strong></span> <span class='ocrx_word' id='word_1_545' title='bbox 164 1935 397 1971; x_wconf 65' lang='grc' dir='ltr'>παραψιθυρισμῷ</span> <span class='ocrx_word' id='word_1_546' title='bbox 408 1936 459 1970; x_wconf 83' lang='grc' dir='ltr'>τῆς</span> <span class='ocrx_word' id='word_1_547' title='bbox 471 1935 553 1961; x_wconf 75' lang='grc' dir='ltr'>αὑτοῦ</span> <span class='ocrx_word' id='word_1_548' title='bbox 564 1935 746 1967; x_wconf 82' lang='grc' dir='ltr'>διδασκαλίας.</span> 
     </span>
    </p>
   </div>
   <div class='ocr_carea' id='block_1_72' title="bbox 105 1985 906 2020">
    <p class='ocr_par' dir='ltr' id='par_1_72' title="bbox 105 1985 906 2020">
     <span class='ocr_line' id='line_1_72' title="bbox 105 1985 906 2020; baseline 0.001 -8"><span class='ocrx_word' id='word_1_549' title='bbox 105 1987 216 2012; x_wconf 80' lang='lat' dir='ltr'><strong>formam</strong></span> <span class='ocrx_word' id='word_1_550' title='bbox 257 1991 357 2013; x_wconf 69' lang='lat' dir='ltr'><strong>nostra:</strong></span> <span class='ocrx_word' id='word_1_551' title='bbox 379 1985 477 2013; x_wconf 82' lang='lat' dir='ltr'><strong>salutis</strong></span> <span class='ocrx_word' id='word_1_552' title='bbox 503 1993 663 2020; x_wconf 80' lang='lat' dir='ltr'><strong>expressam</strong></span> <span class='ocrx_word' id='word_1_553' title='bbox 689 1993 720 2012; x_wconf 88' lang='lat' dir='ltr'><strong>ac</strong></span> <span class='ocrx_word' id='word_1_554' title='bbox 742 1985 906 2013; x_wconf 77' lang='lat' dir='ltr'><strong>delineatam</strong></span> 
     </span>
    </p>
   </div>
   <div class='ocr_carea' id='block_1_73' title="bbox 941 1615 1731 1651">
    <p class='ocr_par' dir='ltr' id='par_1_73' title="bbox 941 1615 1731 1651">
     <span class='ocr_line' id='line_1_73' title="bbox 941 1615 1731 1651; baseline -0.003 -7"><span class='ocrx_word' id='word_1_555' title='bbox 941 1617 1069 1651; x_wconf 86' lang='lat' dir='ltr'><strong>quisquis</strong></span> <span class='ocrx_word' id='word_1_556' title='bbox 1086 1624 1117 1644; x_wconf 88' lang='lat' dir='ltr'><strong>es</strong></span> <span class='ocrx_word' id='word_1_557' title='bbox 1133 1616 1178 1650; x_wconf 90' lang='lat' dir='ltr'><strong>qui</strong></span> <span class='ocrx_word' id='word_1_558' title='bbox 1194 1617 1246 1643; x_wconf 86' lang='lat' dir='ltr'><strong>ista</strong></span> <span class='ocrx_word' id='word_1_559' title='bbox 1263 1617 1330 1651; x_wconf 87' lang='lat' dir='ltr'><strong>legis</strong></span> <span class='ocrx_word' id='word_1_560' title='bbox 1353 1616 1506 1648; x_wconf 85' lang='lat' dir='ltr'><strong>hortamur,</strong></span> <span class='ocrx_word' id='word_1_561' title='bbox 1528 1619 1557 1642; x_wconf 88' lang='lat' dir='ltr'><strong>ut</strong></span> <span class='ocrx_word' id='word_1_562' title='bbox 1574 1615 1643 1643; x_wconf 89' lang='lat' dir='ltr'><strong>lecta</strong></span> <span class='ocrx_word' id='word_1_563' title='bbox 1658 1616 1731 1650; x_wconf 91' lang='lat' dir='ltr'><strong>pari-</strong></span> 
     </span>
    </p>
   </div>
   <div class='ocr_carea' id='block_1_74' title="bbox 941 1661 1729 1696">
    <p class='ocr_par' dir='ltr' id='par_1_74' title="bbox 941 1661 1729 1696">
     <span class='ocr_line' id='line_1_74' title="bbox 941 1661 1729 1696; baseline -0.001 -7"><span class='ocrx_word' id='word_1_564' title='bbox 941 1667 983 1690; x_wconf 89' lang='lat' dir='ltr'><strong>tcr</strong></span> <span class='ocrx_word' id='word_1_565' title='bbox 996 1671 1028 1691; x_wconf 85' lang='lat' dir='ltr'><strong>ac</strong></span> <span class='ocrx_word' id='word_1_566' title='bbox 1038 1663 1165 1690; x_wconf 82' lang='lat' dir='ltr'><strong>damnata</strong></span> <span class='ocrx_word' id='word_1_567' title='bbox 1179 1663 1329 1695; x_wconf 88' lang='lat' dir='ltr'><strong>transilias,</strong></span> <span class='ocrx_word' id='word_1_568' title='bbox 1339 1670 1371 1689; x_wconf 92' lang='lat' dir='ltr'><strong>ne</strong></span> <span class='ocrx_word' id='word_1_569' title='bbox 1383 1663 1410 1689; x_wconf 91' lang='lat' dir='ltr'><strong>in</strong></span> <span class='ocrx_word' id='word_1_570' title='bbox 1425 1666 1582 1696; x_wconf 86' lang='lat' dir='ltr'><strong>serpentum</strong></span> <span class='ocrx_word' id='word_1_571' title='bbox 1594 1661 1729 1696; x_wconf 87' lang='lat' dir='ltr'><strong>ejusmodi</strong></span> 
     </span>
    </p>
   </div>
   <div class='ocr_carea' id='block_1_75' title="bbox 942 1708 1730 1745">
    <p class='ocr_par' dir='ltr' id='par_1_75' title="bbox 942 1708 1730 1745">
     <span class='ocr_line' id='line_1_75' title="bbox 942 1708 1730 1745; baseline -0.001 -10"><span class='ocrx_word' id='word_1_572' title='bbox 942 1710 1016 1737; x_wconf 88' lang='lat' dir='ltr'><strong>velut</strong></span> <span class='ocrx_word' id='word_1_573' title='bbox 1035 1709 1220 1745; x_wconf 85' lang='lat' dir='ltr'><strong>improbitatis</strong></span> <span class='ocrx_word' id='word_1_574' title='bbox 1243 1708 1380 1743; x_wconf 90' lang='lat' dir='ltr'><strong>quoddam</strong></span> <span class='ocrx_word' id='word_1_575' title='bbox 1408 1708 1483 1736; x_wconf 86' lang='lat' dir='ltr'><strong>virus</strong></span> <span class='ocrx_word' id='word_1_576' title='bbox 1505 1708 1621 1736; x_wconf 86' lang='lat' dir='ltr'><strong>incidas.</strong></span> <span class='ocrx_word' id='word_1_577' title='bbox 1648 1709 1688 1735; x_wconf 88' lang='lat' dir='ltr'><strong>Ac</strong></span> <span class='ocrx_word' id='word_1_578' title='bbox 1705 1709 1730 1734; x_wconf 91' lang='lat' dir='ltr'><strong>si</strong></span> 
     </span>
    </p>
   </div>
   <div class='ocr_carea' id='block_1_76' title="bbox 941 1754 1728 1790">
    <p class='ocr_par' dir='ltr' id='par_1_76' title="bbox 941 1754 1728 1790">
     <span class='ocr_line' id='line_1_76' title="bbox 941 1754 1728 1790; baseline -0.003 -8"><span class='ocrx_word' id='word_1_579' title='bbox 941 1756 1052 1789; x_wconf 80' lang='lat' dir='ltr'><strong>quando</strong></span> <span class='ocrx_word' id='word_1_580' title='bbox 1063 1754 1178 1782; x_wconf 84' lang='lat' dir='ltr'><strong>forsitan</strong></span> <span class='ocrx_word' id='word_1_581' title='bbox 1190 1762 1223 1782; x_wconf 84' lang='lat' dir='ltr'><strong>ex</strong></span> <span class='ocrx_word' id='word_1_582' title='bbox 1236 1754 1286 1782; x_wconf 91' lang='lat' dir='ltr'><strong>hac</strong></span> <span class='ocrx_word' id='word_1_583' title='bbox 1298 1758 1456 1790; x_wconf 78' lang='lat' dir='ltr'><strong>serpentum</strong></span> <span class='ocrx_word' id='word_1_584' title='bbox 1472 1754 1564 1782; x_wconf 82' lang='lat' dir='ltr'><strong>schola</strong></span> <span class='ocrx_word' id='word_1_585' title='bbox 1573 1754 1728 1789; x_wconf 84' lang='lat' dir='ltr'><strong>quempiam</strong></span> 
     </span>
    </p>
   </div>
   <div class='ocr_carea' id='block_1_77' title="bbox 942 1797 1730 1835">
    <p class='ocr_par' dir='ltr' id='par_1_77' title="bbox 942 1797 1730 1835">
     <span class='ocr_line' id='line_1_77' title="bbox 942 1797 1730 1835; baseline -0.003 -8"><span class='ocrx_word' id='word_1_586' title='bbox 942 1800 1099 1831; x_wconf 66' lang='lat' dir='ltr'><strong>offenderis,</strong></span> <span class='ocrx_word' id='word_1_587' title='bbox 1130 1801 1221 1828; x_wconf 88' lang='lat' dir='ltr'><strong>subito</strong></span> <span class='ocrx_word' id='word_1_588' title='bbox 1236 1800 1338 1835; x_wconf 80' lang='lat' dir='ltr'><strong>lignum</strong></span> <span class='ocrx_word' id='word_1_589' title='bbox 1364 1799 1429 1827; x_wconf 89' lang='lat' dir='ltr'><strong>illud</strong></span> <span class='ocrx_word' id='word_1_590' title='bbox 1445 1799 1518 1834; x_wconf 92' lang='lat' dir='ltr'><strong>quod</strong></span> <span class='ocrx_word' id='word_1_591' title='bbox 1542 1799 1620 1826; x_wconf 85' lang='lat' dir='ltr'><strong>nobis</strong></span> <span class='ocrx_word' id='word_1_592' title='bbox 1643 1805 1659 1825; x_wconf 87' lang='lat' dir='ltr'><strong>a</strong></span> <span class='ocrx_word' id='word_1_593' title='bbox 1676 1797 1730 1825; x_wconf 83' lang='lat' dir='ltr'><strong>Do-</strong></span> 
     </span>
    </p>
   </div>
   <div class='ocr_carea' id='block_1_78' title="bbox 943 1844 1729 1882">
    <p class='ocr_par' dir='ltr' id='par_1_78' title="bbox 943 1844 1729 1882">
     <span class='ocr_line' id='line_1_78' title="bbox 943 1844 1729 1882; baseline -0.001 -10"><span class='ocrx_word' id='word_1_594' title='bbox 943 1847 1017 1874; x_wconf 87' lang='lat' dir='ltr'><strong>mino</strong></span> <span class='ocrx_word' id='word_1_595' title='bbox 1033 1851 1222 1882; x_wconf 87' lang='lat' dir='ltr'><strong>comparatum</strong></span> <span class='ocrx_word' id='word_1_596' title='bbox 1247 1850 1300 1875; x_wconf 86' lang='lat' dir='ltr'><strong>est.</strong></span> <span class='ocrx_word' id='word_1_597' title='bbox 1315 1850 1342 1873; x_wconf 86' lang='lat' dir='ltr'><strong>et</strong></span> <span class='ocrx_word' id='word_1_598' title='bbox 1362 1846 1390 1873; x_wconf 87' lang='lat' dir='ltr'><strong>in</strong></span> <span class='ocrx_word' id='word_1_599' title='bbox 1410 1853 1465 1881; x_wconf 91' lang='lat' dir='ltr'><strong>quo</strong></span> <span class='ocrx_word' id='word_1_600' title='bbox 1483 1845 1611 1873; x_wconf 87' lang='lat' dir='ltr'><strong>Christus</strong></span> <span class='ocrx_word' id='word_1_601' title='bbox 1633 1844 1729 1872; x_wconf 80' lang='lat' dir='ltr'><strong>afﬁxus</strong></span> 
     </span>
    </p>
   </div>
   <div class='ocr_carea' id='block_1_79' title="bbox 943 1891 1728 1927">
    <p class='ocr_par' dir='ltr' id='par_1_79' title="bbox 943 1891 1728 1927">
     <span class='ocr_line' id='line_1_79' title="bbox 943 1891 1728 1927; baseline -0.004 -7"><span class='ocrx_word' id='word_1_602' title='bbox 943 1897 995 1924; x_wconf 85' lang='lat' dir='ltr'><strong>est,</strong></span> <span class='ocrx_word' id='word_1_603' title='bbox 1018 1897 1114 1920; x_wconf 89' lang='lat' dir='ltr'><strong>contra</strong></span> <span class='ocrx_word' id='word_1_604' title='bbox 1131 1892 1267 1927; x_wconf 85' lang='lat' dir='ltr'><strong>serpentis</strong></span> <span class='ocrx_word' id='word_1_605' title='bbox 1283 1897 1366 1926; x_wconf 87' lang='lat' dir='ltr'><strong>caput</strong></span> <span class='ocrx_word' id='word_1_606' title='bbox 1383 1891 1529 1926; x_wconf 89' lang='lat' dir='ltr'><strong>arripiens,</strong></span> <span class='ocrx_word' id='word_1_607' title='bbox 1544 1892 1580 1918; x_wconf 87' lang='lat' dir='ltr'><strong>ita</strong></span> <span class='ocrx_word' id='word_1_608' title='bbox 1596 1891 1728 1925; x_wconf 88' lang='lat' dir='ltr'><strong>loquere:</strong></span> 
     </span>
    </p>
   </div>
   <div class='ocr_carea' id='block_1_80' title="bbox 943 1939 1730 1972">
    <p class='ocr_par' dir='ltr' id='par_1_80' title="bbox 943 1939 1730 1972">
     <span class='ocr_line' id='line_1_80' title="bbox 943 1939 1730 1972; baseline -0.006 -5"><span class='ocrx_word' id='word_1_609' title='bbox 943 1939 1070 1967; x_wconf 85' lang='lat' dir='ltr'><strong>Christus</strong></span> <span class='ocrx_word' id='word_1_610' title='bbox 1090 1943 1186 1966; x_wconf 88' lang='lat' dir='ltr'><strong>nostra</strong></span> <span class='ocrx_word' id='word_1_611' title='bbox 1207 1944 1251 1966; x_wconf 88' lang='lat' dir='ltr'><strong>est</strong></span> <span class='ocrx_word' id='word_1_612' title='bbox 1264 1939 1292 1966; x_wconf 91' lang='lat' dir='ltr'><strong>in</strong></span> <span class='ocrx_word' id='word_1_613' title='bbox 1315 1946 1398 1966; x_wconf 89' lang='lat' dir='ltr'><strong>cruce</strong></span> <span class='ocrx_word' id='word_1_614' title='bbox 1422 1945 1506 1965; x_wconf 86' lang='lat' dir='ltr'><strong>causa</strong></span> <span class='ocrx_word' id='word_1_615' title='bbox 1527 1944 1689 1972; x_wconf 86' lang='lat' dir='ltr'><strong>suspensus,</strong></span> <span class='ocrx_word' id='word_1_616' title='bbox 1702 1939 1730 1964; x_wconf 93' lang='lat' dir='ltr'><strong>et</strong></span> 
     </span>
    </p>
   </div>
   <div class='ocr_carea' id='block_1_81' title="bbox 945 1985 1728 2022">
    <p class='ocr_par' dir='ltr' id='par_1_81' title="bbox 945 1985 1728 2022">
     <span class='ocr_line' id='line_1_81' title="bbox 945 1985 1728 2022; baseline -0.006 -7"><span class='ocrx_word' id='word_1_617' title='bbox 945 1988 1068 2022; x_wconf 89' lang='lat' dir='ltr'><strong>reliquit.</strong></span> <span class='ocrx_word' id='word_1_618' title='bbox 1094 1987 1173 2021; x_wconf 83' lang='lat' dir='ltr'><strong>Quod</strong></span> <span class='ocrx_word' id='word_1_619' title='bbox 1198 1987 1252 2014; x_wconf 85' lang='lat' dir='ltr'><strong>nisi</strong></span> <span class='ocrx_word' id='word_1_620' title='bbox 1277 1994 1388 2013; x_wconf 85' lang='lat' dir='ltr'><strong>carnem</strong></span> <span class='ocrx_word' id='word_1_621' title='bbox 1412 1985 1562 2017; x_wconf 85' lang='lat' dir='ltr'><strong>habuisset,</strong></span> <span class='ocrx_word' id='word_1_622' title='bbox 1589 1991 1728 2019; x_wconf 91' lang='lat' dir='ltr'><strong>nunquam</strong></span> 
     </span>
    </p>
   </div>
   <div class='ocr_carea' id='block_1_82' title="bbox 103 2027 1730 2065">
    <p class='ocr_par' dir='ltr' id='par_1_82' title="bbox 103 2027 1730 2065">
     <span class='ocr_line' id='line_1_82' title="bbox 103 2027 1730 2065; baseline -0.002 -7"><span class='ocrx_word' id='word_1_623' title='bbox 103 2035 173 2058; x_wconf 81' lang='lat' dir='ltr'><strong>esset</strong></span> <span class='ocrx_word' id='word_1_624' title='bbox 197 2031 320 2058; x_wconf 79' lang='lat' dir='ltr'><strong>sufﬁxus.</strong></span> <span class='ocrx_word' id='word_1_625' title='bbox 335 2030 372 2057; x_wconf 88' lang='lat' dir='ltr'><strong>Eo</strong></span> <span class='ocrx_word' id='word_1_626' title='bbox 386 2038 450 2058; x_wconf 86' lang='lat' dir='ltr'><strong>vero</strong></span> <span class='ocrx_word' id='word_1_627' title='bbox 465 2031 537 2065; x_wconf 90' lang='lat' dir='ltr'><strong>quod</strong></span> <span class='ocrx_word' id='word_1_628' title='bbox 554 2038 637 2057; x_wconf 83' lang='lat' dir='ltr'><strong>carne</strong></span> <span class='ocrx_word' id='word_1_629' title='bbox 661 2031 792 2065; x_wconf 66' lang='lat' dir='ltr'><strong>prmditus</strong></span> <span class='ocrx_word' id='word_1_630' title='bbox 805 2035 832 2058; x_wconf 91' lang='lat' dir='ltr'><strong>et</strong></span> <span class='ocrx_word' id='word_1_631' title='bbox 855 2032 954 2060; x_wconf 79' lang='lat' dir='ltr'><strong>affixus</strong></span> <span class='ocrx_word' id='word_1_632' title='bbox 967 2037 1008 2060; x_wconf 87' lang='lat' dir='ltr'><strong>est</strong></span> <span class='ocrx_word' id='word_1_633' title='bbox 1026 2034 1112 2064; x_wconf 90' lang='lat' dir='ltr'><strong>cruci,</strong></span> <span class='ocrx_word' id='word_1_634' title='bbox 1147 2036 1241 2059; x_wconf 89' lang='lat' dir='ltr'><strong>nostra</strong></span> <span class='ocrx_word' id='word_1_635' title='bbox 1275 2031 1356 2058; x_wconf 90' lang='lat' dir='ltr'><strong>simul</strong></span> <span class='ocrx_word' id='word_1_636' title='bbox 1376 2035 1487 2065; x_wconf 86' lang='lat' dir='ltr'><strong>peccata</strong></span> <span class='ocrx_word' id='word_1_637' title='bbox 1511 2029 1615 2057; x_wconf 74' lang='lat' dir='ltr'><strong>defixit.</strong></span> <span class='ocrx_word' id='word_1_638' title='bbox 1647 2027 1730 2063; x_wconf 87' lang='lat' dir='ltr'><strong>Equi-</strong></span> 
     </span>
    </p>
   </div>
   <div class='ocr_carea' id='block_1_83' title="bbox 103 2076 1729 2115">
    <p class='ocr_par' dir='ltr' id='par_1_83' title="bbox 103 2076 1729 2115">
     <span class='ocr_line' id='line_1_83' title="bbox 103 2076 1729 2115; baseline -0.001 -11"><span class='ocrx_word' id='word_1_639' title='bbox 103 2078 162 2105; x_wconf 78' lang='lat' dir='ltr'><strong>dem</strong></span> <span class='ocrx_word' id='word_1_640' title='bbox 180 2078 287 2105; x_wconf 79' lang='lat' dir='ltr'><strong>veritati</strong></span> <span class='ocrx_word' id='word_1_641' title='bbox 305 2086 353 2113; x_wconf 87' lang='lat' dir='ltr'><strong>per</strong></span> <span class='ocrx_word' id='word_1_642' title='bbox 369 2078 447 2105; x_wconf 85' lang='lat' dir='ltr'><strong>fidem</strong></span> <span class='ocrx_word' id='word_1_643' title='bbox 462 2078 590 2110; x_wconf 66' lang='lat' dir='ltr'><strong>inhaereo,</strong></span> <span class='ocrx_word' id='word_1_644' title='bbox 618 2086 669 2106; x_wconf 87' lang='lat' dir='ltr'><strong>ncc</strong></span> <span class='ocrx_word' id='word_1_645' title='bbox 683 2079 834 2106; x_wconf 85' lang='lat' dir='ltr'><strong>tardissimi</strong></span> <span class='ocrx_word' id='word_1_646' title='bbox 869 2082 1004 2115; x_wconf 87' lang='lat' dir='ltr'><strong>serpentis</strong></span> <span class='ocrx_word' id='word_1_647' title='bbox 1030 2089 1124 2109; x_wconf 86' lang='lat' dir='ltr'><strong>errore</strong></span> <span class='ocrx_word' id='word_1_648' title='bbox 1155 2080 1198 2107; x_wconf 88' lang='lat' dir='ltr'><strong>vel</strong></span> <span class='ocrx_word' id='word_1_649' title='bbox 1225 2079 1286 2113; x_wconf 90' lang='lat' dir='ltr'><strong>ejus</strong></span> <span class='ocrx_word' id='word_1_650' title='bbox 1309 2079 1441 2105; x_wconf 73' lang='lat' dir='ltr'><strong>doctrina:</strong></span> <span class='ocrx_word' id='word_1_651' title='bbox 1463 2078 1553 2105; x_wconf 87' lang='lat' dir='ltr'><strong>sibilis</strong></span> <span class='ocrx_word' id='word_1_652' title='bbox 1568 2076 1664 2104; x_wconf 90' lang='lat' dir='ltr'><strong>abduci</strong></span> <span class='ocrx_word' id='word_1_653' title='bbox 1685 2082 1729 2102; x_wconf 87' lang='lat' dir='ltr'><strong>me</strong></span> 
     </span>
    </p>
   </div>
   <div class='ocr_carea' id='block_1_84' title="bbox 104 2123 199 2157">
    <p class='ocr_par' dir='ltr' id='par_1_84' title="bbox 104 2123 199 2157">
     <span class='ocr_line' id='line_1_84' title="bbox 104 2123 199 2157; baseline 0.021 -9"><span class='ocrx_word' id='word_1_654' title='bbox 104 2123 199 2157; x_wconf 81' lang='lat' dir='ltr'><strong>patior.</strong></span> 
     </span>
    </p>
   </div>
   <div class='ocr_carea' id='block_1_85' title="bbox 137 2169 887 2205">
    <p class='ocr_par' dir='ltr' id='par_1_85' title="bbox 137 2169 887 2205">
     <span class='ocr_line' id='line_1_85' title="bbox 137 2169 887 2205; baseline -0.001 -9"><span class='ocrx_word' id='word_1_655' title='bbox 137 2170 186 2196; x_wconf 73' lang='lat'><strong>18’.</strong></span> <span class='ocrx_word' id='word_1_656' title='bbox 207 2169 306 2196; x_wconf 67' lang='grc' dir='ltr'>Λοιπὺν</span> <span class='ocrx_word' id='word_1_657' title='bbox 326 2172 426 2204; x_wconf 71' lang='grc' dir='ltr'>ταύτην</span> <span class='ocrx_word' id='word_1_658' title='bbox 443 2169 596 2204; x_wconf 71' lang='grc' dir='ltr'>παρελθὼν,</span> <span class='ocrx_word' id='word_1_659' title='bbox 614 2169 766 2204; x_wconf 71' lang='grc' dir='ltr'>ἀγαπητοὶ,</span> <span class='ocrx_word' id='word_1_660' title='bbox 789 2169 887 2205; x_wconf 74' lang='grc' dir='ltr'>ἐφεξῆς</span> 
     </span>
    </p>
   </div>
   <div class='ocr_carea' id='block_1_86' title="bbox 105 2215 891 2250">
    <p class='ocr_par' dir='ltr' id='par_1_86' title="bbox 105 2215 891 2250">
     <span class='ocr_line' id='line_1_86' title="bbox 105 2215 891 2250; baseline 0.001 -9"><span class='ocrx_word' id='word_1_661' title='bbox 105 2215 246 2250; x_wconf 75' lang='grc' dir='ltr'>βαδιοῦμαι</span> <span class='ocrx_word' id='word_1_662' title='bbox 264 2215 311 2241; x_wconf 73' lang='grc' dir='ltr'>ἐπὶ</span> <span class='ocrx_word' id='word_1_663' title='bbox 337 2216 383 2246; x_wconf 81' lang='grc' dir='ltr'><strong>τὰς</strong></span> <span class='ocrx_word' id='word_1_664' title='bbox 400 2216 481 2246; x_wconf 78' lang='grc' dir='ltr'>ἄλλοις</span> <span class='ocrx_word' id='word_1_665' title='bbox 498 2215 625 2250; x_wconf 75' lang='grc' dir='ltr'>τραχείας</span> <span class='ocrx_word' id='word_1_666' title='bbox 643 2216 763 2250; x_wconf 75' lang='grc' dir='ltr'>τρίϐους,</span> <span class='ocrx_word' id='word_1_667' title='bbox 780 2216 828 2250; x_wconf 82' lang='grc' dir='ltr'>οὐχ</span> <span class='ocrx_word' id='word_1_668' title='bbox 848 2216 891 2243; x_wconf 71' lang='lat' dir='ltr'><strong>Eva.</strong></span> 
     </span>
    </p>
   </div>
   <div class='ocr_carea' id='block_1_87' title="bbox 105 2260 890 2296">
    <p class='ocr_par' dir='ltr' id='par_1_87' title="bbox 105 2260 890 2296">
     <span class='ocr_line' id='line_1_87' title="bbox 105 2260 890 2296; baseline 0.003 -10"><span class='ocrx_word' id='word_1_669' title='bbox 105 2260 215 2294; x_wconf 66' lang='grc' dir='ltr'>βαδίσω,</span> <span class='ocrx_word' id='word_1_670' title='bbox 235 2260 293 2286; x_wconf 74' lang='grc' dir='ltr'>ἀλλ’</span> <span class='ocrx_word' id='word_1_671' title='bbox 312 2260 354 2286; x_wconf 81' lang='grc' dir='ltr'><strong>ἴνα</strong></span> <span class='ocrx_word' id='word_1_672' title='bbox 371 2261 425 2287; x_wconf 68' lang='grc' dir='ltr'><strong>ἀπὸ</strong></span> <span class='ocrx_word' id='word_1_673' title='bbox 441 2261 559 2296; x_wconf 84' lang='grc' dir='ltr'>μήκοθεν</span> <span class='ocrx_word' id='word_1_674' title='bbox 576 2261 708 2294; x_wconf 81' lang='grc' dir='ltr'>ὑποδείξω</span> <span class='ocrx_word' id='word_1_675' title='bbox 720 2262 776 2293; x_wconf 87' lang='grc' dir='ltr'>τοῖς</span> <span class='ocrx_word' id='word_1_676' title='bbox 799 2261 890 2296; x_wconf 84' lang='grc' dir='ltr'>βουλο-</span> 
     </span>
    </p>
   </div>
   <div class='ocr_carea' id='block_1_88' title="bbox 106 2306 890 2343">
    <p class='ocr_par' dir='ltr' id='par_1_88' title="bbox 106 2306 890 2343">
     <span class='ocr_line' id='line_1_88' title="bbox 106 2306 890 2343; baseline 0.003 -11"><span class='ocrx_word' id='word_1_677' title='bbox 106 2306 193 2341; x_wconf 78' lang='grc' dir='ltr'>μένοις</span> <span class='ocrx_word' id='word_1_678' title='bbox 214 2306 247 2332; x_wconf 73' lang='grc' dir='ltr'><strong>τὰ</strong></span> <span class='ocrx_word' id='word_1_679' title='bbox 261 2306 414 2343; x_wconf 84' lang='grc' dir='ltr'>τραχύτερα</span> <span class='ocrx_word' id='word_1_680' title='bbox 433 2307 482 2342; x_wconf 74' lang='grc' dir='ltr'>μὲν</span> <span class='ocrx_word' id='word_1_681' title='bbox 500 2307 705 2341; x_wconf 79' lang='grc' dir='ltr'>ἐπιγινώσκειν,</span> <span class='ocrx_word' id='word_1_682' title='bbox 728 2308 840 2342; x_wconf 81' lang='grc' dir='ltr'>φεύγειν</span> <span class='ocrx_word' id='word_1_683' title='bbox 862 2308 890 2334; x_wconf 78' lang='grc' dir='ltr'><strong>δὲ</strong></span> 
     </span>
    </p>
   </div>
   <div class='ocr_carea' id='block_1_89' title="bbox 103 2352 889 2390">
    <p class='ocr_par' dir='ltr' id='par_1_89' title="bbox 103 2352 889 2390">
     <span class='ocr_line' id='line_1_89' title="bbox 103 2352 889 2390; baseline 0.004 -12"><span class='ocrx_word' id='word_1_684' title='bbox 103 2352 145 2378; x_wconf 71' lang='grc' dir='ltr'>διὰ</span> <span class='ocrx_word' id='word_1_685' title='bbox 159 2352 209 2386; x_wconf 79' lang='grc' dir='ltr'>τῆς</span> <span class='ocrx_word' id='word_1_686' title='bbox 224 2353 319 2388; x_wconf 83' lang='grc' dir='ltr'>στενῆς</span> <span class='ocrx_word' id='word_1_687' title='bbox 341 2353 388 2379; x_wconf 47' lang='grc' dir='ltr'><strong>καί⁸</strong></span> <span class='ocrx_word' id='word_1_688' title='bbox 409 2354 592 2388; x_wconf 77' lang='grc' dir='ltr'>τεθλιμμένης</span> <span class='ocrx_word' id='word_1_689' title='bbox 608 2353 668 2380; x_wconf 78' lang='grc' dir='ltr'><strong>ὀδοῦ</strong></span> <span class='ocrx_word' id='word_1_690' title='bbox 689 2354 738 2389; x_wconf 79' lang='grc' dir='ltr'>τῆς</span> <span class='ocrx_word' id='word_1_691' title='bbox 754 2355 889 2390; x_wconf 82' lang='grc' dir='ltr'>φερούσης</span> 
     </span>
    </p>
   </div>
   <div class='ocr_carea' id='block_1_90' title="bbox 104 2397 890 2434">
    <p class='ocr_par' dir='ltr' id='par_1_90' title="bbox 104 2397 890 2434">
     <span class='ocr_line' id='line_1_90' title="bbox 104 2397 890 2434; baseline 0.003 -11"><span class='ocrx_word' id='word_1_692' title='bbox 104 2398 141 2428; x_wconf 84' lang='grc' dir='ltr'><strong>εἰς</strong></span> <span class='ocrx_word' id='word_1_693' title='bbox 156 2397 228 2433; x_wconf 80' lang='grc' dir='ltr'>ζωὴν</span> <span class='ocrx_word' id='word_1_694' title='bbox 248 2398 355 2424; x_wconf 80' lang='grc' dir='ltr'>αἰώνιον</span> <span class='ocrx_word' id='word_1_695' title='bbox 366 2407 372 2414; x_wconf 88' lang='grc'><strong>·</strong></span> <span class='ocrx_word' id='word_1_696' title='bbox 389 2399 435 2425; x_wconf 82' lang='grc' dir='ltr'>καὶ</span> <span class='ocrx_word' id='word_1_697' title='bbox 457 2399 673 2434; x_wconf 85' lang='grc' dir='ltr'>καταλιμπάνειν</span> <span class='ocrx_word' id='word_1_698' title='bbox 684 2399 733 2434; x_wconf 86' lang='grc' dir='ltr'>τὴν</span> <span class='ocrx_word' id='word_1_699' title='bbox 750 2399 890 2430; x_wconf 83' lang='grc' dir='ltr'>πλατεῖαν,</span> 
     </span>
    </p>
   </div>
   <div class='ocr_carea' id='block_1_91' title="bbox 104 2443 890 2480">
    <p class='ocr_par' dir='ltr' id='par_1_91' title="bbox 104 2443 890 2480">
     <span class='ocr_line' id='line_1_91' title="bbox 104 2443 890 2480; baseline 0.003 -11"><span class='ocrx_word' id='word_1_700' title='bbox 104 2443 148 2470; x_wconf 80' lang='grc' dir='ltr'>καὶ</span> <span class='ocrx_word' id='word_1_701' title='bbox 163 2444 318 2479; x_wconf 82' lang='grc' dir='ltr'>εὐρύχωρον</span> <span class='ocrx_word' id='word_1_702' title='bbox 328 2464 334 2474; x_wconf 85' lang='grc'><strong>,</strong></span> <span class='ocrx_word' id='word_1_703' title='bbox 358 2444 404 2470; x_wconf 73' lang='grc' dir='ltr'><strong>καὶ</strong></span> <span class='ocrx_word' id='word_1_704' title='bbox 424 2444 565 2480; x_wconf 80' lang='grc' dir='ltr'>ἀκανθώδη</span> <span class='ocrx_word' id='word_1_705' title='bbox 577 2466 583 2477; x_wconf 81' lang='grc'><strong>,</strong></span> <span class='ocrx_word' id='word_1_706' title='bbox 607 2445 654 2471; x_wconf 78' lang='grc' dir='ltr'>καὶ</span> <span class='ocrx_word' id='word_1_707' title='bbox 669 2445 890 2480; x_wconf 82' lang='grc' dir='ltr'>προσκομμάτων</span> 
     </span>
    </p>
   </div>
   <div class='ocr_carea' id='block_1_92' title="bbox 104 2487 889 2524">
    <p class='ocr_par' dir='ltr' id='par_1_92' title="bbox 104 2487 889 2524">
     <span class='ocr_line' id='line_1_92' title="bbox 104 2487 889 2524; baseline 0.001 -10"><span class='ocrx_word' id='word_1_708' title='bbox 104 2487 226 2523; x_wconf 76' lang='grc' dir='ltr'>ἔμπλεων</span> <span class='ocrx_word' id='word_1_709' title='bbox 242 2488 300 2514; x_wconf 76' lang='grc' dir='ltr'>ὁδὸν</span> <span class='ocrx_word' id='word_1_710' title='bbox 313 2488 533 2524; x_wconf 74' lang='grc' dir='ltr'>βορϐορώδη,καὶ</span> <span class='ocrx_word' id='word_1_711' title='bbox 546 2489 689 2523; x_wconf 82' lang='grc' dir='ltr'>ἀσελγείας</span> <span class='ocrx_word' id='word_1_712' title='bbox 702 2489 748 2515; x_wconf 78' lang='grc' dir='ltr'>καὶ</span> <span class='ocrx_word' id='word_1_713' title='bbox 762 2489 889 2524; x_wconf 85' lang='grc' dir='ltr'>πορνείας</span> 
     </span>
    </p>
   </div>
   <div class='ocr_carea' id='block_1_93' title="bbox 104 2531 889 2570">
    <p class='ocr_par' dir='ltr' id='par_1_93' title="bbox 104 2531 889 2570">
     <span class='ocr_line' id='line_1_93' title="bbox 104 2531 889 2570; baseline 0 -10"><span class='ocrx_word' id='word_1_714' title='bbox 104 2534 344 2569; x_wconf 74' lang='grc' dir='ltr'>ἐμπεπλησμένην.</span> <span class='ocrx_word' id='word_1_715' title='bbox 372 2531 424 2565; x_wconf 84' lang='grc' dir='ltr'><strong>⁷Ης</strong></span> <span class='ocrx_word' id='word_1_716' title='bbox 455 2535 582 2570; x_wconf 87' lang='grc' dir='ltr'>πορνείας</span> <span class='ocrx_word' id='word_1_717' title='bbox 606 2535 653 2561; x_wconf 74' lang='grc' dir='ltr'>καὶ</span> <span class='ocrx_word' id='word_1_718' title='bbox 683 2535 825 2569; x_wconf 84' lang='grc' dir='ltr'>ἀσελγείας</span> <span class='ocrx_word' id='word_1_719' title='bbox 859 2533 889 2560; x_wconf 80' lang='grc' dir='ltr'>τὸ</span> 
     </span>
    </p>
   </div>
   <div class='ocr_carea' id='block_1_94' title="bbox 104 2578 888 2616">
    <p class='ocr_par' dir='ltr' id='par_1_94' title="bbox 104 2578 888 2616">
     <span class='ocr_line' id='line_1_94' title="bbox 104 2578 888 2616; baseline 0.003 -11"><span class='ocrx_word' id='word_1_720' title='bbox 104 2580 191 2615; x_wconf 73' lang='grc' dir='ltr'>ὅμοιον</span> <span class='ocrx_word' id='word_1_721' title='bbox 206 2579 278 2606; x_wconf 80' lang='grc' dir='ltr'>ἔστιν</span> <span class='ocrx_word' id='word_1_722' title='bbox 291 2580 354 2606; x_wconf 76' lang='grc' dir='ltr'>[δεῖν</span> <span class='ocrx_word' id='word_1_723' title='bbox 369 2581 398 2606; x_wconf 82' lang='grc' dir='ltr'><strong>ἐν</strong></span> <span class='ocrx_word' id='word_1_724' title='bbox 411 2581 449 2616; x_wconf 85' lang='grc' dir='ltr'>τῷ</span> <span class='ocrx_word' id='word_1_725' title='bbox 461 2581 568 2616; x_wconf 78' lang='grc' dir='ltr'>ἑρπετῷ</span> <span class='ocrx_word' id='word_1_726' title='bbox 580 2581 619 2616; x_wconf 82' lang='grc' dir='ltr'>τῷ</span> <span class='ocrx_word' id='word_1_727' title='bbox 637 2581 791 2616; x_wconf 75' lang='grc' dir='ltr'>δεινοτάτῳ,</span> <span class='ocrx_word' id='word_1_728' title='bbox 804 2578 825 2614; x_wconf 84' lang='grc' dir='ltr'>ᾧ</span> <span class='ocrx_word' id='word_1_729' title='bbox 839 2582 888 2607; x_wconf 81' lang='grc' dir='ltr'>ἐπ-</span> 
     </span>
    </p>
   </div>
   <div class='ocr_carea' id='block_1_95' title="bbox 105 2625 884 2660">
    <p class='ocr_par' dir='ltr' id='par_1_95' title="bbox 105 2625 884 2660">
     <span class='ocr_line' id='line_1_95' title="bbox 105 2625 884 2660; baseline 0.001 -10"><span class='ocrx_word' id='word_1_730' title='bbox 105 2625 190 2651; x_wconf 76' lang='grc' dir='ltr'>έθεντο</span> <span class='ocrx_word' id='word_1_731' title='bbox 206 2625 236 2650; x_wconf 71' lang='grc' dir='ltr'>τὸ</span> <span class='ocrx_word' id='word_1_732' title='bbox 257 2625 342 2660; x_wconf 78' lang='grc' dir='ltr'>ὖνομα</span> <span class='ocrx_word' id='word_1_733' title='bbox 364 2625 559 2658; x_wconf 75' lang='grc' dir='ltr'>ἀπειρώδινον</span> <span class='ocrx_word' id='word_1_734' title='bbox 573 2625 696 2660; x_wconf 68' lang='grc' dir='ltr'>ἔχιδναν</span> <span class='ocrx_word' id='word_1_735' title='bbox 716 2627 740 2652; x_wconf 82' lang='grc' dir='ltr'>οἱ</span> <span class='ocrx_word' id='word_1_736' title='bbox 765 2625 884 2652; x_wconf 81' lang='grc' dir='ltr'>παλαιοί.</span> 
     </span>
    </p>
   </div>
   <div class='ocr_carea' id='block_1_96' title="bbox 106 2670 887 2706">
    <p class='ocr_par' dir='ltr' id='par_1_96' title="bbox 106 2670 887 2706">
     <span class='ocr_line' id='line_1_96' title="bbox 106 2670 887 2706; baseline 0.001 -10"><span class='ocrx_word' id='word_1_737' title='bbox 106 2671 179 2696; x_wconf 82' lang='grc' dir='ltr'>Ἐστι</span> <span class='ocrx_word' id='word_1_738' title='bbox 198 2671 252 2706; x_wconf 81' lang='grc' dir='ltr'><strong>γὰρ</strong></span> <span class='ocrx_word' id='word_1_739' title='bbox 265 2671 314 2706; x_wconf 81' lang='grc' dir='ltr'>τῆς</span> <span class='ocrx_word' id='word_1_740' title='bbox 331 2670 458 2705; x_wconf 73' lang='grc' dir='ltr'>τοιαύτης</span> <span class='ocrx_word' id='word_1_741' title='bbox 480 2671 585 2706; x_wconf 84' lang='grc' dir='ltr'>ἐχίδνης</span> <span class='ocrx_word' id='word_1_742' title='bbox 605 2672 622 2706; x_wconf 81' lang='grc' dir='ltr'>ὴ</span> <span class='ocrx_word' id='word_1_743' title='bbox 646 2672 726 2705; x_wconf 83' lang='grc' dir='ltr'>φύσις</span> <span class='ocrx_word' id='word_1_744' title='bbox 742 2671 823 2706; x_wconf 75' lang='grc' dir='ltr'>ὁμοία</span> <span class='ocrx_word' id='word_1_745' title='bbox 837 2671 887 2706; x_wconf 84' lang='grc' dir='ltr'>τῆς</span> 
     </span>
    </p>
   </div>
   <div class='ocr_carea' id='block_1_97' title="bbox 104 2717 884 2753">
    <p class='ocr_par' dir='ltr' id='par_1_97' title="bbox 104 2717 884 2753">
     <span class='ocr_line' id='line_1_97' title="bbox 104 2717 884 2753; baseline 0.003 -11"><span class='ocrx_word' id='word_1_746' title='bbox 104 2718 201 2743; x_wconf 77' lang='grc' dir='ltr'>τούτων</span> <span class='ocrx_word' id='word_1_747' title='bbox 219 2717 377 2752; x_wconf 76' lang='grc' dir='ltr'>μοχθηρίας.</span> <span class='ocrx_word' id='word_1_748' title='bbox 392 2717 440 2744; x_wconf 84' lang='grc' dir='ltr'>Διὰ</span> <span class='ocrx_word' id='word_1_749' title='bbox 461 2717 514 2753; x_wconf 85' lang='grc' dir='ltr'><strong>γὰρ</strong></span> <span class='ocrx_word' id='word_1_750' title='bbox 530 2718 580 2752; x_wconf 76' lang='grc' dir='ltr'>τῆς</span> <span class='ocrx_word' id='word_1_751' title='bbox 600 2717 725 2753; x_wconf 86' lang='grc' dir='ltr'>ἀνδρείας</span> <span class='ocrx_word' id='word_1_752' title='bbox 745 2718 852 2752; x_wconf 72' lang='grc' dir='ltr'>φύσεως</span> <span class='ocrx_word' id='word_1_753' title='bbox 867 2718 884 2753; x_wconf 84' lang='grc' dir='ltr'>ἢ</span> 
     </span>
    </p>
   </div>
   <div class='ocr_carea' id='block_1_98' title="bbox 107 2761 885 2798">
    <p class='ocr_par' dir='ltr' id='par_1_98' title="bbox 107 2761 885 2798">
     <span class='ocr_line' id='line_1_98' title="bbox 107 2761 885 2798; baseline 0.001 -11"><span class='ocrx_word' id='word_1_754' title='bbox 107 2762 259 2795; x_wconf 80' lang='grc' dir='ltr'>γυναικείας</span> <span class='ocrx_word' id='word_1_755' title='bbox 284 2762 334 2797; x_wconf 83' lang='grc' dir='ltr'>τὴν</span> <span class='ocrx_word' id='word_1_756' title='bbox 361 2761 527 2796; x_wconf 77' lang='grc' dir='ltr'>αἰσχρότητα</span> <span class='ocrx_word' id='word_1_757' title='bbox 554 2762 754 2793; x_wconf 79' lang='grc' dir='ltr'>ἐπιτελοῦντες,</span> <span class='ocrx_word' id='word_1_758' title='bbox 783 2763 885 2798; x_wconf 83' lang='grc' dir='ltr'>ταύτην</span> 
     </span>
    </p>
   </div>
   <div class='ocr_carea' id='block_1_99' title="bbox 142 2837 824 2875">
    <p class='ocr_par' dir='ltr' id='par_1_99' title="bbox 142 2837 824 2875">
     <span class='ocr_line' id='line_1_99' title="bbox 142 2837 824 2875; baseline 0.003 -9"><span class='ocrx_word' id='word_1_759' title='bbox 142 2837 240 2866; x_wconf 78' lang='lat' dir='ltr'><strong>‘Forte</strong></span> <span class='ocrx_word' id='word_1_760' title='bbox 255 2839 366 2865; x_wconf 80' lang='grc' dir='ltr'>τούτων.</span> <span class='ocrx_word' id='word_1_761' title='bbox 405 2840 415 2854; x_wconf 79' lang='grc'>¹</span> <span class='ocrx_word' id='word_1_762' title='bbox 433 2838 500 2866; x_wconf 80' lang='lat' dir='ltr'><strong>Vide</strong></span> <span class='ocrx_word' id='word_1_763' title='bbox 514 2848 547 2866; x_wconf 85' lang='lat' dir='ltr'><strong>an</strong></span> <span class='ocrx_word' id='word_1_764' title='bbox 563 2840 652 2875; x_wconf 78' lang='grc' dir='ltr'>νοθείᾳ</span> <span class='ocrx_word' id='word_1_765' title='bbox 667 2840 764 2868; x_wconf 85' lang='lat' dir='ltr'><strong>melius</strong></span> <span class='ocrx_word' id='word_1_766' title='bbox 780 2840 824 2868; x_wconf 84' lang='lat' dir='ltr'><strong>sit.</strong></span> 
     </span>
    </p>
   </div>
   <div class='ocr_carea' id='block_1_100' title="bbox 259 2885 573 2916">
    <p class='ocr_par' dir='ltr' id='par_1_100' title="bbox 259 2885 573 2916">
     <span class='ocr_line' id='line_1_100' title="bbox 259 2885 573 2916; baseline 0.006 -2"><span class='ocrx_word' id='word_1_767' title='bbox 259 2885 394 2915; x_wconf 68' lang='grc' dir='ltr'>ΡΔτιιοι..</span> <span class='ocrx_word' id='word_1_768' title='bbox 417 2887 475 2916; x_wconf 73' lang='lat' dir='ltr'><strong>(in.</strong></span> <span class='ocrx_word' id='word_1_769' title='bbox 495 2887 573 2916; x_wconf 73' lang='lat' dir='ltr'><strong>XLI.</strong></span> 
     </span>
    </p>
   </div>
   <div class='ocr_carea' id='block_1_101' title="bbox 865 2839 1099 2873">
    <p class='ocr_par' dir='ltr' id='par_1_101' title="bbox 865 2839 1099 2873">
     <span class='ocr_line' id='line_1_101' title="bbox 865 2839 1099 2873; baseline 0.009 -7"><span class='ocrx_word' id='word_1_770' title='bbox 865 2840 875 2856; x_wconf 91' lang='grc'><em>³</em></span> <span class='ocrx_word' id='word_1_771' title='bbox 893 2839 964 2868; x_wconf 83' lang='lat' dir='ltr'><strong>Psal.</strong></span> <span class='ocrx_word' id='word_1_772' title='bbox 978 2848 1056 2873; x_wconf 80' lang='lat' dir='ltr'><strong>Lxut,</strong></span> <span class='ocrx_word' id='word_1_773' title='bbox 1072 2840 1099 2868; x_wconf 90' lang='lat'><strong>8.</strong></span> 
     </span>
    </p>
   </div>
   <div class='ocr_carea' id='block_1_102' title="bbox 976 2167 1727 2202">
    <p class='ocr_par' dir='ltr' id='par_1_102' title="bbox 976 2167 1727 2202">
     <span class='ocr_line' id='line_1_102' title="bbox 976 2167 1727 2202; baseline -0.001 -7"><span class='ocrx_word' id='word_1_774' title='bbox 976 2168 1047 2195; x_wconf 77' lang='lat' dir='ltr'><strong>XIX.</strong></span> <span class='ocrx_word' id='word_1_775' title='bbox 1067 2168 1306 2196; x_wconf 70' lang='lat' dir='ltr'><strong>Setinunchzeresi</strong></span> <span class='ocrx_word' id='word_1_776' title='bbox 1321 2167 1365 2194; x_wconf 90' lang='lat' dir='ltr'><strong>illa</strong></span> <span class='ocrx_word' id='word_1_777' title='bbox 1379 2167 1573 2201; x_wconf 68' lang='lat' dir='ltr'><strong>praetermissa,</strong></span> <span class='ocrx_word' id='word_1_778' title='bbox 1586 2167 1727 2202; x_wconf 85' lang='lat' dir='ltr'><strong>deinceps,</strong></span> 
     </span>
    </p>
   </div>
   <div class='ocr_carea' id='block_1_103' title="bbox 907 2205 1727 2251">
    <p class='ocr_par' dir='ltr' id='par_1_103' title="bbox 907 2205 1727 2251">
     <span class='ocr_line' id='line_1_103' title="bbox 907 2205 1727 2251; baseline -0.001 -11"><span class='ocrx_word' id='word_1_779' title='bbox 907 2205 929 2233; x_wconf 74' lang='grc' dir='ltr'><strong>ι)</strong></span> <span class='ocrx_word' id='word_1_780' title='bbox 944 2214 1115 2244; x_wconf 86' lang='lat' dir='ltr'><strong>charissimi,</strong></span> <span class='ocrx_word' id='word_1_781' title='bbox 1136 2213 1170 2240; x_wconf 85' lang='lat' dir='ltr'><strong>ad</strong></span> <span class='ocrx_word' id='word_1_782' title='bbox 1195 2217 1345 2248; x_wconf 63' lang='lat' dir='ltr'><strong>prteruptas</strong></span> <span class='ocrx_word' id='word_1_783' title='bbox 1361 2212 1428 2239; x_wconf 86' lang='lat' dir='ltr'><strong>alias</strong></span> <span class='ocrx_word' id='word_1_784' title='bbox 1443 2212 1501 2239; x_wconf 79' lang='lat' dir='ltr'><strong>vias</strong></span> <span class='ocrx_word' id='word_1_785' title='bbox 1522 2219 1553 2238; x_wconf 84' lang='lat' dir='ltr'><strong>ac</strong></span> <span class='ocrx_word' id='word_1_786' title='bbox 1573 2212 1727 2251; x_wconf 77' lang='lat' dir='ltr'><strong>salebrosas</strong></span> 
     </span>
    </p>
   </div>
   <div class='ocr_carea' id='block_1_104' title="bbox 944 2258 1728 2293">
    <p class='ocr_par' dir='ltr' id='par_1_104' title="bbox 944 2258 1728 2293">
     <span class='ocr_line' id='line_1_104' title="bbox 944 2258 1728 2293; baseline -0.003 -6"><span class='ocrx_word' id='word_1_787' title='bbox 944 2268 987 2287; x_wconf 89' lang='lat' dir='ltr'><strong>me</strong></span> <span class='ocrx_word' id='word_1_788' title='bbox 1002 2260 1152 2291; x_wconf 84' lang='lat' dir='ltr'><strong>conferam,</strong></span> <span class='ocrx_word' id='word_1_789' title='bbox 1174 2267 1228 2286; x_wconf 90' lang='lat' dir='ltr'><strong>non</strong></span> <span class='ocrx_word' id='word_1_790' title='bbox 1246 2263 1276 2286; x_wconf 87' lang='lat' dir='ltr'><strong>ut</strong></span> <span class='ocrx_word' id='word_1_791' title='bbox 1293 2260 1344 2285; x_wconf 85' lang='lat' dir='ltr'><strong>iter</strong></span> <span class='ocrx_word' id='word_1_792' title='bbox 1359 2266 1407 2293; x_wconf 74' lang='lat' dir='ltr'><strong>per</strong></span> <span class='ocrx_word' id='word_1_793' title='bbox 1431 2258 1491 2284; x_wconf 88' lang='lat' dir='ltr'><strong>illas</strong></span> <span class='ocrx_word' id='word_1_794' title='bbox 1512 2258 1618 2290; x_wconf 78' lang='lat' dir='ltr'><strong>faciam,</strong></span> <span class='ocrx_word' id='word_1_795' title='bbox 1635 2258 1682 2286; x_wconf 83' lang='lat' dir='ltr'><strong>sed</strong></span> <span class='ocrx_word' id='word_1_796' title='bbox 1698 2263 1728 2286; x_wconf 87' lang='lat' dir='ltr'><strong>ut</strong></span> 
     </span>
    </p>
   </div>
   <div class='ocr_carea' id='block_1_105' title="bbox 943 2304 1728 2339">
    <p class='ocr_par' dir='ltr' id='par_1_105' title="bbox 943 2304 1728 2339">
     <span class='ocr_line' id='line_1_105' title="bbox 943 2304 1728 2339; baseline -0.001 -7"><span class='ocrx_word' id='word_1_797' title='bbox 943 2306 1050 2333; x_wconf 86' lang='lat' dir='ltr'><strong>eminus</strong></span> <span class='ocrx_word' id='word_1_798' title='bbox 1083 2306 1117 2333; x_wconf 90' lang='lat' dir='ltr'><strong>iis</strong></span> <span class='ocrx_word' id='word_1_799' title='bbox 1145 2309 1376 2336; x_wconf 85' lang='lat' dir='ltr'><strong>commonstrcm,</strong></span> <span class='ocrx_word' id='word_1_800' title='bbox 1402 2304 1448 2339; x_wconf 92' lang='lat' dir='ltr'><strong>qui</strong></span> <span class='ocrx_word' id='word_1_801' title='bbox 1475 2304 1636 2338; x_wconf 82' lang='lat' dir='ltr'><strong>asperitates</strong></span> <span class='ocrx_word' id='word_1_802' title='bbox 1668 2304 1728 2331; x_wconf 80' lang='lat' dir='ltr'><strong>illas</strong></span> 
     </span>
    </p>
   </div>
   <div class='ocr_carea' id='block_1_106' title="bbox 942 2351 1726 2387">
    <p class='ocr_par' dir='ltr' id='par_1_106' title="bbox 942 2351 1726 2387">
     <span class='ocr_line' id='line_1_106' title="bbox 942 2351 1726 2387; baseline -0.003 -9"><span class='ocrx_word' id='word_1_803' title='bbox 942 2359 1116 2387; x_wconf 81' lang='lat' dir='ltr'><strong>cognoscere,</strong></span> <span class='ocrx_word' id='word_1_804' title='bbox 1131 2356 1156 2379; x_wconf 86' lang='lat' dir='ltr'><strong>et</strong></span> <span class='ocrx_word' id='word_1_805' title='bbox 1173 2351 1206 2378; x_wconf 86' lang='lat' dir='ltr'><strong>ad</strong></span> <span class='ocrx_word' id='word_1_806' title='bbox 1220 2354 1323 2384; x_wconf 72' lang='lat' dir='ltr'><strong>arctam</strong></span> <span class='ocrx_word' id='word_1_807' title='bbox 1339 2351 1412 2377; x_wconf 91' lang='lat' dir='ltr'><strong>illam</strong></span> <span class='ocrx_word' id='word_1_808' title='bbox 1432 2356 1629 2385; x_wconf 75' lang='lat' dir='ltr'><strong>angustumque</strong></span> <span class='ocrx_word' id='word_1_809' title='bbox 1643 2351 1726 2384; x_wconf 84' lang='lat' dir='ltr'><strong>viam,</strong></span> 
     </span>
    </p>
   </div>
   <div class='ocr_carea' id='block_1_107' title="bbox 941 2395 1727 2431">
    <p class='ocr_par' dir='ltr' id='par_1_107' title="bbox 941 2395 1727 2431">
     <span class='ocr_line' id='line_1_107' title="bbox 941 2395 1727 2431; baseline -0.001 -7"><span class='ocrx_word' id='word_1_810' title='bbox 941 2405 1001 2431; x_wconf 72' lang='lat' dir='ltr'><strong>qua:</strong></span> <span class='ocrx_word' id='word_1_811' title='bbox 1019 2397 1053 2423; x_wconf 87' lang='lat' dir='ltr'><strong>ad</strong></span> <span class='ocrx_word' id='word_1_812' title='bbox 1069 2402 1196 2424; x_wconf 68' lang='lat' dir='ltr'><strong>aeternam</strong></span> <span class='ocrx_word' id='word_1_813' title='bbox 1218 2396 1301 2423; x_wconf 84' lang='lat' dir='ltr'><strong>vitam</strong></span> <span class='ocrx_word' id='word_1_814' title='bbox 1317 2395 1450 2430; x_wconf 83' lang='lat' dir='ltr'><strong>perducit,</strong></span> <span class='ocrx_word' id='word_1_815' title='bbox 1465 2395 1612 2430; x_wconf 80' lang='lat' dir='ltr'><strong>confugere</strong></span> <span class='ocrx_word' id='word_1_816' title='bbox 1633 2396 1727 2423; x_wconf 90' lang='lat' dir='ltr'><strong>volue-</strong></span> 
     </span>
    </p>
   </div>
   <div class='ocr_carea' id='block_1_108' title="bbox 939 2441 1726 2476">
    <p class='ocr_par' dir='ltr' id='par_1_108' title="bbox 939 2441 1726 2476">
     <span class='ocr_line' id='line_1_108' title="bbox 939 2441 1726 2476; baseline -0.004 -6"><span class='ocrx_word' id='word_1_817' title='bbox 939 2444 1004 2475; x_wconf 87' lang='lat' dir='ltr'><strong>rint,</strong></span> <span class='ocrx_word' id='word_1_818' title='bbox 1025 2443 1107 2469; x_wconf 86' lang='lat' dir='ltr'><strong>latam</strong></span> <span class='ocrx_word' id='word_1_819' title='bbox 1132 2449 1197 2469; x_wconf 87' lang='lat' dir='ltr'><strong>vero</strong></span> <span class='ocrx_word' id='word_1_820' title='bbox 1223 2449 1255 2468; x_wconf 88' lang='lat' dir='ltr'><strong>ac</strong></span> <span class='ocrx_word' id='word_1_821' title='bbox 1275 2442 1423 2476; x_wconf 86' lang='lat' dir='ltr'><strong>spatiosam</strong></span> <span class='ocrx_word' id='word_1_822' title='bbox 1449 2441 1531 2468; x_wconf 86' lang='lat' dir='ltr'><strong>aliam</strong></span> <span class='ocrx_word' id='word_1_823' title='bbox 1560 2441 1726 2476; x_wconf 77' lang='lat' dir='ltr'><strong>relinquere,</strong></span> 
     </span>
    </p>
   </div>
   <div class='ocr_carea' id='block_1_109' title="bbox 938 2486 1727 2523">
    <p class='ocr_par' dir='ltr' id='par_1_109' title="bbox 938 2486 1727 2523">
     <span class='ocr_line' id='line_1_109' title="bbox 938 2486 1727 2523; baseline -0.001 -8"><span class='ocrx_word' id='word_1_824' title='bbox 938 2496 998 2523; x_wconf 65' lang='lat' dir='ltr'><strong>quae</strong></span> <span class='ocrx_word' id='word_1_825' title='bbox 1010 2488 1095 2523; x_wconf 85' lang='lat' dir='ltr'><strong>spinis</strong></span> <span class='ocrx_word' id='word_1_826' title='bbox 1108 2489 1267 2521; x_wconf 83' lang='lat' dir='ltr'><strong>intercepta,</strong></span> <span class='ocrx_word' id='word_1_827' title='bbox 1280 2492 1307 2514; x_wconf 89' lang='lat' dir='ltr'><strong>et</strong></span> <span class='ocrx_word' id='word_1_828' title='bbox 1315 2486 1485 2514; x_wconf 77' lang='lat' dir='ltr'><strong>offendiculis</strong></span> <span class='ocrx_word' id='word_1_829' title='bbox 1498 2487 1638 2522; x_wconf 86' lang='lat' dir='ltr'><strong>impedita,</strong></span> <span class='ocrx_word' id='word_1_830' title='bbox 1647 2495 1727 2514; x_wconf 74' lang='lat' dir='ltr'><strong>caeno</strong></span> 
     </span>
    </p>
   </div>
   <div class='ocr_carea' id='block_1_110' title="bbox 937 2532 1725 2568">
    <p class='ocr_par' dir='ltr' id='par_1_110' title="bbox 937 2532 1725 2568">
     <span class='ocr_line' id='line_1_110' title="bbox 937 2532 1725 2568; baseline -0.004 -7"><span class='ocrx_word' id='word_1_831' title='bbox 937 2534 1036 2567; x_wconf 84' lang='lat' dir='ltr'><strong>obsita,</strong></span> <span class='ocrx_word' id='word_1_832' title='bbox 1052 2538 1078 2561; x_wconf 89' lang='lat' dir='ltr'><strong>et</strong></span> <span class='ocrx_word' id='word_1_833' title='bbox 1103 2534 1263 2562; x_wconf 86' lang='lat' dir='ltr'><strong>libidinibus</strong></span> <span class='ocrx_word' id='word_1_834' title='bbox 1288 2541 1320 2560; x_wconf 89' lang='lat' dir='ltr'><strong>ac</strong></span> <span class='ocrx_word' id='word_1_835' title='bbox 1345 2532 1455 2568; x_wconf 86' lang='lat' dir='ltr'><strong>ﬂagitiis</strong></span> <span class='ocrx_word' id='word_1_836' title='bbox 1474 2532 1600 2560; x_wconf 89' lang='lat' dir='ltr'><strong>omnibus</strong></span> <span class='ocrx_word' id='word_1_837' title='bbox 1619 2537 1658 2560; x_wconf 89' lang='lat' dir='ltr'><strong>est</strong></span> <span class='ocrx_word' id='word_1_838' title='bbox 1682 2541 1725 2559; x_wconf 88' lang='lat' dir='ltr'><strong>re-</strong></span> 
     </span>
    </p>
   </div>
   <div class='ocr_carea' id='block_1_111' title="bbox 938 2578 1725 2614">
    <p class='ocr_par' dir='ltr' id='par_1_111' title="bbox 938 2578 1725 2614">
     <span class='ocr_line' id='line_1_111' title="bbox 938 2578 1725 2614; baseline -0.005 -7"><span class='ocrx_word' id='word_1_839' title='bbox 938 2581 1016 2607; x_wconf 84' lang='lat' dir='ltr'><strong>ferta.</strong></span> <span class='ocrx_word' id='word_1_840' title='bbox 1033 2580 1117 2614; x_wconf 71' lang='lat' dir='ltr'><strong>Cujus</strong></span> <span class='ocrx_word' id='word_1_841' title='bbox 1135 2579 1243 2614; x_wconf 89' lang='lat' dir='ltr'><strong>quidem</strong></span> <span class='ocrx_word' id='word_1_842' title='bbox 1259 2579 1445 2614; x_wconf 72' lang='lat' dir='ltr'><strong>impudicitia‘,</strong></span> <span class='ocrx_word' id='word_1_843' title='bbox 1464 2586 1496 2605; x_wconf 85' lang='lat' dir='ltr'><strong>ac</strong></span> <span class='ocrx_word' id='word_1_844' title='bbox 1514 2578 1634 2606; x_wconf 86' lang='lat' dir='ltr'><strong>libidinis</strong></span> <span class='ocrx_word' id='word_1_845' title='bbox 1651 2578 1725 2604; x_wconf 75' lang='lat' dir='ltr'><strong>simi-</strong></span> 
     </span>
    </p>
   </div>
   <div class='ocr_carea' id='block_1_112' title="bbox 937 2623 1723 2659">
    <p class='ocr_par' dir='ltr' id='par_1_112' title="bbox 937 2623 1723 2659">
     <span class='ocr_line' id='line_1_112' title="bbox 937 2623 1723 2659; baseline -0.004 -8"><span class='ocrx_word' id='word_1_846' title='bbox 937 2624 1078 2651; x_wconf 82' lang='lat' dir='ltr'><strong>litudinem</strong></span> <span class='ocrx_word' id='word_1_847' title='bbox 1095 2624 1178 2651; x_wconf 84' lang='lat' dir='ltr'><strong>refert</strong></span> <span class='ocrx_word' id='word_1_848' title='bbox 1187 2632 1273 2659; x_wconf 79' lang='lat' dir='ltr'><strong>genus</strong></span> <span class='ocrx_word' id='word_1_849' title='bbox 1284 2624 1350 2651; x_wconf 87' lang='lat' dir='ltr'><strong>illttd</strong></span> <span class='ocrx_word' id='word_1_850' title='bbox 1366 2623 1500 2658; x_wconf 81' lang='lat' dir='ltr'><strong>serpentis</strong></span> <span class='ocrx_word' id='word_1_851' title='bbox 1513 2623 1723 2653; x_wconf 83' lang='lat' dir='ltr'><strong>atrocissimum.</strong></span> 
     </span>
    </p>
   </div>
   <div class='ocr_carea' id='block_1_113' title="bbox 936 2668 1723 2704">
    <p class='ocr_par' dir='ltr' id='par_1_113' title="bbox 936 2668 1723 2704">
     <span class='ocr_line' id='line_1_113' title="bbox 936 2668 1723 2704; baseline -0.004 -7"><span class='ocrx_word' id='word_1_852' title='bbox 936 2670 980 2697; x_wconf 93' lang='lat' dir='ltr'><strong>cui</strong></span> <span class='ocrx_word' id='word_1_853' title='bbox 997 2675 1088 2704; x_wconf 76' lang='lat' dir='ltr'><strong>partus</strong></span> <span class='ocrx_word' id='word_1_854' title='bbox 1108 2670 1221 2703; x_wconf 67' lang='lat' dir='ltr'><strong>expertis</strong></span> <span class='ocrx_word' id='word_1_855' title='bbox 1237 2670 1331 2700; x_wconf 73' lang='lat' dir='ltr'><strong>vipera:</strong></span> <span class='ocrx_word' id='word_1_856' title='bbox 1352 2677 1450 2696; x_wconf 88' lang='lat' dir='ltr'><strong>nomen</strong></span> <span class='ocrx_word' id='word_1_857' title='bbox 1468 2672 1591 2696; x_wconf 90' lang='lat' dir='ltr'><strong>vetustas</strong></span> <span class='ocrx_word' id='word_1_858' title='bbox 1616 2668 1723 2695; x_wconf 89' lang='lat' dir='ltr'><strong>indidit.</strong></span> 
     </span>
    </p>
   </div>
   <div class='ocr_carea' id='block_1_114' title="bbox 936 2714 1725 2750">
    <p class='ocr_par' dir='ltr' id='par_1_114' title="bbox 936 2714 1725 2750">
     <span class='ocr_line' id='line_1_114' title="bbox 936 2714 1725 2750; baseline -0.004 -8"><span class='ocrx_word' id='word_1_859' title='bbox 936 2715 1023 2750; x_wconf 83' lang='lat' dir='ltr'><strong>IIujus</strong></span> <span class='ocrx_word' id='word_1_860' title='bbox 1039 2716 1111 2742; x_wconf 88' lang='lat' dir='ltr'><strong>enim</strong></span> <span class='ocrx_word' id='word_1_861' title='bbox 1139 2719 1235 2742; x_wconf 87' lang='lat' dir='ltr'><strong>natura</strong></span> <span class='ocrx_word' id='word_1_862' title='bbox 1255 2716 1363 2742; x_wconf 90' lang='lat' dir='ltr'><strong>illorum</strong></span> <span class='ocrx_word' id='word_1_863' title='bbox 1385 2715 1514 2750; x_wconf 64' lang='lat' dir='ltr'><strong>nequitiae</strong></span> <span class='ocrx_word' id='word_1_864' title='bbox 1537 2722 1618 2749; x_wconf 89' lang='lat' dir='ltr'><strong>quam</strong></span> <span class='ocrx_word' id='word_1_865' title='bbox 1637 2714 1725 2740; x_wconf 74' lang='lat' dir='ltr'><strong>simil~</strong></span> 
     </span>
    </p>
   </div>
   <div class='ocr_carea' id='block_1_115' title="bbox 935 2760 1725 2797">
    <p class='ocr_par' dir='ltr' id='par_1_115' title="bbox 935 2760 1725 2797">
     <span class='ocr_line' id='line_1_115' title="bbox 935 2760 1725 2797; baseline -0.004 -8"><span class='ocrx_word' id='word_1_866' title='bbox 935 2762 1000 2789; x_wconf 87' lang='lat' dir='ltr'><strong>lima</strong></span> <span class='ocrx_word' id='word_1_867' title='bbox 1018 2767 1081 2789; x_wconf 83' lang='lat' dir='ltr'><strong>est:</strong></span> <span class='ocrx_word' id='word_1_868' title='bbox 1103 2762 1148 2797; x_wconf 89' lang='lat' dir='ltr'><strong>qui</strong></span> <span class='ocrx_word' id='word_1_869' title='bbox 1168 2769 1229 2788; x_wconf 91' lang='lat' dir='ltr'><strong>cum</strong></span> <span class='ocrx_word' id='word_1_870' title='bbox 1248 2762 1376 2789; x_wconf 87' lang='lat' dir='ltr'><strong>masculis</strong></span> <span class='ocrx_word' id='word_1_871' title='bbox 1394 2767 1440 2789; x_wconf 86' lang='lat' dir='ltr'><strong>aut</strong></span> <span class='ocrx_word' id='word_1_872' title='bbox 1456 2761 1565 2789; x_wconf 88' lang='lat' dir='ltr'><strong>feminis</strong></span> <span class='ocrx_word' id='word_1_873' title='bbox 1580 2760 1725 2795; x_wconf 81' lang='lat' dir='ltr'><strong>turpitudi-</strong></span> 
     </span>
    </p>
   </div>
   <div class='ocr_carea' id='block_1_116' title="bbox 1140 2840 1363 2871">
    <p class='ocr_par' dir='ltr' id='par_1_116' title="bbox 1140 2840 1363 2871">
     <span class='ocr_line' id='line_1_116' title="bbox 1140 2840 1363 2871; baseline -0.009 -3"><span class='ocrx_word' id='word_1_874' title='bbox 1140 2841 1149 2856; x_wconf 78' lang='lat'><strong><em>&quot;</em></strong></span> <span class='ocrx_word' id='word_1_875' title='bbox 1164 2840 1236 2868; x_wconf 80' lang='lat' dir='ltr'><strong>Psztl.</strong></span> <span class='ocrx_word' id='word_1_876' title='bbox 1252 2849 1300 2871; x_wconf 85' lang='lat' dir='ltr'><strong>vn,</strong></span> <span class='ocrx_word' id='word_1_877' title='bbox 1321 2840 1363 2866; x_wconf 75' lang='lat' dir='ltr'><strong>I7.</strong></span> 
     </span>
    </p>
   </div>
   <div class='ocr_carea' id='block_1_117' title="bbox 1524 2886 1560 2915">
    <p class='ocr_par' dir='ltr' id='par_1_117' title="bbox 1524 2886 1560 2915">
     <span class='ocr_line' id='line_1_117' title="bbox 1524 2886 1560 2915; baseline 0 0"><span class='ocrx_word' id='word_1_878' title='bbox 1524 2886 1560 2915; x_wconf 81' lang='grc'>12</span> 
     </span>
    </p>
   </div>
  </div>
