1944 3037
214 153 266 183 5σὲ

919 152 946 181 SI.
969 152 1139 180 EPIPHANH

1788 155 1846 182 56.5

215 222 275 241 nem
294 216 446 249 patrantes,
474 219 567 240 semen
592 211 736 239 infundere
760 212 917 247 prohibent,
941 213 993 239 insi

1058 212 1258 248 ἀπαγορεύουσι
1276 213 1325 248 τὴν
1341 212 1396 239 τῶν
1411 213 1574 248 σπερμάτων
1589 212 1750 248 καταϐολὴν,
1767 212 1844 246 ἀφα-

215 264 326 294 tamqne
353 259 453 286 creatis
469 259 551 286 rebus
569 266 583 285 a
606 258 661 286 Deo
684 259 919 293 propagandorum
947 260 1002 286 vim

214 305 318 332 fetuum
328 305 514 340 exstinguunt.
530 304 606 331 Unde
619 308 645 331 et
659 304 804 338 Apostolus
817 305 852 332 ita
870 305 981 340 scripsit
994 315 1000 332 :

216 350 361 378 Mercedem
378 359 457 385 quam
477 351 591 384 oportuit
607 350 704 377 erroris
723 351 766 376 sui
785 351 812 376 in
831 350 921 384 seipsis
941 350 1003 376 reci-

215 398 313 431 pientes
329 397 350 429 ¹,
373 400 425 423 etc.
446 395 491 422 Sic
512 396 584 422 enim
612 394 725 422 ferunt:
747 398 841 429 partus
864 398 1001 429 expertem

216 443 290 470 illam
306 443 426 477 viperam
449 441 576 468 titillante
599 441 721 468 libidinis
741 441 878 475 voluptate
900 448 1001 467 marem

216 489 297 516 simul
325 496 356 515 ac
373 488 500 515 feminam
519 488 589 513 inter
603 495 632 514 se
652 488 833 519 commisceri,
856 494 887 513 ac
904 495 951 522 per
970 494 1002 514 os

215 534 356 569 congredi.
381 533 478 560 lliante
504 532 637 567 siquidem
659 532 770 565 femina,
793 540 895 559 marem
919 535 1002 566 caput

217 580 347 606 inserere.
370 578 448 612 102
471 576 545 604 illam
562 585 618 612 prm
637 577 755 604 libidinis
771 578 902 605 suavitate
921 582 1002 612 caput

216 626 297 660 hujus
312 624 486 655 abscindere;
502 623 689 657 exhaustoque
703 624 774 658 quod
792 631 823 650 ex
839 631 887 650 ore
907 623 1000 650 destil-

215 672 253 698 lat
274 678 390 700 veneno,
410 669 493 696 fetum
515 669 599 696 maris
619 676 650 695 ac
673 668 778 696 femime
799 677 848 704 par
874 669 901 695 in
924 673 1001 696 utero

215 723 319 751 gerere.
340 715 368 742 ld
385 715 431 742 ubi
447 715 573 744 creverit.
590 722 651 741 cuni
676 715 781 741 nullum
797 722 851 749 quo
872 715 898 741 in
913 715 1000 742 lucem

215 765 340 796 erumpat
363 761 465 788 exitum
483 760 592 795 reperit,
618 765 769 787 maternum
792 760 863 787 latus
891 765 1001 795 pertun-

215 808 290 839 dere,
307 807 398 841 itaque
409 814 470 833 cum
485 807 628 840 utriusque
644 806 764 840 parentis
781 806 891 833 interittt
913 806 998 833 nasci.

215 854 281 881 lude
300 858 394 888 partus
411 857 547 887 expertem
574 852 770 887 cognominari.
794 851 843 879 Est
860 860 924 879 vero
947 860 1000 886 pra:

215 900 322 927 caeteris
337 898 396 925 dira
411 898 584 932 serpentibus
599 906 631 924 ac
647 897 838 929 formidabilis,
853 905 914 932 qme
928 898 999 924 intra
1016 892 1035 919 Β

214 953 276 972 sese
297 951 399 971 marem
414 947 518 973 enecat.
537 947 617 977 atque
629 950 676 969 ore
695 943 753 976 ipso
769 942 906 969 feditatem
925 943 999 968 exei-

214 990 263 1024 pit.
281 989 349 1016 lluic
366 996 447 1024 porro
462 989 569 1023 gemina
586 989 682 1014 insana
698 988 743 1014 illa
760 988 871 1014 hzeresis
886 992 937 1019 est,
953 995 998 1014 cu-

211 1037 258 1070 jus
276 1043 327 1063 nos
341 1035 441 1070 capite,
459 1040 490 1061 a‘c
503 1041 628 1069 corpore,
649 1034 762 1068 ejusque
778 1033 835 1060 fetu
852 1034 924 1060 omni
937 1033 998 1061 vitm

214 1082 312 1109 baculo
334 1080 471 1113 contritis,
493 1079 526 1106 ad
549 1080 617 1107 alias
642 1083 825 1111 transeamus,
854 1079 998 1113 implorata

213 1127 335 1154 numinis
352 1134 413 1161 ope,
432 1125 476 1152 cui
493 1125 580 1153 honor
593 1128 622 1152 et
637 1125 780 1160 imperium
793 1125 820 1152 in
833 1125 932 1152 Saecula
946 1133 997 1152 saa-

214 1174 349 1201 culorum.
366 1174 462 1199 Amen.

1054 259 1172 292 νίζοντες
1187 260 1235 295 τὴν
1247 261 1279 286 ἐκ
1291 259 1358 286 Θεοῦ
1370 261 1425 291 τοῖς
1441 260 1571 294 κτίσμασι
1583 260 1732 294 γενομένην
1748 267 1844 285 τεκνο-

1053 306 1160 340 γονῐαν·
1182 306 1219 338 ὡς
1234 307 1280 332 καὶ
1303 307 1318 332 ὁ
1342 305 1498 337 Ἀπύστολός
1514 314 1580 340 φησι
1591 314 1598 320 ·
1618 305 1677 338 Τὴν
1689 305 1743 339 γὰρ
1755 305 1840 331 ἀντι-

1050 352 1175 385 μισθίαν
1189 351 1229 385 ἢν
1242 352 1301 378 ἔδει
1319 351 1372 385 τῆς
1386 352 1504 385 πλάνης
1519 352 1553 378 ἐν
1571 351 1688 384 ἑαυτοῖς
1699 351 1840 384 (immug-

1053 396 1202 429 ϐάνοντες,
1220 397 1266 423 καὶ
1283 397 1317 423 τὰ
1334 397 1407 431 ἑξῆς.
1422 397 1499 423 Οὕτω
1522 397 1576 432 γάρ
1598 405 1680 430 φασι,
1694 397 1742 431 τὴν
1758 397 1840 422 ἀπει-

1054 442 1162 478 poem»
1179 443 1232 477 (Si)
1257 443 1362 478 ἔχιδναν
1380 443 1536 478 θελχθείσαν
1553 443 1591 478 τῷ
1613 443 1692 469 πάθει
1710 443 1759 477 τῆς
1774 444 1838 469 επι-

1053 489 1151 523 θυμίας
1162 509 1169 520 ,
1194 489 1242 524 τήν
1266 497 1296 515 τε
1313 489 1423 522 θήλειαν
1443 488 1509 524 πρὸς
1533 488 1576 515 τὸν
1593 488 1695 524 ἄρρενα
1706 508 1712 519 ,
1729 489 1775 514 καὶ
1790 488 1840 514 τὸν

1051 535 1152 570 ἄρρενα
1168 535 1234 570 πρὸς
1247 536 1296 570 τὴν
1313 535 1439 570 θήλειαν,
1455 535 1668 569 περιπλακείσας
1690 535 1737 569 μὲν
1756 534 1837 568 ὁμοῦ,

1051 580 1094 606 διὰ
1107 579 1153 606 τοῦ
1169 580 1300 614 στόματος
1317 580 1462 616 χαινούσης
1476 581 1525 615 τῆς
1547 580 1656 616 θηλείας
1672 580 1716 605 τὸν
1733 579 1838 615 ἄρρενα

1053 627 1102 661 τὴν
1115 626 1233 661 κεφαλὴν
1246 626 1412 652 εἰσϐάλλειν·
1430 626 1536 662 ἐκείνης
1554 626 1581 652 δὲ
1603 626 1682 652 πάθει
1699 624 1838 659 συσχεθεῖ-

1052 680 1101 706 σης
1119 671 1281 706 ἀποτέμνειν
1301 671 1349 707 τὴν
1367 672 1460 698 τούτου
1481 672 1600 706 κεφαλήν
1611 681 1617 687 ·
1630 672 1678 698 καὶ
1691 671 1775 701 οὕτως
1789 671 1839 696 τὸν

1050 718 1103 743 ἀπὸ
1125 717 1171 743 τοῦ
1196 717 1328 752 στόματος
1353 718 1520 749 σταλάξςιντα
1547 718 1585 744 ἱὺν
1604 717 1786 743 καταπιοῦσαν
1805 717 1838 742 ὲν

1051 763 1148 797 ἑαυτῇ,
1162 763 1321 797 ἐγκυμονεῖν
1347 762 1395 796 μὲν
1412 763 1515 788 τοιοῦτο
1537 761 1631 796 ζεῦγος
1657 760 1835 795 ἁῤῥενόθηλυ.

1052 808 1138 843 Ὅπερ
1153 807 1263 841 ζεῦγος,
1280 808 1424 844 ἀνδρυνθὲν
1440 810 1468 834 ἐν
1484 810 1516 843 τῇ
1537 808 1637 842 κοιλίᾳ,
1654 807 1699 833 καὶ
1716 807 1752 841 μὴ
1773 805 1836 840 ἕχον

1051 852 1130 878 πόθεν
1149 852 1327 887 γεννηθῆναι,
1343 853 1390 888 τὴν
1414 853 1532 888 πλευρὰν
1547 854 1596 887 τῆς
1614 853 1714 887 μητρος
1736 850 1833 886 τιτρώ-

1051 907 1135 928 σκειν,
1157 899 1204 925 καὶ
1216 899 1302 931 οὕτως
1318 900 1472 933 γεννᾶσθαι,
1494 899 1563 925 ὦστε
1579 899 1726 925 ἀπολέσθαι
1741 899 1786 924 τόν
1804 906 1835 924 τε

1050 944 1150 970 τούτων
1164 945 1268 980 πατέρα
1282 945 1329 971 καὶ
1338 945 1386 980 τὴν
1400 946 1513 981 μητέρα.
1525 945 1622 980 Διόπερ
1639 944 1837 978 ἀπείρώόινοτ·

1050 990 1118 1026 αὐτῇ
1135 991 1261 1017 ἐπέθεντο
1275 991 1370 1026 ὄνομα,
1385 993 1426 1018 ὅτι
1443 991 1543 1017 ὠδίνων
1555 991 1584 1017 οὐ
1601 991 1739 1025 πειρᾶται.
1756 989 1836 1024 Δεινὴ

1050 1035 1078 1062 δὲ
1097 1037 1142 1062 καὶ
1155 1036 1258 1072 φοϐερὰ
1278 1037 1354 1072 παρὰ
1375 1037 1463 1064 πάντα
1475 1037 1508 1064 τὰ
1523 1036 1625 1072 ἑρπετὰ
1642 1036 1786 1070 τυγχάνει,
1805 1036 1836 1061 ὲν

1051 1081 1134 1116 ἑαυτῇ
1145 1081 1191 1107 τὸν
1203 1083 1212 1096 ¹
1227 1082 1378 1117 ἀφανισμὸν
1391 1082 1601 1118 ἐξεργαζομένη,
1617 1082 1663 1108 καὶ
1675 1081 1717 1107 διὰ
1735 1081 1835 1115 στόμα-

1049 1134 1094 1156 τος
1113 1127 1161 1160 τὴν
1172 1126 1338 1161 αἰσχρότητα
1355 1126 1595 1162 ἀπολαμϐάνουσα.
1608 1124 1647 1161 ’ᾙ
1664 1126 1750 1152 ἔοικεν
1765 1125 1835 1159 αὕτη

1049 1171 1065 1206 ἡ
1094 1171 1278 1207 φρενοϐλαϐὴς
1305 1173 1427 1208 αἵρεσις,
1457 1171 1491 1208 ἦς
1516 1172 1565 1207 τὴν
1590 1172 1710 1207 κεςξαλὴν
1733 1171 1779 1197 καὶ
1804 1171 1837 1196 τὸ

214 1220 304 1256 σῶμα,
327 1221 373 1247 καὶ
391 1220 425 1246 τὰ
448 1219 477 1252 ἐξ
499 1218 583 1254 αὐτῆς
606 1220 791 1254 γεγεννημένα
807 1219 923 1245 ἐνταῦθα
940 1218 1134 1254 συντρίψαντες
1151 1219 1189 1254 τῷ
1204 1219 1273 1255 ξύλῳ
1285 1220 1335 1255 τῆς
1364 1220 1446 1256 ζωῆς,
1477 1221 1526 1252 τὰς
1551 1221 1645 1256 ἐτέρας
1678 1220 1836 1247 διασκοπεῖν

211 1267 387 1303 προσθῶμεν,
403 1267 468 1293 Θεὸν
483 1267 590 1302 ἀρωγὸν
603 1266 821 1301 ἐπικαλούμενοι,
835 1263 857 1300 ᾧ
869 1267 936 1303 τιμὴ
948 1267 995 1294 καὶ
1015 1268 1115 1303 κράτος
1129 1269 1169 1299 εἰς
1181 1268 1284 1299 αἰῶνας
1301 1268 1416 1295 αἰώνων.
1439 1269 1535 1304 Ἀμὴν.

339 1331 341 1334 ‘
387 1322 526 1350 CONTRA
549 1321 821 1355 CARPOCRASIOS,

348 1377 413 1410 Qua:
431 1382 469 1404 est
482 1378 588 1404 ha’resis
611 1377 675 1409 VII,
689 1378 728 1405 vel
741 1378 792 1405 XX
802 1377 864 1406 VII.

248 1434 268 1461 l.
287 1433 440 1462 Secundum
458 1433 506 1460 hos
516 1434 586 1460 alius
600 1434 708 1468 quidam
717 1433 867 1468 Carpocras
882 1435 996 1465 exstitit,

213 1481 260 1514 qui
276 1488 308 1507 ex
324 1479 445 1506 mendaci
459 1478 566 1513 ingenio
586 1487 635 1506 suo
651 1479 788 1514 propriam
806 1480 950 1514 quamdam
966 1489 998 1509 ac

1243 1326 1336 1352 ΚΑΤΑ
1357 1326 1626 1352 ΚΑΡΠΟΚΡΑΣΙΩΝ
1633 1346 1641 1358 ,

1186 1381 1310 1416 Ἑϐδόμη
1322 1402 1329 1414 ,
1343 1383 1362 1416 ἠ
1382 1382 1430 1408 καὶ
1446 1382 1568 1417 εἰκοστὴ
1586 1383 1704 1417 ἑϐδόμη.

1082 1439 1122 1465 A'.
1155 1439 1322 1473 Καρποκρᾶς
1350 1446 1392 1470 τις
1420 1438 1511 1473 ἕτερος
1546 1438 1666 1472 γίνεται,
1700 1438 1837 1473 συστήσας

1049 1484 1138 1519 ἑαυτῷ
1157 1483 1285 1518 ἀθέμιτον
1309 1483 1479 1510 διδασκαλίαν
1494 1484 1542 1518 τῆς
1557 1483 1731 1519 ψευδωνύμου
1751 1485 1835 1510 αὐτοῦ

212 1526 344 1552 nefariam
372 1530 473 1552 sectam
494 1525 666 1559 excogitavit,
689 1529 716 1552 et
740 1526 865 1553 omnibus
890 1534 995 1553 morum

1050 1527 1173 1563 γνώμης,
1186 1528 1309 1563 χείρονας
1323 1528 1429 1554 πάντων
1444 1524 1521 1558 οὗτος
1533 1528 1596 1558 τοὺς
1608 1527 1723 1563 τρόπους
1739 1535 1836 1561 κεκτη-

214 1573 265 1599 fuit
285 1572 417 1607 pravitate
435 1571 565 1598 deterior.
586 1570 648 1597 "me
668 1572 739 1598 enim
757 1571 867 1599 haeresis
891 1580 923 1599 ex
939 1580 996 1598 0m-

213 1618 288 1645 nium
306 1617 444 1645 erroribus
459 1617 576 1644 eilloruit
590 1627 596 1644 :
617 1616 745 1648 Simonis,
762 1618 884 1652 inquam,
903 1622 929 1645 et
942 1617 998 1645 Me-

215 1663 323 1694 nandri,
342 1662 483 1694 Saturnili,
500 1670 532 1689 ac
550 1662 685 1693 Basiliden,
702 1666 729 1689 et
746 1662 858 1696 Nicolai,
877 1663 998 1698 adeoque

213 1709 387 1743 Carpoeratis
402 1709 499 1743 ipsius,
517 1713 573 1735 tum
586 1707 734 1740 Valentini,
751 1717 766 1735 a
781 1717 835 1744 quo
852 1714 997 1744 propagata

214 1755 260 1781 illa
273 1761 414 1788 perperam
432 1753 505 1780 dicta
520 1753 648 1788 cognitio,
665 1761 725 1788 quae
744 1753 932 1780 Gnosticorum
948 1761 996 1780 no-

213 1807 274 1826 men
297 1799 355 1826 suis
376 1798 503 1825 omnibus
527 1797 649 1825 allinxit:
677 1797 851 1833 indidetnque
875 1798 996 1826 Gnostici

211 1844 262 1876 illi,
279 1844 312 1872 de
326 1844 425 1878 quibus
445 1843 567 1878 proxime
585 1843 796 1877 disputavimus,
810 1843 996 1878 Catagnostici

213 1890 316 1926 potius,
331 1890 382 1916 hoc
395 1893 437 1917 est
454 1889 596 1916 Damnales
609 1889 773 1924 appellandi.

252 1936 282 1963 ll.
302 1935 355 1963 Sed
370 1939 399 1962 ut
414 1935 446 1962 ad
460 1935 649 1969 Carpocratem
665 1935 784 1966 redeant,
802 1935 825 1962 is
840 1943 996 1970 supremum

214 1983 323 2018 quidem
345 1981 507 2017 principium
524 1989 607 2008 unum
624 1981 733 2013 asserit,
750 1981 929 2016 eumdemque
950 1981 997 2008 Pa-

213 2033 318 2056 rentem
342 2028 474 2058 omnium,
495 2031 521 2054 et
540 2027 720 2062 incognitum,
736 2035 787 2054 nec
807 2028 862 2054 ullo
886 2028 996 2055 nomine

213 2075 407 2110 significatum,
430 2073 543 2108 perinde
567 2077 595 2099 ut
612 2073 719 2104 caeteri,
745 2073 836 2100 studet
863 2081 994 2100 asserere.

213 2119 341 2146 Mundum
356 2125 421 2145 vero
435 2121 462 2144 et
479 2125 537 2151 qua:
552 2118 654 2144 mundo
668 2118 842 2145 continentur
859 2118 893 2144 ab
914 2126 996 2153 ange-

211 2164 246 2191 iis
260 2171 321 2191 esse
338 2162 419 2194 facta,
440 2162 486 2196 qui
503 2163 641 2197 incognito
659 2163 704 2189 illo
729 2168 840 2197 parente
857 2163 936 2198 longe
954 2164 995 2189 in-

1050 1573 1138 1608 μένος.
1166 1573 1212 1599 Ἐκ
1229 1573 1337 1599 πάντων
1351 1572 1403 1607 γὰρ
1423 1572 1523 1598 τούτων
1539 1573 1658 1607 Σίμωνός
1672 1581 1701 1598 τε
1717 1573 1762 1599 καὶ
1779 1573 1836 1598 Με-

1047 1618 1177 1653 νάνδρου,
1196 1618 1354 1653 Σατορνίλου
1370 1627 1399 1644 τε
1421 1618 1468 1643 καὶ
1489 1617 1660 1649 Βασιλείδου,
1680 1617 1727 1643 καὶ
1748 1617 1833 1643 Νικο-

1047 1663 1123 1693 λάου,
1137 1664 1184 1690 καὶ
1197 1663 1279 1690 αὑτοῦ
1294 1664 1340 1690 τοῦ
1353 1664 1517 1698 Καρποχρᾶ,
1532 1663 1572 1689 ἔτι
1586 1663 1614 1689 δὲ
1629 1664 1660 1689 ἐκ
1672 1663 1835 1698 προφάσεως

1048 1709 1263 1744 Οὐαλεντίνου,ή
1281 1709 1329 1744 τῆς
1345 1709 1519 1744 ψευδωνύμου
1537 1708 1661 1743 γνώσεως
1678 1709 1747 1743 ἐφύη
1759 1709 1835 1743 αἴρε-

1049 1762 1099 1785 σις,
1117 1753 1177 1788 ἥτις
1193 1753 1361 1784 Γνωστικοὺς
1372 1753 1436 1784 τοὺς
1456 1753 1540 1788 αὐτῆς
1563 1752 1720 1787 ὠνόμασεν,
1735 1752 1781 1785 ἀφ’
1799 1749 1834 1786 ἧς

1047 1800 1070 1825 οἱ
1088 1799 1234 1825 Γνωστικοὶ
1249 1799 1299 1834 ἥδη
1314 1807 1358 1833 μοι
1371 1797 1544 1833 δεδήλωνται,
1556 1798 1771 1832 καταγνωστικοὶ
1791 1797 1834 1823 δ’.-

1048 1853 1091 1875 τες
1104 1844 1148 1870 τὸν
1162 1844 1271 1879 τρόπον.

1082 1933 1119 1959 B'.
1140 1930 1223 1963 Οὗτος
1236 1933 1263 1959 δὲ
1278 1932 1357 1959 πάλιν
1371 1933 1426 1959 ἄνω
1443 1933 1491 1967 μὲν
1512 1931 1575 1967 μίαν
1588 1931 1672 1967 ἀρχὴν
1689 1931 1772 1965 λέγει,
1785 1931 1835 1957 καὶ

1048 1978 1155 2013 Πατέρα
1167 1978 1221 2004 τῶν
1236 1978 1368 2008 ὅλων,καὶ
1381 1978 1528 2012 ἄγνωστον,
1540 1979 1586 2004 καὶ
1601 1977 1831 2012 ἀκατονόμαστον,

1048 2022 1093 2049 ῐσα
1111 2024 1166 2054 τοῖς
1182 2022 1269 2054 ἄλλοις
1293 2023 1411 2056 εἰσάγειν
1433 2022 1608 2057 βουλόμενος’
1628 2023 1673 2048 τὸν
1686 2022 1713 2048 δὲ
1731 2022 1834 2056 κόσμον

1047 2069 1093 2096 καὶ
1111 2068 1145 2095 τὰ
1166 2070 1194 2096 ἐν
1209 2069 1247 2104 τῷ
1263 2069 1355 2104 κόσμῳ
1377 2069 1429 2095 ὑπὸ
1446 2069 1568 2103 ἀγγέλων
1585 2069 1761 2104 γεγενῆσθαι,
1778 2069 1834 2094 τῶν

1048 2114 1114 2141 πολύ
1137 2124 1163 2141 τι
1178 2115 1230 2141 ὑπὸ
1249 2115 1296 2141 τοῦ
1320 2115 1426 2150 Πατρὸς
1448 2115 1493 2141 τοῦ
1511 2115 1649 2148 ἀγνώστου
1665 2114 1834 2149 ὑποϐεϐηκό-

1047 2169 1110 2187 των.
1130 2159 1245 2191 Τούτους
1260 2160 1314 2195 γὰρ
1335 2161 1424 2194 λέγει,
1447 2161 1618 2192 ἀποστάντας
1639 2160 1692 2187 ἀπὸ
1709 2161 1757 2195 τῆς
1777 2160 1835 2187 ἄνω

212 2209 338 2237 feriorem
354 2208 492 2243 dignitatis
504 2208 626 2235 ordinem
640 2212 742 2235 tenent.
755 2208 807 2236 Eos
822 2216 885 2236 vero
901 2209 995 2236 statuit

1050 2205 1195 2241 δυνάμεως,
1210 2206 1280 2232 οὕτω
1295 2206 1339 2232 τὸν
1358 2206 1457 2241 κόσμον
1475 2204 1663 2241 πεποιηκέναι.
1685 2206 1786 2240 Ἰησοῦν
1803 2206 1833 2232 δὲ

212 2255 246 2280 ab
264 2260 390 2288 suprema
413 2253 514 2279 virtute
529 2252 686 2280 deﬁcientes
710 2253 841 2279 mundum
856 2253 937 2280 istum
954 2251 994 2279 fa-

212 2299 344 2326 bricasse.
361 2298 454 2326 Jesum
478 2305 559 2333 porro
579 2297 720 2325 Dominum
742 2302 866 2326 nostrum
888 2306 903 2324 a
919 2297 996 2325 Jose-

213 2345 267 2379 pho
291 2345 424 2379 genitum,
441 2345 479 2371 uti
495 2344 585 2372 cazteri
603 2345 731 2372 mortales
742 2352 774 2372 ex
791 2344 843 2371 viri
859 2345 997 2372 mulieris-

210 2397 264 2424 que
292 2391 394 2416 semine
423 2393 611 2424 procreantur.
629 2388 705 2415 llunc
728 2389 774 2424 qui
803 2390 872 2416 nihil
885 2390 997 2418 omnino

210 2435 325 2470 reliquis
339 2435 372 2462 ah
386 2435 543 2463 hominibus
557 2434 686 2467 ditferrct,
703 2435 765 2462 vita:
785 2435 871 2462 solum
888 2443 996 2470 genere,

211 2489 243 2508 ac
261 2480 452 2515 temperantia,
467 2485 494 2508 et
517 2481 627 2513 virtute,
651 2489 683 2508 ac
698 2481 804 2515 jnstitia
825 2481 995 2515 priestitisse.

212 2526 266 2553 Sed
283 2533 345 2553 cum
368 2526 481 2553 firmiori
495 2527 679 2562 vegetiorique
701 2534 783 2561 quam
805 2527 851 2553 alii
873 2527 996 2554 homines

213 2571 291 2607 103
303 2576 376 2599 esset
388 2572 478 2598 anima
493 2572 634 2606 praeditus,
649 2581 798 2607 eorumque
815 2580 875 2607 quae
887 2581 995 2601 sursum

1043 2251 1089 2278 τὸν
1113 2252 1212 2287 Κύριον
1234 2252 1311 2287 ἡμῶν
1337 2252 1392 2279 ὰπὸ
1419 2252 1517 2288 Ἰωσὴφ
1542 2252 1616 2286 λέγει
1635 2252 1831 2287 γεγεννῆσθαι,

1045 2298 1170 2333 καθάπερ
1186 2298 1232 2324 καὶ
1249 2298 1348 2330 πάντες
1362 2298 1498 2333 ἅνθρωποι
1515 2300 1546 2325 ὲκ
1561 2299 1717 2334 σπέρματος
1736 2298 1834 2333 ἀνδρὸς

1046 2345 1093 2371 καὶ
1118 2345 1246 2378 γυναικὸς
1270 2344 1462 2380 ἐγεννήθησαν.
1486 2343 1563 2372 Εἶναι
1585 2345 1612 2371 δὲ
1639 2344 1719 2371 αὑτὸν
1740 2345 1833 2379 ὅμοιον

1047 2391 1103 2421 τοῖς
1124 2391 1206 2420 πᾶσι,
1229 2390 1278 2425 βίῳ
1300 2391 1328 2416 δὲ
1344 2390 1540 2426 διενηνοχέναι,
1566 2390 1726 2426 σωφροσύνῃ
1741 2399 1770 2416 τε
1786 2390 1834 2416 καὶ

1047 2437 1130 2472 ἀρετῇ
1148 2437 1193 2463 καὶ
1206 2436 1255 2471 βίῳ
1269 2435 1451 2470 δικαιοσύνης.
1474 2436 1582 2471 Ἐπειδὴ
1594 2437 1633 2466 δὲ,
1652 2437 1742 2471 φησὶν,
1758 2436 1834 2462 εὔτο-

1048 2491 1092 2508 νον
1107 2482 1169 2517 ἕσχε
1183 2483 1271 2518 ψυχὴν
1295 2482 1369 2517 παρὰ
1393 2483 1457 2514 τοὺς
1474 2482 1569 2514 ἄλλους
1592 2482 1766 2518 ἀνθρώπους,
1786 2483 1834 2508 καὶ

1048 2528 1216 2562 ὲμνημόνευε
1233 2528 1266 2554 τὰ
1280 2528 1411 2563 ὁραθέντα
1433 2529 1478 2555 ὑπ’
1494 2529 1578 2562 αὐτῆς
1599 2529 1670 2559 ἄνω,
1685 2529 1729 2554 ὅτε
1749 2526 1782 2564 ἦν
1804 2529 1834 2554 ἐν

1047 2575 1080 2608 τῇ
1096 2575 1232 2610 περιφορᾷ
1249 2574 1303 2610 (82)
1319 2575 1365 2600 τοῦ
1379 2574 1516 2608 ἀγνώστου
1534 2575 1651 2609 Πατρὸς,
1665 2574 1834 2601 ἀπεστάλθαι

247 2651 256 2667 ¹
271 2650 350 2678 Rom.
366 2659 385 2682 ι,
400 2650 444 2677 27.
483 2652 493 2667 ²
505 2658 550 2686 γρ.
565 2651 694 2686 ὰφισμόν.
710 2651 741 2679 F.
758 2651 905 2687 ἀφρισμόν,
919 2651 962 2679 vel
982 2652 997 2678 ἀ

1050 2652 1204 2687 ιδισιασμόν.

247 2729 303 2766 (Si)
322 2729 404 2755 οὕτω
425 2727 490 2766 γὰρ,
508 2728 600 2766 gae},
616 2728 892 2766 thrrdrtezpdiawor.
906 2729 995 2756 Fabu-

212 2763 266 2792 lam
278 2763 369 2791 narrat
384 2768 410 2790 et
423 2763 493 2799 Plin.
508 2764 526 2790 l.
540 2770 640 2799 μεεὶρ.
654 2765 697 2791 62.
711 2763 761 2791 (lui
773 2766 850 2792 tidem
864 2766 996 2799 derogant

211 2798 557 2834 Philostratus,Maximus
571 2798 680 2834 Tyrius,
698 2800 796 2834 aliique
812 2798 977 2834 complures.

250 2835 306 2870 (82)
326 2835 390 2860 Ὅτε
406 2832 446 2868 ἦν
459 2834 493 2860 ἐν
507 2833 543 2867 τῇ
558 2832 710 2868 περιφορᾳ.
733 2832 894 2861 (ἱὸηιὶιαιιιῆι
906 2835 996 2862 reddi—

214 2870 312 2904 dimus,
331 2874 359 2897 ut
376 2877 425 2904 pro
450 2870 642 2905 συμπεριφορᾷ
667 2875 822 2905 usurpctur.
846 2869 912 2898 Cum
934 2871 997 2905 quis

1050 2729 1155 2768 Eicilem
1181 2739 1211 2758 se
1235 2731 1324 2763 alteri,
1350 2737 1376 2760 et
1399 2732 1595 2768 obsequentem
1620 2734 1732 2768 praebet.
1763 2733 1836 2761 Sane

1050 2765 1153 2792 Theod.
1175 2767 1312 2804 διαγωγῆς
1332 2765 1549 2796 νυιηιιιωΙούειιε
1572 2765 1628 2795 est:
1641 2768 1699 2796 Nisi
1718 2769 1780 2804 quis
1800 2769 1836 2796 ad

1049 2801 1199 2840 περιφοράν
1214 2801 1426 2840 ἱΙΙειιιιόεξρΓυηι,
1441 2809 1468 2830 et
1482 2801 1835 2840 circumactionem'l’lato-

1047 2838 1136 2898 ιίἧοοὲι
1154 2838 1307 2873 respexisse
1322 2838 1513 2873 Carpoeratem
1526 2839 1672 2872 existimet,
1693 2839 1727 2867 de
1743 2840 1836 2875 quain

1080 2879 1111 2898 ue
1132 2879 1171 2898 ro.

1080 2879 1171 2899 muro.
