1944 3037
186 131 238 158 567

887 135 915 162 S.
937 134 1108 162 ΕΡΙΡΙΙΑΝῘΙ

1769 135 1825 164 568

175 190 341 223 νίιιιῑιινβνίι,
365 191 392 218 id
409 191 497 227 ipsum
516 193 616 220 audeat
639 179 789 228 suscipere.
815 193 872 221 lloc
889 198 971 221 auten

1032 195 1099 231 πρὸς
1114 195 1299 232 πληροφορίαν
1310 196 1359 232 τῆς
1369 195 1577 230 τετυφλωμένης
1588 194 1677 222 αὐτῶν
1691 195 1823 228 διανοίας,

185 243 218 262 eo
228 237 344 263 consilio
358 236 471 270 faciunt,
486 238 570 272 quod,
582 239 620 266 uti
630 239 815 266 miserandum
827 240 854 267 in
867 240 976 267 modum

185 281 290 317 decepti
306 288 379 314 Sunt,
393 289 467 311 certo
483 284 535 312 sibi
549 285 741 319 persuadeant,
756 293 803 320 per
814 289 853 312 tot
868 289 978 320 tamque

185 327 294 356 diversa
311 328 433 356 facinora
451 330 543 358 mundi
558 331 772 358 fabricator-ibus
786 331 901 364 angelis,
919 339 979 359 om-

185 373 322 410 nii-usque
335 383 395 410 qua:
410 375 436 401 in
453 375 555 403 mundo
570 380 634 403 sunt
650 376 797 411 prostratis
811 384 842 403 ac
856 380 978 403 contem-

185 419 252 454 ptis,
271 420 380 447 illorum
400 428 430 447 se
449 428 504 447 non
522 420 628 452 mundi,
646 421 694 448 sed
713 421 867 448 fabularum
887 421 977 456 potius

186 465 323 492 artiﬁcum
342 469 506 501 potestatem
524 467 698 501 transgredi;
717 474 771 501 quo
790 468 931 496 caelestem
948 468 978 494 li-

185 511 318 538 bertatem
335 512 487 545 obtineant,
508 518 534 539 et
551 521 661 540 sursum
677 513 800 548 aspirare
813 518 895 548 atque
910 521 975 540 evo-

185 558 242 584 lare
263 559 380 593 possint.
405 559 484 591 Quod
507 559 649 586 hominum
674 568 760 594 genus
786 560 820 587 ad
846 560 976 588 Ecclesiae

186 601 230 630 Dei
251 603 380 638 probrum
405 608 432 631 et
453 604 646 631 oﬂendiculum
660 605 809 633 adornasse
825 613 856 632 ac
872 606 976 633 submi-

185 649 256 676 sisse
273 648 390 677 Satanas
409 650 515 677 videtur
533 660 539 677 :
567 651 667 686 quippe
687 651 733 686 qui
756 650 975 679 Christianorum

184 695 237 722 sibi
253 703 352 722 nomen
367 696 525 728 indiderint,
546 702 575 723 ut
597 701 707 732 propter
721 697 782 725 illos
801 697 910 725 oll‘ensa:
927 706 975 725 na-

184 741 272 769 tiones
287 742 323 768 ab
337 745 440 770 sancta:
455 741 501 770 Dei
516 742 644 770 Ecclesia:
662 743 779 770 utilitate
796 743 973 775 abhorreant,

183 786 391 821 nuntiatumque
407 787 550 814 veritatem
575 788 611 814 ob
633 788 763 814 immania
781 788 888 815 illorum
908 788 976 815 {aci-

183 839 261 864 nora,
280 836 305 859 et
320 832 509 859 incredibilem
532 833 683 867 nequitiam
702 833 862 868 repudiont;
876 838 915 866 ut,
933 833 975 860 in-

1029 241 1069 266 ὅτι
1091 241 1120 266 αἱ
1139 240 1262 267 τοιαῦται
1285 241 1466 276 ἐγχειρήσεις,
1485 239 1684 274 κατισχύσασαι
1704 239 1748 266 δια
1766 241 1825 266 τῶν

1028 285 1163 312 τοσούτων
1176 286 1312 321 πράξεων,
1328 286 1374 312 καὶ
1385 286 1628 321 καταφρονήσασαι
1643 285 1699 311 τῶν
1717 293 1823 320 κοσμο-

1028 331 1112 358 ποιῶν
1126 331 1260 366 ἀγγέλων,
1276 332 1322 358 καὶ
1334 331 1388 358 τῶν
1401 333 1430 357 ἐν
1444 331 1483 366 τῷ
1498 331 1592 365 κόσμῳ
1603 351 1609 361 ,
1626 331 1823 366 ὑπερϐαίνουσι

1027 376 1076 412 τὴν
1089 377 1142 403 τῶν
1157 377 1245 404 αὐτῶν
1258 377 1422 412 μυθοποιῶν,
1437 377 1467 403 οὐ
1483 377 1538 413 γὰρ
1550 377 1582 403 ἂν
1598 377 1703 411 εἴποιμι
1718 385 1822 410 κοσμο-

1028 423 1122 454 ποιῶν,
1139 423 1273 456 ἐξουσίαν,
1289 423 1363 454 ὅπως
1378 423 1410 450 ἂν
1426 423 1476 457 τὴν
1488 424 1544 450 ἄνω
1559 422 1718 458 ἐλευθερίαν
1731 422 1822 448 ἀσπά-

1028 476 1144 498 σωνται,
1166 468 1211 494 καὶ
1225 468 1274 503 τὴν
1289 467 1346 494 ἄνω
1362 467 1461 502 πτῆσιν
1479 467 1636 501 κτήσαιντο.
1665 465 1725 492 Εἰσὶ
1741 465 1768 491 δὲ
1787 465 1823 491 ἐκ

1026 511 1073 537 τοῦ
1093 512 1200 537 Σατανᾶ
1216 511 1271 545 (84)
1288 511 1550 547 παρεσκευασμένοι,
1568 511 1616 537 καὶ
1633 510 1821 546 προϐεϐλημέ-

1027 566 1067 583 νοι
1083 559 1122 589 είς
1135 557 1234 589 ὄνειδος
1258 558 1305 584 καὶ
1321 559 1467 585 σκάνδαλον
1486 558 1537 593 τῆς
1551 558 1598 584 τοῦ
1616 556 1684 583 Θεοῦ
1704 557 1820 592 Ἐκκλη-

1028 604 1098 635 σίας.
1127 604 1271 630 Ἐπὲθεντο
1295 605 1348 640 γὰρ
1377 605 1481 636 ἑαυτοῖς
1507 604 1622 638 ἐπίκλην
1651 601 1819 639 Χριστιανοί,

1026 650 1095 686 πρὸς
1115 650 1146 676 τὸ
1162 651 1383 683 σκανδαλίζεσθαι
1397 652 1430 678 τὰ
1445 651 1508 686 ἔθνη
1521 651 1554 676 δι’
1569 649 1668 682 αὐτῶν,
1691 650 1736 676 καὶ
1751 649 1820 675 ἀπο-

1028 695 1192 731 στρέφεσθαι
1206 696 1254 731 τὴν
1269 696 1319 730 τῆς
1336 696 1417 730 ἁγίας
1428 695 1474 722 τοῦ
1490 695 1558 722 Θεοῦ
1577 695 1739 729 Ἐκκλησίας
1750 695 1822 729 ὼφέ-

1026 742 1111 774 λειαν,
1135 743 1181 769 καὶ
1204 743 1234 769 τὺ
1258 742 1383 777 ἀληθινὸν
1409 744 1540 778 κήρυγμα
1565 742 1608 768 διὰ
1632 743 1682 777 τῆς
1706 741 1819 768 ἐκείνων

1026 789 1247 825 ἀθεμιτουργίας,
1265 789 1310 815 καὶ
1325 790 1485 816 ἀνεικάστου
1504 789 1709 825 κακοπραγίας,
1726 789 1766 819 είς
1788 788 1819 814 τὸ

1026 834 1060 861 τὰ
1080 835 1143 870 ἔθνη
1160 835 1341 861 κατανοοῦντα
1362 835 1452 861 αὐτῶν
1467 835 1502 862 τὰ
1520 835 1657 869 ἐπάλληλα
1675 835 1743 869 ἔργα
1762 834 1818 859 τῶν

183 885 277 912 quam,
291 877 480 912 frequentibus
503 877 610 904 illorum
630 878 779 905 sceleribus
798 879 971 905 animadver-

1026 880 1260 915 ἀθεμιτουργιῶν,
1277 881 1426 916 νομίσαντα
1449 881 1497 907 καὶ
1519 882 1582 912 τοὺς
1598 881 1647 916 τῆς
1670 881 1751 914 ἁγίας
1768 878 1818 906 τοῦ

183 923 233 955 sis,
247 930 295 950 eos
309 931 416 958 quoque
429 923 475 957 qui
488 931 503 950 e
514 928 609 950 sancta
622 923 667 950 Dei
691 924 813 951 Ecclesia
831 928 894 951 sunt
908 924 975 953 tales

182 976 245 996 esse
261 968 313 996 sibi
329 969 521 1003 persuadeant,
547 974 628 1004 atque
645 970 682 996 ita
701 969 735 998 ab
754 970 897 998 verissima
916 969 974 998 Dei.

183 1015 223 1041 uti
234 1014 364 1046 diximus,
377 1014 503 1041 doctrina
517 1022 597 1041 aures
610 1018 749 1047 avertant;
766 1018 812 1040 aut
823 1019 897 1041 certe
910 1022 976 1049 pau-

183 1067 278 1086 c0rum
299 1060 475 1094 improbitate
497 1065 642 1095 conspecta
665 1061 691 1088 in
716 1062 860 1088 universos
879 1062 975 1089 eadem

183 1106 329 1133 maledicta
348 1107 507 1140 conjiciant.
529 1107 618 1141 Atque
636 1115 667 1134 ea
690 1107 797 1134 demum
816 1115 899 1134 causa
920 1112 972 1140 est,

186 1159 239 1179 cur
254 1152 378 1186 plerique
391 1153 543 1188 gentilium,
562 1153 718 1188 ubicunque
732 1154 812 1180 istius
829 1158 909 1181 sectas
925 1154 973 1180 ho-

184 1198 272 1225 mines
280 1198 520 1232 deprehenderint,
529 1199 630 1224 nullam
640 1198 782 1226 nobiscum
790 1199 876 1226 velint
885 1207 972 1234 neque

183 1243 238 1271 dati
254 1244 423 1279 acceptique,
444 1253 532 1279 neque
543 1245 662 1276 consilii,
681 1252 769 1279 neque
783 1245 910 1272 audiendi
927 1246 969 1273 di-

1030 926 1098 952 Θεοῦ
1120 926 1282 961 Ἐκκλησίας
1301 927 1438 957 τοιούτους
1460 924 1548 958 εἶναι,
1566 927 1758 962 ἀποστρέφειν,
1779 925 1820 957 ὡς

1030 972 1076 998 καὶ
1101 975 1240 1008 προεῖπον,
1265 973 1314 1008 τὴν
1336 973 1420 1009 ἀκοὴν
1443 973 1497 1000 ἀπὸ
1519 973 1569 1007 τῆς
1591 973 1636 999 τοῦ
1659 973 1725 999 Θεοῦ
1746 973 1818 999 κατὰ

1029 1018 1158 1053 ἀλήθειαν
1173 1019 1363 1050 διδασκαλίας·
1381 1019 1398 1054 ἦ
1420 1020 1466 1045 καὶ
1492 1019 1612 1054 ὀρῶντάς
1641 1027 1717 1050 τινας
1749 1018 1818 1044 πάν-

1028 1065 1094 1096 τως¹
1105 1065 1203 1099 ὁμοίως
1218 1064 1394 1099 βλασφημεῖν.
1404 1065 1458 1091 Καὶ
1467 1065 1561 1091 τούτου
1574 1065 1653 1091 ἕνεκα
1669 1065 1693 1090 οἱ
1708 1065 1818 1095 πλείους

1025 1110 1079 1136 τῶν
1099 1110 1200 1139 ἐθνῶν.
1220 1111 1286 1136 ὅπου
1309 1110 1330 1136 δ’
1354 1110 1385 1137 ἂν
1410 1111 1486 1136 ἴδωσι
1509 1110 1662 1142 τοιούτους,
1686 1110 1747 1136 οὔτε
1770 1110 1818 1135 ἐπὶ

1026 1157 1153 1192 κοινωνίᾳ
1169 1157 1233 1192 ἡμῖν
1251 1157 1450 1192 προσφέρονται
1462 1157 1634 1192 ληψοδοσίας,
1653 1157 1669 1192 ἢ
1691 1156 1815 1191 γνώμης.

1024 1201 1041 1237 ἢ
1064 1202 1147 1237 ἀκοῆς
1171 1201 1251 1236 λόγου
1273 1202 1364 1234 θείου,
1390 1202 1451 1228 οὗτε
1473 1202 1522 1237 τὴν
1546 1203 1630 1237 ἀκοὴν
1654 1201 1816 1233 ἐντιθέασιν,

1024 1247 1191 1282 ἐπτυρμὲνοι
1214 1248 1268 1274 ἀπὺ
1285 1248 1335 1282 τῆς
1352 1248 1405 1275 τῶν
1420 1248 1559 1283 ἀθεμίτων
1576 1248 1778 1284 ἀνοσιουργίας.

181 1293 238 1320 vini
254 1293 330 1320 verbi
347 1293 502 1320 societatem
518 1293 695 1328 conjungere,
714 1300 746 1319 ac
762 1301 796 1320 ne
810 1300 891 1320 aures
917 1294 1028 1328 quidem
1049 1296 1171 1330 pra-bere
1193 1296 1362 1330 sustineant;
1388 1296 1544 1331 usqueadeo
1568 1296 1681 1323 nelariis
1707 1296 1815 1322 illorum

182 1337 291 1373 ﬂagitiis
308 1338 487 1370 consternati,
508 1345 539 1364 ac
556 1337 677 1364 deterriti
699 1341 773 1364 sunt.

217 1383 261 1410 IV.
279 1383 366 1410 Porro
382 1384 426 1411 isti
444 1384 471 1410 in
487 1384 550 1410 luxu
567 1388 647 1417 atque
662 1383 769 1410 deliciis
784 1383 895 1410 assidue
912 1391 974 1410 ver-

183 1429 435 1464 santur,'nihilque
455 1437 509 1456 non
529 1430 562 1456 ad
584 1436 729 1464 corporum
753 1429 919 1464 voluptatem
941 1437 973 1456 ac

180 1475 380 1511 iucunditatem
399 1475 569 1510 suscipiunt:
585 1483 673 1509 neque
687 1475 718 1502 ad
736 1483 786 1502 nos
802 1475 910 1510 penitus
930 1483 973 1502 ac-

1057 1385 1094 1410 A'.
1115 1384 1175 1410 Εἰσὶ
1193 1384 1221 1410 δὲ
1238 1385 1267 1410 ὲν
1285 1385 1388 1420 ἀσωτίᾳ
1404 1385 1589 1418 διατελοῦντες
1601 1383 1685 1415 οὗτοι.
1702 1386 1748 1412 καὶ
1761 1387 1816 1414 πᾶν

1022 1430 1110 1456 ὁτιοῦν
1129 1430 1308 1466 ἐργαζόμενοι
1327 1431 1395 1466 πρὸς
1421 1432 1570 1458 εὐπάθειαν
1588 1433 1731 1467 σωμάτων,
1749 1434 1816 1468 ἡμῖν

1021 1474 1050 1501 δὲ
1064 1475 1132 1506 ὅλως
1147 1475 1196 1502 οὐκ
1214 1476 1379 1509 ἐγγίζοντες,
1393 1476 1416 1501 εἰ
1433 1477 1470 1512 μή
1485 1485 1511 1502 τι
1527 1477 1580 1512 ἄρα
1595 1477 1663 1512 πρὸς
1678 1478 1708 1504 τὺ
1721 1478 1814 1504 δελεά-

182 1523 294 1553 cedunt,
315 1521 367 1549 nisi
391 1521 461 1548 forte
484 1525 512 1548 ut
534 1521 684 1548 imbecilles
707 1522 814 1549 animos
839 1522 872 1548 ad
889 1522 970 1556 impia

1024 1529 1067 1546 σαι
1083 1521 1171 1556 ψυχὰς
1185 1521 1365 1556 ἀστηρίκτους
1377 1523 1405 1548 ὲν
1418 1523 1450 1557 τῇ
1464 1523 1554 1548 αὐτῶν
1569 1524 1811 1560 κακοδιδασκαλίᾳ.

182 1576 231 1594 sua
245 1567 371 1601 dogmata
392 1567 540 1601 pelliciant.
569 1565 662 1600 Neque
680 1567 753 1593 enim
769 1566 822 1592 alia
845 1574 876 1593 re
891 1565 971 1593 nobis

182 1612 286 1640 similes
312 1615 390 1643 sunt,
413 1619 495 1647 quam
510 1610 582 1645 quod
603 1611 661 1638 solo
685 1610 835 1638 Christiani
860 1610 971 1638 nomine

182 1658 344 1694 gloriantur,
360 1661 390 1684 ut
400 1658 522 1685 ementiti
537 1657 618 1691 hujus
633 1657 756 1684 vocabuli
769 1656 860 1691 specie
874 1657 972 1690 impro-

182 1705 293 1732 bitatem
305 1710 383 1731 suam
394 1706 548 1730 exerceant.
557 1702 609 1729 Sed
625 1702 731 1734 horum,
741 1702 818 1736 105
831 1702 870 1728 uti
884 1701 972 1736 scrip—

182 1753 240 1775 tum
247 1752 300 1780 est,
308 1748 441 1783 judicium
453 1748 603 1782 legitimum
615 1752 667 1781 est,
675 1747 783 1782 idquod
791 1747 892 1774 Paulus
906 1755 971 1782 apo-

182 1794 387 1822 stolustradidit
396 1794 416 1821 ¹.
424 1793 563 1829 Siquidem
575 1798 685 1829 propter
702 1793 885 1821 abominanda
897 1794 968 1828 ipso-

179 1847 244 1868 rum
257 1840 339 1872 facta,
354 1847 459 1867 merces
470 1839 524 1866 illis
539 1846 723 1867 consentanea
739 1839 886 1873 reddetur;
906 1847 968 1866 nam

181 1893 244 1913 cum
260 1885 381 1912 animqu
397 1892 476 1913 suum
493 1885 552 1919 rapi
571 1885 692 1912 libidinis
708 1885 808 1919 impetu
825 1892 857 1912 ac
877 1884 970 1912 furore

182 1931 367 1968 permiserint,
379 1931 406 1959 in
421 1932 525 1959 inﬁnita
538 1940 599 1960 sese
609 1932 778 1967 voluptatum
790 1939 888 1967 genera
901 1940 969 1967 prae-

183 1978 281 2012 cipites
297 1977 482 2004 committunt.
499 1977 537 2004 lta
547 1978 618 2004 enim
634 1978 786 2012 disputant,
799 1986 860 2012 quae
873 1979 907 2005 ab
921 1978 968 2004 ho-

181 2024 302 2051 minibus
315 2024 385 2050 mala
398 2023 568 2058 judicantur,
583 2031 613 2051 ea
629 2024 741 2050 minime
756 2024 826 2050 mala
836 2031 907 2056 esse,
920 2024 967 2051 sed

181 2070 294 2098 honesta
308 2073 416 2096 natura.
437 2069 509 2096 Nihil
523 2070 596 2098 enim
614 2074 711 2097 natura
724 2071 825 2097 malum
840 2074 899 2104 est;
920 2071 968 2098 Sed

181 2116 215 2143 ab
227 2115 382 2143 hominibus
392 2115 525 2143 duntaxat
536 2123 619 2150 prava
631 2121 786 2143 censentur.
800 2116 866 2149 Quae
875 2117 898 2144 si
907 2119 968 2151 quis

181 2161 273 2188 omnia
294 2162 322 2188 in
348 2161 399 2188 hac
424 2169 478 2188 una
498 2162 625 2196 praesenti
651 2163 705 2189 vita
728 2162 883 2197 perfecerit,
909 2163 968 2198 ejus

182 2207 273 2233 anima
288 2214 343 2233 non
368 2207 486 2241 amplius
508 2207 535 2234 in
559 2207 611 2233 alia
626 2215 738 2242 corpora
757 2208 968 2240 transfunditur,

182 2256 212 2276 ut
223 2252 250 2278 in
262 2251 333 2278 hanc
347 2251 434 2278 lucem
448 2251 537 2278 denuo
548 2256 724 2285 procreetur;
738 2251 785 2278 sed
796 2252 870 2278 omni
883 2253 969 2278 actio-

181 2304 246 2322 num
262 2304 362 2331 genere
373 2295 527 2331 perfuncta,
543 2296 627 2322 libera
640 2300 722 2330 atque
734 2296 863 2322 immunis
874 2296 969 2323 absce-

181 2342 237 2375 det,
253 2349 316 2368 cum
330 2342 433 2370 nullius
446 2342 535 2369 adhuc
550 2342 577 2369 in
595 2342 645 2369 hoc
656 2341 757 2368 mundo
773 2341 865 2369 debito
882 2342 968 2368 actio-

181 2388 225 2415 nis
241 2387 386 2422 obligetur.
411 2387 573 2422 Cujusmodi
587 2395 651 2415 vero
665 2388 798 2415 actionem
817 2387 968 2423 intelligant

181 2440 290 2460 rursum
306 2433 442 2468 explicare
455 2441 560 2465 vereor,
574 2441 608 2460 ne
621 2434 694 2461 Velut
707 2439 832 2468 opertum
845 2441 966 2467 omnum,

183 2479 219 2506 ita
241 2479 440 2514 graveolentem
457 2479 528 2506 hanc
547 2480 669 2506 cloacam
686 2481 816 2514 aperiam,
835 2488 868 2507 ac
881 2481 966 2514 pesti-

185 2528 245 2553 l-rae
265 2525 407 2560 cujusdam
425 2526 607 2553 exhalationis
628 2534 659 2553 ac
676 2526 768 2554 fetor-is
793 2527 966 2555 occasionem

236 2604 244 2619 ί
259 2603 339 2630 Rom.
350 2610 368 2635 I,
382 2602 427 2629 27.
464 2603 474 2617 '
487 2602 551 2630 For.
569 2602 680 2634 πάντας.

216 2682 273 2717 (84)
287 2681 355 2717 Εἰσὶ
369 2681 403 2708 δὲ
418 2681 452 2717 ἐκ
465 2680 518 2707 τοῦ
531 2680 658 2717 Σατανᾷ.
668 2681 847 2709 Perditissimi
859 2681 967 2709 haereti-

179 2715 274 2746 corum
282 2716 416 2747 Gnostici,
430 2715 621 2744 Gnosticorum
631 2715 836 2751 Carpocratiani
844 2717 965 2748 fuerunt,

180 2752 266 2788 utqui
283 2752 441 2787 turpissima
455 2759 569 2786 quazque
578 2752 678 2788 ﬂagitia
689 2753 889 2788 committentes
898 2752 966 2779 adeo

180 2787 442 2818 umierubescerent,
451 2787 566 2814 utetiam
577 2787 715 2821 glorianda
727 2795 758 2814 ac
768 2796 822 2822 pne
829 2796 858 2814 se
867 2787 967 2814 haben—

178 2823 213 2850 da
231 2827 366 2856 putarent.
384 2822 446 2849 Ideo
464 2822 740 2858 deCarpocratianis
762 2822 922 2858 nominatim
938 2826 966 2849 et

178 2858 308 2890 incinctis,
318 2862 345 2885 et
355 2858 440 2885 Clem.
451 2865 481 2884 ιιι
496 2856 596 2884 Strom.
611 2861 638 2884 et
651 2856 793 2891 Eusebius,
807 2863 833 2886 et
846 2857 965 2892 Epipha-

1024 1567 1070 1598 Εἰς
1083 1567 1159 1593 οὐδὲν
1176 1567 1229 1602 γὰρ
1240 1568 1306 1602 ἡμῖν
1320 1567 1486 1602 ὁμοιοῦνται,
1500 1569 1515 1604 ἣ
1532 1569 1612 1604 μόνον
1634 1569 1746 1604 ὀνόματι
1762 1579 1813 1596 κα-

1022 1611 1125 1638 λεῖσθαι
1140 1612 1327 1647 σεμνύνονται,
1341 1613 1415 1644 ὅπως
1427 1613 1471 1639 διὰ
1484 1613 1530 1639 τοῦ
1545 1613 1677 1648 ὀνόματος
1692 1614 1739 1640 τοῦ
1751 1615 1813 1641 ἐπι-

1023 1658 1141 1684 πλάστου
1163 1658 1196 1684 τὰ
1220 1658 1269 1693 τῆς
1287 1658 1391 1684 ἑαυτῶν
1413 1659 1512 1690 κακίας
1527 1660 1708 1694 ἐργάσωνται.
1731 1659 1767 1686 Τὸ
1786 1660 1815 1687 δὲ

1022 1704 1109 1738 κρῖμα
1134 1703 1236 1729 τούτων
1260 1703 1331 1729 κατά
1352 1704 1382 1730 τὸ
1404 1705 1594 1740 γεγραμμένον
1610 1705 1710 1732 ἔνδικόν
1728 1706 1814 1738 ἐστιν,

1020 1748 1058 1780 ὼς
1079 1749 1093 1774 ὁ
1115 1748 1191 1782 ἅγιος
1209 1748 1314 1780 Παῦλος
1337 1749 1350 1775 ὁ
1374 1749 1521 1781 ἀπόστολος
1542 1750 1611 1785 ἔφη·
1629 1750 1672 1777 διὰ
1695 1750 1748 1785 γὰρ
1764 1750 1814 1782 τὰς

1021 1792 1109 1824 κακὰς
1125 1792 1214 1819 αὐτῶν
1237 1793 1351 1828 πράξεις
1369 1794 1400 1820 τὸ
1420 1795 1596 1829 ἀνταπόδομα
1615 1796 1815 1830 ἀποδοθήσεται

1020 1838 1121 1869 αὐτοῖς.
1139 1838 1236 1869 Ἀδεῶς
1248 1839 1302 1874 γὰρ
1315 1839 1360 1866 τὸν
1377 1839 1440 1867 νοῦν
1454 1840 1544 1867 αὐτῶν
1557 1842 1597 1872 είς
1612 1839 1718 1876 οἶστρον
1735 1841 1812 1868 ἐκδε·

1019 1883 1153 1916 δωκότες,
1176 1883 1291 1910 πάθεσιν
1314 1884 1416 1919 ἡδονῶν
1439 1886 1544 1920 μυρίων
1566 1886 1679 1918 ἑαυτοὺς
1696 1886 1812 1921 παραδε-

1021 1930 1134 1957 δώκασι.
1152 1931 1220 1956 Φασὶ
1235 1931 1304 1966 γὰρ,
1322 1931 1362 1957 ὅτι
1384 1932 1434 1957 ὅσα
1455 1931 1594 1966 νομίζεται
1611 1932 1687 1967 παρὰ
1706 1932 1814 1968 ἀνθρώ-

1021 1983 1081 2006 ποις
1096 1975 1170 2001 κακά
1185 1973 1266 2007 εἶναι,
1282 1976 1311 2002 οὺ
1331 1975 1403 2002 κακὰ
1418 1976 1546 2011 ὑπάρχει,
1560 1977 1626 2003 ἀλλᾶ
1639 1977 1718 2011 φύσει
1730 1978 1811 2004 καλά.

1020 2021 1102 2048 Οὐδὲν
1122 2022 1175 2057 γάρ
1192 2022 1250 2048 ἐστι
1268 2021 1346 2055 φύσει
1365 2022 1448 2048 κακόν
1460 2030 1466 2037 ·
1486 2024 1543 2054 τοῖς
1559 2022 1587 2048 δὲ
1601 2022 1754 2057 ἀνθρώποις
1769 2031 1812 2048 νο-

1022 2066 1127 2101 μίζεται
1142 2065 1212 2093 εἶναι
1222 2067 1322 2102 φαῦλα.
1338 2067 1392 2093 Καὶ
1404 2068 1489 2093 ταῦτα
1504 2067 1593 2094 πάντα
1606 2068 1653 2095 ἐάν
1666 2077 1707 2099 τις
1719 2068 1812 2104 πράξῃ

1020 2113 1049 2139 ἐν
1065 2114 1097 2148 τῇ
1115 2114 1162 2149 μιᾷ
1178 2113 1262 2150 ταύτῃ
1278 2114 1425 2149 παρουσίᾳ,
1438 2115 1530 2140 οὐκέτι
1551 2114 1811 2149 μετενσωματοῦται

1020 2158 1101 2185 αὑτοῦ
1115 2160 1131 2194 ἡ
1145 2159 1228 2194 ψυχὴ,
1250 2160 1290 2191 εἰς
1304 2160 1334 2186 τὸ
1349 2160 1430 2187 πάλιν
1446 2160 1723 2195 ἀντικαταϐληθῆναι,
1744 2159 1813 2187 aut.

986 2204 1075 2238 υὺπὺ
1105 2204 1133 2231 ἓν
1146 2206 1284 2240 ποιήσασα
1312 2207 1402 2232 πᾶσαν
1435 2206 1555 2242 πρᾶξιν,
1589 2206 1812 2240 ἀπαλλαγήσεται

1021 2251 1245 2286 ἐλευθερωθεῖσα,
1263 2252 1310 2278 καὶ
1326 2252 1424 2287 μηκέτι
1440 2251 1616 2287 χρεωστοῦσά
1632 2260 1657 2278 τι
1671 2251 1724 2277 τῶν
1742 2251 1812 2286 πρὸς

1022 2296 1120 2331 πρᾶξιν
1137 2298 1165 2322 ὲν
1181 2297 1220 2332 τῷ
1230 2288 1339 2332 κόσμῳ.
1356 2298 1440 2324 Ποίαν
1464 2297 1492 2323 δὲ
1509 2298 1608 2334 πρᾶξιν
1623 2298 1719 2329 είπεῖν,
1736 2296 1812 2324 δέδια

1022 2343 1112 2375 πάλιν,
1131 2344 1167 2379 μὴ
1184 2344 1313 2380 βορϐόρου
1326 2345 1403 2380 δίκην
1417 2344 1624 2380 κεκαλυμμένον
1639 2344 1731 2378 ὀχετὸν
1742 2343 1811 2369 ἀπο-

1022 2389 1134 2424 καλύψω
1145 2409 1152 2420 ,
1177 2390 1222 2416 καί
1239 2399 1293 2416 τισι
1315 2390 1383 2422 δόξω
1402 2390 1550 2426 λοιμώδους
1566 2389 1711 2424 δυσοδμίας
1728 2390 1810 2423 ἐργά-

1021 2435 1116 2467 ζεσθαι
1129 2436 1177 2471 τὴν
1192 2437 1354 2472 ἐμφόρησιν.
1375 2437 1444 2463 Ἀλλ’
1458 2437 1532 2471 ὅμως
1543 2437 1692 2471 ἐπειδήπερ
1704 2437 1732 2468 ἐξ
1744 2436 1812 2470 ἁλη-

1021 2481 1095 2513 θείας
1120 2483 1287 2518 συνεχόμεθα
1304 2483 1339 2509 τὰ
1362 2483 1438 2518 παρά
1456 2485 1512 2514 τοῖς
1534 2482 1720 2517 ἡπατημένοις
1741 2482 1808 2508 ἀπο-

1021 2527 1148 2562 καλύψαι,
1165 2528 1327 2564 σεμνότερον
1344 2531 1430 2556 εἰπεῖν
1447 2538 1487 2562 τε,
1501 2529 1548 2556 καὶ
1564 2528 1613 2563 τῆς
1627 2528 1754 2563 ἀληθείας
1771 2527 1809 2563 μὴ

1019 2681 1081 2709 nius
1096 2681 1196 2715 aliique
1217 2682 1354 2715 scribunt,
1377 2691 1510 2711 summam
1533 2683 1566 2710 ad
1590 2684 1738 2711 Christiani
1759 2692 1810 2712 no-

1019 2718 1101 2753 minis
1114 2717 1252 2743 iniamiam
1270 2725 1302 2744 ac
1317 2718 1436 2746 dedecus
1453 2726 1501 2746 eos
1520 2727 1534 2745 a
1546 2719 1656 2746 diabolo
1671 2727 1730 2746 esse
1745 2727 1810 2753 pro-

1018 2751 1126 2782 ductos,
1150 2756 1178 2778 ut
1202 2753 1317 2786 gentiles
1334 2761 1396 2780 cum
1414 2753 1587 2781 Christianos
1609 2755 1733 2781 homines
1745 2751 1809 2782 iam

1018 2787 1142 2821 impuros
1157 2795 1189 2823 ac
1205 2786 1325 2815 nefarios
1339 2789 1473 2819 viderent,
1493 2797 1508 2815 ιι
1523 2789 1679 2816 Christiana
1697 2791 1808 2823 profes-

1017 2823 1093 2859 sione
1115 2822 1222 2856 pt-nilus
1246 2823 1436 2859 abhorrerent.
1456 2823 1570 2852 [demet
1587 2824 1661 2853 Tert.
1682 2822 1711 2851 in
1725 2825 1806 2859 Αροι.

1016 2860 1043 2884 et
1058 2856 1185 2886 Justinus
1198 2858 1378 2892 scripserunt.
