1944 3037
106 127 171 158 569
437 131 622 161 sovensus
641 133 812 163 meusses
831 119 896 165 Lis.

107 185 172 218 ἔξω
187 185 289 220 βαίνειν
300 186 416 222 ἐμαυτὸν
427 190 636 223 καταναγκάσω.
646 191 678 217 Τί
690 191 718 218 δὲ
730 192 794 219 ἄλλο
807 202 831 221 τι
843 193 851 209 ¹
863 194 915 220 πᾶ-

916 137 936 166 I.
957 137 1038 165 ΤΟΜ.
1059 137 1093 166 ll.
1113 138 1292 166 -ΗᾸΕΒΕΞ,
1312 139 1417 166 XXVII.
1699 140 1752 168 570

929 199 953 227 Α
966 194 1129 230 quibusdam
1143 195 1237 222 videar
1247 195 1406 230 praebuisse.
1422 194 1474 223 Sed
1487 195 1673 226 nihilominus,
1689 203 1750 222 cunt

113 239 174 256 σαν
195 231 397 267 ἁρῤητουργίαν
414 233 461 259 καὶ
476 233 603 268 ἀθέμιτον
617 235 726 270 πρᾶξιν,
743 236 775 272 ἥν
793 238 822 263 οὺ
839 237 902 273 θεμι

964 247 1007 266 me
1023 239 1125 267 veritas
1141 240 1199 274 ipsa
1220 240 1420 274 quodatnntodo
1440 245 1527 274 rogat,
1545 244 1574 267 ut
1593 240 1644 267 hoc
1657 247 1750 267 errore

107 276 164 301 ’τὸν
183 276 228 302 ἐπὶ
243 276 376 311 στόματος
398 278 502 312 φέρειν,
521 275 593 306 οὗτοι
608 280 757 315 πράττουσι
771 290 777 314 ;
794 283 849 309 Καὶ
861 284 914 310 πᾶν

109 316 191 350 εἶδος
208 319 410 354 ἀνδροϐασιῶν,
433 321 481 348 καὶ
501 322 683 359 λαγνιστέρων
715 325 826 360 ὁμιλιῶν
847 327 914 361 πρὸς

114 366 268 397 γυναῖκας,
282 365 310 390 ἐν
325 366 432 401 ἑκάστῳ
448 367 523 402 μέλει
541 367 674 403 σώματος,
690 371 805 405 μαγείας
817 381 846 398 τε
865 373 913 399 καὶ

118 410 303 445 φαρμακείας
325 412 372 438 καὶ
401 412 623 449 εἰδωλολατρείας
653 415 832 448 ἐκτελοῦντες.
858 419 912 444 Καὶ

109 456 199 482 τοῦτο
227 454 298 484 εἷναί
323 467 405 492 φασιν
431 459 561 495 ἐργασίαν
585 461 740 494 ἀποδόσεως
754 463 808 490 τῶν
826 465 854 490 ὲν
873 464 911 500 τῷ

111 503 226 538 σώματι
243 505 434 540 ὀφειλημάτων
457 507 497 538 εἰς
518 507 548 533 τὸ
564 507 662 542 μηκέτι
684 508 874 542 ἐγκαλεῖσθαι.
895 511 910 546 ἢ

112 551 227 585 μέλλειν
252 561 276 578 τι
302 552 428 588 πράξεως
452 553 531 589 ἔργον
549 554 736 580 ἀπαιτεῖσθαι·
753 556 799 582 καὶ
815 556 910 583 τούτου

110 597 200 624 ἕνεκα
218 598 254 633 μὴ
269 598 488 633 ἀποστρέφεσθαι
506 599 555 635 τὴν
569 599 658 634 ψυχὴν
672 600 741 635 μετὰ
757 600 806 635 τὴν
818 601 910 628 ἐντεῦ-

111 643 163 669 θεν
188 644 361 680 ἀπαλλαγὴν,
380 645 428 671 καὶ
449 645 529 672 πάλιν
545 646 584 677 εἰς
601 647 844 682 μετενσωμάτωσιν
863 648 909 674 καὶ

112 690 310 726 μεταγγισμὺν
328 692 435 726 χωρεῖν.

112 744 179 762 rum
191 737 325 764 rationem
338 745 399 765 esse
410 739 584 772 conﬁrmant,
597 747 632 766 ne
646 740 774 775 appellari
787 741 904 775 amplius

109 791 171 817 que
195 784 274 811 ntodo
301 784 369 811 illud
393 785 519 819 obtineri,
536 789 620 814 utne
643 792 820 822 posteaquam
840 789 904 815 ltittc

104 830 142 867 Vin
156 839 272 866 corpora
284 833 417 861 transitus
430 840 462 860 ac
478 835 652 869 utigrationes
663 835 728 862 sesc‘
739 836 848 863 referat.

150 878 190 906 E'.
213 879 306 911 Οὕτως
333 880 388 915 γὰρ
411 880 468 915 ἔχει
489 880 524 907 τὰ
549 881 638 908 αὐτῶν
660 883 846 918 συντάγματα,
870 882 907 914 ὡς

110 924 266 957 ἀναγνόντα
279 925 325 951 τὸν
340 925 447 952 συνετὸν
461 925 610 961 Θαυμάζειν
632 928 677 954 καὶ
696 928 903 964 ἐκπλήττεσθαι,

111 970 163 996 καὶ
182 971 306 997 ἀπιστεῖν
323 971 346 997 ει
359 971 444 998 ταῦτα
460 971 545 1004 οὕτως
561 973 612 999 ὑπὸ
625 974 776 1010 ἀνθρώπων
790 976 904 1010 γενήσε-

110 1024 172 1048 ται,
195 1016 226 1042 οὐ
255 1016 334 1051 μόνον
348 1017 402 1043 τῶν
416 1017 477 1044 καθ’
494 1019 568 1054 ἡμᾶς
596 1019 673 1046 πόλιν
697 1020 903 1053 κατοικούντων,

111 1061 184 1087 ἀλλὰ
204 1062 251 1088 καὶ
265 1063 318 1089 τῶν
328 1063 397 1097 μετὰ
405 1063 496 1099 θηρῶν
511 1065 558 1091 καὶ
572 1065 673 1100 ὁμοίων
681 1065 761 1102 οηρσὶ
775 1067 822 1093 καὶ
837 1067 903 1102 κτή-

110 1115 184 1137 νεσι,
203 1108 249 1134 καὶ
274 1108 365 1142 σχεδὸν
380 1109 467 1135 εἰπεῖν
485 1109 518 1136 τὰ
536 1109 624 1136 κυνῶν
639 1111 685 1137 καὶ
700 1111 754 1137 ὑῶν
776 1112 904 1147 πράττειν

112 1152 285 1188 τολμώντων.
314 1154 382 1180 Φασὶ
409 1155 481 1191 γάρ·
500 1155 545 1181 Δεῖ
566 1155 674 1188 πάντως
698 1157 788 1183 πᾶσαν
808 1158 904 1193 χρῆσιν

91 1191 97 1196 ⁴
111 1199 217 1226 τούτων
231 1200 377 1232 ποιεῖσθαι,
395 1200 438 1227 ἵνα
457 1201 504 1237 μὴ,
520 1201 675 1234 ἐξελθοῦσαι
692 1203 739 1229 καὶ
754 1203 903 1239 ὑστερήσα-

114 1245 161 1272 σαί
181 1254 253 1278 τινος
281 1246 372 1282 ἔργον,
392 1247 487 1274 τούτου
514 1248 595 1274 ἓνεκα
617 1249 843 1284 καταστραφῶσιν
864 1250 904 1280 εἰς

112 1290 230 1326 σώματα
245 1292 325 1318 πάλιν
354 1293 382 1319 αἱ
401 1293 496 1328 ψυχαὶ,
518 1295 557 1324 sl;
573 1294 603 1320 τὺ
625 1293 725 1328 πρᾶξαι
742 1292 819 1326 αὖθις
833 1294 851 1321 ἃ
866 1295 903 1330 μὴ

111 1336 244 1372 ἔπραξαν.
255 1339 309 1365 Καὶ
317 1339 395 1365 τοῦτὸ
407 1340 476 1370 ἐστι,
485 1340 565 1374 φασὶν
574 1340 688 1375 (85-86),
701 1341 767 1375 ὅπερ
780 1340 903 1375 ὁἸησοῦς

111 1383 142 1408 ἐν
168 1383 207 1419 τῷ
232 1384 390 1420 Εὑαγγελίῳ
406 1383 466 1412 εἶπε
493 1385 536 1412 διὰ
566 1386 724 1422 παραῦολῆς
738 1386 796 1412 ὅτι·
822 1387 901 1413 Ἴσθι

111 1429 228 1456 εὐνοῶν
237 1430 277 1463 τῷ
291 1431 431 1464 ἀντιδίκῳ
439 1439 507 1463 σου,
526 1432 560 1458 ἐν
576 1429 599 1465 ᾧ
614 1429 650 1468 ᾗς
667 1433 701 1458 ἐν
712 1431 748 1466 τῇ
761 1431 819 1464 ὀδῷ
840 1432 901 1466 μετ’

112 1475 218 1508 αὐτοῦ,
236 1476 284 1503 καὶ
299 1476 351 1509 δὸς
361 1477 506 1511 ἐργασίαν
517 1477 709 1511 ἀπηλλάχθαι
724 1476 774 1503 ἀπ’
798 1476 901 1507 αὐτοῦ,

111 1520 154 1555 μή
175 1527 236 1554 πως
257 1523 273 1548 d
295 1522 447 1556 ἀντίδικος
458 1522 580 1557 παραδῷ
594 1531 630 1549 σε
651 1522 691 1555 τῷ
705 1521 801 1556 κριτῇ,
817 1522 867 1548 καὶ
885 1522 901 1548 ὁ

115 1567 219 1601 κριτὴς
241 1567 280 1600 τῷ
304 1568 449 1603 ὑπηρέτῃ,
475 1569 523 1596 καὶ
550 1570 566 1596 ὀ
579 1569 728 1603 ὑπηρέτης
745 1568 849 1601 βάλλῃ
865 1573 902 1593 σε

113 1614 158 1646 εὶς
175 1613 326 1647 φυλακήν.
343 1614 446 1649 Ἀμὴν,
459 1615 542 1649 ἀμὴν
550 1615 626 1650 λέγω
640 1615 700 1647 σοὶ,
712 1616 747 1641 οὺ
758 1615 798 1649 μὴ
815 1613 902 1646 ἐξέλ-

113 1660 169 1692 θῃς
184 1659 308 1691 ἐκεῖθεν,
324 1660 379 1693 ἕως
391 1660 429 1687 ἂν
436 1658 554 1694 ἀποδῷς
569 1662 621 1687 τὸν
633 1660 764 1694 ἔσχατον
779 1659 903 1692 κοδράν-

113 1714 177 1738 την.
190 1705 282 1732 Μῦθον
294 1705 323 1731 δέ
340 1714 400 1732 τινα
423 1706 583 1733 πλάττουσιν
601 1707 626 1732 οἱ
647 1706 724 1733 αὐτοὶ
739 1706 807 1741 πρὸς
820 1707 829 1721 ¹
844 1706 899 1732 ἐπί-

113 1750 193 1786 ληψιν
220 1751 268 1786 τῆς
281 1751 437 1787 παραϐολῆς
460 1751 578 1786 ταύτης·
597 1752 643 1778 καί
669 1760 749 1786 φασιν
770 1750 839 1779 εἶναι
855 1753 902 1780 τὸν

113 1796 247 1822 ἀντίδικον
264 1798 367 1823 ἐκεῖνον
379 1797 433 1823 τῶν
447 1797 492 1824 τὸν
506 1797 608 1832 κόσμον
623 1797 810 1832 πεποιηκότων
820 1798 903 1832 ἀγγέ-

114 1841 167 1868 λων
183 1842 240 1873 ἕνα,
258 1842 304 1868 καὶ
323 1836 368 1873 εἰς¹
387 1842 452 1869 αὐτὸ
478 1843 556 1869 τοῦτο
573 1843 800 1876 κατεσκευάσθαι,
817 1844 856 1875 εἰς
872 1843 902 1869 τὸ

115 1887 230 1921 ἀπάγειν
256 1888 304 1920 τὰς
329 1887 418 1922 ψυχὰς
441 1888 508 1924 πρὸς
528 1888 572 1914 τὸν
587 1888 693 1924 κριτὴν,
715 1889 763 1921 τὰς
778 1889 901 1917 ἐντεῦθεν

115 1932 294 1968 ὲξερχομένας
313 1933 345 1959 ἐκ
363 1933 506 1968 σωμάτων,
524 1934 612 1960 ἐκεῖσε
628 1934 656 1960 δὲ
670 1933 848 1970 ἐλεγχομένας
864 1936 900 1971 μὴ

117 1979 265 2012 ποιησάσας
287 1980 375 2006 πᾶσαν
397 1979 537 2014 ἐργασίαν.
571 1980 767 2015 Παραδίδοσθαι
793 1981 821 2007 δὲ
847 1981 901 2008 ἀπὸ

116 2024 161 2050 τοῦ
176 2024 304 2060 ἄρχοντος
314 2024 353 2059 τῷ
368 2025 502 2061 ὑπηρέτῃ.
514 2025 644 2059 Ἀγγελον
657 2026 685 2052 δὲ
700 2025 770 2053 εἶναι
780 2027 825 2053 τὸν
836 2028 902 2063 ὑπη-

118 2069 469 2106 ρέτην,,ὲξυπηρετοὺμενον
485 2069 524 2105 τῷ
541 2071 620 2106 κριτῇ
633 2071 672 2106 τῷ
692 2072 847 2107 κοσμοποιῴ
861 2074 901 2104 εἰς

117 2116 146 2142 τὸ
167 2115 258 2151 φέρειν
289 2116 338 2147 τὰς
354 2115 441 2150 ψυχὰς
454 2115 543 2146 πάλιν,
559 2116 605 2142 καὶ
616 2117 656 2148 εἰς
670 2117 782 2152 σώματα
799 2126 902 2152 καταγ-

117 2160 200 2195 γῐξειν
223 2161 347 2196 διάφορα.
377 2159 453 2187 Εἶναι
482 2162 510 2188 δὲ
528 2162 573 2188 τὸν
593 2163 726 2189 ἀντίδικον
741 2163 842 2196 τοῦτον,
871 2164 900 2190 ὃν

117 2206 218 2241 ἔφημεν
234 2207 279 2233 τὸν
306 2207 407 2242 Κύριον
423 2207 561 2242 εἰρηκέναι
584 2208 613 2234 ὲν
634 2207 672 2243 τῷ
687 2208 853 2243 Εὑαγγελίῳ,
871 2209 901 2236 ὃν

118 2251 191 2277 αὐτοὶ
221 2251 335 2285 ἄγγελον
358 2252 405 2278 ἕνα
431 2252 485 2278 τῶν
509 2252 682 2287 κοσμοποιῶν
702 2261 793 2287 φασιν,
816 2244 901 2288 ένομα

118 2297 208 2332 ἔχοντα
225 2298 346 2324 Ἄϐολον.
357 2298 425 2324 Φασὶ
437 2297 491 2333 γὰρ
500 2295 626 2332 εἶναιτὴν
634 2297 755 2332 φυλακὴν
767 2297 797 2324 τὸ
814 2298 902 2333 σῶμω

118 2342 160 2368 τὸν
174 2342 201 2368 δὲ
220 2342 332 2377 ἔσχατον
355 2342 503 2377 κοδράντην
525 2341 646 2368 θέλουσιν
663 2339 732 2368 εἶναι
747 2341 795 2376 τὴν
809 2350 903 2377 μετενι

119 2388 285 2423 σωμάτωσιν.
299 2387 308 2403 ³
327 2387 394 2414 Καθ’
409 2388 527 2422 ἑκάστην
541 2387 693 2423 παρουσίαν
702 2388 833 2415 ἐπιτελεῖν
851 2397 904 2415 σω-

120 2433 207 2469 μάτων
219 2433 336 2468 ἐσχάτην
349 2432 458 2468 πρᾶξιν,
468 2433 514 2459 καὶ
528 2432 624 2468 μηκέτι
633 2433 823 2460 ὑπολείπεσθαι
834 2434 903 2469 πρὸς

117 2481 146 2507 τὸ
166 2479 293 2514 ἀθέμιτόν
310 2488 335 2505 τι
359 2479 470 2514 πρᾶξαι.
500 2480 546 2504 Δεῖ
558 2478 622 2514 γὰρ,
640 2480 731 2513 φασὶν,
754 2479 791 2511 ὡς
811 2479 901 2515 προεί-

118 2535 210 2561 πομεν,
227 2526 316 2552 πάντα
332 2525 342 2540 ⁸
366 2525 504 2555 ἐλθοῦσαν,
529 2525 576 2550 καὶ
601 2525 742 2559 πράξασαν
763 2525 821 2552 καθ’
837 2525 901 2551 ἐκα-

119 2581 185 2604 στον,
197 2572 244 2598 καὶ
263 2570 501 2606 ἐλευθερωθείσαν.
523 2571 644 2598 ἀνελθεῖν
659 2571 727 2606 πρὸς
739 2571 795 2598 ἅνω
812 2571 899 2605 ἄγνω-

145 2648 308 2676 ‘Fortc'rt8‘e
317 2647 381 2675 ἄλλο
391 2647 418 2683 ἦ.
440 2649 449 2663 ²
461 2656 505 2681 γρ.
522 2647 588 2683 πρὸς
602 2646 726 2674 ἐπίπολυ.
735 2646 765 2674 F.
778 2647 910 2675 ἐπίλυσιν.

152 2709 248 2743 (85-86)
258 2708 311 2735 Καὶ
322 2708 410 2734 τοῦτό
417 2708 491 2738 ἐστι,
499 2706 674 2743 patr/nVide
686 2706 760 2734 Tert.
772 2707 788 2734 l.
803 2707 838 2733 De
845 2708 903 2733 ani-

121 2753 168 2774 tuo,
179 2752 203 2770 c.
220 2744 264 2770 55.
282 2743 333 2769 Sed
348 2747 374 2769 ct
387 2743 526 2773 Irenmum,
540 2743 599 2768 loco
611 2742 700 2772 citato,
717 2750 750 2768 ex
767 2750 820 2776 quo
836 2750 903 2769 tton-

121 2777 382 2806 nullaTlteodorctus
394 2777 547 2810 transtulit;
559 2777 690 2811 inquibus
699 2777 756 2804 leve
766 2777 902 2811 quoddam

122 2814 185 2841 inest
199 2813 338 2843 menduttt,
358 2812 430 2847 quod
456 2812 545 2839 obiter
569 2820 584 2838 a
608 2812 687 2839 nobis
705 2811 894 2846 corrigendum

122 2853 167 2876 ιδι.
185 2848 286 2876 Scribit
303 2848 385 2883 igitur
402 2848 537 2875 lrcua‘us:
551 2848 605 2874 Καὶ
627 2848 650 2873 εἰ
673 2847 724 2882 μὲν
742 2848 893 2883 πράσσεται

963 285 1145 312 laborantium
1158 286 1297 313 hominum
1311 293 1409 312 arcana
1422 285 1669 320 patefaciam,-eam
1681 286 1749 312 milti

964 332 1153 359 necessitatem
1172 331 1320 366 important,
1339 335 1368 358 ιιι
1382 335 1409 358 et
1424 331 1624 359 honestioribus
1641 339 1672 358 ea
1690 339 1750 358 ver-

963 377 1005 405 ltis
1024 385 1161 408 enarrem,
1185 382 1212 404 et
1234 385 1248 404 a
1264 377 1303 405 rei
1325 378 1438 405 veritate
1454 384 1625 411 nequaquam
1648 377 1745 404 abhor-

960 430 1045 450 reant.
1072 422 1141 455 Quid
1159 423 1241 457 igitur
1261 422 1306 449 isti
1329 422 1404 449 aliud
1428 426 1527 457 ιιι-αξιοι·
1547 422 1747 450 exsecrandum

959 467 1024 494 illud
1039 474 1070 493 ac
1092 467 1251 494 detestabile
1272 466 1403 502 flagitium
1426 468 1610 499 committunt,
1628 467 1700 502 quod
1714 475 1749 494 ne

959 521 1084 540 sermone
1096 513 1206 548 quidem
1222 514 1373 548 exprimere
1389 513 1463 546 licet,
1478 513 1530 539 hoc
1546 516 1587 540 est
1600 517 1749 547 pra'poste-

959 568 1016 587 rattt
1037 561 1153 586 marium
1174 559 1412 590 consuetudinem,
1439 562 1485 585 aut
1505 558 1747 586 libidinosissimos

958 613 1019 632 cttttt
1031 604 1139 632 feminis
1151 604 1271 640 qualibet
1278 604 1401 638 corporis
1410 607 1486 638 parte
1495 603 1674 636 concubitus;
1689 607 1745 629 tum

962 650 1080 684 magicas
1104 650 1216 685 insuper
1237 653 1320 682 artes,
1344 656 1376 676 ac
1400 649 1540 681 veneﬁcia,
1558 649 1747 683 idolornntque

960 695 1063 722 cultus?
1074 695 1162 729 Atque
1173 695 1244 722 hanc
1256 695 1490 722 dissolvendorum
1506 695 1630 730 corporis
1643 694 1747 721 debito-

923 743 1038 776 possint,
1050 746 1097 769 aut
1109 742 1144 769 ab
1159 742 1192 769 iis
1207 742 1276 776 ipsis
1288 750 1358 777 opus
1370 742 1480 777 aliquod
1510 745 1666 777 repetatur,
1700 748 1747 768 eo-

921 790 1069 817 cxcesserit
1081 790 1171 816 anima
1181 790 1271 817 denuo
1282 794 1445 822 revertatur,
1461 793 1489 818 et
1500 790 1534 817 ad
1567 789 1628 816 illos
1657 788 1746 816 aliena

923 889 943 916 Β
993 879 1025 906 V.
1046 878 1187 914 Ejusmodi
1206 880 1278 906 enitn
1303 879 1410 907 illorum
1432 880 1600 907 monimenta
1623 884 1698 915 sunt,
1715 887 1746 910 ut

956 925 979 953 si
996 925 1058 960 quis
1070 932 1101 951 ea
1117 925 1228 959 sapiens
1241 925 1348 959 legerit,
1364 924 1540 952 vehementer
1553 925 1743 961 Obstupescat,

955 970 1054 1004 vixque
1066 970 1099 996 ab
1108 970 1266 997 hominibus
1280 970 1337 997 ﬁeri
1347 971 1397 997 ista
1409 978 1491 1005 posse
1502 971 1554 998 sibi
1568 973 1743 1006 persuadeat,

955 1024 1009 1043 non
1027 1016 1108 1044 ntodo
1126 1016 1159 1044 iis
1177 1016 1265 1044 nostri
1281 1017 1390 1052 generis
1407 1017 1577 1051 ltomittibus,
1598 1019 1644 1053 qui
1660 1019 1688 1046 in
1704 1027 1746 1047 re-

955 1061 1064 1096 publica
1077 1066 1236 1094 vcrsantur,
1251 1061 1298 1090 sed
1313 1062 1394 1089 etiam
1408 1062 1453 1095 iis,
1468 1063 1515 1098 qui
1527 1063 1554 1090 in
1569 1063 1660 1091 medio
1673 1064 1744 1092 fera-

954 1114 1014 1133 rum
1028 1106 1186 1134 earumdem
1202 1115 1234 1134 ac
1245 1108 1380 1142 pecudum
1398 1109 1503 1137 similes
1515 1109 1627 1145 degunt,
1640 1110 1745 1146 quique

954 1159 1016 1179 cum
1038 1153 1152 1180 canibus
1173 1161 1205 1180 ac
1223 1154 1319 1181 suibus
1341 1154 1416 1189 paria
1430 1155 1625 1190 propemodum
1646 1164 1743 1192 perpe--

953 1201 1037 1226 traut.
1068 1198 1096 1225 Si
1118 1199 1227 1233 quidem
1245 1200 1362 1234 experiri
1380 1201 1472 1227 omnia
1491 1205 1617 1235 oportere
1636 1202 1742 1235 dicunt,

954 1252 987 1272 ne
1001 1253 1117 1280 egressae
1133 1245 1213 1272 istinc
1227 1246 1334 1277 animae,
1347 1254 1429 1281 opere
1442 1247 1535 1282 aliquo
1548 1250 1743 1282 prietermisso,

952 1291 988 1318 ob
1006 1291 1032 1318 id
1054 1299 1150 1319 rursus
1178 1292 1205 1318 in
1229 1299 1344 1327 corpora
1363 1293 1585 1328 compingantur,
1606 1294 1686 1330 106
1715 1301 1744 1322 ut

953 1336 1018 1363 illud
1049 1336 1207 1371 perﬁciant,
1245 1337 1317 1371 quod
1351 1345 1406 1364 non
1428 1338 1561 1365 fecerunt.
1592 1338 1650 1367 Hoc
1679 1347 1744 1367 vero

953 1381 1041 1416 ipsttm
1058 1389 1131 1413 esse,
1151 1382 1225 1416 quod
1240 1382 1267 1409 in
1284 1382 1431 1418 Evangelio
1446 1383 1526 1411 Jesus
1544 1384 1595 1412 hac
1613 1385 1744 1420 parabola

953 1426 1088 1462 signiﬁcat
1109 1436 1115 1454 :
1130 1427 1205 1460 Esto,
1223 1427 1320 1462 inquit,
1339 1430 1502 1456 consentiens
1518 1430 1671 1457 adversario
1686 1435 1742 1463 tuo,

952 1473 1014 1499 dum
1032 1473 1117 1499 adhuc
1137 1482 1164 1500 es
1180 1474 1206 1500 in
1224 1475 1265 1500 via
1287 1482 1346 1501 cum
1360 1475 1428 1509 ipso,
1447 1479 1472 1501 et
1491 1475 1527 1502 da
1543 1483 1649 1510 operam
1667 1481 1697 1503 ut
1710 1477 1743 1503 ab

951 1527 981 1546 eo
996 1519 1130 1546 libereris:
1143 1528 1174 1546 ne
1193 1520 1260 1553 forte
1276 1521 1365 1547 tradat
1381 1525 1404 1547 te
1421 1520 1590 1549 aduersarius
1600 1521 1698 1557 judici,
1710 1527 1742 1550 -εε

915 1556 936 1585 c
951 1565 1037 1599 judea:
1056 1564 1146 1591 tradat
1163 1570 1187 1592 te
1202 1566 1335 1596 ministro,
1359 1571 1383 1594 et
1403 1567 1522 1594 minister
1536 1567 1564 1594 in
1575 1576 1707 1595 carcerem
1719 1574 1743 1596 te

955 1610 1053 1637 mittat.
1070 1609 1163 1642 Amen,
1181 1619 1256 1637 auten
1273 1610 1332 1638 dico
1346 1611 1404 1644 tibi,
1423 1620 1474 1638 non
1488 1613 1557 1640 exies
1573 1613 1642 1646 inde,
1660 1613 1742 1641 donec

955 1654 1048 1681 reddas
1061 1655 1228 1682 novissimum
1240 1656 1414 1691 quadrantem
1425 1658 1448 1684 ⁵.
1467 1657 1517 1684 Cui
1532 1658 1643 1693 quidem
1657 1660 1743 1687 inter-

955 1700 1092 1734 pretanda:
1120 1700 1256 1734 parabolae
1280 1700 1400 1728 fabulam
1426 1703 1574 1737 quamdam
1593 1705 1742 1732 commenti

955 1749 1037 1779 sunt;
1060 1749 1088 1773 et
1108 1745 1294 1774 adversarium
1315 1748 1392 1775 illum
1413 1756 1500 1776 unum
1523 1757 1585 1777 esse
1600 1757 1634 1777 ex
1648 1751 1742 1777 mundi

955 1791 1166 1819 fabricatoribus
1187 1793 1289 1827 angelis
1310 1797 1416 1827 putant,
1439 1795 1485 1829 qui
1507 1794 1589 1829 ltujus
1604 1795 1644 1823 rei
1657 1803 1748 1823 causa.

955 1837 990 1864 sit
1004 1838 1179 1871 constitutus,
1191 1842 1221 1865 ut
1236 1839 1374 1867 exsolutas
1383 1841 1508 1875 corporis
1518 1841 1647 1874 vinculis,
1659 1845 1741 1876 atque

955 1883 1019 1910 hinc
1036 1884 1185 1919 migrantes
1205 1885 1312 1912 animas
1334 1885 1366 1912 ad
1389 1885 1509 1920 iudicem
1532 1886 1667 1918 deducat;
1694 1887 1740 1915 ubi

954 1930 1074 1958 nondum
1085 1932 1176 1958 omnia
1185 1933 1347 1967 praestitisse
1358 1933 1489 1960 convicta:
1498 1941 1512 1959 a
1521 1933 1646 1968 principe
1656 1933 1740 1960 mini—

954 1980 1012 2004 stro
1024 1977 1179 2009 traduntur,
1201 1978 1248 2012 qui
1265 1986 1299 2005 ex
1325 1979 1482 2013 angelorum
1500 1987 1581 2014 grege
1596 1987 1667 2007 unus
1681 1980 1741 2014 opi-

954 2023 998 2050 ﬁci
1013 2024 1106 2050 mundi
1118 2024 1296 2059 hujusjudici
1308 2025 1341 2052 ad
1353 2025 1568 2057 transferendas,
1583 2029 1610 2053 et
1624 2025 1652 2052 in
1663 2025 1739 2052 varia

953 2076 1067 2103 corpora
1083 2069 1264 2103 deportandas
1275 2070 1381 2097 anintas
1393 2077 1504 2105 operam
1521 2077 1598 2097 suam
1611 2070 1737 2098 collocat.

953 2113 1020 2140 Esse
1033 2121 1113 2148 porro
1123 2113 1309 2141 adversarium
1321 2114 1408 2146 illum,
1421 2122 1500 2149 quem
1511 2121 1526 2141 a
1538 2114 1652 2142 Domino
1664 2121 1740 2142 com-

953 2163 1133 2186 tttentoratum
1147 2158 1175 2185 itt
1189 2158 1336 2193 Evangelio
1349 2159 1481 2191 diximus,
1497 2167 1581 2187 unum
1598 2167 1632 2187 er
1644 2158 1739 2186 mundi

954 2204 1103 2231 artificibus
1119 2205 1222 2239 angelis
1238 2205 1346 2232 nomine
1361 2205 1488 2232 Abolunt.
1511 2204 1577 2232 Nam
1600 2208 1627 2232 et
1642 2209 1738 2232 custo-

953 2248 1023 2274 diant
1045 2256 1106 2275 esse
1128 2256 1228 2283 corpus
1253 2249 1484 2283 interpretantur,
1509 2254 1537 2276 et
1559 2249 1740 2277 novissimutn

950 2294 1130 2328 quadrantem
1152 2294 1340 2329 migrationem
1367 2295 1532 2328 animarum,
1553 2303 1622 2330 quas
1641 2303 1737 2322 acces-

950 2341 1074 2368 sionibus
1092 2341 1124 2368 ad
1139 2349 1255 2376 corpora
1268 2341 1386 2376 singulis
1404 2342 1513 2369 ultimas
1529 2343 1650 2370 actiones
1661 2341 1739 2369 obire

953 2395 1063 2415 necesse
1077 2388 1121 2420 sit,
1144 2388 1247 2415 nullutn
1269 2392 1298 2415 ut
1310 2388 1427 2422 amplius
1447 2388 1537 2415 scelus
1553 2395 1584 2415 ac
1604 2387 1738 2423 ﬂagitium

952 2433 1080 2468 supersit.
1105 2433 1217 2468 Oportet
1236 2433 1320 2464 enim,
1340 2437 1370 2459 ιιι
1385 2438 1463 2460 antea
1483 2433 1586 2460 dictum
1601 2438 1654 2466 est,
1674 2441 1739 2468 per-

950 2483 1074 2514 vagataut
1084 2480 1185 2511 omnia,
1196 2480 1365 2514 singulisque
1377 2479 1550 2514 perfunctam
1564 2480 1695 2510 animam,
1705 2487 1738 2506 ae

949 2526 1076 2557 solutam,
1094 2525 1187 2552 mundi
1204 2525 1378 2553 eﬁ'ectoribus
1394 2532 1425 2552 ac
1441 2525 1578 2560 praacipuo
1592 2525 1674 2560 hujus
1687 2532 1737 2552 au-

948 2576 1023 2599 ctore
1044 2572 1190 2606 superatis,
1215 2571 1249 2598 ad
1272 2578 1429 2606 supremum
1457 2571 1533 2598 illum
1561 2571 1738 2606 ignotumque

942 2649 952 2664 ³
965 2648 1043 2676 Deest
1054 2649 1186 2676 nonnihil.
1205 2648 1287 2676 ‘For.
1299 2649 1340 2681 εἰς
1351 2649 1448 2676 πάντα.
1474 2649 1485 2664 ⁵
1499 2648 1592 2676 Matth.
1604 2648 1734 2681 v,25,26.

955 2707 1020 2742 παρ’
1037 2708 1127 2739 αὐτοῖς
1140 2708 1174 2734 τὰ
1188 2707 1265 2737 ἄθεα.
1280 2710 1327 2735 καὶ
1339 2708 1471 2743 ἕκθεσμα,
1490 2709 1536 2735 καὶ
1552 2708 1734 2743 ἀπειρημένα,

955 2742 1010 2776 ἐγὼ
1025 2743 1074 2769 οὐκ
1086 2743 1118 2769 ἂν
1131 2742 1315 2778 πιστεύσαιμι.
1335 2742 1428 2771 Ινιιηςιξὶ
1441 2748 1518 2771 vetus
1532 2742 1666 2777 Interpres
1679 2745 1735 2770 luet:

955 2779 1104 2813 posteriora
1129 2779 1165 2805 ita
1191 2779 1228 2804 uti
1248 2779 1318 2813 apud
1339 2778 1474 2806 Theodor.
1496 2782 1616 2813 exstant,
1638 2779 1736 2811 legisse

947 2813 1063 2849 videtur.
1079 2812 1145 2849 Nam
1163 2814 1252 2849 vertit,
1263 2822 1309 2848 ego
1323 2822 1486 2849 nequaquam
1502 2813 1589 2840 credo.
1606 2812 1736 2841 Scribcn-

948 2848 1011 2876 dum
1026 2855 1090 2876 vero
1100 2848 1150 2875 οὐκ
1165 2848 1198 2878 ἂν
1211 2849 1387 2884 πιστώσαιμι,
1402 2849 1533 2884 afﬁrmare
1544 2857 1595 2875 mm
1609 2849 1706 2875 ausim.
