1944 3037
190 112 238 141 δτι

878 113 906 141 S.
929 114 1099 146 EPIPHANII

1759 111 1817 144 ΗΞ

191 177 342 206 penetrare.
366 170 477 198 Addunt
489 171 602 206 insuper
615 172 655 199 vel
672 172 699 199 in
713 171 800 207 prima
816 172 975 207 migratione

1038 181 1098 203 ττον,
1119 171 1275 207 ὑπερϐᾶσαν
1302 171 1365 203 τοὺς
1389 170 1571 205 κοσμοποιοϋς
1592 170 1696 196 καὶτὸν
1713 178 1816 205 κοπμο-

189 217 322 245 confectis
334 218 462 245 omnibus
472 226 580 245 sursum
593 219 700 246 evolare
711 219 810 246 liberas
823 227 892 254 opus
903 227 973 250 esse,

190 263 230 290 vel
247 263 300 290 iiisi
313 263 450 289 unicoillo
464 263 579 290 adventu
593 264 719 290 universa
732 263 904 298 perfecerint,
917 269 974 291 tum

189 315 254 334 vero
268 316 430 343 unaquaque
445 308 606 336 transitione
619 309 750 343 paulatim
762 311 890 336 omnibus
907 310 974 336 faei-

189 353 319 385 noribus,
342 354 505 388 ﬂagitiisque
527 354 671 381 defunctas
693 363 754 382 sese
774 356 801 381 iii
822 355 973 382 libertatem

190 407 322 428 asserere.
340 399 474 427 Praeterea
484 409 532 428 nos
547 402 590 431 iis,
606 401 652 435 qui
664 401 737 435 digni
753 405 826 432 sunt,
837 401 971 435 inquiunt.

191 451 290 470 arcana
314 444 364 471 ista
386 446 597 478 committimus,
622 449 651 472 ut
678 453 738 479 qute
761 453 822 472 esse
846 446 973 473 videntur

189 490 271 521 mala,
289 494 385 518 natura
398 495 486 517 autem
501 491 612 518 minime
627 495 701 522 sunt,
713 497 908 525 exsequantur,
925 499 972 518 ea-

189 541 242 567 que
263 541 292 560 re
312 534 419 568 cognita
441 535 598 564 liberentur.
629 535 722 562 Solent
745 543 808 562 vero
824 536 974 571 Carpocra~

190 579 268 610 tiani,
286 587 355 613 quos
372 579 404 605 ad
421 588 496 606 suam
517 584 618 607 sectam
650 580 834 607 fraudulenter
855 581 972 614 pellexe-

190 624 254 655 riiit,
270 624 303 651 iis
316 624 448 652 caiidenle
463 625 544 656 ferro,
557 626 598 651 vel
611 626 752 656 novacula,
768 627 808 652 vel
820 633 869 652 acu
882 631 971 652 notam

189 671 335 705 quamdam
351 671 384 698 ad
403 672 484 698 imam
501 673 650 699 auriculam
667 673 832 707 imprimere.

227 757 303 798 107
318 757 361 784 Vl.
375 757 412 784 Ex
428 758 525 785 horum
542 759 658 787 factione
681 758 835 789 lllarcelliiia
848 758 971 793 qiucdain

190 803 222 829 ad
238 811 287 830 nos
303 805 382 835 venit,
395 812 454 838 quae
467 804 571 831 Aniceti
589 805 701 831 Romani
713 805 833 839 episcopi
851 809 971 839 tempore

1029 218 1113 244 ποιόν.
1130 218 1196 243 Φασὶ
1213 217 1241 243 δὲ
1255 217 1345 247 πάλιν,
1360 217 1400 243 ὅτι
1412 217 1452 242 δεῖ
1464 217 1513 243 κᾶν
1522 225 1551 242 τε
1567 217 1595 242 ἐν
1612 217 1662 251 μιᾷ
1676 215 1816 251 παρουπξᾳ

1028 264 1076 298 τῆς
1105 261 1374 298 μετενσωματὼσεως
1399 262 1540 297 πραξὰσας
1559 262 1650 288 λοιπὸν
1666 262 1721 288 ἄνω
1735 262 1815 287 ἐλευ-

1028 310 1191 346 θερωθείσας
1206 309 1323 335 ἀπιέναι.
1341 309 1372 335 Εἰ
1386 309 1414 334 δὲ
1430 309 1466 343 μὴ
1482 309 1509 334 ὲν
1527 309 1574 343 μιᾷ
1590 308 1724 343 παρουσίᾳ
1741 308 1814 343 πρά-

1028 357 1113 388 ξουσι,
1137 356 1197 383 καθ’
1219 355 1337 390 ἑκάστην
1361 355 1511 390 παρουσίαν
1542 353 1815 389 μετενσωματώσεως

1027 402 1184 437 καταϐραχὺ
1208 401 1357 435 ποιησάσας
1381 401 1495 426 ἑκάστου
1513 400 1592 435 ἔργου
1619 399 1746 433 ἀθεμίτου
1761 399 1814 433 τὴν

1026 447 1166 481 ἐργασίαν,
1191 445 1281 471 λοιπὸν
1302 444 1524 479 ἐλευθερωοῆναι,
1540 444 1655 477 Λέγουσι
1674 443 1701 468 δὲ
1719 444 1811 475 πάλιν,

1025 493 1077 518 ὅτι·
1091 493 1152 523 Τοῖς
1170 491 1254 524 ἀξίοις
1276 491 1362 517 ταῦτα
1384 489 1562 525 καταξιοῦμεν
1585 489 1745 523 διηγεῖσθαι,
1766 490 1814 516 ἵνα.

1027 537 1149 573 πράξωσι
1171 537 1205 563 τὰ
1218 537 1346 563 δοκοῦντα
1359 534 1427 561 εἶναι
1445 535 1527 566 κακὰ,
1544 535 1593 561 οὐκ
1610 535 1673 560 ὂντα
1687 535 1715 561 δὲ
1731 535 1813 569 φύσει

1026 582 1107 612 κακὰ,
1135 581 1178 607 ἵνα
1191 580 1322 615 μαθόντες
1347 578 1556 616 ἐλευθερωθῶσι,
1582 579 1718 613 Σφραγῖδα
1737 579 1765 604 δὲ
1780 580 1811 604 ἐν

1026 626 1152 661 καυτῆρι,
1174 626 1189 660 ἢ
1207 625 1240 651 δι¹
1259 623 1458 658 ἐπιτηδεύσεως
1479 622 1609 658 inpiam?)
1627 624 1736 657 ῥαφίδος
1749 625 1812 649 ἐπι-

1025 672 1144 698 τιθέασιν
1160 667 1231 696 οὗτοι
1245 671 1269 696 οἱ
1289 669 1340 696 ὑπὸ
1354 669 1505 704 Καρποκρᾶ
1523 669 1567 694 ἐπὶ
1578 669 1622 694 τὸν
1635 668 1720 700 δεξιὸν
1732 668 1812 694 λοϐὸν

1025 717 1069 743 τοῦ
1082 717 1149 748 ὠτὸς
1169 718 1222 747 τοῖς
1240 717 1285 742 ὑπ’
1299 715 1387 741 αὐτῶν
1400 715 1596 749 ἅπατωμένοις.

1061 764 1106 796 (Τ.
1124 760 1208 788 Ἦλθε
1230 762 1278 796 μὲν
1293 763 1331 792 εἰς
1343 762 1416 796 ἡμᾶς
1432 761 1481 796 ἤδη
1500 759 1557 791 πῶς
1580 759 1752 794 Μαρκελλίνει
1766 769 1810 792 τις

1025 808 1171 834 ὑπἀὑτῶν
1196 807 1375 843 ἁπατηθεῖσσι,
1404 807 1450 833 καὶ
1473 806 1586 836 πολλοὺς
1608 805 1759 840 ἐλυμήνατο
1778 807 1812 832 ὲν

190 849 333 883 plerosque
355 850 542 882 labefactavit;
560 851 666 878 Aniceti
695 851 805 885 inquam
825 852 907 882 illius,
923 852 969 885 qui

1040 853 1124 887 ρόνοις
1147 853 1286 888 Ἀνικήτου
1302 852 1450 879 ἐπισκόπου
1471 851 1590 886 Ῥώμης,
1613 850 1660 876 τοῦ
1673 851 1743 877 κατὰ
1757 851 1808 885 τὴν
1843 870 1846 872 ν

188 892 246 924 Pio,
261 894 375 930 aliisque
397 895 569 930 pontificibus
593 897 734 923 successit.
750 896 855 924 Etenim
878 896 969 924 Romae

189 940 269 974 primi
296 941 417 967 omnium
443 941 540 969 Petrus
568 947 594 969 et
621 941 721 968 Paulus
740 943 852 976 apostoli
869 943 970 977 pariter

189 989 269 1026 atque
294 986 412 1021 episcopi
440 985 558 1013 fuerunt.
580 987 645 1014 lmle
672 987 770 1019 Linus;
787 991 844 1014 tum
868 988 970 1020 Cletus.

189 1030 253 1058 Post
271 1032 341 1059 hunc
354 1031 488 1064 Clemens,
505 1031 610 1060 Petriet
623 1033 700 1059 l'auli
716 1037 867 1067 temporum
880 1041 970 1068 requa-

189 1078 233 1113 lis,
249 1078 282 1105 de
296 1087 350 1113 quo
375 1077 474 1106 Paulus
496 1079 619 1106 meminit
643 1079 676 1106 ad
700 1078 837 1106 Romanos
857 1078 970 1116 [Philip-

189 1123 299 1159 peiises]
325 1124 448 1152 scribens
473 1125 492 1150 ‘.
515 1123 608 1159 Neque
637 1132 701 1152 vero
731 1125 845 1152 miretur
861 1125 969 1159 aliquis,

189 1169 261 1204 quod
276 1173 337 1196 ante
352 1170 439 1204 ipsum
453 1170 480 1196 in
492 1170 657 1204 pontiﬁciam
673 1170 829 1207 dignitatem
845 1170 890 1197 alii
905 1178 970 1206 apo-

189 1215 267 1243 stolis
281 1216 475 1246 successerint.
492 1223 553 1242 cum
567 1215 638 1242 Petri
654 1223 686 1242 ac
702 1215 779 1242 Pauli
792 1220 864 1243 esset
879 1223 970 1249 aequa-

190 1261 234 1292 lis,
251 1260 347 1288 iisdem
370 1261 442 1287 enim
459 1260 503 1288 ille
528 1261 697 1297 temporibus
715 1262 788 1288 vixit.
806 1260 901 1288 Utrum
918 1261 971 1288 illis

226 1317 234 1332 ¹
249 1316 365 1352 Philipp.
383 1325 419 1350 iv,
436 1317 461 1345 5.

225 1374 281 1409 (87)
301 1375 351 1400 Ἐν
369 1374 460 1409 Ῥώμῃ
473 1374 527 1408 γὰρ
543 1375 692 1408 γεγόνασι.
709 1373 892 1402 Romanorum
906 1381 972 1408 pono

189 1409 305 1442 titicuiii,
322 1409 367 1443 qui
384 1417 398 1435 a
422 1410 503 1436 Petro
525 1409 640 1443 proximi
663 1409 782 1439 fuerunt,
807 1409 970 1443 perobscura

190 1445 276 1471 series
296 1449 347 1472 est.
370 1446 496 1478 varieque
520 1445 684 1478 scriptorum
706 1445 834 1478 opinione
856 1443 970 1477 iactata.

191 1478 228 1504 De
244 1487 297 1513 qua
313 1487 374 1505 cuni
394 1484 448 1506 tam
467 1480 580 1513 insignis
597 1479 739 1513 Epiplianii
759 1479 833 1505 locus
854 1479 904 1506 iste
923 1479 968 1510 sit,

191 1520 277 1547 pauca
293 1514 325 1540 ad
342 1522 403 1541 eum
422 1515 509 1549 ipsuui
533 1514 726 1541 illustrandum
749 1514 908 1548 explicanda
932 1514 972 1540 vi-

191 1549 299 1575 dentur.
317 1549 355 1575 Ac
375 1548 509 1583 praecipua
527 1549 636 1583 quidem
652 1548 684 1575 tle
703 1549 763 1575 Lini
778 1556 809 1575 ac
824 1548 892 1575 Cleti
907 1556 973 1583 pou-

191 1584 292 1610 tificatu
318 1584 504 1611 controversia
531 1584 661 1610 nascitur.
681 1583 756 1616 Quos
777 1584 898 1618 plerique
920 1592 972 1610 non

194 1619 264 1645 Petri
289 1626 475 1648 successores.
502 1626 552 1645 nec
578 1618 731 1645 ordinarius
748 1619 906 1652 pontiﬁces;
926 1619 973 1646 sed

191 1653 403 1688 chorepiseopos
418 1654 555 1681 exstitisse
570 1658 676 1688 putant.
694 1654 727 1679 ab
741 1661 827 1688 eoque
844 1655 902 1680 vice
913 1662 972 1684 sua,

192 1695 245 1721 quo
268 1691 417 1722 praesertim
439 1693 558 1721 tempore
572 1687 702 1718 abesset.
726 1687 791 1714 Urbi
819 1689 972 1722 praelectos.

191 1723 244 1748 Alii
261 1723 395 1758 legitimos
408 1727 434 1749 et
450 1723 605 1750 ordinarios
621 1722 734 1750 faciunt.
752 1723 901 1757 Utriusque
914 1732 974 1750 sen—

193 1758 284 1784 tentiae
307 1759 472 1785 mentionem
494 1758 559 1784 facit
574 1758 752 1792 Epiphanius,
768 1761 795 1784 et
811 1762 870 1784 utra
886 1759 976 1785 verior

191 1793 238 1824 sit,
255 1793 543 1828 iiicertumrrelinquit.
560 1792 679 1828 Priorem
695 1801 727 1819 ex
741 1792 976 1828 pseudo-Damasi»

192 1828 365 1862 amplectitur
385 1827 518 1855 Oiiufrius
541 1829 568 1855 in
585 1827 726 1858 Chronico,
743 1828 789 1862 qui
807 1836 820 1853 a
835 1827 915 1854 Petro
928 1829 976 1854 ad-

194 1863 247 1898 huc
264 1863 412 1898 superstite
428 1864 638 1898 cliorepiscopos
656 1863 725 1889 duos
746 1864 911 1889 constitutos
928 1863 974 1895 ait,

193 1896 306 1929 Linum;
326 1904 406 1932 atque
423 1896 539 1931 Cletuiii,
567 1896 639 1925 anno
663 1897 837 1932 pontiﬁcatus
858 1898 899 1924 sui
920 1906 975 1927 xw.

192 1933 274 1966 paulo
291 1941 355 1960 vero
373 1938 517 1968 antequam
548 1938 709 1963 moreretur,
727 1933 850 1959 eumdem
866 1932 975 1959 Petrum

194 1975 381 1995 successorem
396 1969 538 1998 ordinasse
550 1969 716 1996 Clementem
734 1975 804 1994 anno
818 1968 919 1994 Christi
932 1968 975 1994 68.

193 2002 278 2030 Linus
292 2011 373 2037 porro
389 2003 482 2031 eodem
498 2011 581 2036 anno,
596 2011 650 2037 quo
667 2003 773 2034 Petrus,
792 2003 886 2037 paucis
903 2010 978 2029 nieii-

194 2038 270 2064 sibus
287 2039 449 2073 interiectis,
474 2046 570 2072 nempe
597 2046 624 2064 ix
645 2038 702 2064 h'al.
723 2037 782 2064 Oct.
808 2046 905 2072 passus
925 2042 976 2064 est.

192 2073 318 2101 Clemens
345 2074 450 2107 primus
477 2078 539 2108 post
564 2073 672 2100 Petrum
700 2073 838 2099 Romanus
858 2073 978 2108 pontiicx

194 2116 282 2135 annos
298 2109 368 2136 sedit
386 2117 423 2140 ix,
442 2107 550 2135 Ilienses
565 2116 601 2139 iv,
616 2108 674 2135 dies
691 2116 764 2134 xui.
781 2108 833 2140 Qui
849 2115 909 2134 cuin
927 2107 978 2134 Ve-

195 2144 324 2177 spasiano
338 2152 385 2177 vn,
395 2148 422 2171 et
432 2143 492 2170 Tito
507 2152 522 2169 v
534 2151 605 2171 coss.
617 2150 688 2169 anno
697 2143 799 2169 Christi
811 2143 841 2169 77
857 2147 978 2169 mortuus

195 2183 278 2209 esset.
303 2187 488 2207 successorem
508 2179 601 2205 habuit
619 2179 725 2205 Clctiim
743 2187 748 2204 :
769 2179 816 2212 qui
833 2177 978 2204 Clementis

195 2214 328 2242 hactenus
340 2223 393 2241 non
405 2214 518 2248 collega,
527 2213 572 2240 sed
586 2212 849 2240 administerfuerat.
861 2212 946 2246 Atque
959 2213 981 2238 is

195 2250 381 2282 pontificatum
393 2257 440 2277 sex
452 2250 531 2275 anuis
542 2248 628 2275 tenuit
639 2248 777 2274 mensibus
792 2256 817 2278 ιι,
829 2248 924 2274 diebus
936 2249 984 2272 tri—

195 2286 257 2316 bus,
267 2292 328 2311 cuni
341 2286 489 2319 episcopus
501 2292 531 2310 ac
544 2283 702 2318 pontiﬁcum
713 2283 839 2319 minister
850 2283 929 2319 anuis
939 2289 983 2308 an-

196 2323 238 2349 tea
249 2327 295 2353 xx,
304 2317 444 2351 mensibus
458 2328 484 2350 v,
493 2317 589 2346 diebus
601 2327 638 2345 xii
650 2318 809 2345 exstitisset.
820 2317 852 2343 Ut
862 2317 888 2343 in
899 2322 982 2345 totum

197 2356 276 2381 annis
293 2363 365 2387 xxvx,
378 2355 516 2381 mensibus
531 2362 557 2386 χ,
571 2354 668 2380 diebus
678 2360 712 2379 xv
726 2354 911 2386 episcopatum
928 2360 984 2386 ges-

197 2391 271 2416 serit.
295 2389 409 2417 Moritur
426 2395 514 2416 auteiii
534 2396 606 2415 anno
629 2388 731 2414 Christi
755 2388 799 2419 84,
830 2387 983 2413 Domitiano

198 2432 225 2460 ix
242 2428 270 2460 et
284 2423 408 2460 Virginio
424 2432 496 2452 coss.
525 2423 603 2451 Hune
617 2424 764 2460 Aiiacletus
784 2423 899 2455 excepit.
923 2421 983 2460 lliec

197 2458 345 2487 OnufriusI
360 2460 383 2493 A
402 2460 502 2494 quibus
532 2464 637 2486 veteres
662 2458 784 2494 plerique
798 2493 802 2494 ν
816 2458 983 2491 ιιι-ωδιιιιιιιδ-

197 2495 260 2522 simi
278 2492 437 2529 scripto-‘es.
456 2502 488 2522 ac
505 2495 674 2522 recentiores
691 2492 984 2529 dissentiuntLquate-

198 2538 250 2557 nus
263 2527 360 2556 Liiiuiii
376 2535 402 2557 et
414 2529 531 2559 Cletumv
548 2531 604 2556 sive
617 2528 786 2557 Aiiacletum.
802 2531 862 2561 post
874 2527 985 2553 l’etruni

199 2565 345 2600 legitimos.
369 2569 396 2592 et
420 2565 578 2592 ordinarios
598 2564 753 2600 Pontiiicesr
772 2566 927 2600 numerant,
955 2566 984 2600 iit

198 2597 317 2627 lrénatus
335 2600 382 2626 lib.
400 2608 439 2632 ιιι,
464 2607 523 2633 cap.
541 2600 576 2631 5;
595 2599 727 2626 Eusebius
749 2599 774 2624 in
792 2597 888 2624 Chron.
912 2602 938 2622 et
955 2597 983 2623 iii

201 2635 338 2667 Historia;
367 2635 472 2662 Tertul.
498 2632 681 2669 Epiphanius,
707 2638 733 2669 et
759 2633 804 2659 alii
834 2632 980 2669 innumeri.

199 2670 305 2704 Quibus
333 2671 447 2697 libenter
472 2667 637 2696 accedimus.
664 2668 717 2695 Sed
739 2668 845 2704 iiloruiii
863 2667 983 2704 plerique

199 2703 305 2733 Clelum
320 2705 444 2733 eumdem
460 2713 521 2732 cum
539 2705 669 2731 Anaclelo
687 2704 798 2730 faciunt.
817 2703 881 2734 Qua:
892 2703 982 2728 omnia

200 2746 273 2769 recte
288 2742 315 2769 in
331 2741 478 2777 Annalibus
493 2748 526 2767 ac
540 2740 684 2774 diligenter
695 2739 825 2777 exposita
839 2741 912 2777 sunt.
924 2736 983 2777 .Sed

200 2778 297 2804 viiiosa
311 2782 356 2804 est
372 2776 473 2803 ibidem
493 2772 629 2802 annorum
650 2774 730 2806 ratio,
753 2777 780 2800 et
802 2772 903 2800 biennii
919 2772 983 2797 ἁνα-

200 2813 346 2847 χρονισμός
369 2812 467 2845 ubique
493 2810 669 2841 commissus,
694 2809 727 2835 de
742 2807 851 2847 qiiomad
875 2807 939 2847 hair.
956 2813 982 2832 Li

200 2841 382 2888 disputamus.
399 2841 534 2887 Quocirca
555 2846 714 2888 castigatam
729 2841 886 2886 pontiﬁcum
900 2841 983 2876 Rom,

1023 899 1144 934 διαδοχὴν
1171 899 1246 929 Πίου,
1272 898 1388 925 καὶτῶν
1414 897 1550 932 ἀνωτέρω.
1580 897 1624 922 Ἐν
1644 895 1736 931 Ῥώμῃ
1750 895 1809 930 γὰρ

1023 944 1149 978 γεγόνασι
1167 943 1221 978 (87)
1237 943 1339 978 πρῶτοι
1361 943 1464 977 Πέτρος
1479 943 1524 968 καὶ
1538 941 1642 972 Παῦλος
1652 941 1676 967 οἱ
1694 941 1811 966 ἀπόστο-

1023 989 1063 1015 λοι
1076 989 1149 1015 αὐτοὶ
1165 988 1322 1014 ἐπίσκοποι·
1339 986 1398 1014 εἶτα.
1424 988 1502 1019 Αἶνος
1515 995 1523 1003 ·
1539 985 1598 1013 εἶτα
1611 987 1715 1021 Κλῆτος
1725 995 1732 1000 ·
1749 984 1810 1012 εἶτα.

1023 1036 1148 1070 Κλήμης,
1164 1035 1309 1069 σύγχρονος
1334 1033 1372 1060 ὢν
1388 1034 1491 1069 Πέτρου
1508 1035 1554 1059 καὶ
1569 1033 1685 1063 Παύλου,
1701 1031 1730 1059 οὗ
1747 1033 1809 1059 ὲπι-

1025 1080 1187 1115 μνημονεύει
1204 1080 1309 1110 Παῦλος
1328 1081 1357 1106 ὲν
1368 1080 1401 1114 τῇ
1417 1079 1484 1114 πρὸς
1506 1079 1657 1113 Ῥωμαίους
1673 1077 1813 1114 [Φιλίππ.]’

1030 1126 1181 1161 Ἐπιστολῇ.
1194 1126 1249 1152 Καὶ
1257 1126 1349 1161 μηδεὶς
1358 1125 1527 1160 θαυμαζέτω,
1537 1125 1577 1151 ὅτι
1587 1124 1637 1160 πρὸ
1646 1124 1725 1150 αὑτοῦ
1735 1124 1810 1151 ἄλλοι

1023 1172 1071 1207 τὴν
1081 1171 1230 1206 ἐπισκοπὴν
1247 1171 1395 1203 διεδέξαντο
1411 1171 1465 1197 ἀπὸ
1479 1171 1532 1196 τῶν
1551 1170 1716 1201 ἀποστόλων,
1733 1169 1810 1200 liv-ce;
1853 1198 1858 1202 λ

1024 1217 1118 1244 τούτου
1134 1217 1280 1252 συγχρόνου
1294 1217 1397 1251 Πέτρου
1409 1217 1456 1243 καὶ
1469 1215 1574 1243 Παύλου
1585 1223 1591 1229 ·
1605 1216 1654 1242 καὶ
1666 1212 1742 1247 οὗτος
1755 1215 1810 1251 γὰρ

1026 1263 1170 1299 σύγχρονος
1201 1263 1302 1297 γίνεται
1334 1263 1388 1289 τῶν
1416 1261 1581 1289 ἀποστόλων.
1611 1262 1666 1288 Εἶτ’
1692 1259 1739 1287 οὖν
1768 1260 1812 1292 ἔτι,

1025 1377 1134 1407 seriem,
1150 1380 1177 1402 et
1192 1375 1224 1402 ad
1240 1382 1318 1401 veros
1337 1381 1423 1401 annos
1437 1373 1574 1400 redactam
1592 1374 1642 1400 hoc
1661 1374 1722 1400 loco
1743 1374 1810 1400 sub-

1024 1412 1132 1446 jiciam;
1149 1418 1242 1437 eorum
1256 1409 1397 1446 duntaxat.
1409 1417 1478 1446 quos
1491 1409 1661 1446 Epiphanius
1671 1413 1807 1446 recenset.

1061 1446 1169 1472 Primus
1183 1446 1264 1479 igitur
1280 1444 1371 1471 llonia:
1387 1444 1573 1479 pontificatum
1589 1444 1676 1469 lenuit
1693 1443 1808 1479 Petrus;

1026 1482 1072 1516 qui
1088 1489 1159 1507 anno
1175 1477 1290 1516 Neronis
1309 1487 1358 1506 xiii
1374 1477 1471 1513 passus
1489 1483 1541 1516 est,
1552 1477 1683 1516 Capitone
1698 1483 1724 1505 et
1738 1478 1811 1505 Rufo

1026 1514 1098 1544 coss.
1115 1516 1160 1551 qui
1179 1519 1220 1542 est
1237 1514 1361 1541 Julianus
1373 1521 1440 1551 (ιιιιιξ
1459 1521 1518 1540 sane
1535 1514 1807 1551 Dionysiaiiieuvii,

1025 1560 1079 1579 non
1094 1548 1168 1582 uix,
1187 1556 1216 1577 ut
1231 1555 1273 1576 est
1290 1551 1315 1575 iii
1332 1549 1490 1580 Annalibus,
1508 1552 1563 1579 aut,
1580 1553 1608 1575 ut
1621 1548 1735 1575 Oiiufrio
1752 1549 1810 1582 pla-

1024 1592 1077 1618 cet,
1097 1594 1190 1613 LXVIII.
1206 1585 1256 1611 Hic
1270 1585 1342 1611 enim
1359 1593 1414 1610 uiio
1433 1585 1565 1618 duntaxat
1579 1591 1666 1613 anno;
1682 1583 1719 1609 illi
1735 1584 1812 1610 bien-

1025 1623 1070 1648 nio
1087 1628 1180 1648 verum
1199 1624 1305 1654 tempus
1329 1623 1513 1646 antevertunt.
1539 1617 1624 1652 Cujus
1647 1625 1757 1645 causam
1776 1619 1811 1645 ad

1026 1657 1142 1683 haeresin
1158 1663 1182 1681 i.i
1199 1662 1366 1689 aperiemus.

1061 1691 1159 1718 Eodem
1178 1688 1249 1716 anno
1267 1689 1350 1716 Linus
1373 1688 1517 1716 successit.
1539 1688 1588 1714 Cui
1611 1695 1697 1714 annos
1722 1688 1812 1722 impu-

1025 1730 1083 1753 tant
1098 1734 1135 1755 XI.
1150 1732 1256 1751 menses
1279 1733 1308 1756 ii,
1324 1725 1381 1751 dies
1397 1731 1474 1750 xxiii.
1493 1723 1618 1756 [denique
1631 1727 1756 1749 mortuus
1766 1727 1809 1750 est

1026 1768 1097 1788 anno
1121 1760 1287 1795 Dioiiysiano
1309 1766 1422 1789 Lxxvui,
1451 1758 1525 1793 Sept.
1544 1765 1624 1789 xxiii,
1646 1766 1712 1791 non,
1728 1764 1756 1784 ut
1771 1759 1813 1786 ill't

1026 1800 1147 1827 censent,
1165 1803 1247 1821 LXXX.

1062 1830 1169 1857 Tertius
1184 1829 1278 1856 Linum
1289 1828 1381 1855 Cletus
1393 1828 1509 1862 excepit,
1525 1828 1648 1861 seditque
1660 1835 1748 1855 annos
1760 1835 1815 1862 itii,

1026 1873 1134 1892 menses
1159 1872 1208 1895 vu,
1233 1863 1291 1891 dies
1318 1872 1347 1890 ii.
1375 1863 1448 1898 Obiit
1474 1871 1545 1889 anno
1572 1863 1737 1898 Dionysiano
1755 1870 1811 1894 xei,

1027 1900 1127 1934 Aprilis
1142 1908 1215 1931 xx",
1232 1897 1360 1932 Trajaiio.
1378 1903 1404 1926 et
1417 1897 1564 1925 Glabrione
1578 1897 1649 1925 coss.

1062 1935 1181 1968 Quartus
1203 1937 1244 1960 est
1269 1934 1406 1968 Clemens,
1432 1934 1475 1959 cui
1502 1935 1566 1959 anni
1594 1934 1754 1960 tribuuntur
1772 1941 1811 1963 ix,

1029 1967 1135 1997 menses
1146 1977 1182 2000 vi,
1197 1970 1255 1996 dies
1265 1976 1301 1995 vt.
1314 1967 1427 1995 Moritur
1439 1976 1510 1994 anno
1524 1968 1635 2003 Dioiiys.
1650 1968 1813 1999 centesimo,

1029 2013 1055 2031 ix
1070 2004 1127 2032 Kal.
1144 2005 1206 2031 Dec.

1064 2040 1181 2073 Quintus
1195 2041 1287 2067 Roma;
1302 2038 1408 2074 praefuit
1424 2038 1582 2074 Anacictus,
1593 2038 1673 2065 annis
1685 2046 1723 2072 ix,
1735 2045 1813 2064 men-

1029 2076 1105 2102 sibus
1119 2083 1159 2106 iii,
1176 2076 1272 2103 diebus
1287 2073 1313 2101 xl
1326 2074 1399 2101 Obiit
1412 2081 1483 2100 anno
1498 2073 1559 2100 110.

1068 2110 1167 2137 Sextus
1190 2110 1341 2141 Evarislus,
1365 2110 1411 2143 qui
1435 2112 1461 2134 et
1486 2109 1544 2142 ipse
1568 2115 1654 2135 annos
1679 2107 1749 2134 sedit
1774 2115 1812 2138 ix.

1031 2153 1138 2172 nienses
1156 2153 1195 2172 iii.
1212 2145 1334 2172 Mortuus
1346 2149 1387 2171 est
1403 2150 1473 2170 anno
1490 2144 1551 2175 119,
1572 2143 1683 2170 Octobr.
1699 2151 1773 2170 xxvi.

1070 2181 1208 2214 Septimus
1231 2186 1273 2207 est
1297 2178 1461 2210 Alexander,
1481 2179 1527 2213 qui
1545 2187 1559 2205 χ
1577 2186 1663 2205 annos
1685 2178 1814 2205 Ecclesia:

1035 2215 1150 2247 przefuit.
1175 2219 1221 2242 aut
1248 2215 1329 2242 etiam
1358 2215 1461 2247 aliquot
1490 2222 1523 2240 eo
1551 2214 1667 2247 amplius
1695 2220 1812 2240 nienses.

1034 2250 1106 2276 Vixit
1122 2250 1155 2277 ad
1172 2257 1273 2276 annum
1289 2257 1375 2284 usque
1390 2249 1449 2275 150.
1472 2249 1530 2281 Quo
1545 2248 1639 2275 eodem
1656 2256 1726 2274 anno

1069 2285 1187 2312 Octavus
1216 2285 1402 2316 Romanorum
1441 2284 1597 2317 pontilieuiii
1630 2287 1738 2311 creatus
1773 2287 1815 2310 est

1033 2319 1140 2347 Xistus.
1156 2320 1181 2346 Is
1202 2320 1280 2346 annis
1299 2320 1390 2346 decem
1411 2319 1526 2353 expletis
1544 2322 1668 2345 mortuus
1684 2323 1726 2344 est
1743 2326 1814 2344 anno

1034 2355 1135 2382 Christi
1153 2355 1262 2382 circiter
1279 2355 1338 2381 ΜΟ.

1070 2390 1162 2416 Nonus
1188 2390 1370 2424 Telesphorus
1395 2396 1481 2416 annos
1498 2388 1569 2424 sedit
1593 2395 1630 2420 xi,
1651 2395 1759 2414 menses
1776 2395 1815 2420 ix,

1034 2424 1092 2460 dies
1107 2433 1146 2455 ιιι,
1162 2430 1322 2460 martyrium
1344 2424 1406 2458 fecit
1419 2432 1492 2460 anno
1513 2423 1574 2460 1752.

1070 2459 1196 2486 Decimus
1212 2457 1343 2494 Hyginus,
1362 2459 1441 2485 annis
1456 2467 1491 2485 iv.
1510 2459 1561 2490 Qui
1582 2457 1649 2484 obiit
1665 2465 1736 2484 anno
1754 2457 1814 2484 156.

1070 2493 1326 2522 Uiideciiiius’Pius.
1338 2494 1387 2521 Cui
1401 2502 1486 2521 annos
1501 2494 1635 2528 imputant
1648 2493 1763 2519 Annales
1779 2501 1815 2523 ix.

1034 2537 1142 2557 menses
1159 2538 1195 2556 vi.
1212 2530 1284 2556 Obiit
1299 2536 1370 2555 anno
1386 2528 1446 2555 165.

1071 2564 1250 2591 Duodecimus
1273 2564 1418 2595 Anicetus;
1441 2563 1520 2590 annis
1544 2570 1604 2592 viii.
1629 2562 1720 2589 minus
1742 2570 1818 2588 mena

1034 2599 1110 2627 sibus
1124 2607 1164 2631 iii,
1178 2607 1209 2626 ae
1222 2600 1319 2626 diebus
1333 2607 1380 2625 vn.
1394 2599 1508 2625 Moritur
1520 2606 1591 2624 anno
1608 2597 1667 2624 175.

1069 2635 1205 2661 Hactenus
1223 2633 1408 2661 lloniaiioruiii
1426 2634 1587 2660 Pontificum
1609 2633 1694 2659 seiies
1711 2639 1744 2658 ex
1765 2632 1783 2657 Α
1791 2640 1819 2657 ιι-

1034 2670 1139 2696 nalibus
1157 2669 1327 2705 deprompta.
1355 2669 1401 2705 sed
1425 2669 1458 2695 ad
1487 2676 1565 2696 veros
1587 2675 1672 2694 annos
1695 2667 1816 2705 redacta.

1034 2705 1154 2736 Quorum
1179 2704 1287 2738 quidem
1314 2704 1472 2738 singillatim
1498 2709 1621 2737 tempora
1648 2704 1817 2736 perscrutari

1034 2741 1095 2775 plus
1110 2739 1351 2775 niolestitepqiiam
1363 2739 1493 2775 rutilitatis
1509 2739 1604 2775 habet.

1070 2774 1265 2812 ln__Epiphanii
1280 2772 1416 2812 ’Catizlogo
1431 2779 1492 2810 post
1508 2772 1705 2808 Telesphorum
1721 2778 1818 2812 perpe-

1034 2817 1091 2838 ram
1108 2809 1248 2838 Evaristus
1262 2809 1406 2851 reperitur.
