1944 3037
222 109 275 138 575

936 121 966 149 S.
984 120 1154 149 EPIPHANII

1796 122 1856 151 576

222 168 406 204 aliorumque,
433 170 534 205 quibus
549 179 596 200 eas
612 180 681 208 quas
699 173 756 201 dixi
783 174 885 203 Christi
909 176 994 212 elligie

1061 179 1106 206 τοῦ
1125 179 1211 215 Ἰησοῦ
1228 180 1358 211 τιθέασιν,
1377 179 1533 215 ἰδρύσαντές
1548 189 1577 206 τε
1594 178 1785 215 προσκυνοῦσι,
1802 180 1854 205 καὶ

223 214 349 245 miscent,
366 220 392 242 et
403 223 510 244 creetas
522 217 602 245 simul
618 227 713 247 omnes
722 221 847 253 adorant,
863 222 897 249 ad
909 231 1010 258 easque

222 261 362 293 gentilium
381 261 449 290 ritus
471 263 626 292 instituunt.
640 265 788 294 Collocatis
812 268 883 295 enim
898 269 1009 296 simula-

222 305 278 332 cris
288 306 356 339 istis,
378 316 438 342 qua)
449 315 464 335 a
475 311 621 343 gentilibus
635 312 692 338 ﬁeri
708 313 794 340 solent
804 313 932 349 deinceps
947 323 1010 350 per-

223 349 327 378 ficiunt.
337 352 453 385 Quinam
468 361 532 381 vero
547 359 611 382 sunt
625 357 739 391 gentiles
752 358 769 384 ii
787 359 856 385 ritus
867 359 912 386 alii
926 349 1007 394 quam

222 397 366 430 sacriﬁcia,
384 404 535 435 ceteraque
547 403 655 436 generis
669 403 810 437 ejusdem?
820 405 952 433 Cancrum
971 407 1007 434 ita

222 442 273 468 soli
288 443 385 471 anima:
405 445 520 473 salutem
538 448 699 480 attribuunt,
715 453 744 476 ut
761 450 795 477 ab
811 451 870 485 ejus
886 460 1007 480 conmm-

221 487 302 514 nione
315 495 429 524 corpora
445 493 611 526 segreganda
626 498 730 528 putent.

258 532 313 559 Vll.
333 534 515 566 Quamobrem
532 539 606 565 omni
626 540 686 566 illos
703 548 753 574 ope
768 542 911 577 prolligare
930 550 1007 578 opor-

219 581 259 604 tet
285 583 366 614 atque
380 587 512 609 evertere.
531 583 624 619 Neque
639 586 711 613 enim
726 592 768 614 est
782 588 855 622 quod
870 589 1006 622 ejusmodi

219 624 345 659 dogmata
360 630 509 661 przcscrtim
529 637 543 655 a
562 631 609 657 tali
627 631 776 666 impostore
793 633 914 668 profecta
930 635 1006 669 quis-

220 670 291 704 piam
316 678 482 702 contemnat.
508 676 615 703 Atenim
633 677 706 705 dicat
724 679 823 713 aliquis
841 689 847 706 ε
866 679 960 707 Nonne
974 689 1005 708 ea

219 719 283 741 sunt
296 718 407 751 cognitu
423 719 524 750 facilia.
543 721 719 757 stultitiaque
741 725 918 758 plenissima?
935 726 1005 752 Sunt

217 767 250 787 ea
265 769 339 789 vero.
357 762 409 791 Sed
424 765 615 801 insipientibus
624 769 705 796 stulta
717 770 875 805 plerumque
891 779 1004 805 persua—

217 805 327 841 dentur,
341 809 394 836 imo
409 811 490 837 etiam
504 813 651 846 prudentes
665 822 681 841 a
697 819 770 842 recta
785 816 828 843 via
846 816 1002 849 deﬂectunt,

217 851 269 878 nisi
284 853 367 880 animi
394 856 434 883 vis
449 857 519 884 adsit
532 859 653 887 veritatis
674 861 869 890 exercitatione
886 864 1002 890 lirmata.
1022 849 1042 877 Β

216 897 397 930 Quamobrem
420 909 482 929 cum
501 903 528 930 in
550 904 644 932 iisdem
660 906 759 940 quibus
775 905 870 935 Simon
891 909 1004 944 magicis

215 946 321 975 artibus
336 954 487 986 caeteraque
503 961 628 980 errorum
650 955 714 982 [me
726 955 879 991 Carpocras
892 958 1002 992 haireat,

216 999 266 1019 nos
280 994 389 1021 easdem
407 1004 514 1032 quoque
532 999 566 1026 ad
590 1000 666 1027 illum
690 1002 865 1030 evertendum
885 1005 1002 1033 rationes

214 1035 415 1066 adhibebimus.
434 1041 463 1068 Si
479 1043 551 1069 cnim
577 1044 669 1079 ignota
694 1046 739 1072 illa
753 1054 803 1074 nec
822 1048 877 1075 ullo
892 1049 1001 1077 nomine

213 1081 384 1116 explicabilis
409 1086 496 1115 virtus
517 1089 632 1116 aliorum
650 1091 808 1126 angelorum
834 1101 914 1121 causa
940 1095 999 1127 fuit,

213 1126 255 1153 Vel
267 1128 291 1154 ei
309 1130 454 1159 tribuenda
471 1134 523 1160 erit
556 1135 720 1169 ignorantia,
740 1138 787 1172 qui
806 1138 841 1165 sit
859 1140 1000 1168 universo-

213 1179 273 1198 rum
301 1181 424 1208 parens:
443 1179 516 1212 quod
550 1179 661 1215 ignarus
690 1190 784 1210 eorum
819 1184 911 1217 fuerit,
941 1193 1000 1220 qua:

212 1217 294 1246 iidem
320 1221 358 1247 illi
376 1230 446 1257 quos
475 1224 635 1260 designabat
659 1228 782 1256 eﬂecturi
806 1235 884 1257 erant
900 1233 999 1266 angeli,

211 1272 300 1300 neque
316 1267 390 1295 istud
414 1270 534 1302 sciverit,
551 1273 741 1302 subtracturos
754 1283 784 1303 se
797 1277 832 1304 ab
847 1277 906 1311 ejus
923 1281 999 1312 pote-

211 1314 292 1342 state,
308 1319 393 1348 eaque
404 1322 464 1349 qua:
484 1316 595 1345 minime
618 1319 698 1347 vellet
721 1320 867 1355 aliquando
882 1329 942 1349 esse
959 1323 999 1350 fa-

210 1360 321 1390 cturos,
345 1359 388 1386 vel
413 1361 452 1388 sic
473 1362 533 1390 illo
555 1371 715 1398 procreasse
738 1367 871 1396 dicendus
893 1372 945 1402 est,
969 1373 998 1396 ut

210 1402 283 1436 quod
295 1403 352 1431 lieri
364 1406 448 1433 nollet
464 1407 585 1436 facturos
600 1418 660 1438 esse
672 1417 859 1447 cognoseeret,
876 1415 948 1448 quod
964 1415 997 1442 iis

209 1448 369 1477 auctoribus
397 1457 491 1485 postea
517 1454 552 1481 sit
579 1460 723 1483 secutum:
741 1461 823 1492 atque
847 1459 899 1485 hoc
917 1460 997 1487 modo

209 1491 342 1527 quidquid
360 1496 421 1523 ausi
435 1496 480 1523 isti
496 1497 607 1530 iuerint.
629 1500 680 1527 hoc
699 1502 744 1529 ille
758 1491 785 1529 et
797 1503 911 1532 scientia
926 1505 995 1540 ipsa,

208 1541 235 1563 et
254 1540 435 1569 consensione
460 1550 492 1570 ac
508 1545 646 1573 voluntate
662 1547 787 1581 perfecit.
811 1548 894 1584 Igitur
913 1552 947 1583 si,
967 1556 995 1578 ut

209 1587 273 1611 ante
285 1584 389 1612 dictum
414 1591 466 1619 est,
488 1597 520 1615 ea
538 1595 642 1624 nosset,
658 1600 718 1627 quae
741 1593 841 1622 facturi
856 1601 935 1623 erant
948 1605 996 1624 an-

208 1629 272 1662 geli,
298 1638 386 1665 neque
406 1636 496 1660 tamen
513 1634 571 1661 ﬁeri
587 1636 677 1668 vellet,
699 1646 749 1665 cur
762 1647 809 1667 eos
822 1641 868 1674 qui
889 1641 915 1668 id
932 1650 995 1677 ege-

208 1675 263 1701 rint
280 1677 408 1710 produxit
423 1687 552 1714 unquam,
571 1685 600 1707 ut
620 1691 680 1716 qua:
696 1684 778 1712 nollet
799 1686 930 1714 auderent
944 1675 995 1715 ali-

208 1721 320 1755 quando
335 1722 446 1751 facere?
464 1725 512 1752 Sin
528 1716 638 1762 angelos
667 1729 725 1763 ipse
746 1731 880 1764 condidit,
895 1740 945 1760 sua
964 1738 994 1761 ut

209 1767 253 1793 illa
265 1774 345 1801 opera
356 1774 527 1805 praestarent,
545 1772 603 1799 ﬁeri
618 1773 700 1809 igitur
707 1782 738 1802 ea
752 1783 805 1802 non
823 1777 918 1809 noluit,
930 1786 993 1805 cum

209 1812 290 1847 109
304 1812 364 1840 ideo
383 1819 510 1843 auctores
533 1817 640 1845 illorutn
663 1821 773 1854 angelos
786 1826 848 1848 ante
858 1823 994 1856 produxe-

207 1858 252 1883 rit.
263 1858 341 1890 Quod
359 1859 383 1887 si
398 1860 431 1887 ad
443 1861 539 1889 eadem
560 1863 606 1891 illa
628 1863 751 1893 facienda
767 1868 906 1901 produxit,
919 1875 946 1896 et
961 1878 993 1897 ea

207 1906 297 1931 tamen
310 1912 371 1939 qum
383 1905 454 1933 facta
467 1912 530 1934 sunt
543 1908 694 1944 interdixit,
704 1912 844 1941 enimvero
855 1915 993 1943 calumnia

207 1955 239 1975 ac
257 1949 360 1976 malitia
373 1951 496 1985 quaedam
513 1953 680 1983 intercessit.
700 1956 728 1983 Si
744 1965 809 1985 vero
824 1959 878 1987 illis
893 1964 922 1986 ut
937 1960 993 1987 elli-

205 1998 299 2021 cereut
314 1996 450 2029 permisit,
463 2005 523 2031 qua:
534 2006 599 2026 vero
613 2004 676 2027 sunt
692 2001 767 2029 abiis
783 2003 888 2035 elIccta,
903 2004 992 2032 homi-

205 2046 256 2067 nes
273 2040 400 2069 videlicet
413 2046 441 2068 et
454 2043 568 2077 animas,
587 2050 684 2079 praeter
697 2047 813 2074 istorum
825 2050 991 2077 voluntatem

205 2084 240 2112 ad
261 2093 322 2113 sese
345 2094 493 2122 aggregare
516 2089 618 2123 studet,
645 2091 697 2119 hoc
721 2093 831 2120 demum
856 2095 924 2122 nihil
941 2097 992 2122 erit

205 2130 290 2163 aliud,
306 2131 361 2159 nisi
385 2134 520 2168 cupiditas
541 2136 664 2171 quaedam
677 2138 827 2166 alienorum
851 2146 991 2176 appetens,

204 2185 267 2204 cum
283 2178 407 2207 homines
424 2180 458 2207 ab
475 2182 578 2216 angelis
595 2182 676 2210 ellicti
695 2184 791 2212 iisdem
814 2186 881 2220 ipsis
898 2187 991 2215 invitis

204 2231 359 2260 asupremo
388 2226 434 2254 illo
458 2227 628 2256 dominatore
652 2229 806 2264 rapiuntur.
833 2233 890 2259 lmo
910 2234 991 2261 etiam

204 2271 401 2300 imbecillitatis
427 2274 499 2301 istud
515 2275 578 2307 erit,
604 2283 666 2302 cum
683 2276 740 2310 ipse
765 2278 817 2304 sibi
832 2280 921 2306 moliri
942 2288 991 2307 ne-

204 2321 296 2351 queat,
311 2326 372 2353 qua:
391 2325 454 2346 sunt
465 2320 498 2347 ab
515 2320 549 2347 iis
565 2320 636 2348 facta
652 2330 767 2357 quorum
781 2328 823 2350 est
836 2329 931 2352 auctor
945 2334 993 2361 per

204 2363 258 2390 vim
267 2371 299 2391 ac
312 2365 468 2392 violentiam
484 2369 601 2396 auferre.
615 2370 674 2402 Quo
687 2370 714 2398 lit
731 2375 760 2397 ut
777 2372 809 2398 ad
823 2372 902 2400 inane
917 2381 992 2401 corn-

204 2413 324 2436 tnentum
342 2418 374 2438 ac
400 2411 518 2440 fabulam
534 2417 591 2440 tota
607 2415 714 2443 illorum
736 2417 859 2444 doctrina
876 2420 989 2454 recidat,

203 2462 264 2488 qua
279 2455 330 2482 hoc
346 2462 467 2491 asserat;
486 2460 593 2488 tametsi
621 2461 720 2489 inﬁrme
749 2463 865 2491 virtutes
887 2466 991 2493 medio-

204 2501 296 2528 cribus
307 2502 477 2538 subjaceant,
496 2513 511 2532 a
525 2507 710 2535 mediocribus
726 2512 834 2541 tamen,
852 2518 912 2545 qua:
931 2512 991 2540 ilia-

239 2579 350 2619 (92)_01’J_
361 2581 416 2619 γὰρ
428 2582 562 2615 δύναται,
576 2584 595 2611 ἂ
610 2586 735 2619 ἐκεῖνος.
748 2587 849 2616 Deesse
865 2591 990 2618 nonnihil

203 2613 351 2654 huj_us_loci
365 2613 513 2654 integritati
528 2613 663 2654 suspicor.
682 2613 735 2648 Aut
749 2613 989 2653 iwééj‘iui'

202 2650 313 2690 scripsit
331 2650 512 2690 E_pi_ph_:inids._
525 2655 563 2690 Op
577 2650 631 2690 γὰρ
646 2655 756 2683 δύναται
771 2650 869 2690 ποιεῖν,
885 2650 902 2686 δὲ
917 2650 990 2687 tisi:

201 2693 246 2715 νος
258 2685 467 2724 έπιπρθεῖεῖναι
484 2688 567 2724 αὐτῷ.
582 2685 621 2716 Udi
636 2690 746 2718 δύναται
767 2693 794 2719 δὲ
809 2694 839 2720 τὸ
854 2685 907 2721 πᾶν
921 2693 989 2722 εἶναι

201 2719 296 2763 κακον.
311 2721 372 2747 οὐδὲ
388 2721 440 2763 ὑπὸ
455 2719 549 2749 κακῶν
561 2726 709 2763 γεγονέναι.
720 2726 778 2754 Duo
793 2719 990 2763 erantVCai'po-i

201 2756 387 2784 cratianorum
413 2757 540 2793 dogmata
558 2756 571 2786 ε’
585 2756 718 2793 alterum,
744 2756 988 2794 mundum,’crea-

201 2793 298 2834 hasque
327 2799 493 2834 res_o‘mpes
511 2801 564 2834 non
591 2803 604 2821 a
635 2796 706 2834 bono
732 2797 777 2834 illo
805 2793 989 2834 supremoque

201 2822 275 2859 Deo,
291 2826 340 2856 sed.
358 2827 392 2855 ab
411 2828 587 2857 inferioribus
610 2831 714 2865 angelis
737 2822 988 2865 ruiss‘e"56&}i'ii£§2

1060 225 1093 251 τὰ
1109 226 1163 252 τῶν
1189 226 1273 252 ἐθνῶν
1299 226 1450 253 ἐπιτελοῦσι
1467 226 1613 261 μυστήρια.
1628 225 1777 260 Στήσαντες
1791 225 1852 259 γὰρ

1058 271 1160 303 ταύτας
1169 272 1218 303 τὰς
1229 272 1346 304 εἰκόνας,
1359 272 1393 298 τὰ
1409 272 1461 299 τῶν
1474 272 1557 298 ἐθνῶν
1567 272 1614 306 ἔθη
1627 271 1718 297 λοιπὸν
1727 270 1850 296 ποιοῦσι.

1059 318 1126 344 Τίνα
1152 318 1180 344 δέ
1204 319 1277 344 ἐστιν
1292 318 1374 345 ἐθνῶν
1389 318 1436 354 ἔθη
1449 318 1504 345 ἄλλ’
1522 318 1538 354 ἢ
1554 319 1644 345 θυσίαι
1662 318 1706 344 καὶ
1719 318 1753 343 τὰ
1767 317 1851 348 ἄλλος

1058 364 1155 400 Ψυχῆς
1167 364 1195 390 δὲ
1213 363 1281 392 εἶναι
1298 365 1382 400 μόνης
1409 364 1546 400 σωτηρίαν
1562 365 1639 400 φασὶ,
1654 364 1700 391 καὶ
1715 363 1776 398 οὐχ).
1793 371 1853 389 σω-

1060 419 1164 445 ματων.

1092 545 1127 572 Ζ’.
1143 547 1188 572 Δεῖ
1213 545 1301 572 τοίνυν
1325 545 1435 576 τούτους
1458 544 1620 580 ἀνατρέπειν
1637 542 1717 568 παντὶ
1742 540 1843 567 σθένει.

1056 592 1157 627 Μηδεὶς
1171 591 1224 627 γὰρ
1240 592 1441 626 καταφρονείτω
1453 591 1544 624 λόγου,
1564 590 1610 617 καὶ
1629 588 1743 623 μάλιστα
1766 587 1846 622 παρά

1056 636 1219 668 ὰπατεῶνος.
1242 636 1309 662 Ἀλλ’
1324 636 1394 662 εἴποι
1416 644 1456 667 τις
1474 636 1520 662 ἄν·
1536 634 1572 661 Οὐ
1588 633 1642 668 γάρ
1658 633 1714 658 ἐστι
1728 632 1846 666 φωρατά

1056 683 1101 709 καὶ
1132 683 1236 718 μωρίας
1257 682 1380 717 ἔμπλεας
1404 681 1472 707 Ἀλλ’
1495 680 1550 707 ἔσθ’
1565 680 1618 714 ὅπη
1636 679 1681 704 καὶ
1700 677 1733 705 τὰ
1760 676 1844 730 μωρὰ

1055 728 1143 755 πείθει
1159 729 1220 759 τοὺς
1233 729 1361 763 ἄφρονας.
1377 727 1422 755 καὶ
1434 727 1497 758 τοὺς
1507 726 1633 756 συνετοὺς
1645 726 1844 760 παρεκτρέπει,

1054 773 1102 800 ἐὰν
1122 774 1159 809 μὴ
1188 775 1262 810 παρῇ
1288 774 1301 799 ὁ
1320 773 1382 804 νοῦς
1409 773 1423 798 ὁ
1448 774 1477 798 ἐν
1494 774 1527 808 τῇ
1545 771 1657 822 ἀληθείᾳ
1675 770 1842 822 ἠσκημένος.

1060 819 1240 854 Ἐμπεσόντος
1256 819 1344 846 τοίνυν
1358 820 1405 845 καὶ
1414 818 1510 845 τούτου
1527 817 1573 844 τοῦ
1588 817 1708 852 Σίμωνος
1729 817 1842 851 μαγείᾳ,

1055 865 1102 892 καὶ
1116 865 1170 892 τῶν
1183 865 1294 897 λοιπῶν,
1309 867 1364 897 τοῖς
1374 865 1464 896 αὐτοῖς
1477 865 1524 892 καὶ
1534 864 1628 890 τοῦτον
1641 861 1840 897 ἀνατρέψομεν.

1054 910 1086 937 Et
1100 911 1154 947 γὰρ
1166 912 1182 945 ἡ
1200 911 1337 945 ἄγνωστος
1350 911 1395 937 καὶ
1412 910 1629 945 ἀκατονόμαστος
1640 908 1751 942 δύναμις
1765 906 1840 960 αἰτία

1053 957 1164 992 γέγονεν
1186 957 1273 984 ἄλλων
1300 956 1434 991 ἀγγέλων,
1460 956 1476 991 ἢ
1502 957 1575 982 ἔστιν
1598 955 1693 989 ἄγνοια
1714 955 1789 988 παρὰ
1804 955 1840 987 τῇ

1053 1003 1134 1038 αὐτῇ,
1159 1003 1282 1030 τουτέστι
1307 1002 1345 1038 τῷ
1371 1003 1455 1038 πατρῖ
1477 1002 1531 1028 τῶν
1551 1002 1629 1033 ὅλων,
1649 1000 1726 1035 εἰμὴ
1748 999 1806 1034 ᾔδει
1821 998 1841 1024 ἃ

1054 1047 1180 1082 μέλλουσι
1204 1048 1333 1084 πράττειν
1353 1049 1376 1074 ot
1401 1048 1446 1074 ὑπ’
1464 1047 1545 1074 αὑτοῦ
1574 1044 1839 1079 κατασκευαζόμενοι

1051 1093 1171 1126 ἄγγελοι,
1186 1093 1332 1127 ἀγνοήσας,
1349 1093 1390 1119 ὅτι
1403 1093 1611 1128 ἀποστήσονται,
1620 1092 1666 1118 καὶ
1680 1091 1839 1126 ποιήσουσιν

1050 1138 1068 1165 ἃ
1083 1139 1120 1174 μὴ
1136 1139 1216 1170 αὐτὸς
1230 1139 1368 1166 ὲ6ούλετο’
1384 1139 1401 1174 ἢ
1418 1139 1529 1170 τούτους
1558 1139 1607 1173 μὲν
1622 1138 1743 1171 ἐποίησε,
1753 1135 1838 1170 γινώ-

1051 1193 1122 1210 σκων
1130 1185 1170 1210 ὅτι
1179 1186 1336 1220 ποιήσουσιν
1346 1185 1360 1211 ὃ
1367 1185 1446 1216 αὐτὸς
1454 1185 1484 1211 οὺ
1495 1184 1626 1219 βούλεται,
1633 1183 1696 1218 παρ’
1705 1182 1793 1209 αὐτῶν
1808 1181 1838 1207 δὲ

1050 1231 1155 1264 γέγονε,
1175 1232 1221 1257 καὶ
1236 1231 1310 1257 ἔσται
1326 1231 1370 1257 διὰ
1390 1232 1439 1266 τῆς
1454 1230 1579 1264 γνώσεως
1594 1231 1639 1257 καὶ
1651 1228 1772 1260 εὐδοκίας
1786 1228 1833 1254 αὑ-

1048 1276 1096 1307 τὸς
1124 1277 1239 1311 ποιήσας
1255 1276 1273 1303 ἃ.
1302 1277 1399 1303 ἐκεῖνοι
1413 1276 1620 1312 τετολμήκασιν,
1634 1276 1665 1302 Et
1683 1275 1782 1305 τοίνυν,
1797 1273 1836 1304 ὡς

1049 1323 1189 1357 προεῖπον,
1203 1323 1334 1356 ἐγίνωσκε
1353 1324 1402 1358 μὲν
1419 1323 1437 1350 ἃ.
1454 1324 1621 1358 ποιήσουσιν,
1637 1323 1686 1348 οὐκ
1706 1319 1836 1356 ἠϐούλετο

1047 1368 1076 1394 δὲ
1103 1368 1145 1394 ἵνα
1172 1370 1313 1404 ποιήσωσι,
1339 1369 1392 1395 τίνι
1414 1369 1452 1405 τῷ
1476 1370 1547 1404 λόγῳ
1571 1370 1632 1399 τοὺς
1652 1367 1834 1402 πεποιηκότας

1048 1413 1143 1446 ἐποίει,
1158 1415 1198 1446 εὶς
1218 1415 1249 1441 τὸ
1265 1415 1394 1450 πράττειν
1412 1415 1430 1442 ἃ
1454 1415 1490 1451 μὴ
1503 1416 1583 1447 αὐτὸς
1604 1414 1742 1447 ὲϐούλετος
1761 1414 1792 1440 Ei
1805 1414 1834 1439 δὲ

1047 1460 1128 1491 αὐτὸς
1147 1460 1195 1495 μὲν
1208 1461 1342 1496 πεποίηκε
1357 1463 1420 1494 τοὺς
1436 1462 1578 1496 ἀγγέλους,
1593 1462 1636 1488 ἵνα
1652 1461 1785 1496 ποιήσωσι
1800 1461 1834 1485 τὰ

1048 1504 1093 1530 ὑπ’
1119 1505 1209 1532 αὐτῶν
1231 1506 1372 1541 γινόμενα,
1397 1507 1450 1542 ἄρα
1473 1507 1551 1542 ἤθελε
1567 1506 1702 1540 γενέσθαι,
1721 1506 1760 1532 διὸ
1788 1506 1834 1532 καὶ

1047 1551 1111 1583 τοὺς
1125 1553 1309 1588 πεποιηκότας
1325 1553 1579 1588 προκατεσκεύασεν
1604 1552 1745 1586 ἀγγέλους.
1778 1551 1834 1577 Καὶ

1048 1597 1072 1621 εἰ
1098 1597 1351 1631 προκατεσκεύασεν
1374 1598 1414 1629 εἰς
1437 1597 1466 1624 τὸ
1490 1598 1609 1632 ποιῆσαι,
1623 1595 1788 1632 ἀπαγορεύει
1805 1595 1833 1622 δὲ

1047 1641 1081 1668 τὰ
1098 1642 1143 1668 ὑπ’
1160 1643 1249 1669 αὐτῶν
1258 1643 1401 1678 γενόμενα,
1416 1643 1582 1677 συκοφαντία
1602 1643 1633 1669 ἂν
1645 1643 1686 1677 εἴη
1701 1643 1729 1668 ὲν
1746 1642 1831 1677 μέσῳ.

1047 1687 1078 1713 Εἰ
1104 1688 1132 1715 δὲ
1147 1689 1294 1725 συνεχώρει
1308 1691 1356 1724 μὲν
1369 1690 1417 1716 τοῦ
1433 1692 1519 1716 ποιεῖν
1542 1690 1650 1721 αὐτοὺς,
1667 1689 1788 1724 βούλεται
1802 1687 1832 1715 δὲ

1046 1733 1082 1760 τὰ
1100 1734 1146 1760 ὑπ’
1173 1735 1262 1761 αὐτῶν
1280 1736 1423 1770 γενόμενα,
1449 1736 1585 1763 τουτέστιν
1603 1736 1761 1771 ἀνθρώπους
1784 1737 1832 1762 καὶ

1046 1779 1144 1815 ψυχὰς,
1174 1781 1255 1807 πάλιν
1278 1782 1345 1817 πρὸς
1368 1781 1462 1808 ἑαυτὸν
1478 1781 1678 1816 ὰναλαμῦάνειν
1698 1781 1772 1816 παρὰ
1783 1781 1832 1816 τὴν

1046 1827 1148 1853 τούτων
1163 1826 1304 1863 βούλησιν·
1323 1828 1377 1863 ἄρα
1394 1828 1469 1854 ἔσται
1491 1827 1629 1859 πλεονεξία
1641 1828 1669 1854 ἐν
1685 1828 1768 1863 μέσῳ,
1784 1828 1831 1853 καὶ

1046 1872 1120 1899 οὐδὲν
1139 1873 1244 1908 ἓτερον,
1271 1874 1470 1909 ἁρπαζομένων
1491 1874 1544 1901 τῶν
1569 1874 1620 1900 ὑπὸ
1640 1874 1693 1900 τῶν
1708 1873 1831 1908 ἀγγέλων

1046 1917 1197 1953 ἀνθρώπων
1214 1919 1266 1945 ὑπὸ
1280 1919 1326 1945 τοῦ
1347 1919 1402 1946 ἄνω
1418 1920 1491 1955 παρὰ
1514 1920 1563 1954 τὴν
1579 1919 1680 1946 τούτων
1693 1919 1829 1955 βούλησιν.

1053 1963 1132 1989 Ἀλλὰ
1143 1964 1190 1990 καὶ
1204 1964 1332 2000 ἀδράνεια
1346 1965 1388 2000 εἴη
1399 1973 1406 1979 '
1420 1966 1525 2000 ἐπειδὴ,
1543 1968 1580 2002 μὴ
1590 1966 1670 1997 αὐτὸς
1685 1966 1830 2000 δυνάμενος

1046 2008 1143 2035 ἑαυτοῦ
1150 2011 1244 2042 ποιεῖν,
1252 2010 1369 2046 ἁρπάζει
1375 2011 1408 2037 τὰ
1417 2011 1468 2036 ὑπὸ
1475 2011 1529 2037 τῶν
1536 2011 1580 2037 ὑπ’
1589 2011 1670 2038 αὐτοῦ
1677 2011 1830 2045 γενομένων

1045 2055 1187 2090 γενόμενα.
1198 2056 1253 2082 Καὶ
1266 2056 1340 2083 ἔσται
1352 2057 1443 2084 λοιπὸν
1453 2057 1537 2092 μῦθος
1544 2057 1591 2084 καὶ
1603 2057 1766 2092 μωρολογία,
1775 2056 1830 2082 τῶν

1047 2101 1096 2136 μὲν
1114 2102 1189 2128 κάτω
1214 2102 1354 2138 δυνάμεων
1380 2103 1531 2138 ὑπερϐῆναι
1547 2104 1610 2134 τοὺς
1627 2104 1655 2129 ὲν
1670 2102 1754 2137 μέσῳ,
1767 2102 1829 2133 τοὺς

1046 2147 1075 2173 δὲ
1093 2147 1122 2173 ὲν
1150 2147 1224 2182 μέσῳ
1246 2149 1424 2183 τιμωρεῖσθαι
1447 2149 1549 2180 αἰτίους
1574 2148 1653 2179 ὕντας
1666 2147 1720 2173 τῶν
1736 2147 1828 2173 κάτω·

1045 2192 1092 2218 καὶ
1107 2192 1171 2223 τοὺς
1195 2193 1270 2218 κάτω
1286 2193 1354 2228 ὑπὲρ
1370 2193 1433 2224 τοὺς
1455 2193 1553 2228 μέσους
1568 2192 1636 2227 πρὸς
1650 2191 1695 2218 τὸν
1706 2191 1761 2217 ἄνω
1777 2189 1830 2215 σώ-

1045 2236 1148 2268 ζεσθαι,
1170 2237 1216 2263 καὶ
1231 2236 1448 2272 ὲλευθεροῦσθαι,
1473 2236 1545 2271 λέγω
1559 2236 1591 2272 δὴ
1606 2235 1656 2266 τὰς
1669 2234 1757 2269 ψυχὰς
1774 2233 1829 2259 τῶν

1043 2283 1072 2308 ἐν
1085 2282 1146 2318 τῇδε
1165 2284 1198 2317 τῇ
1209 2282 1306 2309 κτίσει.
1332 2283 1381 2318 Εἴη
1402 2282 1424 2308 δ’
1441 2282 1473 2309 ἂν
1489 2284 1503 2309 ὁ
1519 2282 1568 2318 μὲν
1586 2281 1641 2308 ἄνω
1659 2281 1695 2316 μὴ
1707 2279 1828 2315 δυνηθεὶς

1044 2330 1156 2363 ποιῆσαι
1178 2328 1294 2364 ἀσθενὴς
1318 2328 1486 2364 κρινόμενος,
1505 2330 1529 2355 οι
1554 2329 1582 2355 δὲ
1595 2327 1734 2354 ὑπἀὐτοῦ
1754 2326 1829 2360 γενό-

1044 2383 1118 2410 μενοι
1136 2374 1279 2409 δυνάμενοι
1312 2375 1423 2410 ποιῆσαι
1439 2375 1456 2401 ἂ
1475 2376 1556 2406 αὐτὸς
1568 2375 1616 2410 μὲν
1637 2375 1688 2400 οὐκ
1705 2373 1828 2400 ἐϐούλετο

1042 2421 1088 2447 καὶ
1107 2421 1157 2448 οὑκ
1172 2421 1298 2456 ἠδύνατο.
1313 2422 1350 2448 Οὐ
1364 2422 1418 2457 γὰρ
1429 2421 1540 2448 δύναται
1551 2421 1569 2448 ἃ
1580 2422 1682 2452 ἐκεῖνος
1697 2421 1751 2455 (92)
1768 2421 1829 2446 ἑπι-

1042 2467 1129 2499 ποθεῖ,
1144 2466 1214 2495 εἶναι
1228 2468 1301 2503 αὺτῴ
1316 2468 1409 2500 κακὸν,
1427 2468 1486 2494 οὐδὲ
1499 2467 1551 2493 ὑπὸ
1565 2467 1656 2494 κακῶν
1678 2467 1826 2501 γεγονέναι.

1041 2515 1073 2541 Εἰ
1100 2514 1154 2550 γὰρ
1181 2512 1216 2549 ἦν
1244 2515 1337 2546 κακὸν,
1364 2514 1447 2550 ἐχρῆν
1472 2513 1647 2540 ἀπόλλυσθαι.
1665 2514 1698 2539 Εἰ
1715 2513 1743 2539 δὲ
1759 2513 1828 2544 ὅλως

1041 2592 1167 2623 alterum,
1180 2591 1208 2618 in
1220 2592 1353 2618 malorum
1368 2600 1467 2627 genere
1477 2593 1583 2620 censeri
1597 2593 1739 2625 mundum,
1754 2601 1828 2628 qum-

1041 2635 1093 2661 que
1107 2627 1208 2663 mundo
1224 2627 1400 2663 continentur
1413 2628 1550 2663 universa.
1566 2628 1718 2663 Utrumque
1730 2629 1826 2663 dogma

1040 2662 1209 2696 Epiphanius
1233 2662 1385 2696 impugnat.
1396 2697 1400 2698 7
1411 2662 1680 2698 Primumquidemi
1694 2662 1776 2697 quod
1793 2671 1826 2691 ex

1039 2704 1072 2723 eo
1099 2704 1272 2739 consequens
1303 2701 1364 2728 est,
1395 2697 1601 2739 imbecilliorem
1636 2700 1740 2739 angelis
1766 2706 1848 2739 esse.

1040 2731 1135 2769 Deum.
1151 2731 1275 2769 Alterum
1286 2740 1368 2769 vero,
1385 2733 1457 2766 quod
1472 2741 1534 2760 cum
1553 2742 1615 2768 pars
1631 2731 1723 2769 aliqua
1741 2735 1826 2761 totius

1040 2766 1234 2794 Universitatis
1253 2767 1368 2805 salutem
1383 2769 1514 2805 obtineat,
1535 2766 1589 2796 non
1606 2766 1692 2805 possit
1706 2777 1723 2796 a
1738 2769 1826 2797 bono-

1039 2809 1100 2829 rum
1118 2809 1217 2838 genere
1234 2803 1343 2838 penitus
1360 2803 1479 2831 excludi.
