1944 3037
125 113 187 141 5'77

434 113 620 141 ADVERSUS
641 113 812 141 HJERESES
829 112 894 141 LIB.
916 114 934 141 1.
958 114 1040 142 τΟΜ.
1061 115 1138 143 ll.—-
1151 115 1288 144 HIERES.
1308 117 1426 145 XXVIII.
1713 119 1766 147 578

127 174 218 209 μέρος
232 182 258 200 τι
270 172 316 200 τοῦ
329 173 407 209 ἔργου
426 173 551 205 σώζεται,
562 171 654 198 οὐκέτι
669 172 699 198 τὸ
714 171 792 206 ἔργον
810 172 920 206 φαῦλον.

975 182 1033 200 rum
1051 182 1142 201 causa:
1157 179 1231 206 sunt,
1250 183 1345 210 pmnas
1360 176 1461 211 expeti,
1479 176 1644 212 intimasque
1662 177 1766 204 medio-

126 219 185 245 κᾶν
209 227 238 245 τε
266 219 346 254 μέρος
372 219 452 245 αὐτοῦ
468 219 619 253 σωζόμενον
640 219 803 253 εὑρίσκοιτο,
824 218 884 244 οὔτε
900 219 924 244 ot

127 265 297 299 ποιήσαντες
314 264 409 298 φαυλοι
433 265 478 292 τὸν
502 265 655 300 σωζόμενον
667 265 873 300 τεχνησάμενοι.
893 265 924 291 Et

126 311 159 336 δὲ
174 311 243 342 ὅλως
261 312 290 344 ἐξ
309 311 432 345 ἀγγέλων
453 312 468 346 ή
491 311 574 346 ψυχὴ,
606 311 653 338 καὶ
668 311 770 338 ἄνωθεν
793 311 924 346 λαμϐάνει

126 356 248 391 δύναμιν
264 357 434 392 παραχθεῖσα
446 366 452 373 ’
464 357 518 393 ἄρα
537 366 569 392 γε
581 358 605 384 οἱ
616 357 728 391 ἄγγελοι
743 357 824 383 πλέον
839 366 922 391 σωτηι

127 402 196 438 ρίας
211 402 361 437 τεύξονται,
387 404 428 429 ὅτι
450 404 466 438 ή
484 403 531 429 ἀπ’
549 403 638 429 αὐτῶν
649 402 722 438 ψυχὴ
739 402 864 434 σώζεται,
877 403 924 429 καὶ

127 446 242 480 φαύλων
258 445 334 474 οὖσα.
354 446 514 483 Σωζομένης
532 447 559 474 δὲ
580 448 676 482 αὐτῆς,
701 447 792 474 οὐκέτι
822 447 923 482 φαῦλος

127 491 195 518 οὗτε
227 492 295 528 αὑτὴ
313 493 416 528 ἡψυχὴ
440 495 456 528 ἡ
481 493 613 528 γενομένη
637 494 690 520 ὑπὸ
714 493 766 520 τῶν
787 494 922 528 ἀγγέλων,

127 536 195 564 οὒτε
213 538 237 564 οἱ
254 538 374 572 ἄγγελοι,
387 539 416 571 ἐξ
430 536 466 565 ὧν
482 539 551 574 αὑτὴ
567 540 583 575 ή
598 539 671 574 ψυχὴ
687 540 814 575 ὑπάρχει,

978 221 1070 247 cribus
1088 222 1224 256 superatis
1251 221 1283 248 ad
1307 230 1463 256 supremum
1488 223 1610 250 omnium
1627 227 1764 250 auctorem

977 268 1095 298 evolare,
1123 274 1155 294 ac
1170 267 1325 294 libertatem
1349 269 1499 302 consequi;
1518 269 1569 295 hoc
1585 275 1627 296 est
1644 269 1764 300 animas,

977 313 1077 348 quatin
1098 313 1149 340 hac
1168 321 1259 340 rerum
1285 313 1458 340 conditarum
1477 315 1655 341 universitate
1678 314 1766 340 coliti-

976 364 1085 386 nentur.
1101 358 1283 391 Quamobrem
1307 366 1453 393 supremus
1477 360 1531 389 ille.
1548 360 1592 394 qui
1607 367 1654 387 eas
1671 367 1766 386 creare

975 403 1139 438 nequiverit,
1166 403 1363 431 imbecillitatis
1383 409 1524 439 arguetur.
1538 405 1613 438 Quos
1634 405 1691 439 ipse
1700 411 1767 432 vero

975 449 1145 483 produxerit,
1161 450 1294 484 ejusmodi
1307 458 1368 477 esse
1380 451 1556 483 videbuntur,
1567 451 1614 486 qui
1629 459 1661 479 ea
1677 451 1767 478 facere

975 494 1092 528 possint,
1107 502 1168 529 qua:
1180 496 1222 521 vel
1237 495 1282 522 ille
1296 496 1424 528 noluerit,
1438 497 1480 523 vel
1497 502 1526 523 ut
1541 497 1659 523 maxime
1674 496 1765 528 vellet,

975 539 1065 567 facere
1095 540 1170 567 nullo
1196 540 1275 568 modo
1290 542 1420 576 potuerit.
1447 541 1540 576 Neque
1561 542 1632 568 enim
1650 549 1766 576 quorum

129 583 179 610 ille
203 584 341 612 desiderio
367 589 485 618 tenetur,
500 593 531 613 ea
552 586 603 621 ipsi
622 586 693 612 mala
711 594 774 613 esse
792 589 918 620 possunt,
938 586 980 613 vel
997 594 1012 613 a
1030 586 1109 614 malis
1123 586 1267 621 producta,
1281 595 1343 614 nam
1356 587 1379 615 si
1394 588 1464 614 mala
1486 591 1565 618 sunt,
1589 587 1677 622 perire
1706 587 1767 614 fun-

128 631 208 659 ditus
224 633 355 667 oportuit.
369 633 418 660 Sin
429 641 492 668 pars
505 637 548 661 est
559 634 649 668 operis
664 634 756 668 aliqua
774 633 918 666 servanda,
940 634 1041 660 malum
1057 634 1146 668 ipsum
1165 641 1227 662 esse
1240 642 1294 661 non
1310 638 1411 669 potest,
1430 635 1453 662 si
1481 635 1523 661 vel
1539 634 1600 668 ejus
1621 634 1674 660 ulla
1703 641 1767 668 pars

130 678 209 703 salva
226 678 359 712 reperitur
376 688 382 705 :
399 686 486 714 neque
500 679 608 714 ipsimet
623 680 742 707 artiﬁces
759 680 824 707 mali
839 684 911 708 sunt.
933 681 979 714 qui
991 687 1052 707 eum
1063 680 1110 715 qui
1126 680 1278 708 servandus
1294 685 1336 708 est
1353 680 1454 707 fuerint
1474 680 1609 707 fabricati.
1624 679 1682 706 Janl
1698 679 1720 706 si
1733 680 1767 705 ab

131 723 239 758 angelis
253 725 363 752 omnino
391 729 538 760 propagata
566 726 601 752 sit
622 725 723 758 anima,
743 730 825 760 atque
847 725 874 751 in
889 725 975 752 lucem
996 725 1126 760 producta
1151 726 1203 752 vim
1219 727 1365 761 quamdam
1381 726 1491 753 ctelitus
1509 726 1653 760 acceperit,
1681 725 1767 751 nmlto

131 769 220 804 igitur
246 771 332 806 magis
356 772 471 799 salutem
500 771 664 799 obtinebunt
690 772 790 808 angeli,
804 779 865 798 cum
889 772 924 799 ab
944 771 1010 806 ipsis
1027 773 1118 799 anima
1147 773 1230 799 etiam
1251 773 1330 800 malis
1363 780 1508 808 procreata
1533 777 1670 800 servetur.
1687 772 1768 798 Deni-

130 824 189 852 que
203 817 226 844 si
238 818 313 846 salva
327 824 388 844 esse
398 817 485 852 possit
495 817 597 849 anima,
611 825 701 852 neque
716 819 775 852 ipsa
784 817 856 844 mala
879 818 931 844 erit
950 818 984 844 ab
1014 818 1117 852 angelis
1134 818 1265 852 producta
1280 827 1288 851 ;
1309 826 1397 853 neque
1420 819 1519 854 angeli,
1550 827 1565 845 a
1589 818 1688 853 quibus
1711 817 1767 845 hare

130 871 225 894 ortum
245 865 381 892 habuerit.

170 914 212 940 H’.
232 913 318 939 Παντὶ
333 913 362 939 δὲ
374 912 412 947 τῷ
428 912 473 938 τὸν
489 912 550 939 νοῦν
565 913 720 948 ἐρρωμένον
736 913 825 948 ἔχοντι
837 912 922 939 ἰστέον

1015 907 1083 935 VIII.
1100 908 1139 936 Ac
1171 909 1328 944 quicunque
1353 909 1432 937 ﬁrmo
1448 914 1475 937 et
1497 911 1634 937 constanti
1659 910 1768 946 ingenio

133 960 169 987 ἂν
185 959 239 994 εἴη,
252 960 293 986 ὅτι
311 959 402 990 ἀνοίας
419 959 477 986 ἐστὶ
497 959 528 985 τὸ
545 961 598 986 πᾶν
615 959 692 986 τοῦτο
707 959 861 994 ἀγυρτῶδες
878 961 923 994 ἑρ-

132 1007 292 1040 γαστήριον.
316 1005 601 1041 Καταισχυνθήσονται
623 1006 652 1032 δὲ
680 1004 756 1037 αὖθις
780 1003 851 1033 οὗτοι
877 1006 924 1032 καὶ

131 1051 188 1078 ἀπὸ
213 1051 266 1077 τῶν
289 1050 377 1077 αὐτῶν
401 1050 500 1085 λόγων.
527 1052 558 1078 Εἰ
584 1052 636 1087 γὰρ
658 1051 760 1086 Ἰησοῦς
788 1052 838 1078 οὐκ
871 1051 925 1077 ἀπὸ

132 1097 269 1133 παρθένου
293 1097 412 1132 Μαρίας,
436 1097 504 1124 ἀλλὰ
527 1098 559 1123 ὲκ
585 1097 739 1132 σπέρματος
758 1097 858 1132 Ἰωσὴφ
877 1097 924 1123 καὶ

131 1144 183 1179 τῆς
198 1143 281 1179 αὐτῆς
301 1143 418 1179 Μαρίας,
437 1143 553 1175 σώζεται
570 1143 598 1169 δὲ
617 1139 709 1174 οὗτος·
733 1142 786 1178 ἄρα
810 1144 857 1169 καὶ
874 1143 925 1169 αὐ-

131 1190 175 1216 τοὶ
199 1190 365 1225 σωθήσονται
388 1190 412 1216 οἱ
435 1188 528 1216 τοῦτον
551 1189 755 1224 γεγεννηκότες.
780 1190 835 1215 Καὶ
860 1189 884 1215 εἰ
907 1190 923 1224 ἠ

133 1235 229 1270 Μαρία
242 1235 288 1262 καὶ
310 1235 409 1270 Ἰωσὴφ
426 1236 480 1262 ἀπὸ
495 1234 541 1261 τοῦ
559 1236 729 1271 Δημιουργοῦ
745 1236 922 1271 ὑπάρχουσιν,

133 1281 188 1316 ἄρα
206 1281 251 1307 τὸν
269 1281 440 1316 Δημιουργὺν
455 1282 567 1316 κτίστην
587 1281 699 1316 ἔφασαν,
720 1282 766 1307 καὶ
788 1281 879 1307 οὐκέτι
895 1282 923 1306 ἐν

134 1327 303 1362 ὑστερήματι
333 1326 409 1353 ἔσται
435 1329 449 1354 ὁ
476 1327 522 1353 τὸν
544 1327 642 1362 Ἰωσὴφ
667 1327 714 1353 καὶ
737 1327 786 1360 τὴν
813 1327 924 1362 Μαρίαν

135 1372 248 1406 ποιήσας
266 1371 295 1404 eg
312 1369 349 1398 ὧν
370 1373 384 1398 ὁ
410 1371 512 1407 Ἰησοῦς
536 1372 612 1407 παρὰ
633 1372 680 1398 τοῦ
701 1372 757 1398 ἂνω
784 1372 922 1407 ἀγνώστου

135 1418 240 1452 [ἰατρὸς
258 1418 383 1453 ὑπάρχει.
401 1418 431 1443 Εἰ
448 1418 476 1444 δὲ
491 1418 538 1444 καὶ
559 1418 640 1449 αὐτὸς
656 1418 670 1443 ὁ
690 1417 792 1452 Ἰησοῦς
804 1418 857 1444 ἀπὸ
870 1418 923 1444 τῶν

134 1463 257 1497 ἀγγέλων
273 1463 340 1494 ἐστὶ,
354 1462 401 1489 καὶ
415 1463 429 1489 ὁ
448 1463 611 1498 δημιουργὸς
633 1460 674 1494 εἷς
694 1464 750 1489 ἐστι
774 1463 828 1489 τῶν
842 1463 924 1497 ἀγγέ-

135 1514 201 1536 Λων·
219 1510 272 1545 ἄρα
285 1517 316 1543 γε
333 1509 488 1544 ἀτοπήματι
507 1509 545 1544 τῷ
565 1510 606 1535 ἐνὶ
622 1510 722 1541 πάντες
744 1509 923 1544 περιπεσοῦν-

134 1563 189 1587 ται,
204 1555 289 1590 ὁποίῳ
302 1556 348 1582 καὶ
364 1555 388 1581 οἱ
403 1555 513 1589 ἄγγελοι
528 1555 754 1590 περιπεπτώκασι
767 1565 774 1572 ·
790 1556 837 1582 καὶ
858 1555 924 1581 ἀσύ-

134 1609 230 1629 στατον
252 1589 294 1636 εἴη
312 1601 345 1627 ἂν
365 1601 396 1627 τὸ
411 1602 475 1635 παρ’
495 1589 583 1628 αὐτῶν
604 1601 848 1636 δραματουργημα,
877 1601 923 1636 δη-
937 1589 958 1618 C

134 1648 261 1683 λητηρίου
284 1647 420 1683 ἔμπλεων,
447 1648 494 1674 καὶ
517 1648 607 1683 πάσης
631 1647 724 1679 ιώδους
751 1647 924 1679 διδασκαλίας

136 1693 355 1730 μεμεστωμένον.
380 1693 488 1728 Ταύτην
512 1693 540 1719 δὲ
560 1691 637 1725 αὖθις
654 1693 740 1719 ὀπίσω
765 1692 923 1728 τρέψαντες,

134 1739 227 1775 ὥσπερ
254 1739 398 1775 δράκοντος
422 1739 541 1774 κεφαλὴν
564 1738 635 1774 ξύλῳ
663 1740 714 1774 τῆς
740 1739 857 1770 πίστεως
878 1739 925 1765 καὶ

135 1787 183 1821 τῆς
194 1786 322 1822 ἀληθείας
335 1787 382 1813 ἐπὶ
395 1787 447 1821 γῆς
459 1786 638 1822 λακήσαντες,
653 1787 713 1817 ταῖς
729 1785 819 1817 ἄλλαις
836 1785 925 1820 θηριο-

138 1833 249 1869 μορφοις
272 1833 529 1868 προσπελάσαντες,
557 1833 601 1858 ἐπ’
622 1832 726 1868 ὀλέθρῳ
750 1831 852 1858 τούτων
878 1831 925 1858 καὶ

135 1879 187 1906 τῶν
203 1879 331 1906 τοιούτων
347 1879 520 1915 βαδιούμεθα.

345 1983 439 2009 ΚΑΤΑ
459 1982 710 2016 ΚΗΡΙΝΘΙΑΝΩΝ,

382 2039 462 2065 Ἤτοι
476 2039 582 2074 Μηρινθ
588 2039 680 2073 ιανῶν,

295 2095 407 2131 Ὀγδόη,
425 2096 445 2129 ἠ
461 2095 511 2123 καὶ
526 2094 649 2129 εἰκοστὴ
663 2094 765 2130 ὀγδόη.

168 2153 207 2179 A‘.
223 2151 354 2188 Κήρινθος
368 2151 396 2178 δὲ
411 2149 499 2184 αὖθις,
512 2152 566 2185 τάφ’
592 2148 677 2186 οὗπερ
701 2152 725 2178 οἰ
747 2150 923 2186 Κηρινθιανοὶ

135 2197 282 2233 λεγόμενοι,
302 2197 355 2223 ἀπὸ
379 2197 481 2231 ταύτης
502 2197 553 2231 τῆς
573 2196 722 2232 θηριώδους
752 2197 855 2232 σπορᾶς
876 2196 923 2222 τὸν

138 2244 173 2270 ἰὸν
186 2244 224 2278 τῷ
243 2243 336 2278 κόσμῳ
356 2243 447 2278 φέρων
470 2243 542 2278 ἥκει.
566 2242 661 2277 Σχεδὸν
680 2242 708 2268 δὲ
729 2242 804 2268 οὐδὲν
829 2242 921 2276 ἕτερον

136 2290 207 2325 παρὰ
221 2290 266 2316 τὸν
287 2289 485 2325 προειρημένον
503 2289 682 2324 Καρποκρᾶν,
703 2289 769 2316 ἀλλὰ
792 2289 826 2315 τὰ
851 2289 920 2316 αὐτὰ

134 2335 171 2370 τῷ
191 2335 285 2370 κόσμῳ
307 2334 441 2361 κακοποιὰ
465 2334 597 2370 φάρμακα
614 2335 799 2362 ὲκϐλυστάνει.
819 2335 859 2362 Τὰ
876 2335 920 2362 ἴσα

135 2381 187 2416 γὰρ
201 2380 239 2416 τῷ
256 2381 446 2416 προειρημένῳ
461 2382 499 2413 είς
517 2381 562 2408 τὸν
575 2382 738 2416 Χριστιανὸν
753 2383 921 2418 συκοφαντή-

137 2435 190 2459 σας,
209 2426 345 2461 ἐξηγεῖται
359 2427 406 2452 καὶ
420 2424 497 2458 οὗτος
516 2428 548 2453 ὲκ
564 2427 673 2462 Μαρίας
687 2428 734 2454 καὶ
750 2428 782 2453 ἐκ
800 2427 922 2464 σπέρμα-

136 2481 176 2504 τος
194 2473 291 2507 Ἰωσὴφ
302 2472 346 2498 τὸν
358 2473 475 2508 Χριστὸν
488 2474 676 2509 γεγεννῆσθαι,
694 2475 741 2500 καὶ
757 2474 801 2500 τὸν
820 2473 922 2508 κόσμον

135 2519 231 2554 ὁμοίως
260 2519 311 2544 ὑπὸ
326 2518 448 2553 ἀγγέλων
465 2519 639 2554 γεγενῆσθαι.
663 2520 745 2546 Οὐδὲν
767 2520 822 2556 γὰρ
846 2516 923 2550 οὗτος

136 2565 207 2600 παρὰ
224 2565 269 2590 τὸν
286 2565 391 2599 πρῶτον
408 2565 531 2600 διήλλαξε
554 2567 586 2600 τῇ
615 2566 754 2601 εἰσαγωγῇ
776 2566 825 2600 τῆς
839 2564 922 2591 αὐτοῦ

135 2610 303 2641 διδασκαλίας
316 2610 371 2637 ἀλλ’
388 2610 404 2646 ἦ
420 2611 448 2637 ὲν
464 2610 550 2646 τούτῳ
567 2611 656 2646 μόνον,
674 2612 702 2637 ἐν
722 2611 760 2646 τῷ
776 2611 918 2646 προσέχειν

135 2657 170 2692 τῷ
186 2657 343 2692 ’ἰουδαΐσμῴ
357 2657 409 2683 ἀπὸ
422 2657 530 2693 μέρους.
545 2658 646 2684 Φάσκει
662 2657 690 2684 δὲ
711 2655 787 2690 οὗτος
803 2658 850 2684 τὸν
874 2658 918 2684 νό-

138 2711 181 2738 μον
200 2703 324 2733 καὶτοὺς
341 2703 482 2738 προφήτας
505 2703 558 2729 ὑπὸ
581 2703 703 2737 ἀγγέλων
725 2703 857 2736 δεδόσθαι,
872 2705 920 2730 καὶ

135 2749 176 2776 τὸν
195 2748 327 2775 δεδωκότα
348 2748 428 2783 νόμον
448 2749 495 2775 ἕνα
513 2746 650 2775 εἶναιτῶν
663 2749 785 2783 ἀγγέλων
801 2749 855 2775 τῶν
875 2749 920 2776 τὸν

137 2795 233 2828 κόσμον
252 2794 450 2829 πεποιηκότων.
473 2793 594 2828 Ἐγένετο
612 2794 641 2820 δὲ
655 2790 732 2826 οὗτος
751 2796 765 2821 ὁ
787 2795 920 2830 Κήρινθος

138 2841 162 2868 iv
173 2842 206 2877 τῇ
225 2841 299 2876 Ἀσίᾳ
319 2840 473 2876 διατρίϐων,
487 2841 598 2868 κάκεῖσε
616 2840 662 2867 τοῦ
681 2841 857 2877 κηρύγματος
871 2842 920 2868 τὶν

976 955 1108 990 praeditus
1136 959 1188 988 est,
1218 956 1369 991 intelligere
1395 956 1468 983 istud
1488 956 1578 989 debet,
1608 957 1677 983 nihil
1707 965 1769 985 esse

976 1005 1030 1028 tota
1050 1001 1101 1028 hac
1123 1001 1319 1028 circulatorum
1337 1001 1444 1029 ofﬁcina
1468 1003 1591 1030 stultius.
1615 1003 1689 1035 Quos
1704 1004 1768 1038 qui.

975 1047 1037 1074 dem
1056 1045 1114 1073 suis
1142 1046 1265 1081 ipsorum
1290 1048 1381 1075 verbis
1404 1048 1585 1082 ignominiose
1606 1050 1769 1077 convincere

977 1093 1030 1119 hoc
1048 1093 1127 1119 modo
1139 1100 1298 1127 possumus.
1316 1092 1421 1120 Etenim
1437 1093 1460 1120 si
1474 1093 1556 1121 Jesus
1571 1094 1698 1122 Christus
1712 1103 1768 1122 non

974 1138 1008 1166 de
1032 1138 1136 1173 virgine
1164 1138 1249 1165 Maria
1275 1143 1367 1170 natus,
1386 1139 1434 1166 sed
1456 1139 1489 1166 de
1514 1139 1628 1175 Iosephi
1651 1141 1766 1172 semine,

975 1185 1126 1219 eademque
1144 1184 1228 1211 Maria
1249 1190 1416 1220 propagatura
1429 1189 1481 1217 est,
1499 1191 1526 1212 et
1544 1186 1566 1212 is
1582 1186 1696 1212 salutem
1710 1187 1769 1213 adi—

975 1230 1100 1266 piscitur,
1120 1231 1203 1258 etiam
1230 1231 1292 1258 illos
1305 1232 1449 1266 quiipsum
1471 1232 1616 1265 genuerint
1630 1239 1692 1259 esse
1713 1232 1769 1258 sal-

976 1285 1023 1305 vos
1037 1281 1157 1312 oportet.
1173 1277 1224 1309 Qui
1237 1278 1260 1304 si
1282 1285 1296 1303 a
1317 1285 1424 1305 summo
1440 1277 1486 1304 illo
1502 1278 1601 1312 opiliee
1617 1278 1679 1305 facti
1692 1282 1766 1310 sunt,

974 1331 1040 1350 sane
1057 1324 1130 1350 hunc
1153 1331 1214 1350 esse
1232 1323 1388 1350 Creatorem
1407 1323 1478 1350 inter
1490 1324 1552 1351 illos
1567 1325 1706 1354 convenit.
1719 1332 1767 1351 ne-

974 1376 1027 1403 que
1047 1369 1093 1403 qui
1120 1367 1267 1402 Josephum
1300 1368 1467 1404 Mariamque
1508 1370 1629 1397 condidit
1650 1371 1767 1398 defectui

975 1413 1092 1448 amplius
1112 1414 1278 1446 ascribetur,
1300 1414 1379 1448 110
1390 1415 1511 1448 aquibus
1525 1415 1605 1443 Jesus
1620 1420 1697 1443 ortus
1713 1421 1766 1447 est.

974 1460 1022 1494 qui
1039 1460 1074 1486 ab
1086 1461 1179 1495 ignoto
1210 1460 1258 1486 illo
1275 1460 1391 1488 Parente
1407 1461 1546 1495 profectus
1561 1462 1670 1490 est.Sin
1687 1462 1767 1490 Iesus

975 1505 1057 1532 etiam
1072 1506 1106 1533 ab
1123 1506 1228 1540 angelis
1242 1510 1352 1533 creatus
1367 1511 1418 1537 est,
1433 1511 1511 1534 etest
1525 1508 1680 1542 angelorum
1695 1516 1767 1535 unus

975 1551 1065 1586 opifex
1079 1552 1147 1586 ipse,
1164 1552 1191 1578 in
1201 1559 1286 1578 unum
1301 1557 1328 1578 et
1345 1552 1415 1579 idem
1432 1554 1581 1582 absurdum
1598 1554 1683 1582 relabi
1705 1555 1767 1581 uni~

975 1605 1069 1625 versos
1082 1605 1193 1625 necesse
1207 1602 1266 1629 est;
1283 1598 1310 1624 in
1324 1599 1397 1633 quod
1410 1604 1436 1626 et
1448 1600 1536 1634 angeli
1552 1601 1660 1635 ipsimet
1672 1602 1767 1628 incur-

976 1646 1082 1670 rerunt.
1109 1641 1203 1677 Neque
1219 1642 1327 1669 illorum
1348 1643 1439 1670 fabula
1452 1645 1600 1676 constabit,
1620 1646 1707 1673 letalis
1719 1653 1767 1672 cu-

974 1688 1084 1723 jusdam
1104 1688 1213 1721 veneni,
1228 1695 1259 1714 ac
1277 1688 1413 1723 pestiferae
1429 1689 1563 1717 doctrinae
1584 1685 1695 1718 referta.
1712 1690 1766 1717 Sed

976 1743 1036 1768 nos,
1053 1736 1193 1772 profligata
1218 1737 1269 1764 hac
1286 1737 1391 1770 haeresi,
1407 1742 1434 1765 et
1453 1738 1480 1765 in
1508 1738 1597 1773 fugam
1623 1745 1765 1768 conversa.

976 1783 1088 1817 perinde
1107 1791 1138 1810 ac
1153 1783 1290 1818 serpentis
1305 1784 1394 1818 capite
1407 1784 1466 1811 ﬁdei
1481 1792 1513 1811 ac
1528 1785 1651 1812 veritatis
1668 1786 1766 1812 baculo

976 1829 1051 1856 humi
1069 1829 1152 1861 illiso,
1169 1829 1203 1856 ad
1218 1829 1286 1857 alias
1296 1834 1480 1857 monstrorum
1501 1830 1652 1858 horrendas
1666 1831 1767 1866 eﬁigies

976 1878 1102 1908 promoto
1115 1875 1212 1909 gradu,
1234 1875 1357 1903 funditus
1375 1883 1423 1903 eas
1441 1876 1532 1904 delere
1549 1881 1631 1912 atque
1643 1881 1767 1905 evertere

975 1920 1146 1947 conabimur.

1129 1976 1316 2005 ADVERSUS
1344 1976 1612 2010 CERINTHMNOS,

1222 2034 1284 2062 Sive
1310 2034 1518 2067 Merinthianos,

1081 2091 1148 2125 Quae
1168 2096 1207 2120 est
1227 2092 1335 2120 Itazresia
1357 2092 1440 2125 VIII,
1457 2092 1495 2119 vel
1514 2091 1658 2120 XXVIII.

1008 2148 1029 2175 1.
1045 2147 1174 2183 Sequitur
1187 2147 1352 2176 Cerinthus:
1365 2156 1380 2175 a
1397 2156 1450 2183 quo
1465 2149 1631 2176 Cerinthiaui
1645 2149 1763 2177 luerttici

973 2195 1160 2227 nominantur,
1175 2195 1221 2229 qui
1250 2195 1346 2221 eodem
1367 2202 1401 2222 ex
1428 2195 1514 2222 ferino
1530 2200 1590 2222 satu
1605 2201 1764 2230 procreatus

973 2239 1049 2267 virus
1068 2248 1149 2267 suum
1170 2241 1197 2267 in
1217 2241 1311 2268 orbem
1335 2245 1469 2268 terrarum
1489 2241 1621 2275 profudit.
1637 2242 1726 2277 Atque
1741 2243 1764 2270 is

973 2286 1040 2313 nihil
1056 2287 1250 2321 propemodum
1266 2287 1350 2318 aliud,
1364 2295 1445 2322 quam
1459 2287 1538 2314 nobis
1549 2295 1631 2322 supra
1645 2296 1765 2316 commc-

973 2337 1096 2361 moratus
1111 2333 1156 2360 ille
1166 2332 1318 2368 Carpocras
1335 2335 1464 2367 asseruit,
1480 2335 1630 2370 eademque
1648 2343 1710 2362 cum
1730 2344 1765 2363 eo

973 2380 1064 2406 letalia
1093 2380 1120 2406 in
1138 2380 1270 2407 mundum
1297 2388 1400 2407 venena
1425 2382 1594 2416 propagavit.
1623 2381 1762 2416 Siquidcm

972 2425 1029 2459 pari
1060 2425 1087 2452 in
1106 2425 1248 2453 Christum
1270 2426 1407 2453 calumnia
1430 2431 1535 2458 censet,
1553 2427 1626 2454 hunc
1648 2436 1663 2455 e
1679 2428 1762 2456 Maria

971 2469 1140 2506 Josephique
1156 2471 1261 2498 semine
1290 2479 1351 2499 esse
1373 2477 1555 2507 prognatum:
1575 2474 1764 2509 mundumque

973 2518 1099 2544 similiter
1118 2518 1152 2545 ab
1176 2518 1279 2552 angelis
1296 2517 1468 2545 fabricatum.
1486 2517 1579 2554 Neque
1596 2520 1650 2546 ulla
1670 2520 1722 2546 alia
1734 2527 1763 2547 re

972 2563 1173 2598 discrepantem
1198 2563 1233 2590 ab
1250 2564 1295 2590 illo
1314 2564 1468 2591 doctrinam
1491 2565 1603 2598 invexit,
1622 2566 1673 2592 nisi
1689 2566 1761 2600 quod

971 2609 1100 2637 Iudaicos
1130 2610 1212 2637 etiam
1237 2610 1307 2637 ritus
1327 2609 1454 2637 adscivit.
1481 2611 1515 2637 At
1540 2611 1610 2638 idem
1627 2611 1711 2645 legem
1730 2618 1762 2637 ac

972 2657 1119 2692 prophetas
1134 2657 1169 2684 ab
1180 2657 1284 2692 angelis
1298 2656 1439 2692 profectos
1456 2661 1565 2691 asserit,
1581 2665 1698 2692 eumque
1714 2659 1762 2693 qui

973 2703 1058 2738 legem
1086 2703 1180 2730 tulerit
1203 2711 1235 2730 ex
1255 2710 1350 2730 eorum
1369 2704 1527 2738 angelorum
1547 2711 1608 2730 esse
1621 2710 1762 2730 numeroa

973 2749 1074 2784 quibus
1086 2748 1162 2776 orbis
1185 2752 1228 2776 est
1251 2748 1390 2776 conditus.
1410 2748 1496 2776 Porro
1506 2749 1714 2776 Cerinthusiste
1731 2750 1761 2777 in

973 2796 1038 2824 Asia
1049 2800 1173 2823 versatus
1187 2796 1338 2823 doctrinam
1353 2803 1430 2824 suam
1440 2796 1561 2832 proferre
1572 2796 1652 2824 isthic
1665 2797 1759 2831 cmpit.

974 2842 1036 2877 Qui,
1066 2847 1096 2870 ut
1127 2847 1190 2871 ante
1218 2843 1348 2877 diximus,
1372 2843 1482 2870 minime
1506 2851 1520 2870 a
1536 2843 1623 2878 prima
1646 2843 1691 2871 illa
1710 2852 1759 2872 stt-
