1961 3046
189 116 216 144 3.‘
223 113 247 144 ἵ

894 118 922 146 S.
944 117 1064 145 ΕΡΙΡΗᾹ
1070 117 1114 144 Nll

1763 105 1834 144 asa

193 174 289 209 Mnysi,
303 183 355 201 non
370 169 480 210 potestis
495 175 622 207 salvari‘,
640 175 736 211 ingens
753 176 814 204 inde
828 176 896 204 facta
906 185 980 204 com-

1045 179 1102 210 ἠτε
1119 176 1172 203 τὸν
1188 176 1282 210 νόμον
1300 175 1456 208 Μωϋσέως,
1472 175 1507 201 οὐ
1523 174 1654 201 δύνασθε
1671 174 1832 209 σωθῆναι·

192 221 276 246 motio
295 225 348 252 est,
366 227 394 248 ut
421 226 483 249 ante
499 222 630 248 diximus.
653 223 741 257 Atque
771 223 809 249 illi
835 224 886 257 ipsi
915 228 979 251 sunt

192 273 261 299 quos
281 265 381 293 Paulus
401 266 484 294 falsos
500 268 637 301 apostolos
654 272 743 299 vocat,
758 269 900 302 operarios
915 268 980 295 sub-

192 311 282 343 dolos,
299 312 528 340 transformantes
541 321 570 340 se
581 313 608 340 in
624 315 763 348 apostolos
783 314 885 341 Christi
905 315 926 342 ¹.

230 397 263 424 ν.
285 398 402 426 Matthaei
420 400 492 427 enim
513 400 659 435 Evangelio
679 409 733 428 non
749 401 864 437 integro,
887 401 934 429 sed
949 409 981 429 ex

196 451 272 479 parte
292 445 425 472 duntaxat
443 450 568 478 utuntur,
584 447 713 474 nimirum
729 452 839 482 propter
861 448 983 482 genealo-

196 493 278 526 giam,
298 499 358 525 quae
382 492 442 525 ejus
464 496 505 518 est
528 493 618 519 carnis
636 492 756 527 propria,
778 493 851 528 quod
874 493 982 528 quidem

198 536 334 572 Evangelii
363 538 546 565 testimonium
569 538 694 570 afferunt,
721 543 802 573 atque
825 539 862 566 ila
886 539 984 574 prmdiv

197 587 270 609 eant.
288 582 387 617 Sufﬁcit
402 583 541 617 discipula.
560 584 583 610 si
607 584 641 610 sit
663 585 731 610 sicut
752 585 876 618 magister
893 586 949 619 ejus
963 585 983 612 ³.

198 627 268 660 Quid
294 628 386 663 igitur.
414 629 560 663 inquiunt?
587 629 772 657 Circumcisus
791 634 832 658 est
847 630 942 658 Jesus:
956 635 984 658 tu

198 681 306 708 quoque
331 675 388 707 ipse
405 674 610 702 circumcidere.
626 674 754 703 Christus
776 683 808 703 ex
831 676 898 711 legis
916 684 985 711 prte—

199 719 303 753 scripto
318 720 400 745 vitam
413 720 530 746 instituit
543 729 550 747 :
563 724 591 747 tu
606 721 688 756 igitur
701 721 795 748 eadem
813 721 905 749 facito.
918 722 986 749 llinc

200 765 322 791 nonnulli
339 765 378 792 sic
398 766 432 792 ab
443 767 496 793 illis
509 770 638 800 tanquam
657 767 798 794 venenatis
815 768 986 802 serpentibus

199 809 305 843 abrepti
323 810 518 837 verisimilibus
533 810 640 837 illorum
657 811 810 838 rationibus
833 811 988 838 assentiun-

199 858 255 885 tur,
272 861 304 881 ex
322 861 354 880 eo
381 855 498 882 maxime
514 856 585 889 quod
602 859 628 882 et
649 855 774 883 Christus
799 856 987 883 circumcisio-

201 907 261 926 nem
285 900 446 934 susceperit.
472 901 549 933 Quod
572 901 604 928 ad
628 900 742 928 Paulum
764 903 891 936 pertinet,
916 903 988 929 hunc

201 946 310 980 penitus
325 947 484 981 explodunt,
502 953 644 982 propterea
660 949 731 983 quod
750 949 988 976 circumcisionem

201 991 345 1022 abdicarit.
368 996 394 1019 et
409 993 535 1020 eumdem
557 994 660 1020 idcirco
676 995 813 1029 rejieiunt,
830 995 902 1029 quod
917 995 989 1022 istud

202 1037 382 1070 usm‘paverit.
398 1036 550 1072 Quicunque
565 1038 593 1063 in
611 1037 663 1072 lege
674 1037 862 1072 justiﬁcamini
877 1046 892 1064 a
903 1038 991 1073 gratia

200 1082 370 1114 excidistis‘;
395 1087 432 1115 et,
462 1082 492 1109 Si
517 1083 755 1116 circumcidumini,
781 1083 902 1111 Christus
925 1083 991 1110 ni/u'l

201 1128 272 1154 vobis
286 1128 401 1162 proderit
410 1129 431 1155 ⁵.

239 1171 282 1198 Vl.
304 1173 344 1200 Ad
368 1173 423 1200 haec
444 1173 591 1201 Cerinthus
613 1174 694 1202 homo
715 1175 842 1207 stolidus,
862 1181 895 1201 ac
915 1174 992 1201 stoli-

202 1217 299 1245 dorum
322 1219 463 1254 magister,
476 1219 567 1247 dicere
589 1220 656 1246 nihil
683 1225 725 1248 est
743 1218 990 1255 veritus,'passum

202 1263 312 1298 quidem
335 1271 366 1290 ac
382 1265 544 1292 cruciﬁxum
565 1273 625 1294 esse
643 1265 793 1299 Christum,
814 1266 934 1293 nondum
952 1271 992 1293 ta-

202 1316 264 1335 men
287 1316 302 1335 a
328 1310 444 1337 mortuis
468 1311 629 1343 excitatum,
656 1319 687 1337 ac
717 1315 773 1338 tum
799 1311 907 1338 detuum
930 1319 991 1338 cum

204 1354 305 1380 mortui
324 1358 466 1389 resurgent
485 1363 579 1382 omnes
594 1356 781 1383 excitandum.
800 1357 893 1391 Itaque
919 1358 994 1390 ejus-

205 1400 277 1426 modi
294 1400 401 1427 illorum
422 1405 448 1428 et
466 1401 548 1434 dicta,
563 1405 590 1429 et
612 1402 740 1436 dogmata
762 1403 899 1430 cohaerere
917 1402 993 1429 nullo

204 1446 285 1473 rnodo
300 1451 426 1481 possunt.
447 1448 622 1483 lndidemque
635 1448 738 1476 Paulus
755 1449 795 1476 sic
819 1456 867 1476 eos
886 1449 932 1483 qui
950 1456 994 1475 re-

205 1495 379 1518 surrecturus
392 1497 516 1519 mortuos
530 1492 682 1520 diliiderent
696 1493 841 1527 redarguit.
855 1492 885 1520 Si
897 1493 994 1519 mortui

1035 223 1084 256 οὐχ
1096 224 1112 257 ἡ
1127 222 1247 256 τυχοῦσα
1258 221 1316 248 τότε
1334 220 1440 256 ταραχὴ
1462 220 1581 253 ἐγένετο,
1593 219 1630 250 ὼς
1645 220 1829 255 προείρηται.

1030 268 1085 294 Καὶ
1097 265 1168 294 οὗτοι
1191 268 1258 293 εἰσιν
1279 268 1303 293 oi
1328 266 1404 301 παρὰ
1422 265 1460 300 τῷ
1479 265 1577 300 Παύλῳ
1591 265 1730 301 εἰρημένοι
1742 265 1834 299 ψευδ-

1031 313 1183 342 απόστολοι,
1207 313 1320 347 ἐργάται
1341 312 1437 344 δόλιοι,
1461 310 1758 346 μετασχηματιζόμενοι
1780 312 1832 342 εἰς

1031 358 1195 388 ἀποστόλους
1209 357 1337 393 Χριστοῦ.

1068 404 1105 430 Ε’.
1131 403 1257 438 Χρῶνται
1273 403 1327 438 γὰρ
1349 403 1387 438 τῷ
1406 401 1476 429 κατὰ
1499 401 1636 428 Ματθαίον
1659 399 1831 434 Εὐαγγελίῳ

1032 449 1086 475 ἀπὸ
1105 449 1214 485 μέρους,
1235 449 1280 475 καὶ
1308 448 1368 483 οὐχὶ
1384 448 1437 483 ὅλῳ
1449 457 1455 462 ·
1475 447 1542 473 ἀλλὰ
1563 446 1607 473 διὰ
1628 446 1677 482 τὴν
1697 446 1832 481 γενεαλο-

1033 493 1096 527 γίαν
1115 494 1165 529 τὴν
1183 493 1324 528 ἔνσαρκον,
1342 492 1389 519 καὶ
1411 492 1512 527 ταύτην
1534 491 1685 527 μαρτυρίαν
1707 491 1830 526 φέρουσι

1034 538 1087 564 ἀπὸ
1109 531 1155 564 τόδ
1177 537 1353 571 Εὺαγγελίου,
1371 537 1451 564 πάλιν
1465 537 1600 571 λέγοντες,
1623 536 1663 562 ὅτι
1688 535 1832 570 Ἆρκετὸν

1035 582 1074 615 τῷ
1083 582 1211 618 μαθητῇ,
1228 583 1278 609 ἵνα
1294 582 1413 617 γένηται
1425 582 1465 615 ὡς
1478 583 1494 608 ό
1504 580 1698 613 διδάσκαλος.
1714 580 1746 606 Τί
1757 578 1808 606 οὖν
1820 601 1829 612 ,

1036 628 1112 662 (pact;
1126 628 1301 663 Περιετμήοη
1314 628 1327 653 6
1345 627 1456 662 Ἰησοῦς·
1473 626 1657 662 περιτμήθητι
1670 626 1718 652 καὶ
1729 624 1828 655 αὑτός.

1035 673 1150 709 Χριστὸς
1168 673 1237 700 κατὰ
1253 673 1343 708 νόμον,
1361 673 1452 707 φασὶν,
1468 672 1667 703 ἐπολιτεύσατο,
1682 671 1729 697 καὶ
1742 670 1832 700 αὐτὲς

1036 720 1070 746 τὰ
1089 719 1133 746 [σα
1148 720 1270 754 ποίησον.
1290 719 1370 744 Ὅθεν
1394 718 1440 744 καί
1457 726 1529 749 τινες
1541 719 1572 744 ἐκ
1586 717 1699 748 τούτων,
1719 716 1756 747 ὡς
1771 716 1831 743 ὑπὸ

1036 766 1205 801 δηλητηρίων
1220 764 1453 801 ὑφαρπαχθέντες,
1476 763 1612 790 πείθονται
1634 764 1694 793 ταῖς
1710 762 1830 789 πιθανο-

1038 811 1141 845 λογίαις
1159 810 1204 838 διὰ
1223 811 1252 837 τὸ
1271 811 1316 837 τὸν
1339 810 1454 845 Χριστὸν
1481 809 1704 845 περιτετμῆσϐαι.
1722 808 1774 834 Τδν
1796 808 1830 834 δὲ

1006 857 1025 883 Β
1039 857 1143 884 Παῦλον
1158 856 1293 889 ἁθετοῦσι,
1311 856 1354 883 διὰ
1368 856 1398 883 τὸ
1419 857 1454 892 μὴ
1468 855 1608 882 πείθεσθαι
1628 855 1660 889 τῇ
1676 855 1827 889 περιτομῇ.

1046 903 1125 930 Ἀλλὰ
1137 904 1183 929 καὶ
1195 903 1367 930 ἐκϐάλλουσιν
1378 903 1469 934 αὑτὸν,
1485 902 1565 928 διὰτὸ
1576 901 1723 936 εἰρηκέναι·
1740 901 1828 926 Ὅσοι

1039 948 1073 975 ἐν
1085 949 1166 983 ’νόμῳ
1178 949 1359 979 δικαιοῦσθε,
1375 948 1429 982 τῆς
1444 947 1563 982 χάριτος
1581 946 1753 978 ἐξεπέσατε·
1776 945 1829 971 καὶ

1039 994 1091 1025 ὃτι,
1124 994 1194 1020 Ἐὰν
1222 993 1448 1028 περιτέμνησθε,
1476 992 1602 1026 Χριστὸς
1630 990 1708 1026 ὑμᾶς
1736 990 1832 1018 οὐδὲν

1040 1039 1199 1074 ὠφελήσει.

1077 1174 1114 1200 Ζ’.
1131 1169 1214 1203 Οὗτος
1228 1171 1256 1198 δὲ
1270 1172 1283 1198 ὁ
1294 1171 1429 1207 Κήρινοος
1446 1171 1558 1205 ἀνόητος
1569 1170 1616 1197 καὶ
1629 1169 1748 1204 ἀνοήτων
1756 1169 1833 1196 διδά-

1043 1219 1142 1250 σκαλος
1156 1218 1255 1252 φάσκει
1270 1216 1351 1243 πάλιν
1363 1217 1512 1251 τολμήσας,
1533 1216 1649 1250 Χριστὸν
1666 1215 1832 1241 πεπονθέναι

1043 1265 1089 1292 καὶ
1105 1263 1302 1298 ἐσταυρῶσθαι,
1328 1263 1411 1298 μήπω
1426 1263 1455 1288 δὲ
1475 1261 1635 1297 ὲγηγέρθαι.
1663 1261 1779 1288 Μέλλειν
1801 1260 1832 1286 δὲ

1043 1309 1213 1341 ἀνίστασθαι,
1230 1310 1292 1336 ὅταν
1308 1310 1324 1344 ἡ
1339 1308 1451 1335 καθόλου
1470 1308 1582 1342 γένηται
1597 1306 1700 1342 νεκρῶν
1712 1306 1832 1333 ἀνάστα-

1045 1365 1096 1388 σις.
1125 1356 1276 1382 ’Δσὺστατα
1299 1355 1386 1381 τοίνυν
1408 1354 1495 1381 ταῦτα
1517 1354 1582 1388 παρ’
1607 1353 1720 1384 ἐκείνοις
1743 1352 1778 1378 τά.
1799 1361 1831 1378 τε

1045 1403 1154 1437 ῥήματα
1171 1402 1218 1428 καὶ
1234 1401 1366 1436 νοήματα.
1385 1401 1465 1427 Ὅθεν
1481 1401 1528 1426 καὶ
1539 1400 1553 1425 ὁ
1566 1398 1671 1430 Παῦλος
1687 1398 1833 1433 ἐκπληττὸ-

1047 1455 1126 1480 μενος
1137 1447 1193 1477 τοῖς
1210 1446 1257 1480 μὲν
1272 1445 1417 1472 ἀπιστοῦσι
1433 1446 1465 1480 τῇ
1489 1444 1635 1471 ἀναστάσει
1655 1443 1708 1470 τῶν
1727 1443 1833 1478 νεκρῶν

1044 1494 1076 1527 τῇ
1099 1491 1230 1527 μελλούσῃ
1246 1491 1363 1523 ἔσεσθαι,
1376 1491 1458 1525 λέγει·
1479 1492 1514 1517 Ei
1526 1491 1624 1524 νεκροὶ
1636 1490 1691 1516 οὐκ
1702 1489 1832 1523 ἐγείρον-

205 1544 256 1562 non
274 1541 423 1572 resurgunt,
446 1546 525 1572 neque
544 1537 665 1565 Christus
688 1539 861 1566 resurrexit“.
878 1538 992 1566 Eodem-

1046 1547 1102 1571 ται,
1114 1537 1185 1564 οὐδὲ
1197 1537 1323 1571 Χριστὸς
1337 1536 1500 1572 syth-aptat-
1517 1537 1564 1562 καὶ
1578 1536 1618 1566 τὸ,
1631 1535 1771 1570 Φάγωμεν
1783 1535 1833 1561 καὶ

205 1590 258 1616 que
278 1584 394 1617 pertinet
416 1584 482 1610 illud
499 1594 504 1610 :
525 1583 642 1611 Edamus
656 1589 680 1611 et
698 1585 827 1618 bibamus,
845 1593 904 1611 cras
926 1585 996 1611 enim

205 1629 377 1655 moriemur".
399 1629 478 1665 114
492 1629 560 1656 Tum
580 1630 650 1657 istud
669 1640 675 1657 :
697 1629 788 1657 Nolite
808 1639 917 1657 errare:
930 1630 997 1658 Cor-

205 1679 330 1708 rumpunt
347 1674 426 1701 bonos
450 1683 535 1702 mores
555 1676 685 1710 colloquia
697 1684 779 1710 prava
787 1677 809 1704 ⁸.
832 1677 871 1703 Ac
887 1684 995 1704 rursum

206 1728 268 1753 eos,
292 1721 338 1755 qui
361 1721 500 1748 Christum
526 1722 616 1749 adhuc
642 1723 826 1751 resurrexisse
848 1727 996 1757 negarent,

207 1765 259 1792 hoc
292 1765 372 1792 modo
396 1767 555 1794 convincit:
575 1767 605 1793 Si
622 1766 743 1794 Christus
765 1776 816 1794 non
841 1769 995 1800 resurrexit,

207 1819 275 1838 rana
295 1816 333 1838 est
355 1812 510 1845 prter/italia
531 1818 640 1843 nostra;
655 1814 743 1839 inanis
764 1818 789 1839 et
807 1813 870 1847 ﬁdes
892 1819 997 1841 vestra:

207 1857 353 1883 invenimur
368 1862 455 1884 autem
476 1863 499 1884 et
523 1858 586 1892 falsi
602 1862 679 1884 testes
697 1858 755 1889 Dei,
775 1858 900 1893 quoniam
914 1859 998 1886 susci-

208 1905 273 1929 tavit
294 1903 436 1935 Christum,
459 1912 534 1938 quem
550 1912 602 1930 non.
617 1905 783 1932 suscitavit“.
800 1904 904 1937 Quibus
926 1905 998 1932 indi-

207 1953 266 1980 σοι,
294 1948 434 1975 Christum
464 1957 478 1976 a
511 1950 627 1977 mortuis
652 1951 800 1977 excitatura
834 1950 997 1985 praedicasse

207 1994 318 2028 quidem
342 1996 494 2030 apostolos,
514 1996 647 2031 quasdam
666 2003 730 2022 vero
750 1996 868 2023 hiereses
890 1996 999 2024 tametsi

207 2041 362 2068 surrexisse
392 2041 530 2068 Christum
559 2046 733 2074 assererem,
761 2045 931 2068 mortuorum
957 2046 999 2069 ta-

209 2094 270 2113 men
290 2087 518 2114 resurrectionem
540 2094 665 2121 negasse.
692 2087 797 2114 Etenim
822 2088 849 2114 in
871 2088 922 2115 hac
941 2088 999 2122 ipsa

209 2131 320 2165 regione
343 2131 423 2163 Asiae,
442 2139 548 2158 necnon
579 2136 606 2159 et.
629 2132 656 2158 in
673 2131 778 2159 Galatia
800 2133 908 2159 illorqu
925 2132 1001 2167 ejus-

1045 1583 1166 1617 πίωμενο
1177 1583 1281 1617 αὔριον
1287 1582 1342 1616 γὰρ
1349 1581 1588 1616 ἀποθνήσκομεν
1596 1581 1642 1608 καὶ
1652 1581 1690 1613 τὸ,
1700 1582 1729 1607 Μ
1731 1581 1747 1613 ὴ
1760 1582 1834 1606 πλα-

1046 1629 1150 1656 νᾶσθε·
1162 1629 1335 1664 φθείρουσιν
1346 1628 1402 1662 ἤθη
1418 1629 1534 1662 χρηστὰ
1545 1627 1656 1661 ὁμιλίαι
1666 1625 1763 1652 κακαί·
1778 1625 1832 1652 πά-

1045 1675 1088 1703 λιν
1097 1676 1125 1702 δὲ
1141 1677 1197 1707 τοῖς
1207 1675 1316 1709 λέγουσι
1328 1674 1373 1701 τὸν
1387 1674 1502 1710 Χριστὸν
1523 1674 1635 1710 μηδέπω
1651 1672 1832 1708 ἐγηγερμένον

1047 1722 1177 1753 ὡσαύτως
1191 1723 1236 1748 τὸν
1252 1721 1361 1757 ἔλεγχον
1385 1721 1522 1756 ἐπιφέρει,
1539 1720 1634 1755 λέγων·
1657 1721 1690 1747 Ei
1708 1719 1834 1753 Χριστὸς

1047 1769 1102 1794 οὐκ
1124 1768 1286 1802 ἐγήγερται,
1303 1767 1431 1802 μάταιον
1450 1765 1640 1804 τιὸ-κήρυγμα
1661 1764 1755 1799 ἡμῶν,
1777 1773 1833 1799 μα-

1048 1814 1115 1840 mia
1129 1813 1177 1839 καὶ
1190 1814 1208 1847 ὴ
1220 1814 1321 1846 πίστις
1336 1812 1428 1847 ὑμῶν·
1442 1812 1639 1846 εὑρισκόμεθα
1652 1810 1685 1837 δὲ
1702 1810 1750 1836 καὶ
1760 1811 1833 1844 ehi-m-

1048 1859 1229 1894 δομάρτυρες
1244 1859 1297 1886 τοῦ
1314 1859 1399 1894 Θεοῦ,
1413 1859 1456 1885 ὅτι
1468 1858 1566 1892 ἤγειρε
1579 1858 1632 1884 τὸν
1644 1854 1781 1890 Χριστὸν,
1798 1855 1835 1882 ὃν

1048 1907 1103 1932 οὐκ
1125 1905 1253 1940 ἤγειρεν·
1269 1905 1306 1936 ὡς
1323 1905 1376 1931 τῶν
1404 1905 1453 1940 μὲν
1471 1904 1627 1931 ἀποστόλων
1647 1902 1834 1939 κηρυττόντων

1048 1951 1166 1986 Χριστὸν
1192 1951 1347 1986 ἐγηγέρθαι,
1377 1951 1456 1977 τινῶν
1487 1950 1516 1977 δὲ
1543 1949 1674 1984 αἱρέσεων
1700 1947 1834 1982 λεγουσῶν

1048 1995 1166 2030 Χριστὸν
1188 1996 1236 2031 μὲν
1258 1995 1417 2030 ὲγηγέρθαι,
1437 1995 1550 2030 νεκροὺς
1571 1995 1600 2020 δὲ
1617 1993 1653 2029 μὴ
1670 1991 1832 2028 ἐγείρεσθαι.

1056 2042 1099 2067 Ἐν
1112 2041 1196 2078 ταύτῃ
1210 2041 1262 2076 γὰρ
1276 2043 1309 2077 τῇ
1330 2041 1450 2077 πατρίδι,
1466 2041 1537 2076 φημὶ
1551 2041 1580 2067 δὲ
1605 2041 1693 2075 Ἀσίᾳ,
1708 2039 1774 2066 ἀλλὰ
1788 2039 1834 2066 καὶ

1049 2086 1078 2112 ὲν
1091 2087 1124 2121 τῇ
1140 2086 1258 2122 Γαλατίᾳ
1271 2087 1340 2113 πάνυ
1353 2087 1461 2127 ἤκμασε
1477 2087 1508 2112 τὸ
1524 2086 1627 2112 τούτων
1641 2085 1832 2117 διδασκαλεῖον,

1051 2133 1079 2158 ἐν
1089 2130 1130 2163 οἷς
1142 2132 1188 2158 καί
1200 2141 1225 2158 τι
1242 2132 1416 2167 παραδόσεως
1429 2133 1545 2168 πρᾶγμα
1558 2130 1638 2167 ἦλθεν
1651 2132 1690 2163 εἰς
1703 2132 1786 2167 ἡμᾶς’
1796 2131 1832 2162 ὡς

209 2176 283 2203 modi
306 2177 399 2204 schola
428 2178 588 2211 cumprimis
611 2185 643 2205 ac
663 2178 809 2212 disciplina
839 2177 939 2205 ﬂoruit.
962 2178 992 2206 Ι)(

1051 2178 1130 2204 τινῶν
1146 2178 1194 2213 μὲν
1206 2179 1270 2213 παρ’
1282 2179 1372 2210 αὐτοῖς
1385 2178 1593 2214 προφοανὸντων
1605 2178 1762 2212 τελευτῆσαι
1771 2177 1833 2204 ἄνευ

209 2229 263 2256 quo
287 2222 360 2250 istud
384 2230 399 2249 a
426 2223 577 2257 majoribus
593 2224 723 2251 traditum
746 2224 912 2258 accepimus,
931 2232 999 2252 non-

211 2269 301 2295 nullos
313 2276 346 2295 ex
361 2276 394 2296 eo
408 2277 505 2303 genere
521 2270 590 2296 citra
606 2270 772 2304 baptismum
789 2270 954 2303 excessisse,
967 2278 1000 2298 ac

210 2323 260 2350 pro
276 2315 308 2342 iis
325 2315 393 2342 alios
415 2316 580 2351 baptismum
599 2316 758 2343 eorumdem
777 2316 930 2351 suscepisse
954 2324 1000 2343 no-

211 2362 295 2391 mine,
315 2369 348 2388 ne
362 2369 424 2389 cum
445 2368 565 2389 extrema
582 2363 689 2389 demum
706 2363 905 2390 resurrectione
919 2369 999 2389 revo-

211 2407 265 2432 cati
280 2407 313 2433 ad
330 2407 413 2434 vitam
436 2413 539 2441 essent,
560 2409 736 2443 prtetermissi
759 2408 886 2443 baptismi
907 2415 1002 2443 poenas

211 2451 406 2485 depetldcrcnt,
422 2457 502 2486 atque
517 2453 577 2487 ejus
592 2454 639 2487 qui
662 2453 792 2480 mundum
809 2454 932 2480 condidit
952 2453 1002 2479 do-

212 2497 355 2524 minationi
380 2498 534 2525 subcssent.
558 2499 642 2533 Cujus
664 2500 702 2526 rei
731 2500 818 2534 gratia
840 2504 1002 2534 usurpatum

213 2543 280 2571 illud
296 2544 332 2571 ab
349 2545 479 2578 Apostolo
492 2545 586 2572 eadem
598 2546 632 2572 ad
644 2554 694 2574 nos
709 2546 847 2573 auditione
865 2547 997 2580 perlatum

210 2593 254 2618 est
270 2600 276 2617 :
294 2588 324 2616 Si
341 2590 447 2616 omnino
462 2592 559 2617 mortui
574 2599 625 2618 non
640 2597 789 2626 resurgunt,
804 2591 867 2626 quid
881 2591 1000 2627 estquod

249 2670 256 2685 ¹
272 2670 330 2697 Act.
349 2678 393 2703 xv,
412 2670 436 2697 L

475 2673 485 2687 ²
501 2670 522 2697 ll
539 2671 601 2697 (lor.
619 2679 655 2703 xt,
673 2672 699 2699 '5.
739 2672 749 2687 ³
763 2671 857 2700 Matth.
874 2680 901 2703 Χ,
917 2671 963 2698 25.

212 2705 224 2721 ⁸
236 2706 302 2733 ibid.
318 2707 363 2734 55.

401 2706 412 2722 ⁹
429 2707 496 2734 ibid.
514 2707 557 2739 Μ,
575 2707 618 2734 15.

249 2783 305 2820 (9ξ)
325 2784 379 2811 Καὶ
407 2784 513 2811 τούτου
534 2783 629 2820 ἕνεκα
645 2785 664 2819 ἡ
692 2784 867 2820 παράδοσις.
894 2783 999 2811 Tertul.

213 2818 261 2848 lib.
281 2819 318 2845 De
336 2828 421 2847 retur.
437 2825 464 2847 et
478 2828 491 2846 ν
507 2825 591 2847 contr.
603 2819 673 2847 lar.
686 2823 719 2848 ad
728 2818 789 2848 cum
803 2819 912 2847 modum
927 2819 999 2854 Apo-

1003 2671 1013 2687 ‘
1025 2671 1113 2699 Galat.
1131 2682 1156 2704 ν,
1171 2672 1195 2700 4.
1234 2673 1322 2700 ‘ibid.
1339 2673 1366 2701 2.
1407 2675 1417 2690 ⁸
1432 2673 1441 2700 ι
1456 2674 1520 2701 Cor.
1534 2681 1579 2705 xv,
1601 2671 1644 2700 16.

1054 2223 1249 2258 βαπτίσματος,
1268 2224 1363 2255 ἄλλους
1379 2224 1406 2251 δὲ
1422 2225 1478 2250 ἀντ’
1496 2223 1586 2251 αὐτῶν
1606 2225 1646 2255 εἰς
1663 2223 1748 2258 ὄνομα
1767 2222 1832 2248 ὲκεί-

1052 2278 1105 2296 νων
1119 2269 1305 2304 βαπτίζεσθαι,
1321 2271 1390 2306 ὑπὲρ
1406 2270 1452 2297 τοῦ
1473 2270 1509 2306 μὴ
1526 2271 1554 2296 ἐν
1567 2271 1599 2305 τῇ
1615 2269 1760 2296 ἀναστάσει
1773 2268 1832 2294 ἀνα-

1053 2315 1167 2347 στάντας
1183 2317 1280 2347 αὺτοὺς
1293 2316 1369 2351 δίκην
1384 2316 1475 2342 δοῦναι
1488 2316 1631 2352 τιμωρίας,
1648 2315 1785 2350 βάπτισμα
1797 2314 1832 2350 μὴ

1053 2361 1207 2397 εἰληφότας,
1226 2361 1347 2395 γίνεσθαι
1371 2362 1399 2388 δὲ
1424 2362 1595 2398 ὑποχειρίους
1611 2362 1661 2396 τῆς
1676 2360 1722 2387 τοῦ
1736 2369 1832 2396 κοσμο-

1052 2407 1128 2434 ποιοῦ
1144 2407 1276 2441 ἐξουσίας.
1294 2408 1349 2434 Καὶ
1360 2408 1454 2434 τούτου
1469 2407 1549 2434 ἕνεκα
1564 2409 1580 2443 ἡ
1595 2407 1742 2443 παράδοσις
1753 2406 1802 2441 (94)
1815 2408 1830 2441 ἡ

1051 2453 1166 2480 ἐλθοῦσα
1186 2455 1225 2485 εἰς
1246 2454 1319 2489 ἡμᾶς
1334 2462 1399 2489 φησι
1414 2453 1459 2481 τὸν
1476 2453 1557 2480 αὑτὸν
1577 2453 1654 2488 ἅγιον
1678 2452 1832 2484 ’Λπόστολον

1052 2499 1201 2534 εἰρηκέναι·
1222 2501 1256 2526 Et
1272 2500 1348 2533 ὅλως
1363 2499 1464 2534 νεκροὶ
1482 2501 1537 2527 οὐκ
1554 2499 1727 2534 ἐγείρονται,
1745 2499 1774 2525 τί
1787 2489 1844 2543 xaij

1050 2544 1243 2576 βαπτίζονται
1257 2546 1331 2579 ὑπὲρ
1342 2546 1439 2572 αὐτῶν
1447 2555 1456 2578 ;
1471 2546 1569 2578 Καλῶς
1582 2546 1610 2572 δὲ
1627 2545 1700 2572 ἄλλοι
1713 2545 1743 2571 τὸ
1759 2545 1831 2580 ῥητὸν

1054 2591 1261 2627 ἑρμηνεύοντες,
1278 2594 1359 2627 φασὶν
1376 2594 1417 2619 ὅτι
1440 2594 1464 2619 οἱ
1482 2592 1623 2628 μέλλοντες
1639 2592 1776 2627 τελευτᾷν,
1789 2591 1829 2618 ἐὰν

1687 2672 1698 2688 ⁷
1710 2671 1775 2699 ihid.
1789 2670 1823 2698 59.

1054 2783 1116 2845 etilli
1134 2783 1223 2812 locum
1244 2783 1319 2811 illum
1337 2781 1513 2818 explicatzde
1528 2789 1583 2817 quo
1595 2781 1759 2816 interpretes
1770 2785 1830 2805 cuu-

1056 2827 1086 2845 5ll
1101 2827 1125 2845 0.

1056 2827 1125 2846 διιιε.
