1961 3046
94 140 158 169 585

413 140 596 168 ADVERSUS
615 139 787 168 HERESES
805 140 869 168 LIB.
889 140 898 168 1

955 139 1002 168 0M
1034 138 1065 168 ll.
1081 139 1257 167 -11ᾹΞΒΕΞ,
1279 138 1396 166 XXVIII.

1681 139 1734 168 586

92 197 153 227 ὦσι
170 200 381 236 κατηχούμενοι,
401 201 448 227 ἐπὶ
462 201 548 236 ταύτῃ
567 203 599 237 τῇ
614 201 702 228 ἐλπίδι
717 201 769 237 πρὸ
784 201 834 236 τῆς
850 210 891 228 τε-

952 201 1115 235 )αριὶιιιηιιιι·
1133 208 1181 233 pro
1197 200 1300 234 ipsis‘?
1323 199 1424 227 Verum
1446 200 1490 227 alii
1517 200 1660 228 commode
1683 201 1735 227 hoc

92 247 202 281 λευτῆς
216 247 331 282 λουτροῦ
347 246 548 279 καταξιοῦνται·
567 247 732 279 δεικνύντες,
751 248 792 274 ὅτι
813 248 826 274 ὁ
848 257 893 274 τε-

93 292 238 327 λευτήσας
255 293 303 318 καὶ
317 293 510 327 ἀναστήσεται,
526 292 573 319 καὶ
592 292 636 318 διὰ
655 291 735 318 τοῦτο
760 291 894 318 ἐπιδέεται

94 337 152 372 τῆς
167 337 212 363 διὰ
224 337 272 363 τοῦ
287 337 400 373 λουτροῦ
418 337 542 372 ἀφέσεως
554 338 769 373 ἁμαρτημάτων.
787 337 894 364 Τούτων

95 383 128 409 δὲ
144 384 171 410 οἱ
187 383 236 418 μὲν
249 384 294 410 τὸν
311 384 427 420 Χριστὸν
446 384 558 419 μηδέπω
577 384 725 420 ἐγηγέρθαι
740 383 894 419 κεκηρύχα-

97 438 156 461 σιν,
173 429 332 456 ἀνίστασθαι
351 430 379 456 δὲ
398 430 467 465 μετὰ
481 431 600 458 πάντωνο
617 432 642 457 οἱ
656 431 694 462 δὲ,
714 432 755 457 ὅτι
770 431 837 462 ὃλως
853 440 894 457 νε-

96 477 166 512 κροὶ
179 476 228 503 οὐκ
249 477 459 512 ἀναστήσονται.
475 477 520 503 Διὸ
538 470 621 512 μέσος
635 478 763 512 χωρήσας
781 478 795 503 ὁ
816 477 894 503 ’Λπό-

98 522 197 553 στολος
217 522 284 557 πρὸς
306 522 478 558 ἀμφοτέρους
494 522 605 554 τούτους
621 523 667 548 καὶ
681 522 731 555 τὰς
744 522 839 553 λοιπὰς
853 522 897 548 αἱ-

99 568 206 604 ρέσεις,
221 569 249 594 ὲν
263 570 296 603 τῇ
315 569 365 604 μιᾷ
382 568 498 604 ὲργασίςι⁴
515 569 565 604 τὴν
582 569 736 604 ἀνατροπὴν
750 568 895 603 πεποίηται

98 615 131 641 ὲν
156 616 190 649 τῇ
212 615 276 650 περὶ
296 615 400 650 νεκρῶν
426 615 583 646 ἀναστάσει,
610 615 657 641 καὶ
672 616 701 641 ὲν
718 617 777 646 ταῖς
795 623 897 649 μαρτυ-

100 661 190 696 ρίαις,
209 659 252 692 αἷς
268 662 338 688 κατὰ
354 661 507 696 λεπτότητα
523 661 639 694 διεξιὼν,
660 662 709 697 τὴν
723 661 834 696 βεϐαίαν
848 661 896 687 σύ-

100 714 201 733 στασιν
216 708 364 741 ἐποιήσατο
378 708 429 742 τῆς
450 707 504 734 τῶν
523 706 627 742 νεκρῶν
647 707 834 739 ἀναστάσεως,
850 706 897 733 καὶ

101 753 253 788 σωτηρίας,
278 754 326 779 καὶ
349 753 466 785 ἐλπίδος,
496 754 622 787 φάσκων·
641 754 688 780 Δεῖ
707 754 740 780 τὸ
765 753 897 788 φθαρτὸν

99 798 193 825 τοῦτο
219 799 405 826 ἐνδύσασθαι
430 799 613 833 ἀφθαρσίαν,
642 800 692 826 καὶ
721 799 754 825 τὸ
787 799 897 832 θνητὸν

101 843 194 871 τοῦτο
207 844 393 872 ἐνδύσασθαι
413 845 590 872 ἀθανασίαν·
607 845 654 872 καὶ
670 844 750 872 πάλιν
766 846 818 877 ὅτι,
830 847 897 878 Χρι-

945 246 1065 281 Apostoli
1078 246 1181 273 dictum
1202 246 1419 280 interpretantur
1433 247 1466 273 de
1490 245 1524 273 iis
1545 246 1591 281 qui
1616 247 1736 274 instante

946 296 1042 324 morte,
1067 292 1090 320 si
1112 291 1222 327 quidem
1242 291 1433 318 catechumcni
1455 292 1519 323 sint,
1547 299 1579 319 ea
1605 300 1652 326 spe
1673 291 1735 319 freti

946 345 1023 364 sacra
1039 337 1175 364 lavatiune
1192 341 1359 372 purgantur;
1376 344 1408 363 ac
1422 341 1545 364 mortuos
1559 341 1735 365 surrecturus

946 391 1006 411 esse
1023 383 1224 413 demonstrant,
1244 384 1279 410 ob
1301 383 1382 417 idque
1398 383 1598 410 condonatione
1615 384 1659 410 illa
1677 393 1735 411 see-

947 431 1043 462 lerum,
1061 437 1122 464 qua
1135 437 1184 464 per
1198 429 1363 464 baptismum
1377 429 1517 455 obtinetur
1534 429 1655 463 indigere
1684 429 1738 456 Sed

948 476 1055 502 illorum
1079 475 1123 502 alii
1151 475 1271 502 nondum
1300 474 1440 501 Christum
1465 475 1619 501 surrexisse
1638 475 1736 510 praedi-

946 525 1020 553 cant,
1036 529 1068 548 ac
1083 529 1143 548 cum
1168 522 1274 548 exteris
1297 521 1425 548 omnibus
1447 529 1508 548 esse
1529 528 1737 552 surrecturum:

947 567 992 594 alii
1007 572 1131 594 mortuos
1152 571 1326 594 surrecturos
1343 575 1463 601 unquam
1478 568 1603 595 funditus
1627 571 1737 603 negant.

947 613 1042 648 itaque
1063 613 1183 640 medium
1199 613 1335 648 quoddam
1351 614 1402 641 iter
1425 614 1566 649 ingressus
1590 614 1740 648 Apostolus

948 668 1010 687 cum
1037 663 1172 694 utrosque
1189 660 1260 691 illos,
1281 665 1337 686 tum
1362 660 1481 694 reliquas
1504 668 1598 688 omnes
1620 661 1739 688 hmreses

948 705 1041 732 eadem
1058 713 1141 740 opera
1157 706 1303 735 disturbat,
1323 713 1383 732 cum
1400 705 1433 732 de
1448 710 1619 733 mortuorum
1636 707 1739 733 excita-

948 752 1021 779 tione
1039 752 1171 786 disputat,
1196 755 1277 787 atque
1298 752 1432 786 ejusmodi
1461 753 1625 779 testimoniis
1642 754 1738 786 utitur,

948 797 1049 832 quibus
1061 797 1219 832 singillatim
1231 797 1363 832 expositis
1374 802 1546 824 mortuorum
1558 800 1739 826 resurrectio-

948 851 1021 876 nem,
1056 850 1088 869 ac
1116 843 1233 870 salutem
1261 847 1288 870 et
1310 851 1386 877 spem
1412 846 1535 870 nostrain
1565 844 1739 872 solidissimis

100 890 180 923 στὸς
203 890 357 925 ἐγήγερται
373 891 493 925 ἀπαρχὴ
510 890 569 917 τῶν
589 891 818 925 κεκοιμημένων,
846 891 895 917 ἵνα

952 889 1099 916 rationibus
1117 889 1270 920 confirmat,
1293 889 1334 915 his
1350 889 1463 916 verbis:
1482 889 1590 923 Oportet
1611 890 1659 917 hac
1680 900 1740 917 cor-

101 936 155 967 τὰς
186 936 343 972 ἀμφοτέρας
367 937 472 972 σχέσεις
491 936 546 963 τῶν
567 937 700 972 αἱρέσεων
722 936 844 970 ἐλέγξας,
865 937 895 963 τὸ

103 982 257 1016 ἁμόλυντον
271 983 320 1019 τῆς
334 982 506 1014 διδασκαλίας
523 983 653 1018 κήρυγμα
669 982 699 1014 ἐξ
714 981 843 1016 ἀληθείας
857 983 895 1007 6t-

103 1027 172 1063 δάξῃ
196 1028 258 1059 τοὺς
282 1027 460 1063 βουλομένους
483 1028 583 1055 εἰδέναι
604 1028 653 1062 τὴν
673 1027 720 1054 τοῦ
744 1027 811 1054 Θεοῦ
833 1027 897 1062 ἀλή-

105 1073 183 1100 θειαν
200 1075 248 1100 καὶ
262 1074 420 1110 σωτηριὼδη
436 1074 620 1101 διδασκαλίαν.

949 936 1071 969 ruptibile
1082 935 1188 962 induere
1206 936 1438 969 incorruptionem,
1459 940 1483 962 et
1499 936 1546 962 hoc
1566 937 1678 964 mortale
1699 939 1740 964 in-

949 982 1028 1008 duere
1041 982 1268 1008 inmortalitatem
1282 983 1309 1015 ’;
1325 990 1355 1009 ac
1368 990 1478 1010 rursum
1495 993 1501 1009 :
1518 983 1638 1011 Christus
1653 993 1741 1011 resur-

951 1028 1018 1055 rexit
1041 1029 1165 1062 primitiae
1185 1029 1402 1061 dormientium“,
1431 1035 1460 1056 ut
1485 1029 1626 1057 ambarum
1658 1030 1743 1057 hatre-

951 1082 1028 1101 scum
1050 1075 1280 1109 respondentibus
1299 1075 1349 1101 sibi
1371 1083 1404 1101 ex
1430 1075 1545 1102 adverso
1565 1076 1741 1110 opinionibus

104 1120 247 1147 convulsis
257 1127 349 1147 veram
368 1128 399 1147 ac
414 1120 549 1147 sinceram
565 1120 728 1148 Christianae
742 1120 803 1147 ﬁdei
829 1119 1002 1155 disciplinam
1037 1120 1072 1148 iis
1105 1120 1236 1153 traderet,
1255 1121 1301 1156 qui
1322 1120 1443 1148 divinam
1468 1122 1611 1149 veritatem
1638 1122 1742 1149 saluta-

103 1173 219 1201 rcmque
232 1166 386 1193 doctrinam
400 1166 500 1193 vellent
517 1167 666 1201 percipere.

142 1214 184 1241 II'.
202 1213 376 1249 Πανταχόθεν
399 1214 489 1241 τοίνυν
512 1214 636 1250 φωρατὸς
657 1215 689 1242 ἂν
702 1215 745 1250 εἴη
763 1214 897 1250 Κήρινθος

104 1261 189 1288 κοιὶοὶ
201 1261 248 1287 ἀπ’
263 1260 344 1286 αὑτοῦ
358 1260 553 1296 ἀπατηθέντες,
571 1262 595 1287 οί
610 1261 734 1293 τάλανες,
749 1261 794 1287 καὶ
809 1261 898 1292 ἀλλοις

105 1307 188 1332 αἴτιοι
199 1306 342 1340 γεγονότες
357 1306 504 1338 ἀπωλείας,
516 1307 571 1334 τῶν
583 1306 661 1333 θείων
671 1307 788 1342 Γραφῶν
803 1307 898 1341 σαφῶς

107 1353 123 1385 ἡ
128 1353 173 1386 μῖν
183 1351 254 1377 κατά
266 1351 419 1386 λεπτότητα
431 1360 464 1377 πε
469 1352 495 1386 pl.
503 1352 612 1378 πάντων
620 1352 714 1386 διηγου
719 1352 816 1387 μένων.
829 1351 898 1378 Οὔτε

106 1399 201 1433 γάρὲκ
212 1398 369 1433 σπέρματος
386 1398 484 1434 Ἰωσὴφ
493 1398 640 1433 ὁΧριστός·
651 1399 713 1425 ἐπεὶ
727 1398 786 1430 πῶς
797 1398 837 1425 ἔτι
850 1407 898 1434 ση-

109 1446 185 1479 μεῖον
201 1444 244 1479 εἴη
262 1444 292 1471 τὺ
307 1444 446 1480 γέννημα;
463 1445 552 1471 καὶτὸ
566 1445 641 1480 παρὰ
654 1445 693 1480 τῷ
710 1445 810 1480 Ἡσαΐᾳ
824 1446 900 1479 είρη-

109 1491 189 1525 μένον
198 1490 255 1522 πῶς
263 1491 303 1517 ἔτι
322 1491 537 1526 συσταθήσεται,
555 1491 590 1522 ὡς
605 1489 690 1517 εἶπεν·
707 1491 734 1517 Ἀ
740 1492 832 1523 ὺτὸςό
841 1491 902 1517 Κύ-

989 1211 1068 1246 115
1084 1210 1140 1238 VII.
1169 1211 1304 1244 Quocirca
1326 1211 1515 1246 deprehensus
1545 1214 1665 1249 undique
1693 1215 1744 1243 Ce-

951 1258 1060 1285 rintlms
1078 1265 1110 1284 ac
1126 1258 1269 1284 convictus
1285 1263 1404 1289 tenetur,
1422 1267 1475 1285 una
1495 1267 1556 1286 cum
1573 1260 1617 1293 iis,
1635 1262 1681 1295 qui
1696 1269 1744 1289 eo-

952 1305 1012 1332 dem
1036 1305 1063 1331 in
1083 1312 1177 1332 errore
1194 1309 1348 1336 versantur,
1371 1304 1495 1332 infelices
1518 1306 1642 1334 homines
1662 1313 1744 1343 atque

952 1351 1074 1385 ejusdem
1087 1358 1180 1378 secum
1193 1350 1268 1378 exitii
1285 1350 1346 1377 aliis
1362 1351 1474 1385 insuper
1489 1357 1625 1384 auctores,
1644 1354 1745 1389 quippe

952 1405 1014 1424 cum
1035 1398 1093 1423 haec
1109 1397 1200 1424 omnia
1217 1404 1303 1424 sacrm
1324 1397 1422 1424 litterae
1437 1399 1581 1433 perspicue
1603 1405 1744 1428 accurate-

953 1452 1007 1478 que
1026 1443 1105 1471 nobis
1127 1443 1282 1471 edisset-ant
1297 1453 1304 1470 :
1321 1450 1383 1470 nam
1406 1452 1496 1479 neque
1517 1445 1551 1472 de
1568 1445 1678 1482 Iosephi
1702 1455 1745 1474 se-

954 1491 1028 1518 mine
1040 1495 1122 1518 natus
1138 1495 1180 1518 est
1195 1490 1323 1518 Christus
1338 1500 1344 1517 :
1364 1491 1410 1526 qui
1427 1492 1499 1518 enim
1514 1492 1667 1526 prodigium
1682 1501 1745 1528 pos-

103 1545 171 1570 p:o¢
203 1536 293 1563 δώσει
315 1537 387 1571 ὑμῖν
405 1537 544 1572 σημεῖονῖ
567 1536 644 1564 Ἰδοὺ
661 1537 680 1571 ἡ
705 1535 852 1570 παρθένος
869 1537 898 1562 ὲν

955 1541 996 1564 set
1012 1537 1086 1564 illius
1106 1545 1167 1564 esse
1183 1538 1333 1572 generatio,
1359 1545 1391 1565 ac
1412 1538 1485 1572 quod
1508 1538 1542 1565 ab
1557 1538 1624 1565 Isaia
1640 1540 1742 1566 dictum

108 1582 215 1616 γαστρὶ
231 1582 302 1615 ἕξει,
321 1583 370 1609 καί
390 1583 506 1615 τέξεται
525 1583 602 1613 υἱὸν,
627 1583 675 1610 καὶ
690 1583 724 1609 τά
743 1582 824 1618 ὲξῆς;
839 1582 901 1613 Πῶς

109 1629 137 1654 δὲ
159 1629 199 1655 ἐτι
221 1629 432 1665 πληρωθήσεται
448 1629 479 1655 τὸ
500 1629 643 1665 εἰρημένον
667 1629 742 1664 παρὰ
758 1629 808 1664 τῆς
822 1628 901 1663 ἁγίας

110 1674 249 1710 Παρθένου
268 1675 336 1711 πρὸς
348 1676 393 1702 τὸν
408 1675 537 1711 Γαϐριὴλ·
558 1675 625 1708 Πῶς
641 1675 726 1702 ἔσται
744 1675 842 1706 τοῦτο,
857 1674 902 1701 ὅτι

109 1721 204 1755 ἄνδρα
218 1722 253 1748 οὺ
274 1722 428 1756 rte-dmum;
446 1722 493 1748 καὶ
517 1721 599 1748 αὑτοῦ
621 1722 754 1756 λέγοντος·
780 1722 902 1756 Πνεῦμα

110 1766 195 1801 ἅγιον
211 1767 405 1794 ἐπελεύσεται
416 1768 465 1794 ἐπὶ
482 1768 529 1799 σὲ,
550 1768 598 1794 καὶ
616 1767 742 1802 δύναμις
760 1768 901 1801 Ὑψίστου

109 1813 281 1840 ἐπισκιάσει
297 1822 356 1846 σοι,
384 1815 432 1840 καὶ
455 1813 490 1840 τὰ
511 1814 590 1849 ἐξῆς;
614 1815 676 1846 Πῶς
699 1814 727 1841 δὲ
750 1814 830 1841 πάλιν
852 1815 902 1841 οὐκ

111 1859 305 1894 ἐλεγχθήσεται
324 1860 414 1886 αὐτῶν
430 1861 446 1896 ἡ
461 1861 549 1893 ἂνοια,
564 1860 611 1887 τοῦ
626 1861 793 1895 Εὑαγγελίου
809 1861 901 1895 σαφῶς

110 1904 235 1939 λέγοντος
265 1906 316 1937 ὅτι,
338 1905 454 1939 Εὑρέθη
475 1906 509 1932 ἐν
529 1906 635 1940 γαστρὶ
657 1907 773 1941 ἔχουσα
792 1907 862 1940 πρὶν
881 1908 900 1941 ἢ

111 1952 271 1978 συνελθεῖν
281 1953 408 1984 adrade;
425 1953 503 1978 Ἔστι
517 1953 545 1978 δὲ
562 1953 662 1986 γνῶναι
675 1953 778 1987 σαςςῶς,
792 1953 832 1979 ὅτι
842 1952 901 1979 οὐδὲ

111 1998 178 2029 ὅλως
198 1998 336 2033 συνῆλθον.
350 1998 395 2033 Μὴ
417 1999 522 2032 γένοιτο
535 1999 590 2034 γὰρ
606 1998 685 2025 τοῦτο
700 1998 802 2024 εἰπεῖνί
826 1998 902 2024 Ἐπεὶ

111 2044 161 2070 οὐκ
179 2044 211 2070 ἂν
233 2044 300 2079 μετά
319 2045 435 2080 σταυρὸν
448 2045 504 2079 (95)
522 2045 645 2080 προενόει
667 2045 838 2080 παραθέσθαι
853 2045 901 2070 αὑ-

112 2090 159 2125 τὴν
181 2090 289 2126 Ἰωάννῃ
302 2090 341 2125 τῷ
357 2091 427 2126 ἁγίῳ
443 2091 582 2126 παρθένῳ,
598 2091 636 2123 ὡς
648 2091 731 2124 λέγει·
746 2090 802 2118 Ἴδε
813 2091 831 2124 ἡ
844 2090 902 2124 μή-

113 2147 166 2172 τηρ
182 2147 250 2165 σουι
266 2139 312 2165 καὶ
329 2141 363 2174 τῇ
381 2139 460 2174 αὐτῇ·
481 2139 541 2166 Ἴδε
559 2140 575 2163 ό
591 2140 655 2171 υἱός
670 2148 739 2166 σου.
757 2139 830 2166 Ἔδει
846 2140 902 2175 γάρ

114 2185 193 2212 αὐτὸν
217 2185 383 2221 παραδοῦναι
408 2185 493 2221 αὐτὴν
516 2187 571 2217 τοῖς
590 2187 675 2222 αὐτῆς
698 2187 867 2220 συγγενέσιν,

113 2234 168 2263 τοῖς
187 2232 291 2263 τέκνοις
314 2232 360 2258 τοῦ
382 2232 490 2268 Ἰωσὴφ,
510 2233 587 2268 εἴπερ
606 2231 675 2268 ἦσαν
693 2233 721 2266 ἐξ
737 2235 831 2268 αὐτῆς,
853 2235 902 2260 Ἰα-

115 2277 193 2312 κώϐῳ
208 2278 279 2312 φημὶ
293 2278 339 2304 καὶ
361 2278 438 2313 Ἰωσῇ
459 2278 505 2304 καὶ
527 2278 611 2314 Ἰούδᾳ
627 2279 673 2305 καὶ
684 2279 818 2313 Συμεῶνι,
833 2280 901 2311 υἱοῖς

114 2322 172 2350 οὖσι
185 2323 231 2350 τοῦ
251 2324 350 2358 Ἰωσὴφ
361 2324 417 2359 (96)
435 2324 489 2351 ἀπὸ
504 2325 554 2356 τῆς
572 2324 655 2359 ἄλλης
672 2325 811 2358 γυναικός.
834 2325 900 2351 Οὐδὲ

114 2370 177 2406 γὰρ,
199 2370 239 2396 ὅτι
264 2370 396 2406 κέχρηται
421 2372 454 2406 τῇ
478 2371 620 2406 Παρθένῳ,
645 2370 712 2402 ὅλως
731 2371 899 2406 εὑρίσκεται,

116 2416 182 2452 μετά
200 2416 228 2442 τὸ
243 2416 437 2451 γεγεννηκέναι
452 2417 467 2451 ἡ
485 2416 624 2452 Παρθένος
647 2416 791 2452 ἄχραντος.
822 2416 902 2442 Ἀλλά

115 2462 175 2497 περὶ
189 2461 291 2487 τούτων
306 2462 356 2496 ἠδη
372 2461 401 2487 ἐν
414 2460 486 2496 ἄλλῳ
502 2470 547 2496 μοι
567 2461 638 2496 λόγῳ
661 2461 754 2495 σαφῶς
776 2469 902 2496 πεπραγ-

117 2508 255 2542 μάτευται,
273 2508 318 2533 καὶ
336 2507 625 2542 πραγματευθήσεται.
641 2505 705 2533 Ὧδε
723 2507 751 2533 δὲ
767 2508 796 2533 ἐν
812 2507 900 2542 μέρει,

115 2555 149 2586 ὡς
166 2555 194 2581 ὲν
212 2553 389 2588 παρεκδρομῇ
406 2553 470 2588 περὶ
483 2553 533 2588 τῆς
547 2553 650 2579 τούτων
662 2553 816 2585 ὑποθέσεως
829 2553 901 2589 εἴρη-

154 2632 258 2659 ‘lCor.
273 2640 317 2662 xv.
331 2631 376 2658 29.

116 2672 126 2688 ⁸
140 2668 217 2696 Joan.
231 2676 287 2698 χιχ,
303 2668 348 2698 26,
360 2666 406 2693 27.

415 2633 426 2647 ²
443 2631 510 2658 ibid.
528 2631 573 2659 55.
622 2631 633 2647 ³
647 2630 713 2659 ibid.
732 2631 778 2658 20.

150 2726 204 2761 (93)
234 2727 312 2753 Ἐπεί
327 2727 382 2752 οὐκ
404 2725 442 2752 ἂν
460 2724 536 2761 μετὰ
561 2724 703 2761 Graviter.
725 2723 796 2750 Idem
821 2730 902 2761 argu:

117 2758 232 2788 mentum
250 2766 328 2796 urget
342 2758 476 2788 Adversus
495 2760 644 2787 Helvidium
661 2758 846 2793 Hieronymus
858 2768 864 2784 :

117 2797 189 2830 furor
206 2794 300 2827 ειιντιιις]
318 2802 342 2823 et
365 2797 392 2822 in
409 2797 545 2830 proprium
566 2795 676 2830 exitium
692 2802 764 2820 mens
779 2794 898 2820 vesana!

121 2832 186 2858 Dicis
207 2831 240 2858 ad
263 2840 366 2858 erucem
388 2829 496 2858 Domini
516 2835 627 2857 matrem
645 2829 702 2864 ejus
719 2830 801 2862 fuisse
826 2837 897 2863 pra:-

118 2872 221 2894 tentcm.
251 2867 324 2894 Dicis
345 2867 445 2894 λοοηηὶ
469 2866 599 2901 discipulo
626 2864 658 2892 ob
685 2865 853 2897 viduitatem,
873 2869 898 2891 et

884 2188 938 2238 ἧι)

831 2631 842 2646 ⁸
859 2631 913 2658 Isa.
927 2638 976 2663 vn,
993 2630 1036 2656 M.

952 1586 994 1610 est
1006 1583 1115 1617 probari
1128 1583 1241 1609 omnino
1257 1588 1349 1618 posset
1359 1592 1366 1611 :
1378 1583 1506 1610 Dominus
1521 1585 1574 1618 ipse
1585 1584 1657 1611 dabit
1673 1585 1744 1612 vobis

952 1629 1056 1664 signant
1070 1638 1076 1657 :
1091 1628 1158 1656 Ecce
1172 1630 1244 1664 virgo
1262 1630 1398 1664 concipiet.
1411 1636 1435 1656 et
1449 1630 1534 1663 pariet
1546 1630 1631 1664 [ilium
1642 1631 1661 1662 ³,
1671 1632 1744 1659 ctc.?

952 1675 1076 1708 Quanam
1089 1683 1153 1703 vero
1169 1677 1274 1703 ratione
1287 1676 1379 1710 perﬁci
1391 1677 1490 1710 poterit
1506 1677 1583 1709 illud,
1597 1677 1670 1712 quod
1687 1677 1743 1704 Ga-

952 1720 1031 1747 bricli
1051 1720 1134 1755 Virgo
1150 1721 1322 1748 sanctissima
1336 1721 1404 1747 dixit
1420 1731 1426 1748 :
1443 1721 1580 1754 Quomodo
1601 1723 1645 1757 ﬁet
1660 1723 1743 1753 istud,

951 1767 1077 1802 quoniam
1099 1768 1184 1794 virum
1200 1775 1251 1793 non
1267 1775 1393 1802 cognosco
1404 1767 1435 1793 ⁵⁸1
1449 1768 1492 1795 cui
1513 1767 1557 1795 ille
1580 1769 1721 1803 respondit
1735 1777 1741 1795 :

953 1812 1070 1847 Spiritus
1087 1819 1195 1840 sanctus
1208 1814 1368 1847 superueniet
1383 1814 1409 1840 in
1426 1818 1460 1845 te,
1476 1819 1499 1840 et
1516 1815 1599 1841 virtus
1611 1816 1745 1842 Altissimi

953 1859 1120 1886 obumbrabit
1138 1860 1211 1891 tibi“,
1225 1860 1292 1886 etc.?
1302 1859 1398 1887 Nonne
1415 1860 1523 1887 illorum
1540 1869 1614 1888 exeo
1631 1862 1744 1889 stultitia

954 1905 1033 1933 facile
1049 1907 1233 1936 convincitur.
1249 1907 1320 1942 quod
1337 1907 1440 1934 diserte
1463 1908 1490 1934 in
1510 1907 1656 1943 Evangelia
1676 1909 1744 1936 scri-

953 1957 1028 1986 ptum
1049 1957 1110 1980 est:
1128 1951 1239 1979 Inventa
1264 1957 1303 1979 est
1327 1953 1354 1979 iu
1370 1958 1445 1980 utero
1476 1953 1573 1980 [tabem
1603 1959 1744 1989 antequam

953 1998 1119 2024 convenirent
1135 1999 1166 2024 ’ζ’
1181 1998 1249 2025 lllttd
1271 2003 1361 2025 autem
1386 1998 1571 2025 Certissimum
1605 2003 1655 2031 est,
1674 2007 1743 2026 nun-

952 2052 1034 2078 quam
1055 2044 1115 2071 illos
1135 2045 1248 2071 omnino
1266 2044 1439 2072 convenisse.
1465 2043 1544 2071 Absit
1567 2045 1640 2072 enim
1666 2050 1696 2072 ut
1717 2045 1744 2072 id

953 2098 1072 2124 unquam
1089 2091 1222 2118 dicamus!
1245 2090 1353 2124 Alioqui
1370 2097 1431 2117 cum
1453 2090 1480 2117 in
1498 2098 1581 2118 cruce
1601 2091 1742 2125 penderet,

953 2145 1005 2164 non
1024 2142 1120 2164 sancto
1137 2136 1247 2169 Joanni,
1263 2137 1309 2171 qui
1327 2141 1353 2163 et
1376 2137 1434 2171 ipse
1452 2136 1634 2172 virginitatem
1655 2146 1746 2165 servae

954 2185 1002 2215 vit,
1026 2189 1141 2211 matrem
1165 2183 1368 2210 commendaret
1381 2191 1470 2215 suam,
1498 2191 1560 2210 cum
1580 2184 1615 2210 ita
1637 2184 1746 2211 locutus

953 2234 1019 2257 est:
1039 2229 1103 2256 Ecce
1133 2234 1218 2256 mater
1245 2235 1302 2256 tua.
1335 2229 1368 2255 Et
1393 2229 1466 2255 illam
1491 2229 1652 2264 alloquens:
1678 2229 1745 2257 Ecce

953 2277 1028 2310 ﬁlius
1045 2281 1104 2302 tuus
1115 2276 1135 2302 ".
1155 2275 1232 2302 lianc
1255 2275 1326 2301 enim
1346 2276 1387 2302 vel
1402 2275 1526 2309 cognatis
1544 2276 1601 2302 suis
1617 2276 1744 2302 commit-

945 2318 1009 2349 tere
1028 2322 1160 2356 oportuit,
1182 2321 1223 2348 vel
1239 2319 1348 2355 Josephi
1371 2321 1474 2351 liberis,
1497 2321 1519 2347 si
1540 2329 1609 2355 quos
1630 2330 1663 2348 ex
1685 2322 1743 2356 ipsa

953 2369 1114 2399 sustulerat,
1130 2372 1194 2402 puta
1209 2366 1320 2398 Jacnbo,
1336 2366 1411 2398 Jose,
1430 2366 1514 2398 Iudte,
1530 2367 1660 2398 Simeoni,
1674 2376 1745 2403 quos

952 2415 1088 2449 Joscphus
1111 2415 1162 2440 alia
1185 2422 1218 2441 ex
1235 2420 1319 2440 uxore
1346 2418 1487 2447 genuerat.
1507 2413 1600 2448 Neque
1625 2414 1697 2440 enim
1713 2414 1746 2440 il-

957 2462 1010 2488 lum
1026 2469 1087 2487 cum
1106 2460 1190 2487 Maria
1208 2460 1385 2487 consuevisse
1409 2460 1463 2486 ullo
1483 2460 1562 2486 modo
1579 2461 1742 2494 reperimus,

957 2511 1134 2542 posteaquam
1151 2506 1310 2540 incorrupta
1328 2505 1371 2531 illa
1389 2509 1415 2532 et
1432 2505 1587 2532 castissima
1604 2504 1686 2540 Virgo
1698 2513 1743 2540 pe-

956 2553 1037 2587 perit.
1057 2551 1157 2578 Verum
1173 2551 1207 2578 de
1220 2551 1263 2578 his
1277 2551 1330 2577 alio
1345 2551 1371 2577 in
1389 2551 1458 2577 libro
1474 2555 1603 2578 accurate
1615 2551 1744 2578 tractavi-

1324 2629 1334 2644 ⁶
1345 2627 1411 2655 ibid.
1430 2628 1475 2655 55.

1089 2629 1099 2644 ⁸
1114 2627 1181 2656 Luc.
1197 2632 1216 2660 ι,
1231 2629 1275 2656 54.
1324 2629 1334 2644 ⁶
1345 2627 1411 2655 ibid.
1430 2628 1475 2655 55.
1531 2628 1541 2644 '
1557 2627 1651 2655 Matth.
1667 2629 1744 2661 t,18.

955 2722 1125 2749 solitudinem
1140 2721 1363 2753 commendatam,
1381 2723 1458 2756 quasi
1478 2723 1559 2757 juxta
1580 2727 1603 2749 te
1624 2731 1675 2749 non
1696 2722 1746 2748 Ita-

955 2759 1024 2785 beret
1048 2762 1162 2792 qualiter
1187 2757 1273 2788 ﬁlios,
1296 2762 1320 2783 et
1342 2758 1493 2784 innumeras
1515 2759 1604 2792 ﬁlias,
1633 2766 1745 2791 quarum

954 2793 1085 2820 consortio
1101 2793 1245 2826 frueretur.
1265 2793 1326 2820 Vid.
1348 2793 1464 2828 August.
1484 2795 1530 2820 lib.
1547 2801 1554 2819 ι
1577 2793 1614 2819 De
1636 2800 1699 2826 nup.
1719 2797 1744 2819 et

953 2837 1074 2862 concup.,
1089 2836 1119 2855 ca
1126 2837 1150 2863 p.
1172 2828 1198 2863 I_I
1207 2847 1213 2853 .

989 2864 1044 2900 (96)
1069 2861 1146 2896 Υίοῗς
1162 2861 1232 2890 οὖσι
1252 2862 1306 2890 τοῦ
1325 2863 1446 2898 Ἰωσήφ.
1464 2862 1532 2891 Vide
1549 2863 1615 2890 Inter.
1628 2870 1742 2891 novin.
