1961 3046
124 164 177 193 397

442 162 627 191 ADV'ERSUS
647 160 817 190 H/ERESES
834 160 899 188 LIB.

973 160 1032 188 OM.
1054 160 1084 188 ΙΙ.
1097 177 1131 182 -
1149 161 1287 189 ΗᾸΞΒΕΞ.
1307 161 1404 189 XXIX.

1704 161 1754 189 398

126 225 192 259 πρὶν
207 224 255 250 τοῦ
278 223 416 251 καλεῖσθαι
436 223 595 260 Χριστιανοὶ
616 223 641 250 οἱ
667 223 708 254 εις
729 221 846 258 Χριστὸν
870 229 918 247 πε-

973 220 1075 255 delapsi
1094 228 1201 253 sumus,
1221 224 1252 247 ut
1265 219 1403 248 reddenda
1419 227 1502 247 causa
1518 219 1598 247 nobis
1610 223 1693 250 esset.
1707 227 1754 248 cut

127 271 314 301 πιπευκοτες,
335 269 429 296 τούτου
452 269 533 296 ἓνεκα
561 268 683 304 ἔφημεν,
703 267 744 294 ὄτι
771 268 785 294 ὁ
816 267 914 294 Ἰεσσαὶ

128 315 222 350 πατὴρ
234 315 337 349 γίνεται
349 314 396 341 τοῦ
410 314 500 341 Δαϐίδ.
517 315 571 341 Καὶ
590 315 649 350 ἦτοι
659 313 707 341 τοῦ
730 313 838 345 Ἰεσσαὶ,
855 313 914 348 ἦτοι

128 363 160 388 ἐκ
174 361 219 388 τοῦ
233 361 362 396 ὀνόματος
388 360 475 396 Ἰησοῦ
492 361 538 387 τοῦ
556 360 658 396 Κυρίου
671 360 749 395 ἡμῶν
767 359 916 394 ἐπεκλήθη-

128 416 177 434 σαν
199 407 337 437 Ίεσσαῖοι,
358 406 402 433 διὰ
423 406 454 432 τὸ
471 406 501 439 ἐξ
526 405 613 441 Ἰησοῦ
636 405 772 441 ὁρμᾶσθαι
796 404 915 440 μαθηταὶ

125 453 202 485 ιντες
215 452 307 484 αὑτοῦ,
320 452 336 487 ἢ
354 452 398 478 διὰ
419 451 451 478 τὸ
467 451 517 486 τῆς
530 450 708 487 ἐτυμολογίας
722 449 770 477 τοῦ
784 450 914 485 ὀνόματος

127 499 175 526 τοῦ
198 499 312 535 Κυρίου.
335 497 437 533 Ἰησοῦς
459 497 514 533 γὰρ
536 497 607 524 κατὰ
625 496 675 533 τὴν
697 495 842 532 Ἐὁρσῖκὴν
863 495 916 522 διά-

126 543 222 570 λεκτον
235 541 405 578 θεραπευτὴς
418 541 549 574 καλεῖται,
565 542 624 577 ἦτοι
640 541 732 577 ἰατρδς
749 540 795 568 καὶ
812 541 914 575 σωτήρ.

128 585 224 620 Ὅμως
230 586 319 621 τούτῳ
326 585 365 621 τῷ
377 585 499 621 ὀνόματι,
507 586 572 621 πρὶν
579 585 625 612 τοῦ
634 584 812 621 Χριστιανοὺς
819 585 917 616 αὐτοὺς

129 632 280 664 καλεῖσθαι,
299 632 349 667 τὴν
372 632 531 668 ἐπωνυμίαν
548 632 703 667 ἐκέκτηντο.
724 630 791 658 Ἀπὸ
817 631 919 657 Ἀντιοι

128 677 204 713 χείας
220 677 259 709 δὲ,
273 677 398 713 καθάπερ
410 677 466 704 ἄνω
478 677 700 713 ἐπεμνήσθημεν,
715 676 752 709 ὡς
763 675 820 712 ἔχει
839 677 855 711 ἡ
869 677 919 712 τῆς

129 721 260 757 ἀληθείας
272 722 410 754 ὑπόθεσις,
433 722 550 758 ἤρξαντο
567 723 591 749 οἱ
613 721 734 758 μαθηταὶ
747 722 793 749 καὶ
813 722 888 749 πᾶσα
900 723 918 758 ἡ

135 769 283 805 Ἐκκλησία
303 769 350 796 τοῦ
367 769 435 796 Θεοῦ
450 770 608 805 Χριστιανοὶ
627 768 776 796 καλεῖσθαι.

969 266 988 293 ii
1006 266 1054 301 qui
1076 267 1187 294 Christo
1209 275 1310 294 nomen
1331 266 1474 298 dederam,
1493 266 1653 301 priusquam
1674 266 1754 293 Chri-

969 312 1123 340 stianorum
1139 320 1237 341 nomen
1251 317 1344 340 essent
1356 313 1460 347 adepti,
1473 312 1568 340 Jessaai
1581 316 1755 344 vocarentur,

967 357 1072 385 idcirco
1089 359 1247 386 monuimus
1262 358 1394 386 Jessaeum
1412 357 1525 386 Davidis
1538 362 1642 393 patrem
1661 358 1755 386 fuisse.

969 404 1026 431 Aut
1040 404 1074 431 ab
1091 404 1138 432 illo
1155 405 1240 440 igitur
1253 404 1349 437 Jessaa,
1365 407 1412 431 aut
1427 412 1442 431 a
1456 404 1520 431 Jesu
1531 404 1634 432 Christi
1650 404 1756 432 Domini

970 451 1059 478 nostri
1076 451 1258 486 appellatione
1272 450 1438 479 Jessreorum
1452 458 1550 477 nomen
1562 450 1756 478 obtinuerunt:

970 497 1042 532 quod
1059 497 1094 525 ab
1112 497 1177 526 Jesu
1203 497 1348 533 disciplina
1371 497 1503 532 profecti,
1521 497 1700 533 ejusdemque
1716 496 1756 523 di-

970 543 1069 578 scipuli
1086 543 1194 578 forent;
1215 548 1262 571 aut
1279 543 1345 571 illud
1361 543 1480 579 denique
1496 551 1530 571 ex
1543 543 1685 571 notatione
1699 543 1757 578 ipsa

970 588 1101 620 nominis,
1117 597 1172 624 quo
1183 588 1317 617 Dominus
1330 594 1446 618 vocatus
1460 594 1513 622 est,
1529 590 1664 626 originem
1677 597 1757 616 acce.

969 633 1018 669 pit.
1029 633 1111 662 Jcsus
1123 635 1196 662 enim
1210 634 1344 663 Hebraice
1361 641 1525 668 curatorem,
1545 635 1598 663 hoc
1612 639 1655 663 est
1671 634 1756 661 medi-

971 687 1034 706 cum
1045 687 1077 708 ac
1088 687 1254 708 servatorem
1271 680 1418 716 signiﬁcat.
1434 681 1574 716 Quidquid
1590 680 1635 713 sit,
1651 684 1757 707 constat

973 732 1008 752 eo
1031 726 1152 758 nomine,
1168 728 1329 762 priusquam
1351 727 1501 755 Christiani
1517 730 1694 757 vocarentur,
1712 734 1757 760 ap-

971 771 1085 806 pellatos
1100 771 1197 800 fuiSSe.
1220 772 1310 807 Atque
1329 772 1363 800 ab
1382 773 1449 800 urbe
1470 773 1579 800 demutn
1603 771 1758 801 Antiochia,

131 815 169 843 uti
192 823 275 850 supra
296 815 482 849 meminimus,
503 815 625 851 adeoque
635 815 693 851 ipsa
725 815 765 843 rei
785 814 886 842 veritas
908 817 1079 851 comprobat,
1096 825 1159 844 cum
1175 816 1300 852 discipuli
1316 818 1378 853 ipsi,
1393 823 1450 845 tum
1465 818 1554 845 omnis
1567 817 1689 845 Ecclesia
1710 815 1758 843 Dei

127 863 348 891 Christianorum
361 863 494 891 vocabulo
509 864 718 899 comprehensa.

168 909 206 937 E’.
227 910 324 945 Εῢροις
348 909 371 936 δ’
387 909 430 941 ἂν,
444 906 468 936 ὣ
488 909 610 944 φιλολόγε
626 910 676 945 (6),
694 909 742 936 καὶ
761 909 855 936 τούτου
871 909 921 944 τὴν

1007 914 1040 942 ν.
1066 915 1145 949 Quod
1171 917 1280 952 quidem
1307 921 1498 949 argumentum
1514 916 1625 944 uberius
1652 920 1759 952 pertra-

128 955 268 985 ΰπόθεσιν,
293 954 411 989 ἐντυχὼν
433 955 490 986 τοῖς
512 954 559 981 τοῦ
580 954 697 986 Φίλωνος
713 955 916 990 ὑπομνήμασιν,

128 1003 160 1028 ὲν
182 1003 215 1037 τῇ
244 1001 308 1037 περὶ
331 1000 470 1027 Ἰεσσαίων
497 1001 580 1028 αὐτοῦ
601 1001 807 1037 ἐπιγραφομένῃ
825 1001 917 1036 βίϐλῳ,

129 1047 161 1079 ὃς
176 1047 278 1073 τούτων
301 1046 351 1082 τὴν
372 1046 509 1074 πολιτείαν
536 1047 583 1074 καὶ
605 1047 639 1074 τὰ
661 1046 785 1083 ἐγκώμια
802 1046 918 1080 διεξιὼν,

130 1094 180 1121 καὶ
199 1093 234 1120 τὰ
249 1093 339 1120 αὐτῶν
360 1093 528 1128 μοναστήρια
550 1093 579 1119 ἐν
600 1094 631 1128 τῇ
655 1091 726 1119 κατὰ
745 1093 794 1128 τὴν
811 1093 919 1128 Μαρίαν

130 1139 215 1177 λίμνῃ
238 1138 352 1175 ἱστορῶν
362 1138 522 1174 περιοικίδι,
545 1138 575 1164 οὺ
601 1138 665 1174 περί
687 1143 767 1165 τινων
786 1138 888 1174 ἐτέρων
906 1139 920 1164 ὁ

131 1185 201 1221 ἀνὴρ
223 1185 376 1220 ἱστόρησεν,
401 1183 468 1211 ἀλλὰ
486 1184 550 1220 περὶ
565 1183 746 1219 Χριστιανῶν.
763 1179 847 1215 Οὗτος
866 1183 920 1219 γὰρ

131 1231 277 1267 γενόμενος
291 1231 320 1258 ἐν
338 1232 371 1266 τῇ
393 1229 480 1266 χώρᾳ,
496 1229 649 1266 Μαρεώτην
664 1229 692 1256 δὲ
707 1230 753 1256 τὸν
773 1229 854 1256 τόπον
871 1237 919 1256 κα-

132 1278 219 1308 λοῦσι,
234 1277 282 1304 καὶ
304 1275 450 1311 καταχθεὶς
473 1277 539 1311 παρ’
562 1276 653 1307 αὐτοῖς
664 1275 694 1302 ἐν
708 1277 764 1307 τοῖς
782 1274 853 1302 κατὰ
876 1275 920 1301 τὸν

133 1323 224 1360 χῶρον
237 1322 331 1349 τοῦτον
355 1322 546 1358 μοναστηρίοις
567 1320 715 1356 ὠφέληται.
743 1321 787 1348 Ἐν
803 1320 921 1356 ἡμέραις

133 1370 190 1405 γὰρ
204 1369 258 1396 τῶν
273 1369 388 1404 Πάσχων
405 1369 463 1395 ἐκεῖ
484 1368 639 1403 γενόμενος.
655 1368 704 1399 τάς
718 1375 747 1394 τε
759 1367 849 1394 αὐτῶν
871 1375 921 1393 πο-

133 1416 235 1447 λιτείας
251 1415 391 1447 ἐθεάσατο,
409 1415 456 1441 καὶ
478 1413 515 1446 ὥς
533 1422 605 1445 τινες
619 1413 754 1448 ἐὸδομάδα
769 1413 817 1449 τὴν
842 1412 921 1446 ἁγίαν

133 1463 189 1490 τῶν
214 1463 328 1497 Πάσχων
355 1460 560 1497 ὑπερτιθέμενοι
573 1460 716 1492 διετέλουν,
737 1459 811 1486 ἄλλοι
827 1459 855 1486 δὲ
878 1459 922 1486 διὰ

133 1509 181 1540 δύο
193 1509 340 1540 ἐσθίοντες,
357 1507 431 1534 ἄλλοι
448 1506 476 1533 δὲ
494 1507 541 1534 καὶ
553 1505 614 1533 καθ’
629 1505 758 1541 ἑσπέραν.
773 1503 827 1532 Ἦν
841 1505 869 1532 δὲ
883 1505 922 1540 τῷ

134 1555 212 1592 ἀνδρὶ
231 1555 319 1582 πάντα
335 1553 421 1581 ταῦτα
441 1552 712 1589 πεπραγματευμένα
734 1552 773 1584 είς
791 1553 842 1588 τὴν
857 1553 921 1587 περὶ

135 1601 254 1633 πίστεώς
267 1610 296 1627 τε
314 1600 360 1627 καὶ
376 1599 512 1631 πολιτείας
525 1599 578 1626 τῶν
595 1598 765 1634 Χριστιανῶν
780 1597 918 1625 ὑπόθεσιν.

141 1649 185 1681 Ὠς
209 1646 255 1675 οὖν
270 1648 330 1674 τότε
347 1645 492 1673 ἐκαλοῦντο
522 1646 654 1678 Ἰεσσαῖοι,
672 1644 716 1671 ἐπ’
735 1644 817 1679 ὀλίγῳ
833 1644 920 1680 χρόνῳ

137 1695 205 1732 μετὰ
226 1695 275 1730 τὴν
298 1693 432 1728 ἀνάληψιν
452 1692 500 1719 τοῦ
528 1692 665 1728 Σωτῆρος,
691 1692 737 1718 καὶ
759 1691 874 1727 Μάρκου
887 1692 919 1726 τῇ

135 1742 189 1768 τῶν
202 1739 357 1775 Αἰγυπτίων
371 1738 448 1774 χώρᾳ,
461 1737 638 1773 κηρύξαντος,
651 1736 722 1763 κατὰ
735 1736 799 1768 τοὺς
810 1735 921 1772 χρόνους

135 1788 208 1819 τινὲς
225 1785 399 1821 ἐξεληλύθασι
416 1784 506 1815 πάλιν,
525 1783 580 1810 τῶν
596 1782 752 1810 ἀποστόλων
766 1782 845 1817 δῆθεν
858 1783 922 1809 ἀκό-

135 1833 236 1865 λουθοι,
253 1832 324 1867 λέγω
340 1831 368 1858 δὲ
394 1831 418 1857 οἱ
444 1828 562 1857 ἐνταῦθά
589 1837 633 1865 μοι
648 1828 806 1864 δηλούμενοι
827 1829 923 1860 Ναζω-

137 1881 223 1917 ραῖοι,
242 1879 317 1910 ὅντες
341 1878 391 1912 μὲν
410 1876 479 1903 κατὰ
502 1876 532 1902 τὺ
552 1875 630 1910 γένος
659 1876 789 1908 Ἰουδαῖοι,
814 1875 860 1901 καὶ
884 1875 922 1910 τῷ

137 1971 185 1999 καὶ
207 1969 376 2007 Garum-ari};
407 1968 590 2007 πνευμάτων..
606 1967 673 2007 Quae
695 1968 786 2007 omnia
809 1968 924 2007 comiter

137 2003 296 2041 accipienda
311 2003 386 2036 sunt,
400 2012 460 2041 non
472 2009 502 2031 ut
514 2003 549 2041 ab
567 2003 696 2041 lécaoeat
713 2003 922 2041 dedttctum_':05

144 2038 231 2077 ’1ησοῦ
249 2041 418 2077 vocabulu:n_
435 2039 553 2066 dixerint
577 2038 681 2070 Patres,
697 2038 750 2077 sed
768 2043 796 2077 ut
813 2039 925 2066 notione

138 2073 384 2111 ac'signiﬁcatione
398 2073 522 2102 Gracum
537 2081 638 2101 nomen
653 2081 715 2101 eum
730 2073 842 2101 Hebrmo
857 2080 925 2101 con-

137 2113 231 2140 venire
243 2111 440 2138 demonstrent.

175 2147 213 2181 (6)
233 2146 339 2180 Εῦροις
356 2145 384 2181 ῥ’
398 2141 488 2181 ἂν·κῶ
499 2145 655 2181 φιλολόγξ.
678 2143 747 2181 Hinc
770 2143 924 2181 illm_lacry-

138 2178 333 2215 mae'Scri'psit
356 2179 432 2206 Philo
453 2178 564 2206 Jud’azus
580 2178 740 2209 de'Esszeis.
757 2179 799 2206 vel
812 2178 924 2215 Essen’is

138 2218 223 2244 libros
239 2214 483 2250 aliquot.Quor_um
499 2214 747 2250 unusrinscribitur
762 2223 768 2240 :
784 2214 851 2249 Περὶ
865 2214 922 2250 τοῦ,

137 2253 228 2279 πάντα
255 2247 397 2277 στέουδαῖον
417 2247 488 2276 εἶναι
510 2249 663 2284 ἐλεύθερον·
681 2250 762 2282 alius,
781 2247 848 2284 Περὶ
867 2249 924 2284 βίου
942 2253 965 2281 ι)

138 2286 317 2323 θεωρητικοῦ,
332 2285 349 2320 ἢ
365 2285 473 2323 Ίκετῶν
492 2284 607 2320 ἀρετῶν.
628 2284 658 2323 In
677 2285 710 2312 iis
732 2285 786 2311 duo
807 2284 925 2323 E_ssenof

139 2319 200 2350 rum
222 2319 320 2357 genera
342 2319 484 2357 constituit
499 2319 605 2357 :unnm
626 2319 679 2346 τῶν
694 2321 864 2357 πρακτικῶν,
877 2320 924 2354 qui

139 2358 167 2385 in
179 2355 286 2393 oppidis
296 2356 424 2393 socialem
437 2356 520 2393 vitam
533 2355 691 2393 instituunt,
705 2355 924 2393 nuptiarumevj

138 2389 244 2428 penes;
256 2390 438 2428 alterumsﬂw
450 2389 635 2428 θεωρητικῶν,
646 2390 692 2428 qui
701 2390 924 2428 contemplationi

140 2425 213 2455 totos
223 2435 284 2455 sese
295 2426 472 2457 tradiderant,
482 2432 513 2451 ac
523 2425 618 2459 procul
636 2425 670 2452 ab
688 2425 792 2452 urbano
809 2426 924 2460 strepitu

141 2465 169 2490 in
185 2463 271 2498 agris,
289 2461 487 2498 ac_prtesertim
500 2460 730 2498 ad_Mareotidem.
748 2460 776 2487 in
790 2461 925 2498 gsuvstot;

138 2503 166 2526 et
182 2494 373 2534 μῦναστηρίρις
387 2494 693 2534 degerent.__Pos_tren_i_os
708 2495 775 2523 istos
790 2494 925 2534 Eusebius

138 2529 312 2562 Christianos
337 2529 553 2557 fuisse’credidit
571 2531 617 2557 lib.
640 2529 742 2557 Hister.
757 2538 787 2562 ll,
801 2537 861 2565 cap.
880 2531 923 2563 Η,

138 2569 288 2602 eademque
311 2565 467 2602 Eiet-onynii
482 2569 696 2600 caaterorumque
705 2564 817 2602 Patrum
833 2564 925 2600 opinio

140 2605 201 2635 l'uit,
217 2600 300 2638 quam
315 2600 485 2638 Epiphanius
507 2605 619 2638 secutus
634 2600 755 2638 est._S§d
774 2601 830 2638 hoc
841 2609 925 2638 unum

139 2639 214 2666 addit
225 2635 258 2664 ex
275 2637 444 2670 conjectura.
457 2635 573 2662 Jesszeos
592 2636 655 2663 illos
670 2636 704 2663 ab
717 2635 803 2663 Jessaa
816 2635 925 2663 Davidis

139 2679 216 2708 patre
229 2673 394 2708 nominatos.
408 2670 485 2708 Quod
498 2675 665 2705 postremum
678 2671 769 2708 minus
778 2671 926 2708 verisimile

140 2705 216 2744 pulo.
233 2707 324 2742 Neque
336 2705 542 2744 enim,_opi_nor,
555 2713 670 2744 usquam
686 2706 794 2744 legilﬁur,
808 2705 925 2744 Jessteo-

140 2741 200 2770 rum
219 2741 316 2769 nomen
332 2741 495 2769 Christianis
508 2741 680 2770 attributum.
696 2746 724 2768 et
738 2741 924 2774 Esswosillos,

140 2787 195 2806 non
210 2778 326 2805 Jessaeos
342 2784 357 2802 a
374 2776 487 2803 Philone
499 2776 650 2810 appellatos
665 2783 727 2803 esse
742 2781 860 2804 constat.
877 2777 926 2804 Sa-

140 2822 175 2841 ne
194 2814 218 2842 si
233 2812 327 2840 Jessaei
344 2819 463 2846 unquam
480 2810 628 2838 Christiani
644 2812 733 2838 vocati
751 2816 825 2843 sum.
849 2813 927 2838 mut-

139 2853 198 2877 tum
227 2848 253 2875 id
277 2848 310 2887 ad
334 2850 470 2887 receptam
486 2846 572 2887 illam“
584 2853 615 2872 ac
634 2850 752 2873 veterem
767 2847 925 2887 opinionem

140 2883 349 2912 asseverandam
366 2881 457 2915 faciet,
478 2889 538 2916 qua:
553 2880 707 2909 Essatorum
720 2880 831 2910 nomine
844 2882 924 2909 Chri-

969 963 1085 993 ctatum,
1102 961 1228 996 quisquis
1241 969 1271 989 es
1286 961 1427 989 studiosus
1444 961 1472 988 in
1485 961 1607 989 Phil0nis
1619 969 1760 990 commen-

970 1006 1048 1034 tariis
1060 1007 1194 1039 invenies,
1213 1014 1301 1042 eoque
1314 1007 1385 1035 libro
1397 1015 1476 1042 quem
1492 1008 1526 1035 de
1534 1007 1645 1036 Jesszis
1660 1008 1760 1035 inscri-

969 1052 1042 1086 psit:
1062 1053 1108 1080 ubi
1122 1053 1230 1080 illorum
1246 1054 1310 1080 vitae
1319 1053 1505 1088 disciplinam,
1520 1060 1552 1080 ac
1571 1053 1706 1088 praeconia
1718 1061 1760 1080 ce-

970 1097 1091 1130 lebrans,
1109 1106 1260 1133 eorumque
1281 1100 1459 1132 monasteria,
1482 1105 1542 1134 qua:
1557 1099 1591 1126 ad
1608 1098 1759 1127 Marianam

970 1143 1097 1179 paludem
1111 1144 1326 1180 circumquaque
1340 1145 1430 1180 posita
1446 1149 1511 1173 sunt
1521 1145 1690 1179 describens,
1704 1154 1759 1173 non

971 1189 1005 1216 de
1019 1189 1083 1217 aliis
1103 1189 1179 1224 ullis,
1196 1197 1278 1225 quam
1294 1190 1329 1218 de
1352 1190 1521 1219 Christianis
1548 1191 1601 1219 ista
1627 1193 1758 1219 narravit.

970 1233 1038 1261 Nam
1054 1243 1116 1262 cum
1133 1242 1193 1263 eam
1215 1236 1355 1271 regionem
1380 1236 1525 1264 lustrasset
1546 1236 1692 1272 (Mareotes
1715 1237 1761 1264 bic

970 1279 1052 1314 vulgo
1069 1279 1146 1307 locus
1161 1279 1281 1315 dicitur)
1297 1285 1378 1315 atque
1391 1281 1425 1308 ad
1439 1281 1526 1316 ipsos,
1538 1289 1688 1316 eorumque
1701 1289 1760 1309 mo-

972 1324 1093 1352 nasteria
1111 1325 1278 1357 divertisset.
1295 1333 1421 1362 magnam
1437 1327 1472 1354 ab
1488 1327 1523 1355 iis
1543 1328 1688 1356 utilitatem
1711 1335 1759 1355 ac—

972 1371 1054 1405 cepit.
1069 1371 1177 1399 Etenim
1192 1379 1255 1399 cum
1271 1372 1341 1407 ipsis
1356 1371 1536 1401 Paschalibus
1548 1373 1623 1401 feriis
1638 1374 1702 1401 illuc
1713 1382 1760 1401 ac-

972 1417 1113 1450 cessisset,
1131 1424 1240 1445 omnem
1262 1424 1357 1445 eorum
1379 1419 1439 1446 vita:
1460 1419 1592 1449 rationem
1616 1420 1760 1456 diligenter

973 1463 1103 1498 inspexit,
1123 1464 1335 1500 observavitque
1351 1466 1498 1494 nonnullos
1517 1471 1601 1494 totam
1617 1467 1690 1494 illam
1713 1475 1759 1495 sa-

973 1512 1144 1535 crosanctam
1158 1508 1355 1536 hebdomadem
1371 1510 1430 1538 sine
1442 1510 1498 1538 ullo
1512 1511 1574 1539 cibo
1590 1512 1758 1548 transigere;

974 1551 1043 1580 alios
1067 1552 1180 1581 alternis
1197 1554 1273 1581 illum
1293 1554 1392 1584 diebus
1410 1563 1525 1591 capere;
1545 1557 1678 1592 quosdam
1695 1566 1761 1586 vero

972 1597 1025 1625 sub
1053 1606 1207 1633 vesperam.
1234 1599 1416 1633 Quamobrem
1443 1609 1614 1637 quaecunque
1639 1607 1697 1631 toto
1714 1604 1761 1631 illo

972 1650 1056 1678 opere
1067 1651 1082 1670 a
1094 1643 1209 1673 Philone
1220 1649 1337 1674 tractata
1354 1652 1430 1680 sunt,
1445 1654 1477 1675 ea
1490 1648 1709 1677 Christianorum
1726 1651 1761 1678 ad

974 1688 1052 1716 ﬁdem
1079 1690 1241 1726 vivendique
1256 1692 1390 1720 rationem
1405 1693 1516 1721 omnino
1531 1695 1677 1729 pertinent.
1691 1696 1760 1724 Cum

973 1735 1058 1770 igitur
1073 1735 1167 1764 Jessaai
1182 1741 1248 1765 tunc
1263 1739 1395 1774 temporis
1414 1739 1583 1774 dicerentur,
1599 1743 1681 1777 paulo
1700 1749 1762 1779 post

974 1790 1119 1811 ascensum
1128 1783 1231 1812 Christi
1240 1785 1360 1817 Domini,
1372 1791 1516 1821 postquam
1528 1786 1636 1816 Marcus
1646 1789 1674 1816 in
1681 1789 1762 1826 Egy-

974 1833 1020 1864 pto
1026 1830 1148 1858 divinum
1159 1830 1272 1859 verbum
1285 1832 1453 1866 praedicavit,
1461 1833 1584 1860 nonnulli
1600 1837 1665 1861 tunc
1675 1836 1760 1869 prod-

975 1878 1064 1905 ierunt
1080 1878 1265 1913 apostolorum
1286 1878 1409 1912 asseclae,
1421 1877 1543 1906 Nazarwi
1563 1879 1690 1908 videlicet
1703 1881 1760 1914 isti,

974 1969 1078 1997 stianos
1092 1976 1106 1995 a
1116 1968 1233 2005 Philone
1246 1968 1458 2003 comprehensos
1470 1969 1578 2005 statuit.
1587 1970 1626 1996 Ac
1638 1969 1761 2005 profecto

975 2005 1033 2032 ﬁeri
1051 2004 1124 2031 istud
1134 2004 1287 2040 potuittut
1302 2005 1444 2040 cumda‘nte
1464 2003 1761 2040 Christianae—religio-

975 2040 1018 2067 nis
1033 2045 1121 2066 orlum
1134 2038 1229 2066 Esseni
1245 2038 1289 2065 his
1301 2038 1434 2074 moribus.
1448 2046 1536 2074 eoque
1546 2040 1608 2067 vita:
1623 2038 1759 2073 instituto,

975 2075 1047 2135 quod
1073 2074 1100 2101 in
1127 2073 1311 2113 priore-libro
1337 2073 1414 2100 Philo
1440 2075 1580 2109 prmdicat,
1600 2075 1626 2102 in
1642 2075 1762 2110 [Egypto

995 2113 1114 2135 orerent.
1131 2113 1212 2135 atque
1225 2113 1296 2135 Inter
1311 2107 1421 2135 Iudaeos
1435 2113 1462 2135 et
1473 2113 1564 2135 essent
1584 2114 1611 2135 et
1623 2110 1759 2135 haberen-

995 2113 1114 2140 orerent,
1127 2107 1212 2144 atque
1225 2108 1296 2136 inter
1311 2107 1421 2136 Iudaeos
1435 2107 1462 2136 et
1473 2113 1564 2136 essent
1584 2114 1611 2136 et
1623 2107 1759 2138 haberen-

976 2148 1020 2171 tur
1035 2144 1218 2176 sanctissimi;
1237 2148 1415 2179 posteaquam
1439 2149 1550 2173 auctore
1572 2145 1664 2179 Marco
1681 2146 1761 2173 Chri-

976 2180 1127 2207 stianorum
1147 2178 1497 2215 genus’exstititkquorum
1525 2181 1587 2207 vitae
1609 2178 1678 2207 ra'tio
1705 2181 1761 2215 pri-

976 2215 1028 2242 mis
1044 2215 1098 2243 illis
1112 2213 1278 2249 temporibns
1292 2222 1353 2241 cum
1367 2213 1532 2242 Essenorum
1546 2215 1690 2250 disciplina
1703 2213 1762 2242 ina-

977 2257 1094 2285 gnopere
1120 2250 1310 2285 congruebat,
1337 2250 1372 2277 ab
1394 2249 1587 2285 Alexandrinis
1612 2249 1760 2284 gentilibus

977 2271 1259 2321 Ε’ἑέἕιῖἰέίιῖῖῧὸοξᾷῗ
1270 2271 1344 2317 Quos
1356 2271 1471 2321 ἓηίρῗει
1482 2271 1601 2316 ιυιιτέοὲ,
1612 2271 1761 2321 ῗῖιῖιὲἓιῖἱῖἶ

975 2321 1047 2352 dem,
1076 2327 1172 2347 omnes
1192 2319 1326 2352 viderent,
1348 2323 1375 2347 et
1397 2319 1564 2347 Essenorum
1586 2319 1761 2348 communem

976 2355 1050 2382 illam
1069 2355 1131 2382 vita:
1148 2355 1293 2386 rationem,
1306 2360 1387 2389 atque
1402 2354 1437 2381 ab
1451 2355 1524 2381 omni
1541 2355 1616 2387 luxti,
1631 2359 1659 2382 et
1672 2357 1761 2383 ambi-

975 2391 1050 2418 tione
1062 2394 1192 2418 remotam
1207 2390 1419 2418 complectentes
1431 2394 1575 2417 cernerent
1586 2398 1647 2417 cum
1659 2395 1686 2417 et
1696 2392 1761 2418 alio-

976 2426 1022 2459 qui
1036 2433 1069 2452 ex
1087 2425 1253 2453 Essenorum
1267 2425 1382 2452 Judaica
1400 2425 1518 2452 factione
1531 2426 1653 2460 plerique
1674 2434 1703 2453 se
1727 2428 1761 2454 ad

975 2461 1149 2488 Christianos
1165 2464 1368 2495 aggregassent,
1378 2460 1515 2495 quodnam
1531 2461 1565 2487 iis
1577 2461 1649 2487 aliud
1661 2470 1760 2489 nomen

975 2503 1057 2532 quam
1072 2495 1238 2532 rEssaeorum
1262 2495 1438 2532 attingerent?
1460 2495 1528 2532 {iam
1551 2500 1579 2523 et
1595 2496 1642 2532 diu
1665 2501 1761 2531 postea

975 2529 1125 2559 Christiani
1146 2537 1241 2557 omnes
1265 2538 1280 2556 a
1301 2529 1404 2558 Grecis
1417 2538 1449 2557 ac
1464 2530 1595 2558 Romanis
1610 2529 1696 2559 τιυὰὰξί
1711 2540 1762 2559 ηο-

977 2566 1083 2596 minati,
1097 2571 1123 2593 et
1135 2573 1183 2601 pro
1196 2564 1391 2601 Judaeishabiti
1408 2570 1482 2601 sunt,
1494 2569 1524 2592 ut
1540 2574 1593 2593 non
1609 2566 1760 2594 absurdum

977 2602 1012 2629 sit
1026 2600 1201 2637 Philonianos
1214 2601 1274 2628 illos
1289 2600 1399 2637 Essa'osr
1411 2600 1606 2637 θεωρητικούς,
1623 2601 1760 2629 Christia-

977 2645 1027 2664 nos
1052 2636 1146 2664 fuisse.
1171 2635 1235 2668 Quae
1256 2639 1345 2662 autem
1368 2635 1500 2663 adversus
1517 2643 1549 2663 ea
1576 2644 1674 2671 magno
1697 2645 1760 2664 cum

977 2672 1091 2706 strepitu
1118 2678 1148 2698 ac
1175 2671 1317 2698 stomacho
1339 2670 1523 2706 disputantur,
1539 2679 1601 2698 cum
1624 2670 1671 2698 aut
1692 2672 1762 2699 levia

977 2707 1042 2738 sint,
1059 2709 1106 2733 aut
1123 2706 1200 2733 facile
1214 2706 1326 2733 dissolvi
1340 2707 1456 2741 possint.
1472 2707 1540 2734 nillil
1554 2707 1617 2738 erit,
1628 2707 1699 2741 quod
1710 2715 1760 2734 nos

976 2742 1169 2769 vetustissima».
1182 2742 1254 2768 illius
1268 2742 1416 2775 opinionis,
1432 2749 1465 2769 ac
1490 2747 1630 2768 tantorum
1646 2742 1760 2768 Patrum

976 2776 1146 2804 auctoritatis
1161 2781 1188 2803 et
1201 2777 1390 2804 consensionis
1406 2777 1545 2810 pceniteat.
1565 2775 1631 2803 Vide
1652 2785 1713 2811 qua:
1726 2775 1762 2805 'de

977 2813 1020 2839 his
1033 2811 1216 2839 eruditissime
1232 2811 1376 2839 Serrarius
1392 2818 1483 2840 noster
1497 2812 1543 2838 lib.
1562 2819 1590 2838 ιιι
1609 2811 1761 2839 Trihwreu'i

977 2849 1108 2875 adversus
1127 2846 1294 2883 Scaligerum
1312 2854 1342 2875 ac
1358 2846 1467 2874 Junium
1484 2847 1605 2874 disserit.
