1961 3046
209 165 260 192 599

890 160 917 188 S.
939 161 1108 190 EPIPHANH

1774 165 1827 192 400

210 227 243 254 de
258 226 357 261 quibus
373 232 491 260 prmsens
505 223 647 250 institutus
664 226 706 250 est
725 230 824 250 sermo.
846 222 927 250 Erant
951 223 979 250 ill

1041 225 1116 258 νόμῳ
1133 223 1161 250 δὲ
1177 224 1397 259 προσανέχοντες,
1416 225 1464 251 καὶ
1479 225 1629 260 περιτομὴν
1646 225 1825 260 κεκτημένοι·

211 279 309 304 genere
323 271 430 306 quidem
447 269 543 300 Judzei,
559 274 640 303 atque
657 268 690 294 ad
708 268 793 302 legem
808 273 834 295 et
845 269 991 295 circumci-

212 319 315 346 sionem
329 317 514 342 adhaeserant:
536 314 583 342 sed
598 314 826 350 quemadmodum
843 315 888 349 qui
904 322 919 342 e
929 322 990 349 spe-

212 363 273 390 cula
285 362 378 396 procul
389 361 476 395 ignem
490 361 639 395 aspiciunt,
652 368 739 395 neque
749 360 828 394 cujus
843 361 880 387 rei
894 361 990 395 gratia,

211 416 325 444 quemve
344 408 376 434 ad
399 414 480 434 usum
503 407 554 433 hoc
573 406 727 434 incendium
744 406 890 433 excitatum
910 406 992 433 fuerit.

211 455 313 485 sciunt,
332 457 486 480 utrumnam
503 453 536 479 ad
557 453 668 480 obsonia
688 451 764 486 121
782 451 933 486 coquenda,
950 452 990 478 ci-

210 499 315 533 bosque
327 498 409 525 victui
424 498 626 532 praeparandos,
650 505 684 524 an
701 501 729 523 ut
743 497 845 524 eremia
861 497 990 531 aridaque

210 544 373 578 virgulta,ut
382 543 493 574 assolet,
501 546 715 574 concremarent;
725 542 765 569 sic
773 542 810 568 illi
820 542 890 569 istud
901 543 989 576 ipsum

209 590 308 616 imitati
323 589 484 623 semetipsos
499 588 625 615 incendio
640 592 879 622 consumpserunt.
899 587 988 622 Siqui-

209 636 269 662 dem
286 635 343 662 solo
358 633 420 661 Jesu
441 634 551 660 nomine
574 633 677 664 audito,
699 634 907 668 conspectisque
930 641 990 668 qua:

208 680 242 707 ab
260 679 391 714 apostolis
406 679 502 706 ﬁerent
515 679 648 713 portentis
661 686 692 704 ac
708 678 858 709 miraculis.
872 679 898 705 in
912 679 988 705 illiilli

206 730 235 754 et
255 726 306 760 ipsi
329 733 437 760 quoque
458 725 643 752 crediderunt.
673 724 757 757 Quem
783 731 845 751 cum
862 723 988 752 Nazareti

205 773 307 800 ccirent
323 772 350 798 in
366 771 488 806 Virginis
502 775 579 797 utero
595 771 724 805 genitum.
743 774 824 805 atque
840 771 866 797 in
877 770 988 806 Josephi

207 817 286 842 domo
305 815 447 846 nutritum,
474 819 501 842 et
525 814 627 842 idcirco
650 813 743 841 Jesum
767 814 936 842 Nazarenum
961 817 988 843 in

207 860 350 895 Evangelio
363 860 506 892 nominari,
516 860 740 894 quemadmodum
750 861 864 895 apostoli
876 861 989 896 loquun-

1043 270 1100 296 ἀλλ’
1116 269 1209 304 ὥσπερ
1224 270 1278 296 ἀπὸ
1301 270 1404 296 σκοποῦ
1426 279 1496 302 τινες
1517 270 1678 305 θεασάμενοι
1697 270 1762 306 πῦρ,
1778 271 1827 298 καὶ

1044 315 1080 351 μὴ
1101 317 1245 350 νοήσαντες
1268 315 1301 342 δι’
1327 317 1359 351 ῆν
1381 316 1469 343 αἰτίαν
1493 318 1516 343 οἱ
1541 318 1590 352 τὴν
1612 318 1700 352 πυρὰν
1724 317 1827 352 ταύτην

1042 361 1197 396 ἐξάψαντες.
1211 361 1227 396 ἢ
1244 362 1440 397 χρησιμότητα,
1461 362 1539 389 τοῦτο
1556 363 1686 394 ποιοῦσιν,
1701 363 1717 398 ἦ
1730 364 1764 389 τὰ
1776 363 1826 398 τῆς

1041 407 1114 441 ζωῆς
1138 407 1239 433 ἑαυτῶν
1257 406 1359 440 ὀψώνια
1383 407 1450 442 πρὸς
1471 407 1568 443 ἐδωδὴν
1592 408 1635 434 διὰ
1660 408 1709 443 τῆς
1736 409 1825 444 πυρᾶς

1041 452 1301 484 κατασκευάζοντες,
1318 452 1335 486 ἣ
1349 453 1395 478 ἐπὶ
1414 453 1560 488 ἀφανισμῷ
1575 462 1655 479 τινων
1670 452 1824 480 καυστικιῖΝ

1042 497 1127 528 ξύλων
1145 497 1161 532 ἢ
1183 497 1328 532 φρυγάνων
1345 498 1397 524 τῶν
1424 498 1475 524 ὑπὸ
1498 500 1582 534 πυρὸς
1605 499 1738 525 εἰωθότων
1760 500 1826 525 ἀνα-

1040 543 1196 570 λίσκεσθαι·
1221 544 1292 570 οὕτω
1313 544 1359 570 καὶ
1379 545 1454 570 αὐτοὶ
1474 545 1669 580 μιμησάμενοι,
1684 545 1740 580 πῦρ
1758 544 1826 571 ἀνά-

1039 588 1147 622 ψαντες,
1164 589 1276 620 ἑαυτοὺς
1295 589 1456 625 ἐνέπρησαν.
1479 589 1655 621 Ἀκούσαντες
1675 589 1728 625 γὰρ
1744 590 1826 624 μόνον

1040 633 1123 668 ὄνομα
1144 633 1241 668 Ἰησοῦ,
1257 634 1304 660 καὶ
1320 634 1481 669 Θεασάμενοι
1502 635 1536 661 τὰ
1557 634 1704 670 θεοσήμεια
1722 635 1756 661 τὰ
1778 634 1825 661 διὰ.

1040 679 1138 715 χειρῶν
1151 679 1205 706 τῶν
1220 679 1376 706 ἀποστόλων
1389 681 1529 715 γινόμενα,
1551 681 1596 708 καὶ
1619 682 1694 707 αὐτοὶ
1710 682 1748 712 εὶς
1769 681 1823 716 ’1η-

1040 724 1102 752 σοῦν
1128 725 1293 752 πιστεύουσι.
1320 725 1431 757 Γνόντες
1448 726 1475 752 δὲ
1497 726 1578 752 αὑτὸν
1600 727 1631 752 ἐκ
1654 726 1779 762 Ναζαρὲτ
1793 727 1825 753 ἐν

1039 772 1136 807 γαστρὶ
1151 772 1380 808 ἐγκυμονηθέντα,
1395 773 1442 799 καὶ
1462 773 1491 799 ἐν
1506 773 1572 808 οἴκῳ
1593 771 1689 807 Ἰωσὴφ
1703 773 1824 807 ἀνατρα-

1039 817 1132 851 φέντα,
1153 818 1199 844 καὶ
1215 818 1259 844 διὰ
1280 818 1359 844 τοῦτο
1375 819 1404 844 ἐν
1427 817 1464 853 τῷ
1487 817 1645 852 Εὑαγγελίῳ
1663 817 1764 853 Ἰησοῦν
1777 817 1824 844 τὸν

1038 862 1196 898 Ναζωραῖον
1217 863 1373 896 καλεῖσθαι,
1390 863 1426 895 ὡς
1451 864 1499 889 καὶ
1519 864 1545 889 ot
1568 863 1710 889 ἀπόστολοὶ
1730 872 1822 897 φασιν,

206 913 268 935 tur:
289 907 380 934 Iesum
398 905 570 933 Nazarenam
596 907 681 932 rirum
705 906 878 940 approbatum
902 907 982 941 signis

1042 907 1163 940 Ἰησοῦν
1177 907 1230 934 τὸν
1245 907 1411 941 Ναζωραῖον
1421 907 1514 942 ἄνδρα
1528 907 1776 942 ἀποδεδειγμένον·
1788 907 1824 934 ἕν

205 961 236 980 ac
248 952 374 987 p'rodigiis
384 952 403 982 ¹,
416 959 448 978 ex
465 958 498 978 eo
513 958 611 978 nomen
628 951 679 978 sibi
694 950 766 978 istud
788 951 940 986 imponunt,
957 955 986 978 ut

206 998 324 1026 Nazami
341 1001 482 1027 vocentur,
498 1004 550 1023 non
569 996 693 1029 Naziraei,
713 1005 773 1032 qua:
795 1005 846 1024 vox
868 997 987 1024 sanctiﬁ-

204 1048 295 1072 catum
310 1045 456 1081 signiﬁcat.
472 1042 522 1070 Hic
541 1043 613 1070 enim
635 1043 772 1077 quondam
789 1043 985 1079 primogenitis,

205 1091 314 1126 Deoque
338 1089 506 1118 consecratis
525 1088 665 1123 dignitatis
691 1089 777 1115 honor
791 1093 833 1116 est
856 1089 984 1117 habitus:

203 1145 319 1173 quorum
332 1145 347 1164 e
362 1143 474 1164 numero
486 1135 632 1169 Sampson,
646 1135 745 1169 aliique
756 1140 817 1170 post
831 1135 930 1170 ipsum,
943 1137 986 1164 vel

203 1189 266 1211 ante
281 1185 369 1218 ipsum
394 1182 547 1217 complures
563 1182 737 1209 exstiterunt.
755 1181 810 1208 lmo
826 1186 852 1208 et
866 1181 985 1210 Joannes

203 1230 323 1264 Baptista
339 1237 370 1256 ex
391 1228 438 1255 illo
453 1227 642 1254 dedicatorum
659 1225 713 1253 Deo
731 1225 871 1252 hominum
886 1235 984 1261 genere

202 1277 269 1309 fuit;
285 1276 331 1311 qui
354 1275 445 1301 vinum
462 1279 509 1301 aut
531 1274 645 1301 siceram
662 1281 716 1300 non
740 1273 819 1299 bibit.
837 1272 899 1299 Fuit
912 1274 983 1300 enim

202 1321 358 1349 hominibus
378 1320 511 1356 ejusmodi
538 1327 632 1346 eorum
655 1318 780 1353 dlgnitati
803 1324 984 1346 consentanea

201 1367 307 1394 vivendi
324 1366 394 1393 ratio
409 1366 566 1392 constituta.

238 1413 280 1440 Vl.
300 1412 352 1440 Sed
373 1412 418 1439 alii
436 1411 579 1438 Nazarmos
595 1410 700 1445 seipsos
716 1409 862 1444 appellant.
880 1410 985 1445 Quippe

200 1459 389 1486 Natarteorum
413 1461 486 1485 secta
510 1456 649 1483 Christum
668 1455 832 1486 antecessit,
856 1462 906 1482 nec
921 1463 983 1482 eum

200 1503 335 1539 cognovit.
354 1502 462 1530 Verum
473 1501 621 1529 Christiani
635 1522 642 1534 ,
664 1504 693 1527 ut
712 1500 791 1527 initio
820 1500 928 1531 monui,
950 1500 984 1527 ab

199 1549 325 1576 omnibus
342 1547 463 1575 Nazaraei
481 1547 629 1581 nuncupati
649 1550 712 1573 sunt
725 1565 732 1577 ,
755 1545 982 1580 quemadmodum

1038 960 1068 978 τε
1090 953 1225 987 σημείοις
1247 953 1294 980 καὶ
1320 954 1433 987 τέρασι,
1451 954 1498 980 καὶ
1521 953 1555 980 τὰ
1583 953 1662 988 ἑξῆς,
1690 953 1770 980 τοῦτο
1792 953 1824 980 τὸ

1036 997 1121 1033 ὄνομα
1137 998 1304 1025 ἐπιτιθέασιν
1319 999 1419 1030 αὐτοῖς,
1433 999 1462 1026 τὸ
1481 999 1621 1026 καλεῖσθαι
1634 999 1821 1035 Ναζωραίους,

1035 1043 1095 1078 οὐχὶ
1107 1043 1135 1070 δὲ
1150 1044 1323 1080 Ναζιραίους,
1344 1045 1374 1071 τὸ
1389 1045 1604 1080 ἑρμηνευόμενον
1626 1046 1820 1081 ἡγιασμένους.

1036 1090 1120 1116 Τοῦτο
1144 1090 1198 1125 γὰρ
1222 1092 1277 1122 τοῖς
1303 1090 1333 1117 τὸ
1363 1091 1476 1118 παλαιὸν
1498 1091 1535 1127 (7)
1565 1092 1748 1127 πρωτοτόκοις
1775 1093 1822 1119 καὶ

1035 1135 1093 1170 Θεῷ
1106 1135 1297 1170 ἀφιερωθεῖσιν
1311 1137 1416 1171 ὑπῆρχε
1439 1137 1470 1163 τὸ
1484 1137 1601 1171 ἀξίωμα,
1619 1134 1656 1164 ὧν
1675 1136 1715 1169 εἷς
1731 1139 1821 1174 ὑπῆρ-

1034 1189 1081 1215 χεν
1095 1182 1108 1208 ὁ
1121 1181 1248 1216 Σαμψὼν,
1267 1182 1312 1208 καὶ
1327 1182 1400 1208 ἄλλοι
1417 1183 1475 1218 μετ’
1492 1183 1581 1215 αὑτὸν,
1604 1184 1651 1210 καὶ
1667 1184 1720 1220 πρὸ
1737 1184 1821 1211 αὑτοῦ

1035 1226 1135 1252 πολλοί.
1158 1226 1237 1253 Ἀλλὰ
1252 1227 1298 1253 καὶ
1319 1228 1443 1262 Ἰωάννης
1456 1229 1470 1254 ὁ
1488 1229 1643 1264 Βαπτιστὴς
1660 1229 1712 1256 τῶν
1731 1230 1821 1256 αὐτῶν

1034 1273 1254 1307 ἀφηγησαμὲνων
1270 1272 1281 1287 ⁸
1298 1272 1336 1306 τῷ
1355 1272 1414 1308 Θεῴ
1427 1273 1474 1299 καὶ
1490 1273 1570 1305 αὐτὸς
1583 1271 1622 1305 εἷς
1635 1275 1751 1310 ὑπῆρχε,
1772 1275 1821 1301 καὶ

1034 1314 1102 1342 οἶνον
1127 1317 1174 1343 καὶ
1206 1317 1302 1352 σίκερα
1333 1317 1382 1344 οὐκ
1409 1317 1511 1344 ἔπινεν.
1540 1319 1651 1354 Ὠριστο
1679 1319 1733 1355 γὰρ
1762 1322 1821 1353 τοῖς

1033 1361 1163 1394 τοιούτοις
1181 1362 1249 1398 αὕτη
1267 1363 1394 1398 ἁρμόδιος
1405 1363 1443 1398 τῷ
1458 1363 1590 1399 ἀξιώματι
1603 1366 1619 1400 ἡ
1637 1365 1762 1392 πολιτεία.

1069 1409 1114 1441 ς’.
1133 1409 1223 1435 Ἀλλοι
1241 1409 1270 1435 δὲ
1288 1409 1474 1446 Νασαραίουςο
1490 1410 1527 1445 (8)
1544 1411 1656 1442 ἑαυτοὺς
1677 1412 1818 1440 ἐκάλεσαν.

1032 1451 1086 1480 Ἦν
1099 1454 1153 1489 γὰρ
1169 1455 1184 1490 ή
1201 1455 1305 1490 αἵρεσις
1318 1455 1372 1481 τῶν
1387 1456 1550 1491 Νασαραιων
1564 1457 1616 1491 πρὸ
1629 1457 1756 1492 Χριστοῦ,
1772 1458 1819 1484 καὶ

1033 1500 1149 1535 Χριστὸν
1165 1501 1214 1526 οὐκ
1233 1501 1300 1536 ᾔδει.
1324 1501 1402 1528 Ἀλλὰ
1422 1503 1468 1529 καὶ
1484 1502 1582 1534 πάντες
1603 1503 1739 1538 ἄνθρωποι
1754 1505 1819 1536 τοὺς

1033 1546 1214 1580 Χριστιανοὺς
1230 1547 1405 1582 Ναζωραίους
1424 1547 1550 1581 ἐκάλουν,
1566 1548 1603 1580 ὡς
1625 1551 1763 1584 προεῖπον.
1780 1550 1819 1582 ὡς

199 1595 238 1622 illi
253 1595 396 1625 dixerunt,
415 1594 462 1628 qui
491 1593 604 1619 Paulum
628 1592 779 1627 apostolum
802 1595 980 1618 accusarunt:

1035 1592 1139 1626 λέγουσι
1154 1593 1367 1628 κατηγοροῦντες
1385 1594 1491 1620 Παύλου
1506 1595 1552 1621 τυῦ
1569 1595 1724 1622 ἀποστόλου·
1745 1596 1819 1624 Τοῦ-

199 1639 275 1667 Hum:
285 1659 291 1670 ,
311 1639 437 1673 inquiunt
448 1657 454 1669 ,
472 1637 601 1664 hominem
617 1636 760 1663 invenimus
774 1635 942 1670 pestiferum;
957 1640 982 1662 et

198 1688 404 1719 corrumpentem
416 1683 581 1717 populum,et
595 1686 726 1708 auctorem
741 1686 816 1708 σεειιε
826 1680 983 1708 Nazaren-

198 1739 257 1758 rum
276 1731 296 1757 ’.
322 1731 356 1756 At
371 1732 482 1757 sanctus
508 1727 653 1762 Apostolus
676 1735 764 1761 neque
788 1734 886 1754 nomen
910 1727 981 1754 istud

198 1779 305 1813 ejurat,
321 1776 428 1803 tametsi
444 1775 480 1802 ab
508 1775 615 1801 illorum
638 1774 735 1800 haeresi
750 1773 926 1804 abhorreret.
955 1777 981 1800 et

198 1824 270 1860 quod
291 1823 342 1851 sibi
357 1821 574 1849 adversariorum
588 1820 759 1854 improbitate
777 1823 886 1854 propter
902 1819 982 1846 Chri-

199 1874 270 1898 stum
284 1869 439 1903 impositum
455 1870 514 1894 erat
530 1865 692 1893 vocabulum
706 1885 714 1897 ,
730 1864 846 1892 libenter
861 1864 979 1891 admisit.

199 1914 236 1941 Ita
248 1914 319 1942 enim
336 1915 399 1939 ante
420 1910 539 1938 tribunal
553 1910 622 1937 dixit
644 1919 651 1936 :
671 1908 760 1944 Neque
776 1909 803 1935 in
824 1908 916 1942 templo
941 1909 981 1934 in-

198 1965 320 1988 venerunt
333 1967 374 1986 me
383 1962 445 1985 'cum
459 1958 546 1992 aliqua
563 1956 737 1990 disputantem
746 1975 753 1986 ,
765 1960 812 1982 aut
826 1963 980 1982 concursum

197 2007 337 2039 facientem
354 2005 451 2035 turba’,
470 2011 549 2037 neque
564 2002 704 2038 quidquam
721 2009 810 2028 eorum
824 2000 917 2036 quibus
941 2009 980 2027 me

196 2056 324 2079 accusant
336 2050 445 2077 admisi.
461 2048 594 2082 Conﬁteor
610 2051 696 2073 autem
716 2045 763 2072 hoc
782 2045 839 2078 tibi,
852 2046 919 2079 quod
938 2053 979 2071 se-

197 2097 311 2125 cundant
322 2101 428 2128 sectam,
449 2102 527 2130 quam
543 2093 634 2119 dicunt
649 2092 760 2119 heresin
774 2111 781 2123 ,
795 2092 833 2118 sic
844 2091 979 2118 deservio:

196 2143 303 2171 credens
326 2142 444 2168 omnibus
466 2147 524 2174 qua:
547 2139 575 2165 in
601 2140 653 2173 lege
680 2143 705 2165 et
729 2137 859 2172 prophetis
882 2137 980 2171 scripta

197 2195 258 2218 sunt
272 2190 292 2216 ³.
313 2188 407 2222 Neque
420 2193 484 2214 vero
502 2186 600 2212 mirum
616 2188 658 2212 est
669 2203 678 2216 ,
706 2183 863 2218 Apostolqu
882 2187 980 2210 semet-

197 2237 284 2270 ipsum
304 2233 473 2260 Nazarenum
487 2230 608 2258 conﬁteri
621 2249 629 2261 .
647 2236 709 2256 cum
726 2228 846 2255 universi
868 2232 933 2255 tunc
947 2236 980 2255 eo

1032 1646 1084 1663 τον
1102 1637 1155 1664 τὸν
1170 1638 1324 1672 ἄνθρωπον
1343 1639 1466 1673 εὕρομεν
1487 1640 1602 1675 λοιμὸν,
1619 1641 1667 1668 καὶ
1683 1642 1819 1676 διαστρέ-

1031 1691 1126 1716 φοντα
1143 1683 1195 1709 τὸν
1206 1683 1292 1715 λαὸν,
1315 1684 1529 1718 πρωτοστάτην
1547 1694 1579 1712 τε
1596 1685 1668 1712 ὄντα
1689 1685 1743 1720 τῆς
1757 1686 1819 1713 τῶν·

1031 1726 1203 1760 Ναζωραίων
1226 1727 1375 1761 αἱρέσεως.
1398 1729 1426 1756 Ὀ
1447 1730 1475 1755 δὲ
1496 1730 1572 1764 ἅγιος
1588 1730 1747 1764 Ἀπόστολος
1765 1733 1817 1760 οὐκ

1031 1773 1151 1808 ἀρνεῖται
1167 1773 1216 1808 μὲν
1230 1774 1260 1800 τὸ
1274 1773 1367 1809 ὖνομα,
1384 1775 1444 1809 οὐχὶ
1457 1775 1505 1811 τὴν
1521 1776 1621 1803 τούτων
1635 1777 1737 1813 αἵρεσιν
1752 1780 1817 1814 ὁμο-

1031 1818 1126 1852 λογῶν,
1142 1818 1208 1845 ἀλλὰ
1228 1819 1258 1845 τὺ
1279 1819 1363 1855 ὄνομα
1378 1821 1408 1847 τὸ
1426 1821 1479 1847 ἀπὸ
1496 1822 1545 1856 τῆς
1559 1822 1613 1849 τῶν
1625 1823 1816 1858 ἀντιλεγόντων

1031 1864 1172 1896 κακονοίας
1186 1865 1230 1892 διὰ
1243 1865 1288 1892 τὸν
1306 1867 1421 1902 Χριστὸν
1443 1867 1584 1902 ὲπενεχϐὲν
1603 1869 1676 1904 αὐτῷ
1690 1870 1816 1905 ἀσμένως

1031 1910 1252 1946 καταδεχόμενος.
1267 1912 1336 1947 Φησὶ
1353 1912 1407 1947 γὰρ
1425 1913 1471 1939 ἐπὶ
1485 1913 1531 1940 τοῦ
1547 1913 1675 1950 βήματος·
1694 1916 1767 1943 Οὔτε
1780 1917 1818 1943 ἐν

1030 1955 1070 1988 τῷ
1082 1955 1148 1990 ἱερῷ
1159 1954 1250 1990 εὗρόν
1262 1965 1300 1991 με
1312 1958 1386 1991 πρός
1398 1967 1464 1985 τινα
1481 1959 1702 1994 διαλεγόμενον,
1718 1962 1736 1996 ἢ
1750 1962 1814 1989 ἐπι-

1030 2002 1183 2028 σύστασίν
1205 2010 1272 2029 τινα
1300 2003 1393 2036 ὄχλου
1416 2004 1575 2037 ποιοῦντα,
1599 2006 1670 2033 οὐδὲ
1691 2005 1734 2034 ὧν
1753 2018 1815 2043 μου

1031 2048 1250 2082 κατηγορῶσιν
1266 2048 1356 2075 οὐδὲν
1368 2050 1526 2083 πεποίηκα.
1547 2051 1696 2087 Ὀμολογῶ
1714 2054 1747 2081 δέ
1763 2063 1815 2082 σοι

1030 2093 1133 2126 τοῦτο,
1148 2094 1191 2120 ὅτι
1213 2095 1287 2121 κατὰ
1302 2095 1358 2129 τὴν
1374 2095 1454 2128 ὁδὸν,
1469 2096 1509 2130 ἣν
1528 2098 1643 2132 αἵρεσιν
1657 2098 1738 2127 οὗτοι
1757 2101 1816 2135 φά·-

1030 2146 1168 2171 σκουσιν,
1183 2139 1259 2165 οὕτω
1273 2140 1405 2173 ,λατρεύω
1415 2148 1421 2155 ·
1442 2142 1592 2169 πιστεύων
1608 2143 1682 2170 πᾶσι
1699 2145 1760 2178 τθῖς
1778 2146 1815 2172 ἐν

1030 2182 1069 2215 τῷ
1084 2184 1177 2218 νόμῳ,
1194 2184 1242 2211 καὶ
1257 2185 1291 2211 ἐν
1313 2185 1375 2218 τοῖς
1393 2187 1571 2221 προφήταις.
1591 2189 1645 2215 Καὶ
1662 2190 1692 2216 οὺ
1708 2190 1812 2226 θαῦμα,

1029 2229 1069 2255 ὃτι
1084 2230 1097 2255 ὁ
1112 2229 1270 2261 Ἀπόστολος
1283 2230 1409 2265 ὁμολογεῖ
1421 2232 1515 2259 ἑαυτὸν
1526 2232 1693 2268 Ναζωραῖον,
1707 2236 1814 2263 πάντων

196 2281 305 2308 nomine
323 2278 495 2306 Christianos
511 2279 655 2307 vocarent,
673 2275 708 2301 ab
725 2274 823 2309 oppido
843 2273 957 2300 Nazaret
969 2294 976 2306 ,

1035 2274 1180 2301 καλούντων
1194 2276 1256 2306 τοὺς
1273 2276 1449 2311 Χριστιανοὺς
1469 2278 1528 2304 τότε
1547 2279 1633 2315 τούτῳ
1649 2281 1686 2315 τῷ
1702 2281 1812 2317 ὀνόματι

195 2334 245 2354 nec
259 2325 330 2353 ullus
346 2323 457 2351 alterius
469 2325 543 2349 esset
557 2321 632 2348 vocis
647 2327 713 2347 usus
729 2319 781 2346 illis
797 2319 976 2354 temporibus,

197 2372 275 2406 122
294 2377 347 2406 qua
359 2376 406 2397 eos
421 2368 468 2403 qui
483 2367 593 2394 Christo
609 2373 706 2393 nomen
722 2365 851 2392 dederant
867 2369 977 2400 possent

194 2418 356 2452 exprimere.
369 2415 406 2442 De
419 2421 473 2449 quo
488 2420 554 2440 sane
571 2412 701 2446 scriptum
715 2414 766 2442 est,
782 2410 905 2445 quoniam
921 2409 978 2436 Να-

195 2468 306 2487 zarenus
322 2458 457 2486 vocabitur
472 2457 492 2483 ⁵.
510 2456 576 2483 Nam
599 2461 625 2483 et
643 2455 719 2483 hodie
735 2455 851 2482 haereses
870 2462 976 2487 omnes,

195 2505 336 2533 Mauichaei
350 2504 463 2534 scilicet,
475 2502 655 2530 Marcionistm
664 2522 672 2534 ,
686 2501 817 2532 Gnostici.
833 2501 976 2536 exterique

195 2551 241 2587 qui
259 2549 403 2577 Christiani
420 2555 472 2574 non
496 2551 559 2575 sunt
573 2567 580 2579 ,
601 2547 818 2574 Christianorum
837 2551 926 2574 tamen
941 2547 975 2573 ab

195 2597 322 2626 omnibus
334 2594 443 2623 nomine
465 2592 656 2628 comprehendi
675 2593 780 2625 solent;
800 2597 827 2620 et
848 2599 975 2627 unaquae-

1030 2321 1073 2347 διὰ
1092 2320 1217 2357 Ναζαρὲτ
1240 2321 1288 2357 τὴν
1310 2322 1400 2355 πόλιν,
1423 2323 1504 2359 ἄλλης
1526 2325 1563 2360 μὴ
1586 2325 1668 2361 οὔσης
1689 2328 1813 2363 χρήσεως

1030 2365 1068 2400 τῷ
1090 2366 1200 2401 ὀνόματι
1221 2368 1288 2402 πρὸς
1302 2368 1347 2394 τὸν
1361 2369 1465 2405 καιρὸν.
1483 2369 1552 2397 ὥστε
1573 2372 1635 2403 τοὺς
1655 2372 1814 2408 ἀνθρώπους

1031 2411 1120 2438 καλεῖν
1133 2412 1196 2444 τοὺς
1217 2412 1255 2448 τῷ
1270 2412 1377 2448 Χριστῷ
1392 2416 1614 2448 πεπιστευκότας.
1635 2418 1702 2453 Περὶ
1720 2416 1749 2445 οὗ
1764 2420 1814 2453 γέ-

1030 2465 1165 2492 γραπται,
1189 2457 1253 2483 Ὅτι
1275 2457 1438 2492 Ναζωραῖος
1463 2455 1657 2494 κληθήσεταιζ
1681 2463 1736 2490 Καὶ
1757 2465 1812 2500 γὰρ

1029 2502 1075 2528 καὶ
1091 2501 1137 2528 νῦν
1153 2502 1305 2538 ὁμωνύμως
1319 2503 1344 2529 οἱ
1361 2503 1498 2539 ἄνθρωποι
1517 2506 1606 2538 πάσας
1619 2507 1668 2538 τὰς
1682 2509 1810 2544 αἱρέσεις,

1028 2547 1194 2581 Μανιχαιους
1208 2547 1238 2573 τέ
1258 2555 1328 2582 φημι
1343 2549 1389 2575 καὶ
1409 2550 1628 2585 Μαρκιωνιστὰς,
1645 2553 1813 2587 Γνωπικούς

1027 2601 1057 2619 τε
1076 2593 1123 2619 καὶ
1142 2593 1237 2624 ἄλλους
1255 2594 1433 2628 Χριστιανοὺς
1451 2597 1514 2628 τοὺς
1530 2597 1568 2633 μὴ
1586 2598 1664 2630 ὄντας
1681 2600 1813 2635 Χριστια-Δ

230 2687 411 2727 techinae.
449 2685 668 2718 ’Act.xxtv,5.
708 2684 909 2711 'ibidJEt—M.
948 2684 982 2711 δι

1035 2684 1067 2712 .h.
1078 2692 1108 2716 ιι,
1121 2684 1165 2712 25.
1204 2685 1214 2700 ⁵
1227 2685 1258 2711 F.
1270 2686 1369 2727 aia-robe
1377 2687 1609 2723 ἀφιερωσαμένων
1659 2689 1670 2704 ⁸
1682 2698 1727 2725 γρ.
1742 2690 1812 2716 Ἀλλ’

193 2725 224 2752 οὐ
243 2724 271 2751 δὲ
288 2722 465 2757 Νασοραίους.

229 2769 267 2810 (⁷)
289 2768 378 2810 τοῦιο
391 2767 444 2808 πὰρ
543 2766 575 2810 τὸ
589 2766 733 2810 setmet:
791 2774 825 2810 9.":
834 2772 973 2810 Ρτξηῑοίξξῖ

195 2800 263 2831 nitis'
281 2800 407 2831 omnibus
427 2803 575 2835 intelligat,
592 2802 689 2828 falsum
711 2801 772 2828 erit.
790 2800 882 2835 Neque
898 2802 971 2827 enim

195 2839 365 2874 primogeniti
393 2845 492 2874 omnes
514 2835 632 2874 Nazarati
665 2835 791 2874 fuerunt“,
820 2836 867 2862 sed
896 2835 972 2870 dopi~

196 2870 319 2907 cmg'et
332 2874 365 2901 de
379 2873 540 2908 quibusdam
556 2872 659 2906 accipe.
677 2874 706 2897 ut
722 2871 755 2897 de
771 2870 930 2904 Sampsone,
945 2875 972 2897 ct

1026 2765 1049 2792 si
1068 2765 1114 2798 qui
1132 2766 1176 2792 alii
1188 2766 1383 2801 ejusdemmodi
1399 2770 1508 2797 fuerint.

1061 2801 1099 2834 (8)
1113 2801 1226 2840 _'A._.t.lot
1249 2802 1282 2828 δὲ
1305 2805 1504 2839 Νασαρηίουςι.
1526 2804 1563 2832 De
1587 2805 1630 2832 his
1651 2806 1757 2840 egimus
1777 2807 1811 2833 ad

1025 2835 1140 2864 haarcsin
1158 2835 1358 2873 Nazarteorum,
1369 2835 1428 2874 quae
1442 2844 1484 2867 est
1499 2841 1526 2867 in
1541 2840 1586 2867 lib.
1602 2848 1623 2873 I,
1639 2835 1735 2870 ordine
1750 2848 1810 2870 ius.
