  <div class='ocr_page' id='page_1' title='image "/cluster/home/n/w/nwhite01/storage/ocr_20150623/41/njp.32101007805813/220.png"; bbox 0 0 1961 3046; ppageno 0'>
   <div class='ocr_carea' id='block_1_1' title="bbox 136 134 188 165">
    <p class='ocr_par' dir='ltr' id='par_1_1' title="bbox 136 134 188 165">
     <span class='ocr_line' id='line_1_1' title="bbox 136 134 188 165; baseline -0.019 0"><span class='ocrx_word' id='word_1_1' title='bbox 136 134 188 165; x_wconf 47' lang='grc' dir='ltr'>(θυι</span> 
     </span>
    </p>
   </div>
   <div class='ocr_carea' id='block_1_2' title="bbox 457 129 1432 161">
    <p class='ocr_par' dir='ltr' id='par_1_2' title="bbox 457 129 1432 161">
     <span class='ocr_line' id='line_1_2' title="bbox 457 129 1432 161; baseline -0.004 0"><span class='ocrx_word' id='word_1_2' title='bbox 457 133 642 161; x_wconf 78' lang='lat' dir='ltr'><strong>ADVERSUS</strong></span> <span class='ocrx_word' id='word_1_3' title='bbox 661 133 832 161; x_wconf 74' lang='lat' dir='ltr'><strong>ll/ERESES</strong></span> <span class='ocrx_word' id='word_1_4' title='bbox 851 132 914 161; x_wconf 89' lang='lat' dir='ltr'><strong>LIB.</strong></span> <span class='ocrx_word' id='word_1_5' title='bbox 935 132 955 159; x_wconf 95' lang='grc'>1.</span> <span class='ocrx_word' id='word_1_6' title='bbox 974 130 1057 158; x_wconf 80' lang='grc' dir='ltr'><strong>ΤΟΜ.</strong></span> <span class='ocrx_word' id='word_1_7' title='bbox 1078 130 1110 157; x_wconf 88' lang='lat' dir='ltr'><strong>ll.</strong></span> <span class='ocrx_word' id='word_1_8' title='bbox 1123 144 1158 150; x_wconf 91' lang='lat'><strong>—-</strong></span> <span class='ocrx_word' id='word_1_9' title='bbox 1177 129 1315 158; x_wconf 62' lang='lat' dir='ltr'><strong>HERES.</strong></span> <span class='ocrx_word' id='word_1_10' title='bbox 1336 129 1432 157; x_wconf 75' lang='lat' dir='ltr'><strong>XXIX.</strong></span> 
     </span>
    </p>
   </div>
   <div class='ocr_carea' id='block_1_3' title="bbox 1717 127 1769 156">
    <p class='ocr_par' dir='ltr' id='par_1_3' title="bbox 1717 127 1769 156">
     <span class='ocr_line' id='line_1_3' title="bbox 1717 127 1769 156; baseline -0.019 0"><span class='ocrx_word' id='word_1_11' title='bbox 1717 127 1769 156; x_wconf 66' lang='grc'><strong>409</strong></span> 
     </span>
    </p>
   </div>
   <div class='ocr_carea' id='block_1_4' title="bbox 137 188 938 230">
    <p class='ocr_par' dir='ltr' id='par_1_4' title="bbox 137 192 931 230">
     <span class='ocr_line' id='line_1_4' title="bbox 137 192 931 230; baseline -0.005 -7"><span class='ocrx_word' id='word_1_12' title='bbox 137 197 201 228; x_wconf 70' lang='grc' dir='ltr'>νοῦς</span> <span class='ocrx_word' id='word_1_13' title='bbox 222 195 345 222; x_wconf 87' lang='grc' dir='ltr'>καλοῦσι·</span> <span class='ocrx_word' id='word_1_14' title='bbox 361 194 408 221; x_wconf 75' lang='grc' dir='ltr'>καὶ</span> <span class='ocrx_word' id='word_1_15' title='bbox 427 194 501 229; x_wconf 84' lang='grc' dir='ltr'>ὅμως</span> <span class='ocrx_word' id='word_1_16' title='bbox 517 194 618 229; x_wconf 77' lang='grc' dir='ltr'>ἑκάστη</span> <span class='ocrx_word' id='word_1_17' title='bbox 635 194 747 230; x_wconf 81' lang='grc' dir='ltr'>αἵρεσις,</span> <span class='ocrx_word' id='word_1_18' title='bbox 763 194 864 229; x_wconf 84' lang='grc' dir='ltr'>καίπερ</span> <span class='ocrx_word' id='word_1_19' title='bbox 883 192 931 219; x_wconf 83' lang='grc' dir='ltr'><strong>ἅλ-</strong></span> 
     </span>
    </p>
   </div>
   <div class='ocr_carea' id='block_1_5' title="bbox 990 188 1771 230">
    <p class='ocr_par' dir='ltr' id='par_1_5' title="bbox 990 188 1771 226">
     <span class='ocr_line' id='line_1_5' title="bbox 990 188 1771 226; baseline -0.004 -8"><span class='ocrx_word' id='word_1_20' title='bbox 990 198 1035 226; x_wconf 76' lang='lat' dir='ltr'><strong>pte</strong></span> <span class='ocrx_word' id='word_1_21' title='bbox 1047 194 1136 220; x_wconf 85' lang='lat' dir='ltr'><strong>secta,</strong></span> <span class='ocrx_word' id='word_1_22' title='bbox 1151 189 1214 216; x_wconf 87' lang='lat' dir='ltr'><strong>licet</strong></span> <span class='ocrx_word' id='word_1_23' title='bbox 1231 189 1285 216; x_wconf 87' lang='lat' dir='ltr'><strong>alio</strong></span> <span class='ocrx_word' id='word_1_24' title='bbox 1298 190 1406 216; x_wconf 89' lang='lat' dir='ltr'><strong>nomine</strong></span> <span class='ocrx_word' id='word_1_25' title='bbox 1418 193 1577 221; x_wconf 71' lang='lat' dir='ltr'><strong>censeatur,</strong></span> <span class='ocrx_word' id='word_1_26' title='bbox 1595 188 1622 216; x_wconf 89' lang='lat' dir='ltr'><strong>id</strong></span> <span class='ocrx_word' id='word_1_27' title='bbox 1642 189 1693 216; x_wconf 92' lang='lat' dir='ltr'><strong>sibi</strong></span> <span class='ocrx_word' id='word_1_28' title='bbox 1718 196 1771 216; x_wconf 91' lang='lat' dir='ltr'><strong>no--</strong></span> 
     </span>
    </p>
   </div>
   <div class='ocr_carea' id='block_1_6' title="bbox 138 237 928 275">
    <p class='ocr_par' dir='ltr' id='par_1_6' title="bbox 138 237 928 275">
     <span class='ocr_line' id='line_1_6' title="bbox 138 237 928 275; baseline -0.005 -8"><span class='ocrx_word' id='word_1_29' title='bbox 138 241 193 273; x_wconf 89' lang='grc' dir='ltr'><strong>λως</strong></span> <span class='ocrx_word' id='word_1_30' title='bbox 212 240 344 275; x_wconf 78' lang='grc' dir='ltr'><strong>λεγομένη</strong></span> <span class='ocrx_word' id='word_1_31' title='bbox 355 258 362 271; x_wconf 92' lang='grc'><strong>,</strong></span> <span class='ocrx_word' id='word_1_32' title='bbox 378 239 553 274; x_wconf 69' lang='grc' dir='ltr'><strong>καταδέχεται</strong></span> <span class='ocrx_word' id='word_1_33' title='bbox 574 239 652 266; x_wconf 84' lang='grc' dir='ltr'>τοῦτο</span> <span class='ocrx_word' id='word_1_34' title='bbox 668 239 815 275; x_wconf 85' lang='grc' dir='ltr'>χαίρουσα,</span> <span class='ocrx_word' id='word_1_35' title='bbox 829 239 869 265; x_wconf 78' lang='grc' dir='ltr'>ὅτι</span> <span class='ocrx_word' id='word_1_36' title='bbox 884 237 928 264; x_wconf 79' lang='grc' dir='ltr'><strong>διὰ</strong></span> 
     </span>
    </p>
   </div>
   <div class='ocr_carea' id='block_1_7' title="bbox 140 283 930 321">
    <p class='ocr_par' dir='ltr' id='par_1_7' title="bbox 140 283 930 321">
     <span class='ocr_line' id='line_1_7' title="bbox 140 283 930 321; baseline -0.001 -9"><span class='ocrx_word' id='word_1_37' title='bbox 140 286 187 312; x_wconf 84' lang='grc' dir='ltr'><strong>τοῦ</strong></span> <span class='ocrx_word' id='word_1_38' title='bbox 211 286 342 321; x_wconf 82' lang='grc' dir='ltr'>ὀνόματος</span> <span class='ocrx_word' id='word_1_39' title='bbox 364 287 519 320; x_wconf 86' lang='grc' dir='ltr'>κοσμεῖται.</span> <span class='ocrx_word' id='word_1_40' title='bbox 541 285 655 312; x_wconf 88' lang='grc' dir='ltr'>Δοκοῦσι</span> <span class='ocrx_word' id='word_1_41' title='bbox 679 285 733 321; x_wconf 83' lang='grc' dir='ltr'>γὰρ</span> <span class='ocrx_word' id='word_1_42' title='bbox 753 286 800 312; x_wconf 72' lang='grc' dir='ltr'>ἐπὶ</span> <span class='ocrx_word' id='word_1_43' title='bbox 822 285 860 320; x_wconf 87' lang='grc' dir='ltr'><strong>τῷ</strong></span> <span class='ocrx_word' id='word_1_44' title='bbox 883 283 930 311; x_wconf 87' lang='grc' dir='ltr'><strong>τοῦ</strong></span> 
     </span>
    </p>
   </div>
   <div class='ocr_carea' id='block_1_8' title="bbox 139 330 932 367">
    <p class='ocr_par' dir='ltr' id='par_1_8' title="bbox 139 330 932 367">
     <span class='ocr_line' id='line_1_8' title="bbox 139 330 932 367; baseline 0.001 -10"><span class='ocrx_word' id='word_1_45' title='bbox 139 331 258 367; x_wconf 80' lang='grc' dir='ltr'><strong>Χριστοῦ</strong></span> <span class='ocrx_word' id='word_1_46' title='bbox 280 330 457 366; x_wconf 83' lang='grc' dir='ltr'><strong>σεμνύνεσθαι</strong></span> <span class='ocrx_word' id='word_1_47' title='bbox 480 331 603 366; x_wconf 83' lang='grc' dir='ltr'>ὀνόματι,</span> <span class='ocrx_word' id='word_1_48' title='bbox 619 332 650 358; x_wconf 85' lang='grc' dir='ltr'><strong>οὐ</strong></span> <span class='ocrx_word' id='word_1_49' title='bbox 667 332 718 367; x_wconf 87' lang='grc' dir='ltr'><strong>μὴν</strong></span> <span class='ocrx_word' id='word_1_50' title='bbox 731 333 764 367; x_wconf 84' lang='grc' dir='ltr'>τῇ</span> <span class='ocrx_word' id='word_1_51' title='bbox 782 331 871 358; x_wconf 77' lang='grc' dir='ltr'>πίστει</span> <span class='ocrx_word' id='word_1_52' title='bbox 885 332 932 358; x_wconf 70' lang='grc' dir='ltr'><strong>καὶ</strong></span> 
     </span>
    </p>
   </div>
   <div class='ocr_carea' id='block_1_9' title="bbox 139 377 932 414">
    <p class='ocr_par' dir='ltr' id='par_1_9' title="bbox 139 377 932 414">
     <span class='ocr_line' id='line_1_9' title="bbox 139 377 932 414; baseline 0.001 -11"><span class='ocrx_word' id='word_1_53' title='bbox 139 378 197 408; x_wconf 83' lang='grc' dir='ltr'>τοῖς</span> <span class='ocrx_word' id='word_1_54' title='bbox 211 377 311 413; x_wconf 75' lang='grc' dir='ltr'>ἔργοις.</span> <span class='ocrx_word' id='word_1_55' title='bbox 326 377 404 403; x_wconf 78' lang='grc' dir='ltr'>Οὕτω</span> <span class='ocrx_word' id='word_1_56' title='bbox 420 378 469 404; x_wconf 73' lang='grc' dir='ltr'>καὶ</span> <span class='ocrx_word' id='word_1_57' title='bbox 483 378 508 404; x_wconf 78' lang='grc' dir='ltr'>οἱ</span> <span class='ocrx_word' id='word_1_58' title='bbox 529 377 601 412; x_wconf 73' lang='grc' dir='ltr'>ἅγιοι</span> <span class='ocrx_word' id='word_1_59' title='bbox 616 377 663 404; x_wconf 82' lang='grc' dir='ltr'><strong>τοῦ</strong></span> <span class='ocrx_word' id='word_1_60' title='bbox 678 377 795 414; x_wconf 83' lang='grc' dir='ltr'><strong>Χριστοῦ</strong></span> <span class='ocrx_word' id='word_1_61' title='bbox 813 377 932 413; x_wconf 80' lang='grc' dir='ltr'>μαθηταὶ</span> 
     </span>
    </p>
   </div>
   <div class='ocr_carea' id='block_1_10' title="bbox 140 421 932 460">
    <p class='ocr_par' dir='ltr' id='par_1_10' title="bbox 140 421 932 460">
     <span class='ocr_line' id='line_1_10' title="bbox 140 421 932 460; baseline 0.001 -11"><span class='ocrx_word' id='word_1_62' title='bbox 140 424 202 450; x_wconf 79' lang='grc' dir='ltr'>τότε</span> <span class='ocrx_word' id='word_1_63' title='bbox 219 423 342 460; x_wconf 79' lang='grc' dir='ltr'>μαθητὰς</span> <span class='ocrx_word' id='word_1_64' title='bbox 354 423 441 459; x_wconf 82' lang='grc' dir='ltr'>Ἰησοῦ</span> <span class='ocrx_word' id='word_1_65' title='bbox 458 424 571 455; x_wconf 79' lang='grc' dir='ltr'>ἑαυτοὺς</span> <span class='ocrx_word' id='word_1_66' title='bbox 582 424 707 455; x_wconf 75' lang='grc' dir='ltr'>ἐκάλουν,</span> <span class='ocrx_word' id='word_1_67' title='bbox 719 423 813 459; x_wconf 84' lang='grc' dir='ltr'>ὥσπερ</span> <span class='ocrx_word' id='word_1_68' title='bbox 826 421 872 450; x_wconf 77' lang='grc' dir='ltr'><strong>οὖν</strong></span> <span class='ocrx_word' id='word_1_69' title='bbox 885 424 932 450; x_wconf 78' lang='grc' dir='ltr'>καὶ</span> 
     </span>
    </p>
   </div>
   <div class='ocr_carea' id='block_1_11' title="bbox 140 466 932 504">
    <p class='ocr_par' dir='ltr' id='par_1_11' title="bbox 140 466 932 504">
     <span class='ocr_line' id='line_1_11' title="bbox 140 466 932 504; baseline 0.001 -10"><span class='ocrx_word' id='word_1_70' title='bbox 140 466 227 503; x_wconf 74' lang='grc' dir='ltr'>ἦσαν·</span> <span class='ocrx_word' id='word_1_71' title='bbox 258 468 403 500; x_wconf 85' lang='grc' dir='ltr'>ἀκούοντες</span> <span class='ocrx_word' id='word_1_72' title='bbox 428 468 457 494; x_wconf 82' lang='grc' dir='ltr'><strong>δὲ</strong></span> <span class='ocrx_word' id='word_1_73' title='bbox 479 468 555 504; x_wconf 83' lang='grc' dir='ltr'>παρὰ</span> <span class='ocrx_word' id='word_1_74' title='bbox 576 469 662 496; x_wconf 83' lang='grc' dir='ltr'>ἄλλων</span> <span class='ocrx_word' id='word_1_75' title='bbox 684 470 856 504; x_wconf 80' lang='grc' dir='ltr'>Ναζωραῖοι,</span> <span class='ocrx_word' id='word_1_76' title='bbox 883 469 932 495; x_wconf 83' lang='grc' dir='ltr'>οὐκ</span> 
     </span>
    </p>
   </div>
   <div class='ocr_carea' id='block_1_12' title="bbox 141 513 933 553">
    <p class='ocr_par' dir='ltr' id='par_1_12' title="bbox 141 513 933 553">
     <span class='ocr_line' id='line_1_12' title="bbox 141 513 933 553; baseline 0.001 -14"><span class='ocrx_word' id='word_1_77' title='bbox 141 513 291 548; x_wconf 80' lang='grc' dir='ltr'>ὴναίνοντο,</span> <span class='ocrx_word' id='word_1_78' title='bbox 307 513 354 539; x_wconf 81' lang='grc' dir='ltr'>τὸν</span> <span class='ocrx_word' id='word_1_79' title='bbox 373 513 474 540; x_wconf 83' lang='grc' dir='ltr'>σκοπὸν</span> <span class='ocrx_word' id='word_1_80' title='bbox 489 514 653 549; x_wconf 76' lang='grc' dir='ltr'><strong>Θεωροῦντες</strong></span> <span class='ocrx_word' id='word_1_81' title='bbox 667 514 721 540; x_wconf 83' lang='grc' dir='ltr'><strong>τῶν</strong></span> <span class='ocrx_word' id='word_1_82' title='bbox 734 514 814 553; x_wconf 63' lang='grc' dir='ltr'>τοῦτο</span> <span class='ocrx_word' id='word_1_83' title='bbox 834 514 933 546; x_wconf 82' lang='grc' dir='ltr'>αὐτοὺς</span> 
     </span>
    </p>
   </div>
   <div class='ocr_carea' id='block_1_13' title="bbox 142 558 933 595">
    <p class='ocr_par' dir='ltr' id='par_1_13' title="bbox 142 558 933 595">
     <span class='ocr_line' id='line_1_13' title="bbox 142 558 933 595; baseline 0 -9"><span class='ocrx_word' id='word_1_84' title='bbox 142 558 310 591; x_wconf 83' lang='grc' dir='ltr'><strong>καλούντων,</strong></span> <span class='ocrx_word' id='word_1_85' title='bbox 324 559 366 586; x_wconf 83' lang='grc' dir='ltr'>ὅτι</span> <span class='ocrx_word' id='word_1_86' title='bbox 384 559 428 585; x_wconf 86' lang='grc' dir='ltr'><strong>διὰ</strong></span> <span class='ocrx_word' id='word_1_87' title='bbox 444 559 561 595; x_wconf 70' lang='grc' dir='ltr'>Χριστὸν</span> <span class='ocrx_word' id='word_1_88' title='bbox 579 560 677 591; x_wconf 82' lang='grc' dir='ltr'>αὐτοὺς</span> <span class='ocrx_word' id='word_1_89' title='bbox 693 560 822 587; x_wconf 72' lang='grc' dir='ltr'>ἐκάλουν·</span> <span class='ocrx_word' id='word_1_90' title='bbox 840 560 933 595; x_wconf 82' lang='grc' dir='ltr'>ἐπειδὴ</span> 
     </span>
    </p>
   </div>
   <div class='ocr_carea' id='block_1_14' title="bbox 141 605 931 641">
    <p class='ocr_par' dir='ltr' id='par_1_14' title="bbox 141 605 931 641">
     <span class='ocr_line' id='line_1_14' title="bbox 141 605 931 641; baseline 0.003 -11"><span class='ocrx_word' id='word_1_91' title='bbox 141 605 188 631; x_wconf 83' lang='grc' dir='ltr'>καὶ</span> <span class='ocrx_word' id='word_1_92' title='bbox 208 605 290 636; x_wconf 76' lang='grc' dir='ltr'>αὐτὸς</span> <span class='ocrx_word' id='word_1_93' title='bbox 311 605 326 630; x_wconf 83' lang='grc' dir='ltr'><strong><em>ὁ</em></strong></span> <span class='ocrx_word' id='word_1_94' title='bbox 350 605 451 640; x_wconf 82' lang='grc' dir='ltr'>Κύριος</span> <span class='ocrx_word' id='word_1_95' title='bbox 477 605 581 640; x_wconf 88' lang='grc' dir='ltr'>Ἰησοῦς</span> <span class='ocrx_word' id='word_1_96' title='bbox 608 605 769 641; x_wconf 69' lang='grc' dir='ltr'>Ναζωραῖος</span> <span class='ocrx_word' id='word_1_97' title='bbox 791 606 931 638; x_wconf 75' lang='grc' dir='ltr'>ἐκαλεῖτο,</span> 
     </span>
    </p>
   </div>
   <div class='ocr_carea' id='block_1_15' title="bbox 141 650 932 687">
    <p class='ocr_par' dir='ltr' id='par_1_15' title="bbox 141 650 932 687">
     <span class='ocr_line' id='line_1_15' title="bbox 141 650 932 687; baseline 0.003 -10"><span class='ocrx_word' id='word_1_98' title='bbox 141 650 237 686; x_wconf 83' lang='grc' dir='ltr'>ὥσπερ</span> <span class='ocrx_word' id='word_1_99' title='bbox 254 651 310 686; x_wconf 75' lang='grc' dir='ltr'>ἔχει</span> <span class='ocrx_word' id='word_1_100' title='bbox 324 651 359 678; x_wconf 82' lang='grc' dir='ltr'>τὰ</span> <span class='ocrx_word' id='word_1_101' title='bbox 373 651 537 686; x_wconf 84' lang='grc' dir='ltr'>Εὐαγγέλια,</span> <span class='ocrx_word' id='word_1_102' title='bbox 556 652 604 678; x_wconf 79' lang='grc' dir='ltr'><strong>καὶ</strong></span> <span class='ocrx_word' id='word_1_103' title='bbox 622 652 649 678; x_wconf 92' lang='grc' dir='ltr'>αἱ</span> <span class='ocrx_word' id='word_1_104' title='bbox 665 651 783 687; x_wconf 80' lang='grc' dir='ltr'>Πράξεις</span> <span class='ocrx_word' id='word_1_105' title='bbox 795 652 849 678; x_wconf 84' lang='grc' dir='ltr'>τῶν</span> <span class='ocrx_word' id='word_1_106' title='bbox 864 653 932 679; x_wconf 81' lang='grc' dir='ltr'>ἀπο-</span> 
     </span>
    </p>
   </div>
   <div class='ocr_carea' id='block_1_16' title="bbox 144 697 933 735">
    <p class='ocr_par' dir='ltr' id='par_1_16' title="bbox 144 697 933 735">
     <span class='ocr_line' id='line_1_16' title="bbox 144 697 933 735; baseline 0.001 -12"><span class='ocrx_word' id='word_1_107' title='bbox 144 697 255 724; x_wconf 82' lang='grc' dir='ltr'>στόλων·</span> <span class='ocrx_word' id='word_1_108' title='bbox 269 697 312 724; x_wconf 73' lang='grc' dir='ltr'>διὰ</span> <span class='ocrx_word' id='word_1_109' title='bbox 326 698 356 724; x_wconf 82' lang='grc' dir='ltr'>τὸ</span> <span class='ocrx_word' id='word_1_110' title='bbox 371 698 400 724; x_wconf 78' lang='grc' dir='ltr'>ἐν</span> <span class='ocrx_word' id='word_1_111' title='bbox 415 700 447 734; x_wconf 87' lang='grc' dir='ltr'>τῇ</span> <span class='ocrx_word' id='word_1_112' title='bbox 465 698 541 724; x_wconf 83' lang='grc' dir='ltr'>πόλει</span> <span class='ocrx_word' id='word_1_113' title='bbox 555 698 682 734; x_wconf 78' lang='grc' dir='ltr'>Ναζαρὲτ</span> <span class='ocrx_word' id='word_1_114' title='bbox 698 698 789 728; x_wconf 81' lang='grc' dir='ltr'>αὑτὸν,</span> <span class='ocrx_word' id='word_1_115' title='bbox 805 697 886 735; x_wconf 83' lang='grc' dir='ltr'><strong>κώμῃ</strong></span> <span class='ocrx_word' id='word_1_116' title='bbox 905 698 933 724; x_wconf 84' lang='grc' dir='ltr'>δὲ</span> 
     </span>
    </p>
   </div>
   <div class='ocr_carea' id='block_1_17' title="bbox 144 743 935 780">
    <p class='ocr_par' dir='ltr' id='par_1_17' title="bbox 144 743 935 780">
     <span class='ocr_line' id='line_1_17' title="bbox 144 743 935 780; baseline 0.001 -10"><span class='ocrx_word' id='word_1_117' title='bbox 144 744 179 770; x_wconf 75' lang='grc' dir='ltr'>τὰ</span> <span class='ocrx_word' id='word_1_118' title='bbox 200 744 247 771; x_wconf 84' lang='grc' dir='ltr'><strong>νῦν</strong></span> <span class='ocrx_word' id='word_1_119' title='bbox 267 743 345 780; x_wconf 67' lang='lat' dir='ltr'><strong>abun,</strong></span> <span class='ocrx_word' id='word_1_120' title='bbox 362 744 563 780; x_wconf 68' lang='grc' dir='ltr'><strong>ἀνατετράφθαι</strong></span> <span class='ocrx_word' id='word_1_121' title='bbox 579 746 608 771; x_wconf 83' lang='grc' dir='ltr'>ὲν</span> <span class='ocrx_word' id='word_1_122' title='bbox 624 745 690 780; x_wconf 77' lang='grc' dir='ltr'>οἴκῳ</span> <span class='ocrx_word' id='word_1_123' title='bbox 709 745 822 780; x_wconf 79' lang='grc' dir='ltr'>Ἰωσὴφ,</span> <span class='ocrx_word' id='word_1_124' title='bbox 840 753 935 780; x_wconf 84' lang='grc' dir='ltr'>γεννη-</span> 
     </span>
    </p>
   </div>
   <div class='ocr_carea' id='block_1_18' title="bbox 144 790 934 827">
    <p class='ocr_par' dir='ltr' id='par_1_18' title="bbox 144 790 934 827">
     <span class='ocr_line' id='line_1_18' title="bbox 144 790 934 827; baseline 0.003 -11"><span class='ocrx_word' id='word_1_125' title='bbox 144 790 226 817; x_wconf 83' lang='grc' dir='ltr'>θέντα</span> <span class='ocrx_word' id='word_1_126' title='bbox 242 790 314 817; x_wconf 78' lang='grc' dir='ltr'>κατὰ</span> <span class='ocrx_word' id='word_1_127' title='bbox 329 790 417 826; x_wconf 81' lang='grc' dir='ltr'>σάρκα</span> <span class='ocrx_word' id='word_1_128' title='bbox 433 793 461 817; x_wconf 82' lang='grc' dir='ltr'>ὲν</span> <span class='ocrx_word' id='word_1_129' title='bbox 477 791 600 827; x_wconf 80' lang='grc' dir='ltr'>Βηθλεὲμ</span> <span class='ocrx_word' id='word_1_130' title='bbox 619 791 673 818; x_wconf 80' lang='grc' dir='ltr'><strong>ἀπὸ</strong></span> <span class='ocrx_word' id='word_1_131' title='bbox 688 791 796 826; x_wconf 78' lang='grc' dir='ltr'>Μαρίας</span> <span class='ocrx_word' id='word_1_132' title='bbox 814 791 862 826; x_wconf 80' lang='grc' dir='ltr'>τῆς</span> <span class='ocrx_word' id='word_1_133' title='bbox 876 792 934 818; x_wconf 84' lang='grc' dir='ltr'>ἀει-</span> 
     </span>
    </p>
   </div>
   <div class='ocr_carea' id='block_1_19' title="bbox 145 836 933 873">
    <p class='ocr_par' dir='ltr' id='par_1_19' title="bbox 145 836 933 873">
     <span class='ocr_line' id='line_1_19' title="bbox 145 836 933 873; baseline 0 -10"><span class='ocrx_word' id='word_1_134' title='bbox 145 837 281 872; x_wconf 80' lang='grc' dir='ltr'>παρθένου</span> <span class='ocrx_word' id='word_1_135' title='bbox 293 837 343 873; x_wconf 84' lang='grc' dir='ltr'><strong>τῆς</strong></span> <span class='ocrx_word' id='word_1_136' title='bbox 360 837 602 873; x_wconf 79' lang='grc' dir='ltr'>μεμνηστευμένης</span> <span class='ocrx_word' id='word_1_137' title='bbox 615 836 714 872; x_wconf 84' lang='grc' dir='ltr'>Ἰωσὴφ</span> <span class='ocrx_word' id='word_1_138' title='bbox 727 837 765 872; x_wconf 82' lang='grc' dir='ltr'>τῷ</span> <span class='ocrx_word' id='word_1_139' title='bbox 776 838 804 863; x_wconf 79' lang='grc' dir='ltr'>ὲν</span> <span class='ocrx_word' id='word_1_140' title='bbox 818 838 850 873; x_wconf 86' lang='grc' dir='ltr'>τῇ</span> <span class='ocrx_word' id='word_1_141' title='bbox 866 837 933 872; x_wconf 71' lang='grc' dir='ltr'>αὐτῇ</span> 
     </span>
    </p>
   </div>
   <div class='ocr_carea' id='block_1_20' title="bbox 144 883 934 920">
    <p class='ocr_par' dir='ltr' id='par_1_20' title="bbox 144 883 934 920">
     <span class='ocr_line' id='line_1_20' title="bbox 144 883 934 920; baseline 0.001 -10"><span class='ocrx_word' id='word_1_142' title='bbox 144 883 273 919; x_wconf 79' lang='grc' dir='ltr'>Ναζαρὲτ</span> <span class='ocrx_word' id='word_1_143' title='bbox 294 884 476 919; x_wconf 82' lang='grc' dir='ltr'>μετῳκηκότι,</span> <span class='ocrx_word' id='word_1_144' title='bbox 502 884 569 920; x_wconf 74' lang='grc' dir='ltr'>μετὰ</span> <span class='ocrx_word' id='word_1_145' title='bbox 590 884 620 910; x_wconf 84' lang='grc' dir='ltr'>τὸ</span> <span class='ocrx_word' id='word_1_146' title='bbox 639 884 694 911; x_wconf 81' lang='grc' dir='ltr'>ἀπὸ</span> <span class='ocrx_word' id='word_1_147' title='bbox 710 884 834 920; x_wconf 87' lang='grc' dir='ltr'>Βηθλεὲμ</span> <span class='ocrx_word' id='word_1_148' title='bbox 854 883 934 911; x_wconf 77' lang='grc' dir='ltr'>αὑτὸν</span> 
     </span>
    </p>
   </div>
   <div class='ocr_carea' id='block_1_21' title="bbox 147 929 818 966">
    <p class='ocr_par' dir='ltr' id='par_1_21' title="bbox 147 929 818 966">
     <span class='ocr_line' id='line_1_21' title="bbox 147 929 818 966; baseline 0 -10"><span class='ocrx_word' id='word_1_149' title='bbox 147 930 354 966; x_wconf 79' lang='grc' dir='ltr'>μεταναστάντα</span> <span class='ocrx_word' id='word_1_150' title='bbox 368 931 397 956; x_wconf 85' lang='grc' dir='ltr'>ἐν</span> <span class='ocrx_word' id='word_1_151' title='bbox 411 931 444 965; x_wconf 83' lang='grc' dir='ltr'>τῇ</span> <span class='ocrx_word' id='word_1_152' title='bbox 459 930 587 966; x_wconf 74' lang='grc' dir='ltr'>Γαλιλαίᾳ</span> <span class='ocrx_word' id='word_1_153' title='bbox 604 929 818 965; x_wconf 82' lang='grc' dir='ltr'>κατοικισθῆναι.</span> 
     </span>
    </p>
   </div>
   <div class='ocr_carea' id='block_1_22' title="bbox 182 1013 935 1053">
    <p class='ocr_par' dir='ltr' id='par_1_22' title="bbox 182 1013 935 1053">
     <span class='ocr_line' id='line_1_22' title="bbox 182 1013 935 1053; baseline -0.001 -9"><span class='ocrx_word' id='word_1_154' title='bbox 182 1018 217 1044; x_wconf 92' lang='grc' dir='ltr'><strong>Ζ’.</strong></span> <span class='ocrx_word' id='word_1_155' title='bbox 235 1013 314 1044; x_wconf 86' lang='grc' dir='ltr'>Οῦτοι</span> <span class='ocrx_word' id='word_1_156' title='bbox 329 1017 357 1044; x_wconf 82' lang='grc' dir='ltr'><strong>δὲ</strong></span> <span class='ocrx_word' id='word_1_157' title='bbox 372 1017 397 1043; x_wconf 79' lang='grc' dir='ltr'><strong>οἱ</strong></span> <span class='ocrx_word' id='word_1_158' title='bbox 418 1017 611 1053; x_wconf 79' lang='grc' dir='ltr'><strong>προειρημένοι</strong></span> <span class='ocrx_word' id='word_1_159' title='bbox 632 1017 802 1052; x_wconf 75' lang='grc' dir='ltr'>αἱρεσιῶται,</span> <span class='ocrx_word' id='word_1_160' title='bbox 818 1017 882 1053; x_wconf 77' lang='grc' dir='ltr'>περὶ</span> <span class='ocrx_word' id='word_1_161' title='bbox 898 1013 935 1043; x_wconf 84' lang='grc' dir='ltr'>ὧν</span> 
     </span>
    </p>
   </div>
   <div class='ocr_carea' id='block_1_23' title="bbox 146 1061 936 1098">
    <p class='ocr_par' dir='ltr' id='par_1_23' title="bbox 146 1061 936 1098">
     <span class='ocr_line' id='line_1_23' title="bbox 146 1061 936 1098; baseline 0.001 -10"><span class='ocrx_word' id='word_1_162' title='bbox 146 1061 265 1089; x_wconf 72' lang='grc' dir='ltr'>ἐνταῦθα</span> <span class='ocrx_word' id='word_1_163' title='bbox 278 1061 326 1097; x_wconf 86' lang='grc' dir='ltr'>τὴν</span> <span class='ocrx_word' id='word_1_164' title='bbox 341 1063 478 1098; x_wconf 80' lang='grc' dir='ltr'><strong>ἀφήγησιν</strong></span> <span class='ocrx_word' id='word_1_165' title='bbox 491 1061 650 1097; x_wconf 81' lang='grc' dir='ltr'>ποιούμεθα,</span> <span class='ocrx_word' id='word_1_166' title='bbox 662 1062 793 1098; x_wconf 79' lang='grc' dir='ltr'>παρέντες</span> <span class='ocrx_word' id='word_1_167' title='bbox 806 1061 836 1089; x_wconf 77' lang='grc' dir='ltr'><strong>τὸ</strong></span> <span class='ocrx_word' id='word_1_168' title='bbox 851 1063 936 1097; x_wconf 78' lang='grc' dir='ltr'>ὄνομα</span> 
     </span>
    </p>
   </div>
   <div class='ocr_carea' id='block_1_24' title="bbox 146 1102 935 1143">
    <p class='ocr_par' dir='ltr' id='par_1_24' title="bbox 146 1102 935 1143">
     <span class='ocr_line' id='line_1_24' title="bbox 146 1102 935 1143; baseline 0 -9"><span class='ocrx_word' id='word_1_169' title='bbox 146 1102 193 1134; x_wconf 67' lang='grc' dir='ltr'><strong>τοῦ</strong></span> <span class='ocrx_word' id='word_1_170' title='bbox 208 1108 307 1143; x_wconf 85' lang='grc' dir='ltr'>Ἰησοῦ,</span> <span class='ocrx_word' id='word_1_171' title='bbox 321 1107 382 1135; x_wconf 77' lang='grc' dir='ltr'>οὔτε</span> <span class='ocrx_word' id='word_1_172' title='bbox 399 1108 546 1140; x_wconf 80' lang='grc' dir='ltr'>Ἰεσσαίους</span> <span class='ocrx_word' id='word_1_173' title='bbox 558 1109 671 1139; x_wconf 74' lang='grc' dir='ltr'>ἑαυτοὺς</span> <span class='ocrx_word' id='word_1_174' title='bbox 686 1108 862 1143; x_wconf 81' lang='grc' dir='ltr'>κεκλήκασιν,</span> <span class='ocrx_word' id='word_1_175' title='bbox 874 1108 935 1134; x_wconf 70' lang='grc' dir='ltr'>οὗτε</span> 
     </span>
    </p>
   </div>
   <div class='ocr_carea' id='block_1_25' title="bbox 145 1153 957 1189">
    <p class='ocr_par' dir='ltr' id='par_1_25' title="bbox 145 1153 957 1189">
     <span class='ocr_line' id='line_1_25' title="bbox 145 1153 957 1189; baseline -0.002 -9"><span class='ocrx_word' id='word_1_176' title='bbox 145 1153 201 1180; x_wconf 81' lang='grc' dir='ltr'><strong>τῶν</strong></span> <span class='ocrx_word' id='word_1_177' title='bbox 220 1153 355 1180; x_wconf 83' lang='grc' dir='ltr'>Ἰουδαίων</span> <span class='ocrx_word' id='word_1_178' title='bbox 374 1153 484 1188; x_wconf 78' lang='grc' dir='ltr'>ἔμειναν</span> <span class='ocrx_word' id='word_1_179' title='bbox 504 1153 611 1189; x_wconf 72' lang='grc' dir='ltr'>ἔχοντες</span> <span class='ocrx_word' id='word_1_180' title='bbox 630 1153 661 1179; x_wconf 82' lang='grc' dir='ltr'>τὸ</span> <span class='ocrx_word' id='word_1_181' title='bbox 675 1153 770 1188; x_wconf 73' lang='grc' dir='ltr'>ὄνομα,</span> <span class='ocrx_word' id='word_1_182' title='bbox 789 1153 852 1179; x_wconf 75' lang='grc' dir='ltr'>οὕτε</span> <span class='ocrx_word' id='word_1_183' title='bbox 871 1154 936 1189; x_wconf 87' lang='grc' dir='ltr'>Χρι-</span> <span class='ocrx_word' id='word_1_184' title='bbox 953 1172 957 1177; x_wconf 91' lang='grc'>.</span> 
     </span>
    </p>
   </div>
   <div class='ocr_carea' id='block_1_26' title="bbox 147 1198 935 1235">
    <p class='ocr_par' dir='ltr' id='par_1_26' title="bbox 147 1198 935 1235">
     <span class='ocr_line' id='line_1_26' title="bbox 147 1198 935 1235; baseline -0.001 -9"><span class='ocrx_word' id='word_1_185' title='bbox 147 1200 270 1231; x_wconf 84' lang='grc' dir='ltr'>στιανοὺς</span> <span class='ocrx_word' id='word_1_186' title='bbox 301 1200 414 1231; x_wconf 78' lang='grc' dir='ltr'>ἑαυτοὺς</span> <span class='ocrx_word' id='word_1_187' title='bbox 444 1200 635 1234; x_wconf 73' lang='grc' dir='ltr'>ἐπωνόμασαν,</span> <span class='ocrx_word' id='word_1_188' title='bbox 657 1199 724 1226; x_wconf 83' lang='grc' dir='ltr'>ἀλλὰ</span> <span class='ocrx_word' id='word_1_189' title='bbox 747 1198 935 1235; x_wconf 79' lang='grc' dir='ltr'>Ναζωραίους,</span> 
     </span>
    </p>
   </div>
   <div class='ocr_carea' id='block_1_27' title="bbox 145 1244 935 1280">
    <p class='ocr_par' dir='ltr' id='par_1_27' title="bbox 145 1244 935 1280">
     <span class='ocr_line' id='line_1_27' title="bbox 145 1244 935 1280; baseline 0.001 -10"><span class='ocrx_word' id='word_1_190' title='bbox 145 1244 227 1278; x_wconf 85' lang='grc' dir='ltr'>δῆθεν</span> <span class='ocrx_word' id='word_1_191' title='bbox 244 1244 297 1271; x_wconf 76' lang='grc' dir='ltr'>ἀπὸ</span> <span class='ocrx_word' id='word_1_192' title='bbox 312 1245 362 1279; x_wconf 78' lang='grc' dir='ltr'>τῆς</span> <span class='ocrx_word' id='word_1_193' title='bbox 381 1244 427 1271; x_wconf 78' lang='grc' dir='ltr'><strong>τοῦ</strong></span> <span class='ocrx_word' id='word_1_194' title='bbox 445 1245 537 1276; x_wconf 81' lang='grc' dir='ltr'>τόπου,</span> <span class='ocrx_word' id='word_1_195' title='bbox 556 1245 607 1280; x_wconf 82' lang='grc' dir='ltr'>τῆς</span> <span class='ocrx_word' id='word_1_196' title='bbox 621 1244 748 1280; x_wconf 76' lang='grc' dir='ltr'>Ναζαρὲτ</span> <span class='ocrx_word' id='word_1_197' title='bbox 768 1245 935 1280; x_wconf 75' lang='grc' dir='ltr'>ἐπωνυμίας.</span> 
     </span>
    </p>
   </div>
   <div class='ocr_carea' id='block_1_28' title="bbox 147 1289 937 1326">
    <p class='ocr_par' dir='ltr' id='par_1_28' title="bbox 147 1289 937 1326">
     <span class='ocr_line' id='line_1_28' title="bbox 147 1289 937 1326; baseline 0.001 -11"><span class='ocrx_word' id='word_1_198' title='bbox 147 1289 188 1315; x_wconf 80' lang='grc' dir='ltr'>Τὰ</span> <span class='ocrx_word' id='word_1_199' title='bbox 202 1289 289 1316; x_wconf 84' lang='grc' dir='ltr'>πάντα</span> <span class='ocrx_word' id='word_1_200' title='bbox 304 1290 332 1316; x_wconf 80' lang='grc' dir='ltr'><strong>δέ</strong></span> <span class='ocrx_word' id='word_1_201' title='bbox 345 1290 414 1316; x_wconf 75' lang='grc' dir='ltr'>εἰσιν</span> <span class='ocrx_word' id='word_1_202' title='bbox 428 1290 560 1323; x_wconf 85' lang='grc' dir='ltr'>Ἰουδαῖοι,</span> <span class='ocrx_word' id='word_1_203' title='bbox 574 1291 621 1316; x_wconf 66' lang='grc' dir='ltr'>καὶ</span> <span class='ocrx_word' id='word_1_204' title='bbox 636 1289 710 1317; x_wconf 78' lang='grc' dir='ltr'>οὐδὲν</span> <span class='ocrx_word' id='word_1_205' title='bbox 723 1290 825 1326; x_wconf 74' lang='grc' dir='ltr'>ἕτερον.</span> <span class='ocrx_word' id='word_1_206' title='bbox 841 1290 937 1326; x_wconf 86' lang='grc' dir='ltr'>Χρῶν-</span> 
     </span>
    </p>
   </div>
   <div class='ocr_carea' id='block_1_29' title="bbox 147 1332 936 1372">
    <p class='ocr_par' dir='ltr' id='par_1_29' title="bbox 147 1332 936 1372">
     <span class='ocr_line' id='line_1_29' title="bbox 147 1332 936 1372; baseline 0.003 -12"><span class='ocrx_word' id='word_1_207' title='bbox 147 1343 192 1361; x_wconf 84' lang='grc' dir='ltr'><strong>ται</strong></span> <span class='ocrx_word' id='word_1_208' title='bbox 205 1334 233 1361; x_wconf 80' lang='grc' dir='ltr'><strong>δὲ</strong></span> <span class='ocrx_word' id='word_1_209' title='bbox 245 1332 316 1362; x_wconf 80' lang='grc' dir='ltr'>οὗτοι</span> <span class='ocrx_word' id='word_1_210' title='bbox 330 1336 359 1362; x_wconf 84' lang='grc' dir='ltr'><strong>οὐ</strong></span> <span class='ocrx_word' id='word_1_211' title='bbox 375 1335 453 1370; x_wconf 87' lang='grc' dir='ltr'>μόνον</span> <span class='ocrx_word' id='word_1_212' title='bbox 467 1336 525 1372; x_wconf 74' lang='grc' dir='ltr'><strong>Νέᾳ</strong></span> <span class='ocrx_word' id='word_1_213' title='bbox 537 1335 669 1372; x_wconf 80' lang='grc' dir='ltr'>Διαθήκῃ,</span> <span class='ocrx_word' id='word_1_214' title='bbox 683 1335 751 1362; x_wconf 88' lang='grc' dir='ltr'>ἀλλὰ</span> <span class='ocrx_word' id='word_1_215' title='bbox 762 1336 809 1362; x_wconf 72' lang='grc' dir='ltr'>καὶ</span> <span class='ocrx_word' id='word_1_216' title='bbox 822 1336 936 1371; x_wconf 85' lang='grc' dir='ltr'>Παλαιᾷ,</span> 
     </span>
    </p>
   </div>
   <div class='ocr_carea' id='block_1_30' title="bbox 149 1380 937 1418">
    <p class='ocr_par' dir='ltr' id='par_1_30' title="bbox 149 1380 937 1418">
     <span class='ocr_line' id='line_1_30' title="bbox 149 1380 937 1418; baseline 0.003 -12"><span class='ocrx_word' id='word_1_217' title='bbox 149 1380 275 1417; x_wconf 79' lang='grc' dir='ltr'>καθάπερ</span> <span class='ocrx_word' id='word_1_218' title='bbox 293 1382 339 1408; x_wconf 80' lang='grc' dir='ltr'><strong>καὶ</strong></span> <span class='ocrx_word' id='word_1_219' title='bbox 354 1383 378 1408; x_wconf 82' lang='grc' dir='ltr'><strong>οἱ</strong></span> <span class='ocrx_word' id='word_1_220' title='bbox 393 1382 524 1409; x_wconf 82' lang='grc' dir='ltr'>Ἰουδαῖοι.</span> <span class='ocrx_word' id='word_1_221' title='bbox 541 1383 578 1408; x_wconf 76' lang='grc' dir='ltr'><strong>Οὐ</strong></span> <span class='ocrx_word' id='word_1_222' title='bbox 592 1381 646 1418; x_wconf 81' lang='grc' dir='ltr'>γὰρ</span> <span class='ocrx_word' id='word_1_223' title='bbox 667 1382 854 1418; x_wconf 76' lang='grc' dir='ltr'>ἀπηγόρευται</span> <span class='ocrx_word' id='word_1_224' title='bbox 872 1383 937 1417; x_wconf 83' lang='grc' dir='ltr'>παρ’</span> 
     </span>
    </p>
   </div>
   <div class='ocr_carea' id='block_1_31' title="bbox 149 1427 938 1463">
    <p class='ocr_par' dir='ltr' id='par_1_31' title="bbox 149 1427 938 1463">
     <span class='ocr_line' id='line_1_31' title="bbox 149 1427 938 1463; baseline 0.001 -10"><span class='ocrx_word' id='word_1_225' title='bbox 149 1427 243 1458; x_wconf 70' lang='grc' dir='ltr'>αὐτοῖς</span> <span class='ocrx_word' id='word_1_226' title='bbox 265 1427 412 1462; x_wconf 85' lang='grc' dir='ltr'>νομοθεσία</span> <span class='ocrx_word' id='word_1_227' title='bbox 435 1428 482 1454; x_wconf 77' lang='grc' dir='ltr'><strong>καὶ</strong></span> <span class='ocrx_word' id='word_1_228' title='bbox 508 1428 645 1463; x_wconf 73' lang='grc' dir='ltr'>προφῆται</span> <span class='ocrx_word' id='word_1_229' title='bbox 672 1428 720 1454; x_wconf 60' lang='grc' dir='ltr'><strong>καὶ⁵</strong></span> <span class='ocrx_word' id='word_1_230' title='bbox 744 1429 880 1463; x_wconf 81' lang='grc' dir='ltr'>γραφεῖα,</span> <span class='ocrx_word' id='word_1_231' title='bbox 904 1428 938 1455; x_wconf 88' lang='grc' dir='ltr'>τὰ</span> 
     </span>
    </p>
   </div>
   <div class='ocr_carea' id='block_1_32' title="bbox 151 1472 940 1510">
    <p class='ocr_par' dir='ltr' id='par_1_32' title="bbox 151 1472 940 1510">
     <span class='ocr_line' id='line_1_32' title="bbox 151 1472 940 1510; baseline 0.001 -11"><span class='ocrx_word' id='word_1_232' title='bbox 151 1472 227 1508; x_wconf 77' lang='grc' dir='ltr'>παρὰ</span> <span class='ocrx_word' id='word_1_233' title='bbox 243 1473 381 1505; x_wconf 84' lang='grc' dir='ltr'>Ἰουδαίοις</span> <span class='ocrx_word' id='word_1_234' title='bbox 398 1473 436 1509; x_wconf 89' lang='lat'><strong>(9)</strong></span> <span class='ocrx_word' id='word_1_235' title='bbox 459 1473 612 1509; x_wconf 81' lang='grc' dir='ltr'>καλούμενα</span> <span class='ocrx_word' id='word_1_236' title='bbox 633 1473 736 1505; x_wconf 78' lang='grc' dir='ltr'>Βιϐλία,</span> <span class='ocrx_word' id='word_1_237' title='bbox 755 1473 848 1510; x_wconf 78' lang='grc' dir='ltr'>ὥσπερ</span> <span class='ocrx_word' id='word_1_238' title='bbox 863 1474 940 1510; x_wconf 78' lang='grc' dir='ltr'>παρὰ</span> 
     </span>
    </p>
   </div>
   <div class='ocr_carea' id='block_1_33' title="bbox 150 1517 938 1555">
    <p class='ocr_par' dir='ltr' id='par_1_33' title="bbox 150 1517 938 1555">
     <span class='ocr_line' id='line_1_33' title="bbox 150 1517 938 1555; baseline 0.004 -12"><span class='ocrx_word' id='word_1_239' title='bbox 150 1519 206 1548; x_wconf 89' lang='grc' dir='ltr'>τοῖς</span> <span class='ocrx_word' id='word_1_240' title='bbox 224 1518 449 1553; x_wconf 69' lang='grc' dir='ltr'>προειρημένοιςο</span> <span class='ocrx_word' id='word_1_241' title='bbox 466 1519 525 1545; x_wconf 85' lang='grc' dir='ltr'><strong>οὺδέ</strong></span> <span class='ocrx_word' id='word_1_242' title='bbox 546 1528 573 1545; x_wconf 88' lang='grc' dir='ltr'><strong>τι</strong></span> <span class='ocrx_word' id='word_1_243' title='bbox 593 1518 685 1554; x_wconf 75' lang='grc' dir='ltr'>ἓτερον</span> <span class='ocrx_word' id='word_1_244' title='bbox 698 1517 770 1546; x_wconf 80' lang='grc' dir='ltr'>οὗτοι</span> <span class='ocrx_word' id='word_1_245' title='bbox 784 1519 938 1555; x_wconf 81' lang='grc' dir='ltr'>φρονοῦσιν,</span> 
     </span>
    </p>
   </div>
   <div class='ocr_carea' id='block_1_34' title="bbox 151 1563 938 1600">
    <p class='ocr_par' dir='ltr' id='par_1_34' title="bbox 151 1563 938 1600">
     <span class='ocr_line' id='line_1_34' title="bbox 151 1563 938 1600; baseline 0.003 -10"><span class='ocrx_word' id='word_1_246' title='bbox 151 1563 218 1590; x_wconf 84' lang='grc' dir='ltr'>ἀλλὰ</span> <span class='ocrx_word' id='word_1_247' title='bbox 235 1564 306 1591; x_wconf 81' lang='grc' dir='ltr'>κατὰ</span> <span class='ocrx_word' id='word_1_248' title='bbox 319 1564 348 1590; x_wconf 86' lang='grc' dir='ltr'>τὺ</span> <span class='ocrx_word' id='word_1_249' title='bbox 361 1565 491 1600; x_wconf 86' lang='grc' dir='ltr'>κήρυγμα</span> <span class='ocrx_word' id='word_1_250' title='bbox 505 1565 551 1591; x_wconf 91' lang='grc' dir='ltr'><strong>τοῦ</strong></span> <span class='ocrx_word' id='word_1_251' title='bbox 566 1565 658 1600; x_wconf 83' lang='grc' dir='ltr'>νόμου,</span> <span class='ocrx_word' id='word_1_252' title='bbox 673 1565 719 1591; x_wconf 77' lang='grc' dir='ltr'><strong>καὶ</strong></span> <span class='ocrx_word' id='word_1_253' title='bbox 730 1565 767 1596; x_wconf 89' lang='grc' dir='ltr'>ὡς</span> <span class='ocrx_word' id='word_1_254' title='bbox 780 1567 804 1592; x_wconf 78' lang='grc' dir='ltr'>οἱ</span> <span class='ocrx_word' id='word_1_255' title='bbox 818 1566 938 1593; x_wconf 77' lang='grc' dir='ltr'>Ἰουδαῖοι</span> 
     </span>
    </p>
   </div>
   <div class='ocr_carea' id='block_1_35' title="bbox 151 1609 939 1648">
    <p class='ocr_par' dir='ltr' id='par_1_35' title="bbox 151 1609 939 1648">
     <span class='ocr_line' id='line_1_35' title="bbox 151 1609 939 1648; baseline 0.004 -13"><span class='ocrx_word' id='word_1_256' title='bbox 151 1609 241 1636; x_wconf 81' lang='grc' dir='ltr'>πάντα</span> <span class='ocrx_word' id='word_1_257' title='bbox 257 1610 347 1642; x_wconf 85' lang='grc' dir='ltr'>καλῶς</span> <span class='ocrx_word' id='word_1_258' title='bbox 358 1611 529 1646; x_wconf 83' lang='grc' dir='ltr'>ὁμολογοῦσι,</span> <span class='ocrx_word' id='word_1_259' title='bbox 546 1612 630 1647; x_wconf 77' lang='grc' dir='ltr'>χωρὶς</span> <span class='ocrx_word' id='word_1_260' title='bbox 647 1611 693 1637; x_wconf 82' lang='grc' dir='ltr'><strong>τοῦ</strong></span> <span class='ocrx_word' id='word_1_261' title='bbox 711 1612 751 1643; x_wconf 83' lang='grc' dir='ltr'>εἰς</span> <span class='ocrx_word' id='word_1_262' title='bbox 765 1612 881 1647; x_wconf 78' lang='grc' dir='ltr'>Χριστὸν</span> <span class='ocrx_word' id='word_1_263' title='bbox 893 1612 939 1648; x_wconf 85' lang='grc' dir='ltr'><strong>δῆ-</strong></span> 
     </span>
    </p>
   </div>
   <div class='ocr_carea' id='block_1_36' title="bbox 150 1655 939 1695">
    <p class='ocr_par' dir='ltr' id='par_1_36' title="bbox 150 1655 939 1695">
     <span class='ocr_line' id='line_1_36' title="bbox 150 1655 939 1695; baseline 0.006 -13"><span class='ocrx_word' id='word_1_264' title='bbox 150 1655 197 1682; x_wconf 83' lang='grc' dir='ltr'><strong>θεν</strong></span> <span class='ocrx_word' id='word_1_265' title='bbox 220 1658 440 1684; x_wconf 77' lang='grc' dir='ltr'>πεπιστευκέναι.</span> <span class='ocrx_word' id='word_1_266' title='bbox 468 1658 536 1694; x_wconf 70' lang='grc' dir='ltr'>Παρ*</span> <span class='ocrx_word' id='word_1_267' title='bbox 562 1658 652 1690; x_wconf 67' lang='grc' dir='ltr'>αὐτοῖς</span> <span class='ocrx_word' id='word_1_268' title='bbox 676 1658 730 1695; x_wconf 86' lang='grc' dir='ltr'>γὰρ</span> <span class='ocrx_word' id='word_1_269' title='bbox 756 1659 803 1686; x_wconf 70' lang='grc' dir='ltr'>καὶ</span> <span class='ocrx_word' id='word_1_270' title='bbox 835 1659 939 1695; x_wconf 83' lang='grc' dir='ltr'>νεκρῶν</span> 
     </span>
    </p>
   </div>
   <div class='ocr_carea' id='block_1_37' title="bbox 152 1702 940 1740">
    <p class='ocr_par' dir='ltr' id='par_1_37' title="bbox 152 1702 940 1740">
     <span class='ocr_line' id='line_1_37' title="bbox 152 1702 940 1740; baseline 0.005 -12"><span class='ocrx_word' id='word_1_271' title='bbox 152 1702 299 1734; x_wconf 81' lang='grc' dir='ltr'>ἀνάστασις</span> <span class='ocrx_word' id='word_1_272' title='bbox 313 1703 494 1738; x_wconf 79' lang='grc' dir='ltr'>ὁμολογεῖται,</span> <span class='ocrx_word' id='word_1_273' title='bbox 510 1704 555 1730; x_wconf 89' lang='grc' dir='ltr'><strong>καί</strong></span> <span class='ocrx_word' id='word_1_274' title='bbox 571 1705 604 1730; x_wconf 77' lang='grc' dir='ltr'><strong>ἐκ</strong></span> <span class='ocrx_word' id='word_1_275' title='bbox 618 1704 684 1730; x_wconf 86' lang='grc' dir='ltr'>Θεοῦ</span> <span class='ocrx_word' id='word_1_276' title='bbox 701 1705 735 1731; x_wconf 73' lang='grc' dir='ltr'>τὰ</span> <span class='ocrx_word' id='word_1_277' title='bbox 748 1705 836 1731; x_wconf 82' lang='grc' dir='ltr'>πάντα</span> <span class='ocrx_word' id='word_1_278' title='bbox 849 1714 940 1740; x_wconf 83' lang='grc' dir='ltr'>γεγεν-</span> 
     </span>
    </p>
   </div>
   <div class='ocr_carea' id='block_1_38' title="bbox 149 1747 939 1783">
    <p class='ocr_par' dir='ltr' id='par_1_38' title="bbox 149 1747 939 1783">
     <span class='ocr_line' id='line_1_38' title="bbox 149 1747 939 1783; baseline 0.005 -10"><span class='ocrx_word' id='word_1_279' title='bbox 149 1747 258 1782; x_wconf 85' lang='grc' dir='ltr'>νῆσθαι.</span> <span class='ocrx_word' id='word_1_280' title='bbox 278 1748 347 1775; x_wconf 86' lang='grc' dir='ltr'>Ἕνα</span> <span class='ocrx_word' id='word_1_281' title='bbox 360 1748 388 1775; x_wconf 78' lang='grc' dir='ltr'><strong>δὲ</strong></span> <span class='ocrx_word' id='word_1_282' title='bbox 401 1749 467 1775; x_wconf 79' lang='grc' dir='ltr'>Θεὸν</span> <span class='ocrx_word' id='word_1_283' title='bbox 482 1749 707 1783; x_wconf 76' lang='grc' dir='ltr'>καταγγέλλουσι,</span> <span class='ocrx_word' id='word_1_284' title='bbox 724 1751 770 1776; x_wconf 84' lang='grc' dir='ltr'><strong>καὶ</strong></span> <span class='ocrx_word' id='word_1_285' title='bbox 782 1751 828 1777; x_wconf 87' lang='grc' dir='ltr'><strong>τὸν</strong></span> <span class='ocrx_word' id='word_1_286' title='bbox 845 1751 939 1778; x_wconf 85' lang='grc' dir='ltr'>τούτου</span> 
     </span>
    </p>
   </div>
   <div class='ocr_carea' id='block_1_39' title="bbox 152 1793 941 1833">
    <p class='ocr_par' dir='ltr' id='par_1_39' title="bbox 152 1793 941 1833">
     <span class='ocr_line' id='line_1_39' title="bbox 152 1793 941 1833; baseline 0.005 -14"><span class='ocrx_word' id='word_1_287' title='bbox 152 1793 236 1820; x_wconf 82' lang='grc' dir='ltr'>παῖδα</span> <span class='ocrx_word' id='word_1_288' title='bbox 249 1793 353 1829; x_wconf 85' lang='grc' dir='ltr'>Ἰησοῦν</span> <span class='ocrx_word' id='word_1_289' title='bbox 368 1795 495 1831; x_wconf 83' lang='grc' dir='ltr'>Χριστόν.</span> <span class='ocrx_word' id='word_1_290' title='bbox 514 1795 659 1830; x_wconf 72' lang='grc' dir='ltr'>Ἐὕραῖκὴν</span> <span class='ocrx_word' id='word_1_291' title='bbox 673 1795 701 1822; x_wconf 82' lang='grc' dir='ltr'><strong>δὲ</strong></span> <span class='ocrx_word' id='word_1_292' title='bbox 715 1796 852 1823; x_wconf 85' lang='grc' dir='ltr'>διάλεκτον</span> <span class='ocrx_word' id='word_1_293' title='bbox 868 1797 941 1833; x_wconf 76' lang='grc' dir='ltr'>ἀκρι-</span> 
     </span>
    </p>
   </div>
   <div class='ocr_carea' id='block_1_40' title="bbox 153 1839 938 1879">
    <p class='ocr_par' dir='ltr' id='par_1_40' title="bbox 153 1839 938 1879">
     <span class='ocr_line' id='line_1_40' title="bbox 153 1839 938 1879; baseline 0.005 -13"><span class='ocrx_word' id='word_1_294' title='bbox 153 1839 208 1872; x_wconf 76' lang='grc' dir='ltr'><strong>ϐῶς</strong></span> <span class='ocrx_word' id='word_1_295' title='bbox 223 1841 291 1867; x_wconf 75' lang='grc' dir='ltr'>εἰσιν</span> <span class='ocrx_word' id='word_1_296' title='bbox 311 1842 471 1877; x_wconf 73' lang='grc' dir='ltr'>ἠσκημένοι.</span> <span class='ocrx_word' id='word_1_297' title='bbox 491 1842 559 1877; x_wconf 81' lang='grc' dir='ltr'>Παρ¹</span> <span class='ocrx_word' id='word_1_298' title='bbox 573 1843 664 1873; x_wconf 78' lang='grc' dir='ltr'>αὐτοῖς</span> <span class='ocrx_word' id='word_1_299' title='bbox 684 1842 738 1877; x_wconf 81' lang='grc' dir='ltr'>γὰρ</span> <span class='ocrx_word' id='word_1_300' title='bbox 751 1844 806 1874; x_wconf 84' lang='grc' dir='ltr'><strong>πᾶς</strong></span> <span class='ocrx_word' id='word_1_301' title='bbox 821 1844 835 1869; x_wconf 84' lang='grc' dir='ltr'><strong><em>ὁ</em></strong></span> <span class='ocrx_word' id='word_1_302' title='bbox 849 1844 938 1879; x_wconf 83' lang='grc' dir='ltr'>νόμος,</span> 
     </span>
    </p>
   </div>
   <div class='ocr_carea' id='block_1_41' title="bbox 153 1887 940 1924">
    <p class='ocr_par' dir='ltr' id='par_1_41' title="bbox 153 1887 940 1924">
     <span class='ocr_line' id='line_1_41' title="bbox 153 1887 940 1924; baseline 0.004 -12"><span class='ocrx_word' id='word_1_303' title='bbox 153 1887 200 1912; x_wconf 76' lang='grc' dir='ltr'><strong>καὶ</strong></span> <span class='ocrx_word' id='word_1_304' title='bbox 214 1887 238 1913; x_wconf 75' lang='grc' dir='ltr'><strong>οἱ</strong></span> <span class='ocrx_word' id='word_1_305' title='bbox 254 1887 402 1922; x_wconf 73' lang='grc' dir='ltr'>προφῆται,</span> <span class='ocrx_word' id='word_1_306' title='bbox 417 1888 464 1914; x_wconf 78' lang='grc' dir='ltr'><strong>καὶ</strong></span> <span class='ocrx_word' id='word_1_307' title='bbox 477 1887 512 1914; x_wconf 79' lang='grc' dir='ltr'>τὰ</span> <span class='ocrx_word' id='word_1_308' title='bbox 526 1888 647 1923; x_wconf 82' lang='grc' dir='ltr'>Γραφεῖα</span> <span class='ocrx_word' id='word_1_309' title='bbox 663 1888 806 1923; x_wconf 86' lang='grc' dir='ltr'>λεγόμενα,</span> <span class='ocrx_word' id='word_1_310' title='bbox 822 1889 892 1924; x_wconf 79' lang='grc' dir='ltr'>φημὶ</span> <span class='ocrx_word' id='word_1_311' title='bbox 913 1888 940 1915; x_wconf 83' lang='grc' dir='ltr'><strong>δὲ</strong></span> 
     </span>
    </p>
   </div>
   <div class='ocr_carea' id='block_1_42' title="bbox 153 1932 939 1968">
    <p class='ocr_par' dir='ltr' id='par_1_42' title="bbox 153 1932 939 1968">
     <span class='ocr_line' id='line_1_42' title="bbox 153 1932 939 1968; baseline 0.001 -10"><span class='ocrx_word' id='word_1_312' title='bbox 153 1932 187 1958; x_wconf 66' lang='grc' dir='ltr'>τὰ</span> <span class='ocrx_word' id='word_1_313' title='bbox 203 1932 322 1968; x_wconf 84' lang='grc' dir='ltr'>Στιχήρη</span> <span class='ocrx_word' id='word_1_314' title='bbox 332 1954 339 1964; x_wconf 96' lang='grc'><strong>,</strong></span> <span class='ocrx_word' id='word_1_315' title='bbox 355 1933 402 1959; x_wconf 80' lang='grc' dir='ltr'><strong>καὶ</strong></span> <span class='ocrx_word' id='word_1_316' title='bbox 417 1934 444 1959; x_wconf 77' lang='grc' dir='ltr'>αἱ</span> <span class='ocrx_word' id='word_1_317' title='bbox 464 1933 612 1963; x_wconf 81' lang='grc' dir='ltr'>Βασιλεῐαι,</span> <span class='ocrx_word' id='word_1_318' title='bbox 636 1934 683 1959; x_wconf 69' lang='grc' dir='ltr'><strong>καὶ</strong></span> <span class='ocrx_word' id='word_1_319' title='bbox 703 1933 939 1968; x_wconf 83' lang='grc' dir='ltr'>Παραλειπόμενα,</span> 
     </span>
    </p>
   </div>
   <div class='ocr_carea' id='block_1_43' title="bbox 155 1977 943 2014">
    <p class='ocr_par' dir='ltr' id='par_1_43' title="bbox 155 1977 943 2014">
     <span class='ocr_line' id='line_1_43' title="bbox 155 1977 943 2014; baseline 0.001 -11"><span class='ocrx_word' id='word_1_320' title='bbox 155 1977 202 2004; x_wconf 77' lang='grc' dir='ltr'><strong>καὶ</strong></span> <span class='ocrx_word' id='word_1_321' title='bbox 217 1977 333 2014; x_wconf 79' lang='grc' dir='ltr'>Λίσθὴρ,</span> <span class='ocrx_word' id='word_1_322' title='bbox 358 1977 405 2004; x_wconf 76' lang='grc' dir='ltr'>καὶ</span> <span class='ocrx_word' id='word_1_323' title='bbox 426 1977 510 2005; x_wconf 85' lang='grc' dir='ltr'>τᾶλλα</span> <span class='ocrx_word' id='word_1_324' title='bbox 529 1978 616 2004; x_wconf 84' lang='grc' dir='ltr'>πάντα</span> <span class='ocrx_word' id='word_1_325' title='bbox 635 1977 788 2013; x_wconf 74' lang='grc' dir='ltr'>Ἐὕραῖκῶς</span> <span class='ocrx_word' id='word_1_326' title='bbox 810 1978 943 2012; x_wconf 83' lang='grc' dir='ltr'>ἀναγινώ-</span> 
     </span>
    </p>
   </div>
   <div class='ocr_carea' id='block_1_44' title="bbox 156 2023 942 2059">
    <p class='ocr_par' dir='ltr' id='par_1_44' title="bbox 156 2023 942 2059">
     <span class='ocr_line' id='line_1_44' title="bbox 156 2023 942 2059; baseline -0.001 -9"><span class='ocrx_word' id='word_1_327' title='bbox 156 2031 260 2054; x_wconf 84' lang='grc' dir='ltr'>σκεται,</span> <span class='ocrx_word' id='word_1_328' title='bbox 276 2023 369 2058; x_wconf 80' lang='grc' dir='ltr'>ὥσπερ</span> <span class='ocrx_word' id='word_1_329' title='bbox 381 2023 475 2057; x_wconf 85' lang='grc' dir='ltr'>ἀμέλει</span> <span class='ocrx_word' id='word_1_330' title='bbox 489 2023 536 2050; x_wconf 78' lang='grc' dir='ltr'><strong>καὶ</strong></span> <span class='ocrx_word' id='word_1_331' title='bbox 546 2023 621 2059; x_wconf 69' lang='grc' dir='ltr'>παρὰ</span> <span class='ocrx_word' id='word_1_332' title='bbox 631 2023 776 2054; x_wconf 86' lang='grc' dir='ltr'>Ἰουδαίοις.</span> <span class='ocrx_word' id='word_1_333' title='bbox 799 2023 844 2050; x_wconf 90' lang='grc' dir='ltr'>Ἑν</span> <span class='ocrx_word' id='word_1_334' title='bbox 856 2023 942 2058; x_wconf 85' lang='grc' dir='ltr'>τούτῳ</span> 
     </span>
    </p>
   </div>
   <div class='ocr_carea' id='block_1_45' title="bbox 155 2069 942 2105">
    <p class='ocr_par' dir='ltr' id='par_1_45' title="bbox 155 2069 942 2105">
     <span class='ocr_line' id='line_1_45' title="bbox 155 2069 942 2105; baseline 0 -10"><span class='ocrx_word' id='word_1_335' title='bbox 155 2069 184 2095; x_wconf 85' lang='grc' dir='ltr'><strong>δὲ</strong></span> <span class='ocrx_word' id='word_1_336' title='bbox 209 2069 287 2104; x_wconf 87' lang='grc' dir='ltr'>μόνον</span> <span class='ocrx_word' id='word_1_337' title='bbox 311 2069 378 2104; x_wconf 82' lang='grc' dir='ltr'>πρὸς</span> <span class='ocrx_word' id='word_1_338' title='bbox 393 2069 535 2101; x_wconf 82' lang='grc' dir='ltr'>Ἰουδαίους</span> <span class='ocrx_word' id='word_1_339' title='bbox 557 2069 728 2104; x_wconf 78' lang='grc' dir='ltr'>διαφέρονται</span> <span class='ocrx_word' id='word_1_340' title='bbox 745 2070 790 2096; x_wconf 80' lang='grc' dir='ltr'>καὶ</span> <span class='ocrx_word' id='word_1_341' title='bbox 812 2069 942 2105; x_wconf 80' lang='grc' dir='ltr'>Χριστια-</span> 
     </span>
    </p>
   </div>
   <div class='ocr_carea' id='block_1_46' title="bbox 156 2114 943 2150">
    <p class='ocr_par' dir='ltr' id='par_1_46' title="bbox 156 2114 943 2150">
     <span class='ocr_line' id='line_1_46' title="bbox 156 2114 943 2150; baseline 0 -10"><span class='ocrx_word' id='word_1_342' title='bbox 156 2115 229 2146; x_wconf 76' lang='grc' dir='ltr'><strong>νοῦς⁹</strong></span> <span class='ocrx_word' id='word_1_343' title='bbox 255 2114 392 2146; x_wconf 76' lang='grc' dir='ltr'>Ἰουδαίοις</span> <span class='ocrx_word' id='word_1_344' title='bbox 414 2115 464 2150; x_wconf 83' lang='grc' dir='ltr'>μὲν</span> <span class='ocrx_word' id='word_1_345' title='bbox 489 2115 526 2150; x_wconf 85' lang='grc' dir='ltr'><strong>μὴ</strong></span> <span class='ocrx_word' id='word_1_346' title='bbox 551 2115 768 2150; x_wconf 80' lang='grc' dir='ltr'>συμφωνοῦντες,</span> <span class='ocrx_word' id='word_1_347' title='bbox 789 2114 832 2141; x_wconf 81' lang='grc' dir='ltr'>διὰ</span> <span class='ocrx_word' id='word_1_348' title='bbox 855 2115 886 2142; x_wconf 79' lang='grc' dir='ltr'><strong>τὸ</strong></span> <span class='ocrx_word' id='word_1_349' title='bbox 903 2116 943 2146; x_wconf 81' lang='grc' dir='ltr'><strong>εἰς</strong></span> 
     </span>
    </p>
   </div>
   <div class='ocr_carea' id='block_1_47' title="bbox 155 2159 941 2195">
    <p class='ocr_par' dir='ltr' id='par_1_47' title="bbox 155 2159 941 2195">
     <span class='ocr_line' id='line_1_47' title="bbox 155 2159 941 2195; baseline 0.001 -10"><span class='ocrx_word' id='word_1_350' title='bbox 155 2159 273 2195; x_wconf 85' lang='grc' dir='ltr'>Χριστὸν</span> <span class='ocrx_word' id='word_1_351' title='bbox 290 2160 514 2186; x_wconf 84' lang='grc' dir='ltr'>πεπιστευκέναι·</span> <span class='ocrx_word' id='word_1_352' title='bbox 533 2159 704 2195; x_wconf 79' lang='grc' dir='ltr'>Χριστιανοῖς</span> <span class='ocrx_word' id='word_1_353' title='bbox 718 2160 746 2186; x_wconf 84' lang='grc' dir='ltr'><strong>δὲ</strong></span> <span class='ocrx_word' id='word_1_354' title='bbox 766 2160 803 2195; x_wconf 87' lang='grc' dir='ltr'>μὴ</span> <span class='ocrx_word' id='word_1_355' title='bbox 820 2161 941 2195; x_wconf 80' lang='grc' dir='ltr'>ὁμογνω-</span> 
     </span>
    </p>
   </div>
   <div class='ocr_carea' id='block_1_48' title="bbox 981 235 1768 270">
    <p class='ocr_par' dir='ltr' id='par_1_48' title="bbox 981 235 1768 270">
     <span class='ocr_line' id='line_1_48' title="bbox 981 235 1768 270; baseline -0.004 -6"><span class='ocrx_word' id='word_1_356' title='bbox 981 235 1064 264; x_wconf 81' lang='lat' dir='ltr'><strong>minis</strong></span> <span class='ocrx_word' id='word_1_357' title='bbox 1080 236 1196 263; x_wconf 86' lang='lat' dir='ltr'><strong>libenter</strong></span> <span class='ocrx_word' id='word_1_358' title='bbox 1212 235 1337 267; x_wconf 88' lang='lat' dir='ltr'><strong>asciscit,</strong></span> <span class='ocrx_word' id='word_1_359' title='bbox 1354 236 1426 270; x_wconf 89' lang='lat' dir='ltr'><strong>quod</strong></span> <span class='ocrx_word' id='word_1_360' title='bbox 1449 236 1501 263; x_wconf 86' lang='lat' dir='ltr'><strong>hoc</strong></span> <span class='ocrx_word' id='word_1_361' title='bbox 1525 243 1586 263; x_wconf 88' lang='lat' dir='ltr'><strong>esse</strong></span> <span class='ocrx_word' id='word_1_362' title='bbox 1606 235 1658 263; x_wconf 88' lang='lat' dir='ltr'><strong>sibi</strong></span> <span class='ocrx_word' id='word_1_363' title='bbox 1677 235 1768 262; x_wconf 81' lang='lat' dir='ltr'><strong>decori</strong></span> 
     </span>
    </p>
   </div>
   <div class='ocr_carea' id='block_1_49' title="bbox 981 281 1770 318">
    <p class='ocr_par' dir='ltr' id='par_1_49' title="bbox 981 281 1770 318">
     <span class='ocr_line' id='line_1_49' title="bbox 981 281 1770 318; baseline -0.004 -8"><span class='ocrx_word' id='word_1_364' title='bbox 981 289 1062 318; x_wconf 85' lang='lat' dir='ltr'><strong>atque</strong></span> <span class='ocrx_word' id='word_1_365' title='bbox 1076 285 1237 310; x_wconf 88' lang='lat' dir='ltr'><strong>ornamento</strong></span> <span class='ocrx_word' id='word_1_366' title='bbox 1251 281 1363 316; x_wconf 86' lang='lat' dir='ltr'><strong>judicat.</strong></span> <span class='ocrx_word' id='word_1_367' title='bbox 1379 281 1484 316; x_wconf 88' lang='lat' dir='ltr'><strong>Quippe</strong></span> <span class='ocrx_word' id='word_1_368' title='bbox 1503 281 1561 308; x_wconf 91' lang='lat' dir='ltr'><strong>solo</strong></span> <span class='ocrx_word' id='word_1_369' title='bbox 1576 281 1678 308; x_wconf 88' lang='lat' dir='ltr'><strong>Christi</strong></span> <span class='ocrx_word' id='word_1_370' title='bbox 1688 288 1770 308; x_wconf 85' lang='lat' dir='ltr'><strong>voca-</strong></span> 
     </span>
    </p>
   </div>
   <div class='ocr_carea' id='block_1_50' title="bbox 980 327 1771 362">
    <p class='ocr_par' dir='ltr' id='par_1_50' title="bbox 980 327 1771 362">
     <span class='ocr_line' id='line_1_50' title="bbox 980 327 1771 362; baseline -0.004 -6"><span class='ocrx_word' id='word_1_371' title='bbox 980 329 1054 362; x_wconf 93' lang='lat' dir='ltr'><strong>bulo,</strong></span> <span class='ocrx_word' id='word_1_372' title='bbox 1070 337 1124 356; x_wconf 92' lang='lat' dir='ltr'><strong>non</strong></span> <span class='ocrx_word' id='word_1_373' title='bbox 1140 328 1191 355; x_wconf 91' lang='lat' dir='ltr'><strong>ﬁde</strong></span> <span class='ocrx_word' id='word_1_374' title='bbox 1203 332 1284 362; x_wconf 87' lang='lat' dir='ltr'><strong>atque</strong></span> <span class='ocrx_word' id='word_1_375' title='bbox 1299 327 1428 361; x_wconf 82' lang='lat' dir='ltr'><strong>operibus</strong></span> <span class='ocrx_word' id='word_1_376' title='bbox 1442 327 1551 362; x_wconf 82' lang='lat' dir='ltr'><strong>gloriari</strong></span> <span class='ocrx_word' id='word_1_377' title='bbox 1564 327 1699 355; x_wconf 89' lang='lat' dir='ltr'><strong>videntur.</strong></span> <span class='ocrx_word' id='word_1_378' title='bbox 1716 327 1771 354; x_wconf 86' lang='lat' dir='ltr'><strong>Eo-</strong></span> 
     </span>
    </p>
   </div>
   <div class='ocr_carea' id='block_1_51' title="bbox 981 373 1769 408">
    <p class='ocr_par' dir='ltr' id='par_1_51' title="bbox 981 373 1769 408">
     <span class='ocr_line' id='line_1_51' title="bbox 981 373 1769 408; baseline -0.003 -6"><span class='ocrx_word' id='word_1_379' title='bbox 981 376 1041 403; x_wconf 86' lang='lat' dir='ltr'><strong>dem</strong></span> <span class='ocrx_word' id='word_1_380' title='bbox 1055 375 1135 402; x_wconf 92' lang='lat' dir='ltr'><strong>modo</strong></span> <span class='ocrx_word' id='word_1_381' title='bbox 1152 375 1240 402; x_wconf 89' lang='lat' dir='ltr'><strong>sancti</strong></span> <span class='ocrx_word' id='word_1_382' title='bbox 1254 373 1356 401; x_wconf 87' lang='lat' dir='ltr'><strong>Christi</strong></span> <span class='ocrx_word' id='word_1_383' title='bbox 1372 373 1499 407; x_wconf 90' lang='lat' dir='ltr'><strong>discipuli</strong></span> <span class='ocrx_word' id='word_1_384' title='bbox 1512 381 1571 401; x_wconf 89' lang='lat' dir='ltr'><strong>sese</strong></span> <span class='ocrx_word' id='word_1_385' title='bbox 1584 378 1640 400; x_wconf 89' lang='lat' dir='ltr'><strong>tum</strong></span> <span class='ocrx_word' id='word_1_386' title='bbox 1656 373 1682 400; x_wconf 93' lang='lat' dir='ltr'><strong>id</strong></span> <span class='ocrx_word' id='word_1_387' title='bbox 1696 374 1769 408; x_wconf 84' lang='lat' dir='ltr'><strong>quod</strong></span> 
     </span>
    </p>
   </div>
   <div class='ocr_carea' id='block_1_52' title="bbox 981 419 1768 454">
    <p class='ocr_par' dir='ltr' id='par_1_52' title="bbox 981 419 1768 454">
     <span class='ocr_line' id='line_1_52' title="bbox 981 419 1768 454; baseline -0.004 -6"><span class='ocrx_word' id='word_1_388' title='bbox 981 425 1058 448; x_wconf 87' lang='lat' dir='ltr'><strong>erant</strong></span> <span class='ocrx_word' id='word_1_389' title='bbox 1070 419 1134 448; x_wconf 83' lang='lat' dir='ltr'><strong>Jesu</strong></span> <span class='ocrx_word' id='word_1_390' title='bbox 1157 420 1307 454; x_wconf 77' lang='lat' dir='ltr'><strong>discipuIOs</strong></span> <span class='ocrx_word' id='word_1_391' title='bbox 1328 419 1478 450; x_wconf 85' lang='lat' dir='ltr'><strong>vocabant;</strong></span> <span class='ocrx_word' id='word_1_392' title='bbox 1494 426 1582 454; x_wconf 89' lang='lat' dir='ltr'><strong>neque</strong></span> <span class='ocrx_word' id='word_1_393' title='bbox 1598 423 1688 446; x_wconf 91' lang='lat' dir='ltr'><strong>tamen</strong></span> <span class='ocrx_word' id='word_1_394' title='bbox 1705 426 1768 446; x_wconf 89' lang='lat' dir='ltr'><strong>cum</strong></span> 
     </span>
    </p>
   </div>
   <div class='ocr_carea' id='block_1_53' title="bbox 982 464 1769 496">
    <p class='ocr_par' dir='ltr' id='par_1_53' title="bbox 982 464 1769 496">
     <span class='ocr_line' id='line_1_53' title="bbox 982 464 1769 496; baseline -0.003 -2"><span class='ocrx_word' id='word_1_395' title='bbox 982 467 1016 494; x_wconf 88' lang='lat' dir='ltr'><strong>ab</strong></span> <span class='ocrx_word' id='word_1_396' title='bbox 1038 467 1099 494; x_wconf 87' lang='lat' dir='ltr'><strong>aliis</strong></span> <span class='ocrx_word' id='word_1_397' title='bbox 1115 466 1250 493; x_wconf 79' lang='lat' dir='ltr'><strong>Nazareni</strong></span> <span class='ocrx_word' id='word_1_398' title='bbox 1265 466 1433 496; x_wconf 77' lang='lat' dir='ltr'><strong>dicerentur,</strong></span> <span class='ocrx_word' id='word_1_399' title='bbox 1453 472 1551 491; x_wconf 86' lang='lat' dir='ltr'><strong>nomen</strong></span> <span class='ocrx_word' id='word_1_400' title='bbox 1566 464 1636 491; x_wconf 83' lang='lat' dir='ltr'><strong>istud</strong></span> <span class='ocrx_word' id='word_1_401' title='bbox 1656 472 1769 492; x_wconf 83' lang='lat' dir='ltr'><strong>recusa-</strong></span> 
     </span>
    </p>
   </div>
   <div class='ocr_carea' id='block_1_54' title="bbox 982 509 1768 545">
    <p class='ocr_par' dir='ltr' id='par_1_54' title="bbox 982 509 1768 545">
     <span class='ocr_line' id='line_1_54' title="bbox 982 509 1768 545; baseline -0.004 -6"><span class='ocrx_word' id='word_1_402' title='bbox 982 512 1066 544; x_wconf 88' lang='lat' dir='ltr'><strong>bant,</strong></span> <span class='ocrx_word' id='word_1_403' title='bbox 1081 519 1143 539; x_wconf 89' lang='lat' dir='ltr'><strong>cum</strong></span> <span class='ocrx_word' id='word_1_404' title='bbox 1159 511 1194 538; x_wconf 90' lang='lat' dir='ltr'><strong>ad</strong></span> <span class='ocrx_word' id='word_1_405' title='bbox 1215 518 1310 538; x_wconf 88' lang='lat' dir='ltr'><strong>eorum</strong></span> <span class='ocrx_word' id='word_1_406' title='bbox 1324 531 1331 542; x_wconf 96' lang='lat'><strong>,</strong></span> <span class='ocrx_word' id='word_1_407' title='bbox 1357 517 1372 537; x_wconf 88' lang='lat' dir='ltr'><strong>a</strong></span> <span class='ocrx_word' id='word_1_408' title='bbox 1386 509 1485 545; x_wconf 84' lang='lat' dir='ltr'><strong>quibus</strong></span> <span class='ocrx_word' id='word_1_409' title='bbox 1500 509 1539 536; x_wconf 83' lang='lat' dir='ltr'><strong>sic</strong></span> <span class='ocrx_word' id='word_1_410' title='bbox 1550 509 1768 544; x_wconf 82' lang='lat' dir='ltr'><strong>appellabantur,</strong></span> 
     </span>
    </p>
   </div>
   <div class='ocr_carea' id='block_1_55' title="bbox 984 555 1770 592">
    <p class='ocr_par' dir='ltr' id='par_1_55' title="bbox 984 555 1770 592">
     <span class='ocr_line' id='line_1_55' title="bbox 984 555 1770 592; baseline -0.004 -8"><span class='ocrx_word' id='word_1_411' title='bbox 984 557 1063 586; x_wconf 89' lang='lat' dir='ltr'><strong>ﬁnem</strong></span> <span class='ocrx_word' id='word_1_412' title='bbox 1080 564 1246 592; x_wconf 86' lang='lat' dir='ltr'><strong>scopumque</strong></span> <span class='ocrx_word' id='word_1_413' title='bbox 1258 556 1442 590; x_wconf 85' lang='lat' dir='ltr'><strong>respicerent,</strong></span> <span class='ocrx_word' id='word_1_414' title='bbox 1459 555 1505 590; x_wconf 90' lang='lat' dir='ltr'><strong>qui</strong></span> <span class='ocrx_word' id='word_1_415' title='bbox 1524 555 1575 582; x_wconf 87' lang='lat' dir='ltr'><strong>hoc</strong></span> <span class='ocrx_word' id='word_1_416' title='bbox 1589 562 1650 582; x_wconf 84' lang='lat' dir='ltr'><strong>sese</strong></span> <span class='ocrx_word' id='word_1_417' title='bbox 1661 555 1770 582; x_wconf 85' lang='lat' dir='ltr'><strong>nomine</strong></span> 
     </span>
    </p>
   </div>
   <div class='ocr_carea' id='block_1_56' title="bbox 983 600 1770 636">
    <p class='ocr_par' dir='ltr' id='par_1_56' title="bbox 983 600 1770 636">
     <span class='ocr_line' id='line_1_56' title="bbox 983 600 1770 636; baseline -0.004 -5"><span class='ocrx_word' id='word_1_418' title='bbox 983 603 1086 632; x_wconf 85' lang='lat' dir='ltr'><strong>Christi</strong></span> <span class='ocrx_word' id='word_1_419' title='bbox 1104 611 1188 631; x_wconf 84' lang='lat' dir='ltr'><strong>causa</strong></span> <span class='ocrx_word' id='word_1_420' title='bbox 1211 603 1366 634; x_wconf 87' lang='lat' dir='ltr'><strong>donabant;</strong></span> <span class='ocrx_word' id='word_1_421' title='bbox 1392 601 1610 636; x_wconf 83' lang='lat' dir='ltr'><strong>quandoquidem</strong></span> <span class='ocrx_word' id='word_1_422' title='bbox 1637 605 1664 629; x_wconf 91' lang='lat' dir='ltr'><strong>et</strong></span> <span class='ocrx_word' id='word_1_423' title='bbox 1690 600 1770 629; x_wconf 75' lang='lat' dir='ltr'><strong>Iesus</strong></span> 
     </span>
    </p>
   </div>
   <div class='ocr_carea' id='block_1_57' title="bbox 984 647 1771 684">
    <p class='ocr_par' dir='ltr' id='par_1_57' title="bbox 984 647 1771 684">
     <span class='ocr_line' id='line_1_57' title="bbox 984 647 1771 684; baseline -0.003 -7"><span class='ocrx_word' id='word_1_424' title='bbox 984 650 1043 684; x_wconf 87' lang='lat' dir='ltr'><strong>ipse</strong></span> <span class='ocrx_word' id='word_1_425' title='bbox 1057 648 1214 676; x_wconf 79' lang='lat' dir='ltr'><strong>Nazarcnus</strong></span> <span class='ocrx_word' id='word_1_426' title='bbox 1226 649 1377 683; x_wconf 84' lang='lat' dir='ltr'><strong>appellatus</strong></span> <span class='ocrx_word' id='word_1_427' title='bbox 1389 652 1448 679; x_wconf 87' lang='lat' dir='ltr'><strong>est,</strong></span> <span class='ocrx_word' id='word_1_428' title='bbox 1463 651 1493 675; x_wconf 92' lang='lat' dir='ltr'><strong>ut</strong></span> <span class='ocrx_word' id='word_1_429' title='bbox 1521 647 1550 674; x_wconf 87' lang='lat' dir='ltr'><strong>in</strong></span> <span class='ocrx_word' id='word_1_430' title='bbox 1570 647 1723 682; x_wconf 83' lang='lat' dir='ltr'><strong>Evangeliis</strong></span> <span class='ocrx_word' id='word_1_431' title='bbox 1744 651 1771 675; x_wconf 80' lang='lat' dir='ltr'><strong>et</strong></span> 
     </span>
    </p>
   </div>
   <div class='ocr_carea' id='block_1_58' title="bbox 984 693 1771 730">
    <p class='ocr_par' dir='ltr' id='par_1_58' title="bbox 984 693 1771 730">
     <span class='ocr_line' id='line_1_58' title="bbox 984 693 1771 730; baseline -0.003 -8"><span class='ocrx_word' id='word_1_432' title='bbox 984 696 1168 730; x_wconf 87' lang='lat' dir='ltr'><strong>apostolorum</strong></span> <span class='ocrx_word' id='word_1_433' title='bbox 1181 694 1293 722; x_wconf 81' lang='lat' dir='ltr'><strong>Actibus</strong></span> <span class='ocrx_word' id='word_1_434' title='bbox 1307 693 1420 729; x_wconf 83' lang='lat' dir='ltr'><strong>legitur:</strong></span> <span class='ocrx_word' id='word_1_435' title='bbox 1438 701 1487 728; x_wconf 89' lang='lat' dir='ltr'><strong>pro</strong></span> <span class='ocrx_word' id='word_1_436' title='bbox 1503 701 1535 720; x_wconf 91' lang='lat' dir='ltr'><strong>eo</strong></span> <span class='ocrx_word' id='word_1_437' title='bbox 1545 693 1617 728; x_wconf 90' lang='lat' dir='ltr'><strong>quod</strong></span> <span class='ocrx_word' id='word_1_438' title='bbox 1631 693 1657 720; x_wconf 93' lang='lat' dir='ltr'><strong>in</strong></span> <span class='ocrx_word' id='word_1_439' title='bbox 1671 693 1771 728; x_wconf 89' lang='lat' dir='ltr'><strong>oppido</strong></span> 
     </span>
    </p>
   </div>
   <div class='ocr_carea' id='block_1_59' title="bbox 983 738 1772 777">
    <p class='ocr_par' dir='ltr' id='par_1_59' title="bbox 983 738 1772 777">
     <span class='ocr_line' id='line_1_59' title="bbox 983 738 1772 777; baseline -0.003 -9"><span class='ocrx_word' id='word_1_440' title='bbox 983 741 1107 769; x_wconf 76' lang='lat' dir='ltr'><strong>Nazareti</strong></span> <span class='ocrx_word' id='word_1_441' title='bbox 1122 762 1129 774; x_wconf 91' lang='lat'><strong>,</strong></span> <span class='ocrx_word' id='word_1_442' title='bbox 1144 741 1191 777; x_wconf 90' lang='lat' dir='ltr'><strong>qui</strong></span> <span class='ocrx_word' id='word_1_443' title='bbox 1205 740 1287 768; x_wconf 87' lang='lat' dir='ltr'><strong>hodie</strong></span> <span class='ocrx_word' id='word_1_444' title='bbox 1300 748 1384 776; x_wconf 81' lang='lat' dir='ltr'><strong>pagus</strong></span> <span class='ocrx_word' id='word_1_445' title='bbox 1409 743 1470 772; x_wconf 85' lang='lat' dir='ltr'><strong>est,</strong></span> <span class='ocrx_word' id='word_1_446' title='bbox 1496 739 1525 767; x_wconf 89' lang='lat' dir='ltr'><strong>in</strong></span> <span class='ocrx_word' id='word_1_447' title='bbox 1542 739 1646 767; x_wconf 69' lang='lat' dir='ltr'><strong>aedibus</strong></span> <span class='ocrx_word' id='word_1_448' title='bbox 1660 738 1772 774; x_wconf 86' lang='lat' dir='ltr'><strong>Josephi</strong></span> 
     </span>
    </p>
   </div>
   <div class='ocr_carea' id='block_1_60' title="bbox 985 783 1773 822">
    <p class='ocr_par' dir='ltr' id='par_1_60' title="bbox 985 783 1773 822">
     <span class='ocr_line' id='line_1_60' title="bbox 985 783 1773 822; baseline -0.004 -7"><span class='ocrx_word' id='word_1_449' title='bbox 985 787 1066 815; x_wconf 82' lang='lat' dir='ltr'><strong>fuerit</strong></span> <span class='ocrx_word' id='word_1_450' title='bbox 1080 787 1222 819; x_wconf 85' lang='lat' dir='ltr'><strong>educatus,</strong></span> <span class='ocrx_word' id='word_1_451' title='bbox 1241 793 1417 822; x_wconf 85' lang='lat' dir='ltr'><strong>posteaquam</strong></span> <span class='ocrx_word' id='word_1_452' title='bbox 1432 785 1599 813; x_wconf 80' lang='lat' dir='ltr'><strong>Betlilehemi</strong></span> <span class='ocrx_word' id='word_1_453' title='bbox 1612 785 1646 812; x_wconf 87' lang='lat' dir='ltr'><strong>de</strong></span> <span class='ocrx_word' id='word_1_454' title='bbox 1660 783 1773 819; x_wconf 76' lang='lat' dir='ltr'><strong>Virgine</strong></span> 
     </span>
    </p>
   </div>
   <div class='ocr_carea' id='block_1_61' title="bbox 986 829 1772 866">
    <p class='ocr_par' dir='ltr' id='par_1_61' title="bbox 986 829 1772 866">
     <span class='ocr_line' id='line_1_61' title="bbox 986 829 1772 866; baseline -0.005 -5"><span class='ocrx_word' id='word_1_455' title='bbox 986 834 1070 860; x_wconf 87' lang='lat' dir='ltr'><strong>Maria</strong></span> <span class='ocrx_word' id='word_1_456' title='bbox 1084 833 1234 861; x_wconf 86' lang='lat' dir='ltr'><strong>secundum</strong></span> <span class='ocrx_word' id='word_1_457' title='bbox 1248 839 1358 860; x_wconf 88' lang='lat' dir='ltr'><strong>carnem</strong></span> <span class='ocrx_word' id='word_1_458' title='bbox 1372 836 1452 859; x_wconf 87' lang='lat' dir='ltr'><strong>natus</strong></span> <span class='ocrx_word' id='word_1_459' title='bbox 1463 835 1515 863; x_wconf 88' lang='lat' dir='ltr'><strong>est,</strong></span> <span class='ocrx_word' id='word_1_460' title='bbox 1527 838 1588 866; x_wconf 58' lang='lat' dir='ltr'><strong>quae</strong></span> <span class='ocrx_word' id='word_1_461' title='bbox 1603 830 1711 865; x_wconf 89' lang='lat' dir='ltr'><strong>quidem</strong></span> <span class='ocrx_word' id='word_1_462' title='bbox 1725 829 1772 857; x_wconf 82' lang='lat' dir='ltr'><strong>Jo-</strong></span> 
     </span>
    </p>
   </div>
   <div class='ocr_carea' id='block_1_62' title="bbox 986 876 1771 915">
    <p class='ocr_par' dir='ltr' id='par_1_62' title="bbox 986 876 1771 915">
     <span class='ocr_line' id='line_1_62' title="bbox 986 876 1771 915; baseline -0.006 -8"><span class='ocrx_word' id='word_1_463' title='bbox 986 879 1070 915; x_wconf 88' lang='lat' dir='ltr'><strong>sepho</strong></span> <span class='ocrx_word' id='word_1_464' title='bbox 1082 879 1217 914; x_wconf 87' lang='lat' dir='ltr'><strong>desponsa</strong></span> <span class='ocrx_word' id='word_1_465' title='bbox 1234 878 1332 911; x_wconf 79' lang='lat' dir='ltr'><strong>fuerat,</strong></span> <span class='ocrx_word' id='word_1_466' title='bbox 1347 877 1394 913; x_wconf 89' lang='lat' dir='ltr'><strong>qui</strong></span> <span class='ocrx_word' id='word_1_467' title='bbox 1405 876 1530 904; x_wconf 83' lang='lat' dir='ltr'><strong>Nazarcti</strong></span> <span class='ocrx_word' id='word_1_468' title='bbox 1544 876 1771 915; x_wconf 85' lang='lat' dir='ltr'><strong>tunc_habitabat,</strong></span> 
     </span>
    </p>
   </div>
   <div class='ocr_carea' id='block_1_63' title="bbox 985 922 1774 953">
    <p class='ocr_par' dir='ltr' id='par_1_63' title="bbox 985 922 1774 953">
     <span class='ocr_line' id='line_1_63' title="bbox 985 922 1774 953; baseline -0.005 -1"><span class='ocrx_word' id='word_1_469' title='bbox 985 932 1048 952; x_wconf 90' lang='lat' dir='ltr'><strong>cum</strong></span> <span class='ocrx_word' id='word_1_470' title='bbox 1064 925 1161 953; x_wconf 87' lang='lat' dir='ltr'><strong>relicto</strong></span> <span class='ocrx_word' id='word_1_471' title='bbox 1174 924 1349 953; x_wconf 86' lang='lat' dir='ltr'><strong>Bethlehemo</strong></span> <span class='ocrx_word' id='word_1_472' title='bbox 1367 924 1395 951; x_wconf 89' lang='lat' dir='ltr'><strong>in</strong></span> <span class='ocrx_word' id='word_1_473' title='bbox 1410 923 1520 951; x_wconf 73' lang='lat' dir='ltr'><strong>Galilzea</strong></span> <span class='ocrx_word' id='word_1_474' title='bbox 1534 922 1700 950; x_wconf 84' lang='lat' dir='ltr'><strong>domicilium</strong></span> <span class='ocrx_word' id='word_1_475' title='bbox 1717 923 1774 949; x_wconf 88' lang='lat' dir='ltr'><strong>col-</strong></span> 
     </span>
    </p>
   </div>
   <div class='ocr_carea' id='block_1_64' title="bbox 985 971 1114 999">
    <p class='ocr_par' dir='ltr' id='par_1_64' title="bbox 985 971 1114 999">
     <span class='ocr_line' id='line_1_64' title="bbox 985 971 1114 999; baseline 0 -1"><span class='ocrx_word' id='word_1_476' title='bbox 985 971 1114 999; x_wconf 88' lang='lat' dir='ltr'><strong>locasset.</strong></span> 
     </span>
    </p>
   </div>
   <div class='ocr_carea' id='block_1_65' title="bbox 1021 1012 1774 1049">
    <p class='ocr_par' dir='ltr' id='par_1_65' title="bbox 1021 1012 1774 1049">
     <span class='ocr_line' id='line_1_65' title="bbox 1021 1012 1774 1049; baseline -0.007 -6"><span class='ocrx_word' id='word_1_477' title='bbox 1021 1016 1076 1043; x_wconf 75' lang='lat' dir='ltr'><strong>VII.</strong></span> <span class='ocrx_word' id='word_1_478' title='bbox 1091 1015 1168 1049; x_wconf 86' lang='lat' dir='ltr'><strong>Quod</strong></span> <span class='ocrx_word' id='word_1_479' title='bbox 1182 1024 1247 1044; x_wconf 86' lang='lat' dir='ltr'><strong>vero</strong></span> <span class='ocrx_word' id='word_1_480' title='bbox 1261 1016 1294 1043; x_wconf 90' lang='lat' dir='ltr'><strong>ad</strong></span> <span class='ocrx_word' id='word_1_481' title='bbox 1310 1014 1453 1043; x_wconf 62' lang='lat' dir='ltr'><strong>hmreticos</strong></span> <span class='ocrx_word' id='word_1_482' title='bbox 1467 1014 1529 1041; x_wconf 87' lang='lat' dir='ltr'><strong>illos</strong></span> <span class='ocrx_word' id='word_1_483' title='bbox 1545 1013 1651 1045; x_wconf 85' lang='lat' dir='ltr'><strong>attinet,</strong></span> <span class='ocrx_word' id='word_1_484' title='bbox 1666 1019 1699 1039; x_wconf 80' lang='lat' dir='ltr'><strong>ue</strong></span> <span class='ocrx_word' id='word_1_485' title='bbox 1712 1012 1774 1047; x_wconf 86' lang='lat' dir='ltr'><strong>qui-</strong></span> 
     </span>
    </p>
   </div>
   <div class='ocr_carea' id='block_1_66' title="bbox 986 1057 1775 1091">
    <p class='ocr_par' dir='ltr' id='par_1_66' title="bbox 986 1057 1775 1091">
     <span class='ocr_line' id='line_1_66' title="bbox 986 1057 1775 1091; baseline -0.009 0"><span class='ocrx_word' id='word_1_486' title='bbox 986 1063 1038 1091; x_wconf 90' lang='lat' dir='ltr'><strong>bus</strong></span> <span class='ocrx_word' id='word_1_487' title='bbox 1054 1062 1135 1090; x_wconf 91' lang='lat' dir='ltr'><strong>modo</strong></span> <span class='ocrx_word' id='word_1_488' title='bbox 1147 1069 1301 1090; x_wconf 86' lang='lat' dir='ltr'><strong>sermonem</strong></span> <span class='ocrx_word' id='word_1_489' title='bbox 1319 1060 1488 1088; x_wconf 88' lang='lat' dir='ltr'><strong>instituimus</strong></span> <span class='ocrx_word' id='word_1_490' title='bbox 1499 1079 1508 1091; x_wconf 89' lang='lat'><strong>,</strong></span> <span class='ocrx_word' id='word_1_491' title='bbox 1524 1058 1627 1086; x_wconf 89' lang='lat' dir='ltr'><strong>omisso</strong></span> <span class='ocrx_word' id='word_1_492' title='bbox 1643 1057 1708 1086; x_wconf 71' lang='lat' dir='ltr'><strong>Iesu</strong></span> <span class='ocrx_word' id='word_1_493' title='bbox 1726 1065 1775 1085; x_wconf 91' lang='lat' dir='ltr'><strong>no-</strong></span> 
     </span>
    </p>
   </div>
   <div class='ocr_carea' id='block_1_67' title="bbox 986 1100 1775 1142">
    <p class='ocr_par' dir='ltr' id='par_1_67' title="bbox 986 1100 1775 1142">
     <span class='ocr_line' id='line_1_67' title="bbox 986 1100 1775 1142; baseline -0.01 -7"><span class='ocrx_word' id='word_1_494' title='bbox 986 1109 1070 1139; x_wconf 87' lang='lat' dir='ltr'><strong>mine,</strong></span> <span class='ocrx_word' id='word_1_495' title='bbox 1096 1115 1184 1142; x_wconf 86' lang='lat' dir='ltr'><strong>neque</strong></span> <span class='ocrx_word' id='word_1_496' title='bbox 1207 1106 1323 1134; x_wconf 71' lang='lat' dir='ltr'><strong>Jessaaos</strong></span> <span class='ocrx_word' id='word_1_497' title='bbox 1353 1105 1457 1139; x_wconf 86' lang='lat' dir='ltr'><strong>seipsos</strong></span> <span class='ocrx_word' id='word_1_498' title='bbox 1483 1106 1596 1133; x_wconf 81' lang='lat' dir='ltr'><strong>vocant,</strong></span> <span class='ocrx_word' id='word_1_499' title='bbox 1622 1109 1711 1136; x_wconf 87' lang='lat' dir='ltr'><strong>neque</strong></span> <span class='ocrx_word' id='word_1_500' title='bbox 1725 1100 1775 1128; x_wconf 82' lang='lat' dir='ltr'><strong>Ju-</strong></span> 
     </span>
    </p>
   </div>
   <div class='ocr_carea' id='block_1_68' title="bbox 987 1147 1773 1184">
    <p class='ocr_par' dir='ltr' id='par_1_68' title="bbox 987 1147 1773 1184">
     <span class='ocr_line' id='line_1_68' title="bbox 987 1147 1773 1184; baseline -0.008 -3"><span class='ocrx_word' id='word_1_501' title='bbox 987 1153 1105 1181; x_wconf 71' lang='lat' dir='ltr'><strong>daaorum</strong></span> <span class='ocrx_word' id='word_1_502' title='bbox 1121 1152 1282 1180; x_wconf 84' lang='lat' dir='ltr'><strong>vocabulum</strong></span> <span class='ocrx_word' id='word_1_503' title='bbox 1299 1151 1427 1181; x_wconf 85' lang='lat' dir='ltr'><strong>retinent,</strong></span> <span class='ocrx_word' id='word_1_504' title='bbox 1442 1156 1530 1184; x_wconf 87' lang='lat' dir='ltr'><strong>neque</strong></span> <span class='ocrx_word' id='word_1_505' title='bbox 1549 1156 1579 1176; x_wconf 85' lang='lat' dir='ltr'><strong>se</strong></span> <span class='ocrx_word' id='word_1_506' title='bbox 1591 1147 1773 1179; x_wconf 85' lang='lat' dir='ltr'><strong>Christianos,</strong></span> 
     </span>
    </p>
   </div>
   <div class='ocr_carea' id='block_1_69' title="bbox 987 1194 1774 1230">
    <p class='ocr_par' dir='ltr' id='par_1_69' title="bbox 987 1194 1774 1230">
     <span class='ocr_line' id='line_1_69' title="bbox 987 1194 1774 1230; baseline -0.01 -4"><span class='ocrx_word' id='word_1_507' title='bbox 987 1198 1034 1226; x_wconf 89' lang='lat' dir='ltr'><strong>sed</strong></span> <span class='ocrx_word' id='word_1_508' title='bbox 1049 1198 1204 1226; x_wconf 85' lang='lat' dir='ltr'><strong>Nazarenos</strong></span> <span class='ocrx_word' id='word_1_509' title='bbox 1221 1197 1255 1225; x_wconf 89' lang='lat' dir='ltr'><strong>de</strong></span> <span class='ocrx_word' id='word_1_510' title='bbox 1271 1197 1317 1223; x_wconf 90' lang='lat' dir='ltr'><strong>illa</strong></span> <span class='ocrx_word' id='word_1_511' title='bbox 1334 1196 1386 1223; x_wconf 90' lang='lat' dir='ltr'><strong>loci</strong></span> <span class='ocrx_word' id='word_1_512' title='bbox 1410 1194 1591 1230; x_wconf 88' lang='lat' dir='ltr'><strong>appellatione</strong></span> <span class='ocrx_word' id='word_1_513' title='bbox 1605 1197 1774 1227; x_wconf 83' lang='lat' dir='ltr'><strong>nuncupant,</strong></span> 
     </span>
    </p>
   </div>
   <div class='ocr_carea' id='block_1_70' title="bbox 987 1239 1776 1278">
    <p class='ocr_par' dir='ltr' id='par_1_70' title="bbox 987 1239 1776 1278">
     <span class='ocr_line' id='line_1_70' title="bbox 987 1239 1776 1278; baseline -0.01 -6"><span class='ocrx_word' id='word_1_514' title='bbox 987 1252 1048 1272; x_wconf 89' lang='lat' dir='ltr'><strong>cum</strong></span> <span class='ocrx_word' id='word_1_515' title='bbox 1062 1244 1171 1271; x_wconf 89' lang='lat' dir='ltr'><strong>interim</strong></span> <span class='ocrx_word' id='word_1_516' title='bbox 1188 1244 1256 1271; x_wconf 90' lang='lat' dir='ltr'><strong>meri</strong></span> <span class='ocrx_word' id='word_1_517' title='bbox 1270 1243 1322 1278; x_wconf 88' lang='lat' dir='ltr'><strong>ipsi</strong></span> <span class='ocrx_word' id='word_1_518' title='bbox 1337 1241 1423 1269; x_wconf 70' lang='lat' dir='ltr'><strong>Judtsi</strong></span> <span class='ocrx_word' id='word_1_519' title='bbox 1434 1261 1441 1273; x_wconf 83' lang='lat'><strong>,</strong></span> <span class='ocrx_word' id='word_1_520' title='bbox 1455 1248 1543 1275; x_wconf 91' lang='lat' dir='ltr'><strong>neque</strong></span> <span class='ocrx_word' id='word_1_521' title='bbox 1558 1239 1630 1266; x_wconf 89' lang='lat' dir='ltr'><strong>aliud</strong></span> <span class='ocrx_word' id='word_1_522' title='bbox 1646 1244 1776 1274; x_wconf 72' lang='lat' dir='ltr'><strong>praeterea</strong></span> 
     </span>
    </p>
   </div>
   <div class='ocr_carea' id='block_1_71' title="bbox 988 1285 1777 1320">
    <p class='ocr_par' dir='ltr' id='par_1_71' title="bbox 988 1285 1777 1320">
     <span class='ocr_line' id='line_1_71' title="bbox 988 1285 1777 1320; baseline -0.008 -3"><span class='ocrx_word' id='word_1_523' title='bbox 988 1292 1052 1318; x_wconf 88' lang='lat' dir='ltr'><strong>sint.</strong></span> <span class='ocrx_word' id='word_1_524' title='bbox 1074 1290 1159 1317; x_wconf 86' lang='lat' dir='ltr'><strong>Porro</strong></span> <span class='ocrx_word' id='word_1_525' title='bbox 1185 1297 1239 1316; x_wconf 93' lang='lat' dir='ltr'><strong>non</strong></span> <span class='ocrx_word' id='word_1_526' title='bbox 1255 1290 1342 1317; x_wconf 91' lang='lat' dir='ltr'><strong>solum</strong></span> <span class='ocrx_word' id='word_1_527' title='bbox 1356 1288 1433 1316; x_wconf 89' lang='lat' dir='ltr'><strong>Novo</strong></span> <span class='ocrx_word' id='word_1_528' title='bbox 1449 1308 1457 1320; x_wconf 85' lang='grc'><strong>,</strong></span> <span class='ocrx_word' id='word_1_529' title='bbox 1471 1287 1519 1315; x_wconf 87' lang='lat' dir='ltr'><strong>sed</strong></span> <span class='ocrx_word' id='word_1_530' title='bbox 1534 1291 1560 1314; x_wconf 85' lang='lat' dir='ltr'><strong>et</strong></span> <span class='ocrx_word' id='word_1_531' title='bbox 1576 1285 1667 1314; x_wconf 70' lang='lat' dir='ltr'><strong>Veteri</strong></span> <span class='ocrx_word' id='word_1_532' title='bbox 1681 1285 1777 1312; x_wconf 83' lang='lat' dir='ltr'><strong>Testa-</strong></span> 
     </span>
    </p>
   </div>
   <div class='ocr_carea' id='block_1_72' title="bbox 987 1330 1776 1367">
    <p class='ocr_par' dir='ltr' id='par_1_72' title="bbox 987 1330 1776 1367">
     <span class='ocr_line' id='line_1_72' title="bbox 987 1330 1776 1367; baseline -0.008 -4"><span class='ocrx_word' id='word_1_533' title='bbox 987 1339 1080 1364; x_wconf 89' lang='lat' dir='ltr'><strong>mento</strong></span> <span class='ocrx_word' id='word_1_534' title='bbox 1094 1335 1250 1362; x_wconf 66' lang='lat' dir='ltr'><strong>Iudaeorum</strong></span> <span class='ocrx_word' id='word_1_535' title='bbox 1265 1335 1351 1362; x_wconf 89' lang='lat' dir='ltr'><strong>instar</strong></span> <span class='ocrx_word' id='word_1_536' title='bbox 1364 1337 1488 1362; x_wconf 90' lang='lat' dir='ltr'><strong>utuntur.</strong></span> <span class='ocrx_word' id='word_1_537' title='bbox 1504 1332 1598 1367; x_wconf 84' lang='lat' dir='ltr'><strong>Neque</strong></span> <span class='ocrx_word' id='word_1_538' title='bbox 1612 1331 1684 1359; x_wconf 88' lang='lat' dir='ltr'><strong>enim</strong></span> <span class='ocrx_word' id='word_1_539' title='bbox 1704 1330 1776 1366; x_wconf 91' lang='lat' dir='ltr'><strong>apud</strong></span> 
     </span>
    </p>
   </div>
   <div class='ocr_carea' id='block_1_73' title="bbox 989 1375 1776 1416">
    <p class='ocr_par' dir='ltr' id='par_1_73' title="bbox 989 1375 1776 1416">
     <span class='ocr_line' id='line_1_73' title="bbox 989 1375 1776 1416; baseline -0.009 -8"><span class='ocrx_word' id='word_1_540' title='bbox 989 1381 1050 1408; x_wconf 88' lang='lat' dir='ltr'><strong>illos</strong></span> <span class='ocrx_word' id='word_1_541' title='bbox 1064 1381 1130 1416; x_wconf 87' lang='lat' dir='ltr'><strong>legis</strong></span> <span class='ocrx_word' id='word_1_542' title='bbox 1148 1380 1222 1412; x_wconf 88' lang='lat' dir='ltr'><strong>libri,</strong></span> <span class='ocrx_word' id='word_1_543' title='bbox 1245 1379 1392 1415; x_wconf 62' lang='lat' dir='ltr'><strong>propheta,</strong></span> <span class='ocrx_word' id='word_1_544' title='bbox 1409 1383 1456 1405; x_wconf 90' lang='lat' dir='ltr'><strong>aut</strong></span> <span class='ocrx_word' id='word_1_545' title='bbox 1475 1376 1658 1412; x_wconf 80' lang='lat' dir='ltr'><strong>hagiographa</strong></span> <span class='ocrx_word' id='word_1_546' title='bbox 1682 1375 1776 1411; x_wconf 86' lang='lat' dir='ltr'><strong>prohi-</strong></span> 
     </span>
    </p>
   </div>
   <div class='ocr_carea' id='block_1_74' title="bbox 988 1421 1778 1462">
    <p class='ocr_par' dir='ltr' id='par_1_74' title="bbox 988 1421 1778 1462">
     <span class='ocr_line' id='line_1_74' title="bbox 988 1421 1778 1462; baseline -0.008 -8"><span class='ocrx_word' id='word_1_547' title='bbox 988 1427 1097 1460; x_wconf 84' lang='lat' dir='ltr'><strong>bentur,</strong></span> <span class='ocrx_word' id='word_1_548' title='bbox 1112 1434 1172 1462; x_wconf 75' lang='lat' dir='ltr'><strong>qua:</strong></span> <span class='ocrx_word' id='word_1_549' title='bbox 1187 1425 1275 1453; x_wconf 68' lang='lat' dir='ltr'><strong>Judazi</strong></span> <span class='ocrx_word' id='word_1_550' title='bbox 1285 1425 1371 1452; x_wconf 84' lang='lat' dir='ltr'><strong>Biblia</strong></span> <span class='ocrx_word' id='word_1_551' title='bbox 1384 1427 1555 1459; x_wconf 88' lang='lat' dir='ltr'><strong>nuncupant,</strong></span> <span class='ocrx_word' id='word_1_552' title='bbox 1568 1427 1598 1450; x_wconf 94' lang='lat' dir='ltr'><strong>ut</strong></span> <span class='ocrx_word' id='word_1_553' title='bbox 1612 1426 1638 1450; x_wconf 88' lang='lat' dir='ltr'><strong>et</strong></span> <span class='ocrx_word' id='word_1_554' title='bbox 1651 1430 1666 1448; x_wconf 88' lang='lat' dir='ltr'><strong>a</strong></span> <span class='ocrx_word' id='word_1_555' title='bbox 1677 1421 1778 1449; x_wconf 64' lang='lat' dir='ltr'><strong>ludatis</strong></span> 
     </span>
    </p>
   </div>
   <div class='ocr_carea' id='block_1_75' title="bbox 990 1468 1778 1508">
    <p class='ocr_par' dir='ltr' id='par_1_75' title="bbox 990 1468 1778 1508">
     <span class='ocr_line' id='line_1_75' title="bbox 990 1468 1778 1508; baseline -0.008 -8"><span class='ocrx_word' id='word_1_556' title='bbox 990 1473 1184 1508; x_wconf 88' lang='lat' dir='ltr'><strong>approbantur,</strong></span> <span class='ocrx_word' id='word_1_557' title='bbox 1201 1479 1216 1498; x_wconf 89' lang='lat' dir='ltr'><strong>a</strong></span> <span class='ocrx_word' id='word_1_558' title='bbox 1230 1472 1329 1507; x_wconf 83' lang='lat' dir='ltr'><strong>quibus</strong></span> <span class='ocrx_word' id='word_1_559' title='bbox 1347 1471 1466 1497; x_wconf 72' lang='lat' dir='ltr'><strong>Nazaraai</strong></span> <span class='ocrx_word' id='word_1_560' title='bbox 1488 1470 1562 1496; x_wconf 85' lang='lat' dir='ltr'><strong>nulla</strong></span> <span class='ocrx_word' id='word_1_561' title='bbox 1581 1469 1609 1496; x_wconf 92' lang='lat' dir='ltr'><strong>in</strong></span> <span class='ocrx_word' id='word_1_562' title='bbox 1626 1476 1656 1495; x_wconf 88' lang='lat' dir='ltr'><strong>re</strong></span> <span class='ocrx_word' id='word_1_563' title='bbox 1671 1468 1778 1495; x_wconf 85' lang='lat' dir='ltr'><strong>dissen-</strong></span> 
     </span>
    </p>
   </div>
   <div class='ocr_carea' id='block_1_76' title="bbox 991 1514 1778 1554">
    <p class='ocr_par' dir='ltr' id='par_1_76' title="bbox 991 1514 1778 1554">
     <span class='ocr_line' id='line_1_76' title="bbox 991 1514 1778 1554; baseline -0.008 -8"><span class='ocrx_word' id='word_1_564' title='bbox 991 1520 1071 1551; x_wconf 89' lang='lat' dir='ltr'><strong>tiunt,</strong></span> <span class='ocrx_word' id='word_1_565' title='bbox 1088 1518 1135 1554; x_wconf 89' lang='lat' dir='ltr'><strong>qui</strong></span> <span class='ocrx_word' id='word_1_566' title='bbox 1150 1517 1184 1545; x_wconf 92' lang='lat' dir='ltr'><strong>ad</strong></span> <span class='ocrx_word' id='word_1_567' title='bbox 1198 1518 1265 1553; x_wconf 88' lang='lat' dir='ltr'><strong>legis</strong></span> <span class='ocrx_word' id='word_1_568' title='bbox 1283 1517 1470 1552; x_wconf 66' lang='lat' dir='ltr'><strong>pmscriptum</strong></span> <span class='ocrx_word' id='word_1_569' title='bbox 1490 1523 1522 1542; x_wconf 88' lang='lat' dir='ltr'><strong>ac</strong></span> <span class='ocrx_word' id='word_1_570' title='bbox 1532 1514 1688 1542; x_wconf 58' lang='lat' dir='ltr'><strong>Iudaeorum</strong></span> <span class='ocrx_word' id='word_1_571' title='bbox 1703 1521 1778 1541; x_wconf 88' lang='lat' dir='ltr'><strong>more</strong></span> 
     </span>
    </p>
   </div>
   <div class='ocr_carea' id='block_1_77' title="bbox 993 1559 1778 1599">
    <p class='ocr_par' dir='ltr' id='par_1_77' title="bbox 993 1559 1778 1599">
     <span class='ocr_line' id='line_1_77' title="bbox 993 1559 1778 1599; baseline -0.008 -7"><span class='ocrx_word' id='word_1_572' title='bbox 993 1565 1083 1592; x_wconf 88' lang='lat' dir='ltr'><strong>omnia</strong></span> <span class='ocrx_word' id='word_1_573' title='bbox 1098 1572 1147 1592; x_wconf 91' lang='lat' dir='ltr'><strong>sua</strong></span> <span class='ocrx_word' id='word_1_574' title='bbox 1162 1564 1288 1599; x_wconf 78' lang='lat' dir='ltr'><strong>dogmata</strong></span> <span class='ocrx_word' id='word_1_575' title='bbox 1303 1563 1473 1598; x_wconf 89' lang='lat' dir='ltr'><strong>proﬁtentur,</strong></span> <span class='ocrx_word' id='word_1_576' title='bbox 1489 1561 1543 1589; x_wconf 89' lang='lat' dir='ltr'><strong>nisi</strong></span> <span class='ocrx_word' id='word_1_577' title='bbox 1562 1561 1634 1596; x_wconf 90' lang='lat' dir='ltr'><strong>quod</strong></span> <span class='ocrx_word' id='word_1_578' title='bbox 1655 1561 1683 1587; x_wconf 87' lang='lat' dir='ltr'><strong>in</strong></span> <span class='ocrx_word' id='word_1_579' title='bbox 1699 1559 1778 1587; x_wconf 89' lang='lat' dir='ltr'><strong>Chri-</strong></span> 
     </span>
    </p>
   </div>
   <div class='ocr_carea' id='block_1_78' title="bbox 993 1607 1779 1641">
    <p class='ocr_par' dir='ltr' id='par_1_78' title="bbox 993 1607 1779 1641">
     <span class='ocr_line' id='line_1_78' title="bbox 993 1607 1779 1641; baseline -0.009 -3"><span class='ocrx_word' id='word_1_580' title='bbox 993 1616 1064 1639; x_wconf 85' lang='lat' dir='ltr'><strong>stum</strong></span> <span class='ocrx_word' id='word_1_581' title='bbox 1081 1610 1203 1637; x_wconf 88' lang='lat' dir='ltr'><strong>credunt.</strong></span> <span class='ocrx_word' id='word_1_582' title='bbox 1228 1609 1296 1636; x_wconf 87' lang='lat' dir='ltr'><strong>Nam</strong></span> <span class='ocrx_word' id='word_1_583' title='bbox 1311 1612 1337 1636; x_wconf 88' lang='lat' dir='ltr'><strong>et</strong></span> <span class='ocrx_word' id='word_1_584' title='bbox 1352 1612 1475 1636; x_wconf 86' lang='lat' dir='ltr'><strong>mortuos</strong></span> <span class='ocrx_word' id='word_1_585' title='bbox 1489 1607 1603 1635; x_wconf 77' lang='lat' dir='ltr'><strong>excitari</strong></span> <span class='ocrx_word' id='word_1_586' title='bbox 1619 1610 1728 1641; x_wconf 87' lang='lat' dir='ltr'><strong>putant,</strong></span> <span class='ocrx_word' id='word_1_587' title='bbox 1752 1608 1779 1632; x_wconf 85' lang='lat' dir='ltr'><strong>et</strong></span> 
     </span>
    </p>
   </div>
   <div class='ocr_carea' id='block_1_79' title="bbox 994 1650 1779 1689">
    <p class='ocr_par' dir='ltr' id='par_1_79' title="bbox 994 1650 1779 1689">
     <span class='ocr_line' id='line_1_79' title="bbox 994 1650 1779 1689; baseline -0.008 -6"><span class='ocrx_word' id='word_1_588' title='bbox 994 1664 1009 1683; x_wconf 88' lang='lat' dir='ltr'><strong>a</strong></span> <span class='ocrx_word' id='word_1_589' title='bbox 1027 1656 1080 1683; x_wconf 86' lang='lat' dir='ltr'><strong>Deo</strong></span> <span class='ocrx_word' id='word_1_590' title='bbox 1095 1655 1221 1682; x_wconf 83' lang='lat' dir='ltr'><strong>universa</strong></span> <span class='ocrx_word' id='word_1_591' title='bbox 1245 1654 1386 1689; x_wconf 87' lang='lat' dir='ltr'><strong>producta.</strong></span> <span class='ocrx_word' id='word_1_592' title='bbox 1406 1653 1494 1680; x_wconf 87' lang='lat' dir='ltr'><strong>Unum</strong></span> <span class='ocrx_word' id='word_1_593' title='bbox 1510 1660 1571 1680; x_wconf 82' lang='lat' dir='ltr'><strong>esse</strong></span> <span class='ocrx_word' id='word_1_594' title='bbox 1586 1651 1669 1679; x_wconf 82' lang='lat' dir='ltr'><strong>Deum</strong></span> <span class='ocrx_word' id='word_1_595' title='bbox 1683 1670 1690 1682; x_wconf 87' lang='lat'><strong>,</strong></span> <span class='ocrx_word' id='word_1_596' title='bbox 1707 1650 1779 1684; x_wconf 86' lang='lat' dir='ltr'><strong>ejus-</strong></span> 
     </span>
    </p>
   </div>
   <div class='ocr_carea' id='block_1_80' title="bbox 993 1695 1780 1736">
    <p class='ocr_par' dir='ltr' id='par_1_80' title="bbox 993 1695 1780 1736">
     <span class='ocr_line' id='line_1_80' title="bbox 993 1695 1780 1736; baseline -0.009 -8"><span class='ocrx_word' id='word_1_597' title='bbox 993 1709 1045 1736; x_wconf 91' lang='lat' dir='ltr'><strong>que</strong></span> <span class='ocrx_word' id='word_1_598' title='bbox 1069 1699 1167 1727; x_wconf 88' lang='lat' dir='ltr'><strong>Filium</strong></span> <span class='ocrx_word' id='word_1_599' title='bbox 1192 1699 1284 1727; x_wconf 83' lang='lat' dir='ltr'><strong>Jesum</strong></span> <span class='ocrx_word' id='word_1_600' title='bbox 1301 1699 1441 1726; x_wconf 83' lang='lat' dir='ltr'><strong>Christum</strong></span> <span class='ocrx_word' id='word_1_601' title='bbox 1464 1697 1622 1733; x_wconf 67' lang='lat' dir='ltr'><strong>praedicant.</strong></span> <span class='ocrx_word' id='word_1_602' title='bbox 1640 1695 1780 1723; x_wconf 61' lang='lat' dir='ltr'><strong>Hebraicw</strong></span> 
     </span>
    </p>
   </div>
   <div class='ocr_carea' id='block_1_81' title="bbox 991 1741 1780 1782">
    <p class='ocr_par' dir='ltr' id='par_1_81' title="bbox 991 1741 1780 1782">
     <span class='ocr_line' id='line_1_81' title="bbox 991 1741 1780 1782; baseline -0.01 -7"><span class='ocrx_word' id='word_1_603' title='bbox 991 1754 1057 1775; x_wconf 83' lang='lat' dir='ltr'><strong>vero</strong></span> <span class='ocrx_word' id='word_1_604' title='bbox 1074 1747 1171 1782; x_wconf 68' lang='lat' dir='ltr'><strong>linguae</strong></span> <span class='ocrx_word' id='word_1_605' title='bbox 1184 1745 1360 1774; x_wconf 87' lang='lat' dir='ltr'><strong>scientissimi</strong></span> <span class='ocrx_word' id='word_1_606' title='bbox 1375 1748 1456 1772; x_wconf 87' lang='lat' dir='ltr'><strong>sunt:</strong></span> <span class='ocrx_word' id='word_1_607' title='bbox 1473 1751 1505 1770; x_wconf 80' lang='lat' dir='ltr'><strong>ac</strong></span> <span class='ocrx_word' id='word_1_608' title='bbox 1519 1751 1581 1771; x_wconf 85' lang='lat' dir='ltr'><strong>cum</strong></span> <span class='ocrx_word' id='word_1_609' title='bbox 1597 1743 1723 1770; x_wconf 90' lang='lat' dir='ltr'><strong>universa</strong></span> <span class='ocrx_word' id='word_1_610' title='bbox 1738 1741 1780 1768; x_wconf 79' lang='lat' dir='ltr'><strong>lex</strong></span> 
     </span>
    </p>
   </div>
   <div class='ocr_carea' id='block_1_82' title="bbox 994 1789 1780 1830">
    <p class='ocr_par' dir='ltr' id='par_1_82' title="bbox 994 1789 1780 1830">
     <span class='ocr_line' id='line_1_82' title="bbox 994 1789 1780 1830; baseline -0.01 -8"><span class='ocrx_word' id='word_1_611' title='bbox 994 1794 1062 1830; x_wconf 91' lang='lat' dir='ltr'><strong>apud</strong></span> <span class='ocrx_word' id='word_1_612' title='bbox 1077 1794 1155 1827; x_wconf 88' lang='lat' dir='ltr'><strong>illos,</strong></span> <span class='ocrx_word' id='word_1_613' title='bbox 1170 1797 1227 1821; x_wconf 88' lang='lat' dir='ltr'><strong>tum</strong></span> <span class='ocrx_word' id='word_1_614' title='bbox 1244 1792 1381 1828; x_wconf 70' lang='lat' dir='ltr'><strong>propheta:</strong></span> <span class='ocrx_word' id='word_1_615' title='bbox 1392 1811 1399 1823; x_wconf 94' lang='lat'><strong>,</strong></span> <span class='ocrx_word' id='word_1_616' title='bbox 1414 1795 1441 1819; x_wconf 88' lang='lat' dir='ltr'><strong>et</strong></span> <span class='ocrx_word' id='word_1_617' title='bbox 1456 1789 1655 1826; x_wconf 81' lang='lat' dir='ltr'><strong>hagiograpba,</strong></span> <span class='ocrx_word' id='word_1_618' title='bbox 1673 1789 1726 1816; x_wconf 88' lang='lat' dir='ltr'><strong>hoc</strong></span> <span class='ocrx_word' id='word_1_619' title='bbox 1739 1790 1780 1814; x_wconf 85' lang='lat' dir='ltr'><strong>est</strong></span> 
     </span>
    </p>
   </div>
   <div class='ocr_carea' id='block_1_83' title="bbox 993 1834 1779 1874">
    <p class='ocr_par' dir='ltr' id='par_1_83' title="bbox 993 1834 1779 1874">
     <span class='ocr_line' id='line_1_83' title="bbox 993 1834 1779 1874; baseline -0.01 -7"><span class='ocrx_word' id='word_1_620' title='bbox 993 1841 1055 1868; x_wconf 89' lang='lat' dir='ltr'><strong>libri</strong></span> <span class='ocrx_word' id='word_1_621' title='bbox 1074 1839 1113 1867; x_wconf 90' lang='lat' dir='ltr'><strong>illi</strong></span> <span class='ocrx_word' id='word_1_622' title='bbox 1136 1839 1183 1874; x_wconf 89' lang='lat' dir='ltr'><strong>qui</strong></span> <span class='ocrx_word' id='word_1_623' title='bbox 1198 1838 1323 1866; x_wconf 85' lang='lat' dir='ltr'><strong>versibus</strong></span> <span class='ocrx_word' id='word_1_624' title='bbox 1342 1838 1463 1865; x_wconf 88' lang='lat' dir='ltr'><strong>distincti</strong></span> <span class='ocrx_word' id='word_1_625' title='bbox 1484 1840 1564 1869; x_wconf 85' lang='lat' dir='ltr'><strong>sunt,</strong></span> <span class='ocrx_word' id='word_1_626' title='bbox 1581 1840 1608 1863; x_wconf 89' lang='lat' dir='ltr'><strong>et</strong></span> <span class='ocrx_word' id='word_1_627' title='bbox 1632 1834 1779 1870; x_wconf 64' lang='lat' dir='ltr'><strong>prophetae,</strong></span> 
     </span>
    </p>
   </div>
   <div class='ocr_carea' id='block_1_84' title="bbox 997 1880 1781 1921">
    <p class='ocr_par' dir='ltr' id='par_1_84' title="bbox 997 1880 1781 1921">
     <span class='ocr_line' id='line_1_84' title="bbox 997 1880 1781 1921; baseline -0.01 -8"><span class='ocrx_word' id='word_1_628' title='bbox 997 1886 1073 1921; x_wconf 78' lang='lat'><strong>123</strong></span> <span class='ocrx_word' id='word_1_629' title='bbox 1089 1885 1294 1920; x_wconf 88' lang='lat' dir='ltr'><strong>Paralipomeua</strong></span> <span class='ocrx_word' id='word_1_630' title='bbox 1308 1903 1315 1916; x_wconf 83' lang='grc'><strong>,</strong></span> <span class='ocrx_word' id='word_1_631' title='bbox 1339 1883 1452 1914; x_wconf 88' lang='lat' dir='ltr'><strong>Esther,</strong></span> <span class='ocrx_word' id='word_1_632' title='bbox 1468 1886 1619 1915; x_wconf 59' lang='lat' dir='ltr'><strong>caeteraque</strong></span> <span class='ocrx_word' id='word_1_633' title='bbox 1646 1880 1672 1906; x_wconf 90' lang='lat' dir='ltr'><strong>id</strong></span> <span class='ocrx_word' id='word_1_634' title='bbox 1695 1887 1781 1915; x_wconf 79' lang='lat' dir='ltr'><strong>genus</strong></span> 
     </span>
    </p>
   </div>
   <div class='ocr_carea' id='block_1_85' title="bbox 995 1926 1781 1964">
    <p class='ocr_par' dir='ltr' id='par_1_85' title="bbox 995 1926 1781 1964">
     <span class='ocr_line' id='line_1_85' title="bbox 995 1926 1781 1964; baseline -0.01 -5"><span class='ocrx_word' id='word_1_635' title='bbox 995 1932 1126 1960; x_wconf 81' lang='lat' dir='ltr'><strong>llebraice</strong></span> <span class='ocrx_word' id='word_1_636' title='bbox 1141 1935 1170 1958; x_wconf 90' lang='lat' dir='ltr'><strong>ut</strong></span> <span class='ocrx_word' id='word_1_637' title='bbox 1192 1935 1218 1958; x_wconf 92' lang='lat' dir='ltr'><strong>et</strong></span> <span class='ocrx_word' id='word_1_638' title='bbox 1243 1937 1258 1956; x_wconf 90' lang='lat' dir='ltr'><strong>a</strong></span> <span class='ocrx_word' id='word_1_639' title='bbox 1273 1929 1375 1957; x_wconf 67' lang='lat' dir='ltr'><strong>Judazis</strong></span> <span class='ocrx_word' id='word_1_640' title='bbox 1391 1930 1527 1964; x_wconf 86' lang='lat' dir='ltr'><strong>leguntur.</strong></span> <span class='ocrx_word' id='word_1_641' title='bbox 1545 1926 1602 1954; x_wconf 84' lang='lat' dir='ltr'><strong>Hoc</strong></span> <span class='ocrx_word' id='word_1_642' title='bbox 1619 1927 1701 1962; x_wconf 84' lang='lat' dir='ltr'><strong>igitur</strong></span> <span class='ocrx_word' id='word_1_643' title='bbox 1726 1933 1781 1952; x_wconf 91' lang='lat' dir='ltr'><strong>uno</strong></span> 
     </span>
    </p>
   </div>
   <div class='ocr_carea' id='block_1_86' title="bbox 995 1972 1781 2012">
    <p class='ocr_par' dir='ltr' id='par_1_86' title="bbox 995 1972 1781 2012">
     <span class='ocr_line' id='line_1_86' title="bbox 995 1972 1781 2012; baseline -0.01 -6"><span class='ocrx_word' id='word_1_644' title='bbox 995 1984 1076 2006; x_wconf 79' lang='lat' dir='ltr'><strong>tanta</strong></span> <span class='ocrx_word' id='word_1_645' title='bbox 1089 1977 1201 2010; x_wconf 64' lang='lat' dir='ltr'><strong>Iudaeis,</strong></span> <span class='ocrx_word' id='word_1_646' title='bbox 1213 1984 1294 2012; x_wconf 91' lang='lat' dir='ltr'><strong>quam</strong></span> <span class='ocrx_word' id='word_1_647' title='bbox 1309 1975 1502 2003; x_wconf 68' lang='lat' dir='ltr'><strong>aChristiauis</strong></span> <span class='ocrx_word' id='word_1_648' title='bbox 1517 1973 1663 2002; x_wconf 84' lang='lat' dir='ltr'><strong>diﬂ‘erunt:</strong></span> <span class='ocrx_word' id='word_1_649' title='bbox 1679 1973 1713 2000; x_wconf 89' lang='lat' dir='ltr'><strong>ab</strong></span> <span class='ocrx_word' id='word_1_650' title='bbox 1727 1972 1781 1999; x_wconf 86' lang='lat' dir='ltr'><strong>illis</strong></span> 
     </span>
    </p>
   </div>
   <div class='ocr_carea' id='block_1_87' title="bbox 994 2018 1782 2060">
    <p class='ocr_par' dir='ltr' id='par_1_87' title="bbox 994 2018 1782 2060">
     <span class='ocr_line' id='line_1_87' title="bbox 994 2018 1782 2060; baseline -0.009 -8"><span class='ocrx_word' id='word_1_651' title='bbox 994 2024 1201 2060; x_wconf 88' lang='lat' dir='ltr'><strong>quidem,quod</strong></span> <span class='ocrx_word' id='word_1_652' title='bbox 1227 2023 1255 2049; x_wconf 90' lang='lat' dir='ltr'><strong>in</strong></span> <span class='ocrx_word' id='word_1_653' title='bbox 1279 2022 1415 2049; x_wconf 89' lang='lat' dir='ltr'><strong>Christum</strong></span> <span class='ocrx_word' id='word_1_654' title='bbox 1436 2021 1569 2052; x_wconf 80' lang='lat' dir='ltr'><strong>credant;</strong></span> <span class='ocrx_word' id='word_1_655' title='bbox 1591 2027 1605 2046; x_wconf 88' lang='lat' dir='ltr'><strong>a</strong></span> <span class='ocrx_word' id='word_1_656' title='bbox 1619 2018 1782 2047; x_wconf 82' lang='lat' dir='ltr'><strong>Christianis</strong></span> 
     </span>
    </p>
   </div>
   <div class='ocr_carea' id='block_1_88' title="bbox 994 2063 1782 2104">
    <p class='ocr_par' dir='ltr' id='par_1_88' title="bbox 994 2063 1782 2104">
     <span class='ocr_line' id='line_1_88' title="bbox 994 2063 1782 2104; baseline -0.009 -7"><span class='ocrx_word' id='word_1_657' title='bbox 994 2078 1069 2102; x_wconf 85' lang='lat' dir='ltr'><strong>vero,</strong></span> <span class='ocrx_word' id='word_1_658' title='bbox 1081 2069 1152 2104; x_wconf 90' lang='lat' dir='ltr'><strong>quod</strong></span> <span class='ocrx_word' id='word_1_659' title='bbox 1165 2067 1286 2096; x_wconf 83' lang='lat' dir='ltr'><strong>Judaicis</strong></span> <span class='ocrx_word' id='word_1_660' title='bbox 1300 2067 1389 2094; x_wconf 91' lang='lat' dir='ltr'><strong>adhuc</strong></span> <span class='ocrx_word' id='word_1_661' title='bbox 1403 2066 1501 2093; x_wconf 88' lang='lat' dir='ltr'><strong>ritibus</strong></span> <span class='ocrx_word' id='word_1_662' title='bbox 1513 2065 1696 2100; x_wconf 85' lang='lat' dir='ltr'><strong>implicentur,</strong></span> <span class='ocrx_word' id='word_1_663' title='bbox 1708 2063 1782 2091; x_wconf 81' lang='lat' dir='ltr'><strong>velut</strong></span> 
     </span>
    </p>
   </div>
   <div class='ocr_carea' id='block_1_89' title="bbox 995 2108 1783 2146">
    <p class='ocr_par' dir='ltr' id='par_1_89' title="bbox 995 2108 1783 2146">
     <span class='ocr_line' id='line_1_89' title="bbox 995 2108 1783 2146; baseline -0.008 -3"><span class='ocrx_word' id='word_1_664' title='bbox 995 2115 1203 2143; x_wconf 88' lang='lat' dir='ltr'><strong>circumcisione</strong></span> <span class='ocrx_word' id='word_1_665' title='bbox 1215 2134 1222 2146; x_wconf 86' lang='lat'><strong>,</strong></span> <span class='ocrx_word' id='word_1_666' title='bbox 1247 2113 1365 2141; x_wconf 86' lang='lat' dir='ltr'><strong>Sabbato</strong></span> <span class='ocrx_word' id='word_1_667' title='bbox 1379 2132 1386 2145; x_wconf 86' lang='lat'><strong>,</strong></span> <span class='ocrx_word' id='word_1_668' title='bbox 1404 2113 1520 2146; x_wconf 88' lang='lat' dir='ltr'><strong>aliisque</strong></span> <span class='ocrx_word' id='word_1_669' title='bbox 1539 2110 1717 2139; x_wconf 58' lang='lat' dir='ltr'><strong>caeremoniis.</strong></span> <span class='ocrx_word' id='word_1_670' title='bbox 1737 2108 1783 2137; x_wconf 87' lang='lat' dir='ltr'><strong>.De</strong></span> 
     </span>
    </p>
   </div>
   <div class='ocr_carea' id='block_1_90' title="bbox 995 2158 1782 2190">
    <p class='ocr_par' dir='ltr' id='par_1_90' title="bbox 995 2158 1782 2190">
     <span class='ocr_line' id='line_1_90' title="bbox 995 2158 1782 2190; baseline -0.01 -2"><span class='ocrx_word' id='word_1_671' title='bbox 995 2161 1104 2188; x_wconf 88' lang='lat' dir='ltr'><strong>Christo</strong></span> <span class='ocrx_word' id='word_1_672' title='bbox 1128 2167 1193 2187; x_wconf 85' lang='lat' dir='ltr'><strong>vero</strong></span> <span class='ocrx_word' id='word_1_673' title='bbox 1212 2164 1286 2187; x_wconf 83' lang='lat' dir='ltr'><strong>certo</strong></span> <span class='ocrx_word' id='word_1_674' title='bbox 1310 2159 1376 2186; x_wconf 90' lang='lat' dir='ltr'><strong>illud</strong></span> <span class='ocrx_word' id='word_1_675' title='bbox 1393 2158 1526 2184; x_wconf 83' lang='lat' dir='ltr'><strong>aﬁirmare</strong></span> <span class='ocrx_word' id='word_1_676' title='bbox 1541 2163 1664 2190; x_wconf 84' lang='lat' dir='ltr'><strong>nequeo,</strong></span> <span class='ocrx_word' id='word_1_677' title='bbox 1688 2158 1782 2181; x_wconf 82' lang='lat' dir='ltr'><strong>utrum</strong></span> 
     </span>
    </p>
   </div>
   <div class='ocr_carea' id='block_1_91' title="bbox 157 2200 938 2247">
    <p class='ocr_par' dir='ltr' id='par_1_91' title="bbox 157 2205 938 2242">
     <span class='ocr_line' id='line_1_91' title="bbox 157 2205 938 2242; baseline 0.003 -11"><span class='ocrx_word' id='word_1_678' title='bbox 157 2205 280 2240; x_wconf 82' lang='grc' dir='ltr'>μοῦντες,</span> <span class='ocrx_word' id='word_1_679' title='bbox 295 2206 339 2232; x_wconf 76' lang='grc' dir='ltr'><strong>διὰ</strong></span> <span class='ocrx_word' id='word_1_680' title='bbox 359 2206 389 2232; x_wconf 81' lang='grc' dir='ltr'>τὸ</span> <span class='ocrx_word' id='word_1_681' title='bbox 410 2205 451 2232; x_wconf 77' lang='grc' dir='ltr'>ἔτι</span> <span class='ocrx_word' id='word_1_682' title='bbox 473 2206 548 2241; x_wconf 85' lang='grc' dir='ltr'>νόμῳ</span> <span class='ocrx_word' id='word_1_683' title='bbox 566 2206 745 2241; x_wconf 72' lang='grc' dir='ltr'>πεπεδῆσθαί.</span> <span class='ocrx_word' id='word_1_684' title='bbox 761 2208 895 2242; x_wconf 83' lang='grc' dir='ltr'>περιτομῇ</span> <span class='ocrx_word' id='word_1_685' title='bbox 912 2215 938 2233; x_wconf 82' lang='grc' dir='ltr'><strong>τε</strong></span> 
     </span>
    </p>
   </div>
   <div class='ocr_carea' id='block_1_92' title="bbox 990 2200 1782 2247">
    <p class='ocr_par' dir='ltr' id='par_1_92' title="bbox 995 2200 1782 2239">
     <span class='ocr_line' id='line_1_92' title="bbox 995 2200 1782 2239; baseline -0.009 -6"><span class='ocrx_word' id='word_1_686' title='bbox 995 2206 1116 2234; x_wconf 90' lang='lat' dir='ltr'><strong>Cerinthi</strong></span> <span class='ocrx_word' id='word_1_687' title='bbox 1128 2206 1170 2233; x_wconf 81' lang='lat' dir='ltr'><strong>vel</strong></span> <span class='ocrx_word' id='word_1_688' title='bbox 1194 2205 1319 2233; x_wconf 83' lang='lat' dir='ltr'><strong>Merinthi</strong></span> <span class='ocrx_word' id='word_1_689' title='bbox 1335 2204 1472 2239; x_wconf 85' lang='lat' dir='ltr'><strong>impietate</strong></span> <span class='ocrx_word' id='word_1_690' title='bbox 1491 2203 1534 2230; x_wconf 89' lang='lat' dir='ltr'><strong>illa</strong></span> <span class='ocrx_word' id='word_1_691' title='bbox 1551 2201 1666 2236; x_wconf 81' lang='lat' dir='ltr'><strong>decepti,</strong></span> <span class='ocrx_word' id='word_1_692' title='bbox 1678 2200 1782 2234; x_wconf 90' lang='lat' dir='ltr'><strong>simpli-</strong></span> 
     </span>
    </p>
   </div>
   <div class='ocr_carea' id='block_1_93' title="bbox 156 2251 944 2287">
    <p class='ocr_par' dir='ltr' id='par_1_93' title="bbox 156 2251 944 2287">
     <span class='ocr_line' id='line_1_93' title="bbox 156 2251 944 2287; baseline 0.001 -10"><span class='ocrx_word' id='word_1_693' title='bbox 156 2251 203 2277; x_wconf 73' lang='grc' dir='ltr'>λαὶ</span> <span class='ocrx_word' id='word_1_694' title='bbox 219 2251 349 2286; x_wconf 77' lang='grc' dir='ltr'><strong>Σαὸὗάτῳ</strong></span> <span class='ocrx_word' id='word_1_695' title='bbox 365 2251 412 2278; x_wconf 74' lang='grc' dir='ltr'><strong>καὶ</strong></span> <span class='ocrx_word' id='word_1_696' title='bbox 428 2252 484 2282; x_wconf 85' lang='grc' dir='ltr'>τοῖς</span> <span class='ocrx_word' id='word_1_697' title='bbox 506 2251 604 2283; x_wconf 81' lang='grc' dir='ltr'>ἄλλοις.</span> <span class='ocrx_word' id='word_1_698' title='bbox 627 2252 696 2287; x_wconf 68' lang='grc' dir='ltr'>Περὶ</span> <span class='ocrx_word' id='word_1_699' title='bbox 715 2252 834 2287; x_wconf 85' lang='grc' dir='ltr'>Χριστοῦ</span> <span class='ocrx_word' id='word_1_700' title='bbox 849 2252 877 2278; x_wconf 81' lang='grc' dir='ltr'><strong>δὲ</strong></span> <span class='ocrx_word' id='word_1_701' title='bbox 894 2252 944 2278; x_wconf 74' lang='grc' dir='ltr'><strong>οὐκ</strong></span> 
     </span>
    </p>
   </div>
   <div class='ocr_carea' id='block_1_94' title="bbox 155 2293 945 2332">
    <p class='ocr_par' dir='ltr' id='par_1_94' title="bbox 155 2293 945 2332">
     <span class='ocr_line' id='line_1_94' title="bbox 155 2293 945 2332; baseline 0 -10"><span class='ocrx_word' id='word_1_702' title='bbox 155 2293 214 2322; x_wconf 80' lang='grc' dir='ltr'>οἶδα</span> <span class='ocrx_word' id='word_1_703' title='bbox 226 2297 322 2327; x_wconf 76' lang='grc' dir='ltr'>εἰπεῖν,</span> <span class='ocrx_word' id='word_1_704' title='bbox 337 2297 360 2322; x_wconf 82' lang='grc' dir='ltr'><strong>εί</strong></span> <span class='ocrx_word' id='word_1_705' title='bbox 377 2296 422 2322; x_wconf 78' lang='grc' dir='ltr'><strong>καὶ</strong></span> <span class='ocrx_word' id='word_1_706' title='bbox 441 2296 528 2329; x_wconf 76' lang='grc' dir='ltr'>αὐτοὶ,</span> <span class='ocrx_word' id='word_1_707' title='bbox 545 2298 578 2332; x_wconf 82' lang='grc' dir='ltr'>τῇ</span> <span class='ocrx_word' id='word_1_708' title='bbox 592 2297 645 2323; x_wconf 88' lang='grc' dir='ltr'><strong>τῶν</strong></span> <span class='ocrx_word' id='word_1_709' title='bbox 663 2297 867 2332; x_wconf 83' lang='grc' dir='ltr'>προειρημένων</span> <span class='ocrx_word' id='word_1_710' title='bbox 881 2297 945 2332; x_wconf 76' lang='grc' dir='ltr'>περὶ</span> 
     </span>
    </p>
   </div>
   <div class='ocr_carea' id='block_1_95' title="bbox 134 2341 944 2378">
    <p class='ocr_par' dir='ltr' id='par_1_95' title="bbox 134 2341 944 2378">
     <span class='ocr_line' id='line_1_95' title="bbox 134 2341 944 2378; baseline 0.002 -11"><span class='ocrx_word' id='word_1_711' title='bbox 134 2341 292 2376; x_wconf 84' lang='grc' dir='ltr'>·Κήρινθον</span> <span class='ocrx_word' id='word_1_712' title='bbox 317 2342 364 2368; x_wconf 73' lang='grc' dir='ltr'><strong>καὶ</strong></span> <span class='ocrx_word' id='word_1_713' title='bbox 384 2342 521 2377; x_wconf 85' lang='grc' dir='ltr'>Μήρινθον</span> <span class='ocrx_word' id='word_1_714' title='bbox 544 2342 679 2378; x_wconf 75' lang='grc' dir='ltr'>μοχθηρίᾳ</span> <span class='ocrx_word' id='word_1_715' title='bbox 702 2342 844 2377; x_wconf 80' lang='grc' dir='ltr'>ἀχθέντες,</span> <span class='ocrx_word' id='word_1_716' title='bbox 868 2342 944 2377; x_wconf 78' lang='grc' dir='ltr'>ψιλὸν</span> 
     </span>
    </p>
   </div>
   <div class='ocr_carea' id='block_1_96' title="bbox 157 2385 945 2423">
    <p class='ocr_par' dir='ltr' id='par_1_96' title="bbox 157 2385 945 2423">
     <span class='ocr_line' id='line_1_96' title="bbox 157 2385 945 2423; baseline 0.003 -11"><span class='ocrx_word' id='word_1_717' title='bbox 157 2385 300 2422; x_wconf 80' lang='grc' dir='ltr'>ἄνθρωπον</span> <span class='ocrx_word' id='word_1_718' title='bbox 315 2387 470 2421; x_wconf 82' lang='grc' dir='ltr'>νομίζουσιν</span> <span class='ocrx_word' id='word_1_719' title='bbox 481 2395 487 2402; x_wconf 94' lang='grc'><strong>·</strong></span> <span class='ocrx_word' id='word_1_720' title='bbox 500 2387 528 2422; x_wconf 79' lang='grc' dir='ltr'>ἢ,</span> <span class='ocrx_word' id='word_1_721' title='bbox 548 2387 638 2419; x_wconf 86' lang='grc' dir='ltr'>καθὼς</span> <span class='ocrx_word' id='word_1_722' title='bbox 658 2388 675 2423; x_wconf 81' lang='grc' dir='ltr'>ὴ</span> <span class='ocrx_word' id='word_1_723' title='bbox 693 2387 805 2423; x_wconf 79' lang='grc' dir='ltr'>ἀλήθεια</span> <span class='ocrx_word' id='word_1_724' title='bbox 819 2388 885 2423; x_wconf 77' lang='grc' dir='ltr'><strong>ἔχει.</strong></span> <span class='ocrx_word' id='word_1_725' title='bbox 901 2388 945 2414; x_wconf 84' lang='grc' dir='ltr'><strong>διὰ</strong></span> 
     </span>
    </p>
   </div>
   <div class='ocr_carea' id='block_1_97' title="bbox 157 2432 944 2469">
    <p class='ocr_par' dir='ltr' id='par_1_97' title="bbox 157 2432 944 2469">
     <span class='ocr_line' id='line_1_97' title="bbox 157 2432 944 2469; baseline 0.001 -11"><span class='ocrx_word' id='word_1_726' title='bbox 157 2432 315 2466; x_wconf 85' lang='grc' dir='ltr'>Πνεύματος</span> <span class='ocrx_word' id='word_1_727' title='bbox 336 2433 413 2467; x_wconf 81' lang='grc' dir='ltr'>ἁγίου</span> <span class='ocrx_word' id='word_1_728' title='bbox 435 2433 613 2469; x_wconf 84' lang='grc' dir='ltr'>γεγεννῆσθαι</span> <span class='ocrx_word' id='word_1_729' title='bbox 631 2435 663 2460; x_wconf 83' lang='grc' dir='ltr'><strong>ὲκ</strong></span> <span class='ocrx_word' id='word_1_730' title='bbox 684 2434 794 2469; x_wconf 85' lang='grc' dir='ltr'>Μαρίας</span> <span class='ocrx_word' id='word_1_731' title='bbox 807 2434 944 2461; x_wconf 75' lang='grc' dir='ltr'>διαϐεϐαι-</span> 
     </span>
    </p>
   </div>
   <div class='ocr_carea' id='block_1_98' title="bbox 157 2477 944 2515">
    <p class='ocr_par' dir='ltr' id='par_1_98' title="bbox 157 2477 944 2515">
     <span class='ocr_line' id='line_1_98' title="bbox 157 2477 944 2515; baseline 0.003 -12"><span class='ocrx_word' id='word_1_732' title='bbox 157 2477 261 2504; x_wconf 84' lang='grc' dir='ltr'>οῦνται.</span> <span class='ocrx_word' id='word_1_733' title='bbox 280 2478 360 2504; x_wconf 84' lang='grc' dir='ltr'>Ἐστι</span> <span class='ocrx_word' id='word_1_734' title='bbox 380 2478 408 2504; x_wconf 79' lang='grc' dir='ltr'><strong>δὲ</strong></span> <span class='ocrx_word' id='word_1_735' title='bbox 423 2477 492 2513; x_wconf 74' lang='grc' dir='ltr'>αὕτη</span> <span class='ocrx_word' id='word_1_736' title='bbox 506 2479 522 2513; x_wconf 86' lang='grc' dir='ltr'>ἡ</span> <span class='ocrx_word' id='word_1_737' title='bbox 538 2479 642 2514; x_wconf 79' lang='grc' dir='ltr'>αἵρεσις</span> <span class='ocrx_word' id='word_1_738' title='bbox 657 2480 673 2514; x_wconf 87' lang='grc' dir='ltr'><strong>ή</strong></span> <span class='ocrx_word' id='word_1_739' title='bbox 689 2478 856 2515; x_wconf 80' lang='grc' dir='ltr'>Ναζωραίων</span> <span class='ocrx_word' id='word_1_740' title='bbox 869 2480 898 2505; x_wconf 85' lang='grc' dir='ltr'>ὲν</span> <span class='ocrx_word' id='word_1_741' title='bbox 911 2480 944 2514; x_wconf 86' lang='grc' dir='ltr'>τῇ</span> 
     </span>
    </p>
   </div>
   <div class='ocr_carea' id='block_1_99' title="bbox 159 2523 945 2560">
    <p class='ocr_par' dir='ltr' id='par_1_99' title="bbox 159 2523 945 2560">
     <span class='ocr_line' id='line_1_99' title="bbox 159 2523 945 2560; baseline 0.003 -11"><span class='ocrx_word' id='word_1_742' title='bbox 159 2523 306 2558; x_wconf 88' lang='grc' dir='ltr'>Βεροιαίων</span> <span class='ocrx_word' id='word_1_743' title='bbox 321 2523 385 2558; x_wconf 77' lang='grc' dir='ltr'>περὶ</span> <span class='ocrx_word' id='word_1_744' title='bbox 396 2523 446 2558; x_wconf 82' lang='grc' dir='ltr'><strong>τὴν</strong></span> <span class='ocrx_word' id='word_1_745' title='bbox 461 2523 560 2559; x_wconf 85' lang='grc' dir='ltr'>Κοίλην</span> <span class='ocrx_word' id='word_1_746' title='bbox 574 2524 688 2559; x_wconf 87' lang='grc' dir='ltr'>Συρίαν,</span> <span class='ocrx_word' id='word_1_747' title='bbox 704 2525 751 2551; x_wconf 81' lang='grc' dir='ltr'>καὶ</span> <span class='ocrx_word' id='word_1_748' title='bbox 769 2526 797 2550; x_wconf 84' lang='grc' dir='ltr'><strong>ὲν</strong></span> <span class='ocrx_word' id='word_1_749' title='bbox 814 2526 846 2560; x_wconf 82' lang='grc' dir='ltr'>τῇ</span> <span class='ocrx_word' id='word_1_750' title='bbox 861 2526 945 2551; x_wconf 82' lang='grc' dir='ltr'>Δεκα-</span> 
     </span>
    </p>
   </div>
   <div class='ocr_carea' id='block_1_100' title="bbox 159 2569 945 2605">
    <p class='ocr_par' dir='ltr' id='par_1_100' title="bbox 159 2569 945 2605">
     <span class='ocr_line' id='line_1_100' title="bbox 159 2569 945 2605; baseline 0.001 -10"><span class='ocrx_word' id='word_1_751' title='bbox 159 2569 236 2595; x_wconf 84' lang='grc' dir='ltr'>πόλει</span> <span class='ocrx_word' id='word_1_752' title='bbox 248 2569 313 2604; x_wconf 78' lang='grc' dir='ltr'>περὶ</span> <span class='ocrx_word' id='word_1_753' title='bbox 332 2569 366 2596; x_wconf 82' lang='grc' dir='ltr'>τὰ</span> <span class='ocrx_word' id='word_1_754' title='bbox 385 2569 434 2604; x_wconf 77' lang='grc' dir='ltr'>τῆς</span> <span class='ocrx_word' id='word_1_755' title='bbox 449 2569 553 2604; x_wconf 82' lang='grc' dir='ltr'>Πέλλης</span> <span class='ocrx_word' id='word_1_756' title='bbox 573 2570 655 2605; x_wconf 82' lang='grc' dir='ltr'>μέρη.</span> <span class='ocrx_word' id='word_1_757' title='bbox 673 2570 720 2596; x_wconf 70' lang='grc' dir='ltr'><strong>καὶ</strong></span> <span class='ocrx_word' id='word_1_758' title='bbox 734 2571 763 2596; x_wconf 84' lang='grc' dir='ltr'>ὲν</span> <span class='ocrx_word' id='word_1_759' title='bbox 779 2572 812 2605; x_wconf 82' lang='grc' dir='ltr'>τῇ</span> <span class='ocrx_word' id='word_1_760' title='bbox 829 2570 945 2596; x_wconf 82' lang='grc' dir='ltr'>Βασανί-</span> 
     </span>
    </p>
   </div>
   <div class='ocr_carea' id='block_1_101' title="bbox 159 2614 945 2651">
    <p class='ocr_par' dir='ltr' id='par_1_101' title="bbox 159 2614 945 2651">
     <span class='ocr_line' id='line_1_101' title="bbox 159 2614 945 2651; baseline 0.001 -10"><span class='ocrx_word' id='word_1_761' title='bbox 159 2615 211 2641; x_wconf 82' lang='grc' dir='ltr'>τιόι</span> <span class='ocrx_word' id='word_1_762' title='bbox 225 2617 259 2650; x_wconf 80' lang='grc' dir='ltr'>τῇ</span> <span class='ocrx_word' id='word_1_763' title='bbox 272 2615 405 2650; x_wconf 83' lang='grc' dir='ltr'>λεγομένῃ</span> <span class='ocrx_word' id='word_1_764' title='bbox 419 2614 550 2650; x_wconf 79' lang='grc' dir='ltr'>Κωκάόῃ,</span> <span class='ocrx_word' id='word_1_765' title='bbox 567 2615 685 2651; x_wconf 79' lang='grc' dir='ltr'>Χωχάϐῃ</span> <span class='ocrx_word' id='word_1_766' title='bbox 696 2616 724 2642; x_wconf 82' lang='grc' dir='ltr'><strong>δὲ</strong></span> <span class='ocrx_word' id='word_1_767' title='bbox 744 2615 884 2651; x_wconf 77' lang='grc' dir='ltr'>Ἐϐραϊστὶ</span> <span class='ocrx_word' id='word_1_768' title='bbox 902 2615 945 2642; x_wconf 88' lang='grc' dir='ltr'>λε-</span> 
     </span>
    </p>
   </div>
   <div class='ocr_carea' id='block_1_102' title="bbox 161 2661 948 2698">
    <p class='ocr_par' dir='ltr' id='par_1_102' title="bbox 161 2661 948 2698">
     <span class='ocr_line' id='line_1_102' title="bbox 161 2661 948 2698; baseline 0.001 -10"><span class='ocrx_word' id='word_1_769' title='bbox 161 2662 273 2698; x_wconf 82' lang='grc' dir='ltr'>γομένῃ.</span> <span class='ocrx_word' id='word_1_770' title='bbox 296 2662 415 2689; x_wconf 88' lang='grc' dir='ltr'>Ἐκεῖθεν</span> <span class='ocrx_word' id='word_1_771' title='bbox 437 2661 491 2697; x_wconf 86' lang='grc' dir='ltr'>γὰρ</span> <span class='ocrx_word' id='word_1_772' title='bbox 506 2663 521 2697; x_wconf 85' lang='grc' dir='ltr'>ἡ</span> <span class='ocrx_word' id='word_1_773' title='bbox 538 2662 609 2698; x_wconf 79' lang='grc' dir='ltr'>ἀρχὴ</span> <span class='ocrx_word' id='word_1_774' title='bbox 627 2663 722 2697; x_wconf 78' lang='grc' dir='ltr'>γέγονε</span> <span class='ocrx_word' id='word_1_775' title='bbox 747 2663 816 2698; x_wconf 77' lang='grc' dir='ltr'>μετὰ</span> <span class='ocrx_word' id='word_1_776' title='bbox 830 2663 879 2698; x_wconf 73' lang='grc' dir='ltr'><strong>τὴν</strong></span> <span class='ocrx_word' id='word_1_777' title='bbox 893 2663 948 2689; x_wconf 80' lang='grc' dir='ltr'>ἀπὸ</span> 
     </span>
    </p>
   </div>
   <div class='ocr_carea' id='block_1_103' title="bbox 161 2707 947 2744">
    <p class='ocr_par' dir='ltr' id='par_1_103' title="bbox 161 2707 947 2744">
     <span class='ocr_line' id='line_1_103' title="bbox 161 2707 947 2744; baseline 0.001 -10"><span class='ocrx_word' id='word_1_778' title='bbox 161 2707 214 2734; x_wconf 87' lang='grc' dir='ltr'><strong>τῶν</strong></span> <span class='ocrx_word' id='word_1_779' title='bbox 233 2707 426 2743; x_wconf 74' lang='grc' dir='ltr'>Ἰεοοσολύμων</span> <span class='ocrx_word' id='word_1_780' title='bbox 442 2707 617 2742; x_wconf 79' lang='grc' dir='ltr'>μετάστασιν,</span> <span class='ocrx_word' id='word_1_781' title='bbox 633 2709 742 2735; x_wconf 76' lang='grc' dir='ltr'>πάντων</span> <span class='ocrx_word' id='word_1_782' title='bbox 752 2709 806 2735; x_wconf 82' lang='grc' dir='ltr'>τῶν</span> <span class='ocrx_word' id='word_1_783' title='bbox 819 2708 947 2744; x_wconf 85' lang='grc' dir='ltr'>μαθητῶν</span> 
     </span>
    </p>
   </div>
   <div class='ocr_carea' id='block_1_104' title="bbox 197 2786 948 2822">
    <p class='ocr_par' dir='ltr' id='par_1_104' title="bbox 197 2786 948 2822">
     <span class='ocr_line' id='line_1_104' title="bbox 197 2786 948 2822; baseline 0 -8"><span class='ocrx_word' id='word_1_784' title='bbox 197 2787 235 2820; x_wconf 82' lang='grc'><strong>(9)</strong></span> <span class='ocrx_word' id='word_1_785' title='bbox 254 2787 307 2814; x_wconf 78' lang='grc' dir='ltr'><strong>Καὶ</strong></span> <span class='ocrx_word' id='word_1_786' title='bbox 321 2787 454 2822; x_wconf 64' lang='grc' dir='ltr'>γραφεῖα,</span> <span class='ocrx_word' id='word_1_787' title='bbox 470 2787 506 2814; x_wconf 83' lang='grc' dir='ltr'>τὰ</span> <span class='ocrx_word' id='word_1_788' title='bbox 517 2786 596 2821; x_wconf 74' lang='grc' dir='ltr'>παρὰ</span> <span class='ocrx_word' id='word_1_789' title='bbox 615 2786 779 2820; x_wconf 78' lang='grc' dir='ltr'>Ἰουδαίοις.</span> <span class='ocrx_word' id='word_1_790' title='bbox 800 2787 865 2819; x_wconf 74' lang='lat' dir='ltr'><strong>Qum</strong></span> <span class='ocrx_word' id='word_1_791' title='bbox 877 2787 948 2822; x_wconf 83' lang='grc' dir='ltr'>ἁγιό-</span> 
     </span>
    </p>
   </div>
   <div class='ocr_carea' id='block_1_105' title="bbox 162 2822 946 2857">
    <p class='ocr_par' dir='ltr' id='par_1_105' title="bbox 162 2822 946 2857">
     <span class='ocr_line' id='line_1_105' title="bbox 162 2822 946 2857; baseline 0 -9"><span class='ocrx_word' id='word_1_792' title='bbox 162 2829 255 2857; x_wconf 65' lang='grc' dir='ltr'>γραφα</span> <span class='ocrx_word' id='word_1_793' title='bbox 280 2822 420 2849; x_wconf 86' lang='lat' dir='ltr'><strong>dicuntur.</strong></span> <span class='ocrx_word' id='word_1_794' title='bbox 440 2823 528 2857; x_wconf 82' lang='lat' dir='ltr'><strong>Atque</strong></span> <span class='ocrx_word' id='word_1_795' title='bbox 544 2823 590 2849; x_wconf 91' lang='lat' dir='ltr'><strong>hic</strong></span> <span class='ocrx_word' id='word_1_796' title='bbox 605 2822 738 2856; x_wconf 88' lang='lat' dir='ltr'><strong>triplicem</strong></span> <span class='ocrx_word' id='word_1_797' title='bbox 754 2830 894 2850; x_wconf 84' lang='lat' dir='ltr'><strong>sacrorum</strong></span> <span class='ocrx_word' id='word_1_798' title='bbox 913 2823 946 2848; x_wconf 91' lang='lat' dir='ltr'><strong>li-</strong></span> 
     </span>
    </p>
   </div>
   <div class='ocr_carea' id='block_1_106' title="bbox 163 2856 946 2892">
    <p class='ocr_par' dir='ltr' id='par_1_106' title="bbox 163 2856 946 2892">
     <span class='ocr_line' id='line_1_106' title="bbox 163 2856 946 2892; baseline 0.005 -8"><span class='ocrx_word' id='word_1_799' title='bbox 163 2856 275 2884; x_wconf 78' lang='lat' dir='ltr'><strong>brorum</strong></span> <span class='ocrx_word' id='word_1_800' title='bbox 302 2856 700 2892; x_wconf 67' lang='lat' dir='ltr'><strong>parlilionenrcomplectitur,</strong></span> <span class='ocrx_word' id='word_1_801' title='bbox 719 2866 779 2892; x_wconf 74' lang='lat' dir='ltr'><strong>qua:</strong></span> <span class='ocrx_word' id='word_1_802' title='bbox 803 2862 845 2886; x_wconf 87' lang='lat' dir='ltr'><strong>est</strong></span> <span class='ocrx_word' id='word_1_803' title='bbox 866 2863 946 2890; x_wconf 70' lang='lat' dir='ltr'><strong>mm,</strong></span> 
     </span>
    </p>
   </div>
   <div class='ocr_carea' id='block_1_107' title="bbox 995 2248 1782 2281">
    <p class='ocr_par' dir='ltr' id='par_1_107' title="bbox 995 2248 1782 2281">
     <span class='ocr_line' id='line_1_107' title="bbox 995 2248 1782 2281; baseline -0.008 -2"><span class='ocrx_word' id='word_1_804' title='bbox 995 2260 1053 2280; x_wconf 91' lang='lat' dir='ltr'><strong>cem</strong></span> <span class='ocrx_word' id='word_1_805' title='bbox 1078 2253 1152 2279; x_wconf 90' lang='lat' dir='ltr'><strong>illum</strong></span> <span class='ocrx_word' id='word_1_806' title='bbox 1169 2252 1306 2279; x_wconf 85' lang='lat' dir='ltr'><strong>hominem</strong></span> <span class='ocrx_word' id='word_1_807' title='bbox 1332 2254 1509 2281; x_wconf 70' lang='lat' dir='ltr'><strong>asseverant,</strong></span> <span class='ocrx_word' id='word_1_808' title='bbox 1538 2257 1584 2281; x_wconf 86' lang='lat' dir='ltr'><strong>an,</strong></span> <span class='ocrx_word' id='word_1_809' title='bbox 1602 2248 1641 2275; x_wconf 92' lang='lat' dir='ltr'><strong>uti</strong></span> <span class='ocrx_word' id='word_1_810' title='bbox 1655 2255 1716 2275; x_wconf 86' lang='lat' dir='ltr'><strong>sese</strong></span> <span class='ocrx_word' id='word_1_811' title='bbox 1738 2254 1782 2274; x_wconf 87' lang='lat' dir='ltr'><strong>res</strong></span> 
     </span>
    </p>
   </div>
   <div class='ocr_carea' id='block_1_108' title="bbox 995 2287 1783 2334">
    <p class='ocr_par' dir='ltr' id='par_1_108' title="bbox 995 2287 1783 2334">
     <span class='ocr_line' id='line_1_108' title="bbox 995 2287 1783 2334; baseline -0.006 -8"><span class='ocrx_word' id='word_1_812' title='bbox 995 2298 1086 2331; x_wconf 84' lang='lat' dir='ltr'><strong>habet,</strong></span> <span class='ocrx_word' id='word_1_813' title='bbox 1106 2306 1153 2334; x_wconf 88' lang='lat' dir='ltr'><strong>per</strong></span> <span class='ocrx_word' id='word_1_814' title='bbox 1168 2298 1298 2331; x_wconf 84' lang='lat' dir='ltr'><strong>Spiritum</strong></span> <span class='ocrx_word' id='word_1_815' title='bbox 1315 2300 1440 2325; x_wconf 87' lang='lat' dir='ltr'><strong>sanctum</strong></span> <span class='ocrx_word' id='word_1_816' title='bbox 1457 2296 1491 2323; x_wconf 87' lang='lat' dir='ltr'><strong>de</strong></span> <span class='ocrx_word' id='word_1_817' title='bbox 1503 2287 1587 2322; x_wconf 70' lang='lat' dir='ltr'><strong>llaria</strong></span> <span class='ocrx_word' id='word_1_818' title='bbox 1604 2294 1716 2329; x_wconf 84' lang='lat' dir='ltr'><strong>Virgine</strong></span> <span class='ocrx_word' id='word_1_819' title='bbox 1736 2302 1783 2328; x_wconf 79' lang='lat' dir='ltr'><strong>ge-</strong></span> 
     </span>
    </p>
   </div>
   <div class='ocr_carea' id='block_1_109' title="bbox 995 2341 1783 2372">
    <p class='ocr_par' dir='ltr' id='par_1_109' title="bbox 995 2341 1783 2372">
     <span class='ocr_line' id='line_1_109' title="bbox 995 2341 1783 2372; baseline -0.006 0"><span class='ocrx_word' id='word_1_820' title='bbox 995 2345 1081 2372; x_wconf 87' lang='lat' dir='ltr'><strong>nitum</strong></span> <span class='ocrx_word' id='word_1_821' title='bbox 1106 2352 1168 2372; x_wconf 88' lang='lat' dir='ltr'><strong>esse</strong></span> <span class='ocrx_word' id='word_1_822' title='bbox 1194 2344 1340 2371; x_wconf 77' lang='lat' dir='ltr'><strong>fateantur.</strong></span> <span class='ocrx_word' id='word_1_823' title='bbox 1355 2343 1489 2370; x_wconf 63' lang='lat' dir='ltr'><strong>Caeterum</strong></span> <span class='ocrx_word' id='word_1_824' title='bbox 1513 2342 1571 2370; x_wconf 74' lang='lat' dir='ltr'><strong>haec</strong></span> <span class='ocrx_word' id='word_1_825' title='bbox 1590 2341 1783 2368; x_wconf 79' lang='lat' dir='ltr'><strong>Nazaraeorum</strong></span> 
     </span>
    </p>
   </div>
   <div class='ocr_carea' id='block_1_110' title="bbox 996 2386 1783 2424">
    <p class='ocr_par' dir='ltr' id='par_1_110' title="bbox 996 2386 1783 2424">
     <span class='ocr_line' id='line_1_110' title="bbox 996 2386 1783 2424; baseline -0.006 -6"><span class='ocrx_word' id='word_1_826' title='bbox 996 2395 1069 2418; x_wconf 83' lang='lat' dir='ltr'><strong>secta</strong></span> <span class='ocrx_word' id='word_1_827' title='bbox 1085 2390 1111 2417; x_wconf 91' lang='lat' dir='ltr'><strong>in</strong></span> <span class='ocrx_word' id='word_1_828' title='bbox 1127 2390 1263 2417; x_wconf 67' lang='lat' dir='ltr'><strong>Beroeensi</strong></span> <span class='ocrx_word' id='word_1_829' title='bbox 1279 2390 1387 2417; x_wconf 88' lang='lat' dir='ltr'><strong>civitate</strong></span> <span class='ocrx_word' id='word_1_830' title='bbox 1403 2388 1574 2424; x_wconf 85' lang='lat' dir='ltr'><strong>potissimum</strong></span> <span class='ocrx_word' id='word_1_831' title='bbox 1586 2388 1666 2422; x_wconf 90' lang='lat' dir='ltr'><strong>viget,</strong></span> <span class='ocrx_word' id='word_1_832' title='bbox 1680 2386 1713 2414; x_wconf 86' lang='lat' dir='ltr'><strong>ad</strong></span> <span class='ocrx_word' id='word_1_833' title='bbox 1721 2386 1783 2414; x_wconf 74' lang='lat' dir='ltr'><strong>Cte-</strong></span> 
     </span>
    </p>
   </div>
   <div class='ocr_carea' id='block_1_111' title="bbox 995 2432 1781 2471">
    <p class='ocr_par' dir='ltr' id='par_1_111' title="bbox 995 2432 1781 2471">
     <span class='ocr_line' id='line_1_111' title="bbox 995 2432 1781 2471; baseline -0.004 -8"><span class='ocrx_word' id='word_1_834' title='bbox 995 2437 1040 2463; x_wconf 88' lang='lat' dir='ltr'><strong>len</strong></span> <span class='ocrx_word' id='word_1_835' title='bbox 1058 2436 1174 2471; x_wconf 83' lang='lat' dir='ltr'><strong>Syriam,</strong></span> <span class='ocrx_word' id='word_1_836' title='bbox 1191 2438 1273 2470; x_wconf 83' lang='lat' dir='ltr'><strong>atque</strong></span> <span class='ocrx_word' id='word_1_837' title='bbox 1292 2435 1373 2462; x_wconf 88' lang='lat' dir='ltr'><strong>etiam</strong></span> <span class='ocrx_word' id='word_1_838' title='bbox 1389 2435 1416 2461; x_wconf 90' lang='lat' dir='ltr'><strong>in</strong></span> <span class='ocrx_word' id='word_1_839' title='bbox 1428 2434 1565 2469; x_wconf 87' lang='lat' dir='ltr'><strong>Decapoli,</strong></span> <span class='ocrx_word' id='word_1_840' title='bbox 1577 2433 1655 2468; x_wconf 80' lang='lat' dir='ltr'><strong>juxta</strong></span> <span class='ocrx_word' id='word_1_841' title='bbox 1669 2432 1781 2465; x_wconf 83' lang='lat' dir='ltr'><strong>Pellam,</strong></span> 
     </span>
    </p>
   </div>
   <div class='ocr_carea' id='block_1_112' title="bbox 996 2478 1784 2515">
    <p class='ocr_par' dir='ltr' id='par_1_112' title="bbox 996 2478 1784 2515">
     <span class='ocr_line' id='line_1_112' title="bbox 996 2478 1784 2515; baseline -0.004 -6"><span class='ocrx_word' id='word_1_842' title='bbox 996 2487 1023 2509; x_wconf 91' lang='lat' dir='ltr'><strong>et</strong></span> <span class='ocrx_word' id='word_1_843' title='bbox 1039 2483 1066 2509; x_wconf 90' lang='lat' dir='ltr'><strong>in</strong></span> <span class='ocrx_word' id='word_1_844' title='bbox 1079 2481 1243 2513; x_wconf 86' lang='lat' dir='ltr'><strong>Basauitide,</strong></span> <span class='ocrx_word' id='word_1_845' title='bbox 1264 2481 1291 2507; x_wconf 93' lang='lat' dir='ltr'><strong>in</strong></span> <span class='ocrx_word' id='word_1_846' title='bbox 1306 2487 1338 2507; x_wconf 90' lang='lat' dir='ltr'><strong>ea</strong></span> <span class='ocrx_word' id='word_1_847' title='bbox 1353 2487 1413 2515; x_wconf 74' lang='lat' dir='ltr'><strong>quae</strong></span> <span class='ocrx_word' id='word_1_848' title='bbox 1426 2480 1507 2515; x_wconf 76' lang='lat' dir='ltr'><strong>vulgo</strong></span> <span class='ocrx_word' id='word_1_849' title='bbox 1523 2479 1639 2511; x_wconf 81' lang='lat' dir='ltr'><strong>Cocabe,</strong></span> <span class='ocrx_word' id='word_1_850' title='bbox 1653 2478 1784 2506; x_wconf 77' lang='lat' dir='ltr'><strong>llebraice</strong></span> 
     </span>
    </p>
   </div>
   <div class='ocr_carea' id='block_1_113' title="bbox 995 2523 1783 2559">
    <p class='ocr_par' dir='ltr' id='par_1_113' title="bbox 995 2523 1783 2559">
     <span class='ocr_line' id='line_1_113' title="bbox 995 2523 1783 2559; baseline -0.006 -5"><span class='ocrx_word' id='word_1_851' title='bbox 995 2526 1140 2554; x_wconf 68' lang='lat' dir='ltr'><strong>Cboahabe</strong></span> <span class='ocrx_word' id='word_1_852' title='bbox 1153 2526 1262 2553; x_wconf 89' lang='lat' dir='ltr'><strong>dicitur.</strong></span> <span class='ocrx_word' id='word_1_853' title='bbox 1276 2525 1344 2552; x_wconf 86' lang='lat' dir='ltr'><strong>Hinc</strong></span> <span class='ocrx_word' id='word_1_854' title='bbox 1360 2525 1444 2557; x_wconf 87' lang='lat' dir='ltr'><strong>enim,</strong></span> <span class='ocrx_word' id='word_1_855' title='bbox 1465 2528 1526 2559; x_wconf 88' lang='lat' dir='ltr'><strong>post</strong></span> <span class='ocrx_word' id='word_1_856' title='bbox 1541 2524 1613 2551; x_wconf 89' lang='lat' dir='ltr'><strong>illam</strong></span> <span class='ocrx_word' id='word_1_857' title='bbox 1638 2523 1672 2550; x_wconf 89' lang='lat' dir='ltr'><strong>ab</strong></span> <span class='ocrx_word' id='word_1_858' title='bbox 1687 2523 1783 2550; x_wconf 79' lang='lat' dir='ltr'><strong>Hiero-</strong></span> 
     </span>
    </p>
   </div>
   <div class='ocr_carea' id='block_1_114' title="bbox 997 2569 1781 2608">
    <p class='ocr_par' dir='ltr' id='par_1_114' title="bbox 997 2569 1781 2608">
     <span class='ocr_line' id='line_1_114' title="bbox 997 2569 1781 2608; baseline -0.005 -9"><span class='ocrx_word' id='word_1_859' title='bbox 997 2572 1109 2608; x_wconf 90' lang='lat' dir='ltr'><strong>solymis</strong></span> <span class='ocrx_word' id='word_1_860' title='bbox 1124 2572 1322 2602; x_wconf 82' lang='lat' dir='ltr'><strong>secessionem,</strong></span> <span class='ocrx_word' id='word_1_861' title='bbox 1348 2571 1456 2598; x_wconf 91' lang='lat' dir='ltr'><strong>illorum</strong></span> <span class='ocrx_word' id='word_1_862' title='bbox 1472 2570 1549 2597; x_wconf 89' lang='lat' dir='ltr'><strong>initia</strong></span> <span class='ocrx_word' id='word_1_863' title='bbox 1569 2569 1688 2605; x_wconf 82' lang='lat' dir='ltr'><strong>profecta</strong></span> <span class='ocrx_word' id='word_1_864' title='bbox 1707 2572 1781 2599; x_wconf 82' lang='lat' dir='ltr'><strong>sunt.</strong></span> 
     </span>
    </p>
   </div>
   <div class='ocr_carea' id='block_1_115' title="bbox 997 2615 1783 2652">
    <p class='ocr_par' dir='ltr' id='par_1_115' title="bbox 997 2615 1783 2652">
     <span class='ocr_line' id='line_1_115' title="bbox 997 2615 1783 2652; baseline -0.005 -7"><span class='ocrx_word' id='word_1_865' title='bbox 997 2626 1059 2645; x_wconf 92' lang='lat' dir='ltr'><strong>cum</strong></span> <span class='ocrx_word' id='word_1_866' title='bbox 1075 2617 1155 2645; x_wconf 61' lang='lat' dir='ltr'><strong>Pella:</strong></span> <span class='ocrx_word' id='word_1_867' title='bbox 1169 2617 1295 2652; x_wconf 85' lang='lat' dir='ltr'><strong>discipuli</strong></span> <span class='ocrx_word' id='word_1_868' title='bbox 1309 2625 1403 2645; x_wconf 87' lang='lat' dir='ltr'><strong>omnes</strong></span> <span class='ocrx_word' id='word_1_869' title='bbox 1422 2617 1584 2649; x_wconf 86' lang='lat' dir='ltr'><strong>habitarent,</strong></span> <span class='ocrx_word' id='word_1_870' title='bbox 1599 2624 1613 2642; x_wconf 73' lang='grc' dir='ltr'><strong>τι</strong></span> <span class='ocrx_word' id='word_1_871' title='bbox 1627 2616 1735 2643; x_wconf 85' lang='lat' dir='ltr'><strong>Christo</strong></span> <span class='ocrx_word' id='word_1_872' title='bbox 1749 2615 1783 2641; x_wconf 87' lang='lat' dir='ltr'><strong>de</strong></span> 
     </span>
    </p>
   </div>
   <div class='ocr_carea' id='block_1_116' title="bbox 997 2661 1783 2700">
    <p class='ocr_par' dir='ltr' id='par_1_116' title="bbox 997 2661 1783 2700">
     <span class='ocr_line' id='line_1_116' title="bbox 997 2661 1783 2700; baseline -0.006 -9"><span class='ocrx_word' id='word_1_873' title='bbox 997 2665 1174 2700; x_wconf 82' lang='lat' dir='ltr'><strong>relinquenda</strong></span> <span class='ocrx_word' id='word_1_874' title='bbox 1204 2663 1451 2699; x_wconf 82' lang='lat' dir='ltr'><strong>Hierosolymorum</strong></span> <span class='ocrx_word' id='word_1_875' title='bbox 1484 2663 1552 2689; x_wconf 90' lang='lat' dir='ltr'><strong>urbe</strong></span> <span class='ocrx_word' id='word_1_876' title='bbox 1587 2661 1783 2696; x_wconf 66' lang='lat' dir='ltr'><strong>migrandoque</strong></span> 
     </span>
    </p>
   </div>
   <div class='ocr_carea' id='block_1_117' title="bbox 998 2707 1782 2745">
    <p class='ocr_par' dir='ltr' id='par_1_117' title="bbox 998 2707 1782 2745">
     <span class='ocr_line' id='line_1_117' title="bbox 998 2707 1782 2745; baseline -0.006 -8"><span class='ocrx_word' id='word_1_877' title='bbox 998 2710 1161 2745; x_wconf 61' lang='lat' dir='ltr'><strong>praemoniti,</strong></span> <span class='ocrx_word' id='word_1_878' title='bbox 1176 2710 1249 2745; x_wconf 90' lang='lat' dir='ltr'><strong>quod</strong></span> <span class='ocrx_word' id='word_1_879' title='bbox 1268 2710 1327 2745; x_wconf 82' lang='lat' dir='ltr'><strong>ejus</strong></span> <span class='ocrx_word' id='word_1_880' title='bbox 1347 2709 1501 2737; x_wconf 88' lang='lat' dir='ltr'><strong>immineret</strong></span> <span class='ocrx_word' id='word_1_881' title='bbox 1515 2708 1630 2735; x_wconf 88' lang='lat' dir='ltr'><strong>obsidio.</strong></span> <span class='ocrx_word' id='word_1_882' title='bbox 1645 2707 1704 2740; x_wconf 78' lang='lat' dir='ltr'><strong>Qua</strong></span> <span class='ocrx_word' id='word_1_883' title='bbox 1719 2707 1782 2741; x_wconf 91' lang='lat' dir='ltr'><strong>qui-</strong></span> 
     </span>
    </p>
   </div>
   <div class='ocr_carea' id='block_1_118' title="bbox 999 2784 1782 2820">
    <p class='ocr_par' dir='ltr' id='par_1_118' title="bbox 999 2784 1782 2820">
     <span class='ocr_line' id='line_1_118' title="bbox 999 2784 1782 2820; baseline -0.004 -7"><span class='ocrx_word' id='word_1_884' title='bbox 999 2787 1051 2814; x_wconf 81' lang='lat' dir='ltr'><strong>lioc</strong></span> <span class='ocrx_word' id='word_1_885' title='bbox 1065 2791 1108 2814; x_wconf 88' lang='lat' dir='ltr'><strong>est</strong></span> <span class='ocrx_word' id='word_1_886' title='bbox 1124 2786 1180 2818; x_wconf 72' lang='lat' dir='ltr'><strong>lex;</strong></span> <span class='ocrx_word' id='word_1_887' title='bbox 1195 2791 1293 2816; x_wconf 58' lang='lat' dir='ltr'><strong>cum:</strong></span> <span class='ocrx_word' id='word_1_888' title='bbox 1307 2787 1437 2820; x_wconf 73' lang='lat' dir='ltr'><strong>prophetre</strong></span> <span class='ocrx_word' id='word_1_889' title='bbox 1447 2795 1455 2818; x_wconf 86' lang='lat'><strong>,&#39;</strong></span> <span class='ocrx_word' id='word_1_890' title='bbox 1466 2791 1493 2814; x_wconf 84' lang='lat' dir='ltr'><strong>ct</strong></span> <span class='ocrx_word' id='word_1_891' title='bbox 1506 2790 1606 2816; x_wconf 62' lang='lat' dir='ltr'><strong>Dum:</strong></span> <span class='ocrx_word' id='word_1_892' title='bbox 1615 2784 1782 2819; x_wconf 75' lang='grc' dir='ltr'>ἁγιόγραφα,</span> 
     </span>
    </p>
   </div>
   <div class='ocr_carea' id='block_1_119' title="bbox 1000 2820 1782 2857">
    <p class='ocr_par' dir='ltr' id='par_1_119' title="bbox 1000 2820 1782 2857">
     <span class='ocr_line' id='line_1_119' title="bbox 1000 2820 1782 2857; baseline -0.004 -8"><span class='ocrx_word' id='word_1_893' title='bbox 1000 2823 1056 2849; x_wconf 81' lang='lat' dir='ltr'><strong>sive</strong></span> <span class='ocrx_word' id='word_1_894' title='bbox 1074 2824 1201 2856; x_wconf 80' lang='grc' dir='ltr'>γραφεῖα.</span> <span class='ocrx_word' id='word_1_895' title='bbox 1213 2822 1250 2849; x_wconf 86' lang='lat' dir='ltr'><strong>De</strong></span> <span class='ocrx_word' id='word_1_896' title='bbox 1266 2823 1388 2857; x_wconf 79' lang='lat' dir='ltr'><strong>quovide</strong></span> <span class='ocrx_word' id='word_1_897' title='bbox 1403 2821 1512 2849; x_wconf 88' lang='lat' dir='ltr'><strong>Hieron.</strong></span> <span class='ocrx_word' id='word_1_898' title='bbox 1532 2821 1645 2854; x_wconf 66' lang='lat' dir='ltr'><strong>l&#39;rblagv</strong></span> <span class='ocrx_word' id='word_1_899' title='bbox 1660 2820 1782 2854; x_wconf 67' lang='lat' dir='ltr'><strong>galeato;</strong></span> 
     </span>
    </p>
   </div>
   <div class='ocr_carea' id='block_1_120' title="bbox 1001 2857 1423 2890">
    <p class='ocr_par' dir='ltr' id='par_1_120' title="bbox 1001 2857 1423 2890">
     <span class='ocr_line' id='line_1_120' title="bbox 1001 2857 1423 2890; baseline 0 -6"><span class='ocrx_word' id='word_1_900' title='bbox 1001 2857 1088 2885; x_wconf 80' lang='lat' dir='ltr'><strong>Eliam</strong></span> <span class='ocrx_word' id='word_1_901' title='bbox 1106 2858 1132 2885; x_wconf 90' lang='lat' dir='ltr'><strong>iu</strong></span> <span class='ocrx_word' id='word_1_902' title='bbox 1147 2857 1246 2890; x_wconf 75' lang='grc' dir='ltr'>ΊἸιὶιὸὶ,</span> <span class='ocrx_word' id='word_1_903' title='bbox 1264 2859 1346 2885; x_wconf 86' lang='lat' dir='ltr'><strong>verbo</strong></span> <span class='ocrx_word' id='word_1_904' title='bbox 1359 2862 1423 2887; x_wconf 77' lang='lat' dir='ltr'><strong>2m.</strong></span> 
     </span>
    </p>
   </div>
  </div>
