1961 3046
165 98 218 124 405

856 101 884 127 ὃ.
906 102 1075 128 ΕΡΙΡΗΔΝΙΙ

1741 108 1803 129 404

166 157 227 184 dem
247 157 391 186 Occasione
407 158 508 186 factum
525 162 586 191 est,
611 163 639 186 ut
660 159 687 186 in
702 159 792 187 Peraea
807 160 840 188 iis
855 161 955 196 quibus
970 188 973 194 λ

1024 162 1060 188 ὢν
1076 163 1104 188 ὲν
1122 161 1208 197 Πέλλῃ
1225 161 1388 197 ᾠκηκότων,
1409 161 1526 197 Χριστοῦ
1554 161 1689 196 φήσαντος
1711 169 1804 187 καταμ-

167 202 287 231 diximus
301 203 369 231 locis
379 203 519 239 degerent.
536 203 654 240 Indeque
668 204 858 233 Nazareorum
873 205 958 234 haere-

147 248 152 278 ἶ
168 249 208 276 sis
226 253 292 276 sunt
304 249 421 277 deducta
437 249 597 285 primordia.

1007 206 1096 242 λεῖψαι
1124 206 1157 233 τὰ
1187 206 1379 242 Ἰεροσόλυμα,
1408 207 1455 234 καὶ
1480 207 1670 242 ἀναχωρῆσαι,
1703 205 1803 240 ἐπειδὴ

1007 253 1108 288 ἧμελλε
1131 253 1246 288 πάσχειν
1266 253 1434 289 πολιορκίαν.
1461 253 1516 280 Καὶ
1539 255 1571 280 ἐκ
1596 253 1646 287 τῆς
1669 252 1804 286 τοιαύτης

167 296 321 328 ὑποθέσεως
338 297 388 332 τὴν
399 297 520 333 Περαίαν
533 299 702 334 οἰκήσαντες,
716 299 814 331 ἐκεῖσε,
829 299 867 331 ὡς
882 299 960 334 ἔφην,
980 300 1124 336 διέτριϐον.
1138 300 1279 328 Ἐντεῦθεν
1291 302 1307 337 ἡ
1321 301 1390 329 κατὰ
1401 302 1464 333 τοὺς
1488 301 1666 336 Ναζωραίους
1692 301 1805 335 αἵρεσις

167 341 230 377 ἔσχε
244 343 294 378 τὴν
309 343 406 379 ἀρχὴν.

204 386 272 414 νιιι.
291 387 392 416 Verum
416 393 444 417 et
470 389 516 417 isti
539 389 717 418 nihilominus
733 391 875 423 aberrant,
892 399 955 419 cum

169 431 203 460 de
213 432 424 462 circumcisione
439 434 590 470 gloriantur
600 445 609 463 :
625 441 652 463 et
668 437 857 464 exsecratione
873 437 955 464 etiam

170 486 243 506 nunc
259 480 384 508 obstricti
400 485 482 514 sunt,
496 481 569 516 quod
584 482 669 517 legem
691 483 799 517 penitus
811 482 957 510 observare

170 530 315 559 nequeant.
332 524 474 558 Quomodo
497 527 568 554 enim
585 527 651 562 legis
675 527 821 555 observare
846 526 958 554 manda—

171 574 228 598 tum
244 571 317 599 istud
329 575 471 606 poterunt:
489 574 536 600 Ter
552 573 693 608 quotannis
715 573 853 608 apparebis
868 581 957 600 coram

171 616 284 644 Domino
294 616 351 644 Deo
362 623 407 644 tuo
421 626 467 652 par
476 618 636 654 Azymorum
648 620 716 650 dies,
724 624 749 646 et
758 618 956 654 Scenopegiam,

170 668 195 690 et
218 662 388 690 Pentecoslen
403 683 411 696 ,
439 665 467 691 in
484 665 726 700 Hierosolymitano
752 665 809 692 loco
822 666 829 680 ¹
847 665 859 691 ?
888 665 958 692 Cum

171 709 244 737 enim
261 710 303 737 lex
327 710 474 738 interclusa
490 712 544 745 sit,
559 715 586 739 et
601 719 661 746 qua
680 712 715 739 ab
730 720 761 739 ea
777 712 960 746 praescribun-

173 760 218 782 tur
237 756 327 790 perlici
342 757 458 791 amplius
474 765 528 785 non
552 758 676 792 possint,
702 758 814 785 cuilibet
832 757 960 793 prudenti

1043 392 1083 419 H'.
1101 391 1290 427 Πεπλάνηνται
1307 390 1336 417 δὲ
1356 391 1403 417 καὶ
1417 387 1502 422 οὗτοι,
1520 389 1670 426 περιτομὴν
1683 389 1805 426 αὐχοῦν-

1006 446 1062 470 τεςο
1078 439 1124 464 καὶ
1137 437 1176 464 ἔτι
1190 438 1214 464 oi
1233 437 1349 464 τοιοῦτοι
1373 437 1426 463 ὑπὸ
1446 436 1568 472 κατάραν
1590 436 1653 466 εἰσὶ,
1671 437 1707 472 μὴ
1721 435 1806 462 δυνά-

1010 494 1085 521 μενοι
1108 485 1153 512 τὸν
1179 484 1261 519 νόμον
1288 483 1441 519 πληρῶσαι.
1469 482 1531 515 Πῶς
1561 482 1615 518 γάρ
1640 482 1805 518 δυνήσονται

1009 532 1129 569 πληροῦν
1153 532 1187 558 τά
1203 532 1232 558 ἐν
1256 531 1295 567 τῷ
1315 531 1390 566 νόμῳ
1415 531 1564 566 εἰρημένα,
1589 531 1631 557 ὅτι
1657 529 1720 564 Τρίς
1745 530 1804 557 τοῦ

1009 578 1097 610 ἔτους
1117 578 1238 612 ὀφθήσῃ
1266 576 1394 604 ἐνώπιον
1415 576 1525 610 Κυρίου
1548 575 1600 603 τοῦ
1628 574 1702 602 Θεοῦ
1720 583 1803 607 σου,

1009 623 1086 650 κατά
1109 632 1141 650 τε
1170 622 1205 649 τὰ
1231 621 1337 657 Ἀζυμα
1356 622 1408 650 καί
1430 623 1643 658 Σκηνοπηγίαν
1667 622 1718 649 καί
1742 621 1805 656 τὴν

1011 668 1240 703 Πεντηκοστὴν,
1262 668 1296 694 ἐν
1316 667 1356 701 τῷ
1376 668 1456 700 τόπῳ
1478 668 1704 702 Ἰεροσολύμων.
1719 668 1806 693 Ἀπο-

1011 715 1181 747 κλεισθέντος
1197 714 1252 750 γὰρ
1265 713 1311 741 τοῦ
1323 714 1421 750 νόμου,
1437 715 1484 742 καὶ
1504 713 1559 741 τῶν
1574 715 1602 740 ἐν
1617 713 1655 748 τῷ
1670 714 1745 749 νόμῳ
1763 713 1806 748 μὴ

1011 761 1168 796 δυναμένων
1182 760 1360 796 πληροῦσθαι,
1377 760 1459 786 παντὶ
1474 759 1514 795 τῷ
1533 759 1596 786 νοῦν
1612 759 1700 795 ἔχοντι
1718 760 1807 794 σαφὲς

173 802 345 836 perspicuum
358 807 411 835 est,
429 803 572 832 advenisse
585 803 740 838 Christum,
758 812 811 832 non
829 808 858 832 ut
875 804 961 839 legem

1024 807 1044 833 ιν
1063 806 1116 841 εἴη,
1141 806 1182 832 ὅτι
1203 805 1320 842 Χριστὸς
1341 803 1406 841 ἦλθε
1429 805 1576 842 πληρωτὴς
1597 805 1644 832 τοῦ
1662 805 1755 840 νόμου,
1769 805 1806 831 οὐ

173 853 316 882 everteret,
333 851 381 878 sed
398 855 428 878 ut
441 859 500 879 eam
517 852 603 887 ipsam
617 852 750 887 impleret,
766 856 793 879 et
807 859 867 880 eam
883 858 962 878 exse-

174 894 322 921 crationem
338 895 472 928 solveret,
489 904 550 931 quae
575 901 671 924 contra
687 897 794 924 violata;
818 897 886 932 legis
908 896 962 923 cri-

174 946 236 966 men
265 939 353 967 fuerat
378 941 537 969 constituta.
561 941 740 978 Posteaquam
765 943 838 970 enim
856 942 962 978 Moyses

175 985 331 1013 universam
347 986 432 1022 legem
447 989 646 1023 promulgavit,
668 988 701 1016 ad
717 989 797 1016 ﬁnem
817 989 962 1017 voluminis

175 1033 308 1067 pervenit,
321 1041 353 1060 ac
370 1034 422 1061 sub
435 1034 580 1062 maledicto
590 1039 688 1062 cuncta
706 1035 841 1062 conclusit
853 1044 860 1062 :
876 1035 963 1062 Male-

175 1078 263 1105 diclus
284 1080 368 1106 omnis
385 1080 431 1113 qui
456 1088 508 1107 non
528 1081 701 1114 permanserit
725 1081 753 1107 iu
771 1080 891 1108 omnibus
906 1089 965 1116 qua:

176 1125 275 1159 scripta
292 1129 354 1152 sunt
370 1125 396 1152 in
415 1125 482 1152 libro
498 1125 557 1157 hoc,
570 1131 599 1153 ut
623 1126 707 1161 faciat
725 1135 756 1154 ea
768 1128 789 1155 ³.
819 1127 858 1154 E0
873 1128 966 1162 itaque
991 1133 996 1138 '

177 1168 303 1198 Christus
320 1169 429 1198 advenit
440 1191 448 1203 ,
466 1176 495 1199 ut
522 1179 583 1206 quae
598 1171 665 1199 dira!
684 1172 829 1207 cujusdam
847 1173 965 1200 vinculis

177 1215 384 1250 imprecationis
399 1221 478 1244 erant
502 1218 636 1245 obstricta
665 1219 793 1246 solveret.
819 1218 898 1255 124
915 1218 966 1252 Qui

178 1261 289 1297 quidem
306 1270 356 1298 pro
368 1263 473 1298 exiguis
487 1263 551 1296 illis,
574 1271 635 1300 quae
650 1265 744 1300 perlici
759 1272 813 1293 non
830 1270 965 1300 poterant,

179 1307 260 1335 nobis
270 1315 367 1343 magna
383 1310 528 1343 concessit,
543 1310 571 1337 in
583 1311 682 1345 quibus
694 1311 874 1346 exsequendis
887 1311 966 1343 nihil,

181 1358 211 1380 ut
224 1354 252 1381 in
268 1354 405 1388 prioribus
426 1355 490 1388 illis,
507 1359 550 1383 est
565 1356 637 1391 quod
654 1363 716 1383 cum
729 1356 814 1384 altero
824 1361 966 1391 repugnet.

180 1399 269 1434 Atque
287 1399 339 1427 hoc
362 1399 418 1428 fere
435 1401 516 1428 modo
531 1401 559 1428 in
573 1402 647 1429 omni
673 1402 839 1429 confutanda
859 1403 967 1434 haeresi,

181 1452 240 1480 qua
255 1444 376 1477 Sabbati,
389 1447 432 1474 vel
443 1447 672 1481 circumcisionis,
688 1448 732 1475 vel
747 1448 858 1476 alterius
874 1448 970 1483 hujus-

182 1490 257 1519 modi
273 1491 343 1519 ritus
357 1492 577 1520 observationem
592 1493 790 1528 praescriberet,
800 1494 873 1521 istud
882 1481 971 1529 ipsum
984 1481 1005 1510 θ

184 1537 373 1566 demonstrare
398 1539 569 1571 studuimus,
586 1539 730 1567 Dominum
758 1541 837 1567 nobis
853 1548 913 1575 quae
929 1548 974 1568 es-

185 1588 246 1610 sent
262 1583 423 1618 perfectiora
441 1585 581 1613 tribuisse.
600 1585 770 1621 Ecquidnam
788 1586 868 1621 igitur
883 1586 916 1613 ad
931 1585 973 1614 sui

185 1630 391 1668 excusationem
420 1631 517 1658 all'erre
544 1631 584 1658 illi
611 1636 762 1666 poterunt,
792 1632 839 1666 qui
862 1631 974 1666 Spiritui

184 1681 284 1703 sancto
300 1683 396 1711 parere
417 1676 583 1710 detrectant,
605 1678 630 1705 ci
648 1678 758 1712 inquam
776 1676 913 1712 Spiritui,
928 1678 975 1713 qui

187 1729 236 1757 per
250 1722 388 1756 apostolozi
398 1723 526 1756 edixerit,
536 1731 571 1751 ne
585 1724 733 1759 gentilibus
747 1723 781 1750 ad
791 1723 976 1752 Christianam

188 1769 346 1804 religionem
364 1769 498 1797 traductis
511 1778 582 1798 onus
594 1771 779 1806 imponeretur
791 1771 877 1805 aliud,
894 1779 976 1807 quam

188 1815 248 1842 haec
265 1815 435 1842 necessaria:
447 1820 478 1843 ut
492 1824 508 1844 a
523 1817 665 1852 sanguine,
683 1821 710 1845 et
724 1817 866 1849 suﬂ‘ocato,
880 1823 907 1845 et
920 1817 977 1845 for-

189 1859 328 1886 nicatione
354 1863 382 1887 et
409 1860 489 1888 idolis
507 1861 648 1889 immolato
667 1869 728 1890 sese
755 1862 928 1890 continerent
945 1862 979 1889 ’?

189 1906 291 1933 Annon
315 1905 408 1933 divina
421 1913 469 1934 eos
483 1907 607 1935 excidere
622 1908 708 1943 gratia
726 1916 836 1936 necesse
847 1913 900 1939 est.
916 1916 979 1936 cum

191 1953 230 1980 ita
245 1956 358 1981 sanctus
371 1951 473 1981 Paulus
487 1954 628 1988 apostolus
648 1954 805 1989 scripserit:
824 1953 855 1981 Si
869 1955 982 1981 circum-

192 2002 331 2034 cidamint',
347 2002 469 2030 Christus
480 2002 547 2030 nihil
562 2002 634 2030 vobis
647 2002 778 2036 proderit:
791 2002 937 2037 quicunque
954 2001 982 2027 in

194 2050 248 2084 lege
259 2049 410 2084 gloriamini
423 2057 440 2075 a
459 2049 547 2083 gratia
563 2047 700 2075 excidisti;
709 2047 736 2073 ‘?

230 2094 275 2121 IX.
296 2094 477 2127 Quamobrem
495 2097 590 2121 contra
606 2093 676 2120 hanc
697 2093 779 2120 etiam
793 2092 909 2120 haeresin
923 2092 984 2119 bre-

1012 853 1057 879 τὸν
1074 852 1156 887 νόμον
1179 851 1348 883 καταλύσων,
1367 851 1436 878 ἀλλὰ
1460 851 1506 878 τὸν
1527 851 1609 887 νόμον
1630 850 1804 886 πληρώσων,

1013 897 1060 925 καὶ
1073 896 1183 931 ἀφελεῖν
1197 896 1247 932 τὴν
1261 896 1384 932 κατάραν
1399 897 1449 932 τὴν
1468 895 1539 923 κατὰ
1557 896 1606 931 τῆς
1620 895 1807 932 παραϐάσεως

1013 942 1059 969 τοῦ
1072 942 1153 977 νόμου
1167 941 1331 976 ὁρισθεῖσαν.
1355 941 1432 968 Μετὰ
1447 941 1502 977 719
1521 941 1552 968 τὺ
1568 940 1737 968 ἐντείλασθαι
1754 940 1806 967 τὸν

1013 989 1134 1017 Μωῦσέα
1151 989 1240 1016 πᾶσαν
1254 988 1374 1024 ἐντολὴν,
1388 985 1468 1024 ἦλθεν
1481 987 1527 1015 ἐπὶ
1543 988 1573 1014 τὸ
1591 988 1680 1023 τέρμα
1697 986 1745 1022 τῆς
1760 985 1807 1021 βίν

1014 1035 1094 1067 ὅλου,
1110 1035 1156 1061 καὶ
1179 1034 1333 1061 συνέκλεισε
1349 1034 1379 1061 τὸ
1402 1035 1456 1061 πᾶν
1481 1035 1521 1066 είς
1543 1034 1683 1069 κατάραν,
1703 1032 1806 1066 λέγων⁶

1015 1080 1250 1115 Ἐπικατάρατος
1278 1080 1338 1114 πᾶς
1361 1081 1395 1114 ὃς
1419 1081 1475 1108 οὐκ
1501 1080 1620 1115 ἐμμένει
1643 1079 1719 1107 πᾶσι
1740 1077 1807 1111 τοῖς

1015 1130 1117 1164 λόγοις
1135 1127 1197 1161 τοῖς
1218 1126 1429 1162 γεγραμμένοις
1450 1127 1485 1153 ὲν
1504 1125 1544 1158 τῷ
1563 1125 1670 1159 ,ϐιϐλίῳ
1692 1125 1805 1156 τούτῳ,

1015 1174 1068 1202 τοῦ
1089 1173 1213 1208 ποιῆσαι
1235 1173 1356 1206 αὐτούς.
1371 1171 1471 1199 Ἦλθεν
1486 1170 1532 1199 οὖν
1553 1172 1624 1198 λύων
1640 1171 1688 1206 μὲν
1702 1169 1737 1196 τὰ
1753 1178 1806 1196 πε-

1016 1219 1156 1255 πεδημένα
1170 1219 1279 1254 δεσμοῖς
1294 1219 1350 1249 τοῖς
1365 1218 1415 1253 τῆς
1435 1217 1567 1253 κατάρας,
1584 1216 1760 1252 χαριζόμενος
1774 1213 1806 1240 δὲ

1016 1265 1082 1301 ἡμῖν
1095 1266 1156 1293 ἀντὶ
1169 1264 1223 1292 τῶν
1238 1264 1342 1300 μικρῶν
1354 1263 1409 1290 τῶν
1422 1264 1459 1298 μὴ
1470 1263 1624 1298 δυναμένων
1636 1260 1807 1297 πληροῦσθαι

1017 1313 1052 1339 sit
1074 1312 1194 1348 μείζονα,
1210 1311 1256 1338 καὶ
1278 1311 1308 1338 ού
1325 1310 1465 1346 μαχόμενα
1480 1309 1590 1345 θάτερον
1611 1307 1717 1343 θατέρῳ
1736 1305 1808 1341 πρὸς

1017 1359 1067 1395 τὴν
1081 1358 1129 1386 τοῦ
1144 1358 1224 1394 ἔργου
1242 1357 1390 1393 πλήρωσιν,
1404 1357 1442 1388 ὼς
1457 1356 1490 1383 τὰ
1502 1355 1631 1391 πρότερα.
1641 1353 1741 1384 ,Οὕτως
1751 1352 1809 1388 γὰρ

1020 1404 1090 1431 κατὰ
1105 1404 1194 1430 πᾶσαν
1210 1403 1314 1438 αἵρεσιν
1330 1401 1486 1436 φθάνοντες,
1500 1401 1529 1428 ἐν
1549 1401 1582 1436 τῇ
1601 1398 1664 1435 περὶ
1680 1398 1810 1425 σαϐϐατι-

1023 1448 1102 1485 σμοῦ,
1119 1448 1166 1475 καὶ
1179 1448 1339 1483 περιτομῆς,
1351 1446 1398 1474 καὶ
1409 1445 1463 1473 τῶν
1473 1446 1559 1473 ἄλλων
1575 1443 1704 1475 πολλάκις
1719 1444 1813 1478 ιέπειρ⁴

1023 1494 1177 1530 γασάμεθα,
1193 1493 1252 1525 πῶς
1265 1494 1279 1520 ό
1295 1493 1397 1528 Κύριος
1411 1493 1476 1528 ἡμῖν
1490 1491 1524 1518 τὰ
1537 1489 1713 1525 ἐντελέστερα
1729 1488 1815 1523 κεχά-

1024 1549 1124 1576 ρισται.
1149 1539 1212 1572 Πῶς
1235 1537 1281 1566 οὖν
1302 1540 1328 1566 οἱ
1348 1538 1464 1566 τοιοῦτοι
1480 1538 1642 1573 δυνήσονται
1663 1535 1814 1570 ἀπολογίαν

1024 1587 1107 1622 ἔχειν,
1125 1586 1162 1622 μὴ
1185 1585 1224 1621 τῷ
1238 1584 1378 1620 Πνεύματι
1400 1584 1439 1620 τῷ
1454 1584 1525 1619 ἁγίῳ
1542 1582 1755 1613 ὑπακούσαντες,
1774 1580 1815 1616 τῷ

1025 1633 1068 1660 διὰ
1083 1633 1137 1660 τῶν
1150 1631 1306 1659 ἀποστόλων
1321 1630 1441 1666 εἰρηκότι
1453 1631 1509 1661 τοῖς
1523 1629 1552 1662 ἐξ
1571 1628 1655 1655 ἐθνῶν
1668 1635 1817 1654 πεπιστευ-

1026 1680 1102 1711 κόσι,
1119 1679 1156 1714 μὴ
1181 1679 1263 1714 βάρος
1282 1676 1461 1709 ἐπιτίθεσθαι,
1485 1676 1556 1711 πλὴν
1579 1675 1632 1702 τῶν
1650 1674 1815 1708 ἐπάναγκες,

1026 1726 1176 1762 ἀπέχεσθαι
1202 1726 1318 1762 αἵματος
1340 1725 1388 1752 καὶ
1411 1723 1525 1751 πνικτοῦ
1549 1723 1597 1750 καὶ
1618 1721 1745 1758 πορνείας
1770 1721 1817 1748 καὶ

1028 1772 1219 1804 είδωλοθύτου;
1237 1771 1300 1803 Πῶς
1314 1771 1342 1797 δὲ
1362 1770 1411 1797 οὐκ
1424 1769 1603 1796 ἐκπεσοῦνται
1616 1767 1666 1803 τῆς
1686 1767 1732 1794 τοῦ
1750 1765 1819 1793 Θεοῦ

1029 1820 1150 1856 χάριτος,
1171 1819 1296 1852 λέγοντος
1311 1817 1418 1844 Παύλου
1433 1816 1481 1843 τοῦ
1503 1815 1582 1850 ἁγίου
1603 1814 1763 1845 ἀποστόλου,
1777 1813 1819 1840 ὅτι

1029 1866 1102 1893 Ἐὰν
1118 1866 1343 1900 περιτέμνησθε,
1359 1863 1488 1898 Χριστὸς
1503 1861 1581 1897 ὑμᾶς
1601 1861 1693 1888 οὐδὲν
1704 1858 1818 1894 ὠφελή-

1030 1919 1087 1938 σει·
1103 1912 1131 1938 οἵ
1144 1919 1223 1943 τινες
1236 1911 1270 1937 ὲν
1282 1911 1362 1944 νόμῳ
1375 1908 1540 1944 καυχᾶσθε,
1559 1906 1615 1940 τῆς
1629 1906 1749 1940 χάριτος
1765 1904 1814 1936 ἐξ·

1031 1955 1158 1984 επέσατε
1166 1965 1176 1988 ;

1068 2089 1108 2116 8'.
1124 2088 1250 2124 Ἀρκέσει
1260 2096 1307 2114 ουν
1320 2088 1366 2114 καὶ
1378 2088 1408 2115 ἐν
1424 2086 1510 2122 ταύτῃ
1526 2087 1560 2121 τῇ
1573 2085 1677 2121 αιρέσει
1690 2084 1707 2119 ἡ
1719 2082 1763 2109 διὰ
1774 2083 1820 2118 τῆς

194 2142 236 2168 vis
253 2141 299 2168 illa
312 2145 406 2168 nostra
418 2139 567 2175 disputatio
587 2138 711 2167 sufﬁciet.
730 2137 821 2166 Facile
844 2138 916 2165 enim
938 2138 973 2165 ist

1037 2134 1182 2170 συντομίας
1196 2134 1262 2169 παρ’
1281 2133 1359 2168 ἡμῶν
1377 2133 1502 2166 διάλεξις.
1521 2131 1719 2164 Εὑουέλεγκτοι
1732 2128 1785 2164 γὰρ
1797 2129 1820 2154 οι

194 2186 282 2214 refelli
297 2186 479 2222 convincique
494 2189 619 2221 possunt,
640 2193 671 2212 ac
681 2184 766 2213 Judaei
783 2185 884 2220 potius,
901 2191 983 2219 quam

196 2233 318 2268 cujusvis
334 2233 447 2261 alterius
459 2233 566 2268 generis
580 2236 642 2260 sunt
654 2252 662 2264 ,
682 2231 790 2259 tametsi
804 2230 906 2258 Iudaeis
929 2230 985 2257 sint

197 2278 388 2306 inimicissimi.
408 2277 500 2313 Neque
515 2277 589 2305 enim
613 2275 768 2304 Judmorum
782 2275 883 2310 posteri
896 2274 985 2302 solum

196 2325 306 2360 capitali
322 2325 383 2353 illos
408 2323 472 2351 odio
488 2327 707 2359 prosequuntur;
722 2322 769 2350 sed
794 2326 820 2349 et
835 2329 914 2348 mane
925 2341 933 2354 ,
954 2327 986 2347 ac

196 2370 320 2401 meridie,
327 2375 355 2398 et
365 2370 399 2397 ad
409 2377 561 2405 vesperam,
574 2373 616 2396 ter
626 2369 658 2396 de
671 2369 725 2401 die,
735 2375 796 2395 cum
807 2367 834 2394 in
843 2366 987 2402 synagogis

199 2417 258 2444 suis
283 2416 317 2443 ad
339 2417 471 2444 orandum
494 2415 662 2443 conveniunt
686 2415 753 2442 diris
770 2414 831 2441 illos
844 2413 987 2444 devovent,

199 2471 232 2490 ac
244 2462 359 2490 solemni
372 2463 567 2497 imprecatione
581 2461 767 2497 proscribunt.
781 2460 821 2487 Ac
832 2458 987 2489 Nazarzeos.

200 2508 341 2543 inquiunt,
358 2507 430 2535 Deus
445 2512 610 2536 exsecretur.
632 2507 660 2534 In
680 2507 731 2534 hos
758 2506 830 2533 enim
846 2504 990 2531 oﬂ'ensiore

200 2559 227 2581 et
250 2553 390 2582 acerbiore
406 2553 497 2581 animo
512 2559 578 2581 sunt
592 2574 600 2586 ,
617 2554 690 2589 quod
713 2561 775 2581 cum
798 2560 814 2579 e
835 2550 989 2578 Iudaeorum

237 2638 245 2652 ¹
265 2635 350 2662 Exod.
371 2643 450 2667 mil,
465 2635 508 2662 I7.
546 2636 556 2650 ²
577 2633 656 2662 Deut.
671 2642 754 2667 xxvu,
769 2633 813 2661 26.
853 2632 864 2648 ³
881 2632 941 2659 Act.
959 2639 992 2658 xv

238 2714 294 2750 (10)
321 2714 415 2742 Ἀλλὰ
446 2713 640 2750 ἀνιστάμενοι
666 2713 791 2750 Em.)an
813 2711 877 2750 Non_
893 2711 991 2750 dubito

205 2751 269 2785 quin
285 2747 468 2785 scribendum
493 2749 530 2776 sit
549 2748 643 2785 ἐωθεν.
661 2748 738 2785 Quod
758 2752 848 2785 autem
863 2747 993 2785 Judajcas

204 2781 265 2812 illas
290 2782 498 2819 imprecationes
514 2785 540 2811 in
554 2783 697 2811 Nazaraeos
714 2784 856 2819 haereticos
872 2781 992 2819 conferri

205 2819 302 2849 scribit
330 2817 511 2855 Epiphanius,
547 2818 729 2855 llicronymus
761 2819 794 2846 ad
821 2817 994 2845 Christianos

1036 2180 1163 2212 τοιοῦτοι,
1186 2179 1234 2206 καὶ
1253 2179 1393 2212 εὐάλωτοι,
1421 2178 1467 2205 καὶ
1496 2176 1619 2204 Ἰουδαῖοι
1642 2174 1757 2210 μᾶλλον,
1779 2174 1819 2200 καὶ

1038 2227 1113 2254 οὐδὲν
1133 2227 1236 2262 ἕτερον.
1257 2225 1332 2253 Πάνυ
1353 2225 1382 2252 δὲ
1404 2221 1477 2251 οὗτοι
1498 2222 1590 2259 ἐχθροὶ
1615 2223 1671 2253 τοῖς
1688 2220 1821 2251 Ἰουδαίοις

1039 2272 1216 2308 ὑπάρχουσιν.
1233 2271 1271 2298 Οὐ
1293 2271 1372 2306 μόνον
1389 2270 1443 2306 γὰρ
1464 2270 1488 2296 οἱ
1509 2268 1563 2296 τῶν
1577 2266 1711 2294 Ἰουδαίων
1734 2264 1822 2295 παῖδες

1041 2317 1109 2354 πρὸς
1128 2317 1237 2349 τούτους
1261 2317 1409 2350 κέκτηνται
1433 2316 1530 2351 μῖσος,
1557 2312 1625 2340 ἀλλὰ
1653 2311 1822 2346 ἀνιστάμενοι

1042 2364 1247 2400 ἑσωθεν⁵(10),
1280 2363 1325 2391 καὶ
1346 2362 1432 2398 μέσης
1463 2361 1583 2397 ἡμέρας,
1608 2360 1655 2386 καὶ
1684 2358 1748 2394 περὶ
1778 2358 1822 2392 τὴν

1043 2411 1172 2447 ἑσπέραν,
1192 2411 1251 2446 τρὶς
1266 2409 1314 2445 τῆς
1329 2409 1444 2444 ἡμέρας,
1462 2407 1505 2434 ὅτε
1522 2406 1603 2442 εὐχὰς
1616 2404 1783 2433 ἐπιτελοῦσιν
1797 2404 1823 2430 ἐν

1042 2459 1103 2490 ταῖς
1119 2457 1208 2484 αὐτῶν
1224 2456 1405 2490 συναγωγαῖς,
1420 2454 1574 2490 ἐπαρῶνται
1589 2454 1689 2484 αὐτοῖς,
1706 2453 1753 2478 καὶ
1765 2452 1822 2477 ἀνα-

1043 2503 1217 2538 θεματίζουσι
1243 2502 1408 2536 φάσκοντες,
1425 2501 1465 2526 ὃτι
1487 2498 1703 2534 Ἐπικαταράσαι
1728 2497 1742 2523 ὁ
1764 2496 1823 2528 Θεὸς

1042 2551 1105 2582 τοὺς
1129 2549 1317 2583 Ναζωραίους,
1347 2547 1402 2574 Καὶ
1424 2546 1478 2581 γὰρ
1506 2545 1612 2577 τούτοις
1639 2543 1822 2581 περισσότερον

995 2652 1002 2665 ,
1015 2630 1062 2663 28,
1076 2630 1121 2658 29.
1161 2630 1172 2646 ι
1190 2630 1279 2658 Galat.
1295 2638 1321 2662 ν,
1338 2629 1367 2662 2,
1388 2628 1414 2655 4.
1453 2627 1464 2642 ⁵
1477 2626 1506 2654 F.
1523 2624 1618 2652 ἕωθεν.

1044 2710 1186 2738 transfert.
1204 2708 1243 2736 Ita
1269 2709 1340 2736 enim
1370 2708 1416 2735 ille
1437 2709 1472 2733 ad
1499 2706 1556 2733 Isa.
1572 2712 1610 2732 LII
1627 2714 1634 2731 :
1654 2703 1687 2730 Et
1712 2701 1824 2738 sub__uo-

1047 2735 1248 2778 subigatrsmpe
1262 2735 1327 2775 dixi,
1345 2743 1549 2770 Nazarenorum
1565 2745 1602 2768 ter
1614 2740 1643 2768 in
1658 2739 1700 2766 die
1713 2738 1740 2765 in
1756 2735 1824 2765 Chri~

1047 2782 1146 2808 “ianos
1161 2784 1303 2816 congerunt
1316 2778 1466 2806 maledicta.
