1961 3046
130 133 184 160 (ιυό

445 133 630 162 ADVERSUS
648 132 818 161 [IERESES
838 133 900 160 LIB.
922 133 933 160 l
951 133 1034 161 ΤΟΜ.
1055 132 1086 161 Il.
1107 149 1140 153 —
1161 133 1298 162 IIERES.
1316 132 1399 161 XXX.

1699 133 1752 164 608

131 188 264 224 ἑνέχουσι,
277 188 320 216 διὰ
333 189 363 216 τὸ
377 189 431 216 ἀπὸ
445 190 580 218 Ἰουδαίων
600 191 697 222 αὐτοὺς
709 191 798 221 ὄντας,
813 190 917 225 Ἰησοῦν

980 197 1082 218 mmero
1100 190 1174 222 sint,
1204 191 1381 218 nihilominus
1408 189 1500 218 Jesum
1528 197 1590 218 esse
1614 189 1753 218 Christum

132 233 281 269 κηρύσσειν
303 232 372 260 εἶναι
389 235 516 269 Χριστὸν,
539 235 605 270 ὅπερ
626 235 699 261 ἐστὶν
714 234 834 261 ἐναντίον
851 233 918 268 πρὸς

132 279 196 311 τοὺς
219 279 258 306 ἔτι
284 279 437 312 Ἰουδαίους,
459 281 523 312 τοὺς
547 281 664 316 Χριστὺν
688 280 725 316 μὴ
746 279 917 315 δεξαμένους.

135 328 246 363 Ἔχουσι
263 328 292 355 δὲ
310 329 340 355 τὸ
355 329 426 355 κατὰ
447 330 585 356 Ματθαῖον
601 329 655 364 (Η)
670 329 836 363 Εὑαγγέλιον
850 328 919 363 πλη-

133 372 262 408 ρὲστατον
280 373 429 409 Ἑϐραῖστί.
452 375 520 410 Παρ’
544 375 636 405 αὐτοῖς
651 374 705 410 γὰρ
724 374 817 409 σαφῶς
831 373 918 407 τοῦτο,

133 417 224 450 καθὼς
240 417 271 451 ἐξ
285 419 372 454 ἀρχῆς
392 419 499 454 ἐγράφη
519 419 674 455 Ἑϐραϊκοῖς
690 419 865 455 γράμμασιν,
880 418 920 444 ἔτι

134 461 260 494 σώζεται.
285 463 343 490 Οὐκ
359 461 417 490 οἴδα
439 463 478 495 δὲ,
502 465 526 490 εἰ
549 465 596 491 καὶ
618 464 667 497 τὰς
685 463 859 498 γενεαλογίας
872 463 920 495 τὰς

133 509 188 535 ἀπὸ
202 510 248 536 τοῦ
265 509 391 545 Ἀϐραὰμ
410 511 474 546 ἄχρι
491 510 608 546 Χριστοῦ
623 511 767 546 περιεῖλον.
782 509 864 536 Ἀλλὰ
875 509 922 535 καὶ

131 555 235 591 ταύτην
246 557 432 591 φωράσαντες,
445 556 483 588 ὡς
499 556 615 592 βληχρδν
627 556 674 583 καὶ
687 556 783 591 ὀδύνης
808 557 923 590 ἐμποιη-

133 601 208 627 τικδν
220 601 263 627 διὰ
277 601 323 628 τοῦ
340 602 380 629 ίοῦ
397 602 524 637 σφηκίον,
535 600 753 633 καταϐλᾶσαντές
764 610 793 628 τε
806 602 860 633 τοῖς
873 601 922 635 τῆς

133 647 261 682 ἀληθείας
284 647 382 682 λόγοις,
397 648 442 674 ἐπὶ
460 647 509 679 τὰς
525 647 588 682 ἑξῆς
610 647 704 682 ἴωμεν,
717 644 739 673 ὦ
751 645 920 681 ἐπιπόθητοι,

134 692 210 728 παρὰ
221 693 288 720 Θεοῦ
301 693 439 725 αίτοῦντες
449 693 498 729 τὴν
511 693 649 729 βοήθειαν.

377 835 473 862 ΚΑΤΑ
493 834 682 867 ΕΒΙΩΝΑΙΩΝ,

318 891 441 925 Δεκάτῃ,
460 892 479 922 ’ἡ
496 891 547 918 καὶ
567 892 739 926 τριακοστή.

172 948 212 973 A’.
235 946 342 978 Ἑϐίων,
357 947 404 982 ἀφ’
420 944 505 983 οὗπερ
526 947 687 979 Ἐὃιωναῐοι,
715 947 833 983 καθεξῆς
859 949 924 975 ἀκο-

133 992 247 1024 λουθῶν,
262 993 309 1019 καὶ
320 993 354 1019 τὰ
369 993 450 1028 ὅμοια
468 993 571 1025 τούτοις
592 994 738 1029 φρονήσας,
752 994 924 1030 πολύμορφον

134 1039 286 1074 τεράστιον,
304 1038 365 1070 καὶ,
379 1039 417 1070 ὡς
431 1040 528 1072 εἰπεῖν,
543 1040 592 1075 τῆς
604 1039 788 1075 μυθευομένης
809 1040 925 1067 πολυκε-

135 1085 221 1119 φάλου
239 1085 342 1120 Ὕδρας
358 1084 460 1119 ὁφιώδη
479 1085 584 1120 μορφὴν
604 1087 632 1112 ὲν
647 1085 735 1120 ἑαυτῷ
747 1086 926 1112 ἀνατυπωσά-

137 1139 228 1166 μενος,
248 1130 330 1157 πάλιν
357 1130 492 1165 ἐπανέστη
505 1131 543 1166 τῷ
566 1131 625 1167 βίῳ,
648 1132 680 1158 ἐκ
693 1131 742 1166 τῆς
755 1131 857 1158 τούτων
875 1132 925 1167 μὲν

136 1176 235 1211 σχολῆς
251 1176 391 1212 ὑπάρχων,
417 1175 500 1212 ἕτερα
513 1177 541 1203 δὲ
561 1177 636 1213 παρὰ
657 1177 768 1209 τούτους
784 1178 925 1213 κηρύττων
957 1174 961 1177 ’

135 1222 184 1249 καὶ
210 1222 408 1257 ὑφηγούμενος.
432 1223 476 1254 Ὠς
490 1222 544 1258 γὰρ
563 1222 589 1249 εί
608 1231 649 1254 τις
676 1223 814 1255 συνάξειεν
835 1223 925 1258 ἑαυτῷ

135 1268 169 1294 ἐκ
195 1267 331 1302 διαφόρων
357 1267 438 1294 λίθων
465 1268 562 1303 τιμίων
589 1268 702 1304 κόσμον,
728 1269 776 1296 καὶ
801 1269 926 1304 ποικίλης

136 1313 250 1349 ἐσθῆτος
278 1313 397 1349 ἔνδυμα,
421 1314 469 1340 καὶ
489 1314 626 1349 διαφανῶς
654 1315 750 1341 ἑαυτὸν
775 1315 925 1350 κοσμήσει·

135 1360 207 1386 οὕτω
223 1361 269 1387 καὶ
281 1356 368 1393 οὗτος,
396 1360 426 1387 τὸ
446 1361 578 1388 ἀνάπαλιν
593 1361 646 1387 πᾶν
667 1360 756 1388 ὁτιοῦν
776 1361 862 1388 δεινὸν
880 1362 927 1388 καὶ

137 1406 276 1441 ὀλετήριον
299 1407 346 1433 καὶ
375 1405 517 1441 βδελυκτδν
537 1406 677 1442 κήρυγμα,
698 1406 821 1442 ἄμορφόν
836 1414 865 1432 τε
881 1406 928 1432 καὶ

139 1451 283 1483 ἀπίθανον,
301 1451 415 1487 ἁζηλίας
441 1451 567 1487 ἔμπλεων
585 1452 650 1487 παρ’
666 1452 782 1486 ἑκάστης
796 1451 927 1487 αἱρέσεως

138 1497 236 1530 λαϐὼν,
248 1498 343 1524 ἑαυτὸν
364 1498 538 1524 ἀνετύπωσεν
555 1499 595 1529 είς
614 1497 733 1530 ἁπάσας.
750 1498 928 1534 Σαμαρειτῶν

968 237 1133 271 praedicent,
1149 236 1221 271 quod
1236 236 1269 264 iis
1291 237 1336 271 qui
1349 236 1504 263 Judaeorum
1522 235 1610 263 adhuc
1624 243 1754 263 caeremo-

969 282 1029 309 rias
1041 282 1145 314 colunt,
1168 282 1293 316 inprimis
1309 286 1350 309 est
1362 282 1540 313 contrarium,
1557 282 1602 317 qui
1615 281 1753 309 Christum

969 328 1096 356 videlicet
1110 328 1263 363 repudiant.
1274 327 1322 354 Est
1333 335 1397 355 vero
1408 335 1491 362 penes
1507 328 1567 356 illos
1579 327 1754 363 Evangelium

970 373 1121 400 secundum
1137 372 1290 400 Mattbwum
1305 393 1313 406 ,
1338 372 1618 408 Hebraice-scriptum
1632 394 1638 406 ,
1653 379 1680 401 et
1695 373 1756 408 qui-

970 418 1031 446 dem
1053 418 1297 446 absolutissimum.
1321 418 1378 446 Hoc
1400 419 1473 446 enim
1501 419 1652 446 certissime
1675 423 1756 454 prout

971 463 1110 492 Hebraicis
1129 464 1228 492 litteris
1247 464 1323 492 initio
1337 464 1469 499 scriptum
1480 468 1533 497 est,
1549 465 1576 492 in
1596 465 1756 493 hodiernum

972 513 1078 545 tempus
1091 517 1179 544 usque
1188 515 1361 538 conservant.
1374 509 1475 538 Verum
1488 509 1554 537 illud
1566 510 1672 543 nescio,
1691 518 1756 538 num

972 555 1143 591 genealogias
1158 555 1220 583 illas
1233 555 1416 590 amputarint,
1432 563 1492 590 qua-
1507 555 1540 582 ab
1549 555 1702 583 Abrahamo
1724 554 1757 582 ad

972 601 1110 629 Christum
1117 609 1203 637 usque
1219 601 1353 637 perductae
1365 605 1438 628 sunt.
1452 601 1592 629 Postremo
1606 609 1667 628 cum
1685 601 1757 628 illam

972 647 1088 674 haeresin
1113 648 1153 676 sic
1169 652 1297 683 tanquam
1316 646 1477 675 imbecillem
1497 648 1640 682 quemdam
1666 652 1693 674 et
1713 655 1760 674 ve-

972 697 1102 721 nenatum
1117 693 1278 720 crabronem
1296 692 1572 728 deprehenderimus,
1590 701 1622 720 ac
1637 692 1759 720 veritatis

973 738 1095 765 oratione
1106 737 1308 770 obtriverimus,
1324 745 1373 765 nos
1385 738 1419 765 ad
1433 738 1500 765 alias
1513 737 1652 774 deinceps,
1667 746 1683 766 o
1696 738 1759 765 cha-

974 783 1086 816 rissitni,
1109 784 1201 812 divino
1218 783 1278 812 freti
1294 784 1422 820 praesidio
1438 785 1619 812 conferamus.

1071 840 1148 875 125
1179 840 1401 869 ADVERSUS
1433 839 1665 872 EBIONzEOS,

1150 897 1216 929 Qua:
1227 902 1265 923 est
1277 896 1383 929 hwresis
1394 897 1428 930 X,
1441 898 1478 925 vel
1493 897 1584 925 XXX.

1009 953 1030 980 1.
1050 952 1194 981 Νιιιοτξιῑοε
1208 953 1304 986 Ebion,
1320 961 1335 980 a
1346 961 1401 989 quo
1410 953 1542 981 Ebioniue
1552 953 1629 985 dicti,
1638 953 1761 988 proxime

975 1000 1164 1035 consequitur,
1183 1000 1333 1035 eademque
1356 1008 1418 1028 cum
1436 1001 1491 1028 illis
1505 1001 1633 1036 dogmata
1649 1001 1761 1034 prolite—

975 1050 1020 1073 tur
1035 1055 1040 1072 :
1057 1045 1130 1080 quod
1147 1045 1313 1073 horrendum
1330 1050 1484 1073 monstrum
1499 1054 1532 1074 ac
1549 1045 1700 1080 multiplex,
1718 1050 1756 1078 et,

975 1097 1005 1118 ut
1018 1091 1055 1118 ita
1071 1091 1170 1120 dicam.
1186 1090 1316 1119 fabulosa:
1332 1092 1416 1123 illius,
1431 1099 1463 1119 ac
1476 1091 1623 1118 multorum
1641 1091 1760 1126 capitum

977 1135 1070 1171 hydrae
1093 1135 1276 1169 serpentiuam
1301 1136 1329 1162 in
1354 1143 1414 1163 sese
1450 1135 1564 1170 ﬁguram
1596 1134 1762 1169 exprimens,

976 1188 1075 1208 rursus
1091 1180 1125 1207 ad
1143 1180 1256 1208 exilium
1268 1180 1382 1207 humani
1402 1180 1511 1216 generis
1534 1179 1634 1215 erupit.
1647 1179 1687 1206 Ac
1701 1179 1764 1206 licet

977 1234 1009 1254 ex
1036 1227 1145 1253 illorum
1169 1226 1316 1261 disciplina
1338 1227 1489 1262 prodierit,
1516 1226 1646 1254 nonnulla
1674 1229 1764 1252 tamen

977 1276 1076 1308 praeter
1101 1280 1183 1307 quam
1205 1273 1240 1300 ab
1266 1273 1320 1300 illis
1341 1273 1504 1306 doceantur,
1542 1271 1662 1299 asseruit
1684 1275 1765 1306 atque

977 1318 1132 1354 proposuit.
1151 1317 1186 1345 Ut
1200 1319 1273 1346 enim
1289 1318 1311 1346 si
1332 1317 1394 1353 quis
1409 1317 1494 1345 variis
1511 1324 1543 1345 ex
1559 1316 1660 1351 lapillis
1681 1323 1766 1343 orna-

977 1368 1035 1391 tum
1050 1364 1104 1392 sibi
1126 1365 1245 1400 aliquem
1261 1364 1400 1396 conﬁciat,
1418 1367 1465 1390 aut
1479 1363 1646 1399 variegatam
1662 1362 1764 1390 colori-

977 1410 1029 1438 bus
1053 1415 1158 1438 vestem
1182 1410 1297 1441 induat,
1327 1415 1407 1445 atque
1432 1409 1597 1444 exquisitam
1619 1408 1766 1443 quamdam

977 1455 1137 1490 elegantiam
1151 1455 1293 1488 adhibeat;
1310 1455 1350 1484 sic
1375 1455 1420 1482 ille
1441 1458 1546 1488 contra,
1562 1447 1696 1481 omnibus.
1715 1460 1766 1480 un-

978 1501 1061 1536 dique
1076 1501 1241 1536 perniciosis
1257 1509 1289 1529 ac
1312 1500 1450 1536 pestiferis
1464 1499 1636 1536 dogmatibus
1651 1498 1768 1526 arcessi-

139 1544 190 1580 μὲν
212 1544 266 1578 γὰρ
291 1543 349 1579 ἔχει
378 1543 408 1570 τὸ
427 1543 565 1580 βδελυρὸν,
585 1543 719 1570 Ἰουδαίων
741 1543 770 1570 δὲ
783 1544 813 1570 τὸ
834 1544 928 1579 ὗνομα,

980 1547 1027 1579 tis,
1045 1547 1177 1582 quidquid
1199 1554 1371 1582 unaquaeque
1395 1546 1509 1574 haeresis
1530 1545 1697 1573 horrendum
1723 1544 1766 1571 in-

144 1589 277 1615 Ὀσσαίων
306 1588 334 1615 δὲ
357 1589 405 1615 καὶ
431 1588 599 1624 Ναζωραίων
622 1589 670 1615 καὶ
695 1589 859 1624 Νασαραίων
882 1588 930 1624 τὴν

141 1634 262 1669 γνώμην,
279 1634 467 1670 ΚηρινΘιανῶν
480 1635 511 1660 τδ
523 1632 602 1668 εἶδος,
616 1634 871 1671 Καρποκρατιανῶν
881 1635 931 1670 τὴν

139 1679 333 1715 ⁴ιιακοπτροπίαν,
345 1679 568 1715 καὶΧρισ-ειανῶν
576 1680 701 1714 βούλεται
713 1680 784 1715 ἔχειν
793 1681 842 1716 τὴν
852 1689 932 1716 προσ·

143 1725 265 1761 ηγορίαν.
293 1726 330 1752 Οὺ
347 1725 401 1761 γὰρ
425 1725 559 1761 δήπουθεν
581 1726 630 1760 τήν
648 1734 678 1752 τε
696 1726 796 1761 πρᾶξιν
818 1726 864 1753 καὶ
883 1725 932 1762 τὴν

142 1771 255 1807 γνώμην
279 1772 327 1798 καὶ
342 1771 390 1807 τὴν
416 1771 528 1806 γνῶσιν,
545 1772 591 1798 καὶ
613 1771 662 1807 τὴν
682 1772 735 1800 τῶν
758 1772 932 1806 Εὐαγγελίων

143 1817 192 1844 καὶ
222 1817 377 1844 ἀποστόλων
401 1818 465 1853 περὶ
482 1817 601 1849 πίστεως
617 1817 825 1852 συγκατάθεσιν.
842 1818 933 1850 Μέσης

142 1863 182 1894 δὲ,
196 1863 234 1895 ὡς
255 1863 351 1895 εἰπεῖν,
365 1863 494 1890 ἁπάντων
524 1863 674 1898 τυγχάνων,
701 1863 776 1891 οὐδὲν
799 1863 931 1899 πέφυκεν,

143 1908 212 1935 ἀλλὰ
237 1909 281 1935 ἐπ’
304 1908 378 1944 αὺτῷ
403 1908 554 1944 πληροῦται
579 1909 609 1935 τὸ
625 1909 834 1946 γεγραμμένον·
862 1910 932 1944 Παρ*

143 1954 250 1988 ὀλίγον
264 1953 412 1988 ἐγενόμην
423 1954 458 1980 ἐν
481 1953 570 1980 παντὶ
587 1953 678 1987 κακῷ,
693 1954 792 1989 μέσον
810 1955 934 1989 Ἐκκλη-

142 2000 215 2032 alae
239 1999 288 2026 καὶ
309 1998 500 2034 συναγωγῆς.
524 1999 697 2035 Σαμαρείτης
716 2000 765 2035 μὲν
784 1998 830 2027 οὖν
843 2001 880 2027 ὢν
890 2001 934 2027 διὰ

144 2045 193 2080 τῆς
206 2044 358 2081 βδελυρίας,
382 2044 501 2080 τοῦνομα
525 2045 647 2080 ἀρνεῖται
658 2053 666 2061 ⁸
690 2045 815 2072 Ἰουδαῖον
827 2047 856 2073 δὲ
870 2047 934 2073 ἑαυ-

143 2090 190 2117 τὸν
203 2090 353 2125 ὁμολογῶν,
367 2090 504 2121 Ἰουδαίοις
516 2090 769 2122 ἀντίκειται,καίτοι
782 2091 934 2126 συμφωνῶν

144 2136 237 2168 αὐτοῖς
260 2137 289 2163 ἐν
315 2136 404 2172 μέρει,
433 2137 470 2168 ὡς
487 2136 602 2170 ὕστερον
625 2137 654 2162 ὲν
680 2138 741 2168 ταῖς
759 2137 823 2172 περὶ
839 2137 933 2164 τούτου

980 1592 1087 1628 primis,
1106 1596 1133 1621 et
1147 1592 1288 1620 exitiabile
1305 1600 1336 1620 ac
1350 1591 1541 1620 detestandum
1553 1591 1661 1622 asserit,
1678 1594 1767 1625 turpe,

982 1639 1105 1674 inquam,
1128 1642 1156 1666 et
1178 1639 1310 1666 absonum
1339 1637 1572 1672 absurditatisque
1599 1636 1709 1671 plenum
1740 1638 1769 1664 et

982 1683 1108 1710 odiosum
1124 1690 1139 1710 e
1161 1683 1278 1718 singulis
1295 1682 1394 1718 dogma
1409 1682 1590 1714 concinnans,
1604 1681 1727 1708 omnium
1740 1680 1768 1707 in

982 1735 1012 1755 se
1024 1728 1130 1755 formas
1143 1728 1306 1763 speciesque
1323 1727 1473 1755 transtulit.
1492 1726 1560 1753 Nam
1581 1726 1769 1754 Samaritano-

982 1780 1043 1799 rum
1065 1772 1200 1807 impuram
1216 1773 1440 1807 superstitionem
1461 1770 1608 1799 allectavit.
1629 1771 1650 1798 A
1668 1771 1770 1799 Judaeis

983 1825 1064 1855 porro
1078 1825 1177 1845 nomen
1192 1818 1314 1854 accepit;
1331 1818 1365 1845 ab
1383 1817 1494 1849 Ossaeis,
1523 1817 1660 1845 Nazaraeis
1675 1822 1702 1844 et
1714 1817 1770 1844 Na-

983 1865 1076 1893 saraais
1101 1864 1239 1900 dogmata.
1265 1864 1506 1892 Cerinthianorum
1524 1863 1621 1891 deinde
1642 1863 1773 1894 formam,

983 1910 1261 1946 Carpocratianorum
1275 1910 1436 1945 nequitiam,
1456 1909 1673 1938 Christianorum
1693 1908 1770 1935 deni-

983 1965 1036 1993 que
1047 1957 1254 1992 appellationem
1269 1963 1403 1992 usurpare
1416 1956 1564 1984 contendit.
1581 1955 1673 1989 Neque
1696 1954 1769 1981 enim

983 2003 1018 2031 ab
1041 2002 1084 2031 his
1099 2003 1247 2038 postremis
1262 2010 1324 2030 cum
1344 2002 1464 2033 nomine,
1487 2001 1559 2028 facta
1580 2001 1639 2036 ipsa
1654 2000 1769 2035 pariter,

983 2056 1017 2076 ac
1031 2052 1150 2076 mentem
1169 2048 1421 2083 cognitionemque,
1451 2049 1479 2073 et
1500 2044 1708 2080 Evangeliorum
1729 2048 1767 2069 at-

984 2101 1037 2129 que
1061 2094 1249 2129 apostolorum
1266 2093 1301 2120 de
1326 2092 1379 2120 fide
1393 2092 1600 2120 consensionem
1623 2089 1772 2124 expressit.‘

985 2138 1036 2172 Qui
1058 2147 1120 2167 cum
1144 2139 1251 2167 medius
1273 2138 1320 2170 sit,
1340 2141 1371 2164 ut
1397 2137 1435 2164 ita
1456 2136 1556 2175 dicam,
1576 2135 1647 2162 inter
1663 2140 1770 2163 omnes.

145 2182 308 2216 ἀποδείξεσι,
329 2182 433 2209 καὶτοῦ
447 2183 507 2209 κατ’
527 2181 617 2209 αὐτῶν
635 2182 747 2217 ἐλέγχου
762 2183 928 2219 παραστήσω

987 2185 1097 2220 proprie
1110 2185 1204 2212 nullus
1217 2188 1269 2216 est,
1284 2184 1312 2210 in
1324 2191 1411 2218 eoque
1429 2182 1500 2218 quod
1516 2181 1647 2215 scriptum
1664 2183 1706 2206 est
1719 2179 1770 2205 im-

147 2235 207 2262 μεν,
218 2226 286 2253 Θεοῦ
300 2225 518 2262 ἐπιϐοηθοῦντος.

987 2230 1075 2264 pletur
1092 2239 1099 2256 :
1116 2229 1202 2256 Paulo
1219 2230 1305 2256 minus
1320 2232 1439 2256 versatus
1453 2235 1510 2254 sum
1524 2226 1551 2252 in
1566 2225 1636 2253 omni
1651 2224 1731 2257 malo,
1744 2225 1772 2251 in

147 2275 232 2302 medio
250 2274 376 2302 Ecclesia:
390 2279 415 2302 et
432 2275 579 2310 Synagogm
593 2274 613 2300 ί.
643 2274 728 2309 igitur
744 2282 807 2301 cum
833 2283 929 2303 revera
954 2276 1143 2305 Samaritanus
1169 2277 1204 2305 ob
1229 2276 1424 2305 exsecrandam
1445 2273 1594 2309 nequitiam
1611 2272 1657 2303 sit,
1677 2271 1772 2298 istius-

147 2323 221 2350 modi
250 2328 339 2350 tamen
365 2322 573 2357 appellationem
599 2321 705 2356 rejicit;
734 2326 761 2349 et
783 2330 846 2349 cum
871 2331 900 2351 se
924 2324 996 2352 idem
1022 2323 1145 2352 Judaeum
1172 2324 1254 2352 faciat
1276 2323 1379 2351 Judmis
1412 2322 1586 2357 refragatur,
1613 2326 1770 2355 quanquam

147 2379 210 2399 cum
225 2371 268 2399 his
285 2371 376 2406 aliqua
390 2378 424 2397 ex
439 2375 516 2405 parte
534 2370 684 2401 consentit,
704 2370 744 2396 uti
766 2374 874 2406 postea,
889 2379 951 2399 cum
967 2373 1001 2400 ad
1014 2381 1074 2408 ejus
1093 2374 1131 2400 rei
1149 2373 1349 2408 probationem,
1372 2375 1399 2400 et
1411 2370 1602 2399 hwreticorum
1636 2367 1771 2403 ejusmodi

147 2417 363 2447 confutationem
390 2420 551 2452 perventum
576 2416 674 2449 fuerit,
701 2416 756 2444 Deo
784 2417 932 2453 adjuvante
951 2420 1178 2448 monstrabimus.

185 2476 193 2491 '
205 2474 286 2502 Pr0v.
300 2482 327 2505 ν,
342 2473 386 2501 14.

184 2533 240 2568 (Η)
261 2533 386 2568 Ἕχουιζι
411 2531 445 2559 δὲ
467 2532 506 2568 τὸν
520 2532 605 2568 gnari:
629 2532 786 2560 Ματθαῑον.
807 2532 885 2565 Quod
907 2535 935 2559 et

151 2566 333 2603 lliérduymus
353 2566 446 2594 Graece
462 2567 591 2600 reddidit,
602 2572 630 2595 et
647 2569 713 2603 citat
739 2568 797 2602 ipse
822 2568 933 2603 saepius.

151 2604 244 2638 Neque
256 2602 323 2630 ivero
335 2610 433 2638 purum
447 2606 540 2636 putum
556 2602 673 2630 Matthaai
687 2602 861 2637 Evangelium
873 2602 934 2631 fuit.

151 2644 182 2667 ιιι
196 2637 368 2666 existimasse
386 2637 492 2672 videtur
509 2638 676 2672 Epiphanius
687 2658 694 2669 ,
710 2639 756 2665 sed
772 2637 806 2664 ab
820 2637 873 2665 illis
888 2638 936 2664 de-

151 2678 304 2710 pravatum,
321 2672 394 2710 quod
407 2676 436 2710 et
451 2671 627 2710 Evaligelium
645 2672 875 2710 κατὰ-Ἑϐραίους
889 2680 937 2710 ap-

152 2681 304 2710 pravatum,
321 2681 394 2706 quoa
409 2681 436 2699 et
452 2681 627 2733 evangelium
645 2681 716 2699 κατα
743 2681 875 2734 ιοραιους
889 2681 937 2706 ap-

152 2710 235 2745 pellat
249 2708 383 2745 Eusebius
406 2707 452 2734 lib.
471 2707 527 2745 |u__l
542 2708 704 2745 istgr.,_‘cap.
720 2708 762 2745 l9.
795 2707 892 2735 Iieron.
909 2708 937 2734 in

151 2741 211 2778 ξαρ.
226 2751 267 2778 ,χιι
288 2741 403 2778 Matth:
415 2749 475 2776 cap.
491 2742 524 2769 15
541 2751 548 2769 :
573 2741 608 2769 In"
620 2741 774 2777 Evangelia.
794 2751 844 2777 quo
861 2748 940 2778 utun-

153 2777 198 2806 tur
220 2777 355 2804 Nazareni
371 2777 511 2808 Ebianila',
534 2778 602 2812 quod
627 2785 706 2811 nuper
727 2778 754 2804 in
772 2777 892 2805 Cra‘cum
909 2777 940 2804 de

155 2814 266 2841 Hebro-0
284 2820 402 2839 sermone
420 2812 617 2847 transtulimus,
628 2813 729 2847 etquod
745 2818 852 2840 vocatur
864 2822 879 2839 (ι
890 2812 941 2847 ple-

154 2850 242 2885 risque
261 2847 383 2875 Matt/imi
399 2847 587 2881 authenticum,
607 2846 684 2875 Ιιοηιο
701 2848 758 2881 iste,
776 2849 819 2883 qui
837 2846 940 2876 aridam

987 2532 1064 2558 habet
1074 2539 1192 2561 manum.
1203 2531 1385 2558 cwmerrtarius
1396 2530 1531 2557 scribitur.
1550 2530 1622 2558 Idem
1634 2531 1661 2558 in
1674 2530 1771 2564 Scripl.

987 2567 1077 2593 ποίει.
1094 2566 1128 2594 de
1149 2566 1274 2593 Matthaao
1295 2574 1390 2601 agens,
1408 2565 1489 2600 hujus
1507 2565 1669 2593 Hebraicum
1683 2566 1773 2599 ipsum

988 2602 1015 2628 in
1022 2601 1182 2629 Cmsariensi
1192 2601 1356 2629 bibliotheca
1370 2605 1538 2628 asservatum
1551 2606 1630 2628 aptate
1644 2608 1693 2627 sua
1709 2608 1775 2627 nar-

989 2641 1041 2670 rat,
1054 2637 1134 2671 cujus
1151 2637 1202 2664 sibi
1220 2644 1235 2663 a
1250 2635 1386 2664 Nazarzeis
1397 2635 1566 2663 exscribendi
1584 2635 1774 2671 facultasfue-

988 2673 1033 2698 rit.
1054 2671 1105 2698 Sed
1122 2671 1312 2698 Nazaraaorum
1326 2671 1500 2705 Evangelium
1517 2678 1687 2705 nequaquam
1704 2670 1773 2696 Mat-

992 2707 1054 2733 thali
1070 2714 1228 2741 germanum
1249 2706 1309 2734 fuit.
1324 2706 1465 2733 Postremo
1480 2714 1543 2732 num
1558 2706 1689 2741 llebraiea
1705 2708 1775 2741 vete~

993 2743 1015 2768 ri
1031 2739 1152 2777 puraque
1167 2742 1268 2774 lingua.
1287 2749 1320 2768 an
1337 2741 1459 2777 Syriae),
1476 2741 1533 2768 sive
1551 2739 1775 2777 Hierosolymita-

993 2775 1039 2804 na'
1060 2775 1219 2811 vulgarique
1254 2775 1394 2804 Matthaeus
1420 2776 1594 2810 Evangelium
1622 2775 1772 2811 scripserit,

993 2808 1354 2846 nonnisi'ex'cmijecturis
1380 2808 1549 2846 pronuntiari
1576 2814 1674 2845 potest.
1702 2808 1776 2838 Nihil

994 2847 1065 2876 enim
1083 2846 1150 2875 certi
1167 2845 1355 2884 expleratique
1368 2845 1402 2874 ab
1414 2846 1570 2874 auctoribus
1584 2845 1684 2873 discas.
