1961 3046
192 127 243 155 407

876 125 906 154 S.
926 125 1097 154 EPIPHANII

1760 125 1775 152 l.
1780 124 1815 153 03

227 183 258 212 ll.
279 182 419 219 Siquidem
433 184 519 216 Ebion
536 185 588 212 iste
603 184 725 220 priorum
739 185 846 213 illorum
862 186 974 220 aequalis

1062 186 1098 212 B'.
1129 181 1213 216 Οὗτος
1239 184 1294 220 γὰρ
1308 184 1322 211 6
1342 182 1437 210 Ἐὄίων
1466 181 1612 218 σύγχρονος
1637 182 1686 217 μὲν
1711 181 1817 208 τούτων

193 228 256 261 fuit,
275 234 302 257 et
325 229 447 257 eamdem
473 238 535 257 cum
555 231 622 266 ipsis
643 231 777 265 originem
802 231 915 266 accepit.
938 233 977 258 Ac

192 276 310 311 primum
328 283 343 303 e
358 276 430 302 virili
445 277 592 304 concubitu
607 284 639 304 ac
651 277 764 309 semine,
776 283 841 312 puta
853 276 975 312 Iosephi.

193 326 288 348 natum
309 329 370 349 esse
386 321 524 350 Christum
539 323 668 354 asseruit.
682 326 713 350 ut
733 329 796 350 ante
814 323 978 359 signiﬁcavi-

194 374 265 398 mus,
278 374 339 394 cum
355 367 393 394 ita
411 367 531 395 diximus
548 377 554 394 :
570 368 643 395 hunc
669 369 749 404 126
770 370 875 396 caeteris
891 369 918 396 in
932 377 977 396 re-

193 411 246 440 bus
261 412 354 440 eadem
370 420 432 440 cum
450 414 511 441 aliis
533 414 707 447 sentientem,
730 416 781 442 liae
793 422 846 442 una
870 423 899 443 re
919 415 977 443 dis-

193 462 317 490 crepare,
337 456 412 491 quod
430 456 585 485 Judzcorum
601 459 671 486 ritus
683 466 715 486 ac
733 461 910 488 caeremonias
919 468 976 488 am-

192 501 288 536 plexus
300 502 352 535 sit,
373 503 463 539 veluti.
478 503 639 537 Sabbatum,
664 513 697 532 ac
725 506 975 539 circuiiicisionein,

193 548 299 583 aliaque
320 547 347 575 id
369 556 465 584 genus,
480 549 593 584 perinde
616 554 698 585 atque
719 559 735 578 a
759 551 862 579 Judaeis
878 560 910 579 ac
927 552 978 580 Sa-

191 594 334 621 maritanis
349 594 539 622 observantur.
555 595 626 628 Quin
639 597 720 624 etiam
739 597 817 632 plura
829 598 881 626 iste
893 606 976 633 quam

191 638 278 667 Judaai
310 639 547 668 Samaritanorum
582 643 735 670 imitatione
774 644 974 679 complectitur.

191 685 259 712 Nam
280 689 307 713 et
323 686 374 714 hoc
389 687 499 722 adjecit,
529 690 559 714 ut
573 687 608 714 ab
631 692 809 716 externorum
835 689 976 717 hominum

192 736 266 758 tactu
291 739 352 759 sese
373 733 537 765 contineret,
565 737 649 768 utque
663 733 762 762 diebus
776 735 892 770 singulis
909 743 977 771 quo-

191 778 242 805 ties
257 778 399 805 mulierem
413 779 558 813 attigisset,
576 779 611 807 ab
630 780 745 814 ejusque
759 781 902 815 complexu
915 789 978 808 stir-

192 825 276 855 geret,
293 828 362 856 aqua
380 829 440 849 sese
459 823 608 857 proiueret,
627 824 713 851 sicubi
730 824 790 857 ejus
803 829 875 853 esset
887 827 975 861 copia,

1028 231 1159 266 ὑπῆρχεν,
1184 231 1230 257 ἀπ’
1249 229 1337 256 αὐτῶν
1366 229 1395 255 δὲ
1426 229 1476 255 σὺν
1502 229 1592 260 αὐτοῖς
1618 229 1744 264 ὁρμᾶται.
1775 228 1817 254 Τὰ

1027 277 1122 312 πρῶτα
1147 277 1175 303 δὲ
1199 277 1231 303 ὲκ
1251 276 1421 312 παρατριὸἦς
1449 276 1496 302 καὶ
1527 275 1683 310 σπέρματος
1703 273 1816 309 ἀνδρὸς,

1025 323 1148 350 τουτέστι
1162 323 1210 349 τοῦ
1218 323 1326 357 Ἰωσὴφ,
1337 322 1382 348 τὸν
1395 322 1512 358 Χριστὸν
1521 320 1700 356 γεγεννῆσθαι
1711 320 1816 353 ἔλεγεν,

1027 370 1065 400 ὡς
1076 369 1123 396 καὶ
1134 369 1185 404 ἢδη
1200 370 1266 404 ἡμῖν
1285 368 1457 404 προείρηται,
1474 368 1514 394 ὅτι
1529 367 1570 394 Τὰ
1590 366 1636 393 ῐσα
1651 367 1707 398 τοῖς
1724 365 1816 396 ἄλλοις

1027 416 1055 442 ὲν
1069 415 1154 441 ἅπασι
1169 414 1285 450 φρονῶν,
1302 415 1331 440 ὲν
1347 413 1433 449 τούτῳ
1452 414 1525 448 μόνῳ
1549 413 1698 448 διεφέρετο,
1722 413 1751 438 ἐν
1775 411 1817 446 τῷ

1025 461 1065 497 τῷ
1081 462 1155 496 νόμῳ
1171 461 1217 487 τοῦ
1241 460 1407 495 Ἰουδαϊσμοῦ
1429 460 1608 496 προσανέχειν
1624 458 1693 486 κατὰ
1711 458 1815 484 σαϐϐα-

1025 507 1131 542 τισμὺν,
1143 506 1272 533 καὶκατὰ
1287 506 1337 542 τὴν
1355 505 1506 541 περιτομὴν
1518 526 1524 538 ,
1546 505 1594 531 καὶ
1612 504 1682 531 κατὰ
1698 503 1732 530 τὰ
1746 503 1815 531 ἄλλα

1027 554 1114 580 πάντα
1128 574 1135 584 ,
1164 553 1266 588 δσαπερ
1291 552 1366 587 παρὰ
1398 551 1534 582 Ἰουδαίοις
1563 551 1609 577 καὶ
1631 549 1814 585 ’Σαμαρείταις

1028 598 1200 626 ἐπιτελεῖται.
1228 598 1288 624 Ἔτι
1310 597 1338 624 δὲ
1365 597 1450 624 πλείω
1475 593 1553 629 οὗτος
1575 595 1651 631 παρὰ
1667 597 1727 626 τοὺς
1754 595 1816 621 ἰου-

1025 645 1115 676 δαίους
1125 643 1226 679 ὁμοίως
1240 645 1296 674 τοῖς
1308 644 1491 679 Σαμαρείταις
1504 642 1707 677 διαπράττεται.
1725 642 1812 677 Προσ-

1026 690 1102 717 έθετο
1115 690 1168 725 γὰρ
1185 689 1216 716 τὸ
1227 688 1443 724 παρατηρεῖσθαι
1454 687 1587 715 ἅπτεσθαί
1597 696 1677 714 τινων
1691 686 1744 714 τῶν
1764 687 1814 714 ἀλ-

1026 735 1139 762 λοεθνῶν
1151 743 1158 749 ·
1177 734 1236 761 καθ’
1263 734 1381 769 ἑκάστην
1397 734 1425 761 δὲ
1451 733 1567 769 ἡμέραν,
1585 733 1611 759 εῐ
1624 741 1687 759 ποτε
1704 732 1814 766 γυναικὶ

1027 780 1187 815 συναφθείη,
1215 780 1262 806 καὶ
1279 780 1327 806 ἀπ’
1344 779 1428 814 αὐτῆς
1452 780 1565 814 ἀναστῇ,
1583 778 1759 814 βαπτίζεσθαι
1783 778 1813 804 ὲν

1025 828 1082 859 τοῖς
1096 826 1201 858 ὕδασιν,
1214 826 1291 852 simu
1305 825 1333 852 δὲ
1348 825 1381 852 ἂν
1400 825 1529 861 εὑποροίη
1543 825 1559 860 ἦ
1576 824 1712 859 θαλάσσης
1733 823 1748 859 ἢ
1767 824 1813 850 ἆλ-

193 867 306 894 marinze
321 867 447 895 videlicet
471 873 518 896 aut
541 869 655 897 alterius
677 870 794 904 generis.
809 870 887 904 Quod
902 871 925 899 si
941 872 976 899 ab

1029 873 1079 899 λων
1107 872 1220 900 ὑδάτων.
1243 871 1322 898 Ἀλλᾶ
1344 871 1390 898 καὶ
1414 871 1439 897 εί
1460 870 1635 906 συναντήσειέ
1657 879 1709 896 τινι
1731 869 1815 896 ἀνιὼν

192 913 236 939 illa
252 913 353 941 lotione
372 921 403 941 ac
426 915 562 943 mersione
585 917 694 943 rediens
711 917 738 943 in
757 917 913 952 quempiam
935 918 977 944 iii-

191 963 295 991 currat,
312 959 402 987 denuo
417 960 451 987 ad
464 961 628 988 abluendum
643 969 715 993 sese,
733 969 804 997 saepe
817 962 898 990 etiam
913 971 976 990 cum

190 1005 259 1040 ipsis
273 1006 449 1034 vestimentis
463 1007 626 1042 regreditur.
644 1007 731 1035 Hodie
754 1016 818 1036 vero
832 1008 977 1044 virginitas

191 1051 261 1086 apud
280 1051 341 1079 illos
361 1057 390 1079 et
406 1052 519 1080 castitas
536 1053 649 1080 omnino
671 1053 841 1089 prohibetur,
859 1054 885 1082 id
904 1054 977 1089 quod

190 1101 217 1123 et
231 1102 334 1124 caeteras
346 1104 441 1125 omnes
455 1097 590 1132 ejusmodi
609 1099 726 1126 haereses
743 1103 885 1134 usurpant.
909 1099 976 1126 Nam

190 1143 255 1169 olim
271 1143 304 1170 de
326 1143 483 1178 virginitate
509 1144 618 1178 gloriari
643 1144 777 1176 solebant,
797 1145 926 1172 nimirum
941 1145 977 1172 ob

191 1186 321 1215 ’acobum
337 1187 448 1216 fratrem
464 1189 571 1216 Domini
588 1199 594 1216 :
612 1190 735 1225 adeoque
752 1191 837 1218 libros
862 1199 928 1219 suos
942 1191 976 1218 ad

190 1234 314 1261 seniores
326 1238 354 1261 et
366 1235 487 1270 virgines
498 1235 663 1263 inscribunt.
682 1235 735 1263 Sed
748 1236 831 1271 hujus
848 1236 976 1265 factionis

154 1315 156 1318 _
191 1279 332 1306 exordium
359 1284 420 1315 post
450 1280 706 1316 Hierosolymitaiiie
737 1282 813 1309 urbis
839 1282 975 1309 excidium

191 1325 283 1359 carpit.
300 1324 359 1358 Quo
373 1329 496 1361 tempore
506 1326 654 1354 Christiani
666 1334 760 1354 omnes
772 1335 833 1354 cum
848 1328 875 1354 in
885 1326 976 1355 Persea

191 1369 329 1404 degerent,
345 1373 426 1405 atque
440 1371 466 1397 iii
491 1373 558 1399 urbe
575 1371 648 1399 Pella
671 1372 855 1407 potissimum,
871 1381 931 1408 quae
947 1374 976 1400 in

191 1414 384 1452 Dacapolitaua
402 1416 543 1454 provincia
564 1421 616 1452 esi,
631 1417 710 1455 cujus
733 1421 824 1447 exstat
840 1419 867 1445 in
888 1417 976 1445 Evan-

191 1465 262 1498 gelio
275 1465 378 1491 mentio
401 1465 420 1497 ⁵,
443 1472 526 1500 prope
542 1465 695 1493 Batauaeaiii
719 1475 751 1494 ac
769 1464 952 1494 Basanitidt‘m
967 1473 974 1491 ε

192 1516 254 1535 eum
271 1509 338 1540 illic,
355 1509 477 1544 inquam,
499 1509 669 1538 domicilium
693 1512 886 1545 collocassent,
911 1513 975 1540 hinc

192 1553 288 1581 Ebioni
302 1554 365 1581 data
382 1559 424 1582 est
440 1557 607 1591 propagandi
621 1558 724 1584 erroris
743 1559 865 1586 occasio.
881 1558 932 1591 Qui
947 1559 976 1585 in

192 1607 263 1635 pago
289 1601 408 1635 quodam
436 1601 544 1629 Cocabe
563 1603 590 1628 in
621 1604 732 1638 regione
756 1603 975 1637 Carnaimorum,

192 1647 302 1673 Arnemi
318 1650 345 1674 et
357 1647 578 1681 Astarotliariim,
594 1653 621 1676 et
641 1649 807 1678 Basanitidis
824 1655 912 1679 tractu
927 1652 976 1679 ha-

192 1691 280 1720 bitare
306 1693 401 1727 coepit,
415 1693 645 1728 quemadmodum
669 1699 745 1723 vetus
767 1697 801 1723 ad
823 1704 873 1724 nos
890 1706 978 1732 usque

193 1737 265 1764 fama
280 1739 402 1773 pertulit.
427 1738 492 1766 Inde
514 1739 598 1775 igitur
616 1740 726 1775 pessimi
748 1742 914 1776 praedicandi
928 1743 978 1770 do-

193 1784 292 1818 gmatis
306 1784 415 1811 initium
435 1785 564 1820 sumpsit,
577 1786 650 1813 unde
666 1790 693 1814 et
711 1787 809 1822 impios
824 1787 978 1816 Nazarenos

193 1828 312 1864 cmpisse
335 1829 490 1858 docuimus.
515 1831 601 1859 Ambo
626 1834 698 1860 enim
724 1833 832 1861 collatis
849 1833 920 1861 inter
948 1842 978 1862 se

192 1876 329 1911 capitibus
346 1884 423 1904 suam
449 1877 518 1905 alter
534 1886 595 1905 cuni
621 1879 707 1906 altero
729 1879 930 1914 improbitatem
947 1888 978 1907 ac

194 1922 344 1958 nequitiam
360 1923 582 1951 communicavit.
600 1924 690 1959 Atque
709 1925 759 1952 etsi
778 1925 978 1960 quadamtenus

195 1977 211 1995 a
224 1977 254 1996 se
273 1973 368 1996 mutuo
391 1969 552 2002 dissideant,
575 1970 601 1997 iii
619 1971 799 2005 excogitando
815 1976 904 1999 tamen
918 1980 979 2007 pra-

194 2015 307 2043 vissimo
318 2014 443 2050 dogmate
458 2023 519 2043 sese
533 2016 649 2044 invicem
664 2021 869 2052 expresserunt.
894 2017 980 2046 Ciste-

194 2069 256 2088 rum
277 2061 387 2089 memini
403 2070 446 2088 me
465 2062 527 2090 aliis
546 2062 573 2089 in
590 2063 669 2094 locis,
685 2071 747 2090 cum
764 2064 896 2092 adversus
911 2065 980 2091 alias

195 2107 313 2134 haereses
337 2107 539 2141 contenderem,
566 2108 599 2135 de
626 2108 797 2136 Cocaliorum
823 2110 877 2137 situ
899 2114 980 2144 atque

194 2152 294 2179 Arabia
308 2152 472 2187 disputasse.

230 2198 273 2226 Ill.
296 2198 434 2234 Principio
450 2199 533 2234 igitur
559 2198 655 2231 Ebion,
672 2203 702 2226 ut
726 2199 793 2232 dixi,
812 2200 950 2228 Christum
966 2209 981 2228 e
996 2206 1020 2235 ι)

195 2245 245 2272 viri
264 2246 378 2278 semine,
394 2246 521 2272 nimirum
539 2245 660 2281 Joseplii,
676 2246 796 2281 genitum
817 2246 977 2274 aﬂirmabat.

231 2323 239 2338 ¹
256 2323 350 2352 Matth.
365 2331 402 2355 iv,
421 2323 473 2356 25;
494 2323 578 2351 Marc.
594 2331 621 2356 v,
638 2323 684 2355 20,
697 2327 723 2351 et
739 2331 788 2357 vii,
806 2324 849 2351 51.

231 2402 287 2444 (ιε)
306 2403 417 2444 “me
437 2403 471 2444 δὲ
487 2403 598 2444 ἡάρχὴ

195 2438 277 2463 manu.
294 2445 321 2471 p.
342 2438 404 2469 597,
424 2438 508 2464 refert
529 2447 602 2465 anno
614 2438 724 2472 Trajani
737 2447 800 2471 Viti,
817 2439 940 2466 Caiidido
954 2444 981 2466 et

195 2472 333 2505 Quadrato
348 2480 421 2500 coss.
442 2472 629 2500 Ebionitaruni
643 2475 788 2501 emersisse
802 2479 915 2502 sectam.

232 2506 361 2543 (l3)_Kal
386 2507 419 2534 τὸ
440 2507 499 2542 μὲν
516 2508 641 2542 πρῶτον.
664 2508 767 2543 Duplex
793 2508 981 2538 Ebionitarum

198 2543 279 2568 factio
293 2541 361 2578 luit;
375 2549 436 2568 nam
450 2542 495 2578 alii
511 2541 615 2570 nierum
630 2551 660 2569 ac
675 2541 825 2578 δίἡψιίίιειιι
843 2544 980 2572 hominem

197 2577 356 2617 asserebant
368 2585 434 2619 esse
449 2577 652 2619 JesumLatq-ic
670 2586 684 2604 a
698 2577 816 2619 {oseplio
842 2578 982 2613 Mariaque

196 2613 334 2649 genitum;
349 2612 396 2639 alii
409 2619 424 2639 e
438 2616 533 2649 sancto
549 2613 681 2649 Splt‘illLﬂ
700 2612 810 2648 Virgine
826 2612 983 2649 susceptum

197 2649 234 2675 ita
253 2647 417 2680 fatebantur,
435 2648 474 2673 uti
490 2647 577 2674 Deum,
597 2656 628 2675 ac
646 2647 763 2675 Verbum
787 2656 858 2681 esse,
873 2647 920 2676 aut
935 2658 984 2676 ex-

198 2684 301 2710 stitisse
325 2686 402 2709 antea
429 2686 569 2719 negarent.
587 2683 721 2711 Eusebius
739 2684 785 2710 lib.
803 2691 842 2716 iii,
860 2692 920 2719 cap.
935 2685 981 2711 21.

197 2718 328 2755 Origenes
351 2722 443 2755 contra
465 2717 570 2755 Qelsuni
593 2723 659 2745 tom.
678 2726 717 2745 ii:
733 2718 830 2755 Ἐϐίων
840 2727 881 2755 ᾃτε
895 2717 955 2755 ’γὰρ
970 2719 984 2744 ὁ

197 2753 304 2788 πτωχὸς
331 2753 406 2788 παρὰ
423 2752 559 2785 Ἰουδαίοις
585 2754 726 2785 καλεῖται,
755 2754 802 2780 καὶ
829 2752 984 2781 Ἐίὶιωνοίῑοι

197 2788 410 2825 χρηματίζουσιν
424 2789 448 2815 οἱ
462 2788 516 2815 ἀπὸ
530 2789 668 2825 ξιουδαὶων
687 2789 733 2815 τδν
750 2788 855 2825 Ἰησοῦν
867 2789 904 2820 ὡς
918 2790 984 2825 Χρι-

198 2824 260 2850 στὸν
272 2823 498 2859 παραδεξάμενοι.
524 2823 646 2856 Quorum
667 2832 764 2858 genera
781 2824 896 2859 illartlllo
912 2825 931 2850 t'.
945 2823 981 2851 iii

198 2857 502 2886 (ειιιιιιιιειίὶοωιίοῦτοι
528 2859 557 2886 δέ
580 2860 647 2886 εἰσιν
670 2857 696 2886 οἱ
719 2859 802 2885 διττοὶ
819 2858 980 2889 Ἑῧιωναῖοι,

620 2404 736 2430 τούτου.
757 2404 791 2430 At.
806 2403 904 2430 Chron.
918 2404 980 2431 Ale-

1025 918 1080 945 ἁπὸ
1103 918 1153 952 τῆς
1174 917 1229 944 τῶν
1244 917 1347 944 ὑδάτων
1377 916 1550 947 καταδύσεως
1570 917 1618 943 καὶ
1647 915 1812 951 βαπτισμοῦ,

1025 960 1155 992 ὡσαύτως
1165 960 1246 987 πάλιν
1264 960 1406 996 ἀνατρέχει
1421 960 1607 996 βαπτίζεσθαι,
1625 959 1752 992 πολλάκις
1766 960 1814 986 καὶ

1026 1008 1074 1034 συν
1090 1009 1146 1039 τοῖς
1167 1007 1292 1043 ἱματίοις.
1310 1007 1350 1034 Τὰ
1361 1007 1407 1034 νῦν
1422 1007 1451 1034 δὲ
1461 1007 1815 1042 ἀπηγόρευταιπαντάπασι

1026 1054 1090 1088 παρ’
1114 1054 1206 1085 αὐτοῖς
1235 1053 1368 1089 παρθενία
1395 1062 1424 1079 τε
1444 1053 1492 1079 καὶ
1519 1051 1678 1088 ἐγκράτεια,
1706 1052 1744 1083 ὡς
1766 1051 1815 1078 καὶ

1026 1099 1102 1134 παρὰ
1115 1100 1176 1131 ταῖς
1190 1099 1282 1132 ἄλλαις
1303 1100 1408 1134 ὁμοίαις
1423 1099 1508 1134 ταύτῃ
1526 1098 1658 1134 αἱρέσεσι.
1675 1099 1742 1125 Ποτὲ
1758 1098 1813 1133 γὰρ

1025 1145 1175 1180 παρθενίαν
1201 1145 1388 1180 ἐσεμνύνοντο,
1405 1145 1485 1180 δῆθεν
1499 1144 1542 1172 διὰ
1564 1144 1610 1171 τὸν
1626 1144 1752 1170 Ίάκωὸον
1768 1143 1814 1170 τὸν

1026 1191 1136 1226 ἀδελφὺν
1165 1190 1213 1218 τοῦ
1238 1191 1351 1226 Κυρίου,
1379 1191 1424 1217 καὶ
1440 1190 1474 1217 τὰ
1495 1189 1584 1216 αὐτῶν
1610 1190 1815 1224 συγγράμματα.

1026 1237 1221 1272 πρεσϐυτέροις
1238 1237 1285 1263 καὶ
1311 1236 1456 1272 παρθένοις
1477 1236 1622 1270 γράφουσι.
1643 1235 1738 1269 Γέγονε
1754 1235 1782 1261 δὲ
1797 1236 1814 1270 ἡ

1026 1283 1096 1318 ἀρχὴ
1111 1282 1206 1308 τούτου
1221 1281 1277 1316 (12)
1286 1281 1355 1316 μετὰ
1367 1282 1416 1316 τὴν
1426 1281 1478 1307 τῶν
1494 1280 1688 1316 Ἰεροσολύμων
1702 1280 1812 1307 ἅλωσιν.

1033 1328 1140 1364 Ἐπειδὴ
1173 1327 1228 1364 γὰρ
1247 1328 1347 1359 πάντες
1371 1327 1395 1353 οἱ
1418 1327 1458 1358 είς
1472 1327 1590 1363 Χριστὸν
1604 1327 1814 1357 πεπιστευκότες

1025 1374 1074 1409 τὴν
1091 1374 1211 1410 Περαίαν
1223 1374 1282 1400 κατ’
1299 1374 1386 1399 ἐκεῖνο
1400 1372 1496 1408 καιροῦ
1513 1372 1676 1408 κατῴκησαν
1690 1372 1720 1398 τὸ
1734 1372 1815 1398 πλέον

1026 1420 1056 1446 ὲν
1069 1419 1156 1455 Πέλλῃ
1172 1420 1224 1446 τινὶ
1238 1419 1313 1446 πόλει
1340 1419 1494 1455 καλουμένῃ
1508 1419 1556 1453 τῆς
1571 1418 1747 1449 Δεκαπόλεως
1765 1418 1815 1452 τῆς

1026 1466 1055 1491 ἐν
1068 1465 1107 1499 τῷ
1128 1465 1284 1500 anm/atq;
1300 1465 1507 1500 γεγραμμένης,
1523 1464 1638 1500 πλησίον
1656 1464 1705 1499 τῆς
1725 1464 1814 1489 Βατα-

1026 1511 1104 1544 ναίας
1130 1511 1178 1538 καὶ
1202 1511 1374 1544 Βασανίτιδος
1402 1511 1503 1547 χώρας,
1526 1511 1556 1538 τὸ
1580 1510 1732 1547 τηνικαῦτα
1758 1510 1817 1535 ἐκεῖ

1029 1560 1262 1595 μεταναστάντων,
1277 1559 1325 1586 καὶ
1337 1559 1425 1584 ἐκεῖσε
1450 1557 1640 1593 διατριϐόντων
1652 1555 1750 1586 αὐτῶν,
1766 1555 1815 1589 γέ-

1027 1614 1104 1639 γονεν
1115 1606 1148 1632 ἐκ
1174 1605 1266 1632 τούτου
1294 1605 1428 1641 πρόφασις
1443 1603 1482 1639 τῷ
1499 1603 1615 1630 Ἐΰίωνι.
1633 1603 1687 1629 Καὶ
1703 1603 1816 1637 ἄρχεται

1029 1652 1078 1687 μὲν
1089 1652 1138 1687 τὴν
1157 1651 1315 1687 κατοίκησιν
1332 1651 1404 1686 ἔχειν
1420 1651 1448 1676 ἐν
1468 1649 1589 1685 Κωκάΰῃ
1603 1649 1656 1674 τινὶ
1673 1647 1753 1683 κώμῃ
1769 1647 1817 1673 ἐπὶ

1027 1697 1061 1724 τὰ
1078 1698 1148 1733 μέρη
1161 1697 1210 1732 τῆς
1224 1695 1362 1733 Καρναῗμ,
1379 1691 1494 1731 Ἂρνὲμ,
1507 1695 1553 1721 καὶ
1571 1693 1720 1729 Ἀσταρὼθ,
1738 1694 1767 1719 ἐν
1780 1694 1816 1728 τῇ

1028 1744 1181 1771 Βασανίτιδι
1204 1743 1290 1779 χώρᾳ,
1310 1743 1348 1774 ὡς
1372 1743 1389 1777 ὴ
1415 1741 1528 1768 ἐλθοῦσα
1557 1742 1596 1772 είς
1616 1740 1691 1775 ἡμᾶς
1716 1739 1818 1773 γνῶσις

1028 1791 1160 1826 περιέχει.
1181 1790 1276 1816 Ἔνθεν
1293 1789 1407 1825 ἄρχεται
1423 1788 1470 1824 τῆς
1486 1788 1574 1822 κακῆς
1593 1786 1674 1814 αὐτοῦ
1691 1786 1818 1813 διδασκα-

1028 1836 1098 1868 λίας,
1119 1836 1179 1863 ὅθεν
1204 1836 1282 1871 δῆθεν
1296 1835 1344 1862 καὶ
1363 1836 1387 1862 oi
1404 1834 1559 1870 Ναξαρηνοὶ
1572 1834 1597 1860 οἱ
1614 1833 1708 1868 ἄνομοι
1724 1832 1819 1867 προδε-

1029 1882 1172 1917 δήλωνται.
1189 1881 1339 1916 Συναφθεὶς
1363 1881 1417 1915 γὰρ
1428 1876 1504 1915 οὗτος
1517 1879 1642 1910 ἐκείνοις,
1658 1878 1705 1905 καὶ
1717 1878 1818 1904 ἐκεῖνοι

1028 1927 1126 1960 τούτῳ,
1139 1927 1267 1962 ἑκάτερος
1280 1926 1334 1953 ἀπὸ
1344 1926 1393 1960 τῆς
1404 1924 1500 1952 ἑαυτοῦ
1515 1924 1664 1960 μοχθηρίας
1678 1924 1716 1958 τῷ
1731 1923 1819 1958 ἑτέρῳ

1032 1973 1176 2008 μετέδωκε.
1188 1973 1243 1998 Καὶ
1254 1972 1428 2008 διαφέρονται
1449 1971 1496 2006 μὲν
1508 1971 1601 2006 ἔτερος
1616 1970 1684 2005 πρὸς
1700 1969 1744 1995 τὸν
1758 1968 1819 1995 ἓτε-

1031 2026 1078 2053 ρον
1091 2018 1162 2044 κατά
1172 2026 1207 2049 τι,
1225 2019 1254 2044 ὲν
1265 2017 1292 2044 δὲ
1302 2019 1335 2052 τῇ
1348 2016 1478 2051 κακονοίᾳ
1491 2015 1620 2052 ἀλλήλους
1631 2015 1818 2050 ἀπεμάξαντο.

1032 2064 1101 2098 Ἤδη
1116 2063 1144 2090 δέ
1159 2072 1202 2099 μοι
1220 2064 1266 2090 καὶ
1282 2065 1310 2090 ἐν
1323 2063 1412 2094 ἄλλοις
1425 2063 1524 2096 λόγοις,
1538 2062 1583 2089 καὶ
1592 2062 1661 2088 κατά
1673 2062 1722 2092 τὰς
1738 2060 1819 2091 dna;

1030 2110 1152 2146 αἱρέσεις
1175 2111 1240 2145 περῖ⁹
1266 2111 1314 2145 τῆς
1337 2109 1496 2141 τοποθεσίας
1522 2109 1673 2138 Κωκάῦιον,
1699 2108 1743 2134 καὶ
1770 2107 1821 2141 τῆς

1038 2156 1166 2191 Ἀραϐίας
1179 2156 1222 2183 διὰ
1238 2156 1355 2188 πλάτους
1365 2156 1482 2191 εἴρηται.

1068 2201 1105 2227 Γ’.
1124 2202 1178 2227 Καὶ
1201 2201 1231 2227 τὸ
1251 2201 1300 2236 μὲν
1327 2202 1434 2236 πρῶτον
1450 2201 1505 2236 (13)
1527 2202 1541 2227 ὁ
1565 2199 1670 2230 Ἐϐίων,
1684 2197 1722 2229 ὡς
1738 2197 1818 2231 ἔφην.

1033 2247 1148 2283 Χριστὸν
1165 2248 1197 2274 ὲκ
1210 2248 1366 2282 σπέρματος
1383 2247 1488 2282 ἀνδρὸς,
1502 2245 1624 2273 τουτέστι
1643 2244 1689 2271 τοῦ
1709 2244 1820 2280 Ἰωσὴφ,

1032 2405 1090 2439 ἦτοι
1104 2405 1134 2440 ἐκ
1148 2402 1286 2440 Παρθένου
1299 2400 1492 2440 ὁμολοθίοῦντες
1506 2400 1609 2440 δμοίως
1623 2401 1688 2440 ἡμίν
1705 2399 1749 2440 τὸν
1764 2399 1820 2440 ’1η-

1033 2435 1105 2468 σοῦν,
1121 2439 1136 2473 ἢ
1156 2435 1204 2473 οὐχ
1223 2438 1294 2464 οὕτω
1308 2435 1481 2473 γεζενῆσθαι,
1500 2436 1556 2462 ἀλλ’
1571 2435 1608 2466 ὼς
1629 2436 1692 2473 τοὺς
1712 2435 1820 2473 λοι-ποῦς

1033 2466 1204 2509 ἀνθρώπουέῖ
1220 2466 1320 2500 Veriiiii
1345 2466 1534 2509 liliioiiaeoruiii
1557 2477 1654 2509 nomen
1677 2466 1820 2509 latius‘ex;

1032 2504 1154 2536 tendisse
1170 2504 1255 2536 videri
1272 2511 1362 2543 potest
1378 2507 1520 2543 υιξίθλοιιςξ,
1535 2510 1580 2543 _ut
1601 2504 1743 2543 libionieos
1759 2505 1821 2532 illos

1033 2544 1149 2579 appellet
1160 2564 1167 2574 ,
1181 2544 1226 2579 qui
1242 2540 1304 2579 cum
1318 2541 1417 2579 alioqui
1431 2541 1464 2568 de
1477 2541 1578 2579 Qliristi
1592 2540 1734 2579 divinitate
1750 2548 1788 2567 rei
1796 2546 1821 2568 te

1034 2574 1176 2609 sentirent,
1191 2574 1254 2605 cum
1276 2574 1431 2605 Christiana
1449 2576 1580 2611 religione
1594 2574 1722 2602 Judaicas
1735 2583 1821 2601 cmre-

1014 2644 1019 2649 ,
1035 2615 1140 2641 monias
1159 2612 1361 2648 aniplectendas
1384 2610 1759 2649 credemiit._Qii0il_qiiiileiii
1779 2614 1821 2636 to-

1034 2658 1077 2676 nio
1094 2657 1111 2676 II
1129 2649 1180 2675 sub
1201 2645 1308 2675 initium
1331 2647 1486 2681 signiﬁcare
1502 2647 1617 2673 videtur.
1635 2645 1822 2681 Theodori-tus

1034 2685 1067 2711 de
1086 2684 1220 2711 Ebinnacis
1232 2693 1238 2710 :
1248 2683 1299 2709 Τὺν
1316 2682 1343 2709 δὲ
1357 2679 1462 2718 Κύριον
1475 2681 1581 2718 Ἰησοδν
1592 2680 1709 2718 Χριστὸν
1723 2679 1752 2711 ἐξ
1763 2680 1821 2718 ἰω-

1035 2720 1089 2756 σὴφ
1101 2720 1147 2756 καὶ
1161 2720 1210 2754 τῆς
1220 2718 1328 2756 Μαρίας
1337 2714 1419 2756 ἔφησε
1430 2714 1759 2756 γεγενῆσθαιὶᾇνθρίοπον
1773 2715 1821 2749 μὲν

1036 2750 1110 2782 ὄντα.
1129 2750 1212 2789 ἁρετῇ
1230 2754 1258 2780 δὲ
1269 2750 1320 2779 ’καὶ
1336 2750 1502 2789 καθαρότητι
1516 2751 1569 2789 τῶν
1584 2750 1672 2789 ἄλλων
1682 2750 1821 2789 διαφέρον-

1036 2798 1080 2820 τα,
1096 2782 1166 2816 κατᾶ
1181 2782 1212 2816 δὲ
1232 2788 1277 2815 τὸν
1298 2782 1442 2815 Μωσαῖκὸν
1461 2782 1633 2812 πολιτεύοντα
1644 2782 1737 2820 νόμονζ
1751 2782 1824 2820 Lego

1038 2825 1233 2857 πολιτεύονται,
1249 2831 1336 2858 neque
1350 2824 1382 2849 ad
1400 2820 1648 2850 Christuiii'rel'cri-i
1663 2824 1739 2855 puto.
