1961 3046
118 137 168 166 ιοθ

431 133 617 162 ADVERSUS
636 134 808 163 HERESES
827 135 892 164 LIB.
912 135 934 163 l.
955 135 1039 164 TOM.
1059 136 1128 164 ll.—
1149 137 1285 165 ll/ERES.
1306 137 1391 166 XXX.

1692 138 1746 167 MO

117 192 248 230 ὢρίζετιν
262 194 294 219 ὲκ
307 192 402 227 χρόνου
415 191 443 218 δέ
458 199 530 222 τινος
556 191 604 218 καὶ
620 191 700 227 δεῦρο
719 193 743 219 οἱ
761 193 855 224 αὐτοῦ,
873 194 907 225 ὡς

962 193 1062 221 Verum
1081 195 1224 230 aliquanto
1250 195 1285 222 ab
1305 195 1370 222 hinc
1387 198 1508 230 tempore
1532 194 1558 222 in
1584 195 1747 223 hodiernum

118 241 158 272 ei;
172 239 321 266 ἀσύστατον
336 238 383 265 καὶ
396 238 536 273 ἀμήχανον
551 237 700 273 τρέψαντες
713 238 757 265 τὸν
771 239 836 265 ῐδιον
846 239 908 265 νοῦν

119 286 192 314 ἄλλοι
207 285 294 317 ἄλλως
318 284 383 319 παρ’
397 284 489 315 αὐτοῖς
512 283 632 318 Χριστοῦ
653 284 819 319 διηγοῦνται.
832 286 909 320 Τάχα

118 331 145 357 δὲ
165 328 241 365 οἶμαι
265 329 318 357 ἀπὸ
339 329 386 356 τοῦ
411 328 580 364 συναφθῆναι
606 329 697 361 αὐτοῖς
726 330 849 362 Ἠλξαῖον
862 331 908 357 τὸν

118 376 352 412 ψευδοπροφήτην,
368 375 414 402 τὸν
428 376 503 410 παρὰ
517 376 574 407 τοῖς
594 375 741 410 Ἀμψηνοίς
759 377 766 391 ¹
787 376 834 402 καὶ
852 376 910 403 Ὀσ-

118 423 208 457 σηνοῖς
237 422 285 448 καὶ
315 420 498 452 Ἐλκεσσαίοις
526 420 714 456 καλουμένοις.
745 421 783 453 ὡς
805 422 908 453 ἐκεῖνος

118 466 269 501 φαντασίαν
296 466 357 493 τινὰ
378 466 443 502 περὶ
461 465 580 501 Χριστοῦ
609 466 753 501 διηγεῖται,
778 467 824 493 καὶ
843 467 908 502 περὶ

118 512 276 548 Πνεύματος
290 512 379 547 ἁγίου.
395 512 474 543 Τινὲς
486 512 541 547 γὰρ
554 511 584 544 ἐξ
597 512 686 538 αὐτῶν
701 513 748 538 καὶ
765 513 850 548 Ἀδὰμ
862 513 908 539 τὸν

117 557 236 594 Χριστὸν
249 555 318 584 εἶναι
332 557 451 591 λέγουσι,
465 557 512 584 τὸν
525 556 634 592 πρῶτον
645 556 800 584 πλασθέντα
815 565 846 583 τε
860 558 908 583 καὶ

118 603 310 638 ἑμφυσηθέντα
326 602 380 629 ἀπὸ
392 602 442 637 τῆς
457 602 504 629 τοῦ
520 602 588 629 Θεοῦ
602 603 754 634 ἐπιπνοίας.
771 602 863 629 Ἄλλοι
879 603 907 630 δὲ

118 649 147 674 ὲν
156 649 248 679 αὐτοῖς
264 647 388 681 λέγουσιν
408 646 511 674 ἄνωθεν
531 648 580 682 μὲν
594 647 668 679 ὅντα,
687 648 741 683 πρὸ
753 648 862 675 πάντων
878 648 907 674 δὲ

118 693 261 721 κτισθέντα
285 693 394 728 πνεῦμα
419 693 494 725 ὄντα,
512 693 560 719 κα)⁸
576 693 647 729 ὑπὲρ
677 693 810 728 ἀγγέλους
831 693 906 724 ὄντα,

118 739 228 765 πάντων
242 747 272 764 τε
297 737 466 773 κυριεύοντα,
491 738 538 764 καὶ
567 738 684 773 Χριστὸν
708 738 846 772 λέγεσθαι,
863 739 908 765 τὸν

119 783 209 810 ἐκεῖσε
221 782 249 808 δὲ
265 782 350 809 αἰῶνα
372 782 574 817 κεκληρῶσθαι.
588 782 736 818 Ἔρχεσϐαι
749 783 777 809 δὲ
791 783 908 809 ἐνταῦθα

118 829 164 855 ὅτε
192 827 326 863 βούλεται,
353 828 390 859 ὡς
413 828 460 854 καὶ
482 829 511 854 ὲν
535 827 576 863 τῷ
600 828 684 863 Ἀδὰμ
698 826 774 864 ἦλθε,
791 829 909 861 καὶτοῖς

959 248 1046 275 usque
1060 241 1142 273 diem,
1159 241 1205 275 qui
1221 241 1281 275 ejus
1297 248 1418 269 errorem
1435 241 1522 269 secuti
1548 244 1622 272 sunt,
1649 241 1748 268 animis

957 293 1051 312 eorum
1085 285 1113 312 in
1146 285 1266 313 absurda
1296 293 1328 312 ac
1357 285 1485 320 perplexa
1513 285 1591 319 127
1622 284 1747 319 qumdam

958 331 1098 365 abreptis,
1126 330 1172 357 alii
1199 330 1279 357 aliter
1302 329 1336 357 de
1359 329 1469 356 Christo
1495 330 1681 364 pronuntiant.
1710 330 1748 356 Ae

958 377 1092 411 suspicari
1116 383 1183 403 sane
1209 375 1282 408 licet,
1297 375 1332 403 ab
1354 381 1387 402 eo
1415 379 1537 409 tempore
1559 382 1613 409 quo
1641 382 1675 402 se.
1693 373 1748 400 illis

957 422 1066 450 Elxaaus
1081 422 1206 456 adjunxit
1222 421 1308 449 falsus
1322 421 1432 456 quidam
1449 421 1593 456 propheta,
1611 420 1657 455 qui
1676 419 1748 455 apud

959 465 1126 501 Sampsenos
1140 469 1168 493 et
1182 465 1305 493 Ossenos
1320 471 1402 500 atque
1417 465 1567 492 Elcessaeos
1583 465 1698 496 exstitit,
1714 465 1749 492 ab

957 510 1053 538 eodem
1082 510 1194 538 edoctos
1219 510 1368 538 conﬁctum
1385 510 1419 538 de
1445 510 1557 538 Christo
1583 518 1614 538 ac
1643 510 1749 545 Spiritu

956 561 1053 584 sancto
1067 556 1160 584 nescio
1175 556 1241 591 quid
1261 556 1369 584 eﬂutire
1383 557 1512 591 cmpisse.
1534 555 1662 583 Nonnulli
1676 556 1749 583 enim

956 609 990 629 ex
1010 601 1044 629 iis
1059 601 1193 629 Adamum
1219 601 1305 629 fuisse
1328 602 1469 629 Christum
1493 601 1654 637 praedicant,
1671 602 1749 629 illum

956 645 1067 680 inquam
1079 645 1223 678 Adamum,
1237 645 1284 680 qui
1300 645 1406 680 primus
1419 653 1434 672 a
1450 645 1504 673 Deo
1521 645 1657 673 formatus
1679 646 1750 680 ejus-

956 691 1018 717 dem
1035 694 1078 718 est
1092 691 1230 718 animatus
1244 690 1345 718 aﬂlatu.
1361 691 1414 718 Alii
1427 699 1442 718 e
1454 691 1524 718 caelo
1537 691 1676 718 Christum
1689 698 1751 718 esse

957 734 1135 767 conﬁtentur,
1157 735 1204 763 sed
1229 739 1292 762 ante
1308 735 1400 762 omnia
1414 739 1550 768 creatum,
1566 743 1599 763 ac
1620 736 1749 770 spiritum

957 789 1019 809 esse
1027 781 1186 816 quemdam,
1202 782 1360 817 angelisque
1374 785 1514 817 praestare,
1531 786 1614 817 atque
1628 782 1750 808 omnium

960 835 1052 854 rerum
1079 826 1251 854 dominatum
1277 831 1381 860 tenere,
1411 827 1541 862 appellari
1564 835 1646 862 porro
1672 827 1750 854 Chri-

119 873 304 909 πατριάρχαις
331 872 460 907 ἐφαίνετο
483 872 642 907 ἐνδυόμενος
667 873 698 898 τὸ
723 873 820 908 σῶμα·
840 873 907 908 πρὸς

960 878 1042 901 stum.
1060 874 1112 907 Qui
1127 882 1188 902 eum
1207 877 1365 908 perpetuam
1380 874 1436 902 illic
1453 874 1649 901 habitationem
1666 873 1750 901 sorti-

124 919 251 955 Ἀϐραάμ
275 927 306 945 τε
329 918 413 945 ὲλθὼν
436 919 482 945 καὶ
505 917 598 945 Ἰσαὰκ
613 918 661 945 κα¹ι
681 918 787 950 Ἰακὼϐ,
804 919 908 950 όαύτδς

117 966 162 992 ἐπ’
189 966 312 1000 ἐσχάτων
341 965 396 991 τῶν
422 964 532 1000 ἡμερῶν
548 962 624 999 ἦλθε,
639 965 686 991 καὶ
700 965 766 992 αὐτὸ
785 965 816 991 τὸ
831 965 909 1000 σῶμα

117 1012 164 1038 τοῦ
180 1011 265 1047 Ἀδὰμ
276 1011 428 1044 ἐνεδύσατο,
439 1011 486 1037 καὶ
498 1010 575 1046 ῶφθη
590 1010 740 1046 ἅνθρωπος,
755 1011 802 1038 καὶ
812 1011 909 1037 ἐσταυ-

119 1057 205 1094 ρώθη,
221 1058 267 1084 καὶ
276 1057 386 1092 ἀνέστη,
396 1057 444 1084 καὶ
459 1057 583 1093 ἀνῆλθεν.
597 1057 681 1084 Πάλιν
694 1057 721 1083 δὲ
736 1057 780 1083 ὅτε
800 1057 908 1092 βούλον-

116 1112 163 1130 ται
188 1103 322 1137 λέγουσιν,
338 1103 415 1138 Οὐχὶ,
431 1103 500 1129 ἀλλὰ
511 1104 551 1135 εἰς
575 1103 657 1129 αὐτὸν
671 1101 735 1138 ἦλθε
746 1103 776 1129 τδ
785 1103 908 1138 Πνεῦμα,

117 1149 186 1183 ὅπερ
202 1148 276 1174 ἐστὶν
292 1150 306 1175 ό
320 1149 446 1184 Χριστὸς,
462 1149 509 1175 καὶ
528 1148 672 1175 ἐνεδύσατο
693 1149 775 1175 αὐτὸν
791 1149 838 1176 τὸν
858 1150 909 1184 Ἰη-

119 1195 184 1221 σοῦν
200 1191 376 1230 καλούμενον.
402 1195 457 1222 Καὶ
482 1195 565 1230 πολλὴ
581 1196 646 1230 παρ’
659 1195 752 1226 αὐτοῖς
767 1196 908 1229 σκότωσις,

117 1239 209 1266 ἄλλοθι
233 1240 321 1272 ἄλλως
347 1240 393 1267 καὶ
415 1240 504 1272 ἄλλως
521 1241 601 1267 αὐτὸν
619 1241 834 1276 ὑποτιθεμένοις.
854 1241 910 1267 Καὶ

117 1285 241 1320 δέχονται
255 1285 304 1320 μὲν
316 1285 363 1312 καὶ
376 1285 453 1311 αὐτοὶ
460 1285 490 1311 τὸ
502 1284 573 1311 κατά
580 1284 719 1311 Ματθαὶρν
734 1284 907 1319 Εὑαγγέλιον·

117 1331 206 1366 τούτῳ
229 1331 283 1366 γὰρ
303 1331 350 1357 καὶ
375 1331 463 1362 αὐτοὶ,
493 1330 530 1362 ὡς
559 1331 606 1357 xui.
632 1331 656 1357 ot
681 1330 751 1357 κατὰ
773 1330 910 1365 Κήρινθον

118 1377 238 1412 χρῶνται
256 1377 329 1412 μόνῳ
343 1385 351 1415 ἠ
365 1376 477 1403 καλοῦσι
490 1376 518 1402 δὲ
532 1376 598 1402 αὐτὸ
614 1376 684 1402 κατὰ
703 1375 855 1411 Ἑϐραίους,
872 1375 909 1407 ὡς

117 1422 153 1449 τὰ
165 1423 252 1458 ἀληθῆ
268 1424 342 1449 ἐστιν
354 1423 451 1454 εἰπεῖν,
466 1423 506 1449 ὅτι
520 1422 658 1454 Ματθαῖος
673 1422 753 1458 μόνος
769 1422 908 1456 Ἐϐραϊστὶ

117 1469 165 1494 καὶ
198 1468 353 1504 Ἑϐραϊκοῖς
382 1467 543 1502 γράμμασιν
570 1468 599 1493 ὲν
625 1469 658 1502 τῇ
682 1466 766 1502 Καινῇ
788 1466 909 1503 Διαοήκῃ

118 1514 265 1549 ἐποιήσατο
292 1514 341 1549 τὴν
369 1513 415 1540 τοῦ
435 1512 600 1547 Εὑαγγελίου
617 1512 725 1539 ἕκῡεσίν
741 1521 770 1539 τε
795 1512 842 1539 καὶ
858 1513 910 1547 κή-

120 1568 220 1595 ρυγμα.
240 1560 309 1595 Ἤδη
323 1560 351 1586 δέ
363 1567 414 1586 που
426 1559 473 1586 καί
485 1567 556 1590 τινες
573 1559 653 1585 πάλιν
667 1558 780 1593 ἔφασαν,
792 1558 838 1585 καὶ¹
854 1558 907 1584 ἀπὸ
920 1553 942 1581 (ἶ

117 1605 168 1641 τῆς
187 1605 343 1640 Ἑλληνικῆς
355 1605 493 1631 διαλέκτου
509 1605 556 1631 καὶ
572 1605 601 1631 τὺ
618 1605 688 1632 κατὰ
712 1605 839 1639 Ἰωάννην
860 1613 908 1639 με-

117 1651 254 1686 ταληφθὲν
268 1651 396 1687 Ἐϐραῖδα
412 1650 580 1686 ἐμφέρεσθαι
597 1652 624 1677 ἐν
641 1652 695 1682 τοῖς
705 1650 759 1677 τῶν
777 1649 909 1678 Ἰουδαίων

117 1694 341 1730 γαζοφυλακίοις,
365 1696 436 1731 φημὶ
453 1696 481 1722 δὲ
498 1697 554 1727 τοῖς
583 1697 612 1722 ὲν
633 1695 781 1729 Τιϐεριάδι,
798 1696 845 1722 καὶ
867 1697 911 1722 ὲνο

117 1739 279 1767 αποκεῖσθαι
289 1740 318 1766 ἐν
333 1740 512 1775 ἀποκρύφοις,
524 1740 561 1772 ὣς
568 1749 638 1772 τινες
647 1741 701 1767 τῶν
712 1741 765 1767 ἀπὸ
773 1740 907 1767 Ἰουδαίων

119 1785 344 1812 πεπιστευκότων
369 1786 545 1821 ὑφηγήσαντο
562 1787 628 1822 ἡμῖν
651 1786 722 1813 κατὰ
746 1786 908 1822 λεπτότητα.

119 1832 156 1858 Οὐ
171 1831 224 1867 μὴν
239 1831 307 1858 ἀλλὰ
326 1833 372 1858 καὶ
398 1833 453 1858 τῶν
477 1833 606 1867 Πράξεων
622 1832 676 1859 τῶν
690 1832 846 1859 ἀποστόλων
862 1832 910 1868 τὴν

119 1878 210 1914 βίϐλον
225 1878 359 1910 ὡσαύτως
374 1879 427 1905 ἀπὸ
447 1879 572 1911 Ἑλλάδος
590 1878 716 1913 γλώσσης
728 1879 767 1910 είς
783 1878 910 1914 Ἐϐραῖδα

120 1924 335 1961 μεταϐληθεῖσαν
350 1925 429 1959 λόγος
442 1924 508 1959 ἔχει,
525 1925 572 1951 καλ
586 1925 675 1950 ὲκεῖσε
693 1923 799 1950 κεῖσθαι
810 1924 838 1950 ἐν
855 1925 911 1955 τοῖς

118 1970 343 2004 γαζοφυλακίοις,
359 1972 397 2003 ὡς
420 1972 467 2007 κα).
489 1971 542 1998 ἀπὸ
555 1971 652 1998 τούτου
665 1971 728 2002 τοὺς
742 1970 908 2004 ἀναγνόντας

125 2015 268 2047 Ἰουδαίους
293 2016 356 2047 τοὺς
384 2017 450 2051 ἡμῖν
475 2015 704 2052 ὑφηγησαμένους
732 2017 772 2047 εἰς
792 2016 909 2051 Χριστὸν

119 2062 345 2089 πεπιστευκέναι.

961 925 1004 949 tus
1025 922 1070 952 sit,
1095 922 1203 956 quoties
1225 921 1335 948 libuerit
1360 922 1388 948 in
1413 922 1470 949 hme
1488 921 1580 949 inﬁma
1604 921 1750 953 delabitur,

959 965 1188 1000 quemadmodum
1207 966 1234 992 in
1251 965 1356 992 Adamo
1370 965 1509 993 descendit
1527 970 1554 992 et
1585 966 1750 1001 patriarchis

959 1018 1074 1046 corpore
1088 1011 1275 1039 circumfusus
1292 1011 1434 1046 apparuit;
1451 1012 1525 1038 velut
1539 1019 1601 1039 cum
1617 1012 1650 1039 ad
1664 1012 1744 1039 Abra-

960 1057 1083 1090 hamum,
1100 1056 1234 1088 lsaacum,
1249 1061 1276 1085 et
1287 1056 1418 1084 Jacobum
1441 1058 1518 1085 adiit.
1544 1057 1618 1085 Idem
1634 1058 1749 1092 denique

960 1104 1109 1139 postremis
1126 1103 1296 1138 temporibus
1322 1104 1406 1135 venit,
1430 1103 1526 1130 Adami
1552 1111 1667 1138 corpore
1686 1111 1750 1130 Cotl-

960 1153 1061 1180 tcetus.
1076 1154 1103 1176 et
1118 1149 1201 1176 homo
1214 1150 1290 1176 visus
1307 1153 1360 1181 est,
1386 1149 1414 1176 in
1441 1157 1550 1176 crucem
1567 1149 1691 1176 sublatus
1707 1157 1750 1176 re-

960 1194 1089 1228 surrexit,
1103 1198 1130 1221 et
1147 1193 1269 1222 ascendit
1284 1194 1312 1222 in
1327 1194 1439 1222 emlum.
1458 1193 1566 1222 Rursus
1580 1195 1626 1222 ubi
1642 1195 1750 1222 libuerit

961 1240 998 1267 ita
1017 1247 1078 1267 sese
1099 1248 1156 1278 rem
1173 1240 1273 1267 habere
1290 1244 1408 1274 negant;
1435 1239 1462 1266 in
1486 1247 1602 1274 eumque
1619 1240 1750 1267 duntaxat

960 1293 1022 1313 sese
1039 1290 1164 1312 sanctum
1180 1284 1313 1312 infutlisse
1328 1284 1472 1319 Spiritum,
1485 1285 1532 1319 qui
1546 1290 1588 1312 est
1602 1293 1661 1320 ιρεει
1675 1286 1751 1312 Chri-

960 1334 1037 1362 stus,
1071 1338 1189 1365 eumque
1219 1330 1265 1366 qui
1290 1330 1371 1357 Jesus
1401 1334 1516 1358 vocatus
1545 1334 1587 1358 est
1616 1331 1749 1359 induisse.

960 1375 1143 1408 Quamobrem
1159 1374 1322 1402 densiSsima
1340 1374 1462 1409 quaedam
1477 1374 1532 1402 illis
1545 1378 1587 1402 est
1603 1375 1690 1402 oﬁusa
1705 1383 1750 1403 ca-

960 1421 1023 1456 ligo,
1041 1420 1107 1447 dum
1124 1419 1193 1448 alias
1209 1421 1288 1447 aliter
1310 1420 1344 1447 de
1361 1420 1472 1448 Christo
1482 1421 1611 1456 opinione
1625 1429 1675 1449 sua
1692 1426 1750 1448 sta-

962 1471 1053 1493 tuunt.
1079 1466 1168 1501 Atque
1197 1466 1374 1501 Evangelium
1401 1467 1439 1493 illi
1464 1467 1574 1501 quidem
1599 1468 1750 1495 secundum

962 1513 1119 1540 Matthteum
1133 1512 1292 1545 admittunt,
1310 1520 1364 1548 quo
1380 1513 1439 1540 solo
1455 1513 1692 1541 Cerinthianorum
1709 1514 1750 1542 vel

963 1558 1209 1586 Merinthianorum
1233 1558 1321 1585 instar
1344 1562 1468 1591 utuntur,
1490 1559 1573 1594 idque
1595 1560 1685 1594 ipsum
1708 1568 1750 1588 se-

960 1604 1081 1631 cundutn
1102 1604 1232 1632 Hebraeos
1250 1605 1398 1639 appellant.
1426 1605 1532 1632 Etenim
1547 1613 1612 1632 vere
1629 1605 1695 1632 illud
1711 1604 1750 1632 af-

959 1650 1068 1677 ﬁrmare
1085 1657 1243 1684 possumus,
1258 1657 1340 1676 unum
1364 1658 1398 1677 ex
1419 1650 1548 1678 omnibus
1568 1649 1635 1677 Novi
1655 1650 1750 1678 Testa-

958 1696 1042 1723 menti
1060 1695 1241 1731 scriptoribus
1264 1695 1419 1723 Matthaeum
1436 1695 1578 1728 Hebraiee.
1596 1703 1628 1723 ac
1652 1696 1750 1724 litteris

959 1742 1099 1770 Hebraicis
1121 1742 1307 1778 evangelicam
1325 1743 1468 1770 historiam
1484 1743 1614 1771 texuisse.
1632 1742 1687 1770 Nec
1704 1743 1750 1770 de.

960 1788 1035 1815 fuere
1049 1788 1097 1823 qui
1116 1788 1150 1815 de
1164 1787 1280 1816 Joannis
1295 1787 1443 1824 Evangelio
1460 1788 1666 1820 conﬁrmarent,
1684 1789 1751 1816 illud

960 1832 1092 1860 llebraiee
1107 1833 1268 1860 translatum
1291 1832 1435 1860 Tiberiade
1452 1833 1478 1860 in
1492 1833 1649 1861 Judaeorum
1670 1841 1749 1868 gazo-

959 1879 1090 1914 phylaciis
1105 1879 1253 1912 asservari,
1269 1883 1298 1906 et
1318 1879 1346 1906 in
1371 1879 1565 1907 secretioribus
1587 1879 1749 1914 quibusdam

959 1925 1147 1960 penetralibus
1165 1924 1279 1952 recondi
1295 1933 1302 1951 :
1319 1924 1345 1952 id
1366 1925 1438 1960 quod
1461 1925 1585 1952 nonnulli
1608 1925 1685 1957 mihi,
1703 1925 1751 1960 qui

960 1979 991 1998 se
1007 1969 1042 1997 ad
1054 1970 1158 1998 Christi
1172 1970 1252 1998 tidem
1264 1978 1280 1998 e
1292 1969 1436 1998 Judaismo
1449 1970 1747 2003 transtulerant,.accu-

960 2017 1100 2044 ratissime
1124 2016 1311 2043 declararunt.
1336 2015 1393 2043 lmo
1407 2019 1435 2042 et
1460 2016 1643 2050 apostolorum
1666 2015 1750 2042 Actus

961 2061 990 2088 in
1021 2061 1186 2088 Hebraicum
1221 2068 1375 2088 sermonem
1415 2060 1526 2095 perinde
1561 2067 1709 2087 conversos
1735 2067 1748 2087 ρ

118 2106 213 2134 ϐηθεο
235 2107 331 2135 iisdem
355 2108 383 2134 in
408 2107 546 2136 thesauris
566 2108 660 2136 haberi
680 2108 827 2136 multorum
851 2115 976 2136 sermone
992 2107 1148 2142 percrebuit
1171 2107 1241 2142 :qui
1267 2107 1346 2135 nobis
1379 2106 1431 2134 ista
1458 2106 1607 2134 narrabant
1631 2105 1749 2133 indidem

119 2153 283 2180 Christiana;
302 2154 498 2188 amplectenth
521 2154 582 2182 ﬁdei
603 2154 777 2182 occasionem
796 2159 971 2189 acceperunt.

154 2200 191 2225 Δ’.
208 2197 263 2226 Ἦν
281 2199 309 2226 δέ
326 2208 369 2232 τις
381 2201 471 2227 αὐτῶν
488 2200 629 2236 Ἰώσηπος,
640 2201 712 2236 οὺχὸ
724 2202 907 2236 συγγραφεὺς,

1003 2199 1048 2227 ιν.
1070 2199 1135 2227 Fuit
1157 2207 1190 2226 ex
1216 2199 1327 2226 illorum
1348 2205 1461 2226 numero
1484 2198 1619 2233 Iosephus
1639 2199 1748 2233 quidam

119 2245 167 2271 καὶ
190 2246 406 2282 ιστοριογράφος,
421 2248 468 2273 καὶ
482 2247 595 2279 παλαιὸς
615 2248 729 2279 ἐκεῖνος,
750 2247 807 2274 ἀλλ’
821 2248 836 2274 ὁ
854 2247 908 2274 ἀπὸ

119 2291 286 2326 Τιϐεριάδος,
298 2293 313 2318 ὁ
327 2293 356 2319 ὲν
371 2293 474 2329 χρόνοις
484 2293 530 2319 τοῦ
541 2293 693 2329 μακαρίτου
704 2294 907 2320 Κωνσταντίνου

118 2335 165 2362 τοῦ
180 2336 397 2370 βασιλεύσαντος,
413 2337 459 2364 τοῦ
471 2338 599 2374 γέροντος
611 2346 617 2352 ·
631 2338 660 2370 ὃς
684 2339 731 2365 καὶ
746 2340 812 2375 παρ’
823 2339 906 2365 αὐτοῦ

117 2381 166 2408 τοῦ
184 2381 316 2417 βασιλέως
340 2382 494 2418 ἀξιώματος
518 2385 645 2419 κομήτων
664 2384 754 2420 ἔτυχε,
772 2385 818 2411 καὶ
830 2384 907 2417 ἐξου-

119 2427 180 2454 σίαν
194 2427 303 2462 εἴληφεν
321 2429 349 2455 ὲν
365 2430 398 2464 τῇ
417 2429 484 2465 αὐτῇ
499 2429 636 2465 Τιϐεριάδι
661 2431 823 2466 Ἐκκλησίαν
839 2431 907 2466 Χρι-

119 2472 175 2507 στῷ
202 2472 319 2508 ἱδρῦσαι,
344 2475 392 2501 καὶ
407 2475 436 2501 ὲν
460 2476 662 2512 Διοκαισαρείᾳ,
683 2477 731 2503 καὶ
747 2478 776 2503 ὲν
793 2478 906 2512 Καπερ-

118 2518 216 2552 ναοὺμ,
234 2518 280 2544 καὶ
295 2520 355 2550 ταῖς
371 2519 481 2552 ἄλλαις·
501 2520 530 2552 ὃς
544 2521 591 2548 καὶ
607 2522 692 2548 πολλὰ
712 2522 846 2549 πέπονθεν
861 2523 906 2549 ὑπ’

118 2562 208 2589 αὐτῶν
229 2563 282 2589 τῶν
314 2564 458 2597 Ἰουδαίων,
486 2566 551 2602 πρὶν
572 2566 588 2601 ἢ
605 2566 644 2602 τῷ
658 2567 766 2594 Βασιλεῖ
791 2569 906 2604 ἐμφανι-

118 2608 226 2643 σθῆναι.
256 2606 340 2641 Οὗτος
366 2610 420 2646 γὰρ
445 2612 460 2637 ὁ
487 2611 617 2647 Ἰώσηπος
639 2614 694 2640 τῶν
722 2615 787 2649 παρ’
817 2614 907 2646 αὐτοῖς

118 2653 312 2690 ἀξιωματικῶν
340 2657 444 2692 ἀνδρῶν
473 2658 629 2694 ἐναρίθμιος
645 2657 689 2695 ἦν.
710 2660 771 2686 Εἰσὶ
789 2660 817 2687 δὲ
834 2657 906 2688 οὗτοι

119 2699 188 2734 μετά
212 2699 258 2726 τὸν
283 2702 456 2737 πατριάρχην
482 2702 537 2737 (14)
560 2703 704 2730 ἀπόστολοι
727 2704 904 2739 καλούμενον

154 2766 162 2781 ¹
182 2765 212 2792 F.
226 2767 392 2802 Σαμψηνοῖς.

154 2819 209 2860 (ῌ)
230 2821 297 2860 Elui
319 2821 354 2848 δὲ
373 2820 456 2850 οὗτοι
474 2823 550 2858 μετὰ
562 2823 614 2860 τὸν
625 2823 818 2859 πατριάρχην.
839 2825 905 2852 Tam

119 2856 359 2891 patriarcharum,
386 2856 481 2894 quam'
495 2856 689 2894 apostolorum
705 2856 850 2895 dignitates
874 2868 906 2889 ac

958 2254 1013 2274 non
1028 2246 1152 2274 historia),
1166 2245 1212 2273 ille
1231 2245 1348 2279 scriptor
1367 2244 1448 2279 128
1471 2239 1613 2278 antiquus.
1636 2245 1684 2272 sed
1704 2245 1747 2271 Τί-

958 2293 1131 2321 heriadensis
1148 2292 1227 2323 alter,
1245 2292 1291 2326 qui
1314 2291 1399 2318 beatae
1422 2291 1563 2318 memoria:
1576 2291 1749 2318 Constantini

959 2339 1075 2367 senioris
1091 2338 1264 2374 imperatoris
1285 2341 1366 2365 astate
1385 2336 1454 2364 vixit
1470 2345 1476 2364 :
1494 2343 1509 2363 a
1528 2343 1584 2371 quo
1599 2336 1682 2363 etiam
1697 2336 1742 2363 Co.

958 2385 1080 2412 mitivam
1096 2385 1211 2419 accepit,
1228 2392 1290 2411 cum
1305 2392 1336 2411 ea
1356 2387 1502 2418 potestate,
1516 2386 1547 2410 ut
1564 2390 1626 2410 cum
1643 2384 1669 2410 in
1684 2383 1747 2411 urbc

958 2430 1187 2466 ipsaTtberiadis.
1201 2435 1259 2458 tum
1281 2429 1469 2459 Dioczesarete,
1482 2429 1688 2463 Capharnautui
1717 2437 1749 2457 ac

957 2477 1056 2504 vicinis
1080 2476 1143 2503 aliis
1169 2476 1196 2503 in
1213 2476 1321 2511 oppidis
1343 2475 1482 2502 Ecclesias
1499 2474 1526 2501 in
1544 2474 1647 2502 Christi
1664 2475 1750 2502 hono-

957 2530 1014 2549 rem
1028 2525 1191 2549 exstrueret.
1210 2522 1262 2554 Qui
1278 2521 1388 2557 quidem
1403 2520 1562 2556 priusquam
1579 2521 1611 2548 ad
1628 2521 1748 2556 impera-

958 2568 1027 2595 toris
1046 2567 1173 2594 notitiam
1198 2566 1378 2602 pervenisset,
1402 2566 1605 2601 quamplurima
1629 2567 1662 2593 ab
1682 2567 1750 2601 ipsis

957 2610 1059 2638 Judaais
1071 2616 1113 2639 est
1127 2619 1237 2646 passus.
1260 2611 1366 2638 Etenim
1382 2611 1426 2638 hic
1442 2611 1500 2646 ipse
1517 2610 1653 2646 Iosephus
1666 2620 1697 2638 ex
1715 2612 1748 2638 il-

957 2657 1046 2685 lorum
1059 2661 1119 2685 erat
1134 2657 1240 2690 ordine,
1258 2658 1304 2693 qui
1323 2659 1394 2693 apud
1410 2657 1518 2684 Judzeos
1536 2658 1686 2692 principem
1711 2659 1748 2684 lo-

957 2710 1019 2730 cum
1039 2703 1183 2738 dignitatis
1203 2703 1328 2730 obtinent
1343 2712 1349 2730 :
1364 2710 1433 2738 quos
1457 2702 1568 2738 quidem
1595 2702 1744 2729 secundum

957 2826 1088 2853 vocabula
1105 2826 1175 2862 apud
1197 2825 1306 2854 Judteos
1320 2827 1428 2854 nonnisi
1445 2830 1506 2860 post
1518 2826 1594 2862 urbis
1606 2825 1742 2862 excidium

958 2866 1087 2896 usurpata
1111 2859 1246 2890 videntur.
1266 2862 1302 2890 De
1319 2859 1483 2897 patriarchis
1506 2862 1532 2889 in
1557 2859 1661 2888 Themi.
1679 2864 1742 2896 cod.
