1961 3046
214 133 267 163 ιιι

901 135 931 163 S.
951 133 1121 162 EPIPIIANH

1786 134 1842 161 “‘3

214 191 399 227 patriarcham
427 192 566 228 apostolos
589 193 742 220 nominaut.
765 193 894 221 Assident
909 194 936 220 hi
955 201 998 229 pa-

1055 192 1264 228 προσεδρεὺουσι
1283 192 1312 219 δὲ
1327 192 1365 227 τῷ
1384 193 1548 228 πατριάρχῃ,
1558 191 1606 219 καὶ
1626 191 1674 218 σὺν
1685 191 1759 227 αὺτῷ
1771 191 1841 218 πολ-

215 236 344 266 ιιὶῖιιε1ιοε
365 243 392 266 et
422 245 484 265 cum
501 246 533 266 eo
550 239 649 273 saepius
666 239 713 266 diu
737 243 873 274 noctuque
890 247 1003 267 versan-

215 288 262 310 tur
278 292 285 310 :
302 283 376 318 quod
394 283 483 311 eidem
508 291 523 310 a
543 284 666 312 consiliis
688 284 753 316 sint,
778 291 811 311 ac
833 285 866 311 de
882 285 916 311 iis
934 284 1004 312 refe-

216 333 288 361 rant,
304 336 364 364 quae
386 329 419 356 ad
445 329 529 364 legem
554 329 690 364 pertinere
714 329 848 356 videntur.
864 329 929 356 Erat
945 333 1002 356 tum

218 375 381 410 patriarclue
406 382 505 402 nomen
523 374 600 402 Ellel.
621 375 671 410 (lta
701 376 774 403 enim
800 379 827 402 et
847 383 862 403 a
885 374 1003 409 Josepho

215 421 353 447 nominari
378 421 489 447 solitum
510 420 638 453 arbitror,
664 420 718 448 nisi
742 428 785 448 me
809 421 845 448 ob
870 421 1002 456 temporis

217 467 442 502 longinqditatem
467 466 535 494 fallit
549 467 703 502 memoria.)
724 467 748 494 ls
764 474 780 494 θ
798 469 883 502 stlrpe
902 466 1002 494 Gama-

217 512 288 540 lielis
308 512 441 547 originem
467 517 595 545 traxerat,
619 512 666 547 qui
690 512 907 547 patriarchalum
931 512 1003 548 apud

215 557 278 584 illos
293 557 389 584 tenuit.
408 556 494 589 Quem
518 558 600 584 eliam
626 557 760 591 suspicari
785 557 883 584 merito
905 565 1003 592 possu-

215 611 289 634 mus,
308 607 337 629 ut
359 610 374 629 a
399 602 536 637 plerisque
550 602 686 637 proditum
711 606 763 634 est,
786 610 802 630 e
825 603 904 638 primi
930 603 1003 631 illius

216 645 374 674 Gamalielis
389 655 489 682 genere
501 654 564 674 esse
581 651 754 681 prognatum,
770 647 817 681 qui
833 647 886 674 sub
897 647 1002 674 Christi

216 694 323 721 Domini
340 694 494 728 passionem
509 697 605 720 auctor
616 693 676 727 ejus
691 693 798 720 consilii
819 692 921 721 Judais
939 693 1001 725 fuit,

215 742 275 765 uta
293 738 489 774 persequendis
513 739 646 773 apostolis
674 739 852 767 abstinerent.
883 739 1002 767 Moriens

215 783 282 812 Ellel
298 785 416 812 vicinum
441 785 600 820 episcopum
619 784 806 813 Tiberiensem
828 786 953 818 arcessit,
968 786 1002 813 ab

215 839 302 866 coque
316 832 419 859 lotione
433 839 511 859 sacra
529 831 581 858 sub
596 831 657 858 vita:
671 831 774 859 exitum
790 839 838 867 per
860 832 1003 860 medicina:

1053 239 1131 270 λάκις
1149 239 1196 265 καὶ
1213 239 1242 265 ἐν
1260 239 1337 266 νυκτὶ
1357 238 1405 265 καὶ
1421 239 1449 265 ἐν
1463 239 1557 274 ἡμέρᾳ
1574 238 1694 273 συνεχῶς
1704 238 1839 272 διάγουσι,

1053 283 1097 310 διὰ
1123 283 1154 309 τὸ
1171 283 1366 319 συμϐουλεύειν
1392 283 1438 309 καὶ
1455 284 1601 319 ἀναφέρειν
1622 283 1696 318 αὑτῷ
1711 283 1745 310 τὰ
1766 284 1840 310 κατὰ

1051 328 1097 354 τὸν
1126 328 1216 363 νόμον.
1241 329 1270 355 Ὀ
1292 328 1320 355 δὲ
1350 328 1523 364 πατριάρχης
1546 329 1605 355 κατ’
1631 329 1719 355 ὲκείνο
1740 329 1838 364 καιροῦ

1062 372 1157 407 Ἐλλὴλ
1167 373 1284 409 τοῠνομα
1298 371 1332 409 ἦν
1347 373 1466 409 (νομίζω
1482 373 1546 409 γὰρ,
1558 373 1598 400 ὅτι
1613 373 1697 406 οὕτως
1706 374 1736 400 τὸ
1751 374 1839 408 ὗνομα

1052 418 1133 445 αὐτοῦ
1151 418 1281 454 Ἰώσηπος
1295 419 1397 453 ἔλεγεν,
1414 420 1438 445 εἰ
1452 419 1490 454 μὴ
1506 419 1560 446 ἀπὸ
1576 419 1624 445 τοῦ
1637 419 1732 455 χρόνου
1752 420 1839 454 σφάλ-

1051 464 1154 499 λομαι).
1185 465 1231 491 Ἐκ
1243 465 1336 499 γένους
1346 464 1374 491 δὲ
1389 464 1529 500 Γαμαλιὴλ
1542 465 1685 500 ἐτύγχανε,
1701 465 1748 491 τοῦ
1768 466 1835 500 παρ’

1052 510 1142 541 αὐτοῖς
1157 509 1301 545 γενομένου
1319 509 1497 545 πατριάρχου.
1514 510 1591 536 Ἔστι
1612 510 1639 536 δὲ
1652 509 1836 545 διανοηθῆναι,

1052 555 1090 586 ὡς
1109 555 1156 582 καὶ
1178 554 1252 581 ἄλλοι
1279 554 1366 587 οὕτως
1390 555 1531 588 ὑπέθεντο,
1555 555 1649 583 τοῦτον
1672 553 1741 583 εἶναι
1758 556 1839 590 γένος

1052 600 1154 627 ἐκείνου
1167 601 1215 627 τοῦ
1231 601 1338 637 πρώτου
1358 601 1412 637 (15)
1429 602 1449 627 Γ
1451 601 1578 637 αμαλιὴλ,
1593 601 1641 628 τοῦ
1657 602 1705 627 ἐπὶ
1718 601 1765 628 τοῦ
1781 602 1838 628 Sw-

1051 647 1133 682 τῆρος
1151 646 1198 673 τοῦ
1223 646 1293 673 κατὰ
1316 647 1384 673 Θεὸν
1405 646 1654 682 συμϐουλεύσαντος
1670 647 1838 682 ἀποσχέσθαι

1051 694 1100 728 τῆς
1117 693 1187 719 κατὰ
1211 692 1266 719 τῶν
1284 692 1439 719 ἀποστόλων
1461 693 1615 728 ἐπιϐουλῆς.
1638 693 1837 720 Τελευτῶνδὲο

1059 737 1152 773 Ἑλλὴλ
1180 738 1279 772 ἠξίωσε
1303 738 1349 765 τὸν
1375 739 1434 765 κατ’
1457 739 1544 765 ἐκεῖνο
1566 738 1662 775 καιροῦ
1688 739 1837 766 ἐπίσκοπον

1052 783 1238 819 πλησιόχωρον
1248 784 1298 819 τῆς
1311 784 1443 819 Τιὸεριων
1452 784 1526 816 ὄντα,
1542 784 1589 811 καὶ
1606 785 1754 820 ἐκομίσατο
1770 785 1837 820 παρ’

1051 828 1134 855 αὑτοῦ
1153 829 1183 855 τὸ
1195 829 1271 863 ἅγιον
1284 829 1395 864 λουτρὸν
1409 829 1456 856 ἐπὶ
1468 830 1501 865 τῇ
1517 829 1599 865 ἐξόδῳ
1613 830 1657 856 διὰ
1674 829 1838 866 προφάσεως

214 877 335 912 speciem
351 877 486 912 expiatur.
511 877 580 905 Cum
597 878 669 905 enim
684 878 842 913 episcopum
859 886 908 913 per
925 877 998 906 lose-

1052 875 1101 910 τῆς
1113 876 1236 912 ἰατρικῆς
1249 875 1414 907 ὑποθέσεως.
1427 875 1677 912 Μεταστειλάμενος
1688 876 1741 910 γὰρ
1755 876 1837 902 αὐτὸν

215 923 299 957 phum
330 924 405 951 velut
431 924 566 951 medicum
589 929 742 956 evecasset,
759 924 893 953 facessere
915 925 1001 959 jussis

213 969 361 1002 omnibus,
394 970 507 1005 supplex
533 970 608 997 illum
640 971 795 1004 interpellat
813 971 857 998 his
886 972 998 1000 verbis:

214 1014 312 1047 Quwso
333 1020 370 1048 te,
388 1016 486 1051 inquit,
512 1016 577 1044 mihi
594 1021 624 1044 ut
640 1017 742 1045 Christi
769 1018 877 1053 signum
903 1018 1002 1053 imper-

213 1061 276 1089 tias.
299 1060 367 1088 Tum
393 1062 491 1090 accitis
516 1063 649 1091 ministris
670 1071 768 1099 aquam
793 1064 890 1092 inferri
912 1065 1000 1100 jubet.

213 1111 344 1140 tanquam
358 1107 501 1141 (egrotanti
525 1108 687 1143 patriarchae
708 1109 796 1136 morbi
813 1109 949 1144 quoddam
967 1117 1001 1136 ex

213 1160 284 1186 aqua
311 1153 459 1180 remedium
486 1161 584 1188 parare
607 1154 696 1182 vellet.
727 1154 766 1181 Illi
792 1155 858 1190 quid
882 1159 1002 1183 strueret

213 1197 313 1231 ignari,
332 1197 466 1231 imperata
491 1199 602 1226 faciunt.
617 1198 681 1226 Inde
698 1199 889 1226 verecundiam
914 1200 1001 1227 simu—

213 1242 330 1275 lans,et
356 1243 500 1271 universos
526 1244 602 1272 abire
613 1245 713 1279 jubens
734 1246 892 1280 patriarcha
921 1253 1001 1273 sacro

213 1290 376 1325 baptismate
393 1297 426 1316 ac
441 1289 542 1318 divinis
557 1291 696 1326 mysteriis
713 1291 836 1319 initiatus
851 1295 903 1320 est.

249 1417 280 1445 ν.
301 1418 366 1445 Mihi
381 1426 446 1446 vero
459 1419 527 1451 haec,
543 1419 582 1446 uti
597 1419 666 1453 dixi,
682 1420 775 1448 omnia
789 1420 926 1456 Juscphus
943 1422 1001 1458 ipse

210 1464 350 1492 narrabat.
382 1463 457 1497 Hatc.
484 1465 608 1500 inquam,
634 1474 687 1494 non
718 1467 829 1495 aliunde
854 1475 937 1502 quam
966 1476 1001 1496 ex

210 1510 328 1546 ipsomet
343 1510 416 1539 illius
428 1518 476 1539 ore
493 1512 588 1544 didici,
602 1519 664 1539 cum
684 1513 780 1540 affecta
796 1513 853 1548 jam
867 1519 946 1542 aetate
961 1514 1000 1542 fo-

211 1559 264 1587 ret,
287 1563 319 1583 ac
336 1564 388 1583 Lxx
414 1557 475 1591 plus
501 1557 591 1584 minus
613 1565 714 1585 annum
735 1563 836 1594 ageret.
860 1559 903 1586 Ad
925 1559 999 1586 hunc

211 1601 369 1637 Scythopoli
378 1602 613 1638 diverteram,quo
623 1611 653 1631 se
661 1603 804 1632 Tiberiade
818 1605 862 1632 ille
874 1605 1000 1632 contule-

211 1652 265 1681 rat,
276 1648 366 1683 ibique
374 1649 516 1684 splendida
531 1649 654 1684 quaedam
669 1650 782 1678 aedilicia
793 1651 844 1678 sibi
854 1659 999 1687 compara-

210 1698 298 1721 verat.
322 1693 392 1721 Tum
410 1695 482 1721 enim
509 1695 590 1730 129
610 1695 744 1724 Eusebius
769 1696 950 1726 Vercellensis
970 1698 1000 1726 in

212 1739 286 1767 italia
302 1742 456 1775 episcopus,
469 1748 485 1768 a
503 1741 665 1769 Constantio
681 1742 716 1770 ob
732 1742 793 1770 fidei
816 1744 998 1779 integritatem

209 1787 336 1813 exsulare
345 1785 489 1820 jussus,ab
506 1787 678 1822 illohospitio
695 1792 754 1815 erat
766 1790 999 1825 exceptus.Cujus

212 1832 348 1860 invisendi
375 1834 462 1867 gratia
489 1841 553 1861 cum
572 1841 622 1869 ego
643 1838 670 1862 et
696 1834 794 1863 fratres
814 1836 924 1870 quidam
952 1837 998 1863 alii

213 1879 393 1910 venissemus,
424 1879 520 1907 iisdem
548 1889 598 1908 nos
624 1881 729 1909 aedibus
754 1883 856 1916 recepti
886 1883 997 1911 fuimus.

212 1923 265 1951 Ubi
292 1932 356 1952 cum
379 1924 499 1959 Josepho
522 1926 693 1954 familiariter
719 1929 829 1959 versati,
856 1929 943 1963 deque
965 1936 999 1957 eo

210 1969 344 1997 sciscitati
361 1971 427 2006 quid
439 1971 492 2006 ipsi
521 1973 631 1999 demum
655 1973 812 2006 accidisset,
839 1975 913 2009 quod
935 1983 998 2002 eum

209 2015 284 2050 apud
310 2015 419 2044 Iudaeos
449 2017 583 2044 illustrem
612 2017 698 2046 fuisse
734 2019 884 2052 sciremus,
918 2022 999 2056 quive

211 2065 295 2096 gestae
309 2063 349 2090 rei
361 2067 434 2090 esset
446 2063 524 2096 ordo,
547 2071 579 2091 ac
605 2065 833 2099 quemadmodum
858 2067 892 2094 ad
917 2067 997 2095 Chri-

209 2107 316 2137 stianos
341 2110 503 2142 transisset,
527 2111 585 2138 ha‘c
610 2111 645 2138 ab
670 2111 717 2140 illo
741 2113 832 2140 omnia
857 2114 998 2143 auditione

249 2184 257 2200 '
271 2184 334 2212 For.
353 2185 515 2214 Βεοκέλλαρ.

207 2253 331 2304 {iure
354 2254 603 2304 Iii;.§:i’iq‘f.‘i’.‘§.
623 2257 993 2304 senescis-faelem
1009 2266 1032 2294 υ
1046 2266 1152 2304 rupes.
1170 2261 1327 2304 Hieronymi
1352 2263 1515 2304 auctoritate
1542 2262 1698 2304 φηςιηηλτί

211 2290 327 2325 apostoli
354 2291 515 2325 patriarchae
532 2292 605 2319 velut
627 2299 783 2320 assessores
803 2301 837 2320 ex
853 2290 992 2321 communi

211 2329 238 2363 et
254 2324 443 2363 usitala’voeis
454 2326 564 2353 notione
575 2327 642 2363 dicti
659 2332 734 2360 sunt,
748 2328 820 2363 quod
836 2328 994 2363 ad'exigen-

211 2359 460 2403 dasyalsmagogis
486 2362 614 2403 pecunias
638 2359 741 2403 ab_ill_o
757 2359 946 2403 'piitteren‘tur',
965 2369 995 2391 ut

211 2401 245 2420 ex
258 2393 355 2431 θοὰ-Ἰ]
358 2393 438 2431 1ιιὲοι1ῖ
453 2393 526 2430 patet
537 2396 583 2423 lib.
601 2405 656 2427 χιιι,
669 2398 703 2425 de
718 2398 829 2425 Judaais.
845 2399 895 2431 Qui
917 2393 994 2426 locus

211 2428 284 2468 quod
301 2428 525 2468 ad__Epip_hahium
539 2432 730 2468 illustrandum
746 2428 870 2468 inprimis
878 2435 994 2465 confert,

213 2464 257 2504 hic
271 2464 451 2504 ascribendus
464 2470 505 2494 est
519 2475 527 2504 ς
542 2467 750 2504 superstitionis,
769 2464 866 2504 inquit,
880 2469 994 2504 indigna:

210 2503 261 2529 est,
279 2503 307 2539 ut
329 2501 538 2539 are/iisynagogi,
556 2502 608 2529 sive
620 2502 764 2539 presbyteri
776 2501 947 2539 Iudaeorum;
956 2504 994 2531 re!

211 2542 274 2566 quos
288 2536 339 2567 ipsi
352 2536 485 2568 apostolos
511 2542 611 2568 vocant,
625 2539 669 2572 qui
684 2536 717 2564 ad
731 2539 883 2573 exigendum
899 2536 995 2566 aurum

211 2573 289 2603 atque
303 2574 439 2609 argentum
455 2579 474 2609 tt
492 2572 643 2609 patriarrha
664 2578 732 2600 certo
746 2572 859 2608 teinpore
875 2575 995 2609 dirigun-

211 2609 265 2635 tur,
282 2604 431 2645 arsingullia
455 2605 599 2645 Syrtagogis
622 2613 743 2645 exactam
765 2604 893 2636 suntmam
919 2604 996 2645 atque

210 2644 357 2676 susceptam
378 2640 549 2676 adeumdem
562 2640 713 2676 'reporteut.
726 2644 785 2676 Qua
811 2645 843 2671 de
868 2653 895 2671 re
919 2640 995 2672 on'me

210 2674 338 2714 quidquid
349 2675 516 2714 considerata
528 2674 650 2714 temporis
662 2674 762 2706 ratione
771 2679 926 2714 conﬁdimus
938 2689 994 2707 esse

210 2709 358 2748 coiturum,
379 2710 498 2748 ﬁdeliter
512 2712 546 2748 ad
570 2709 687 2739 nostrum
710 2709 840 2748 dirigatur
857 2716 994 2743 wrarittm.

212 2744 249 2770 De
262 2749 356 2781 emero
368 2751 455 2772 autem
472 2747 537 2773 nihil
548 2748 674 2781 prwdicto
685 2744 847 2776 decernimus
863 2758 919 2777 esse
934 2751 994 2777 mit-

212 2780 327 2820 tendum.
346 2780 382 2808 De
395 2781 489 2820 iisdem
502 2780 753 2820 patriarchisquod
773 2785 939 2820 Epiphanius
951 2786 994 2812 in-

211 2813 294 2856 dicat,
312 2823 366 2856 non
390 2813 510 2850 delectu,"
523 2817 569 2856 sed
585 2813 698 2856 generis.
711 2813 992 2856 succc'ss'iouerdigni-

210 2851 293 2877 tatem
314 2852 438 2887 adeptos,
455 2860 485 2880 ac
506 2851 665 2889 plerumque
680 2853 744 2882 luxu
763 2862 795 2882 ac
811 2855 916 2884 deliciis
930 2851 990 2884 Eor-

1012 1542 1036 1573 ϐ

1051 919 1095 946 διὰ
1110 919 1156 946 τοῦ
1168 920 1365 956 προειρημένου
1388 921 1532 956 Ἰωσήπου,
1547 921 1585 952 ὡς
1604 922 1696 957 ἰατρὸν
1709 922 1838 955 δντα,καὶ

1052 966 1166 1001 ποιήσας
1194 967 1299 998 πάντας
1327 966 1379 998 ἔξω
1407 967 1554 1000 γενέσθαι,
1584 967 1754 1002 παρεκάλεσε
1791 967 1838 994 τὸν

1052 1013 1209 1045 ἐπίσκοπον,
1240 1012 1346 1046 λέγων·
1371 1012 1498 1048 Δώρησαι
1524 1021 1568 1048 μοι
1597 1013 1645 1049 τὴν
1671 1015 1699 1040 ἐν
1727 1013 1837 1049 Χριστῷ

1052 1058 1195 1092 σφραγῖδα.
1213 1058 1242 1085 '0
1255 1058 1293 1090 δὲ,
1311 1058 1566 1094 μετακαλεσάμενος
1574 1060 1638 1091 τοὺς
1650 1059 1837 1095 ὲξυπηρετου-

1053 1103 1159 1138 μένους,
1175 1103 1339 1139 προσέταξεν
1349 1104 1421 1140 ὕδωρ
1430 1105 1636 1140 ἐτοιμασθῆναι,
1650 1105 1686 1137 ὡς
1693 1106 1742 1141 τῆς
1757 1105 1837 1131 νόσου

1051 1149 1133 1175 ἕνεκα
1158 1149 1284 1185 βοήθημά
1310 1159 1337 1176 τι
1363 1150 1528 1186 προσφέρειν
1549 1151 1653 1186 μέλλων
1676 1151 1710 1178 δι’
1734 1151 1837 1178 ὑδάτων

1052 1193 1172 1220 νοσοῦντι
1189 1194 1294 1229 βαρέως
1325 1194 1363 1230 τῷ
1379 1196 1545 1232 πατριάρχῃ.
1564 1197 1594 1222 0t
1610 1196 1639 1222 δὲ
1657 1195 1787 1231 ἐποίησαν
1803 1196 1837 1222 τὰ

1052 1239 1263 1274 ἐπιτεταγμένα.
1282 1240 1319 1266 Οὐ
1334 1240 1388 1276 γὰρ
1402 1240 1579 1274 ἐγνώκεισαν.
1606 1242 1701 1273 Αἰδοῦς
1713 1242 1741 1268 δὲ
1757 1243 1837 1277 χάριν

1052 1285 1300 1319 προφασισάμενος,
1325 1287 1388 1317 τοὺς
1414 1286 1517 1317 πάντας
1550 1285 1601 1319 ἔξω
1625 1288 1740 1322 ποιήσας
1755 1288 1769 1314 ὁ
1784 1297 1837 1314 πα-

1051 1330 1184 1366 τριάρχης
1206 1330 1254 1357 τοῦ
1276 1331 1388 1367 λουτροῦ
1407 1331 1581 1364 καταξιοῦται
1610 1333 1657 1360 καὶ
1680 1334 1838 1369 μυστηρίων

1052 1375 1148 1408 ἁγίων.

1087 1421 1124 1447 Ε’.
1143 1421 1171 1448 '0
1185 1421 1214 1448 δὲ
1235 1420 1364 1457 Ἰώσηπος
1389 1423 1450 1458 ἐμοὶ
1469 1423 1543 1458 αὐτῷ
1557 1423 1692 1459 διηλέχϐη.
1715 1423 1761 1450 Ἐκ
1777 1423 1838 1450 ο·τό-

1052 1474 1136 1501 ματος
1149 1466 1204 1502 γὰρ
1224 1466 1306 1493 αὑτοῦ
1330 1467 1436 1503 ἀκήκοα
1450 1469 1539 1495 πάντα
1551 1468 1647 1501 ταῦτα,
1659 1469 1706 1495 καὶ
1719 1469 1768 1495 οὐκ
1782 1469 1837 1496 ἀπὸ

1051 1511 1131 1538 ἄλλου
1147 1512 1229 1545 τινὸς,
1245 1513 1275 1539 ὲν
1289 1515 1320 1549 τῇ
1336 1514 1458 1550 γηραλέα
1481 1515 1561 1542 αὑτοῦ
1586 1514 1688 1550 ἡλικίᾳ,
1711 1515 1749 1546 ὡς
1773 1515 1837 1549 περί

1050 1567 1102 1585 που
1112 1558 1180 1584 ἐτῶν
1192 1558 1376 1594 ἐϐδομήκοντα
1390 1560 1532 1594 γεγονότος
1544 1560 1636 1592 αὐτοῦ,
1652 1560 1668 1595 ἢ
1685 1561 1732 1587 καὶ
1743 1560 1836 1587 πλειό-

1049 1613 1112 1631 νων.
1132 1605 1199 1640 Παρ¹
1221 1605 1294 1640 αὑτῷ
1306 1605 1359 1641 γὰρ
1372 1606 1511 1641 κατήχθην
1522 1606 1550 1632 ὲν
1562 1606 1739 1633 Σκυθοπόλει·
1756 1615 1836 1642 μετα-

1051 1649 1117 1681 στὰς
1128 1650 1182 1685 γάρ
1196 1650 1245 1685 τῆς
1261 1650 1430 1686 Τιϐεριάδος,
1445 1651 1546 1683 κτίσεις
1557 1652 1615 1678 ἐκεῖ
1627 1653 1655 1678 ἐν
1671 1652 1836 1679 Σκυθοπόλει

1049 1695 1188 1730 διαφανεῖς
1205 1696 1349 1732 ἐκτήσατο.
1372 1697 1416 1723 Ἐν
1437 1698 1491 1732 γὰρ
1509 1699 1542 1732 τῇ
1559 1697 1633 1732 οἰκία
1648 1698 1730 1724 αὑτοῦ
1747 1707 1835 1734 μακα-

1050 1740 1127 1776 ρίτης
1145 1741 1273 1773 Εὑσέϐιος
1294 1743 1308 1768 ὁ
1332 1743 1380 1777 τῆς
1398 1743 1513 1773 Ἰταλίας
1539 1743 1685 1776 ἐπίσκοπος
1705 1744 1835 1779 Βριγγέλ-

1049 1788 1097 1819 λας
1113 1788 1120 1803 ¹
1137 1788 1192 1823 (16)
1210 1788 1324 1820 πόλεως,
1338 1788 1485 1824 ἐξορισθεὶς
1500 1789 1552 1815 ὑπὸ
1570 1790 1772 1823 Κωνσταντίου,
1792 1790 1835 1817 διὰ

1048 1833 1098 1868 τὴν
1129 1833 1220 1860 πίστιν
1246 1833 1296 1868 τῆς
1317 1833 1471 1869 ὀρθοδοξίας
1493 1834 1632 1867 ἐξενίζετο.
1652 1834 1707 1862 Καὶ
1725 1835 1772 1862 ἐπὶ
1787 1836 1835 1871 τὴν

1049 1879 1192 1914 ἐπίσκεψιν
1203 1880 1297 1906 τούτου
1316 1879 1370 1914 ἐγώ
1393 1889 1422 1906 τε
1437 1881 1484 1907 καὶ
1497 1882 1522 1907 οἱ
1539 1881 1612 1908 ἄλλοι
1624 1881 1732 1916 ἀδελφοὶ
1746 1882 1836 1908 ἐκεῖσε

1048 1925 1198 1960 γενόμενοι,
1212 1926 1259 1952 καὶ
1273 1926 1350 1952 αὐτοὶ
1370 1927 1433 1961 παρ’
1449 1927 1523 1962 αὺτῷ
1541 1927 1724 1963 κατήχθημεν.
1740 1928 1830 1954 Συντυ

1049 1970 1142 2005 χόντες
1152 1970 1180 1996 δὲ
1194 1970 1233 2006 τῷ
1253 1970 1375 2006 Ἰωσήπῳ
1396 1972 1442 1997 ἐπὶ
1461 1971 1512 2006 τῆς
1535 1972 1617 1999 αὑτοῦ
1631 1973 1730 2005 οἰκίας,
1745 1973 1791 1999 κα1¹
1802 1973 1835 2000 τὰ

1049 2016 1108 2042 κατ’
1123 2016 1203 2043 αὑτὸν
1219 2017 1384 2052 ἐρωτῶντες,
1396 2017 1443 2044 καὶ
1454 2018 1572 2052 γνόντες,
1588 2018 1628 2044 ὅτι
1641 2018 1694 2044 τῶν
1706 2019 1835 2053 ἐμφανῶν

1049 2061 1154 2096 ὑπῆρχε
1169 2061 1244 2097 παρὰ
1275 2062 1423 2094 Ἰουδαίοις.
1450 2063 1624 2096 ἀνετάζοντες
1646 2064 1692 2090 καὶ
1705 2063 1754 2099 τὴν
1773 2065 1835 2091 κατ’

1048 2107 1129 2135 αὐτὸν
1143 2107 1280 2142 ὑπόθεσιν,
1297 2108 1344 2135 καὶ
1356 2107 1416 2140 πῶς
1428 2108 1474 2136 τὸν
1487 2110 1528 2141 εἰς
1540 2109 1753 2145 Χριστιανισμδν
1767 2118 1834 2145 μετ-

1766 2269 1832 2299 test,

1047 2299 1092 2332 qui
1111 2298 1138 2325 in
1158 2305 1258 2325 comm.
1283 2299 1310 2324 in
1332 2306 1390 2332 cap.
1409 2307 1437 2326 Ill
1461 2298 1517 2325 Iw.
1542 2298 1576 2324 ad
1600 2298 1657 2325 haec
1679 2298 1780 2327 verba:
1796 2301 1832 2328 Et

1046 2334 1189 2367 effeminati
1205 2333 1410 2360 dominabuntur
1430 2334 1479 2365 eis,
1495 2335 1530 2360 ita
1543 2333 1640 2361 scribit
1657 2343 1663 2361 :
1677 2334 1832 2363 Considere-

1047 2377 1104 2395 mus
1121 2368 1286 2402 patriarchas
1301 2367 1466 2399 Judreorum,
1479 2373 1503 2395 et
1516 2369 1630 2403 juvenes.
1652 2369 1704 2396 sive
1724 2378 1830 2403 pueros,

1046 2403 1259 2440 effeminatosque
1275 2411 1305 2429 ac
1319 2403 1419 2430 deliciis
1433 2404 1576 2439 afﬂuentes,
1585 2408 1610 2430 et
1623 2404 1755 2438 impletam
1767 2413 1831 2440 pro-

1047 2439 1163 2472 phetiam
1181 2446 1238 2465 esse
1252 2446 1396 2472 cernemus.

1082 2473 1138 2507 (15)
1161 2473 1271 2500 Τοῦτον
1288 2471 1363 2509 εἶναι
1387 2473 1472 2508 γένος
1488 2474 1605 2502 ἐκείνου
1625 2475 1678 2503 τοῦ
1702 2475 1827 2509 πρώτου.

1048 2507 1098 2540 Qui
1111 2508 1283 2536 Christianus
1297 2508 1356 2539 fuit,
1374 2507 1402 2535 ut
1416 2517 1448 2535 ex
1461 2509 1537 2537 Actis
1556 2507 1727 2538 lnventionis‘
1740 2511 1829 2538 sancti

1049 2542 1176 2580 Stephani
1187 2547 1303 2580 constat.
1314 2542 1372 2580 Nec
1386 2549 1458 2580 recte
1472 2544 1591 2572 Iudaica:
1600 2546 1739 2580 religionis
1751 2549 1828 2573 tena-

1047 2579 1185 2610 cissimus,
1200 2586 1232 2606 ac
1255 2578 1403 2605 Christiani
1420 2579 1537 2607 nominis
1559 2588 1622 2607 osor
1649 2578 1798 2608 acerrimus
1812 2589 1828 2608 ιι

1047 2613 1209 2647 quihusdam
1241 2613 1326 2641 fuisse
1353 2613 1487 2649 proditur,
1504 2615 1577 2649 quod
1603 2616 1638 2642 ab
1669 2623 1700 2642 eo
1729 2615 1828 2643 Saulus

1048 2653 1204 2684 utrumque,
1224 2649 1276 2675 hoc
1296 2653 1338 2676 est
1362 2648 1502 2676 Iudaicam
1513 2648 1603 2684 legem
1618 2655 1644 2677 et
1657 2651 1829 2677 Christiano-

1047 2691 1107 2710 rum
1132 2683 1224 2710 odium
1247 2683 1373 2710 didicerit
1396 2691 1481 2718 :quze
1505 2683 1661 2718 conjectura
1686 2685 1751 2712 levis
1775 2690 1827 2712 est.

1048 2718 1119 2755 Quid
1140 2719 1211 2746 enim
1234 2726 1346 2755 necesse
1365 2723 1417 2748 est.
1433 2726 1448 2745 a
1466 2723 1630 2754 przecoptore
1659 2725 1828 2755 postremum

1047 2753 1238 2790 hoehausisse
1253 2753 1377 2784 Saulum,
1397 2761 1429 2780 ac
1440 2762 1492 2780 non
1506 2753 1594 2788 potius
1609 2753 1705 2789 suapte
1719 2760 1827 2790 sponte,

1045 2793 1072 2815 et
1079 2788 1202 2825 aliorum
1219 2789 1326 2815 hortatu
1340 2790 1520 2825 exemploque
1533 2788 1706 2825 suscepisse?

1078 2821 1133 2858 (16)
1142 2824 1322 2860 Ἐπίσκοπος
1331 2821 1520 2859 nmmum.
1532 2821 1623 2853 Comi
1629 2824 1758 2859 Fregella:
1766 2831 1828 2860 per-

1043 2865 1135 2892 peram
1149 2858 1275 2886 reddidit.
