1961 3046
242 161 296 190 419

941 156 969 184 S.
991 157 1161 185 EPIPHANII

1810 157 1865 184 εει)

242 220 345 247 factum
367 222 419 250 est.
441 221 472 244 ut
486 216 544 244 haec
565 216 622 244 seni
648 216 736 247 alteri.
755 215 802 251 qui
823 223 884 243 eum
904 215 1024 250 Josopho

1080 216 1125 250 τῆς
1140 215 1342 250 προειρημένης
1356 214 1493 249 γυναικός.
1516 214 1562 240 Ἐκ
1577 213 1644 241 Θεοῦ
1666 214 1693 241 δὲ
1709 213 1864 250 βουλήσεως

241 272 312 296 erat,
328 265 354 292 in
382 265 502 291 animum
523 263 654 290 venerint.
678 262 729 294 Qui
748 269 777 288 re
803 262 912 296 cognita
933 261 1026 288 omnia

242 319 305 338 cum
323 310 440 344 Josepho
468 308 661 336 communicat.
691 308 729 334 Ac
751 307 866 341 primum
885 306 1027 334 calamita-

242 360 296 384 tem
319 363 396 384 suam
418 355 563 389 deplorans
580 353 622 380 :0
645 361 706 385 nos,
726 353 819 385 frater,
836 352 962 383 miseros,
986 352 1027 379 in-

241 402 313 436 quit.
341 408 373 427 ac
391 408 455 427 vasa
481 399 600 434 perdita!
627 399 737 426 cuinam
758 398 873 433 appositi
898 398 1027 425 custodes

245 448 359 474 sumus?
374 445 443 478 Quid
466 445 502 472 rei
527 447 600 471 esset
622 444 780 471 sciscitatus
795 443 940 478 Iosephus,
958 443 1027 470 nihil

243 498 307 520 ante
323 492 415 519 verbis
432 491 466 518 ab
489 498 522 518 eo
541 490 646 520 didicit.
662 497 744 524 quam
763 497 845 515 manu
860 489 1025 523 prehensum

243 547 325 567 senex
345 538 371 564 in
391 545 452 564 eum
475 537 563 563 locum
581 535 683 567 eduxit,
707 535 752 561 ubi
772 542 834 561 cum
853 535 1028 562 adolescente

241 585 347 614 nefaria
364 585 409 611 illa
424 591 521 610 manus
536 583 609 610 inter
628 586 799 609 mortuorum
811 581 904 613 busta,
924 580 1028 607 maleﬁ-

242 632 278 659 cii
294 639 388 663 causa,
406 632 581 656 convenerat.
601 627 671 662 Ergo
686 627 723 653 illi
739 626 805 654 foris
821 626 853 653 ad
873 626 1026 661 ingressum

241 682 347 705 stantes
365 676 466 707 omnia,
484 682 544 709 quae
568 674 603 700 ab
623 673 657 700 iis
673 674 776 705 tierent,
801 672 962 702 exaudiunt,
981 672 1028 699 iis-

242 723 358 757 demque
375 720 541 748 abeuntibus
553 727 582 746 se
598 719 765 746 subducunt.
783 717 875 753 Neque
889 718 962 745 enim
979 718 1028 745 ad-

241 768 351 796 modum
370 766 615 801 advesperascebat
629 774 636 791 :
654 764 702 791 scd
723 768 818 798 utpote
834 764 885 791 sub
898 771 1026 791 occasum
1043 794 1049 801 _

240 814 307 841 solis
327 812 408 840 dubia
426 812 486 839 luce
498 810 624 845 idiscerni
642 810 732 837 adhuc
745 810 832 837 oculis
853 810 956 845 aliquid
979 818 1028 844 po-

240 863 321 886 terat.
335 858 394 885 Mox
407 857 548 885 sceleratis
560 857 613 884 illis
633 865 648 883 a
666 857 793 892 sepulcro
806 856 949 891 digressis,
964 864 1026 883 cum

241 905 346 936 collega
366 903 502 937 Iosephus
520 902 680 937 ingreditur.
702 902 738 929 lbi
765 902 960 929 maleﬁciorum
983 903 1027 929 in-
1043 892 1064 919 Β

240 953 391 976 stramenta
418 948 556 982 reperiunt
583 947 612 974 in
635 947 747 974 humum
769 947 888 982 abjecta,
902 954 972 982 qua,
997 950 1027 973 ut

241 995 342 1027 aiebat,
359 994 479 1020 humano
491 997 555 1028 potu
567 1000 600 1020 ac
613 992 746 1027 sanguine
764 999 887 1027 aspersa,
902 993 1027 1019 inunisto

241 1041 352 1075 pulvere
374 1038 547 1066 discedentes
569 1038 750 1072 reliquerant.
772 1037 843 1064 Tum
867 1045 932 1065 vero
952 1045 1027 1065 com-

241 1090 324 1120 perta:
336 1085 443 1112 illorum
459 1083 576 1116 insidiae,
597 1083 791 1118 cognitumque
803 1082 881 1118 cujus
899 1083 956 1110 haec
967 1091 1027 1109 mu-

241 1131 315 1157 lieris
329 1137 413 1156 causa
432 1128 614 1160 molirentur;
633 1127 725 1162 itaque
739 1132 869 1162 quantum
885 1132 959 1154 artes
975 1127 1028 1154 illa}

241 1180 351 1211 possent
360 1173 565 1209 exspectabant.
576 1173 642 1200 Cum
655 1171 721 1199 nihil
735 1171 845 1198 veneﬁci
859 1171 902 1198 isti
918 1179 1027 1206 promo-

241 1221 357 1253 vissent,
373 1227 405 1246 ac
416 1227 445 1247 se
463 1218 561 1245 mulier
572 1222 599 1245 et
612 1217 714 1244 Christi
731 1217 820 1251 signo,
836 1222 864 1244 et
881 1217 940 1244 ﬁdei
956 1225 1026 1252 prie-

241 1267 312 1295 sidio
325 1265 491 1296 defenderet,
509 1264 647 1298 cognitum
670 1268 724 1294 est,
748 1263 951 1290 adolescentem
970 1267 1027 1291 tres

242 1313 363 1346 integras
380 1315 476 1338 noctes
493 1310 565 1337 illius
588 1309 739 1336 allicienda:
754 1309 842 1343 gratia
858 1308 1025 1341 substitisse,

241 1368 273 1387 ac
297 1360 405 1386 demum
427 1366 475 1392 spe
503 1365 553 1385 sua
573 1356 735 1384 frustratum
759 1355 1028 1390 cumimpostoribus

240 1405 331 1440 iurgio
354 1404 538 1433 contendisse.
562 1403 684 1430 Tertium
708 1401 760 1428 hoc
787 1401 922 1436 Iosephus
941 1400 1027 1428 docu-

241 1455 362 1479 mentum
389 1451 552 1478 Christianae
579 1449 720 1483 religionis
739 1448 845 1479 habuit,
876 1455 930 1482 quo
959 1446 1028 1474 nihil

241 1498 375 1524 adversus
389 1496 493 1523 Christi
517 1503 616 1522 nomen
644 1494 791 1528 crucisque
813 1494 919 1528 signum
937 1494 1028 1520 valere

242 1543 375 1571 maleﬁcia
388 1543 532 1577 comperit,
553 1549 640 1576 neque
657 1544 801 1576 propterea
811 1539 984 1568 Christianus
999 1543 1029 1566 ut

241 1595 314 1618 esset
328 1590 356 1616 in
372 1590 493 1616 animum
507 1588 625 1615 induxit.

278 1635 323 1662 IX.
345 1635 502 1662 Secundum
517 1635 573 1661 time
587 1633 716 1661 Christus
735 1633 759 1660 ei
775 1641 805 1661 se
820 1633 847 1659 in
863 1631 967 1659 somnis
979 1631 1030 1658 ob-

243 1682 321 1717 iicit:
343 1680 392 1712 Et,
413 1680 477 1715 Ego,
499 1679 598 1714 inquit,
623 1687 681 1706 sum
705 1678 801 1711 Jesus,
823 1686 898 1713 quem
917 1677 1031 1711 majores

244 1727 284 1754 tui
300 1728 326 1754 in
355 1734 458 1754 crucem
482 1724 733 1761 cgerunt:proi'iide
760 1726 788 1751 in
811 1733 851 1751 me
870 1724 978 1750 credito.
997 1724 1032 1750 At

242 1772 378 1807 Iosephus
393 1779 427 1799 ne
438 1771 474 1798 ita
485 1771 562 1806 133
570 1771 678 1805 quidem
691 1770 835 1805 perpulsus
845 1770 1030 1797 vehementem

244 1819 272 1846 in
296 1818 420 1844 morbum
441 1825 473 1844 ac
492 1818 663 1852 desperatum
684 1817 790 1843 incidit.
814 1815 882 1843 Tum
901 1815 1032 1842 Dominus

244 1864 270 1892 ei
288 1871 384 1891 rursus
404 1871 538 1898 apparens
554 1863 624 1890 utin
641 1871 671 1891 se
687 1862 811 1890 crederet
833 1863 969 1893 hortatur,
994 1861 1032 1888 ita

245 1909 410 1937 valetudinis
431 1913 582 1944 compotem
600 1909 731 1936 futurum.
754 1908 811 1938 Hoc
834 1909 880 1936 ubi
896 1909 1031 1936 facturum

245 1955 349 1990 recepit
360 1963 392 1982 ac
407 1959 516 1990 repente
532 1955 678 1986 convaluit.
696 1954 723 1982 in
739 1955 833 1982 eadem
851 1955 934 1982 animi
949 1955 1032 1982 obsti-

247 2002 358 2029 natione
383 2001 509 2036 perstitit.
529 2000 618 2033 Quare
636 2001 756 2028 secundo
768 2000 796 2027 in
815 2000 939 2027 morbum
959 2001 1033 2028 dela-

246 2057 324 2084 psus,
343 2056 374 2075 ac
386 2047 497 2083 perinde
511 2048 684 2082 desperatus,
700 2055 763 2074 cum
775 2047 831 2082 jam
847 2048 949 2075 instare
965 2052 1032 2075 tem-

246 2102 298 2129 pus
318 2099 467 2121 extremum
482 2093 567 2121 Judaei
583 2094 656 2120 illius
669 2094 777 2129 cognati
792 2093 943 2125 crederent,
959 2094 1031 2128 quod

245 2141 281 2167 ab
295 2140 329 2167 iis
344 2144 449 2167 secreto
464 2139 519 2166 ﬁeri
533 2140 602 2167 solet
617 2140 774 2174 mysterium
785 2147 856 2174 aeger
870 2139 965 2167 audiit.
983 2139 1032 2166 Et-

245 2187 318 2213 enim
338 2194 370 2213 ex
387 2185 550 2221 legisperitis
567 2186 677 2220 quidam
693 2190 758 2212 natu
773 2186 884 2221 grandis
899 2185 1031 2213 accedens

1077 263 1117 293 sig
1134 260 1195 288 νοῦν
1210 261 1296 288 ταῦτα
1311 259 1376 296 ἦλθε
1392 261 1437 287 τοῦ
1452 260 1532 287 ἄλλον
1544 260 1739 296 πρεσϐυτέρου,
1754 260 1801 286 τοῦ
1815 261 1864 288 σὺν

1084 307 1206 342 Ἰωσήπῳ
1226 306 1414 341 τυγχάνοντος.
1435 306 1463 332 Ὀ
1486 305 1525 336 δὲ,
1542 304 1701 340 αἰσθόμενος
1722 305 1775 332 τῶν
1787 314 1864 339 γινο-

1052 359 1055 363 ‘
1079 353 1176 388 μένων,
1197 352 1236 387 τῷ
1257 353 1379 387 Ἰωσήπῳ
1394 350 1590 378 ἀνακοινοῦται.
1612 351 1666 378 Καὶ
1687 351 1794 386 πρῶτον
1813 352 1864 386 μὲν

1076 399 1221 431 ταλανίσας
1231 399 1335 430 ἑαυτὸν,
1343 398 1405 433 ἔφη·
1414 398 1542 429 Τάλανες,
1552 397 1741 432 φησὶν,ήμείς,
1752 397 1863 430 ἀδελφὲ,

1077 446 1124 472 καὶ⁸
1134 444 1271 476 ἀπωλείας
1282 444 1377 479 σκεύη,
1390 445 1441 471 τίνι
1453 443 1667 479 προσεδρεὺομεν
1679 451 1686 475 ;
1701 444 1715 469 δ
1725 443 1753 470 δὲ
1773 442 1862 478 Ἰώση-

1077 499 1137 522 πος,
1153 489 1202 525 τὴν
1219 489 1307 516 αἰτίαν
1321 490 1472 525 ἐρωτήσας,
1488 489 1518 515 οὐ
1536 489 1666 525 πρότερον
1682 489 1782 524 ήκουσε
1795 489 1863 524 παρ’

1077 535 1158 562 αὐτοῦ
1174 535 1218 561 διὰ
1233 535 1331 569 λόγων,
1343 535 1418 570 πρὶν,
1437 534 1518 562 αὑτοῦ
1529 535 1675 570 λαϐόμενος
1688 535 1738 570 τῆς
1748 535 1839 570 χειρὸς
1847 535 1865 560 6

1078 581 1243 617 πρεσϐύτης,
1256 581 1383 616 ἀπήγαγε
1394 581 1440 607 τὸν
1459 580 1599 616 Ἰώσηπον,
1611 581 1674 608 ἔνθα
1683 581 1713 607 τὸ
1726 581 1865 616 ἄθροισμα

1077 628 1101 653 οὶ
1110 627 1265 662 φθοριμαῖοι
1274 627 1343 662 μετὰ
1355 626 1400 653 τοῦ
1413 628 1544 663 νεωτέρου
1555 628 1583 654 ἐν
1595 629 1650 659 τοῖς
1660 627 1781 663 μνήμασι
1792 636 1865 662 μαγ-

1077 673 1190 707 γανείας
1216 672 1296 699 ἕνεκα
1312 672 1460 700 ἐποιοῦντο.
1483 672 1537 699 Καὶ
1560 672 1612 704 ἔξω
1640 672 1688 707 μὲν
1707 673 1755 707 τῆς
1777 672 1865 708 (λύρας

1079 718 1200 750 στάντες,
1216 718 1251 744 τὰ
1265 718 1331 754 παρ’
1348 718 1460 744 ἐκείνων
1473 718 1602 753 γινόμενα
1621 717 1844 753 κᾶτηκροάσαντο
1855 725 1864 733 ·

1077 764 1189 790 ἐκείνων
1200 763 1228 790 δὲ
1241 763 1377 796 ἐξιόντων,
1400 763 1589 799 ὑπεχώρησαν.
1605 763 1687 790 Οὔπω
1702 763 1756 799 γὰρ
1777 763 1865 798 πολλὴ

1078 811 1182 846 ἑσπέρα
1196 808 1241 844 ἦν,
1255 809 1322 836 ἀλλὰ
1336 809 1374 841 ὠς
1390 810 1457 845 πρὸς
1471 810 1555 845 αὐτὴν
1569 810 1616 845 τήν
1631 810 1705 845 ἡλίου
1719 810 1806 840 δύσιν,
1822 810 1864 836 ἔτι

1078 856 1226 891 δυναμένου
1253 855 1390 891 ὀφθαλμοῦ
1408 855 1537 891 ἀμαυρῶς
1560 855 1633 882 [δεῖν.
1648 855 1724 882 Μετὰ
1748 853 1794 882 οὖν
1811 856 1865 891 τὴν

1077 901 1131 928 τῶν
1155 901 1343 928 ἁσεϐεστάτων
1360 901 1449 934 ἔξοδον
1468 901 1521 928 ἀπὸ
1536 901 1583 927 τοῦ
1604 902 1735 936 μνημείου
1751 902 1776 927 οἰ
1797 902 1865 937 περὶ

1084 947 1214 982 Ἰώσηπον
1240 947 1379 982 εἰσῆλθον·
1395 947 1442 973 καὶ
1469 947 1705 983 καταλαμϐάνουσι
1726 947 1771 973 καὶ
1794 947 1864 974 ἄλλα

1077 993 1138 1020 τινὰ
1154 993 1358 1029 ἐπιτηδεύματα
1375 993 1533 1027 περιεργίας
1544 993 1631 1028 χαμαὶ
1647 993 1810 1028 ἐρριμμένα,
1822 991 1865 1024 οἷς

1079 1039 1316 1075 προσκενώσαντες
1331 1037 1400 1074 οὖρα
1421 1039 1469 1065 καὶ
1487 1035 1565 1074 αἷμα,
1584 1037 1708 1074 μίξαντες
1725 1039 1808 1070 κόνιν,
1824 1038 1865 1070 ὡς

1077 1087 1181 1117 ὲκεῐνος
1201 1085 1264 1121 ἔφη,
1289 1085 1411 1120 ἐξῆλθον.
1428 1086 1569 1119 Ἔγνωσαν
1583 1085 1611 1111 δὲ
1631 1084 1681 1120 τὴν
1705 1084 1863 1119 ὲπιὸουλὴν,

1077 1131 1122 1158 διὰ
1145 1132 1223 1158 ποίαν
1243 1132 1359 1165 γυναῖκα
1382 1131 1474 1164 αὐτοῖς
1492 1131 1682 1166 ἐκακουργήθη
1705 1130 1800 1162 ταῦτα,
1815 1131 1866 1157 καὶ

1079 1176 1281 1212 παρετηροῦντο
1294 1177 1318 1203 εἰ
1333 1176 1552 1212 κατισχύσουσιν.
1573 1176 1616 1207 Ὠς
1628 1173 1673 1202 οὖν
1691 1176 1721 1202 οὺ
1734 1175 1865 1210 κατίσχυ-

1079 1231 1129 1248 σαν
1142 1223 1166 1248 at
1187 1222 1284 1257 γόητες
1298 1222 1359 1257 (διὰ
1373 1222 1428 1257 γὰρ
1449 1222 1498 1257 τῆς
1520 1222 1664 1257 σφραγῖδος
1681 1221 1728 1248 τοῦ
1744 1221 1863 1256 Χριστοῦ

1079 1269 1126 1295 καὶ
1143 1269 1259 1300 πίστεως
1272 1268 1406 1304 ἐϐοηθήθη
1425 1269 1441 1303 ἠ
1454 1268 1557 1304 γυνὴ),
1573 1268 1694 1302 ἔγνωσαν
1707 1268 1752 1294 τὸν
1765 1267 1864 1294 νεώτεη

1080 1323 1126 1350 ρον
1136 1315 1164 1340 ἐν
1176 1314 1249 1350 τρισὶ
1260 1313 1318 1346 νυξὶ
1330 1314 1373 1341 διὰ
1384 1314 1432 1349 τὴν
1443 1313 1490 1340 τοῦ
1504 1314 1611 1348 γυναίου
1624 1314 1714 1348 ἄφιξιν
1728 1322 1867 1349 προσκαρ-

1078 1360 1242 1395 τερήσαντα,
1256 1361 1296 1391 εἰς
1315 1359 1426 1395 ὕστερον
1440 1359 1469 1386 δὲ
1485 1360 1671 1395 μαχεσάμενον
1686 1362 1741 1392 τοῖς
1751 1360 1799 1394 τὴν
1815 1368 1866 1386 πε-

1080 1405 1203 1441 ριεργίαν
1234 1406 1446 1441 ποιησαμένοις,
1477 1406 1517 1432 ὅτι
1547 1407 1597 1432 οὐκ
1624 1406 1748 1442 ἐπέτυχε.
1779 1406 1866 1432 Τοῦτο

1079 1450 1170 1486 τρίτον
1190 1450 1230 1486 τῷ
1253 1451 1375 1486 Ἰωσήπῳ
1403 1452 1579 1487 κατηχήσεως
1597 1452 1676 1487 ἔργον
1695 1453 1809 1486 ἐγένετο,
1825 1453 1866 1478 ὃτι

1080 1497 1129 1523 οὐκ
1143 1497 1262 1531 ἴσχυσεν,
1279 1497 1343 1524 ἔνθα
1356 1498 1441 1532 δνομα
1452 1498 1570 1534 Χριστοῦ
1584 1499 1631 1524 καὶ
1651 1499 1767 1534 σφραγὶς
1780 1506 1864 1524 σταυ-

1083 1541 1140 1576 ροῦ,
1158 1541 1333 1577 φαρμακείας
1349 1542 1472 1578 δύναμις.
1489 1543 1526 1569 Οὐ
1546 1543 1599 1579 μὴν
1618 1543 1647 1570 δὲ
1663 1544 1775 1579 ἐπείσθη
1798 1544 1868 1579 Χρι-

1081 1589 1187 1619 στιανὸς
1202 1588 1338 1622 γενέσθαι.

1115 1633 1153 1661 Θ’.
1168 1635 1282 1661 Ἔπειτα
1309 1635 1431 1669 φαίνεται
1457 1635 1531 1670 αὺτῷ
1555 1636 1584 1662 ὲν
1605 1635 1698 1667 ὕπνοις
1717 1636 1731 1662 ὁ
1752 1635 1866 1671 Κύριος,

1081 1679 1203 1714 φάσκων,
1225 1681 1264 1707 ὅτι
1284 1679 1353 1715 Ἐγώ
1370 1682 1428 1715 εἰμι
1451 1681 1579 1715 Ἰησοῦς,
1600 1681 1637 1708 ὃν
1656 1683 1683 1708 οι
1704 1681 1753 1708 σοὶ
1768 1682 1869 1716 γονεῖς

1080 1725 1293 1759 ἐσταύρωσανο
1319 1725 1400 1753 ἀλλὰ
1426 1727 1549 1754 πΙστευε
1567 1728 1611 1759 εΙς
1635 1727 1697 1761 ἐμέ.
1718 1727 1746 1753 '0
1757 1727 1796 1758 δὲ,
1811 1727 1869 1753 οὐδ’

1080 1771 1152 1798 οὕτω
1178 1771 1308 1804 πεισθεὶς,
1322 1773 1443 1800 ὑπέπεσε
1469 1773 1538 1808 νόσῳ
1559 1772 1675 1808 μεγάλῃ,
1696 1773 1742 1799 καὶ
1759 1773 1869 1807 ἀπηγο-

1083 1816 1176 1852 ρεὺθη.
1195 1817 1223 1844 '0
1239 1817 1268 1844 δὲ
1291 1817 1394 1854 Κύριος
1407 1818 1488 1845 πάλιν
1507 1819 1654 1846 ὀπτάνεται
1677 1819 1761 1854 αὐτῷ,
1777 1820 1869 1854 φήσας

1081 1863 1155 1899 αὑτῷ
1179 1864 1325 1897 πιστεύειν,
1346 1865 1394 1891 καὶ
1417 1863 1583 1900 ὶαθήσεσθαι.
1609 1865 1639 1891 '0
1657 1864 1685 1891 δὲ
1704 1865 1869 1899 ἐπαγγειλά-

1083 1917 1162 1943 μενος
1177 1908 1323 1944 ἀνέσφηλε,
1340 1909 1388 1935 καὶ
1405 1909 1485 1936 πάλιν
1497 1909 1606 1944 ἐνέμενε
1619 1911 1652 1945 τῇ
1669 1909 1867 1945 σκληραυχεία.

1081 1955 1129 1986 Εἰς
1139 1954 1265 1990 δευτέραν
1275 1955 1303 1982 δὲ
1316 1955 1396 1982 πάλιν
1412 1955 1560 1982 ὑποπίπτει
1576 1956 1662 1988 νόσον,
1678 1956 1724 1983 καὶ
1737 1956 1870 1988 ὡσαύτως

1082 2001 1266 2036 ἀπηγορεύΘη.
1292 2000 1474 2036 ’Υποληφθεὶς
1488 2000 1516 2027 δὲ
1530 2001 1658 2036 τελευτᾷν
1675 2001 1732 2034 (24)
1747 2001 1799 2027 ὑπὸ
1813 2001 1870 2028 τῶν

1083 2047 1222 2081 συγγενῶν
1249 2046 1333 2074 αὐτοῦ
1355 2046 1498 2079 Ἰουδαίων,
1515 2047 1545 2073 τὸ
1563 2047 1628 2081 παρ’
1648 2047 1738 2073 αὐτῶν
1750 2047 1793 2073 ἀεὶ
1817 2056 1870 2082 μυ-

1083 2092 1238 2128 στηριωδῶς
1253 2092 1392 2128 γινόμενον
1407 2092 1482 2127 παρὰ
1503 2092 1605 2118 τούτων
1615 2092 1724 2127 ἤκουσε.
1740 2092 1800 2118 Τῶν
1813 2093 1869 2128 γὰρ

1081 2138 1243 2174 νομομαθῶν
1261 2139 1331 2174 ἀνήρ
1345 2147 1387 2170 τις
1407 2138 1590 2174 πρεσϐύτερος
1609 2137 1692 2164 ἐλθὼν
1715 2139 1754 2170 είς
1768 2138 1799 2164 τὸ
1821 2137 1870 2170 οὖς

1081 2184 1163 2210 αὑτοῦ
1184 2184 1336 2219 ἀπήγγειλε
1356 2185 1443 2218 λέγων
1458 2184 1509 2217 ὅτι,
1529 2184 1656 2210 Πίστειέ
1679 2183 1800 2217 Ἰησοῦν
1815 2184 1870 2210 τὸν

247 2230 320 2258 illius
333 2230 390 2257 hac
408 2230 521 2257 auribus
537 2230 725 2258 insusurrabat
737 2239 745 2258 :
757 2229 850 2263 Crede,
869 2230 968 2265 inquit,
983 2229 1029 2257 Je-

1080 2229 1307 2264 ἐσταυρωμένον
1333 2229 1383 2256 ἐπὶ
1408 2229 1535 2256 Ποντίου
1565 2229 1695 2255 Πιλάτου
1711 2230 1869 2264 ἡγεμόνος,

245 2284 306 2303 sum
322 2276 369 2303 sub
382 2276 477 2303 Pontio
488 2276 578 2304 Pilato
601 2277 674 2303 cruci
690 2277 796 2311 aﬂixum
812 2276 861 2304 Dei
877 2276 988 2308 Filium,
1004 2280 1030 2303 et

246 2328 278 2347 ex
291 2320 380 2348 Maria
403 2327 492 2356 postea
511 2322 638 2357 genitum.
660 2321 795 2348 Christum
817 2329 873 2348 esse
889 2320 946 2353 Dei,
968 2325 992 2347 et
1014 2330 1031 2348 a

247 2365 358 2391 mortuis
375 2366 518 2392 excitatum
534 2374 542 2392 :
557 2370 581 2392 et
593 2366 627 2392 ad
648 2371 764 2392 mortuos
779 2366 896 2400 vivosque
903 2366 1031 2399 judican-

245 2408 294 2435 ἀοι
317 2417 372 2435 esse
394 2415 540 2437 venturum.
562 2410 642 2438 Omni
665 2417 715 2445 ego
741 2411 942 2438 asseveratione
963 2418 1031 2437 con—

245 2452 326 2481 ﬁrmo
351 2454 407 2481 hzec
419 2455 484 2482 inihi
496 2454 644 2491 Josephum
658 2456 746 2490 ipsum
761 2456 789 2483 in
804 2457 842 2484 rei
858 2461 939 2491 gestae
949 2464 1032 2491 expo-

284 2551 340 2589 (24)
363 2552 555 2589 Ὑπολῃφθεὶς
570 2554 604 2580 δὲ
616 2554 768 2588 τελευτᾷν.
789 2555 875 2581 Antea
893 2555 1033 2589 legebatur

249 2587 637 2624 ὑπολειφθείςεμνειιίῐγοηὶιιι
665 2590 747 2617 Corn.
778 2587 935 2624 relictusque
964 2591 1032 2617 velut

248 2624 403 2660 moriturus.
420 2621 474 2660 Nos
498 2631 530 2650 ex
549 2623 632 2657 Regio
655 2624 749 2651 codice
772 2621 1033 2660 ὑποληφθείςιεειί-

249 2659 361 2695 luimus.
377 2656 453 2695 Quod
470 2662 496 2695 et
511 2659 675 2695 narrationis
689 2661 772 2687 series
788 2656 916 2694 postulat.
941 2659 1033 2695 Neque

248 2694 321 2719 enim
336 2693 528 2730 moribundum
541 2693 705 2730 Judmorum,
717 2693 824 2730 cognati
836 2693 1013 2730 deseruerant.
1026 2704 1033 2729 ;

249 2736 318 2765 quos
334 2729 477 2765 mysticum
492 2729 558 2765 illud
572 2730 758 2756 insusurrasse
771 2729 904 2757 dicitJiic
916 2729 1030 2765 Epipha-

248 2763 323 2789 niiiiii
349 2764 457 2799 otiosus
474 2764 584 2797 quidam
613 2768 728 2799 nugator
749 2765 839 2791 nimia!
863 2763 1033 2793 credulitatis

249 2802 371 2831 accusat,
387 2798 460 2833 quod
476 2799 542 2825 falsa
557 2798 640 2826 Judaei
656 2798 740 2826 Vunius
756 2803 802 2826 aut
813 2800 926 2827 alterius
939 2808 1035 2826 narra-

248 2833 322 2870 tione
333 2834 460 2870 inductus
471 2834 678 2870 existimaverit,
692 2835 831 2862 morituris
841 2835 967 2862 omnibus
980 2843 1035 2870 my-

249 2868 361 2895 sterium
369 2868 434 2896 illud
446 2869 473 2896 in
483 2876 575 2897 aurem
586 2869 804 2903 immurmurari;
817 2870 911 2897 scribit
919 2871 991 2897 enim
1002 2868 1033 2896 τὸ

1085 2274 1154 2301 Υιὸν
1165 2274 1238 2301 Θεοῦ
1253 2274 1335 2305 ὄντα,
1351 2274 1400 2300 καὶ
1417 2274 1451 2300 ἐκ
1463 2274 1575 2307 Μαρίας
1588 2274 1716 2308 ὕστερον
1731 2282 1871 2309 γεγεννη-

1077 2317 1181 2352 μένον,
1195 2318 1324 2352 Χριστὸν
1333 2317 1367 2344 δὲ
1379 2318 1451 2344 ὄντα
1466 2317 1549 2350 Θεοῦ,
1564 2318 1612 2344 καὶ
1624 2318 1659 2344 ἐκ
1673 2318 1787 2353 νεκρῶν
1799 2320 1871 2346 ἀνα-

1081 2363 1209 2390 στάντα·
1241 2363 1290 2390 καὶ
1313 2363 1359 2390 ὅτι
1384 2363 1476 2396 αὐτὸς
1497 2364 1614 2397 ἔρχεται
1640 2363 1738 2397 κρῖναι
1761 2363 1872 2398 ζῶντας

1081 2412 1130 2438 καὶ
1149 2411 1285 2445 νεκρούς.
1307 2410 1400 2437 Ταῦτα
1417 2411 1431 2437 ὁ
1454 2410 1537 2442 αὐτὸς
1554 2410 1684 2446 Ἰώσηπος
1700 2412 1729 2436 ὲν
1747 2413 1780 2446 τῇ
1801 2412 1872 2446 ὑφη-

1081 2458 1161 2493 γήσει
1183 2457 1275 2492 σαφῶς
1302 2466 1347 2492 μοι
1362 2457 1532 2492 ἀνήγγειλεν,
1555 2457 1593 2488 ὡς
1619 2457 1772 2492 φιλαλήθως
1797 2457 1873 2485 ἐστιν

1082 2555 1148 2591 παρ’
1165 2555 1254 2582 αὐτῶν
1263 2556 1306 2582 ἀεὶ
1320 2556 1513 2591 μυστηριωδῶς
1529 2556 1670 2591 μινόμενον
1680 2554 1872 2591 [μυζόμενον].

1083 2590 1183 2617 Verum
1202 2595 1231 2617 ut
1250 2591 1306 2617 haec
1318 2590 1391 2618 mera
1402 2590 1491 2617 fabula
1508 2592 1553 2623 sit,
1568 2590 1669 2617 nullam
1681 2590 1797 2616 omnino
1809 2598 1873 2617 san-

1083 2626 1223 2653 ctissimus
1238 2625 1318 2652 Pater
1331 2626 1437 2660 culpam
1451 2626 1539 2652 hacin
1552 2634 1581 2653 re
1592 2626 1726 2657 sustinet;
1740 2625 1786 2659 qui
1798 2626 1873 2660 quod

1084 2668 1098 2686 a
1116 2660 1166 2687 lide
1183 2661 1272 2695 dignis
1289 2661 1446 2687 hominibus
1464 2667 1614 2695 acceperat,
1638 2661 1809 2695 simpliciter,
1834 2661 1874 2687 uti

1083 2700 1223 2722 narratum
1237 2696 1288 2722 sibi
1301 2699 1370 2727 erat,
1383 2697 1458 2722 nullo
1475 2703 1525 2722 suo
1541 2695 1817 2730 interpositojudieio
1830 2703 1874 2722 re-

1084 2731 1156 2757 tulit.
1174 2730 1243 2763 Quid
1261 2734 1303 2757 est
1322 2735 1411 2757 autem
1436 2738 1485 2757 cur
1505 2731 1540 2758 de
1553 2731 1664 2757 Christo
1684 2732 1829 2764 plerosque
1846 2730 1874 2757 id

1084 2766 1136 2804 sibi
1160 2764 1313 2804 Judaiorum
1338 2766 1506 2804 persuasisse
1527 2774 1585 2804 _non
1610 2765 1754 2804 putemus?
1779 2764 1874 2804 Neque

1085 2801 1156 2827 enim
1174 2801 1315 2827 mentitum
1342 2800 1426 2828 fuisse
1443 2800 1591 2835 Josephum
1609 2801 1737 2827 comitem
1753 2800 1794 2827 vel
1809 2800 1875 2828 Cal-

1085 2837 1210 2863 vinianus
1227 2835 1278 2864 iste
1293 2836 1345 2864 nisi
1362 2836 1533 2871 impudenter
1546 2836 1663 2863 tinxerit.
