1961 3046
106 161 155 188 621

412 159 475 187 AD\
485 159 596 189 ERSUS
613 159 784 187 "IERESES
803 159 868 186 LIB.
887 160 893 186 Ι

950 160 1009 188 0M.
1030 161 1063 188 ll.
1084 175 1119 181 -—
1138 160 1275 188 HERES.
1295 161 1380 190 XXX.

1680 163 1732 190 ηεξ

105 219 202 245 εἰπεῖν.
217 217 297 245 Ἀλλά
308 218 354 245 καὶ
365 219 429 253 παρ’
441 218 522 245 ἄλλου
537 218 608 250 τινος
617 217 647 244 τὸ
659 218 780 244 τοιοῦτον
794 217 893 252 ἥκουσα

947 217 1036 245 nenda
1059 218 1129 245 serie
1145 225 1281 245 narrasse.
1304 217 1382 250 Quod
1398 217 1511 254 insuper
1533 219 1568 246 ab
1590 219 1643 247 alio
1662 227 1730 254 quo—

106 265 146 290 ἔτι
160 264 237 296 ὄντος
257 263 382 290 Ἰουδαίου
394 264 438 290 διὰ.
449 264 494 290 τὸν
507 265 560 290 τῶν
579 263 712 290 Ἰουδαίων
724 263 815 298 φόϐον,
830 263 895 289 ἀνα-

107 311 188 345 μέσον
214 309 243 336 δὲ
273 309 442 345 Χριστιανῶν
470 309 600 341 πολλάκις
626 308 819 344 διατρίϐοντος,
847 308 895 334 καὶ

105 357 284 392 Χριστιανοὺς
308 356 441 390 τιμῶντος
458 365 488 382 τε
510 356 558 382 καὶ
575 355 746 390 ἀγαπῶντος,
769 354 893 382 συνοδεύ-

105 402 201 434 σαντὸς
214 410 258 437 μοι
272 403 301 429 ἐν
311 403 345 437 τῇ
360 402 456 437 ἐρήμῳ
468 402 518 436 τῆς
530 401 631 437 Βαιθὴλ
645 401 694 428 καὶ
717 400 836 436 Ἐφραίμ
847 401 894 427 ἐπὶ

104 448 152 483 τὴν
166 448 273 483 ὀρεινὴν
290 447 465 483 ἀνερχομένῳ
484 447 537 474 ἀπὸ
548 447 598 482 τῆς
617 446 758 483 Ἱεριχοῦς,
779 448 826 473 καὶ
844 447 892 473 ἀν-

103 493 254 520 τιϐάλλοντι
273 494 341 529 πρὸς
354 493 435 519 αὑτὸν
448 493 512 528 περὶ
532 493 581 528 τῆς
596 492 642 519 τοῦ
655 492 773 528 Χριστοῦ
787 500 892 527 παρου-

104 539 174 572 σίας,
187 539 234 565 καί¹
249 538 333 565 αὑτοῦ
347 539 384 574 μὴ
397 538 593 573 ἀντιλέγοντος.
609 537 781 573 Θαυμάζοντι
795 537 823 563 δέ
836 546 891 572 μοι,

103 585 149 610 καὶ
161 583 299 619 ἐρωτῶντι
313 585 395 611 αὑτὸν
410 584 460 619 τὴν
475 583 564 610 αἰτίαν
580 581 623 618 (ἦν
638 583 692 619 γὰρ
707 584 755 610 καὶ
771 591 892 618 νομομα-

102 629 151 666 θὴς
163 631 210 657 καὶ
221 629 370 665 δυνάμενος
383 629 555 664 ἀντιλέγειν),
570 629 641 660 τίνος
658 629 737 665 χάριν
757 629 806 655 οὐκ
819 629 892 656 ἀντι-

102 676 186 709 λέγει,
198 675 265 703 ἀλλὰ
278 675 401 702 πείθεται
415 676 480 711 περὶ
490 674 608 710 Χριστοῦ
629 674 716 710 Ἰησοῦ
726 674 772 701 τοῦ
787 674 890 708 Κυρίου

102 722 191 758 ἡμῶν,
205 722 311 750 ἀκούων
326 721 360 748 τὰ
369 721 498 748 τοσαῦτα·
510 720 667 756 ἀπεκάλυψέ
682 729 726 756 μοι
741 719 788 746 καὶ
802 716 889 752 οὗτος,

101 769 140 800 ὡς
157 769 262 804 μέλλων
282 768 411 803 τελευτᾷν
431 767 531 802 ’ήκουσε
546 767 610 802 παρ’
634 766 724 792 αὐτῶν
744 766 785 797 είς
807 764 891 800 ἀκοὴν

100 815 183 841 ὠτίου
199 815 228 841 ἐν
240 814 408 850 ψιθυρισμῷ,
428 814 470 840 ὅτι
487 812 590 849 Ἰησοῦς
605 812 722 848 Χριστὸς
735 813 750 838 ὁ
768 820 891 847 σταυρω-

99 861 160 892 θεὶς
174 861 238 893 Υἱὸς
253 859 300 887 τοῦ
321 860 388 886 Θεοῦ
409 859 500 895 μέλλει
520 866 550 885 σε
568 859 680 894 κρίνειν.
704 856 784 883 ’Λλλά
803 856 890 884 ταῦτά

101 915 149 943 μοι
161 907 226 942 περὶ
237 907 349 939 τούτων,
365 894 415 933 καί
427 906 498 932 κατά
508 905 602 932 τοῦτον
618 905 664 931 τὸν
681 904 758 938 λόγον
774 902 890 930 ἐνταῦθά
905 894 927 922 Β

100 961 149 988 μοι
167 952 197 985 ἐξ
211 951 342 987 ἀληθινῆς
354 951 438 986 ἀκοῆς
453 949 642 986 παρακείσθω.

138 1044 166 1072 Ι’.
187 1043 292 1070 Ἔτιδέ
313 1043 328 1069 δ
351 1041 482 1077 Ἰώσηπος
505 1042 534 1068 ἐν
555 1040 626 1075 νόσῳ
642 1037 687 1076 ἦν,
705 1047 752 1066 και
771 1046 891 1069 ακουσας

99 1089 178 1125 παρά
193 1089 241 1115 τοῦ
256 1088 453 1125 πρεσϐυτέρου,
471 1088 508 1120 ὡς
526 1088 666 1122 προεῖπον,
686 1086 755 1121 μετὰ
768 1085 823 1112 τῶν
841 1084 891 1112 ἀλ-

98 1134 166 1168 λων,
175 1135 217 1161 ὄτι
236 1133 339 1169 Ἰησοῦς
356 1133 472 1169 Χριστός
488 1141 518 1159 σε
532 1133 630 1168 κρινεῖ,
643 1131 683 1158 έτι
699 1131 889 1166 ἐσκληρύνετο.

105 1181 138 1207 '0
151 1181 180 1207 δὲ
196 1180 297 1217 Κύριος
310 1179 390 1207 πάλιν
406 1179 473 1214 πρὸς
485 1179 565 1205 αὑτὸν
583 1178 652 1205 κατὰ
663 1178 713 1213 τὴν
727 1176 809 1204 αὑτοῦ
829 1176 890 1211 φιλ-

99 1226 259 1262 ανθρωπίαν
286 1225 319 1252 δι’
343 1225 482 1261 ὁράματος
513 1223 654 1256 ἐνυπνίου,
683 1223 765 1255 Ἰδοὺ,
790 1221 890 1256 φησὶν,

101 1272 187 1308 ίῶμαί
207 1281 237 1298 σε
246 1280 253 1287 ⁸
265 1271 333 1298 ἀλλά
345 1270 464 1302 ἀναστὰς
478 1271 599 1296 πίστευε.
621 1269 753 1300 Ἀναστὰς
766 1268 795 1295 δὲ
811 1268 892 1294 πάλιν

99 1319 157 1348 ἀπὸ
172 1320 222 1355 τῆς
236 1318 324 1350 νόσου,
340 1318 390 1344 οὑκ
407 1317 577 1344 ἐπίστευσεν.
592 1315 754 1349 ’Υγιαίνοντι
766 1314 795 1341 δὲ
807 1313 890 1348 αὐτῷ,

99 1366 228 1401 φαίνεται
247 1365 262 1391 ὁ
278 1364 380 1400 Κύριος
404 1363 484 1390 πάλιν
501 1362 561 1389 κατ’
576 1362 660 1397 ὄναρ,
680 1359 802 1394 ἐγκαλῶν
819 1359 893 1394 αὐτῷ

99 1413 136 1439 δι’
151 1413 184 1448 ἥν
195 1411 285 1438 αἰτίαν
299 1411 349 1437 οὐκ
363 1409 533 1436 ἐπίστευσεν.
553 1407 764 1441 Ἐπαγγέλλεται
778 1406 807 1432 δὲ
818 1404 893 1440 αὺτῷ

99 1458 190 1493 λέγων
204 1458 218 1484 ὁ
232 1455 333 1492 Κύριος
348 1456 400 1486 ὃτι,
414 1455 461 1486 Et;
479 1452 665 1489 πληροφορίαν
682 1451 810 1483 πίστεως,
827 1449 853 1476 εί
865 1457 893 1475 τι

101 1503 195 1539 βούλει
217 1503 246 1529 ὲν
262 1500 372 1537 ὀνόματί
391 1509 439 1536 μου
455 1499 614 1534 θεοσήμειον
628 1496 812 1533 ἐργάσασθαι,
832 1496 890 1522 ἐπι-

101 1547 228 1578 κάλεσαι,
249 1545 326 1580 κάγὼ
346 1545 461 1580 ποιήσω.
479 1542 648 1578 Μαινόμενος
661 1541 690 1568 δέ
703 1550 745 1572 τις
759 1539 793 1577 ἦν
811 1542 840 1567 ἐν
858 1541 892 1576 τῇ

101 1594 190 1626 πόλει,
212 1593 241 1624 ὃς
260 1592 363 1628 γυμνὸς
376 1593 425 1628 τὴν
443 1591 519 1617 πόλιν
537 1589 659 1626 περιῄει,
676 1589 747 1624 φημὶ
760 1588 789 1614 δὲ
802 1589 830 1614 ἐν
848 1588 894 1614 Τι-

101 1640 225 1676 ϐεριάδι,
250 1639 298 1666 καὶ
322 1638 451 1669 πολλάκις
475 1636 695 1671 ἐνδιδυσκόμενος
719 1635 769 1670 τὴν
792 1634 894 1669 ἐσθῆτα

101 1685 289 1722 διερρήγνυεν,
303 1683 341 1715 ὡς
354 1683 413 1714 ἔθος
426 1683 481 1714 τοῖς
496 1681 636 1712 τοιούτοις.
652 1681 680 1707 '0
691 1678 737 1707 οὖν
752 1679 892 1715 Ἰώσηπος,

103 1730 266 1766 βουλόμενος
282 1730 310 1755 ἐν
324 1729 406 1764 πείρᾳ
421 1727 546 1762 γενέσθαι
568 1726 615 1753 τοῦ
636 1726 785 1761 ὁράματος,
807 1725 895 1752 διστά-

103 1775 159 1806 ζων
182 1773 211 1800 δὲ
237 1773 296 1805 ἔτι,
322 1772 391 1799 αίδοϊ
415 1772 566 1807 κατείχετο.
592 1771 805 1806 Παραλαμϐἀνει
828 1769 894 1804 γοῦν

102 1819 198 1847 τοῦτον
213 1819 295 1851 ἔνδον,
310 1820 357 1845 καὶ
371 1818 536 1849 ἀποκλείσας
550 1817 598 1852 τὴν
611 1816 705 1850 θύραν,
723 1815 795 1851 ὕδωρ
807 1824 837 1841 τε
849 1815 895 1843 λα-

104 1866 161 1892 ϐὼν
176 1866 216 1897 είς
233 1865 281 1901 τὴν
300 1865 390 1900 χεῖρα,
407 1864 454 1890 καὶ
469 1862 622 1898 σφραγίσας
639 1861 715 1894 αὐτὸ,
736 1861 895 1897 ἐρράντισεν

104 1909 153 1936 ἐπὶ
169 1909 215 1936 τὸν
230 1909 341 1944 ἐμμανῆ
355 1908 509 1944 ἄνθρωπον,
526 1908 614 1942 φήσας
626 1914 633 1921 °
658 1907 703 1933 Ἐν
717 1906 828 1941 ὀνόματι
847 1906 893 1932 τοῦ

112 1954 199 1990 Ἰησοῦ
218 1953 379 1990 Ναζωραίου
392 1953 440 1979 τοῦ
456 1951 656 1988 σταυρωθέντος
671 1950 761 1983 ἔξελθε
771 1972 779 1984 ,
794 1951 824 1977 τὸ
838 1951 896 1977 δαι-

107 2001 209 2036 μόνιον,
230 2000 278 2027 ἀπ’
297 1999 390 2033 αὑτοῦ,
406 1999 452 2025 καὶ
469 1999 548 2034 ὑγιὴς
561 1998 684 2034 γένηται.
705 1998 734 2024 ’0
752 1997 780 2024 δέ
794 1997 897 2033 ἀνορω-

105 2055 173 2078 ιηος,
197 2045 353 2081 ἀνακράξας
370 2045 457 2080 μέγα,
483 2044 529 2071 καὶ
545 2044 632 2079 χαμαὶ
649 2043 756 2076 πεσὼν,
777 2043 896 2079 ἀφρίσας

106 2091 193 2118 πολλά
206 2091 252 2118 καὶ
263 2089 439 2126 σπαραχθεὶς,
452 2089 543 2125 ἔμεινε
557 2089 659 2124 πολλὴν
667 2088 742 2124 ὥραν
756 2088 894 2124 ἀκίνητος.

113 2138 245 2173 Ἰώσηπος
262 2137 291 2163 δὲ
306 2136 439 2172 ὑπενόησε
453 2135 498 2162 τὸν
514 2134 656 2171 ἄνθρωπον
667 2135 802 2162 τεθνάναι.
824 2136 852 2162 '0
867 2136 895 2163 δὲ

108 2183 179 2219 μετά
199 2182 292 2218 ὥραν,
307 2180 516 2216 διατριψάμενος
536 2180 566 2206 τὸ
590 2180 751 2216 πρόσωπον,
776 2180 893 2217 ἀνέστη·

945 263 1017 298 piam
1033 263 1136 298 accepi,
1153 263 1200 298 qui
1221 263 1329 290 Iudaeus
1347 263 1435 291 adhuc
1451 264 1486 292 ob
1501 264 1609 292 illorum
1627 270 1732 292 metum

945 312 1015 341 erat,
1031 313 1114 344 atque
1131 309 1202 335 inter
1214 309 1385 336 Christianos
1399 317 1518 345 perszepe
1530 310 1655 345 degebat.
1670 318 1731 338 eos-

943 361 997 388 que
1023 358 1050 381 ct
1073 353 1236 381 observabat
1252 354 1399 388 plurimum
1422 358 1450 381 et
1474 355 1661 389 amabatzqui
1683 363 1732 390 per

943 399 1062 426 Belhelis
1088 399 1282 434 Ephraimique
1307 399 1482 426 solitudinem
1501 400 1536 427 ab
1557 400 1624 427 urbe
1641 399 1731 427 Hieri-

942 445 1053 472 chuntis
1065 446 1098 472 ad
1111 445 1241 472 montium
1255 445 1319 480 juga
1341 445 1461 472 tendenti
1479 445 1545 472 mihi
1561 447 1688 473 comitem
1701 454 1732 474 se

941 491 1049 518 itineris
1062 491 1196 526 adjunxit.
1214 490 1284 517 Huic
1299 499 1349 526 ego
1371 498 1433 517 cum
1451 491 1484 518 de
1503 491 1605 519 Christi
1624 491 1731 519 Domini

942 536 1059 564 adventu
1074 537 1204 564 nonnulla
1220 544 1408 572 proponerem,
1430 537 1504 564 nulla
1524 537 1552 564 in
1576 545 1605 564 re
1620 542 1730 564 contra-

941 582 1059 610 dicebat.
1080 581 1139 615 Qua
1155 590 1185 609 re
1204 582 1351 617 plurimum
1374 582 1535 616 admiratus,
1553 583 1618 618 quid
1642 590 1732 610 causa:

943 627 1052 654 tandem
1072 632 1144 656 esset
1158 628 1296 655 hominem
1318 629 1484 663 interrogavi
1501 628 1540 664 (et
1553 633 1612 656 erat
1629 629 1731 664 alioqui

941 672 1008 708 legis
1025 681 1080 700 sum
1097 674 1210 708 peritus,
1223 681 1255 700 ac
1275 673 1432 708 disputandi
1444 681 1511 701 sane
1534 681 1588 701 non
1605 675 1730 710 expers),
1779 695 1781 698 .

943 726 1003 750 cur,
1019 719 1141 754 inquam,
1160 720 1225 747 mihi
1240 720 1307 746 nihil
1324 720 1510 754 responderet,
1525 728 1557 748 ac
1571 720 1605 748 de
1622 721 1733 749 Christo

940 764 1005 793 Jesu
1025 765 1140 792 Domino
1156 770 1251 793 nostro
1269 765 1337 792 mihi
1352 767 1527 794 consentiret.
1551 767 1592 794 Ad
1609 776 1669 802 qua:
1685 768 1732 795 ille

941 811 1067 846 subjecit,
1092 811 1285 838 moribundum
1303 819 1333 839 se
1352 812 1517 847 quandoque
1542 820 1557 839 a
1571 812 1674 840 Judmis
1689 813 1732 840 in-

942 858 1079 885 susurrari
1099 858 1151 885 sibi
1166 858 1193 885 in
1211 865 1304 885 aurem
1319 858 1415 885 leviter
1429 858 1549 888 audisse.
1561 858 1641 886 Jcsus
1651 859 1732 886 Chri—

941 907 1000 930 stus
1014 902 1164 930 crucifixus
1183 902 1231 930 Dei
1246 902 1331 930 Filius
1352 903 1387 930 de
1404 904 1430 930 te
1443 904 1587 938 iudicabit.
1604 904 1658 932 Sed
1673 905 1731 932 h:cc

940 948 1082 980 hactenus,
1098 948 1171 983 quod
1191 949 1226 975 ad
1243 957 1299 976 rem
1318 953 1478 984 prmsentern
1501 950 1609 984 attinet,
1635 958 1731 978 revera

939 999 970 1022 ut
984 994 1139 1029 accepimus
1152 994 1224 1022 dicta
1236 998 1328 1022 sunto.

976 1040 1008 1066 Χ.
1031 1039 1122 1068 Redeo
1140 1041 1196 1076 jam
1217 1041 1250 1068 ad
1275 1040 1436 1076 Josephum.
1456 1040 1481 1069 Is
1503 1049 1566 1068 cum
1590 1041 1617 1068 in
1635 1042 1732 1069 morbo

941 1086 1030 1113 adhuc
1046 1089 1129 1118 esset,
1144 1091 1171 1113 et
1184 1094 1199 1113 a
1217 1087 1327 1114 seniore
1346 1087 1417 1114 inter
1436 1087 1489 1114 alia
1506 1087 1563 1115 haec
1579 1095 1640 1122 qua:
1659 1087 1731 1114 dixi-

941 1138 1002 1158 mus
1020 1131 1182 1163 inaudisset,
1195 1130 1275 1158 Jesus
1287 1131 1414 1159 Christus
1428 1132 1462 1160 de
1475 1135 1501 1159 te
1511 1132 1654 1167 iudicabit.
1672 1133 1732 1159 aui-

942 1184 1015 1203 mum
1039 1176 1220 1204 nihilominus
1237 1177 1409 1204 obfirmabat.
1433 1177 1516 1212 Igitur
1532 1177 1664 1205 Dominus
1682 1186 1732 1213 pro

941 1222 1044 1257 ingenti
1069 1230 1118 1250 sua
1139 1230 1203 1258 erga
1229 1222 1355 1250 homines
1378 1223 1565 1250 misericordia
1587 1224 1685 1251 iterum
1705 1223 1732 1251 ei

943 1275 972 1295 se
987 1268 1014 1294 in
1030 1268 1134 1296 somnis
1151 1268 1256 1303 objicit,
1274 1268 1376 1304 Teque,
1392 1269 1440 1302 ait,
1466 1269 1576 1296 sanitati
1593 1270 1726 1303 restituo;

943 1321 1034 1349 surge,
1052 1314 1141 1346 modo,
1158 1318 1184 1342 et
1201 1322 1274 1342 nunc
1294 1315 1402 1342 demum
1422 1315 1535 1343 credito.
1559 1315 1659 1343 Verum
1686 1317 1732 1344 ubi

944 1360 1093 1391 convaluit,
1121 1367 1155 1387 ne
1180 1363 1237 1386 tum
1263 1360 1373 1396 quidem
1396 1361 1522 1388 credidit.
1546 1360 1646 1388 lterum
1665 1369 1732 1397 ergo

943 1405 1172 1440 recuperatajam
1186 1406 1303 1434 sanitate
1322 1414 1369 1441 per
1383 1407 1472 1433 visum
1489 1407 1515 1434 ei
1535 1405 1668 1435 Dominus
1688 1408 1732 1434 of-

944 1451 1043 1484 fertur,
1061 1457 1088 1478 et
1103 1451 1177 1486 quod
1196 1452 1317 1478 nondum
1333 1452 1494 1480 credidiSSet
1514 1456 1636 1480 accusat.
1653 1452 1734 1488 134

945 1497 1010 1525 Inde
1022 1498 1190 1533 amplissima
1203 1498 1327 1533 quaedam
1339 1499 1501 1534 promittens
1512 1498 1552 1525 sic
1566 1499 1730 1534 alloquitur:

946 1542 981 1571 Ut
999 1544 1059 1576 tibi,
1078 1544 1177 1578 inquit,
1199 1544 1233 1571 de
1250 1543 1390 1578 religionis
1412 1551 1478 1571 meae
1500 1543 1554 1571 fide
1576 1548 1693 1576 constet,
1709 1544 1733 1572 si

945 1589 1019 1624 quod
1040 1589 1067 1616 in
1091 1589 1201 1616 nomine
1217 1597 1278 1616 meo
1298 1589 1452 1624 prodigium
1477 1589 1584 1617 efﬁcere
1602 1590 1734 1622 volueris,

945 1636 1079 1670 meipsum
1103 1635 1210 1668 invoca,
1229 1642 1280 1670 ego
1303 1635 1351 1663 tibi
1368 1636 1513 1671 prastaho.
1533 1637 1598 1664 Erat
1621 1637 1649 1664 in
1666 1637 1734 1664 urbe

945 1679 1090 1709 Tiberiade
1105 1681 1229 1709 furiosus
1243 1681 1365 1716 quidam,
1389 1674 1463 1708 nudo
1483 1690 1597 1718 corpore
1615 1683 1734 1710 circum-

945 1734 1075 1758 cursans,
1093 1728 1140 1763 qui
1157 1735 1219 1755 cum
1245 1728 1344 1762 saepius
1360 1727 1529 1762 indueretur,
1549 1733 1579 1756 ut
1597 1729 1733 1764 ejusmodi

945 1774 1086 1800 hominum
1111 1781 1170 1801 mos
1196 1777 1248 1804 est.
1275 1777 1366 1801 vestes
1393 1782 1458 1801 suas
1483 1775 1631 1802 lacerabat.
1654 1775 1683 1802 lu
1700 1783 1736 1803 eo

943 1818 1077 1854 Josephus
1088 1827 1148 1854 qua:
1160 1827 1208 1854 per
1220 1820 1308 1847 visum
1318 1824 1459 1855 acceperat
1469 1821 1586 1855 experiri
1599 1822 1729 1856 gestiens,

944 1865 1068 1892 dubitare
1081 1869 1171 1896 tamen
1186 1865 1320 1896 nonnihil,
1333 1872 1366 1892 ac
1382 1865 1487 1900 pudore
1502 1866 1646 1892 retardari.
1660 1865 1734 1894 Con—

945 1911 1052 1938 firmato
1073 1911 1185 1938 tandem
1201 1910 1293 1937 animo
1313 1910 1386 1937 intra
1403 1911 1476 1938 aedes
1497 1911 1622 1945 adducit;
1642 1916 1669 1940 et
1687 1920 1734 1940 oc-

944 1957 1029 1984 ciusis
1039 1956 1144 1984 foribus
1155 1964 1254 1991 aquam
1264 1956 1391 1984 manibus
1403 1957 1545 1990 hauriens,
1560 1961 1586 1984 et
1597 1961 1733 1985 amentem

944 2004 1020 2030 illum
1041 2011 1124 2030 cruce
1147 2003 1339 2038 consignatum
1362 2010 1511 2038 aspergens
1530 2012 1538 2031 :
1561 2004 1590 2030 in
1611 2004 1732 2035 nomine,

944 2048 1043 2084 inquit.
1058 2048 1124 2076 Jesu
1139 2047 1272 2076 Nazareni
1285 2048 1410 2076 cruciﬁxi
1432 2049 1486 2082 exi,
1502 2049 1620 2084 daemon,
1637 2050 1670 2078 ab
1681 2050 1734 2077 hoc

945 2095 1066 2126 homine,
1090 2094 1168 2129 isque
1184 2102 1267 2123 sanus
1291 2099 1362 2122 esto.
1381 2095 1422 2123 Ad
1437 2095 1495 2123 haec
1516 2096 1561 2123 ille
1579 2097 1735 2124 vociferans

945 2144 973 2168 et
988 2140 1063 2168 humi
1078 2140 1271 2175 procumbens.
1295 2146 1377 2176 atque
1399 2148 1431 2168 ex
1446 2149 1494 2169 ore
1514 2149 1625 2176 spumas
1639 2150 1734 2178 agens.

946 2193 1060 2221 seseque
1088 2186 1225 2214 dil'aniaus
1253 2186 1300 2214 diu
1329 2187 1481 2222 permansit
1509 2187 1675 2221 immobilis,
1704 2192 1734 2215 ut

107 2229 173 2256 καὶ¹
187 2227 324 2263 θεώμενος
341 2227 391 2262 τὴν
405 2226 472 2253 ἰδίαν
486 2225 636 2260 γύμνωσιν,
655 2225 767 2252 ἐαυτδν²
781 2225 893 2261 ἔκρυψε,

947 2236 1084 2259 mortuum
1096 2232 1152 2267 jam
1167 2240 1228 2260 esse
1242 2232 1378 2268 Iosephus
1394 2233 1528 2266 crederet,
1546 2233 1635 2265 donec
1649 2234 1735 2261 inter-

107 2275 156 2302 καὶ
166 2274 216 2306 τὰς
228 2275 321 2309 χεῖρας
338 2273 384 2299 ἐπὶ
400 2274 433 2308 τῇ
447 2271 562 2308 αίσχύνῃ
578 2271 707 2304 ἐπετίθει,
729 2272 828 2307 μηκέτι
843 2272 893 2306 φέ-

109 2329 165 2354 ρων
186 2320 250 2346 ίδεῖν
273 2319 321 2354 τὴν
339 2318 407 2345 ἰδίαν
424 2318 574 2353 γύμνωσιν.
593 2316 708 2352 ἰμάτιον
723 2317 751 2343 δὲ
768 2318 832 2353 παρ’
845 2317 896 2344 αὺ-

106 2366 156 2392 τοῦ
171 2365 219 2392 τοῦ
237 2365 369 2400 Ἰωσήπου
380 2384 388 2396 ,
404 2365 434 2397 ἐξ
447 2361 484 2391 ὧν
501 2361 587 2399 εἶχεν,
604 2363 738 2395 ἐνδυθεὶς.
757 2364 797 2394 είς
810 2363 896 2390 κατά-

109 2420 205 2438 στασιν
218 2410 350 2442 συνέσεως
362 2410 409 2437 καὶ
421 2409 608 2445 σωφρονισμοῦ
622 2409 716 2441 ἐλθὼν,
728 2409 767 2444 τῷ
776 2417 806 2435 τε
818 2409 896 2444 ἀνδρὶ

109 2457 196 2485 πολλά
219 2458 420 2493 εὐχαριστήσας
442 2457 489 2483 καὶ
502 2456 572 2492 Θεῷ,
593 2457 683 2490 γνοὺς,
706 2457 746 2483 ὅτι
763 2456 797 2483 δι’
812 2456 894 2483 αὑτοῦ

110 2504 189 2539 ἔτυχε
204 2504 253 2538 τῆς
270 2503 423 2538 σωτηρίας,
438 2503 468 2530 ἐν
481 2504 514 2539 τῇ
529 2503 605 2530 πόλει
627 2502 770 2538 διεφήμιζε
790 2503 836 2529 τὸν
849 2503 896 2530 ἄν·

109 2551 172 2586 δρα,
186 2551 233 2577 καὶ
243 2550 363 2584 γνωστὸν
377 2549 484 2583 ἐγένετο
495 2551 550 2581 τοῖς
563 2550 651 2576 ἐκεῖσε
670 2549 807 2580 Ἰουδαίοις
817 2548 896 2576 τοῦτο

109 2597 141 2623 τὸ
163 2597 286 2631 σημεῖον.
308 2595 426 2630 Θρύλλος
448 2595 477 2621 δὲ
501 2595 582 2626 πολὺς
607 2594 788 2630 ἠκολούθησεν
810 2595 839 2621 ἐν
861 2596 894 2630 τῇ

112 2641 206 2675 πόλει,
223 2641 373 2676 λεγόντων·
396 2641 436 2668 ὅτι
455 2640 584 2676 Ἰώσηπος
596 2640 631 2667 τὰ
644 2641 831 2675 γαζοφυλάκια
850 2641 896 2668 ἀν-

110 2688 201 2721 οίξας,
228 2689 275 2714 καὶ
291 2687 378 2724 εὑρὼν
392 2687 581 2723 γεγραμμένον
603 2687 633 2714 τὸ
654 2687 738 2722 ὕνομα
751 2687 797 2714 τοῦ
817 2687 895 2721 Θεοῦ,

112 2734 160 2760 καὶ
183 2734 333 2768 ἀναγνοὺς,
359 2735 459 2768 σημεῖα
484 2733 588 2768 μεγάλα
611 2733 765 2768 ἐργάζεται.
788 2731 842 2760 Ἦν
869 2733 897 2760 δέ

111 2777 211 2814 ἀληθὲς
225 2779 255 2805 τὸ
270 2779 315 2806 ὑπ’
329 2778 418 2806 αὐτῶν
433 2778 586 2814 λεγόμενον,
597 2779 646 2813 οὐχ
660 2779 697 2811 ὼς
711 2778 738 2805 δὲ
752 2778 828 2806 αὐτοὶ
843 2778 895 2806 ὑπ-

151 2868 159 2883 ‘
177 2875 222 2902 γρ.
243 2866 419 2902 Θεασάμενος.
459 2865 469 2881 ⁸
485 2873 531 2900 γρ.
545 2864 673 2900 ἔκρυπτε.

945 2278 1020 2313 jccto
1034 2277 1108 2306 horae
1125 2279 1213 2314 spatio
1230 2279 1334 2306 vultum
1350 2278 1501 2314 perfricans
1515 2279 1644 2306 surrexit.
1662 2278 1734 2306 Tum

949 2332 978 2352 se
1003 2324 1105 2352 nudum
1133 2325 1352 2353 animadverteris
1373 2325 1524 2357 occultare,
1550 2332 1582 2353 ac
1607 2326 1735 2354 manibus

949 2370 1077 2405 pudenda
1094 2375 1247 2405 protegere,
1262 2378 1294 2398 eo
1308 2378 1338 2398 se
1353 2370 1447 2397 habitu
1460 2371 1582 2406 corporis
1597 2379 1659 2398 esse
1672 2380 1734 2406 per-

948 2417 1062 2444 moleste
1075 2415 1155 2443 ferre.
1173 2415 1295 2450 Denique
1309 2419 1384 2444 veste
1395 2416 1429 2443 ab
1443 2415 1562 2451 Josepho
1572 2424 1603 2444 ex
1620 2417 1654 2444 iis
1667 2425 1735 2452 qua-

948 2469 1009 2489 rum
1025 2462 1105 2497 copia
1130 2465 1190 2489 erat
1213 2462 1324 2496 injecta,
1351 2462 1402 2489 sibi
1423 2463 1566 2490 restitutus
1589 2463 1735 2498 animoque

948 2508 1119 2543 compositus
1143 2515 1256 2543 magnas
1273 2509 1312 2535 illi
1341 2508 1492 2536 secundum
1517 2508 1601 2536 Deum
1631 2510 1735 2544 gratias

948 2553 1014 2588 egit,
1030 2553 1110 2587 cujus
1120 2560 1149 2580 se
1160 2553 1292 2581 beneﬁcio
1302 2554 1446 2581 liberatum
1464 2558 1641 2589 agnosceret:
1658 2562 1736 2582 eum-

948 2597 1064 2632 demque
1084 2601 1138 2624 tota
1160 2597 1227 2625 urbe
1244 2598 1424 2634 pervulgavit.
1447 2598 1485 2625 Ita
1502 2598 1657 2626 Iudaeorum
1676 2606 1735 2625 om-

950 2643 1025 2670 nium
1055 2643 1101 2677 qui
1124 2644 1187 2671 istic
1210 2649 1288 2672 erant
1313 2652 1393 2672 aures
1417 2645 1542 2672 miraculi
1567 2645 1641 2672 illius
1662 2644 1734 2671 fama

950 2688 1079 2723 pervasit.
1098 2688 1137 2716 Ex
1153 2697 1208 2724 quo
1223 2697 1318 2716 rumor
1331 2690 1428 2724 ingens
1442 2689 1608 2725 percrebuit,
1626 2689 1663 2715 ita
1679 2688 1736 2715 illis

947 2733 1141 2768 jactantibus:
1168 2733 1303 2770 Iosephus
1332 2739 1426 2770 aperto
1447 2734 1639 2770 gazophylacio
1665 2732 1735 2760 scri-

950 2783 1025 2815 ptum
1041 2779 1089 2808 Dei
1109 2788 1209 2808 nomen
1225 2781 1341 2814 invenit,
1357 2788 1444 2817 eoque
1462 2781 1532 2810 lecto
1539 2779 1659 2808 mirifica
1673 2785 1737 2814 por-
