1961 3046
258 147 311 176 425

957 143 986 171 S.
1007 142 1178 182 EPIPHANII

1833 149 1871 173 42
1876 150 1889 176 ὗ

259 207 333 231 tenta
350 210 381 230 ac
393 204 516 239 prodigia
533 203 606 230 facit.
620 202 712 237 Neque
727 202 796 230 falso
811 202 864 229 ista
877 200 1042 229 differeban-

1094 200 1195 228 ενόουν.
1213 200 1274 228 Ἔτι
1287 201 1314 228 δὲ
1328 201 1460 237 ἐπέμενεν
1477 202 1608 238 Ἰώσηπος
1622 202 1840 238 σκληρυνόμενος
1852 205 1887 239 τῇ

259 253 314 279 tur,
327 248 378 275 etsi
400 255 453 275 non
463 250 504 275 ‘eo
519 256 573 283 quo
586 248 623 274 illi
642 247 854 281 suspicabantur
874 245 955 272 modo
976 253 1044 272 con—

259 293 389 327 tigerant.
416 293 526 320 Interim
554 292 689 327 Josephus
717 292 866 318 inveterata
893 290 1043 326 pertinacia

258 338 434 365 obduruerat.
450 337 502 366 Sed
515 338 745 366 clementissimus
762 336 904 368 Dominus,
920 337 967 371 qui
982 343 1043 364 sese

258 382 434 416 diligentibus
450 383 578 417 praeclara
602 382 725 417 quaedam
749 382 828 409 offert
843 380 1044 416 consequendze

259 430 356 457 salutis
372 430 508 464 przcsidia,
519 430 613 457 eadem
632 429 687 457 illis
700 429 833 463 impertit,
849 436 919 463 quos
935 432 1043 455 aeterna;

258 475 320 502 vita:
336 475 465 502 felicitate
481 475 587 510 dignari
609 475 763 502 constituit.

293 519 338 547 ΧΙ.
355 519 407 547 Pcr
424 520 494 547 idem
509 524 618 555 tempus
635 528 697 547 cum
711 520 768 555 jam
788 520 943 555 patriarcha
959 519 1043 547 Judas

258 565 307 601 (ita
319 567 392 594 enim
408 565 477 593 forte
489 566 647 601 vocabatur)
664 566 697 593 ad
709 566 847 593 robustam
860 570 965 593 aetatem
979 574 1042 601 per-

258 611 388 643 venisset,
401 610 549 646 Josephum
567 611 670 646 praemii
682 611 742 638 loco
758 612 926 646 apostolatus
941 611 1042 647 (digni-

257 658 322 684 tatis
344 657 370 684 id
393 665 492 684 nomen
509 658 561 692 est)
583 659 687 685 honore
702 665 734 684 ac
752 658 903 685 commodis
917 662 1041 685 exornat.

258 703 322 731 Inde
338 711 400 730 cum
413 704 512 731 litteris
524 704 551 731 in
562 704 686 732 Ciliciam
698 704 893 740 proficiscitur.
906 703 967 738 Quo
979 712 1042 731 cum

257 749 437 782 accessisset,
461 756 625 784 unoquoque
645 757 676 777 ex
697 749 797 784 oppido
817 749 947 777 decumas
963 749 1042 785 135

257 800 290 820 ac
310 794 443 828 primitias
465 801 479 820 a
503 794 714 829 provincialibus
729 793 831 822 Judazis
851 794 986 829 exigebat.
1003 796 1042 821 Ac

258 842 315 865 tum
329 847 395 866 casu
409 840 533 875 contigit,
551 843 580 866 ut
598 841 691 867 nescio
704 849 756 876 qua
774 841 801 868 in
821 841 888 869 urbe
909 840 937 867 in
952 840 1041 867 vicina

1093 245 1201 282 καρδίᾳ.
1224 246 1303 273 Ἀλλὰ
1317 247 1331 273 ὁ
1349 247 1536 283 φιλάνθρωπος
1558 248 1644 280 Θεὸς,
1671 248 1822 283 προφάσεις
1843 249 1889 275 ἀεὶ

1091 289 1178 322 διδοὺς
1216 292 1353 327 σωτηρίας
1382 293 1437 323 τοῖς
1471 292 1614 326 ἀγαπῶσιν
1643 292 1725 319 αὑτὸν
1760 293 1887 326 ἀγαθὰς,

1092 336 1192 368 ταύτας
1206 337 1319 372 παρέχει
1335 338 1391 369 τοῖς
1403 337 1442 369 είς
1454 335 1526 373 ζωὴν
1541 337 1763 373 καταξιουμένοις
1777 337 1887 374 ἀνθρὼ-

1093 390 1165 413 ποις.

1128 514 1180 539 lA'.
1201 513 1362 548 Συμεέϐηκε
1379 514 1433 550 γὰρ
1451 515 1532 542 αὐτὸν
1553 516 1598 542 τὸν
1616 515 1746 552 Ἰώσηπον
1765 516 1834 552 μετὰ
1852 517 1884 543 τὸ

1093 557 1255 593 ἀδρυνθῆναι
1276 558 1375 585 Ἰούδαν
1390 559 1436 585 τὸν
1456 560 1644 596 πατριάρχην,
1669 561 1698 587 ὃν
1715 561 1883 596 προείπομεν

1093 605 1175 640 (τάχα
1190 606 1243 641 γὰρ
1258 605 1343 637 οὕτως
1360 606 1494 640 ἐλέγετο),
1512 607 1630 642 ἀμοιϐῆς
1648 607 1729 634 ἐνεκα
1741 607 1825 643 γέρας
1843 606 1883 642 τῷ

1099 651 1221 686 Ἰωσήπῳ
1238 651 1288 686 τῆς
1304 651 1454 687 ἀποστολῆς
1465 651 1555 678 δοῦναι
1569 653 1618 688 τὴν
1633 653 1810 688 ἐπικαρπίαν.
1827 652 1882 679 Καὶ

1095 698 1153 732 μετ’
1166 697 1316 724 ἐπιστολῶν
1330 695 1407 729 οὗτος
1425 698 1620 726 ἀποστέλλεται
1639 699 1680 730 είς
1697 699 1746 735 τὴν
1761 698 1881 725 Κιλίκων

1093 744 1154 779 γῆν.
1172 746 1234 777 Ὃς,
1252 740 1370 772 ἀνελθὼν
1388 747 1488 778 ἐκεῖσε,
1504 745 1558 772 ἀπὸ
1580 746 1698 782 ἑκάστης
1715 745 1818 777 πόλεως
1830 745 1881 781 τῆς

1093 790 1219 823 Κιλικίας
1235 791 1268 818 τὰ
1292 791 1440 819 ἐπιδέκατα
1462 793 1509 819 καὶ
1525 792 1574 824 τὰς
1590 791 1718 828 ἀπαρχὰς
1734 792 1807 828 παρὰ
1826 794 1881 818 τῶν

1093 837 1122 862 ἐν
1140 838 1172 873 τῇ
1190 837 1307 873 ἐπαρχίᾳ
1329 838 1463 865 Ἰουδαίων
1484 838 1671 874 εἰσέπραττεν.
1693 839 1736 866 Ἐν
1749 838 1836 873 τούτῳ
1851 838 1881 864 δὲ

257 885 381 912 ecclesia:
397 885 478 912 domo
491 885 685 912 diversaretur.
706 885 809 913 Exinde
823 891 964 913 contracta
981 893 1042 913 cum

1094 883 1132 918 τῷ
1147 883 1236 918 καιρῷ
1260 883 1408 918 κατάγεται
1436 884 1626 921 πλησιαίτερον
1644 885 1694 919 τῆς
1715 885 1880 920 ἐκκλησίας,

258 930 386 965 episcopo
402 931 586 958 familiaritate
599 931 668 958 clam
684 932 719 958 ab
736 923 774 959 eo.
786 930 993 967 Evangeliorum
1008 932 1040 959 li-

259 974 336 1001 brum
355 977 482 1010 postulat,
505 982 537 1003 ac
558 976 632 1011 legit.
649 975 681 1002 Et
697 977 827 1012 quoniam
844 985 894 1012 pro
910 985 942 1004 ea
958 984 1040 1012 quam

258 1021 367 1055 gerebat
381 1021 497 1055 apostoli
514 1021 656 1049 functione
669 1022 717 1057 (ita
729 1022 812 1055 enim,
824 1026 853 1049 ut
871 1022 1000 1054 diximus,
1009 1030 1041 1048 ea

258 1066 375 1102 dignitas
387 1068 509 1103 vocatur)
523 1076 656 1095 summam
669 1077 724 1104 prie
736 1077 765 1096 se
778 1069 949 1104 gravitatem,
961 1072 1042 1103 atque

260 1111 287 1138 in
308 1112 499 1139 constituenda
514 1112 660 1148 disciplina
677 1114 849 1141 severitatem
868 1106 982 1145 ferebat,
997 1114 1042 1141 cui

259 1157 297 1184 rei
311 1158 470 1191 praestanda
484 1157 571 1185 fuerat
584 1159 697 1190 electus,
711 1167 743 1186 ac
760 1160 905 1194 plerosque
924 1167 1042 1195 synago-

261 1202 304 1237 gis
330 1202 482 1237 praefectos,
510 1207 537 1230 et
573 1204 793 1243 sacerdotes,_ac
817 1205 993 1239 presbyteros
1015 1209 1043 1231 et

259 1248 398 1278 Altinius.
415 1257 470 1283 quo
488 1249 598 1277 nomine
621 1250 753 1277 diaconos
770 1253 817 1276 aut
834 1250 975 1278 ministros
994 1257 1042 1285 ap-

259 1293 371 1327 pellant,
388 1294 512 1322 homines
526 1295 666 1330 improbos
681 1296 708 1322 in
722 1295 843 1323 ordinem
859 1295 998 1330 redegerat
1010 1303 1042 1323 ac

258 1339 390 1374 dignitate
403 1340 534 1374 privarat,
553 1341 701 1368 multorum
717 1341 743 1367 in
761 1348 790 1367 se
807 1341 941 1367 convertit
961 1341 1040 1367 odia:

258 1385 304 1418 qui
330 1389 358 1411 ut
374 1393 436 1412 eum
459 1385 669 1418 ulciscerentur,
699 1386 836 1414 curiosius
853 1387 996 1421 explorare
1015 1391 1042 1413 et

258 1438 319 1464 qua:
334 1430 368 1456 ab
383 1430 428 1457 illo
441 1435 599 1465 gererentur
615 1431 752 1466 inquirere
765 1439 939 1466 summopere
949 1432 1042 1466 cupie-

259 1475 333 1502 bant.
361 1474 402 1502 Ob
428 1483 474 1503 eas
501 1476 583 1511 igitur
615 1484 713 1504 causas
745 1478 902 1505 acutissime
931 1477 1040 1505 tandem

258 1519 363 1546 odorati
383 1528 416 1547 ex
432 1521 580 1556 improviso
595 1521 724 1557 impetum
740 1522 767 1549 in
783 1522 855 1550 ardes
868 1522 980 1554 faciunt,
998 1527 1040 1549 at-

258 1575 310 1602 que
322 1567 348 1594 in
365 1567 422 1602 ipsa
442 1555 647 1603 Evangelioruni
661 1569 777 1596 lectione
789 1568 937 1604 Josephum
951 1570 1042 1605 oppri-
1055 1555 1077 1585 θ’

258 1617 344 1639 munt.
364 1611 413 1639 llic
429 1613 499 1640 libro
514 1613 548 1640 de
560 1613 686 1641 manibus
697 1619 791 1648 erepto
804 1613 940 1641 hominem
953 1616 1040 1642 corri-

259 1658 345 1693 piunt,
361 1662 388 1685 e't
405 1658 438 1685 ad
454 1662 554 1685 terram
571 1660 678 1687 allisum
694 1659 886 1694 vociferantes,
903 1662 1043 1688 maximis-

258 1711 311 1738 que
332 1704 508 1731 contumeliis
528 1709 658 1732 vexantes
676 1705 702 1732 in
716 1713 880 1741 synagogam
891 1706 1040 1741 abducunt,

258 1749 397 1784 virgisque
420 1749 537 1777 wdunt.
558 1749 681 1777 Primum
708 1750 760 1778 hoc
775 1751 808 1778 ab
826 1753 874 1779 illo
893 1753 1042 1788 legitimum

258 1799 395 1820 certamen
406 1801 455 1829 pro
465 1794 516 1821 ﬁde
529 1800 697 1830 susceptum.
711 1795 751 1822 Ad
760 1795 818 1823 haec
829 1798 948 1824 accurrit
966 1799 1042 1827 urbis

258 1838 414 1873 episcopus,
427 1846 543 1874 eumque
557 1847 591 1866 ex
604 1839 711 1866 illorum
725 1840 852 1867 manibus
866 1840 956 1875 eripit.
968 1840 1043 1870 Alias

258 1883 358 1911 deinde
372 1891 433 1911 cum
449 1884 502 1911 iter
514 1888 637 1919 agentem
648 1884 835 1917 offendissent,
849 1886 888 1913 sic
899 1887 970 1914 enim
986 1887 1043 1922 ipse

259 1930 399 1961 narrabat,
415 1929 441 1956 in
455 1929 579 1965 Cydnum
593 1930 744 1965 abjiciunt;
760 1935 841 1966 atque
853 1931 929 1959 illum
940 1933 1043 1967 impetu

259 1974 380 2002 tiu-ruinis
398 1975 541 2010 abreptum
553 1983 584 2002 ac
596 1975 647 2003 sub
661 1983 747 2012 aquas
758 1976 913 2005 demersum
929 1978 1043 2013 periisse

259 2020 311 2048 rati
328 2028 492 2056 magnopere
506 2021 591 2056 gavisi
607 2026 680 2049 sunt.
696 2021 750 2049 Sed
769 2022 792 2050 is
807 2027 931 2051 servatus
949 2028 1043 2059 postea

259 2067 363 2094 cmlesti
381 2067 516 2094 lavatione
532 2067 659 2102 dignatus
679 2073 731 2096 est.
753 2068 822 2096 Hinc
836 2069 870 2096 ad
885 2070 1042 2098 comitatum

260 2117 405 2148 provectus
416 2113 450 2140 ad
459 2113 629 2141 Constantini
639 2114 811 2151 imperatoris
823 2115 970 2143 amicitiam
986 2124 1045 2151 per-

259 2159 343 2190 venit,
357 2159 436 2193 eique
451 2159 583 2194 quidquid
594 2160 645 2188 sibi
661 2160 797 2188 aceiderat
812 2162 954 2196 exposuit;
967 2163 1043 2197 prin-

1093 930 1142 956 οὐκ
1152 927 1199 956 οἶδ’
1214 930 1301 956 εἰπεῖν
1317 930 1346 956 ὲν
1364 930 1429 966 ποίᾳ
1446 931 1532 957 πόλει.
1548 930 1684 957 Φιλιοῧται
1696 931 1724 957 δὲ
1739 930 1777 966 τῷ
1792 931 1881 957 ἐκεῖσε

1093 975 1245 1010 ἐπισκόπῳ,
1260 975 1289 1006 ὃς
1305 975 1455 1011 λεληθότως
1468 975 1552 1011 ᾔτησε
1568 976 1632 1012 παρ’
1648 975 1730 1002 αὑτοῦ
1745 975 1778 1002 τὰ
1793 976 1882 1009 Εὐαγ-

1092 1020 1179 1055 γέλια,
1193 1021 1240 1047 καὶ
1253 1021 1368 1055 ἀνέγνω.
1391 1021 1466 1047 Ἐπεὶ
1490 1019 1546 1054 οὖν,
1559 1019 1603 1048 οἷα
1619 1021 1769 1054 ἀπόστολος
1784 1021 1882 1057 (οὕτως

1091 1067 1146 1102 γὰρ
1169 1067 1233 1102 παρ’
1257 1067 1366 1099 αὐτοῖς,
1389 1068 1427 1099 ὼς
1446 1067 1530 1102 ἔφην,
1550 1067 1580 1094 τὸ
1601 1067 1709 1104 ἀξίωμα
1725 1066 1881 1103 καλεῖται),

1093 1113 1305 1149 ἐμϐριθέστατος
1320 1113 1367 1140 καὶ
1380 1113 1540 1149 καθαρεύων
1551 1113 1631 1149 δῆθεν
1644 1114 1678 1140 τὰ
1694 1114 1733 1145 είς
1745 1114 1883 1140 κατάστα·

1093 1166 1136 1184 σιν
1152 1158 1279 1194 εὐνομίας
1291 1179 1298 1191 ,
1323 1159 1410 1191 οὕτως
1423 1159 1558 1187 ἐπιτελεῖν
1582 1160 1798 1196 προϐαλλόμενος
1814 1159 1882 1195 (25),

1093 1202 1206 1235 πολλοὺς
1220 1203 1273 1230 τῶν
1294 1204 1386 1230 κακῶν
1401 1205 1623 1232 κατασταθέντων
1638 1205 1882 1241 ἀρχισυναγώγων,

1093 1249 1139 1276 καὶ
1160 1249 1265 1284 ίερέων,
1288 1251 1335 1277 καὶ
1361 1251 1563 1286 πρεσϐυτέρων,
1589 1251 1636 1277 καὶ
1661 1250 1808 1282 Ἀζανιτῶν
1826 1249 1883 1276 τῶν

1093 1295 1157 1330 παρ’
1172 1295 1263 1327 αὐτοῖς
1280 1296 1336 1330 (26)
1353 1296 1485 1323 διακόνων
1509 1296 1762 1332 ἐρμηνευομένωνῆ
1777 1297 1883 1331 ὑπηρε-

1092 1339 1156 1370 τῶν,
1174 1339 1312 1375 καθαιρῶν
1325 1349 1356 1366 τε
1370 1340 1416 1366 καὶ
1429 1340 1584 1376 μετακινῶν
1598 1339 1645 1366 τοῦ
1662 1339 1816 1375 ἀξιώματος
1828 1339 1883 1366 ὑπὸ

1093 1384 1198 1411 πολλῶν
1212 1385 1358 1411 ἐνεκοτεῖτο
1370 1405 1377 1414 .
1394 1386 1492 1418 οἵτινες
1512 1385 1606 1421 ὼοπερ
1627 1385 1781 1421 ἀμύνασθαι
1800 1386 1883 1411 αὑτὸν

1093 1431 1258 1465 πειρώμενοι
1281 1430 1515 1466 πολυπραγμονεῖν
1536 1430 1630 1457 τοῦτον
1653 1432 1701 1457 καὶ
1728 1431 1882 1467 ίχνηλατεῖν

1093 1476 1126 1501 τὰ
1153 1476 1218 1510 παρτ
1233 1475 1314 1502 αὑτοῦ
1328 1475 1456 1511 γινόμενα
1471 1476 1501 1502 οὐ
1519 1476 1624 1512 μικρῶς
1638 1477 1811 1509 ἐσπούδαζον.
1831 1478 1884 1505 Διὰ

1093 1521 1220 1557 τοιαύτην
1243 1521 1271 1548 δὲ
1300 1521 1390 1548 αἰτίαν
1417 1521 1745 1558 πολυπραγμονήσαντες,
1776 1523 1884 1558 ἀθρόως

1094 1570 1259 1605 είσέφρησαν
1273 1563 1363 1596 οἴκαδε
1379 1571 1419 1601 είς
1434 1570 1466 1597 τὸ
1481 1571 1564 1597 αὑτοῦ
1580 1571 1714 1605 ἐφέστιον,
1733 1572 1780 1598 καὶ
1795 1581 1884 1600 κατα-

1093 1616 1277 1651 λαμὸἀνουσιν
1298 1616 1377 1644 αὑτὸν
1398 1616 1431 1644 τὰ
1457 1617 1610 1651 Εὐαγγέλια
1627 1617 1814 1654 διερχόμενον·
1831 1620 1884 1654 τήν

1093 1671 1123 1688 τε
1137 1662 1227 1697 βίὸλον
1240 1662 1397 1697 κατέχουσι,
1412 1663 1457 1689 τὸν
1468 1663 1497 1689 δὲ
1512 1663 1596 1699 ἄνδρα
1609 1664 1770 1699 ἁρπάζουσι,
1788 1664 1881 1699 σύρονν

1093 1716 1138 1740 τες
1157 1708 1263 1743 χαμαὶ,
1282 1707 1327 1734 καὶ
1345 1707 1470 1742 βοῶντες,
1491 1709 1536 1735 καὶ
1550 1708 1640 1740 αἰκίας
1656 1708 1831 1744 ἐπιφέροντες
1851 1710 1882 1736 οὐ

1092 1753 1142 1785 τὰς
1158 1753 1302 1788 τυχούσας,
1316 1754 1452 1788 ἀπάγουσι
1466 1753 1514 1788 μὲν
1529 1754 1568 1785 εἰς
1582 1754 1632 1789 τὴν
1648 1754 1820 1790 συναγωγὴν,
1833 1756 1883 1781 καὶ

1095 1798 1254 1834 μαστίζουσι
1269 1798 1380 1831 τοῦτον,
1403 1799 1449 1825 καὶ
1468 1798 1537 1825 κατὰ
1558 1798 1602 1825 τὸν
1620 1798 1701 1834 νόμον
1717 1797 1793 1830 οὗτος
1808 1799 1883 1826 αὑτᾶς

1093 1843 1201 1879 πρῶτος
1220 1843 1294 1878 ἀγὼν
1309 1843 1422 1878 γίνεται.
1451 1844 1567 1878 Ἐπέστη
1583 1843 1611 1869 δέ
1635 1845 1648 1870 ὁ
1667 1843 1813 1875 ἐπίσκοπος
1832 1845 1882 1879 ﬁt,

1093 1889 1207 1922 πόλεως,
1223 1890 1271 1916 καὶ
1286 1890 1411 1924 ἀφείλετο
1432 1889 1523 1918 αὐτόν.
1538 1889 1647 1916 ’Λλλοτε
1662 1890 1690 1916 δὲ
1705 1891 1883 1925 καταλαμεὰ-

1093 1944 1184 1962 νουσιν
1203 1936 1283 1963 αὑτὸν
1298 1937 1327 1963 ἐν
1342 1936 1479 1972 ὁδοιπορίᾳ
1494 1935 1556 1968 τινὶ,
1574 1936 1612 1967 ὡς
1625 1936 1690 1971 ἡμῖν
1709 1937 1881 1972 ὑφηγήσατο,

1093 1982 1140 2008 καὶ
1155 1982 1295 2017 ῥίπτουσιν
1309 1982 1390 2008 αὐτὸν
1410 1982 1449 2013 είς
1470 1981 1572 2008 Κύδνον
1589 1982 1634 2008 τὸν
1649 1982 1778 2017 ποταμόν.
1794 1983 1839 2018 Τῷ
1853 1983 1882 2010 δὲ

1095 2028 1210 2064 ῥεύματι
1234 2027 1332 2054 αὐτὸνι
1354 2028 1512 2063 ἁρπαγέντα
1536 2028 1689 2060 ὲτόπασαν,
1711 2029 1747 2064 μή
1769 2037 1806 2064 πη
1827 2029 1883 2064 ἄρα

1093 2073 1191 2100 δλωλεν
1212 2073 1374 2109 ὐποῦρύχιος
1390 2073 1535 2108 γενόμενος
1556 2075 1612 2105 τοῖς
1633 2073 1711 2100 ὕδασι
1722 2082 1728 2088 ·
1744 2075 1791 2100 καὶ
1808 2074 1883 2109 ἔχαι-

1095 2128 1141 2155 ρον
1153 2119 1200 2145 ἐπὶ
1214 2119 1312 2155 τούτῳ.
1329 2120 1358 2145 ’0
1379 2119 1407 2145 δὲ
1426 2118 1516 2155 μικρῷ
1537 2119 1649 2155 ὕστερον
1672 2119 1786 2154 λουτροῦ
1803 2120 1882 2154 ἁγίου

1095 2152 1267 2198 καταξιοῦται
1278 2152 1293 2180 ’1
1307 2164 1395 2201 ἐσώθη
1421 2152 1485 2200 γάρί
1502 2152 1610 2191 ἰἈνεισιν
1624 2165 1652 2191 δὲ
1675 2165 1722 2191 ἐπὶ⁸
1738 2152 1770 2192 τὸ
1793 2152 1882 2201 κομη-

259 2204 347 2239 cipcm
365 2212 395 2232 se
411 2203 519 2232 Juilaeos
538 2205 609 2232 inter
633 2205 773 2241 dignitatis
791 2207 880 2234 locum
896 2207 1041 2241 habuisse;

1095 2213 1184 2244 τᾶτον,
1203 2212 1251 2238 καὶ
1271 2211 1376 2247 βασιλεῖ
1393 2211 1588 2247 Κωνσταντίνῳ
1603 2211 1748 2246 φιλιοῦται,
1764 2212 1811 2239 κα)⁵
1833 2213 1882 2238 ἀν-

258 2250 306 2277 sed
321 2250 378 2278 visa
395 2251 447 2278 sibi
472 2251 625 2286 frequentia
639 2252 771 2280 divinitus
788 2253 890 2285 oblata,
911 2254 1043 2282 invitante

258 2295 383 2328 Domino,
399 2300 429 2323 ut
450 2296 483 2324 ad
507 2296 568 2324 fidei
587 2297 806 2333 cognitionisque
827 2306 884 2327 sua:
903 2291 1044 2328 sanctissi-

257 2349 328 2368 mam
347 2347 447 2370 sortem
478 2350 510 2370 ac
529 2343 642 2370 salutent
657 2351 718 2371 sese
734 2345 904 2373 transferret.
921 2346 956 2372 At
971 2347 1043 2381 opti-

258 2395 319 2414 mus
336 2388 493 2423 imperator,
508 2389 663 2425 Christique
678 2398 771 2419 revera
791 2399 897 2425 servus,
913 2397 940 2419 et
951 2392 1043 2420 divino

256 2433 376 2468 quodam
390 2434 462 2462 inter
480 2435 618 2471 principes
634 2436 731 2464 ardore
742 2442 804 2472 post
818 2437 958 2471 Davidem,
975 2438 1042 2466 Eze-

257 2479 357 2512 chiam,
375 2484 402 2507 et
416 2479 519 2508 Josiam
538 2487 671 2516 :estuans,
692 2483 744 2510 boc
759 2483 799 2510 illi
816 2483 957 2520 dignitatis
972 2493 1043 2520 prte-

258 2525 354 2557 mium,
370 2525 442 2560 quod
466 2526 547 2560 paulo
563 2531 627 2554 ante
644 2527 799 2561 retulimus,
815 2530 941 2561 contulit,
956 2531 1043 2558 comi-

259 2574 368 2605 temque
395 2571 470 2601 fecit,
498 2571 597 2605 jubens
625 2572 737 2608 insuper
761 2577 791 2600 ut
814 2574 946 2609 quidquid
961 2576 1042 2603 vellet

257 2619 373 2650 optaret.
389 2615 469 2652 136
488 2616 534 2645 llle
546 2617 614 2645 nihil
627 2619 701 2646 aliud
716 2619 772 2647 nisi
787 2620 840 2648 hoc
855 2628 939 2648 unum
957 2623 1044 2650 maxi-

295 2695 303 2711 '
315 2703 361 2731 γρ.
377 2695 585 2731 ἀφαρπαγέντα.

293 2753 348 2788 ('25)
368 2753 466 2786 Οὕτως
501 2753 646 2780 ἐπιτελεῖν
679 2754 930 2788 προϐαλλόμενος,
950 2753 1038 2781 Variis

257 2789 346 2816 modis
361 2788 490 2823 explicari
511 2788 592 2815 verba
610 2789 662 2814 ista
679 2793 794 2822 possunt
809 2798 815 2815 :
830 2792 886 2816 sive
902 2796 1038 2820 eosensu,

277 2832 336 2851 nem
350 2823 534 2855 reddidimus;
551 2823 608 2849 sive
621 2831 700 2858 quem
716 2823 865 2852 (lornarius
881 2824 1036 2858 expressit:

277 2832 336 2851 nem
350 2832 534 2855 reuututmus;
551 2832 608 2849 sn-e
621 2832 700 2856 quem

257 2832 301 2886 git:
313 2860 379 2886 enim
393 2867 420 2886 se
428 2858 515 2892 facere
528 2857 709 2886 Drwlendobal.

501 2752 646 2780 ἐπιτελεῖν
679 2754 930 2788 προϐαλλόμενος,
950 2753 1040 2781 Variis

1095 2257 1171 2284 έθετο
1187 2256 1261 2292 αὑτῷ
1273 2256 1308 2283 τὰ
1323 2256 1384 2283 καθ’
1400 2257 1496 2283 ἑαυτὸν
1509 2257 1626 2288 ἅπαντα,
1647 2257 1684 2288 ὡς
1698 2254 1731 2292 ἧν
1751 2257 1805 2283 τῶν
1821 2258 1882 2284 κατ’

1101 2303 1242 2334 Ἰουδαίους
1264 2303 1432 2338 ἐξοχωτάτης
1457 2302 1555 2334 ἀξίας,
1580 2303 1628 2330 καί
1651 2303 1688 2334 ὡς
1712 2304 1740 2329 αἱ
1758 2303 1881 2330 θεοπτίαι

1094 2348 1168 2384 αὐτῷ
1185 2349 1272 2384 πάντη
1287 2349 1437 2382 ἐφαίνοντο,
1456 2348 1560 2384 Κυρίου
1582 2348 1662 2375 αὐτὸν
1677 2348 1883 2384 προσκαλουμέ-

1095 2402 1140 2421 νου
1154 2395 1193 2426 είς
1206 2394 1256 2430 τὴν
1269 2393 1349 2428 ἁγίαν
1364 2393 1459 2428 κλῆσιν
1472 2394 1520 2420 καὶ
1539 2393 1676 2428 σωτηρίαν
1692 2393 1741 2428 τῆς
1757 2394 1817 2420 κατ’
1834 2394 1882 2420 αὐ-

1094 2440 1139 2466 τὸν
1157 2439 1272 2471 πίστεώς
1286 2448 1316 2466 τε
1330 2440 1376 2465 καὶ
1389 2438 1526 2473 γνώσεως.
1545 2438 1574 2464 '0
1587 2438 1614 2464 δὲ
1627 2438 1728 2472 ἀγαθὸς
1743 2438 1878 2473 βασιλεὺς,

1092 2485 1184 2517 δοῦλος
1206 2484 1243 2512 ὢν
1263 2485 1381 2520 Χριστοῦ
1406 2486 1434 2512 ἐν
1455 2484 1579 2520 ἀληθείᾳ,
1596 2485 1643 2510 καὶ
1664 2485 1709 2511 τὸν
1727 2485 1799 2511 κατὰ
1815 2485 1880 2511 Θεὸν

1094 2531 1173 2566 ζῆλον
1198 2532 1227 2558 ἐν
1252 2530 1389 2566 βασιλεῦσι
1414 2530 1484 2566 μετὰ
1506 2530 1587 2557 Δαϐὶδ
1612 2531 1658 2557 καὶ
1684 2530 1807 2562 Ἐζεκίαν
1835 2529 1880 2556 καὶ

1100 2577 1205 2604 Ἰωσίαν
1226 2577 1393 2612 κεκτημένος
1418 2576 1502 2612 γέρας
1527 2576 1600 2611 αὺτῷ
1621 2576 1744 2608 δίδωσιν,
1768 2576 1807 2607 ὡς
1829 2576 1880 2610 ἥδη

1093 2624 1233 2658 προεῖπον,
1248 2622 1404 2658 ἀξιώματος
1423 2624 1452 2650 ὲν
1466 2624 1499 2658 τῇ
1515 2622 1597 2649 αὑτοῦ
1614 2622 1746 2658 βασιλείᾳ.
1765 2622 1880 2658 Κύμη-τα

1129 2756 1184 2791 (26)
1205 2757 1260 2783 Καὶ
1277 2757 1426 2788 Ἄζανιτῶν
1443 2758 1503 2786 τῶν
1523 2759 1590 2794 παρ’
1607 2759 1723 2792 αὐτ-οἵᾳ,
1737 2758 1824 2794 Judaei

1091 2797 1191 2827 vocant
1214 2799 1357 2827 synagoga-2
1386 2793 1617 2827 ministrum,'vel
1645 2795 1784 2822 aadituuui.
1810 2793 1878 2824 Vi'de

1091 2823 1176 2854 Eliam
1194 2827 1220 2854 in
1229 2823 1339 2860 'I/iisbi.
