1961 3046
76 153 127 181 I25

392 153 574 182 ADVERSUS
595 153 766 182 IIAERESES
783 155 846 183 LIB.
868 155 890 182 I.
908 154 989 184 TOM.
1010 155 1041 183 II.
1061 171 1096 176 —
1114 155 1250 184 IIIERES.
1270 155 1354 184 XXX.

1650 156 1701 183 4'26

76 211 131 246 γὰρ
146 211 227 237 αὑτὸν
243 220 392 248 κατεστησε
408 213 475 248 (27),
490 213 578 247 φήσας
593 213 668 248 αὺτῷ
684 214 769 240 αίτεϊν
784 213 865 240 πάλιν

923 213 953 240 ni
969 213 1096 241 beneﬁcii
1116 214 1176 241 loco
1192 214 1354 249 postulavit,
1372 212 1424 241 sibi
1443 216 1473 240 ut
1496 213 1525 240 in
1543 212 1701 241 Iudaeorum

75 257 89 283 ὃ
104 256 239 291 βούλεται.
255 257 284 285 '0
293 257 321 284 δὲ
335 258 411 284 οὐδὲν
424 259 543 293 ᾐτήσατο
559 259 628 294 πλὴν
645 259 723 285 τοῦτο
739 259 866 294 μέγιστον

75 301 199 337 χάρισμα
214 303 305 337 τυχεῖν
317 304 392 338 παρὰ
405 302 452 329 τοῦ
468 303 610 338 βασιλέως,
623 303 653 329 τὸ
669 304 864 338 ἐπιτραπῆναι,

75 347 125 373 καὶ
135 347 179 374 διὰ
190 347 398 383 προστάγματος
415 347 554 383 βασιλικοῦ
570 348 744 383 οἰκοδομῆσαι
756 347 866 383 Χριστῷ

77 392 224 427 ἐκκλησίας
243 393 271 419 ὲν
281 394 339 423 ταῖς
353 392 446 419 πόλεσι
466 392 513 418 καὶ
526 392 633 427 κώμαις
646 393 701 419 τῶν
720 392 864 420 Ἰουδαίων.

79 438 164 464 Ἔνθα
179 447 221 470 τις
235 438 362 465 οὐδέποτε
387 438 495 474 ἴσχυσεν
511 438 685 474 οἰκοδομῆσαι
701 438 846 472 ἐκκλησίας
856 459 864 470 ,

75 483 122 510 διὰ
135 484 166 510 τὸ
177 484 246 519 μήτε
254 484 371 518 Ἕλληνα
384 484 451 519 μήτε
465 484 637 519 Σαμαρείτην
655 485 723 519 μήτε
735 485 756 510 Χ
761 493 866 520 ριστια-

76 530 122 557 νὸν
138 530 219 566 μέσον
240 530 329 556 αὐτῶν
344 528 423 557 εῖναι.
446 530 531 556 Τοῦτο
555 530 582 557 δὲ
604 530 720 565 μάλιστα
740 531 768 556 ὲν
785 530 864 556 Τιϐε-

77 576 164 611 ριάδι,
187 576 236 602 καὶ
260 577 288 602 ὲν
309 575 514 611 Διοκαισαρείᾳ,
531 577 562 610 τῇ
580 576 627 602 καὶ
640 575 803 610 Σεπφουρὶν,
818 576 866 602 καὶ

76 621 106 646 ὲν
124 620 269 656 Ναζαρὲτ,
285 621 333 646 καὶ
349 621 376 647 ὲν
393 621 597 656 Καφαρναοὺμ,
617 620 782 655 φυλάσσεται
800 621 864 656 παρ’

76 664 169 694 αὐτοῖς
183 663 228 690 τοῦ
247 664 284 699 μὴ
295 662 364 690 εἶναι
380 673 441 691 τινα
457 664 536 691 ἄλλου
550 665 652 697 ἔθνους.

113 709 153 735 IB’
183 709 281 736 Λαϐὼν
297 709 324 736 δὲ
339 711 353 736 ὁ
375 710 505 745 Ἰώσηπος
519 711 552 737 τὰ
573 711 726 747 γράμματα
749 712 796 738 καὶ
816 711 865 747 τὴν

77 754 202 787 ἐξουσίαν
225 756 292 790 μετὰ
320 755 366 782 τοῦ
391 755 545 791 ἀξιώματος
574 757 620 783 ἐπὶ
646 758 695 792 τὴν
719 758 865 793 Τιϐεριάδα

75 799 154 837 ¹ἧκεν,
168 801 237 836 ἔχων
254 802 301 828 καὶ
315 802 460 835 ἐπιστολὰς
473 802 527 830 ἀπὺ
540 802 594 830 τῶν
613 803 759 838 βασιλικῶν
775 804 866 830 ἀναλί-

77 855 165 880 σκειν,
179 847 247 874 ἀλλὰ
269 848 315 874 καὶ
338 848 419 880 αὐτὸς
433 848 557 883 ὀψωνίοις
580 849 656 885 παρὰ
670 849 718 876 τοῦ
735 849 865 885 βασιλέως

919 257 997 293 pagis
1012 258 1140 285 omnibus
1151 262 1178 285 et
1192 258 1300 293 oppidis
1312 258 1539 285 exstruendarum
1555 259 1583 285 in
1599 259 1703 286 Christi

919 304 1050 331 honorem
1071 304 1250 332 ecclesiarum
1276 308 1398 339 potestas
1418 304 1594 339 imperatoris
1612 304 1703 332 edicto

919 349 1005 377 ﬁeret.
1020 349 1126 383 Quibus
1141 350 1168 377 in
1183 350 1252 378 Iocis
1269 358 1350 378 neruo
1362 358 1481 385 unquam
1494 351 1626 379 ecclesias
1638 351 1703 378 aedi—

920 395 1001 422 licare
1016 399 1162 430 potuerat;
1181 395 1254 430 quod
1271 396 1363 423 nullus
1381 396 1453 423 inter
1468 404 1515 424 eos
1535 404 1623 432 neque
1638 405 1703 431 gen-

918 441 986 472 tilis,
1002 449 1090 475 neque
1106 441 1306 474 Samaritanus,
1324 450 1414 477 neque
1433 443 1608 470 Christianus
1623 443 1702 470 habi-

917 492 996 514 taret.
1010 486 1218 522 Praesertimque
1232 487 1387 519 Tiberiade.
1398 488 1585 521 Diocaasareze,
1602 497 1662 524 qua:
1676 493 1702 516 et
1752 486 1755 489 λ

924 533 1068 568 Sephurim
1086 534 1197 565 dicitur,
1215 533 1353 566 Nazareti,
1370 535 1582 569 Capharnanmi,
1600 535 1644 562 ubi
1661 535 1704 562 di-

918 579 1032 614 ligenter
1048 579 1099 607 hoc
1113 580 1271 613 observant,
1287 588 1368 608 nemo
1384 586 1414 608 ut
1428 582 1516 617 gentis
1529 581 1641 609 alterius
1655 581 1704 608 do-

918 625 1049 652 micilium
1063 625 1119 652 illic
1132 625 1240 652 habeat.

952 709 1011 738 XII.
1028 710 1061 737 At
1077 710 1215 745 Josephus
1230 711 1350 746 acceptis
1372 718 1435 738 cum
1456 719 1488 739 ea
1511 715 1645 746 potestate
1671 719 1703 739 ac

918 757 1052 791 dignitate
1070 757 1171 785 litteris
1194 757 1365 785 ’I‘iberiadem
1395 758 1522 792 perrexit,
1548 766 1657 793 unaque
1676 763 1703 785 rt

918 802 1066 837 diplomata
1084 810 1178 830 secum
1194 803 1294 836 attulit,
1319 803 1421 838 quibus
1444 803 1582 838 impensas
1604 812 1620 831 e
1636 804 1705 831 fisco

917 851 1038 883 caperet,
1055 855 1117 875 cum
1134 848 1260 883 privatim
1277 849 1335 883 ipse
1352 848 1487 883 stipendia
1501 857 1534 878 cx
1545 849 1640 877 eodem
1656 858 1702 876 ac-

76 895 267 930 τετιμημὲνος.
299 896 429 931 Ἀρχεται
450 896 514 930 γοῦν
537 898 566 923 ὲν
589 897 726 932 Τιϐεριάδι
753 898 864 930 κτίζειν.

923 894 1029 928 :iperet.
1045 892 1131 928 Igitur
1143 893 1288 921 Tiberiade
1301 894 1444 921 ecclesiam
1456 894 1591 921 aedificare
1605 895 1698 930 coepit.

77 939 151 972 Ναὸς
171 940 200 967 δὲ
228 941 354 975 μέγιστος
379 942 408 967 ἐν
430 943 464 977 τῇ
486 941 562 967 πόλει
583 942 757 978 προϋπῆρχε·
777 943 865 978 τάχα,

76 982 165 1020 οἶμαι,
185 985 347 1021 Ἀδριάνειον
372 985 452 1011 τοῦτο
473 985 596 1012 ἐκάλουν.
624 986 728 1017 Ἀτελὲς
746 986 774 1013 δὲ
787 987 867 1013 τοῦτο

76 1031 108 1057 τὸ
125 1030 287 1066 Ἀδριάνειον
300 1031 424 1067 διαμένον
433 1031 504 1066 τάχα
519 1031 544 1058 οἱ
563 1031 667 1058 πολῖται
686 1032 726 1063 εἰς
738 1032 867 1068 δημόσιον

76 1075 188 1111 λουτρὸν
209 1076 357 1112 ἐπειρῶντο
371 1077 560 1104 ἐπισκευάσαι.
579 1077 668 1113 ὀπερ
683 1076 769 1112 εὑρὼν
784 1078 799 1104 ὸ
813 1077 867 1104 ἰώ-

79 1129 166 1155 σηπος
186 1122 218 1147 ὲκ
238 1121 332 1148 τούτου
355 1121 404 1158 τὴν
442 1122 578 1158 πρόφασιν
601 1121 674 1157 ἔσχε.
692 1123 746 1149 Καὶ
761 1123 799 1154 ὼς
817 1123 867 1158 ἤδη

78 1164 142 1202 εὗρε
157 1167 201 1194 διὰ
217 1169 395 1203 τετραπήχων
410 1167 491 1194 λίθων
507 1169 691 1204 τετραπέδων,
714 1169 768 1200 ἕως
784 1169 867 1203 ὕψους

78 1213 152 1245 τινος
165 1213 392 1248 ἀνεγηγερμένον,
403 1213 527 1240 ἑντεῦθεν
541 1215 654 1250 ἄρχεται
666 1215 802 1243 ποιεῖσθαι
818 1215 868 1249 τῆς

78 1258 227 1294 ἐκκλησίας
239 1259 288 1294 τὴν
302 1259 470 1294 ἐπιμέλειαν.
487 1259 632 1286 Ἀσὸέστου
646 1260 673 1286 δὲ
683 1258 717 1296 ἦν
731 1260 808 1296 χρεία
820 1260 868 1287 καὶ

79 1304 129 1339 τῆς
142 1304 224 1339 ἄλλης
237 1304 313 1339 ὕλης.
328 1305 468 1340 Καμίνους
488 1305 576 1332 τοίνυν
591 1306 689 1339 ἔξωθεν
702 1307 751 1342 τῆς
764 1306 868 1339 πόλεως

80 1350 182 1383 πολλὰς
198 1350 347 1386 προσέταξε
363 1351 498 1385 γενέσθαι,
509 1351 579 1387 τάχα
594 1352 639 1378 τὸν
655 1352 771 1388 ἀριθμὸν
783 1353 865 1380 ἑπτά.-

81 1397 238 1433 φούρνακας
259 1397 288 1423 δὲ
313 1397 468 1433 ἐπιχωρίως
490 1397 592 1430 ταύτας
613 1398 752 1438 καλοῖισιν.
786 1399 818 1426 Οί
839 1399 868 1426 δὲ

81 1442 173 1472 δεινοὶ,
195 1443 243 1469 καὶ
257 1443 326 1478 πρὸς
339 1443 392 1470 πᾶν
408 1443 576 1479 ἐπιχείρημα
591 1443 716 1479 εὖτολμοι
737 1445 867 1479 Ἰουδαῖοι,

80 1488 130 1523 τῆς
146 1489 211 1523 παρ’
227 1488 319 1520 αὐτοῖς
336 1488 379 1514 ἀεὶ
396 1488 541 1524 γινομένης
562 1489 731 1524 μαγγανείας
747 1490 801 1526 ¹οὐκ
816 1491 868 1517 ἀπ-

81 1534 194 1570 είχοντο.
211 1533 344 1568 Μαγείαις
358 1533 412 1569 γάρ
429 1543 483 1561 τισι
503 1535 549 1561 καὶ
574 1535 744 1570 περιεργίαις
764 1535 795 1562 τὺ
813 1535 869 1571 πῦρ

82 1579 232 1614 καταδῆσαι
249 1580 273 1605 οἱ
293 1580 418 1613 γεννᾶὺαι
445 1579 565 1606 Ἰουδαῖοι
588 1580 787 1616 ὲπετρίὸησαν·
811 1580 867 1607 ἀλλ’

81 1625 132 1651 οὐκ
145 1625 185 1656 εἰς
199 1624 274 1656 τέλος
287 1625 408 1660 ἴσχυσαν.
425 1625 523 1660 Ἤργει
539 1625 604 1659 γοῦν
618 1625 649 1652 τὸ
664 1625 728 1661 πῦρ,
753 1626 799 1652 καὶ
820 1627 869 1652 οὐκ

82 1669 228 1706 ἔπραττεν,
249 1669 317 1696 ἀλλὰ
337 1670 386 1705 τῆς
404 1669 481 1702 ἰδίας,
504 1670 541 1702 ὡς
556 1671 653 1703 εἰπεῖν,
669 1671 777 1705 φύσεως
791 1671 870 1702 ἐκτὸς

82 1715 202 1749 ἐγένετο.
221 1716 265 1747 Ὠς
287 1715 315 1742 δὲ
331 1716 356 1741 οι
375 1715 424 1751 τὴν
439 1716 589 1751 καυστικὴν
605 1716 671 1752 ὓλην
687 1718 870 1753 παραϐάλλειν

82 1762 122 1798 τῷ
137 1762 203 1798 πυρὶ
225 1761 444 1796 ἐπιτεταγμένοι,
460 1762 531 1797 φημὶ
545 1761 574 1788 δὲ
592 1761 738 1797 ρώπακας,
760 1764 809 1790 εἰτ’
824 1762 870 1791 οὖν

83 1807 210 1844 φρύγανα
221 1826 228 1838 ,
242 1806 411 1842 παραθέντες
424 1806 474 1833 οὐκ
488 1807 629 1842 ἐνήργουν,
643 1808 682 1844 τῷ
700 1809 823 1845 Ἰωσήπῳ
841 1810 871 1837 τὸ

83 1852 206 1889 πραχθὲν
220 1853 370 1887 ὲσήμαναν.
393 1853 506 1887 Δηχθεὶς
530 1851 576 1879 οὗν
594 1853 642 1890 τὴν
661 1854 747 1890 φρένα
760 1857 774 1882 ὁ
789 1850 870 1892 ἀνὴρ,

84 1900 132 1926 καὶ
155 1898 228 1934 ζήλῳ
243 1898 336 1934 ἀρθεὶς
351 1898 390 1935 τῷ
407 1899 474 1934 πρὸς
488 1899 533 1926 τὸν
555 1899 666 1936 Κύριον,
684 1901 800 1938 ἔδραμεν
819 1901 872 1935 ἔξω

83 1947 133 1981 τῆς
149 1946 252 1976 πόλεως
262 1951 268 1957 '
285 1945 331 1972 καὶ
349 1945 420 1980 ὕδωρ
434 1945 565 1978 κελεύσας
579 1947 722 1982 ἐνεχθῆναι
738 1949 767 1975 ὲν
779 1949 870 1983 ἄγγει,

84 1993 114 2018 ὲν
131 1992 264 2027 καμψῶιῃ
285 1992 372 2028 φημὶ,
397 1992 542 2020 κακοΰὸιον
556 1993 585 2020 δὲ
606 1993 685 2020 τοῦτο
700 1994 755 2029 (28)
769 1995 794 2021 οἱ
814 1996 873 2022 ἐπι-

84 2037 181 2074 χώριοι
193 2037 315 2069 καλοῦσι,
333 2037 423 2064 λαϐὼν
437 2038 467 2064 τὺ
480 2038 546 2065 αὐτὸ
563 2038 646 2073 ἄγγος
661 2038 708 2066 τοῦ
722 2039 817 2072 ὕδατος
831 2041 873 2067 ὲν-

122 2115 178 2151 (‘27)
197 2115 315 2150 Κόμητα
339 2115 393 2150 γὰρ
414 2116 507 2142 αὐτὸν
536 2116 713 2150 κατέστησε.
735 2117 872 2145 Comitum

85 2151 209 2187 dignitas
218 2151 307 2187 nudus
318 2151 377 2178 sine
392 2151 550 2187 magistratu
563 2159 595 2178 ac
606 2151 745 2179 functione
755 2153 873 2187 plerum-

85 2193 140 2219 que
153 2186 247 2212 titulus
269 2185 335 2217 fuit;
352 2190 380 2212 ut
393 2193 426 2212 ex
442 2186 632 2213 Theodosiano
646 2187 739 2214 codice
753 2185 871 2215 constat.

85 2221 164 2247 Ilanc
181 2220 376 2247 Constantinus
399 2221 545 2255 plerisque,
571 2225 599 2247 ut
621 2221 704 2248 refert
727 2219 871 2255 Eusebius,

85 2256 234 2292 concessit.
243 2255 342 2292 Eadem
351 2263 399 2292 per
407 2256 567 2292 honorarips
575 2256 715 2284 codicillos
725 2264 739 2283 a
751 2257 872 2292 principe

86 2289 288 2327 conferebatur.
306 2289 364 2327 Qua
382 2290 416 2318 de
430 2291 508 2327 read
526 2291 667 2327 Themistii
686 2289 757 2319 orat:
772 2301 796 2319 Iv
812 2289 872 2327 plu—

87 2326 165 2352 ribus
187 2325 402 2360 disputavimus.
427 2326 473 2353 ubi
496 2326 630 2360 ejusmodi
647 2327 764 2354 codicilli
786 2325 872 2354 δέλτοι

87 2360 433 2395 σφυρήλατοιξιρρθιιιιιιιιιτ
446 2369 459 2387 a
477 2360 636 2388 Themistio.
648 2361 675 2388 In
690 2370 744 2396 quo
758 2362 872 2389 ridicula

86 2396 277 2432 t‘slraIIOIlyllII
290 2396 516 2432 cortjcctoris,qui
534 2396 567 2423 de
580 2397 777 2432 suburbicariis
788 2405 874 2432 nuper

87 2431 208 2466 scripsit,
224 2431 367 2466 oscitantia
384 2438 446 2457 cum
465 2432 522 2466 pari
540 2431 704 2465 impudentia
715 2431 871 2466 conjuncta.

89 2465 433 2502 Scripserat_Tltemistius
460 2465 584 2493 oratione
606 2467 651 2493 illa
673 2475 709 2499 Iv,
731 2465 791 2502 pag.
807 2468 872 2494 edit.

89 2504 191 2528 nostrae
208 2500 270 2537 ll7.
287 2508 327 2537 se,
342 2508 404 2527 eum
423 2506 514 2535 posset
531 2501 658 2529 omnibus
674 2500 777 2529 illis'ei
789 2503 874 2537 impe-

89 2538 191 2572 ratoris
208 2536 370 2572 liberalitate
387 2537 549 2572 commodis,
563 2543 597 2572 ac
616 2537 812 2572 voluptatibus,
828 2536 875 2564 ile-

90 2571 215 2604 liciisque
229 2570 342 2604 perfrui.
360 2571 446 2597 ὁπόσα
458 2573 518 2602 ταῖς
540 2571 642 2602 δέλτοις
659 2570 800 2598 ἀκολουθεῖ
815 2574 875 2604 ταῖς

91 2605 285 2641 σφυρηλάτοιςἒ
296 2605 348 2632 hoc.
361 2610 413 2637 est,
422 2613 480 2640 qme
494 2606 599 2632 tabulas
609 2606 671 2633 illa:
682 2612 876 2641 consequuntur

89 2639 186 2667 malleo
202 2640 322 2670 ductilca.
339 2639 531 2668 communibus
555 2641 608 2668 illis
634 2639 770 2669 fructibus
791 2642 876 2670 fuisse

89 2679 260 2705 contentum,
276 2683 345 2709 quos
364 2676 439 2703 cives
462 2676 553 2702 caueri
575 2676 691 2710 publicis
709 2677 820 2704 tesseris
834 2681 876 2704 at-

89 2718 143 2745 que
166 2710 339 2744 imperatoris
357 2710 500 2745 largitione
521 2717 763 2745 consequerentur.
777 2711 834 2739 Hoc
848 2713 876 2738 in

91 2746 153 2772 loco
163 2745 273 2777 δέλτους
288 2745 476 2781 σφυρηλάτους
485 2747 624 2781 conjector
633 2747 701 2773 nihil
710 2747 781 2774 aliud
794 2754 875 2781 quam

90 2785 210 2817 tesseras
232 2788 296 2807 esse
316 2780 466 2807 cdntendit.
485 2780 582 2817 Verum
612 2781 676 2814 quid
699 2789 760 2809 esse
787 2780 877 2817 potest

93 2815 252 2846 absurdius,
267 2822 349 2850 quam
370 2823 402 2842 ex
419 2816 530 2843 tesseris
546 2816 600 2843 illis
615 2815 800 2844 frumentariis
817 2825 878 2844 cre-

91 2851 155 2877 dere
172 2850 277 2885 μακρόν
293 2851 366 2886 illum
389 2850 537 2886 κατάλογον
557 2851 606 2886 τῆς
626 2853 740 2886 τρυφῆς,
759 2853 804 2878 καὶ
828 2852 876 2886 τῆς

91 2885 237 2917 εὐπαθείας
259 2885 410 2912 redundare
436 2885 532 2920 posse?
561 2885 714 2915 Pressertim’
737 2894 809 2917 cum.
838 2885 876 2913 uti

249 2932 385 2962 ΡΛτιιοι..
405 2931 462 2962 Gn.
490 2932 568 2963 XLI.

919 939 983 965 l'lrat
998 939 1027 966 in
1047 939 1142 967 eadem
1166 940 1233 967 urbe
1254 940 1384 974 templum
1403 939 1499 974 ingens
1515 940 1579 966 olim
1595 947 1702 967 exstru-

917 988 1002 1016 ctum.
1020 985 1092 1020 quod
1120 985 1292 1017 Adrianium,
1321 986 1374 1012 nisi
1405 986 1494 1017 fallor,
1516 987 1700 1020 appellabant.

917 1030 995 1066 Quod
1015 1039 1077 1058 cum
1097 1031 1286 1066 imperfectum
1303 1031 1436 1058 hactenus
1454 1033 1611 1062 mansisset.
1624 1033 1702 1068 oppi-

918 1079 982 1105 dani
1005 1079 1130 1114 publicas
1150 1079 1177 1106 in
1203 1079 1316 1106 balneas
1347 1084 1516 1106 commutare
1545 1079 1700 1106 studebant.

918 1121 975 1148 Hoc
990 1121 1127 1157 Iosephus
1143 1127 1251 1154 nactus,
1268 1123 1301 1150 ad
1320 1123 1347 1149 id
1371 1123 1443 1157 quod
1461 1123 1553 1150 animo
1570 1131 1703 1158 concepe-

918 1171 959 1194 rat
974 1168 1183 1196 accommodare
1203 1168 1336 1196 instituit.
1359 1169 1392 1195 [ut
1413 1173 1442 1195 ut
1457 1169 1592 1203 quadrato
1613 1169 1703 1204 lapide

918 1217 1082 1248 quaternum
1100 1214 1257 1242 cubitorum
1282 1219 1385 1242 certam
1408 1211 1630 1242 ad'altitudincm
1645 1222 1704 1242 ere-

918 1263 993 1286 ctum
1018 1260 1170 1292 invenerat,
1188 1260 1275 1287 veteri
1295 1264 1441 1287 structura:
1463 1268 1561 1288 novam
1581 1261 1704 1288 ecclesia:

917 1305 1016 1332 molem
1028 1305 1166 1341 imponere
1182 1307 1289 1333 statuit.
1301 1307 1340 1333 Ad
1355 1307 1382 1333 id
1396 1307 1469 1334 calce
1481 1307 1539 1333 viva
1553 1314 1623 1341 opus
1633 1313 1702 1339 erat,

918 1351 1080 1386 reliquaque
1098 1352 1171 1378 omni
1189 1352 1314 1379 materia.
1331 1351 1414 1387 Igitur
1428 1351 1551 1380 caminos
1566 1356 1643 1379 extra
1658 1360 1704 1378 ur-

918 1397 979 1424 bem
995 1397 1053 1425 fieri
1073 1405 1126 1424 non
1157 1405 1259 1432 paucos
1281 1397 1406 1432 imperat.
1435 1402 1562 1433 septenos
1582 1399 1703 1431 circiter,

919 1450 989 1477 quos
1006 1443 1087 1477 vulgo
1102 1442 1228 1470 fornaces
1245 1443 1398 1470 nominant.
1419 1442 1475 1470 Sub
1491 1443 1548 1470 haec
1567 1442 1652 1471 Judaei
1669 1443 1703 1471 ad

920 1489 1045 1516 audenda
1063 1489 1190 1523 quaelibet
1204 1488 1318 1523 projecti
1334 1488 1367 1515 ad
1384 1488 1483 1515 usitata
1496 1489 1519 1515 ei
1535 1489 1608 1524 genti
1620 1489 1704 1516 male-

920 1535 980 1562 ﬁcia
1006 1535 1169 1569 confugiunt
1206 1535 1312 1562 Etenim
1340 1534 1454 1569 magicis
1481 1535 1648 1562 carminibus
1672 1540 1704 1561 ac

921 1582 1066 1617 pra25tigiis
1083 1581 1136 1608 vim
1159 1581 1230 1616 ignis
1248 1581 1381 1615 impedire
1397 1582 1498 1616 egregii
1515 1581 1640 1609 homines
1656 1589 1704 1616 ag-

919 1627 1007 1662 gressi
1024 1631 1106 1660 sunt;
1124 1627 1170 1654 sed
1186 1635 1239 1653 non
1257 1631 1390 1662 perpetuo
1406 1631 1563 1661 potuerunt.
1579 1627 1613 1654 At
1626 1628 1704 1654 initio

919 1677 1011 1699 tamen
1039 1673 1166 1701 cessabat
1193 1673 1274 1707 ignis.
1291 1672 1415 1707 nihilque
1436 1673 1580 1708 coquebat,
1599 1677 1705 1700 natura:

921 1727 977 1747 suae
994 1719 1067 1746 velut
1084 1718 1171 1745 oﬂicio
1185 1719 1344 1746 destitutus.
1359 1718 1426 1745 Tum
1442 1719 1489 1754 qui
1506 1719 1706 1754 suppeditanda

921 1765 976 1800 igni
993 1765 1104 1800 pabulo,
1124 1765 1248 1800 virgultis
1268 1765 1374 1792 scilicet
1397 1772 1429 1792 ac
1444 1765 1607 1792 fructicibus
1627 1770 1706 1792 erant

921 1811 1048 1845 appositi,
1070 1817 1132 1837 curn
1156 1810 1224 1837 nihil
1248 1818 1277 1837 se
1297 1811 1428 1844 prolicere
1447 1810 1704 1843 animadverterent,

921 1865 978 1884 rem
1001 1857 1035 1884 ad
1050 1856 1200 1892 Josephum
1217 1857 1355 1884 deferunt.
1374 1856 1489 1892 Pupugit
1502 1865 1534 1884 ea
1555 1864 1598 1884 res
1618 1857 1706 1884 homi-

921 1910 994 1935 nem,
1016 1903 1163 1937 statimque
1182 1903 1287 1930 coalesti
1305 1903 1331 1929 in
1357 1903 1499 1930 Dominum
1525 1903 1623 1930 ardore
1643 1911 1706 1930 suc-

921 1956 1022 1976 census
1040 1952 1118 1975 extra
1134 1949 1227 1976 urbem
1246 1949 1372 1981 advolat;
1391 1956 1490 1983 aquam
1510 1949 1647 1982 postulat;
1666 1949 1706 1975 af—

923 1993 1008 2021 fertur
1024 1994 1053 2020 in
1074 2000 1150 2020 aeneo
1171 2001 1245 2026 vase,
1268 1993 1341 2027 quod
1363 2001 1525 2028 campsacen
1542 1994 1631 2028 vulgo,
1650 1994 1705 2021 illic

921 2039 1067 2067 cacubium
1084 2042 1192 2066 vocant.
1210 2037 1248 2066 Eo
1260 2046 1350 2065 coram
1366 2038 1493 2066 omnibus
1509 2043 1620 2074 accepto
1631 2039 1704 2074 (nam

922 2115 990 2147 dixi.
1007 2119 1174 2142 tesserarum
1202 2115 1246 2142 illa
1271 2115 1425 2148 commoda,
1440 2124 1501 2151 qua
1516 2124 1576 2143 cum
1603 2116 1706 2143 caeteris

923 2151 1078 2186 communia
1105 2155 1222 2184 caperet,
1241 2151 1292 2178 illis
1317 2154 1446 2186 opponat,
1461 2159 1521 2185 quae
1534 2152 1592 2182 ταῖς
1605 2151 1708 2182 δέλτοις

923 2185 1063 2212 ἀκολουθεῖ
1077 2187 1134 2217 ταῖς
1150 2186 1340 2221 σφυρηλάτοις.
1353 2186 1409 2220 Age
1420 2193 1502 2219 vero;
1517 2194 1579 2212 cum
1594 2191 1705 2217 orat.vr,

888 2237 909 2264 ι)
925 2229 983 2264 pag.
1000 2221 1060 2264 I'Gli,
1077 2221 1221 2264 nc‘gatfjt'
1237 2221 1327 2264 ἐκείνῃ
1348 2222 1381 2256 τῇ
1399 2220 1492 2264 δέλτῳ,
1518 2228 1571 2264 qua
1595 2220 1707 2264 πρλιαρτ

924 2256 995 2291 χίαν,
1012 2256 1063 2282 hoc
1073 2255 1203 2291 esturbis
1212 2255 1410 2290 prmt'ecluraiu,
1420 2255 1582 2291 obtinuerat.
1597 2256 1706 2290 gloriari

924 2290 1001 2322 sese;
1034 2290 1080 2318 sed
1111 2290 1148 2326 de
1163 2291 1215 2316 alia
1241 2291 1341 2326 potius.
1371 2291 1404 2326 ἣν
1427 2291 1476 2316 οὐκ
1499 2290 1628 2325 ἐποίησαν
1650 2291 1708 2316 ελε-

925 2324 1319 2361 tpavmupyoi.addemus-616m,
1334 2324 1387 2351 hoc
1395 2329 1437 2352 est
1450 2324 1621 2359 imperatdris
1639 2326 1705 2357 filio,

925 2368 1006 2395 quem
1030 2360 1128 2394 parens
1152 2360 1211 2386 fidei
1239 2369 1294 2388 sua:
1315 2361 1499 2391 commiserat,
1512 2365 1589 2388 estne
1606 2365 1635 2386 ιιι
1652 2361 1709 2386 l'ru-

926 2396 1086 2423 mentariam
1100 2399 1231 2422 tesseram
1250 2395 1387 2429 conjector
1402 2395 1445 2422 hic
1460 2395 1595 2422 somniet?
1620 2395 1653 2422 Ut
1674 2396 1707 2422 ad

925 2430 1072 2464 Josephum
1089 2429 1207 2465 redeam,
1224 2431 1318 2458 confer
1332 2437 1393 2457 eum
1413 2431 1463 2457 hoc
1482 2431 1540 2457 loco
1555 2438 1615 2465 qua:
1630 2431 1709 2457 Eusc-

927 2466 987 2493 l)ius
1003 2473 1020 2491 ll
1035 2468 1061 2492 et
1077 2473 1105 2490 lll
1122 2464 1160 2490 De
1177 2465 1229 2492 vim
1241 2465 1408 2492 Constantini
1430 2466 1522 2498 refert,
1546 2471 1648 2499 quanto
1666 2466 1710 2492 hic

927 2500 1178 2528 constituendarum
1193 2501 1291 2534 ubique
1306 2500 1484 2527 ecclesiarum
1501 2501 1592 2527 studio
1610 2501 1709 2535 llagra-

927 2537 1006 2567 verit,
1023 2539 1106 2569 utque
1121 2535 1230 2562 easdem
1246 2535 1363 2570 publicis
1374 2535 1530 2571 sumptibus
1544 2536 1709 2563 exaediﬁcari

928 2571 1052 2598 voluerit.

963 2605 1018 2639 (‘28)
1038 2605 1203 2632 Κακούϐιον
1226 2605 1261 2632 δὲ
1284 2606 1381 2633 τοῦτο.
1419 2605 1500 2633 Forte
1528 2605 1708 2640 Κουκούμιον.

929 2640 1017 2668 Habes
1036 2640 1079 2666 hic
1095 2648 1172 2674 aquae
1189 2641 1376 2668 benedictione
1391 2646 1556 2668 consecrata:
1570 2646 1650 2668 usum
1667 2640 1711 2666 ins

928 2677 1032 2708 signem
1051 2679 1133 2709 atque
1156 2675 1285 2702 fructum.
1301 2676 1360 2708 Cui,
1376 2684 1438 2703 cutn
1467 2677 1524 2703 haec
1551 2676 1710 2705 scriberetur,

929 2711 1006 2738 aliine
1022 2711 1151 2745 quiddam
1163 2718 1195 2737 ac
1210 2712 1346 2745 geminum
1359 2711 1478 2738 occurrit
1490 2711 1561 2745 apud
1573 2710 1710 2737 Photium.

930 2755 1004 2773 num.
1021 2746 1065 2775 96.
1083 2753 1116 2772 ex
1140 2744 1256 2780 Georgio
1279 2746 1464 2773 Alexandrino
1490 2744 1516 2772 in
1531 2746 1604 2772 Actis
1628 2744 1712 2780 surtin

930 2780 1118 2816 Cltrysostomi.
1142 2780 1193 2816 Ubi
1212 2779 1283 2808 inter
1294 2785 1390 2808 caetera
1408 2781 1508 2808 Euclia’.
1521 2781 1662 2816 cujusdam
1682 2779 1712 2804 fi-

930 2814 996 2844 liuni
1019 2816 1101 2842 refert
1124 2823 1139 2842 a
1164 2815 1192 2842 Β.
1210 2816 1405 2852 Chrysostomo
1430 2823 1516 2851 aqum,
1530 2816 1586 2852 cui_
1605 2814 1711 2852 signum

930 2851 1020 2888 crucis
1043 2851 1237 2888 iri-presserat,
1267 2850 1426 2888 aspersione
1452 2850 1675 2886 desperatissimo
1699 2858 1714 2874 a

932 2887 1026 2914 morbo
1042 2886 1197 2914 liberatum.

1562 2931 1598 2962 1';
