1961 3046
249 144 301 173 ιετ

956 139 984 166 S.
1004 138 1172 167 EPIPHANII

1828 143 1887 170 4‘28

251 203 284 231 ad
304 203 356 230 hoc
374 201 560 236 spectaculum
577 199 733 227 Judaeorum
755 198 835 226 turba
856 201 1033 228 convenerat.

1089 197 1171 224 ιῦπιον
1187 198 1296 225 πάντων
1309 198 1501 235 (συνηθροίσθη
1518 199 1546 226 δὲ
1564 200 1665 235 πλῆθος
1682 200 1817 227 Ἰουδαίων
1833 202 1885 228 ἐπὶ

251 252 282 274 ut
302 247 341 275 rei
359 251 497 279 eventum,
520 253 552 273 ac
576 245 641 280 quid
663 245 772 271 tandem
793 243 929 278 Josephus
945 247 1037 278 ageret

250 293 395 328 viderent),
416 293 494 328 137
513 292 604 318 erucis
630 291 737 325 signum
758 297 839 324 super
862 289 928 316 illud
954 288 1036 324 digito

251 340 337 372 ducit,
354 346 385 366 ac
400 338 464 366 Jesu
483 345 582 365 nomen
600 337 732 363 invocans
750 343 847 370 magna
864 343 931 362 voce
946 335 986 362 sic
999 335 1037 361 lo-

250 386 344 421 quitur
361 394 367 412 :
387 385 416 412 lu
434 384 543 411 nomine
559 383 623 410 Jesu
641 382 784 414 Nazareni,
802 390 881 417 quem
895 382 945 408 mei
964 381 1036 416 pari-

252 437 294 460 ter
309 435 391 466 atque
406 431 504 457 horum
522 430 655 461 omnium,
671 429 716 464 qui
735 429 778 456 hic
795 432 897 459 astant,
916 428 1036 463 majores

252 486 279 506 tn
295 485 403 506 crucem
420 480 544 511 egerunt,
556 475 612 502 haze
629 483 699 510 aqua
716 475 769 502 vim
788 475 885 502 habeto
900 475 931 501 ad
948 473 1034 509 inagi-

251 531 298 550 cas
314 528 397 553 artes,
422 521 608 555 maleﬁciaque
630 521 720 548 omnia
749 520 952 555 restinguenda,
976 527 1036 554 quze

231 587 234 590 λ
251 569 297 596 isti
314 571 517 601 compararunt,
538 566 571 593 ab
585 566 733 600 eademque
750 565 789 592 vis
813 565 865 600 igni
885 572 934 592 sua
956 564 1037 590 resti-

251 617 354 642 tuatur.
373 620 426 648 quo
442 612 547 639 Domini
570 612 668 638 donius
688 611 791 638 absolvi
808 611 905 645 possit.
926 609 972 637 llis
992 610 1035 636 di—

254 661 317 693 ctis.
338 660 497 687 fornacibus
506 659 622 694 singulis
637 660 734 693 aquam
751 659 880 692 aspergit.
892 659 931 684 Ita
946 657 1035 685 disso-

250 707 316 733 lutis
331 706 473 740 prazstigiis
486 713 577 732 coram
593 705 731 737 omnibus,
751 705 822 739 ignis
832 703 966 731 elTerbuit.
976 703 1035 736 Quo

250 752 384 779 miraculo
398 756 533 778 commota
550 751 629 778 turba
647 751 753 786 magnis
772 751 885 777 vocibus
898 750 1037 777 exclama-

250 799 306 824 vit:
324 796 400 825 Unus
409 802 450 824 est
466 797 547 829 Deus,
564 798 609 832 qui
623 797 793 825 Christianos
805 796 931 831 adjuvat;
946 796 1036 831 itaque

251 844 388 871 discessit.
404 844 442 870 Ac
459 851 529 877 saepe
549 844 615 871 alias
635 843 796 870 vexantibus
810 842 911 870 Judtt‘is
927 842 1034 869 tandem

250 889 352 917 veteris
370 889 464 924 templi
482 894 585 924 partem
601 890 749 921 exstruxit,
769 889 796 915 in
817 895 903 923 eaque
924 895 1034 923 parvam

250 935 395 962 ecclesiam
410 934 543 962 condidit.
561 933 627 961 Post
644 934 706 961 inde
721 933 864 961 discedens
879 932 1035 968 Scythopoli

251 980 385 1007 consedit.
417 979 590 1006 Diocaesareaa
617 987 698 1013 porro
728 979 843 1014 aliisque
874 979 901 1005 in
929 977 1036 1013 oppidis

251 1029 390 1060 postremo
409 1025 538 1052 ecclesias
557 1024 709 1052 militicavit.
730 1024 769 1051 Ad
791 1025 848 1050 haec
865 1024 954 1051 obiter
972 1031 1033 1050 nar—

251 1071 336 1098 randa
352 1070 468 1106 digressi
486 1070 598 1102 fuimus,
618 1078 713 1097 eorum
732 1070 877 1097 occasione
891 1070 1035 1097 librorum.

251 1118 298 1152 qui
317 1118 388 1152 apud
411 1116 518 1144 Judaaos
538 1116 665 1143 translati
683 1116 869 1151 reperiuntur,
883 1115 1036 1149 cujusmodi

250 1168 294 1192 est
326 1163 440 1190 Joannis
470 1162 665 1197 Evangelium,
695 1166 721 1189 et
751 1162 935 1197 apostolorum
951 1162 1036 1188 Actus

252 1210 386 1238 llebraice
398 1208 535 1236 conversi.
553 1207 606 1235 Sed
625 1208 659 1236 de
680 1208 731 1235 hac
752 1207 885 1235 historica
905 1207 1036 1234 relatione

251 1256 393 1283 hactenus.

286 1387 355 1415 λιιι.
370 1387 447 1413 Nunc
467 1386 500 1412 ad
518 1385 675 1412 inchoatam
692 1385 726 1412 de
748 1385 881 1412 Ehionitis
897 1385 1033 1414 narratio-

253 1442 314 1462 nem
334 1431 486 1468 regredior.
512 1431 652 1465 Siquidem
670 1431 705 1458 ob
723 1430 843 1458 Matthzei
859 1431 1035 1467 Evangelium

251 1490 284 1509 eo
309 1481 421 1514 delapsa
447 1483 491 1507 est
511 1479 610 1511 oratio,
628 1482 657 1505 ut
681 1478 715 1505 ad
732 1486 791 1506 eam
817 1487 878 1514 quae
901 1479 935 1506 ad
956 1487 1037 1507 aures

1087 245 1136 280 τὴν
1151 245 1224 278 θέαν,
1248 246 1278 272 τὸ
1297 246 1501 282 ἀποϐησόμενον
1518 247 1580 273 ἰδεῖν
1598 247 1807 280 σπουδάζοντες,
1831 247 1884 274 καὶ

1087 290 1101 315 ὅ
1117 298 1142 315 τι
1158 291 1355 327 ἐπιχειρήσειεν
1380 291 1509 328 Ἰώσηπος
1527 293 1690 328 πράττειν),
1718 293 1823 328 μεγάλῃ
1846 294 1881 327 τῇ

1088 337 1162 371 φωνῇ
1177 337 1190 362 6
1203 337 1271 373 ἀνὴρ
1287 337 1402 372 σταυροῦ
1419 338 1554 373 σφραγῖδα
1570 338 1673 370 ἐπιθεὶς
1686 338 1726 373 τῷ
1738 338 1816 372 ἄγγει
1833 338 1883 364 διὰ

1087 381 1132 407 τοῦ
1159 382 1224 408 ἰδίου
1245 383 1389 416 δακτύλου,
1416 385 1462 410 καὶ
1488 383 1720 418 ἐπικαλεσάμενος
1742 384 1773 410 τὸ
1791 383 1882 418 ὃνομα

1093 428 1196 463 Ἰησοῦ,
1215 427 1291 455 εἶπεν
1306 430 1405 461 οὕτως’
1429 431 1472 456 Ἐν
1485 430 1597 465 ὀνόματι
1617 430 1704 465 Ἰησοῦ
1719 430 1766 456 τοῦ
1780 430 1882 461 Ναζω-

1089 474 1174 509 ραίου,
1197 472 1227 501 οὗ
1243 475 1418 510 ἐσταύρωσαν
1442 477 1466 501 οί
1493 476 1609 511 πατέρες
1627 484 1678 510 μου
1703 476 1750 502 καὶ
1775 475 1881 501 τούτων

1087 521 1194 547 πάντων
1207 520 1260 547 τῶν
1276 521 1475 557 περιεστώτων,
1489 522 1602 556 γένηται
1616 522 1730 556 δύναμις
1747 522 1775 547 ὲν
1790 521 1882 556 τούτῳ

1086 565 1124 600 τῷ
1150 566 1225 592 ὕδατι
1250 568 1290 598 εἰς
1310 567 1438 602 ἀθέτησιν
1462 567 1551 602 πάσης
1572 567 1746 603 φαρμακείας
1762 567 1808 593 καὶ
1823 575 1879 601 μα-

1086 612 1173 646 γείας,
1186 611 1219 649 ἧς
1235 610 1308 639 οὗτοι
1323 613 1454 649 ἔπραξαν,
1470 614 1517 640 καὶ
1531 615 1570 644 εἰς
1584 613 1722 647 ἐνέργειαν
1736 613 1880 648 δυνάμεως

1087 659 1125 693 τῷ
1141 659 1208 694 πυρὶ
1222 660 1260 690 εἰς
1278 660 1308 685 τὸ
1323 659 1528 694 ἐπιτελεσθῆναι
1543 659 1588 685 τὸν
1601 656 1675 685 οἷκον
1690 658 1791 693 Κυρίου
1820 658 1879 684 Καὶ

1086 704 1171 734 οὕτως
1193 704 1324 739 λαμϐάνει
1349 705 1378 731 τὸ
1403 705 1474 740 ὕδωρ
1501 706 1529 731 ὲν
1554 706 1584 739 τῇ
1610 705 1692 739 χειρὶ,
1718 705 1764 730 καὶ
1788 705 1879 739 ῥαίνει

1087 751 1193 784 ἑκάστῳ
1203 751 1334 786 φούρνακι
1344 751 1375 776 ἐκ
1389 751 1434 777 τοῦ
1449 750 1553 782 ὕδατος.
1569 751 1622 776 Καὶ
1635 750 1761 776 ἀνελύετο
1773 750 1821 785 μὲν
1842 750 1878 775 τὰ

1087 797 1230 832 φάρμακα,
1247 797 1277 823 τὸ
1291 797 1345 833 πῦρ
1367 797 1395 823 δὲ
1413 797 1526 823 ἐνώπιον
1543 797 1651 823 πάντων
1668 796 1875 822 ἀνεὸλύστανεν.

1088 844 1118 869 Οἱ
1140 843 1167 869 δὲ
1192 844 1323 878 παρόντες
1346 844 1428 879 ὄχλοι,
1453 844 1677 878 κραυγάσαντες,
1700 841 1746 875 Εῗς
1771 844 1836 875 Θεὸς
1862 845 1877 870 ὁ

1088 888 1192 923 βοηθῶν
1207 891 1262 920 τοῖς
1276 890 1463 924 Χριστιανοῐς,
1484 888 1671 924 ἀνεχώρησαν.
1695 890 1826 921 Πολλάκις
1845 889 1875 916 δὲ

1087 935 1241 961 κακούντων
1262 936 1306 961 τὸν
1327 936 1411 971 ἄνδρα
1425 936 1548 966 ἐκείνων,
1567 937 1606 966 εἰς
1620 936 1733 971 ὕστερον
1748 935 1830 970 μέρος
1847 945 1874 961 τι

1085 980 1131 1006 τοῦ
1148 980 1211 1006 ναοῦ
1230 982 1258 1007 ἐν
1279 981 1415 1016 Τιϐεριάδι
1431 981 1628 1015 οἰκοδομήσας,
1648 981 1693 1007 καὶ
1711 982 1810 1016 μικρὰν
1826 981 1874 1006 ἐκ-

1086 1026 1199 1061 κλησίαν
1214 1026 1389 1057 ἀποτελέσας,
1404 1026 1489 1057 οὕτως
1509 1026 1612 1052 ἐκεῖθεν
1626 1026 1807 1061 ἀνεχώρησεν.
1828 1027 1873 1052 Ἑν

1086 1071 1250 1098 Σκυθοπόλει
1265 1072 1293 1098 δὲ
1312 1071 1406 1104 ἐλθὼν,
1424 1072 1593 1106 κατέμεινεν.
1617 1072 1661 1098 Ἑν
1681 1072 1874 1107 Διοκαισαρείᾳ

1086 1117 1114 1143 δὲ
1139 1117 1186 1143 καὶ
1207 1117 1300 1148 ἄλλαις
1321 1117 1376 1143 τισὶ
1399 1117 1508 1148 τελείως
1533 1117 1699 1153 ᾠκοδόμησε.
1730 1117 1822 1143 Ταῦτα
1845 1117 1873 1143 δὲ

1087 1164 1255 1198 πραχθέντα,
1279 1165 1324 1190 καὶ
1347 1164 1463 1190 ἐνταῦθά
1489 1173 1534 1199 μοι
1557 1164 1757 1199 ἐπιμνησθέντα
1781 1165 1872 1191 ἕνεκεν

1086 1209 1135 1244 τῆς
1150 1208 1202 1235 τῶν
1224 1208 1321 1244 βίϐλων
1335 1209 1492 1244 ἑρμηνείας,
1516 1209 1574 1242 πῶς
1597 1210 1651 1236 ἀπὸ
1672 1210 1824 1245 Ἑλληνίδος
1842 1210 1873 1236 τὸ

1087 1254 1157 1281 κατὰ
1177 1255 1301 1290 Ἰωάννην
1325 1255 1490 1289 Εὐαγγέλιον
1511 1257 1551 1286 εἰς
1575 1255 1702 1291 Ἐϐραῖδα
1729 1255 1872 1290 μετέπεσε,

1086 1301 1134 1326 καὶ
1158 1301 1185 1326 αῑ
1210 1301 1327 1336 Πράξεις
1348 1300 1401 1327 τῶν
1423 1301 1594 1333 ἀποστόλων,
1621 1301 1673 1332 ἓως
1696 1298 1747 1327 ὦδε
1768 1301 1802 1328 τὰ
1822 1302 1872 1336 τῆς

1088 1347 1207 1381 ἱστορίας
1224 1347 1270 1373 καὶ
1282 1347 1442 1381 ὑφηγήσεως
1459 1346 1553 1381 ἐχέτω.

1122 1392 1172 1419 ΙΓ¹.
1195 1392 1336 1427 Ἐπάνειμι
1358 1392 1450 1426 δὲτὴν
1473 1392 1544 1418 κατὰ
1562 1393 1688 1424 Ἐϐίωνος
1710 1393 1873 1427 ποιούμενος

1088 1438 1254 1465 ἀκολουθίαν.
1271 1438 1321 1464 Διὲι
1341 1439 1394 1474 γὰρ
1411 1439 1442 1464 τὸ
1459 1438 1529 1465 κατὰ
1551 1439 1688 1465 Ματθαῖον
1708 1438 1873 1473 Εὐαγγέλιον

1088 1484 1188 1520 προῖὼν
1204 1486 1218 1511 ὁ
1239 1484 1316 1518 λόγος
1335 1484 1383 1518 τὴν
1407 1484 1565 1511 ἀκολουθίαν
1588 1485 1627 1515 εἰς
1650 1485 1723 1519 ἡμᾶς
1743 1485 1873 1519 ἐλθούσης

251 1534 364 1557 nostras
379 1531 543 1563 pervenerat
558 1526 702 1554 historiam
718 1526 900 1554 enarrandam
912 1534 1035 1554 necessa-

1089 1528 1213 1562 γνώσεως
1228 1529 1396 1564 παραθέσθαι
1416 1529 1578 1563 ἠνάγκασεν.
1603 1529 1645 1556 Ἐν
1670 1529 1707 1564 τῷ
1723 1529 1788 1563 γοῦν
1807 1530 1873 1565 παρ’

251 1576 295 1602 rio
308 1581 370 1602 sese
380 1576 567 1600 converteret.
582 1572 668 1606 igitur
686 1572 714 1598 in
729 1579 773 1603 eo,
787 1571 859 1606 quod
877 1580 961 1607 penes
975 1572 1035 1600 illos

251 1624 304 1652 est,
333 1618 451 1646 Matthzci
473 1617 630 1653 Evangelio,
656 1624 813 1652 quanquam
840 1624 874 1643 ne
898 1617 1035 1651 integrum

251 1666 361 1700 quidem
379 1664 446 1691 illud
462 1664 574 1696 habent,
586 1663 633 1690 sed
651 1663 835 1690 adulteratum
849 1670 882 1689 ac
896 1663 1034 1696 mutilum,

251 1712 335 1746 idque
352 1711 442 1745 ipsum
459 1709 745 1740 llebraicumvocant.
764 1710 801 1737 ita
817 1711 949 1744 scriptum
967 1715 1010 1738 est
1027 1719 1034 1738 :

251 1757 350 1784 Fuisse
366 1760 471 1782 certum
488 1755 637 1786 hominem.
657 1756 766 1782 nomine
780 1756 885 1789 Jesum,
901 1763 1035 1784 annorum

252 1803 361 1830 circiter
377 1802 498 1837 triginta,
514 1801 561 1836 qui
578 1809 628 1828 nos
644 1802 755 1837 elegerit
766 1810 772 1832 ;
783 1802 830 1836 qui
843 1802 1035 1837 Capharnaum

253 1849 365 1876 veniens
381 1849 408 1875 in
426 1847 558 1879 Simonis,
573 1847 735 1882 cognomine
749 1847 832 1880 Petri,
845 1848 917 1875 aedes
931 1848 1036 1882 ingres-

253 1903 301 1922 sus
314 1898 366 1926 est,
383 1897 531 1928 apertoque
554 1901 602 1920 ore
625 1900 675 1920 suo
691 1893 759 1919 dixit
777 1893 862 1920 :Cum
884 1894 1035 1921 secundum

253 1940 407 1968 Tiberiadis
425 1941 513 1966 locum
531 1939 687 1970 transirem,
709 1939 840 1966 Joannem
860 1943 887 1966 et
903 1939 1034 1968 Jacobum

254 1986 376 2014 Zebedtei
398 1985 467 2012 ﬁlios
484 1985 562 2019 elegi,
583 1988 610 2011 et
628 1984 778 2015 Simonem.
799 1989 825 2012 et
841 1985 989 2016 Andream,
1009 1990 1037 2012 et

253 2031 429 2060 Thaddaeum.
437 2034 462 2057 et
469 2029 606 2057 Simonem
616 2029 788 2062 Zeloten,etJ
792 2030 871 2057 udam
878 2030 1036 2063 lscarioten,

253 2083 280 2105 et
294 2083 319 2104 te
329 2076 483 2103 Matthacum
500 2076 533 2103 ad
543 2076 674 2102 telonium
683 2076 820 2103 sedentem
830 2077 935 2108 vocavi,
949 2085 981 2103 ac
995 2085 1038 2104 me

254 2124 312 2158 ipse
328 2127 440 2150 secutus
449 2130 488 2148 es.
498 2121 566 2148 Volo
579 2122 670 2155 itaque
681 2121 824 2148 duodecim
839 2129 888 2148 vos
899 2122 1038 2156 apostolos

253 2178 315 2197 esse
337 2169 370 2195 ad
391 2167 578 2195 testimonium
607 2167 726 2194 lsraelis.
763 2167 795 2193 Et
827 2171 886 2194 erat
918 2168 1038 2194 Joannrs

254 2215 406 2250 haplizans,
429 2217 455 2240 et.
474 2213 597 2239 exierant
614 2212 646 2238 ad
665 2220 726 2239 eum
749 2211 890 2244 Pharisaei,
915 2213 994 2248 138
1012 2218 1038 2240 et
1055 2217 1076 2244 D

253 2259 384 2295 baptizati
401 2263 476 2291 sunt,
496 2263 523 2286 et
540 2259 629 2285 omnis
646 2257 844 2292 Hierosolyma.
866 2258 926 2292 Ipse
946 2263 1035 2286 autem

252 2306 371 2333 Joannes
386 2305 503 2332 habebat
520 2304 712 2330 vestimentum
734 2304 766 2330 de
788 2304 850 2338 pilis
870 2304 1036 2330 camelorum

253 2356 280 2379 et
298 2359 394 2379 zonam
420 2350 561 2385 pelliceam
582 2349 654 2376 circa
674 2349 780 2377 lumbos
802 2358 869 2378 suos
890 2359 896 2376 :
914 2355 941 2377 et
958 2351 1036 2379 cibus

253 2398 313 2430 ejus
332 2401 391 2424 erat
413 2397 465 2424 mel
492 2396 626 2425 silvestre,
650 2395 729 2429 cujus
751 2403 832 2430 sapor
851 2402 911 2423 erat
931 2405 1037 2424 maan

254 2443 363 2475 similis,
373 2442 545 2477 velutlagani
557 2441 619 2467 frixi
630 2449 690 2467 cum
702 2441 772 2469 oleo.
786 2442 862 2474 Quod
877 2451 909 2470 eo
920 2442 1035 2475 faciunt.

254 2494 284 2516 ut
297 2488 420 2515 veritatis
437 2495 591 2515 sermonem
615 2487 642 2513 in
665 2487 836 2514 mendacium
857 2494 1035 2522 commutent,

253 2540 280 2563 et
296 2542 345 2569 pro
364 2542 396 2561 eo
411 2534 483 2568 quod
499 2538 541 2561 est
560 2533 684 2568 ἀκρίδας,
706 2533 757 2561 hoc
777 2539 819 2561 est
840 2535 971 2568 locustas,
989 2537 1036 2571 ἐγ-

255 2581 360 2618 κρίδας,
378 2581 429 2608 hoc
443 2585 485 2607 est
503 2580 630 2615 cpichyta
644 2581 745 2607 mellita
759 2581 934 2608 substituant.
951 2582 1036 2611 Porro

254 2627 430 2661 Evangelium
443 2627 551 2653 illorum
570 2627 610 2653 sic
628 2626 737 2660 incipit:
749 2625 859 2653 Factum
877 2632 918 2655 est
933 2629 959 2655 in
976 2630 1035 2657 die-

254 2674 304 2700 bus
322 2672 436 2699 Herodis
454 2673 525 2706 regis
540 2671 649 2704 Judazm,
672 2676 702 2699 ut
722 2673 827 2700 veniret
848 2673 966 2702 Joannes
986 2676 1035 2703 ba-

289 2750 344 2786 (29)
366 2748 406 2777 Οὗ
425 2751 443 2784 ἡ
461 2750 565 2784 γεῦσις
583 2749 622 2786 ἧνς
645 2750 697 2776 τοῦ
719 2750 829 2784 μάννα.

254 2785 337 2813 surda
364 2785 585 2820 interpretatione
611 2785 702 2811 fucum
727 2786 789 2817 huic
817 2787 875 2813 loco
901 2786 1035 2814 faciebant

254 2821 383 2851 haeretici,
392 2821 425 2847 ad
436 2828 467 2847 ea
477 2820 671 2854 respiciebant,
684 2828 743 2854 qua:
758 2820 844 2848 Exod.
858 2830 901 2848 xvr
916 2826 944 2848 et
953 2821 1034 2850 Num.

254 2863 303 2887 xu,
319 2855 353 2884 de
373 2863 471 2884 manna
489 2856 614 2891 leguntur
637 2865 643 2883 :
663 2856 741 2890 cujus
756 2861 852 2891 gustus
869 2856 953 2885 fuisse
968 2857 1036 2885 dici—

850 2751 900 2784 Qui
918 2756 971 2778 tam
989 2753 1037 2778 ah-

1089 1575 1179 1605 αὐτοῖς
1193 1573 1350 1608 Εὑαγγελίῳ
1363 1574 1432 1600 κατὰ
1453 1573 1592 1600 Ματθαῖον
1608 1574 1808 1609 ὀνομαζομένῳ,
1824 1575 1874 1610 οὐχ

1089 1619 1141 1654 ὅλῳ
1157 1619 1185 1644 δὲ
1206 1618 1394 1653 πληρεστάτη),
1419 1619 1487 1645 ἀλλὰ
1503 1619 1696 1654 νενοθευμένῳ,
1719 1620 1762 1645 καὶ
1780 1621 1874 1656 ἠκρω-

1088 1665 1273 1700 τηριασμένῳ,
1292 1665 1434 1700 Ἑϐραῖκὸν
1451 1665 1479 1691 δὲ
1504 1665 1582 1691 τοῦτο
1600 1665 1742 1697 καλοῦσιν,
1756 1666 1876 1701 ἐμφέρε-

1088 1719 1143 1743 ται,
1153 1711 1193 1737 δτι
1207 1711 1331 1744 Ἐγένετό
1344 1719 1385 1742 τις
1399 1711 1467 1746 ἁνὴρ
1479 1711 1589 1746 ὀνόματι
1604 1711 1717 1746 Ἰησοῦς,
1733 1712 1780 1738 καὶ
1792 1713 1875 1744 αὐτὸς

1089 1757 1126 1788 ὡς
1138 1757 1206 1783 ἑτῶν
1220 1757 1376 1792 τριάκοντα,
1394 1758 1423 1788 ὃς
1449 1757 1588 1790 ἐξελέξατο
1611 1759 1696 1793 ἡμᾶς.
1713 1760 1767 1785 Καὶ
1789 1759 1874 1786 ἐλθὼν

1089 1804 1128 1835 εἰς
1146 1804 1345 1838 Καφαρναοὺμ,
1369 1803 1491 1838 εἰσῆλθεν
1514 1805 1553 1834 εἰς
1577 1803 1626 1838 τὴν
1641 1805 1729 1831 οίκίαν
1753 1804 1874 1840 Σίμωνος

1088 1849 1135 1874 τοῦ
1150 1849 1342 1883 ἐπικληθέντος
1368 1849 1490 1884 Πέτρου,
1515 1849 1562 1875 καὶ
1591 1849 1699 1882 ἀνοίξας
1725 1850 1755 1876 τὸ
1787 1850 1875 1885 στόμα

1090 1894 1173 1920 αὑτοῦ
1192 1894 1264 1927 εἶπε,
1293 1895 1500 1930 Παρερχόμενος
1518 1894 1593 1930 παρὰ
1612 1895 1661 1929 τὴν
1678 1895 1775 1930 λίμνην
1795 1897 1876 1922 Τιϐε-

1091 1940 1180 1975 ριάδος
1202 1940 1366 1975 ἐξελεξάμην
1386 1941 1511 1975 Ἰωάννην
1529 1941 1576 1967 καὶ
1597 1941 1722 1967 Ἰάκωϐον
1739 1942 1812 1973 υἱοὺς
1826 1942 1876 1967 Ζε-

1090 1986 1208 2018 εεδαίου,
1225 1987 1273 2013 καὶ
1295 1986 1413 2021 Σίμωνα,
1435 1987 1480 2012 καὶ
1504 1986 1640 2022 Ἀνδρέαν,
1667 1987 1713 2013 καὶ
1735 1987 1875 2018 Θαδδαῖον,

1091 2035 1138 2058 καὶ
1161 2033 1270 2068 Σίμωνα
1294 2032 1340 2058 τὸν
1364 2032 1504 2067 Ζηλωτὴν,
1529 2032 1576 2058 καὶ
1597 2032 1698 2059 Ἰούδαν
1721 2033 1765 2060 τὸν
1788 2033 1876 2059 Ἰσκα-

1093 2078 1202 2114 ριώτην,
1224 2078 1270 2105 καί
1286 2087 1316 2104 σε
1338 2079 1386 2104 τὸν
1403 2078 1540 2105 Ματθαῐον
1562 2079 1742 2114 καθεζόμενον
1764 2080 1810 2106 ἐπὶ
1826 2080 1875 2106 τοῦ

1091 2124 1217 2150 τελωνίου
1232 2124 1358 2156 ἐκάλεσα,
1377 2125 1423 2150 καὶ
1437 2124 1621 2158 ὴκολοὺθησὰς
1642 2134 1695 2160 μοι.
1718 2125 1804 2160 Ύμᾶς
1827 2124 1875 2152 οὖν

1093 2170 1222 2204 βούλομαι
1246 2167 1314 2195 εἶναι
1334 2169 1445 2195 δεκαδύο
1468 2169 1641 2202 ἀποστόλους,
1663 2171 1702 2201 εἰς
1726 2170 1876 2206 μαρτύριον

1091 2215 1137 2242 τοῦ
1160 2215 1277 2251 Ἰσραήλ.
1298 2216 1352 2240 Καὶ
1372 2215 1479 2248 ἐγένετο
1507 2214 1634 2249 Ἰωάννης
1651 2215 1802 2249 βαπτίζων,
1828 2217 1876 2242 καὶ

1090 2262 1200 2296 ἐξῆλθον
1213 2262 1280 2296 πρὸς
1295 2261 1374 2287 αὑτὸν
1382 2262 1532 2296 Φαρισαῖοι,
1543 2261 1590 2287 καὶ
1603 2261 1816 2296 ἐϐαπτίσθησαν,
1828 2263 1876 2289 καὶ

1091 2310 1166 2335 πᾶσα
1183 2308 1367 2344 Ἰεροσόλυμα.
1384 2307 1440 2334 Καὶ
1454 2305 1526 2342 εἶχεν
1537 2309 1550 2334 ὁ
1570 2307 1696 2342 Ἰωάννης
1707 2307 1807 2342 ἔνδυμα
1821 2308 1877 2334 ἀπὸ

1089 2354 1190 2390 τριχῶν
1209 2354 1348 2390 καμήλου,
1370 2354 1416 2380 καὶ
1442 2353 1530 2389 ζώνην
1553 2353 1716 2389 δερματίνην
1739 2353 1804 2388 περὶ
1826 2353 1877 2388 τὴν

1090 2401 1174 2434 ὀσφὺν
1201 2399 1299 2426 αὑτοῦ·
1319 2399 1366 2425 καὶ
1388 2399 1417 2425 τὸ
1447 2399 1544 2434 βρῶμα
1575 2399 1674 2430 αὐτοῦ,
1700 2399 1782 2434 φησὶ,
1812 2399 1876 2433 μέλι

1090 2447 1194 2483 ἄγριον,
1214 2443 1243 2473 οὗ
1271 2447 1287 2482 ή
1303 2447 1397 2481 γεῦσις
1416 2444 1449 2482 ἦν
1466 2447 1512 2473 τοῦ
1530 2447 1617 2482 μάννα
1634 2447 1698 2482 (29),
1720 2448 1757 2479 ὡς
1780 2448 1876 2484 ὲγκρὶς

1090 2494 1118 2519 ὲν
1130 2493 1227 2528 ἐλαίῳ·
1243 2493 1286 2520 ἵνα
1299 2493 1380 2528 δῆθεν
1398 2493 1605 2528 μεταστρέψωσι
1623 2485 1669 2520 sev
1683 2494 1733 2529 τῆς
1746 2494 1878 2529 ἀληθείας

1090 2539 1166 2573 λόγον
1178 2540 1217 2570 εἰς
1230 2539 1337 2574 ψεῦδος,
1353 2540 1400 2566 καὶ
1412 2540 1472 2566 ἀντὶ
1486 2539 1605 2576 ἀκρίδων
1618 2541 1765 2575 ποιήσωσιν
1782 2541 1877 2576 ἐγκρί-

1089 2585 1136 2616 δας
1151 2585 1179 2611 ἐν
1195 2584 1292 2620 μέλιτι.
1316 2585 1347 2611 Ἡ
1365 2585 1393 2612 δὲ
1410 2586 1481 2621 ἁρχὴ
1496 2586 1542 2612 τοῦ
1561 2587 1626 2621 παρ’
1647 2586 1738 2617 αὐτοῖς
1752 2586 1877 2621 Εὐαγγε-

1089 2629 1145 2655 λίου
1157 2629 1224 2664 ἔχει,
1237 2630 1276 2656 ὅτι
1306 2631 1429 2664 Ἐγένετο
1448 2632 1476 2658 ἐν
1492 2632 1552 2662 ταῖς
1563 2632 1679 2667 ἡμέραις
1694 2632 1814 2666 Ἡρώδου
1827 2632 1876 2658 τοῦ

1091 2674 1222 2709 βασιλέως
1244 2676 1293 2710 τῆς
1317 2676 1462 2710 Ἰουδαίας,
1483 2675 1565 2712 ἦλθεν
1593 2677 1719 2712 Ἰωάννης
1736 2677 1878 2712 βαπτίζων

1091 2757 1143 2794 tur.
1207 2755 1301 2794 ἐγκρὶς
1314 2756 1342 2794 εν
1357 2755 1447 2794 ἐλαίῳ.
1465 2755 1523 2794 Sed
1533 2764 1583 2784 nec
1597 2757 1687 2783 minus
1703 2756 1818 2794 ridicule
1831 2763 1879 2794 no-

1090 2791 1140 2816 Stri
1163 2791 1294 2830 temporis
1301 2825 1306 2830 γ
1319 2791 1436 2819 lueretici
1460 2792 1570 2827 quidam
1586 2799 1680 2820 vocem
1697 2791 1812 2826 ἀκρίδας
1826 2792 1878 2820 de-

1089 2831 1202 2858 pravare
1216 2828 1307 2852 conati
1326 2830 1399 2853 sunt.
