1961 3046
86 152 141 181 429

426 155 609 184 ADVERSUS
628 154 800 184 HIERESES
818 155 882 183 Lm.
902 154 923 183 1.
944 154 1026 183 TOM;
1046 155 1079 183 ll.
1100 171 1136 177 —-
1154 156 1281 185 HERES
1300 158 1384 186 XXX.

1669 158 1723 187 45³)

91 213 237 250 βάπτισμα
264 215 408 250 μετανοίας
433 217 463 244 ἐν
490 217 528 253 τῷ
552 217 673 255 Ἰορδάνῃ
698 218 832 254 ποταμῷ,
856 217 886 249 ὃς

943 217 1043 251 ptizans
1070 217 1207 253 baptismo
1237 219 1404 253 poenitentiae
1433 219 1460 246 in
1484 217 1604 247 Iordane
1626 219 1721 249 ﬂuvio.

90 259 204 294 ἐλέγετο
224 258 294 287 εἶναι
319 262 351 288 ὲκ
376 262 472 296 γένους
494 263 599 299 Ἀαρὼν
620 264 667 290 τοῦ
691 264 794 299 ἱερέως,
819 264 884 294 παῖς

91 305 229 341 Ζαχαρίου
245 307 293 333 καὶ
314 308 464 341 Ἐλισάὃετ,
481 310 527 336 καὶ
551 309 697 345 ἐξήρχοντο
714 309 783 345 πρὸς
802 308 883 336 αὐτὸν

92 353 204 384 πάντες.
221 353 277 381 Καὶ
301 355 368 389 μετὰ
391 355 421 381 τὸ
447 356 534 382 εἰπεῖν
558 356 653 387 πολλὰ,
674 356 809 391 ἐπιφέρει,
830 356 882 388 ὅτι,

94 399 148 426 Τοῦ
165 399 229 426 λαοῦ
251 401 457 435 βαπτισθέντος,
474 400 539 438 ἦλθε
557 403 606 429 καὶ
625 402 738 437 Ἰησοῦς,
753 403 801 429 καὶ
822 402 898 430 ὲόα-,

94 446 196 481 πτίσΟη
214 447 266 473 ὑπὸ
282 447 328 474 τοῦ
354 448 489 475 Ἰωάννου.
510 449 564 475 Καὶ
582 449 620 480 ὡς
636 448 751 483 ἀνῆλθεν
770 449 824 475 ἀπὸ
836 448 883 475 τοῦ

96 491 211 524 ὓδατος.
227 494 376 529 ἠνοίγησαν
399 495 423 520 οἱ
444 495 564 530 οὐρανοὶ,
585 495 632 521 καὶ
649 493 702 522 εἶδε
722 495 753 521 τὸ
773 495 884 530 Πνεῦμα

94 539 142 565 τοῦ
158 539 225 566 Θεοῦ
247 540 276 566 τὸ
294 540 370 574 ἅγιον
393 542 422 567 ὲν
440 540 505 566 εῖδει
523 542 686 577 περιστερᾶς
702 541 885 576 κατελθούσης

95 585 144 611 καὶ
161 585 335 622 εἰσελθούσης
347 589 386 618 εἰς
396 587 488 613 αὐτόν.
502 587 559 613 Καὶ
574 588 649 622 φωνὴ
664 587 774 621 ἐγένετο
790 588 822 614 ἐκ
837 588 884 614 τοῦ

94 630 222 666 οὐρανοῦ,
240 631 369 665 λέγουσα·
384 632 427 658 Σύ
439 641 499 666 μου
509 630 537 658 εἷ
545 633 560 658 d
580 633 646 665 Υἱὸς
654 634 670 659 ὀ
680 633 843 667 ἀγαπητὸς,
851 633 886 659 ἐν

96 677 147 703 σοὶ
165 677 339 711 ηὐδόκησα·
361 678 407 705 καὶ
421 678 519 705 πάλιν·
543 679 616 714 Ἐγὼ
634 681 768 713 σήμερον
785 679 886 714 γεγένν-

96 722 176 756 νηκά
188 731 233 750 σε.
243 724 298 750 Καὶ
311 723 391 755 εὐθὺς
403 724 572 760 περιέλαμψε
583 725 627 752 τὸν
638 725 720 751 τόπον
733 725 790 759 φῶς
803 725 885 760 μέγα.

100 769 133 794 Ὃ
150 768 220 800 ἰδὼν,
242 770 333 805 φησὶν,
350 771 364 796 6
387 770 511 805 Ἰωάννης
527 771 601 805 λέγει
617 769 707 806 αὐτῷ·
735 770 777 797 Σὺ
792 771 838 803 τίς
848 768 884 801 εἷ,

99 815 205 849 Κύριε;
217 816 271 842 Καὶ
285 815 366 842 πάλιν
379 817 454 852 φωνὴ
469 817 498 849 ἐξ
512 816 628 852 οὐρανοῦ
639 816 708 852 πρὸς
720 817 814 844 αὐτόν’
830 815 886 844 Οὖ-

98 860 150 893 τός
167 861 253 888 ἐστιν
272 863 288 888 ό
312 862 377 895 Υἱός
388 871 447 897 μου
467 865 483 889 ό
497 862 649 896 ἀγαπητὸς
660 883 667 894 ,
686 863 732 897 ἐφ’
750 862 786 889 ὃν
798 862 887 896 ηὐδό-

99 913 191 940 κησίι.
204 907 258 933 Καὶ
274 908 345 940 τότε,
358 910 450 944 φησιν,
462 910 476 935 6
493 909 618 944 Ἰωάννης
635 909 797 944 προσπεσὼν
813 910 887 945 αὺτῷ
901 897 924 924 Β

99 951 176 986 ἔλεγε
187 960 194 967 ’
210 951 316 986 Δέομαί
332 961 390 980 σου
400 974 407 983 ,
420 953 519 988 Κύριε,
533 954 573 980 σύ
588 962 626 988 με
638 953 801 985 βάπτισον.
819 955 847 981 '0
859 955 888 982 δὲ

99 997 219 1024 ἐκώλυεν
231 998 316 1032 αὐτῷ,
329 998 417 1033 λέγων
429 1007 436 1015 ο
449 999 544 1034 Ἄφες,
563 1000 604 1026 ὅτι
615 999 701 1031 οὕτως
714 1001 772 1027 ἐστὶ
783 1001 887 1036 πρέπον

100 1043 277 1079 πληρωθῆναι
290 1045 391 1073 πάντα,

137 1092 186 1118 lA’.
211 1091 280 1127 ’Ὀρα
299 1092 328 1118 δὲ
350 1093 400 1127 τὴν
422 1092 487 1128 παρ’
511 1093 603 1124 αὐτοῖς
627 1093 889 1129 παραπεποιημένην

101 1136 472 1171 πανταχόθεν¹διδασκαλίαν,
486 1137 544 1168 πῶς
556 1138 643 1164 πάντα
660 1137 743 1173 χωλὰ,
755 1138 829 1171 λοξὰ,
843 1139 890 1165 καὶ

101 1182 230 1216 οὐδεμίαν
246 1182 381 1218 ὀρθότητα
395 1182 502 1218 ἔχοντα.
519 1183 549 1209 '0
565 1183 614 1218 μὲν
627 1183 681 1218 γὰρ
689 1183 824 1218 Κήρινθος
843 1184 890 1210 κα)⁸

101 1226 282 1262 Καρποκρᾶς,
300 1227 339 1262 τῷ
360 1227 435 1262 αὐτῷ
460 1227 594 1263 χρώμενοι
615 1228 695 1263 δῆθεν
715 1229 781 1265 παρ’
799 1229 890 1260 αὐτοῖς

102 1272 262 1308 Εὑαγγελίῳ
288 1273 343 1299 ἀπὸ
358 1273 407 1307 τῆς
420 1273 507 1309 ἀρχῆς
529 1273 575 1300 τοῦ
595 1273 666 1301 κατὰ
686 1274 826 1301 Ματθαῖον
838 1274 890 1301 Εὑ-

102 1319 229 1353 αγγελίου
251 1319 296 1345 διὰ
316 1319 364 1354 τῆς
382 1320 568 1354 γενεαλογίας.
591 1319 733 1355 βούλονται
754 1322 890 1356 παριστᾷν

103 1367 135 1392 ὲκ
150 1366 307 1401 σπέρματος
325 1366 421 1401 Ἰωσὴφ
437 1366 484 1393 καὶ
498 1367 606 1401 Μαρίας
619 1364 689 1394 εἶναι
704 1367 749 1394 τὸν
762 1368 889 1403 Χριστόν.

103 1408 184 1438 Οὗτοι
199 1412 228 1438 δὲ
249 1412 316 1439 ἄλλα
329 1412 391 1439 τινὰ
412 1411 587 1439 διανοοῦνται.
605 1413 816 1449 Παρακόψαντες
837 1414 891 1450 γὰρ

102 1458 152 1489 τὰς
173 1457 248 1493 παρὰ
268 1457 306 1493 τῷ
333 1457 465 1493 Ματθαίῳ
485 1458 669 1493 γενεαλογίας,
689 1459 818 1495 ἄρχονται
842 1460 892 1495 τὴν

103 1504 191 1540 ἀρχὴν
202 1503 347 1534 ποιεῖσθαι,
357 1504 394 1535 ὡς
408 1505 547 1539 προεῖπον,
556 1504 692 1539 λέγοντες,
703 1506 744 1532 ὅτι
758 1505 890 1540 Ἐγένετο,

104 1551 197 1586 φησὶν,
215 1551 244 1576 ὲν
258 1552 318 1582 ταῖς
339 1551 458 1586 ἡμέραις
478 1551 597 1587 Ἡρώδου
615 1551 746 1586 βασιλέως
760 1552 810 1588 τῆς
829 1552 892 1579 Ἰον-
906 1571 928 1600 C

103 1597 182 1628 δαίας
207 1596 254 1622 ἐπὶ
273 1596 423 1632 ἀρχιερέως
451 1597 580 1631 Καῖάφα,
605 1595 672 1632 ἦλθέ
697 1606 739 1629 τις
767 1598 891 1634 Ἰωάννης

103 1642 217 1677 ὀνόματι
241 1641 380 1676 βαπτίζων
401 1641 542 1677 βάπτισμα
569 1643 714 1677 μετανοίας
734 1644 762 1669 ἐν
783 1643 822 1679 τῷ
844 1653 893 1670 πο-

103 1687 183 1723 ταμῷ
204 1688 336 1724 Ἰορδάνῃ.
353 1688 401 1714 καὶ
418 1688 453 1715 τὰ
467 1688 541 1723 ἑξῆς.
563 1689 671 1723 Ἐπειδὴ
686 1690 741 1725 γὰρ
755 1689 892 1724 βούλονται

104 1733 149 1760 τὸν
163 1734 212 1768 μὲν
231 1733 334 1768 Ἰησοῦν
348 1733 432 1765 ὅντως
444 1733 587 1769 ἄνθρωπον
600 1734 680 1766 εἶναι,
693 1736 731 1767 ὼς
751 1737 892 1770 προεῖπον,

104 1779 221 1814 Χριστὸν
235 1779 262 1805 δὲ
277 1779 305 1805 ὲν
330 1779 404 1814 αὑτῷ
425 1779 587 1814 γεγενῆσθαι
602 1780 647 1806 τὸν
665 1781 694 1807 έν
706 1782 871 1817 περιστερᾶς
883 1781 891 1797 ¹

105 1823 324 1859 καταϐεϐηκότα,
341 1824 468 1860 καθάπερ
480 1825 530 1860 ἤδη
548 1825 595 1852 καὶ
614 1827 680 1862 παρ’
700 1825 795 1858 ἄλλαις
816 1827 888 1862 αἰρέ-

106 1878 180 1896 σεσιν
195 1870 358 1905 εὑρίσκομεν
374 1869 542 1904 συναφθέντα
561 1870 646 1906 αὐτῷ,
662 1871 709 1898 καὶ
729 1869 799 1898 εἶναι
812 1872 893 1899 αὑτὸν

104 1916 150 1942 τὸν
165 1917 281 1953 Χριστὸν
297 1917 328 1943 ἐκ
349 1916 505 1952 σπέρματος
521 1916 618 1952 ἀνδρὸς
635 1917 680 1944 καὶ
702 1918 831 1951 γυναικὸς
845 1927 893 1953 γε-

105 1961 265 1996 γενημένον.
277 1961 361 1988 Πάλιν
374 1962 403 1988 δὲ
415 1961 560 1997 ἀρνοῦνται
574 1959 644 1988 εἶναι
658 1963 740 1989 αὐτὸν
752 1964 893 1999 ἄνθρωπον

105 2006 186 2041 δῆθεν
218 2006 273 2032 ἀπὸ
298 2006 345 2032 τοῦ
365 2006 456 2040 λόγου,
479 2003 510 2032 οὗ
531 2006 642 2042 εἴρηκεν
657 2007 671 2033 ὁ
691 2007 785 2043 Σωτὴρ
806 2009 835 2034 ὲν
855 2008 894 2044 τῷ

105 2052 287 2088 ἀναγγελῆναι
309 2053 400 2085 αὑτὸν,
413 2053 454 2078 ὅτι
473 2052 546 2079 Ἰδοὺ
571 2054 590 2087 νή
601 2053 700 2088 μήτηρ
719 2061 777 2082 σου
802 2055 851 2081 καὶ
865 2056 892 2082 οὶ

105 2098 230 2133 ἀδελφοί
259 2106 316 2125 σου
340 2097 398 2129 ἔξω
417 2097 594 2131 [ἑστήκασιν.
618 2099 659 2125 ὅτι
686 2100 733 2132 Τίς
752 2108 812 2133 μου
828 2100 894 2126 ἐστὶ

104 2144 202 2180 μήτηρ
223 2145 274 2171 καί
285 2153 345 2178 μου
365 2143 492 2179 ἀδελφοί
499 2152 507 2176 ;
527 2143 582 2170 Καὶ
606 2145 741 2178 ἐκτείνας
754 2145 802 2172 ἐπὶ
824 2145 895 2178 τοὺς

105 2191 238 2226 μαθητὰς
254 2190 311 2224 τὴν
323 2190 417 2224 χεῖρα,
431 2190 490 2225 ἔφη
502 2199 508 2206 ·
527 2189 616 2218 Οὗτοί
629 2191 708 2217 εἰσιν
725 2192 752 2217 ol
768 2191 895 2225 ἀδελφοί

934 270 1014 298 quem
1032 262 1158 291 ferebam
1172 272 1205 291 ex
1223 272 1321 298 genere
1340 272 1401 293 esse
1419 265 1537 292 Aaronis
1559 264 1722 296 sacerdotis.

935 309 1007 336 ﬁlius
1020 309 1162 337 Zachariae
1179 315 1206 338 et
1221 310 1397 344 Elizabethae,
1418 314 1446 338 et
1462 311 1674 346 egrediebantur
1689 311 1723 338 ad

936 355 1012 382 illum
1024 363 1129 384 omnes.
1150 356 1219 384 Tum
1237 357 1317 391 longe
1334 361 1428 392 postea
1450 356 1609 391 subjungit:
1629 356 1724 391 Bapti-

934 405 995 428 zato
1010 402 1110 437 populo
1124 403 1199 430 venit
1215 406 1241 430 ct
1257 402 1349 435 Jesus,
1366 406 1394 430 et
1412 410 1426 429 a
1447 401 1552 430 Joanne
1567 402 1723 437 baptizatus

934 449 986 474 est.
999 446 1124 482 Cumque
1137 448 1308 476 ascendisset
1322 456 1355 475 ex
1367 455 1449 484 aqua,
1466 448 1552 484 aperti
1567 452 1632 475 sunt
1648 448 1722 478 cmli.

935 497 962 520 et
975 494 1041 522 vidit
1057 493 1189 529 Spiritum
1207 494 1255 522 Dei
1271 499 1396 522 sanctum
1411 495 1543 523 columbae
1557 495 1663 530 species
1674 494 1724 521 de-

936 540 1094 568 scendentis
1108 544 1135 568 et
1157 541 1288 568 intrantis
1308 541 1335 568 in
1351 549 1421 569 sese.
1438 540 1472 568 Et
1492 549 1545 568 vox
1567 542 1673 569 reddita
1690 541 1726 569 de

936 585 1006 613 ccelo
1030 586 1126 613 dicens
1149 595 1156 612 τ
1182 585 1222 612 Tu
1245 594 1272 612 es
1296 585 1384 613 Filius
1405 594 1477 613 meus
1496 585 1619 618 dilectus,
1647 587 1674 612 in
1701 591 1726 612 te

937 631 1000 657 milii
1013 631 1170 666 complacui.
1184 631 1217 658 Et
1230 631 1326 659 iterum
1339 641 1345 658 :
1363 630 1419 667 Ego
1434 631 1510 658 hodie
1526 632 1602 666 genui
1619 636 1652 658 le.
1668 631 1727 657 Sta-

935 677 1039 711 timque
1048 685 1080 704 eo
1095 677 1121 704 in
1136 677 1196 704 loco
1208 678 1253 704 lux
1267 677 1363 712 ingens
1378 677 1489 704 affulsit.
1503 676 1562 709 Qua
1577 682 1726 711 conspecta

937 722 1055 749 Joannes
1076 723 1115 750 sic
1135 731 1196 750 eum
1218 724 1366 758 alloquitur
1382 732 1389 750 :
1412 723 1451 750 Tu
1464 724 1522 758 quis
1539 732 1578 755 es,
1597 723 1727 751 Domine?

938 767 1193 804 Rursumquelapsa
1209 777 1262 796 vox
1277 770 1310 796 de
1325 770 1413 796 coelo:
1430 769 1482 796 Hic
1495 774 1534 797 est
1548 769 1638 797 Filius
1652 778 1726 796 metu

937 815 1060 848 dilectus,
1078 816 1105 842 in
1120 824 1170 850 quo
1186 817 1250 843 mihi
1263 817 1420 851 complacui.
1432 817 1471 843 Ad
1485 817 1544 844 haec
1556 816 1676 844 Joannes
1691 816 1725 842 ad

938 860 998 895 ejus
1010 861 1093 895 pedes
1104 861 1246 889 accidens:
1263 861 1370 894 Quwso,
1385 862 1486 897 inquit,
1501 861 1624 893 Domine,
1644 865 1671 888 tu
1687 869 1727 889 me

939 907 993 942 ipse
1007 907 1123 941 baptiza.
1146 907 1180 934 At
1196 908 1241 935 ille
1255 909 1416 943 prohibebat
1429 916 1491 936 eum
1513 908 1609 936 dicens
1623 918 1630 935 :
1646 907 1726 942 Sine;

940 953 976 980 ita
992 954 1063 980 enim
1079 953 1156 981 decet
1168 961 1218 981 nos
1234 954 1346 990 implere
1360 955 1462 982 omnia.

975 1084 1046 1112 XIV.
1066 1085 1135 1114 Vide
1153 1094 1235 1122 quam
1260 1088 1293 1115 sit
1313 1095 1408 1115 eorum
1431 1088 1612 1124 undequaque
1630 1089 1729 1125 depra-

941 1134 1003 1158 vata
1019 1131 1158 1164 doctrina;
1175 1140 1256 1167 quam
1273 1133 1467 1166 claudicantia,
1485 1135 1654 1169 distortaque
1673 1135 1729 1162 sint

941 1177 1043 1208 omnia,
1060 1184 1112 1204 nec
1125 1178 1194 1204 recti
1214 1178 1364 1213 quidquam
1387 1179 1558 1206 contineant.
1580 1179 1728 1206 Corinthus

942 1222 1014 1248 enim
1034 1225 1061 1249 et
1074 1221 1254 1257 Carpocrates
1265 1224 1360 1250 eodem
1373 1222 1502 1253 Matthazi.
1519 1228 1548 1250 ut
1563 1224 1671 1259 quidem
1682 1232 1730 1251 vo-

942 1267 1013 1299 lunt,
1030 1265 1178 1302 Evangelia
1192 1268 1266 1300 freti.
1285 1277 1317 1296 ex
1333 1269 1395 1303 ejus
1412 1269 1490 1296 initio
1508 1269 1665 1304 Christique
1683 1277 1730 1305 ge-

942 1314 1067 1349 nealogia
1089 1315 1206 1350 probare
1229 1316 1365 1349 nituntur,
1384 1315 1525 1343 Christum
1542 1324 1557 1343 e
1577 1315 1688 1351 Iosephi
1702 1320 1730 1344 et

943 1360 1034 1387 Mariae
1059 1361 1162 1388 semine
1184 1368 1246 1388 esse
1272 1365 1458 1396 procreatum.
1478 1361 1517 1388 Illi
1539 1365 1635 1388 contra
1655 1361 1730 1388 aliud

942 1407 1055 1434 omnino
1070 1410 1204 1434 statuunt.
1220 1407 1289 1434 Nam
1307 1408 1381 1434 omni
1398 1407 1443 1434 illa
1459 1407 1615 1443 genealogia
1631 1416 1730 1443 ampu-

942 1456 1008 1485 tata,
1024 1453 1087 1480 inde
1097 1454 1169 1481 unde
1177 1454 1296 1481 diximus
1310 1455 1418 1482 initium
1435 1454 1573 1481 deducunt
1590 1463 1596 1481 :
1615 1454 1728 1481 Factum

943 1501 985 1525 est
1007 1498 1035 1525 in
1058 1498 1154 1526 diebus
1176 1498 1292 1526 Herodis
1308 1500 1380 1534 regis
1399 1499 1510 1531 Judaeze.
1532 1499 1584 1527 sub
1609 1499 1732 1535 principe

945 1544 1119 1572 sacerdotum
1144 1544 1259 1580 Caipha,
1288 1549 1318 1572 ut
1333 1545 1440 1573 veniret
1464 1546 1584 1580 quidam,
1611 1544 1731 1573 Joannes

944 1591 1065 1624 nomine,
1081 1591 1226 1626 baptizans
1242 1591 1379 1626 baptismo
1394 1592 1561 1626 poenitentiae
1573 1592 1600 1618 in
1614 1591 1732 1620 Iordane

943 1637 1035 1668 ﬂuvio,
1044 1641 1097 1664 etc.
1105 1636 1330 1672 Quandoquidem
1338 1637 1441 1669 Jcsum,
1452 1636 1613 1670 utdiximus,
1625 1645 1731 1665 merum

943 1683 1081 1710 hominem
1104 1683 1244 1710 exstitisse
1265 1686 1381 1718 putant,
1409 1683 1437 1710 in
1453 1691 1540 1718 eoque
1554 1683 1635 1718 139
1651 1691 1727 1711 rese—

943 1730 1017 1758 disse
1037 1730 1189 1758 Christum.
1213 1730 1260 1765 qui
1285 1731 1420 1758 columba
1445 1731 1535 1766 specie
1556 1731 1591 1758 sit
1605 1731 1731 1766 illapsus,

943 1783 1005 1803 cum
1018 1784 1104 1812 eoque
1115 1778 1299 1812 conjunctus;
1315 1777 1341 1804 id
1352 1777 1424 1812 quod
1440 1777 1502 1804 aliis
1517 1777 1629 1812 insuper
1642 1778 1732 1804 Intere-

944 1824 1021 1851 sibus
1034 1824 1170 1858 placuisse
1183 1825 1306 1859 reperio;
1318 1825 1355 1851 ita
1365 1823 1458 1852 Jesum
1474 1825 1562 1859 ipsum
1575 1831 1637 1851 esse
1650 1823 1732 1850 Chri-

944 1874 1016 1897 stum
1026 1878 1059 1897 ex
1069 1870 1212 1905 utriusque
1223 1871 1344 1905 parentis
1355 1871 1459 1898 semine
1473 1874 1646 1905 prognatum.
1662 1868 1733 1896 Rur-

944 1923 1005 1944 sum
1020 1924 1086 1943 vero
1099 1924 1154 1943 non
1172 1916 1310 1944 hominem
1329 1924 1390 1944 esse
1403 1916 1542 1944 Christum
1557 1924 1590 1943 ex
1607 1916 1658 1943 hoc
1672 1916 1732 1950 ejus

945 1970 1080 1997 responso
1094 1963 1236 1997 colligunt,
1256 1962 1340 1997 quod,
1355 1969 1416 1988 cum
1437 1962 1623 1988 renuntiatum
1640 1965 1730 1988 esset:

945 2009 1012 2035 Ecce
1029 2013 1113 2035 mater
1135 2013 1181 2035 tua
1199 2013 1223 2035 et
1246 2009 1342 2043 fratres
1364 2008 1402 2034 tui
1426 2008 1492 2042 foris
1514 2012 1595 2038 stant,
1613 2008 1686 2034 hunc
1703 2007 1731 2034 in

944 2057 1054 2083 modum
1069 2056 1202 2083 reddidit:
1219 2055 1284 2088 Quae
1296 2060 1333 2081 est
1347 2059 1431 2081 mater
1443 2062 1509 2083 mea.
1521 2059 1545 2080 et
1556 2054 1652 2088 fratres
1664 2054 1732 2082 mei?

944 2105 969 2128 el
985 2101 1125 2128 extendens
1138 2109 1243 2127 manum
1257 2101 1284 2127 in
1294 2100 1439 2134 discipulos
1453 2100 1540 2126 dixit:
1551 2099 1587 2126 lli
1598 2104 1658 2126 sunt
1672 2099 1731 2134 fra-

946 2152 998 2173 tres
1016 2147 1076 2178 mei,
1096 2150 1120 2173 et
1137 2150 1221 2173 mater
1237 2155 1305 2178 mea,
1321 2147 1366 2180 qui
1382 2146 1484 2181 faciunt
1500 2145 1662 2172 voluntatem
1677 2145 1734 2172 Ρο-

946 2194 995 2220 tri:
1008 2193 1089 2220 τηεμ.
1108 2192 1182 2229 Hine
1194 2193 1238 2220 ille
1250 2193 1396 2228 praestigiis
1413 2193 1564 2219 instructus
1582 2191 1668 2219 Ebion
1684 2200 1734 2219 va-

105 2246 163 2272 μου
178 2238 226 2263 καὶ
245 2237 264 2271 ή
277 2237 386 2272 μήτηρ,
403 2239 429 2264 οι
448 2237 602 2270 ποιοῦντες
620 2237 656 2264 τὰ
673 2237 825 2272 θελήματα
841 2238 890 2265 τοῦ

948 2239 1003 2266 rias
1018 2247 1047 2266 se
1069 2239 1096 2265 in
1117 2239 1207 2266 larvas
1227 2243 1308 2273 atque
1323 2238 1424 2273 eiligies
1440 2237 1585 2269 deformat,
1602 2241 1631 2264 ut
1648 2246 1680 2266 ex
1699 2238 1733 2265 iis

107 2282 221 2315 Πατρός
235 2290 305 2316 μου.
335 2281 492 2314 Ἐντεῦθεν,
511 2281 547 2314 ὡς
569 2282 637 2317 ἔφην
664 2282 713 2317 τῆς
735 2282 825 2318 πάσης
846 2291 894 2309 κυ-

108 2325 184 2356 ϐείας
206 2325 416 2360 μεμεστωμένος
437 2327 451 2352 ὁ
477 2326 573 2352 Ἐϐίων
593 2326 638 2352 διὰ
660 2326 765 2353 πολλῶν
783 2328 894 2363 μορφῶν

107 2371 249 2405 ὑποφαίνει
272 2372 381 2398 ἑαυτόν·
404 2373 442 2404 ὡς
457 2370 526 2400 εἶναι
543 2373 686 2409 τεράστιον
704 2373 775 2400 κατὰ
791 2374 824 2400 τὰ
839 2374 896 2401 ἄνω

108 2427 154 2454 μοι
170 2418 407 2454 προδεδηλωμὲνα.

143 2463 192 2489 IE'.
207 2463 334 2498 Χρῶνται
347 2464 376 2490 δὲ
392 2463 438 2490 καὶ
459 2463 551 2496 ἄλλαις
566 2464 623 2491 τισὶ
639 2464 695 2500 (50)
707 2465 808 2500 βίϐλοις
825 2486 832 2498 ,
847 2466 894 2501 δῆ-

107 2509 153 2535 θεν
167 2511 227 2540 ταῖς
249 2509 401 2543 Περιόδοις
416 2510 595 2545 καλουμέναις
623 2511 751 2545 Πέτρου,
771 2513 830 2544 ταῖς
852 2513 895 2538 διὰ

106 2555 265 2590 Κλήμεντος
285 2555 447 2590 γραφείσαις
458 2575 465 2586 ,
489 2555 665 2588 νοθεύσαντες
682 2557 730 2591 μὲν
747 2557 780 2583 τὰ
795 2558 824 2582 ὲν
844 2558 895 2584 αὖ·

105 2603 167 2633 ταῖς
177 2621 184 2632 ,
201 2601 279 2635 ὀλίγα
292 2601 320 2627 δὲ
335 2600 448 2635 ἀληθινὰ
464 2601 610 2632 ἐάσαντες,
625 2601 663 2633 ὡς
677 2602 757 2634 αὐτὸς
779 2602 895 2637 Κλήμης

107 2647 205 2678 αὐτοὺς
222 2646 292 2672 κατὰ
307 2646 396 2672 πάντα
418 2646 524 2681 ἐλέγχει
535 2666 542 2678 ,
564 2647 611 2681 ἀφ’
627 2643 664 2672 ὧν
679 2646 797 2682 ἔγραψεν
815 2647 895 2673 Ἐπι-

144 2726 153 2740 ¹
171 2723 272 2759 Supple
287 2723 361 2751 εῖδει.
399 2725 409 2740 ²
428 2723 523 2751 Matth.
542 2731 592 2756 xtl,
605 2725 698 2752 47-50.

144 2804 200 2839 (50)
219 2804 350 2839 Xpdnfrat
367 2802 402 2829 δὲ
422 2803 470 2829 καὶ
482 2802 591 2836 ἄλλαις
605 2804 676 2830 τισί.
696 2803 733 2831 De
750 2804 831 2835 libro,
848 2805 894 2839 qui

109 2839 241 2872 Περίοδοι
262 2838 374 2872 Πέτρου
391 2838 539 2872 inscriptus
560 2843 629 2868 erat.
656 2839 778 2866 meminit
793 2838 894 2867 Athan.

108 2875 133 2901 in
154 2874 218 2908 Syn.
232 2878 258 2901 et
270 2874 340 2901 inter
356 2875 510 2909 apoorypha
525 2881 587 2901 cum
609 2874 671 2901 aliis
688 2880 821 2903 recenset.
838 2874 895 2903 Vel-

947 2294 1008 2322 quae
1028 2286 1107 2313 initio
1125 2286 1198 2313 dicta
1214 2290 1279 2313 sunt
1294 2290 1392 2314 tetrum
1407 2291 1434 2313 et
1450 2286 1582 2314 horribile
1595 2286 1732 2321 quoddam

946 2341 1007 2361 esse
1022 2336 1175 2360 monstrum
1190 2337 1330 2367 appareat.

981 2461 1040 2489 XV.
1059 2462 1129 2489 Sunt
1143 2465 1170 2489 et
1183 2462 1228 2489 alii
1246 2462 1308 2489 libri
1327 2463 1427 2498 quibus
1442 2467 1569 2496 utuntur,
1588 2465 1663 2492 velut
1683 2464 1734 2493 Pe-

948 2508 983 2535 tri
1006 2508 1132 2534 circuitus
1153 2516 1168 2534 a
1192 2508 1329 2537 Clemente
1354 2510 1501 2545 conscripti
1514 2530 1521 2542 ,
1541 2518 1596 2546 quo
1615 2511 1643 2538 in
1658 2512 1733 2539 libro

947 2554 1041 2588 paucis
1055 2554 1127 2581 veris
1147 2555 1251 2582 relictis
1277 2561 1376 2583 caetera
1399 2562 1603 2592 supposuerunt
1618 2567 1624 2584 :
1638 2566 1734 2593 quem-

948 2600 1093 2627 admodum
1108 2601 1234 2628 Clemens
1249 2602 1307 2636 ipsc
1319 2602 1447 2629 omnibus
1459 2603 1521 2630 illos
1537 2603 1626 2631 modis
1642 2604 1736 2631 redar-

948 2646 1005 2681 guit
1021 2646 1055 2673 iis
1070 2646 1197 2681 Epistolis
1215 2647 1402 2680 circularibus,
1415 2657 1475 2683 qua:
1492 2649 1527 2676 ab
1541 2657 1574 2677 eo
1586 2651 1695 2684 scripta-
1706 2651 1733 2677 in

948 2805 986 2832 uti
1001 2809 1064 2832 sunt
1090 2804 1210 2866 Πεὲίοδοι
1229 2805 1343 2840 Πετρου,
1376 2806 1499 2841 Περίοδοι
1510 2806 1643 2833 Ἰωάννου.
1659 2805 1736 2841 Περί-

948 2841 1001 2866 οδοι
1015 2841 1109 2866 Θωμᾶ.
1151 2841 1305 2866 ὺαγγέλιον.
1314 2841 1384 2866 κατὰ
1397 2842 1491 2866 Θωιιᾶ.
1507 2842 1605 2866 mam»
1619 2841 1720 2866 ἀποστό

947 2841 1001 2877 οδοι
1015 2841 1109 2877 Θωμᾶ,
1129 2841 1491 2877 Εὑαγγέλιονλκατὰ-Θωμᾷ,
1507 2842 1606 2877 Διδαχὴ
1619 2841 1720 2877 ἀποστό

947 2876 1011 2908 λων,
1027 2875 1192 2910 Κλημεντια,
1204 2880 1257 2903 etc.
1276 2875 1356 2912 [Vide
1373 2875 1450 2903 Patr;
1466 2876 1511 2903 Gr.
1527 2882 1547 2904 ι.
1567 2875 1619 2904 [et
1635 2876 1683 2913 ll.]
