1961 3046
233 150 281 177 Mil

234 207 420 237 sacrosanctis
436 207 561 235 ecclesiis
582 207 720 243 leguntur.
736 206 773 233 Ex
792 206 894 242 quibus
913 210 1022 233 constat
1037 209 1059 237 Α

234 255 314 290 longe
337 254 371 282 ab
392 254 426 281 iis
442 261 504 288 quae
519 253 546 279 in
565 252 726 279 Circuilibus
744 252 798 280 illis
813 252 864 279 sub
885 251 945 287 ejus
970 259 1021 278 no-

235 302 308 328 mine
322 300 477 327 adulterium
490 303 610 331 exstant,
632 298 706 326 illius
727 298 805 325 ﬁdem
822 306 853 325 ac
868 305 1022 325 sermonem

235 347 420 373 abhorruisse.
441 345 546 373 Etenim
565 345 747 380 virginitatem
763 344 890 371 Clemens
902 343 1021 375 edocuit,

235 393 282 419 isti
295 392 440 427 repudiant
457 400 464 418 :
482 391 527 418 ille
549 390 635 418 Eliam
659 389 787 417 Davidem
802 393 828 416 et
845 389 1023 424 Sampsonem

236 446 389 473 omnesque
413 437 560 472 prophetas
585 436 776 468 commendat;
804 435 936 462 Ebionitrc
949 436 1024 464 dete-

235 486 354 510 stantur.
366 482 456 514 Quare
472 483 499 508 in
516 481 677 508 Circuitibus
693 481 754 508 istis
768 489 847 508 suum
864 481 897 508 ad
914 481 1024 509 institu-

237 533 293 554 tum
318 528 560 555 accommodarunt
583 527 686 557 omnia,
705 535 736 553 ac
757 526 790 554 de
810 526 890 554 Petro
907 527 1024 562 plurima

236 572 377 600 mendacia
389 573 592 600 conﬁnxerunt.
605 572 765 607 Cujusmodi
779 577 820 599 est
832 574 901 601 inter
914 579 1034 611 αιτιοι-ιι,-

236 618 359 652 quotidie
378 618 453 645 illum
476 618 648 645 castimoniae
663 625 748 646 causa
767 619 877 651 lavisse,
891 619 964 654 quod
979 619 1024 647 isti

237 665 328 692 facere
342 668 554 691 consueverunt.
568 663 638 692 Tum
661 666 694 691 ab
711 665 840 692 animatis
857 665 984 693 omnibus
998 669 1025 692 et

236 709 378 740 carnibus,
389 709 547 743 reliquoque
559 709 645 740 omni,
654 709 727 744 quod
741 716 823 736 carne
834 713 952 742 constet,
965 710 1026 738 abs-

236 753 369 784 tinuisse;
391 752 521 787 quoniam
546 753 580 780 ab
602 753 637 780 iis
662 757 718 780 tam
739 753 825 781 Ebion
844 755 919 786 olim.
944 762 1024 789 quam

238 798 320 826 hodie
334 797 467 825 libionitaa
483 805 580 825 omnes
595 798 754 825 abhorrent.
772 798 895 834 Cumque
907 799 1026 833 aliquem

237 852 270 871 ex
284 844 337 871 illis
352 843 576 878 interrogaveris,
587 851 637 870 cur
649 843 760 870 tandem
776 844 811 872 ab
825 844 951 872 animatis
966 852 1027 872 sese

238 891 390 923 coatineat,
415 889 490 916 aliud
504 889 571 916 nihil
588 894 687 925 praeter
703 890 754 917 hoc
771 890 926 925 imperitum
943 895 970 918 et
985 891 1027 917 in-
1043 880 1064 907 Β

239 936 345 963 suisutn
358 936 486 970 excipiet,
502 935 575 971 quod
590 936 635 962 illa
648 943 663 963 e
676 943 823 971 corporum
839 937 915 963 coitu
925 944 1028 964 concu-

242 982 355 1016 bituque
369 981 527 1016 gignantur,
545 989 576 1008 se
593 981 697 1009 idcirco
712 990 766 1008 non
780 982 862 1009 vesci.
875 981 914 1009 Ex
930 990 985 1017 quo
997 982 1029 1008 il—

245 1027 288 1054 .ud
303 1035 478 1062 consequens
502 1031 555 1058 est,
582 1027 632 1055 hos
659 1028 733 1062 ipsos
750 1029 796 1063 qui
817 1036 849 1055 ex
865 1028 960 1056 eodem
977 1029 1029 1056 viri

245 1073 404 1108 feminaeque
422 1073 566 1108 complexu
580 1073 636 1100 nati
652 1079 728 1104 sunt.
747 1074 945 1102 abominandos
955 1083 1026 1107 esse,

244 1120 265 1146 si
281 1126 346 1146 vera
361 1123 426 1146 sunt
446 1127 507 1154 qure
531 1127 563 1146 ex
580 1126 628 1146 ore
642 1127 694 1147 suo
706 1120 790 1148 stulte
804 1127 837 1148 ac
851 1119 968 1149 ridicule
981 1128 1031 1148 vo-

244 1170 380 1192 muerunt.

278 1210 348 1238 κνι.
365 1210 498 1238 Caeterum
511 1210 648 1245 baptismo
660 1219 770 1246 quoque
785 1216 884 1247 praeter
896 1212 1032 1248 quotidia-

245 1255 401 1281 nu’mnllum
418 1255 573 1287 initiantur,
600 1260 628 1283 et
643 1264 677 1283 ex
700 1256 920 1284 Christianorum
938 1257 1033 1285 Eccle-

245 1300 347 1334 siaaque
364 1300 519 1328 imitatione
533 1301 666 1336 mysteria
681 1301 806 1336 quaedam
823 1304 973 1337 quotannis
987 1310 1034 1330 ce-

247 1346 365 1378 lebrant,
385 1347 464 1382 ιω
479 1347 507 1374 in
519 1348 620 1382 quibus
638 1355 723 1382 panes
740 1355 862 1383 azymos,
880 1353 907 1376 et
919 1348 953 1376 ad
967 1349 1034 1377 alte-

247 1399 305 1420 ram
320 1393 442 1428 mysterii
455 1397 559 1428 partem
575 1401 678 1421 meram
689 1401 787 1429 aquam
798 1394 936 1422 adhibent.
949 1394 1033 1429 Duos,

248 1443 278 1465 ut
293 1438 348 1472 jam
367 1438 436 1471 dixi,
453 1445 467 1465 a
484 1438 539 1466 Deo
555 1440 722 1467 constitutos
740 1445 879 1473 asserunt,
895 1441 1035 1469 Christum

248 1487 276 1511 et
298 1484 448 1511 diabolum.
475 1483 599 1517 Quorum
624 1485 662 1512 illi
687 1485 784 1518 futuri,
806 1485 869 1513 huic
895 1487 1037 1521 praesentis

250 1528 342 1555 seculi
359 1532 480 1563 potestas
496 1533 538 1556 est
552 1529 711 1561 commissa,
727 1529 809 1564 idque
824 1530 892 1557 adeo
906 1530 1037 1565 Omnipo-

250 1573 335 1601 teutis
351 1574 426 1601 illius
450 1574 578 1601 mandato
608 1575 641 1601 ad
665 1575 798 1610 cujusque
827 1577 1038 1611 postulationem

251 1626 313 1646 esse
327 1618 440 1646 factum.
455 1619 495 1646 Ob
510 1619 537 1646 id
554 1618 647 1647 Jesum
663 1628 695 1648 ex
711 1621 784 1648 virili
809 1622 913 1649 semine
937 1623 1040 1658 produ-

253 1669 326 1691 ctum
342 1664 488 1697 allirmant,
507 1669 534 1692 et
548 1665 663 1692 electum
677 1674 685 1698 ;
709 1666 800 1702 itaque
812 1666 860 1695 Dei
873 1667 971 1695 Filium
992 1676 1040 1704 θρς

254 1711 382 1746 pellatunt
405 1710 439 1738 ab
465 1718 497 1738 eo
519 1710 671 1743 Christum,
697 1712 743 1746 qui
759 1712 786 1739 in
802 1713 891 1748 ipsum
907 1714 1040 1742 columba

254 1755 341 1791 ﬁgura
355 1755 389 1785 de
403 1756 472 1783 coelo
486 1755 616 1791 delapsus
637 1761 688 1784 est.
709 1757 815 1793 Negant
829 1766 894 1786 vero
910 1767 925 1786 a
939 1759 994 1787 Dco
1008 1760 1041 1788 il-

254 1801 310 1829 lum
322 1809 383 1829 esse
398 1801 479 1830 Patre
491 1803 623 1838 genitum,
641 1803 689 1830 sed
703 1807 834 1838 tanquam
849 1813 934 1833 unum
949 1814 982 1833 ex
997 1815 1042 1833 ar-

254 1848 394 1883 changelis
408 1854 541 1879 creatum,
566 1852 594 1875 et
620 1849 654 1876 iis
679 1854 768 1877 tamen
785 1851 931 1885 majorem;
950 1852 997 1886 qui
1014 1856 1041 1880 et

255 1892 377 1927 angelis,
397 1897 424 1920 et
443 1893 580 1921 universis
608 1902 669 1929 qua:
697 1898 761 1921 sunt
790 1895 823 1922 ab
849 1894 1042 1931 Omnipotente

257 1938 367 1964 condita
383 1938 548 1971 dominetur,
557 1945 584 1967 et
594 1940 621 1966 in
633 1940 705 1967 hunc
721 1941 814 1968 orbem
831 1943 946 1976 venerit,
959 1947 1042 1978 atque

255 1984 318 2016 hoc,
330 1983 403 2018 quod
420 1988 462 2011 est
483 1984 511 2011 in
527 1985 634 2012 illorum
648 1985 805 2021 Evangelio,
821 1987 945 2016 docuerit
957 1988 1040 2024 :Ego,

255 2030 356 2064 inquit,
372 2030 405 2057 ad
425 2030 580 2065 abroganda
601 2032 736 2059 sacriﬁcia
757 2033 828 2066 veni,
844 2037 872 2062 et
887 2034 940 2062 nisi
955 2036 1042 2062 sacri-

256 2073 338 2101 ﬁcare
351 2073 499 2106 desieritis,
515 2075 561 2102 Dei
578 2076 606 2102 in
619 2084 667 2104 vos
681 2077 722 2103 ira
738 2085 795 2104 non
811 2079 930 2106 cessabit
942 2078 1040 2113 :Ejus-

255 2120 328 2146 modi
340 2128 404 2155 ergo
421 2121 527 2148 illorum
544 2122 669 2149 instituta
685 2127 758 2150 sunt.
777 2123 912 2152 Pratterea
932 2131 1042 2160 aposto-

255 2165 343 2192 lorum
362 2166 431 2194 alios
445 2167 530 2195 Actus
545 2167 754 2203 circumferunt,
770 2169 798 2197 in
812 2171 912 2206 quibus
924 2171 1041 2206 plurima

935 144 964 172 S.
985 143 1156 172 EPIPHANH

1810 144 1884 172 £32

1073 205 1192 233 στολῶν
1201 206 1370 240 ἐγκῖικλιιω·
1393 205 1446 232 τῶν
1474 204 1504 232 ἐν
1523 205 1583 237 ταῖς
1599 204 1690 239 ἁγίαις
1703 205 1883 240 ἐκκλησία-ς

1073 252 1333 287 ἀναγινωσκομένων
1343 272 1349 284 ,
1367 251 1409 278 ὅτι
1421 251 1500 278 ἄλλον
1518 251 1574 286 ἔχει
1588 250 1750 287 χαρακτῆρα
1763 252 1780 287 ἡ
1797 252 1858 278 tau
1867 266 1883 271 —

1072 298 1119 324 τοῦ
1139 298 1230 329 πίστις
1245 299 1292 324 καὶ
1307 298 1321 324 ὁ
1336 297 1413 332 λόγος
1428 297 1503 333 παρὰ
1522 297 1556 323 τὰ
1569 297 1622 324 ὑπὸ
1634 296 1736 323 τούτων
1749 298 1789 328 είς
1803 297 1882 323 δνο-

1075 353 1113 380 μα
1126 344 1208 370 αὑτοῦ
1226 345 1254 370 ὲν
1266 345 1327 375 ταῖς
1342 343 1494 378 Περιόδοις
1509 343 1695 378 νενοθευμένα.
1709 343 1795 374 Αὐτὸς
1810 342 1884 377 γὰρ

1074 390 1222 426 παρθενίαν
1241 390 1379 421 διδάσκει,
1397 390 1444 416 καὶ
1470 389 1546 416 αὐτοὶ
1567 389 1598 416 οὐ
1623 389 1754 424 δέχονται.
1778 390 1883 420 Αὐτὸς

1074 436 1128 471 γὰρ
1147 434 1315 470 ἐγκωμιάζει
1335 435 1429 461 Ἠλίαν
1444 435 1491 461 καὶ
1507 435 1589 461 Δασιδ
1611 435 1659 461 καὶ
1676 435 1795 470 Σαμψὼν
1818 435 1882 462 καὶ

1074 481 1179 513 πάντας
1195 482 1257 512 τοὺς
1273 482 1431 517 προφήτας,
1448 481 1495 512 οὓς
1508 479 1583 507 οὗτοι
1603 480 1798 516 βδελύττονται.
1822 482 1883 508 Ἐν

1073 529 1133 559 ταῖς
1149 525 1196 554 οὖν
1214 527 1365 560 Περιόδοις
1378 527 1408 553 τὸ
1426 528 1479 553 πᾶν
1499 528 1539 559 είς
1559 527 1672 558 ἑαυτοὺς
1695 528 1882 562 μετήνεγκαν

1075 573 1313 608 καταψευσάμενοι
1336 572 1438 608 Πέτρου
1456 572 1525 599 κατὰ
1548 572 1661 604 πολλοὺς
1677 573 1811 608 τρόπους,
1829 573 1882 604 ὡς

1076 618 1158 644 αὐτοῦ
1174 617 1234 644 καθ’
1256 617 1362 652 ἡμέραν
1378 616 1575 652 βαπτιζομένου
1602 617 1737 652 ἁγνισμοῦ
1760 618 1880 648 ἕνεκεν,

1075 663 1200 698 καθάπερ
1220 663 1266 689 καὶ
1277 660 1359 689 οὗτοι·
1373 662 1504 697 ἐμψύχων
1517 671 1547 688 τε
1560 662 1605 689 τὸν
1620 663 1700 689 αὑτὸν
1715 663 1881 698 ἀπέχεσθαι

1075 710 1123 737 καὶ
1146 709 1234 744 κρεῶν
1244 729 1252 741 ,
1278 709 1316 740 ὼς
1331 709 1378 735 καὶ⁸
1394 706 1465 736 οὗτοι
1478 728 1486 741 ,
1500 710 1548 735 καὶ
1563 709 1653 743 πάσης
1668 709 1750 744 ἄλλης
1764 709 1881 743 ἐδωδῆς

1076 756 1124 791 τῆς
1140 755 1194 782 ἀπὸ
1209 754 1318 790 σαρκῶν
1340 755 1529 790 πεποιημένης
1552 755 1674 789 λέγουσιν
1687 775 1694 787 ,
1717 755 1880 790 ἐπειδήπερ

1077 801 1124 828 καὶ
1142 800 1223 832 αὐτὸς
1241 801 1338 827 Ἐϐίων
1354 801 1402 828 καὶ
1424 801 1577 828 Ἐῦιωνίται
1596 800 1735 832 παντελῶς
1752 801 1883 836 ἀπέχον-

1077 855 1121 873 ται
1140 846 1252 873 τούτων,
1272 847 1356 872 Ὅταν
1372 846 1401 873 δὲ
1415 847 1557 882 ἐρωτήσῃς
1572 847 1620 874 ἕνα
1637 847 1691 873 τῶν
1705 847 1794 873 αὐτῶν
1807 867 1815 878 ,
1829 847 1862 873 τε

1078 900 1122 923 νος
1134 892 1227 918 ἕνεκεν
1245 890 1375 926 ἐμψύχων
1395 892 1425 917 οὐ
1440 891 1693 926 μεταλαμϐάνουσι,
1711 891 1747 926 μὴ
1760 891 1882 926 ἔχοντές

1077 947 1104 964 τι
1119 935 1310 972 διηγήσασθαι,
1325 937 1515 972 ἀποκρίνονται
1532 937 1678 968 ἀσυνέτως,
1691 937 1737 963 καὶ
1747 937 1879 971 λέγουσι,

1078 983 1127 1009 Δίὰ
1149 982 1180 1008 τὸ
1193 983 1225 1008 ὲκ
1242 982 1384 1013 συνουσίας
1406 982 1452 1008 καὶ
1469 983 1568 1017 μίξεως
1588 982 1721 1017 σωμάτων
1739 980 1808 1008 εἶναι
1823 982 1883 1008 αὑ-

1078 1029 1121 1060 τὰ,
1135 1029 1165 1055 οὺ
1183 1029 1427 1064 μεταλαμϐάνομεν
1438 1036 1445 1043 ·
1464 1028 1502 1060 ὡς
1517 1026 1588 1055 εἶναι
1602 1029 1701 1060 αὐτοὺς
1714 1028 1792 1060 ὅλους
1804 1028 1882 1059 τοὺς

1080 1075 1133 1102 ἀπὸ
1152 1075 1292 1110 ἐπιμιξίας
1306 1074 1402 1109 ἀνδρός
1422 1082 1452 1100 τε
1475 1074 1522 1100 καὶ
1547 1075 1674 1108 γυναικὸς
1698 1074 1879 1109 βδελυκτοὺς.

1080 1119 1151 1147 κατὰ
1168 1120 1204 1146 τὰ
1227 1119 1280 1146 ὑπὸ
1295 1119 1343 1147 τοῦ
1369 1119 1501 1155 στόματος
1526 1120 1616 1147 αὐτῶν
1629 1119 1757 1155 ληρωδῶς
1776 1118 1884 1154 ἐξεμε-

1081 1166 1172 1192 θέντα.

1118 1214 1176 1246 ις’.
1192 1213 1338 1248 Βάπτισμα
1352 1212 1380 1238 δὲ
1396 1212 1443 1239 καὶ
1463 1212 1540 1239 αὐτοὶ
1556 1211 1723 1247 λαμὸάνουσι
1733 1211 1819 1248 χωρὶς
1837 1208 1886 1238 ὧν

1083 1257 1144 1284 καθ’
1162 1257 1269 1292 ἡμέραν
1296 1256 1480 1292 βαπτίζονται.
1501 1257 1648 1293 Μυστήρια
1671 1256 1699 1283 δὲ
1725 1257 1804 1292 δῆθεν
1830 1266 1884 1285 τε-

1083 1303 1158 1330 λοῦσι
1170 1303 1240 1330 κατὰ
1255 1304 1369 1339 μίμησιν
1385 1303 1440 1330 τῶν
1457 1303 1541 1338 ἁγίων
1555 1305 1584 1330 ὲν
1596 1305 1630 1339 τῇ
1650 1303 1799 1339 Ἐκκλησία
1819 1305 1888 1331 ἀπὸ

1085 1349 1208 1377 ἐνιαυτοῦ
1227 1350 1267 1381 είς
1286 1349 1408 1376 ἐνιαυτὸν
1429 1350 1474 1376 διὰ
1491 1349 1603 1384 ἀζύμων
1617 1370 1625 1381 ,
1640 1350 1687 1376 καὶ
1700 1350 1731 1376 τὸ
1747 1349 1809 1376 ἄλλο
1823 1350 1864 1385 μέ
1876 1365 1884 1370 -

1087 1404 1133 1432 ρος
1155 1396 1203 1422 τοῦ
1224 1396 1373 1432 μυστηρίου
1389 1396 1423 1422 δι’
1440 1395 1535 1428 ὓδατος
1551 1396 1642 1431 μόνου.
1661 1396 1713 1422 Δύο
1736 1396 1765 1423 δέ
1785 1405 1884 1428 τινας,

1086 1442 1124 1474 ὡς
1140 1441 1208 1478 ἔφην
1218 1462 1224 1474 ,
1244 1442 1404 1469 συνιστῶσιν
1419 1443 1451 1469 ἐκ
1462 1441 1528 1468 Θεοῦ
1549 1442 1747 1478 τεταγμένους,
1763 1442 1810 1468 ἕνα
1828 1443 1887 1477 μὲν

1087 1489 1132 1516 τὸν
1144 1488 1275 1525 Χριστὸν,
1289 1488 1336 1515 ἕνα
1353 1488 1381 1514 δὲ
1399 1488 1445 1514 τὺν
1462 1487 1583 1514 διάϐολον
1593 1495 1600 1501 ·
1617 1488 1664 1514 καὶ
1679 1487 1725 1513 τὸν
1742 1486 1791 1522 μὲν
1806 1487 1887 1523 Χρι-

1052 1547 1072 1576 C
1089 1535 1150 1562 στὸν
1169 1535 1279 1569 λέγουσι
1303 1534 1350 1560 τοῦ
1381 1533 1522 1568 μέλλοντος
1546 1533 1643 1565 αἰῶνος
1669 1533 1809 1568 εἰληφέναι
1833 1533 1886 1560 τὸν

1090 1581 1189 1617 κλῆρον
1202 1601 1209 1613 ,
1230 1580 1275 1607 τὸν
1296 1580 1324 1606 δὲ
1352 1580 1475 1606 διάϐολον
1504 1579 1597 1606 τοῦτον
1622 1579 1818 1607 πεπιστεῦσθαι
1834 1580 1888 1606 τὶν

1089 1627 1185 1657 αίῶνα,
1197 1628 1229 1653 ὲκ
1243 1626 1399 1662 προσταγῆς
1415 1625 1494 1661 δῆθεν
1509 1625 1556 1652 τοῦ
1572 1626 1794 1661 Παντοκράτορος
1808 1626 1887 1651 κατὰ

1089 1671 1198 1707 αἴτησιν
1216 1670 1354 1706 ἑκατέρων
1375 1669 1475 1697 αὐτῶν.
1493 1670 1547 1696 Καὶ
1558 1669 1652 1696 τούτου
1675 1670 1755 1696 ἕνεκα
1775 1670 1887 1705 Ἰησοῦν

1090 1716 1288 1751 γεγεννημένον
1314 1717 1347 1742 ὲκ
1374 1716 1530 1752 σπέρματος
1555 1716 1651 1750 ἀνδρὸς
1675 1715 1804 1750 λέγουσι,
1833 1716 1886 1742 καὶ

1091 1763 1275 1798 ὲπιλεχθέντα,
1288 1763 1335 1789 καὶ
1349 1762 1420 1789 οὕτω
1435 1763 1506 1789 κατὰ
1525 1763 1640 1798 ἐκλογὴν
1655 1763 1719 1789 Τὶὸν
1732 1762 1800 1789 Θεοῦ
1815 1762 1886 1797 κλη-

1091 1808 1189 1840 θέντα,
1210 1809 1265 1835 ἀπδ
1285 1809 1332 1835 τοῦ
1351 1809 1455 1836 ἄνωθεν
1474 1810 1513 1841 είς
1533 1809 1614 1836 αὑτὸν
1630 1810 1741 1844 ἥκοντος
1762 1809 1884 1844 Χριστοῦ

1091 1856 1120 1881 ὲν
1135 1855 1199 1882 εῖδει
1213 1856 1387 1891 περιστερᾶς.
1406 1855 1443 1882 Οὐ
1459 1855 1628 1890 φάσκουσιδὲ
1643 1856 1674 1881 έκ
1693 1854 1760 1881 Θεοῦ
1773 1855 1885 1891 Πατρὶς

1091 1902 1171 1928 αὑτὸν
1184 1901 1363 1937 γεγεννῆσθαι
1372 1922 1380 1934 ,
1395 1901 1462 1927 ἀλλὰ
1476 1901 1598 1928 ἐκτίσθαι
1613 1921 1620 1934 ,
1635 1901 1672 1933 ὡς
1684 1902 1730 1928 ἕνα
1744 1902 1798 1928 τῶν
1813 1902 1885 1937 ἀρχ-

1091 1947 1213 1981 αγγέλων
1227 1968 1234 1979 ,
1266 1947 1376 1982 μείζονα
1400 1947 1428 1973 δὲ
1457 1947 1546 1973 αὐτῶν
1569 1947 1633 1974 ὅντα
1649 1955 1655 1962 δ
1680 1947 1760 1974 αὑτὸν
1784 1947 1812 1973 δὲ
1833 1957 1883 1974 κυ-

1093 1993 1192 2029 ριεύειν
1211 1992 1258 2019 καὶ
1275 1992 1398 2027 ἀγγέλων
1414 1992 1461 2019 καὶ
1473 1994 1581 2019 πάντων
1598 1992 1650 2019 ὑπὸ
1663 1992 1709 2019 τοῦ
1723 1993 1883 2028 Παντοκρά-

1091 2047 1170 2074 τορος
1186 2038 1389 2074 πεποιημένων,
1408 2039 1455 2065 καὶ
1466 2039 1577 2065 ἐλθόντα
1594 2039 1642 2065 καὶ
1658 2039 1881 2074 ὑφηγησάμενον,

1092 2084 1129 2116 ὡς
1145 2084 1175 2110 τὸ
1192 2085 1257 2121 παρ’
1274 2084 1367 2116 αὺτοῖς
1388 2083 1553 2118 Εὑαγγέλιον
1568 2083 1734 2119 καλούμενον
1747 2084 1883 2120 περιέχει,

1091 2132 1132 2158 ὅτι
1146 2129 1247 2158 Ἦλθον
1263 2130 1412 2157 καταλῦσαι
1427 2130 1476 2162 τὰς
1491 2130 1586 2163 θυσίας
1596 2151 1603 2163 ,
1620 2131 1667 2157 καὶ
1685 2131 1732 2157 ἐὰν
1749 2131 1786 2166 μὴ
1810 2131 1882 2157 παύ-

1093 2176 1175 2212 σησθε
1202 2175 1249 2202 τοῦ
1266 2176 1357 2208 θύειν,
1374 2176 1404 2202 οὺ
1433 2175 1567 2202 παύσεται
1590 2177 1636 2211 ἀφ’
1657 2176 1734 2212 ὑμῶν
1756 2177 1773 2212 ἡ
1799 2176 1880 2212 ὀργή.

255 2217 321 2241 sunt
343 2213 490 2248 impietatis
513 2214 621 2241 illorum
638 2216 917 2252 vestigia;hujusque
931 2218 1034 2253 potissi-

1094 2222 1145 2249 Καὶ
1160 2221 1246 2248 ταῦτα
1261 2223 1307 2248 καὶ
1319 2221 1431 2248 τοιαῦτά
1446 2222 1507 2247 τινά
1521 2223 1577 2248 ἐστι
1590 2222 1624 2248 τὰ
1639 2221 1702 2257 παρ’
1718 2223 1809 2253 αὐτοῖς
1821 2222 1884 2247 ὲπι-

256 2267 330 2286 mum
347 2260 510 2287 auctoritate
526 2261 588 2287 libri
610 2261 644 2287 ad
667 2263 876 2297 oppugnandam
902 2263 1042 2290 veritatem

257 2308 413 2332 armantur.
431 2305 538 2341 Quippe
553 2311 643 2334 certos
659 2306 715 2334 illic
731 2308 842 2342 gradus,
856 2308 884 2335 in
901 2308 989 2344 iisque
998 2308 1044 2336 Ja-

259 2350 320 2377 cobi
335 2352 508 2379 narrationes
525 2352 659 2386 quasdam
673 2353 820 2388 explicant,
832 2354 932 2388 quibus
946 2354 1044 2381 adver-

259 2402 307 2422 sus
325 2397 456 2431 templum
469 2401 498 2424 et
513 2397 661 2431 sacriﬁcia,
679 2399 824 2434 ignemque
839 2399 885 2434 qui
901 2402 944 2426 est
960 2399 988 2426 in
1005 2400 1044 2426 al-

259 2442 312 2469 tari
328 2442 486 2471 declamans
498 2443 646 2472 inducitur.

294 2585 438 2613 Accednnt
449 2591 477 2614 et
488 2587 541 2614 alia
552 2588 752 2623 quamplurima
764 2589 843 2625 longe
853 2589 1044 2617 stolidissitna.

260 2631 295 2658 Ut
310 2633 351 2659 vel
366 2632 480 2660 Paulum
498 2633 587 2668 ipsum
601 2634 656 2661 illic
671 2642 801 2663 accusare
816 2644 869 2662 non
884 2635 1043 2663 erubuerint

260 2678 481 2706 mendacissimis
494 2679 660 2714 quibusdam
675 2681 858 2714 sermonibus,
877 2689 945 2716 quos
960 2681 1043 2709 falso-

259 2733 319 2751 rum
333 2733 365 2753 οι
381 2727 428 2752 illo
444 2735 526 2762 grege
546 2729 731 2763 apostolorum
748 2737 825 2756 error
846 2734 926 2765 atque
942 2730 1043 2764 impro-

260 2770 330 2798 bitas
347 2773 522 2807 excogitavit.
545 2773 687 2802 Siuuidem
713 2774 875 2803 Tarsensem
901 2775 977 2803 illum
993 2784 1042 2803 no-

297 2848 309 2863 ι
322 2846 378 2876 Del.
399 2847 468 2876 forte
487 2849 531 2876 τά.

1093 2267 1248 2303 τηδεύματα
1260 2288 1267 2300 ,
1295 2267 1411 2303 Πράξεις
1426 2267 1454 2294 δὲ
1475 2267 1556 2298 ἄλλας
1573 2267 1699 2294 καλοῦσιν
1725 2267 1883 2294 ἀποστόλων

1094 2311 1179 2345 εἶναι,
1202 2314 1230 2340 ὲν
1258 2311 1301 2345 αἷς
1320 2313 1405 2339 πολλὰ
1424 2313 1473 2348 τῆς
1498 2312 1624 2344 ἀσεϐείας
1648 2312 1737 2339 αὐτῶν
1763 2312 1880 2347 ἔμπλεα,

1094 2358 1169 2385 ἔνθεν
1189 2358 1223 2385 τὰ
1239 2360 1246 2374 ¹
1264 2359 1295 2384 οὺ
1312 2359 1459 2393 παρέργως
1474 2359 1543 2385 κατὰ
1556 2358 1605 2394 τῆς
1621 2358 1749 2394 ἀληθείας
1769 2358 1881 2389 ἑαυτοὺς

1094 2404 1226 2431 ὥπλισαν.
1250 2403 1435 2438 ’Λναϐαθμοὺς
1450 2403 1503 2438 γάρ
1518 2411 1593 2434 τινας
1612 2403 1658 2430 καὶ
1674 2403 1822 2438 ὑφηγήσεις
1837 2403 1882 2437 δῆ-

1095 2449 1142 2475 θεν
1166 2451 1194 2476 ὲν
1221 2451 1278 2481 τοῖς
1303 2449 1469 2484 ἀναϐαθμοῖς
1491 2448 1619 2475 Ἰακώϐου
1636 2448 1822 2479 ὑποτίθενται,
1842 2448 1880 2478 ὼς

1094 2495 1276 2531 ἐξηγουμένου
1293 2495 1363 2522 κατά
1381 2503 1410 2521 τε
1422 2494 1467 2520 τοῦ
1480 2494 1543 2520 ναοῦ
1557 2497 1603 2520 καὶ
1614 2494 1667 2520 τῶν
1687 2493 1797 2525 θυσιῶν,
1811 2494 1882 2521 κατά

1093 2549 1123 2567 τε
1135 2540 1188 2566 ,τοῦ
1201 2539 1286 2576 πυρὸς
1303 2539 1349 2567 τοῦ
1363 2541 1392 2567 ἐν
1405 2539 1444 2575 τῷ
1457 2539 1652 2575 θυσιαστηρίῳ.

1129 2585 1185 2611 Καὶ
1204 2585 1272 2612 ἄλλα
1290 2584 1374 2611 πολλὰ
1390 2585 1556 2619 κενοφωνίας
1574 2585 1679 2620 ἔμπλεα
1691 2594 1700 2600 ”
1720 2585 1758 2617 ὼς
1774 2585 1821 2611 κα)⁸
1835 2584 1879 2611 τοῦ

1094 2630 1200 2657 Παύλου
1232 2631 1349 2658 ἐνταῦθα
1380 2631 1596 2666 κατηγοροῦντες
1630 2632 1680 2658 οὐκ
1711 2631 1879 2666 αἰσχύνονται

1095 2678 1272 2710 ὲπιπλάστοις
1305 2679 1360 2705 τισὶ
1391 2679 1440 2714 τῆς
1467 2678 1521 2705 τῶν
1543 2678 1766 2713 ψευδαποστόλων
1793 2678 1880 2705 αὐτῶν

1095 2725 1261 2760 κακουργίας
1271 2725 1316 2751 καὶ
1328 2724 1432 2760 πλάνης
1450 2724 1539 2758 λόγοις
1552 2723 1755 2759 πεποιημένοις
1772 2724 1879 2759 Ταρσέα

1096 2772 1145 2807 μὲν
1162 2772 1253 2805 αὑτὸν,
1268 2771 1305 2803 ὡς
1321 2771 1402 2803 αὐτὸς
1416 2770 1550 2806 ὁμολογεῖ,
1568 2771 1614 2798 καὶ
1628 2772 1677 2798 οὐκ
1689 2771 1822 2806 ἀρνεῖται,
1836 2769 1879 2797 λέ-
