1961 3046
115 155 151 182 33
418 151 602 185 ADVERSUS
620 156 791 185 ΗίΕΒΕδΕΞ
809 157 872 185 LIB.

946 157 1014 185 [‘OM.
1036 158 1111 186 l|.--
1131 159 1265 187 lL'ERES.
1286 159 1369 187 XXX.

1671 158 1725 186 434

96 222 193 248 γοντες
204 221 211 229 ·
231 213 261 246 ἐξ
283 213 416 249 Ἐλλήνων
428 214 456 241 δὲ
469 215 548 241 αὑτὸν
563 216 744 248 ὑποτίθενται,
761 217 888 249 λαϐόντες

946 218 1068 251 uiuant;
1091 216 1118 245 id
1141 218 1214 253 quod
1230 217 1289 252 ipse
1304 225 1359 245 non
1376 222 1465 253 negat,
1483 217 1539 244 imo
1554 216 1643 252 palam
1660 223 1725 252 pro-

96 259 148 295 τὴν
174 259 309 295 πρόφασιν
325 260 357 286 ὲκ
375 259 420 285 τοῦ
444 261 526 286 τόπου
549 261 593 287 διὰ
617 262 648 288 τὸ
670 262 816 298 φιλάληθες
842 262 887 288 ὑπ.

98 305 182 332 αὐτοῦ
206 305 286 341 ῥηθὲν
297 325 304 337 ,
324 305 364 331 ὃτι
387 306 517 339 Ταρσεύς
534 307 591 341 ειμι
603 327 610 338 ,
629 308 684 334 οὐκ
700 308 820 342 ἀσήμου
835 309 888 335 πό-

97 352 177 383 λεως
188 350 324 383 πολίτης.
340 348 407 376 Εἶτα
422 351 570 384 φάσκουσιν
586 352 665 378 αὐτὸν
677 350 746 379 εῖναι
760 353 888 388 Ἕλληνα,

98 395 148 422 καὶ
171 395 319 430 Ἑλληνίδος
339 395 441 431 μητρὸς
462 396 508 422 καὶ
528 396 658 432 Ἕλληνος
675 398 776 434 πατρὸς
795 399 887 426 παῖδα.

106 441 316 477 Ἀναϐεϐηκὲναι
332 442 359 468 δὲ
379 442 418 473 είς
440 442 612 478 Ἰεροσόλυμα
623 463 630 474 ,
654 444 701 471 καὶ
719 445 818 480 χρόνον.
831 446 890 472 ἐκεῖ

102 486 310 521 μεμενηκέναι·
342 487 574 522 ὲπιτεθυμηκέναι
611 489 639 515 δὲ
671 489 806 526 θυγατέρα
842 490 889 517 τοῦ

99 530 200 566 ἱερέως
218 531 286 566 πρὸς
310 532 398 567 γάμον
423 531 573 565 ἀγαγέσθαι
587 553 594 565 ,
619 533 666 559 καὶ
687 533 782 560 τούτου
808 534 890 561 ἕνεκα

101 579 272 614 προσήλυτον
290 580 433 614 γενέσθαι,
453 580 499 606 καὶ
523 581 734 616 περιτμηθῆναι.
764 580 830 608 Εἶτα
852 582 890 618 μὴ

101 625 217 653 λαϐόντα
245 626 293 662 τὴν
311 626 394 662 κόρην
413 626 563 661 ὠργίσθαι.
588 626 633 653 καὶ
663 627 733 654 κατὰ
757 628 889 663 ἐπιτομῆς

100 671 286 707 γεγραφέναι,
302 672 350 699 καὶ⁹
367 672 437 698 κατὰ
451 672 590 699 Σαϐὅάτου
606 672 653 699 καὶ
668 673 836 709 νομοθεσίας.

138 762 186 789 lZ'.
205 763 285 790 Ἀλλὰ
302 763 372 790 κατὰ
388 763 476 791 πάντα
487 764 587 800 τρόπον
604 767 765 800 συκοφαντεῖ
779 767 793 792 ό
807 765 891 798 δεινὸς

100 808 164 843 ὄφις
177 805 268 840 οὗτος,
286 810 333 836 καὶ
347 810 453 844 πτωχὸς
467 812 499 845 τῇ
520 810 634 846 διανοίᾳ.
656 811 752 838 Ἐὃίων
767 811 821 846 γὰρ
835 811 890 847 ἔχει

103 853 158 879 ἀπὺ
172 853 318 889 Ἐἦραῖκῆς
331 855 370 886 είς
388 854 499 881 Ἐλλάδα
508 855 598 890 φωνὴν
607 855 655 891 τὴν
666 856 812 892 ἑρμηνείαν
820 865 892 883 πτω-

940 262 1041 289 ﬁtetur.
1057 262 1168 289 Addunt
1186 267 1212 290 et
1234 270 1249 289 a
1264 263 1412 297 gentilibus
1426 263 1572 290 oriundum
1589 270 1661 296 esse,
1675 269 1725 289 cu-

937 307 1046 342 jusdam
1067 308 1212 336 occasione
1227 308 1291 340 loci,
1315 309 1342 335 in
1359 316 1413 343 quo
1437 308 1495 343 ipse
1517 308 1590 342 quod
1606 315 1651 335 res
1666 310 1726 334 erat

939 354 1055 388 ingenue
1077 353 1213 388 proponit.
1239 353 1390 385 Tarsensis,
1415 353 1514 388 inquit,
1529 361 1575 388 ego
1590 361 1658 383 sum.
1680 359 1726 379 nec

939 398 1011 426 urbis
1026 398 1143 426 obscura:
1157 399 1219 426 civis
1235 399 1254 424 ‘.
1271 399 1310 426 Ex
1325 405 1379 432 quo
1396 398 1523 433 gentilem
1547 397 1632 426 fuisse
1651 397 1727 425 colli-

939 448 1017 480 gunt,
1031 448 1058 471 et
1072 448 1188 479 utroque
1201 448 1314 479 parente
1324 444 1418 479 gentili
1434 448 1619 478 procreatum.
1644 444 1726 471 Cum-

939 498 992 525 que
1006 489 1226 525 llierosolymum
1241 489 1417 522 accessisset,
1441 493 1468 516 et
1484 489 1723 523 ibidemtaliq'nam

940 535 986 562 diu
1006 535 1163 566 mansisset.
1192 534 1328 570 pontiﬁcis
1353 535 1435 562 ﬁliam
1460 535 1561 562 ducere
1586 534 1725 562 statuisse.

941 581 1030 614 Quare
1053 580 1220 616 proselytum
1247 588 1278 608 se
1307 580 1415 612 fecisse,
1439 588 1471 608 ac
1490 580 1726 608 circumcisionem

941 634 1102 662 usurpasse.
1116 625 1215 654 Postea
1234 626 1307 660 quod
1331 626 1365 653 ab
1379 634 1411 654 eo
1425 625 1555 660 coniugio
1569 626 1727 660 excidisset,

941 672 1042 698 iratum
1064 672 1198 699 adversus
1217 671 1455 698 circumcisionem
1471 675 1498 698 et
1513 670 1673 704 Sabbatum,
1690 671 1728 699 ιε.

940 724 1055 753 gemque
1069 717 1224 752 scripsisse.

978 762 1058 789 XVII.
1074 762 1126 790 Sed
1140 767 1260 798 apertam
1276 762 1442 791 calumniam
1461 763 1543 790 struit
1553 763 1669 791 callidus
1683 763 1727 790 ille

942 816 1065 843 serpens,
1073 809 1218 843 animoque
1228 809 1303 844 141
1313 808 1465 836 mendicus.
1473 807 1558 835 Ebion
1567 808 1666 843 quippe
1677 807 1728 835 lle—

943 855 1035 881 braica
1046 862 1097 882 vox
1106 854 1199 881 Graeca
1211 855 1302 889 lingua
1313 853 1460 881 mendicum
1474 857 1563 882 sonat.
1580 853 1627 881 Est
1637 856 1726 881 autem

103 900 167 933 κός.
178 899 288 934 Πτωχὸς
296 900 350 935 γὰρ
362 900 511 935 ὡςὰληθῶς
522 900 569 927 καὶ
577 902 609 936 τῇ
617 890 719 937 διανοίᾳ
726 890 773 928 καὶ
780 903 812 937 τῇ
819 902 892 928 ἐλπί.

946 899 1086 928 hereticus
1094 900 1145 927 iste
1154 907 1248 927 revera
1257 904 1357 931 mente,
1370 907 1418 934 spe
1430 899 1562 934 factisque
1574 899 1725 930 mendicus,

101 945 128 971 δι
144 945 192 971 καὶ
204 945 243 979 τῷ
256 945 338 981 ἔργῳ,
350 946 465 981 Χριστὸν
476 947 617 982 ἄνθρωπον
625 946 702 980 ψιλὸν
714 947 837 982 νομίσας,
845 948 892 974 καὶ

102 992 189 1024 οὕτως
207 994 236 1019 ὲν
253 993 374 1028 πτωχείᾳ
398 993 514 1025 πίστεως
537 993 584 1028 τὴν
611 993 706 1020 ἐλπίδα
725 993 789 1029 περὶ
809 993 891 1020 αὑτοῦ

104 1037 281 1072 κεκτημένος.
308 1038 389 1065 Αὐτοὶ
413 1038 441 1064 δὲ
458 1038 537 1073 δῆθεν
562 1038 757 1073 σεμνύνονται,
781 1039 893 1071 ἑαυτοὺς

102 1083 255 1117 φάσκοντες
271 1084 411 1118 πτωχοὺς,
430 1083 474 1110 διὰ
488 1084 517 1110 τὸ
528 1105 534 1116 ,
550 1085 631 1119 φασὶν
643 1105 650 1118 ,
672 1086 699 1111 ἐν
716 1085 822 1120 χρόνοις
840 1085 893 1112 τῶν

105 1128 262 1155 ἀποστόλων
284 1128 383 1154 πωλεῖν
409 1128 443 1155 τὰ
467 1129 555 1155 αὐτῶν
571 1130 726 1166 ὑπάρχοντα
738 1151 745 1163 ,
761 1130 808 1157 καὶ
823 1130 894 1157 τιθέ-

105 1184 150 1202 ναι
164 1175 239 1210 παρὰ
255 1175 317 1206 τοὺς
339 1176 422 1208 πόδας
438 1176 491 1202 τῶν
508 1177 664 1203 ἀποστόλων
676 1196 684 1209 ,
705 1177 752 1204 καλ⁵
766 1179 805 1209 εἰς
819 1186 893 1205 πτω-

105 1221 183 1257 χείαν
206 1222 252 1247 καὶ
275 1221 424 1253 ἀποταξίαν
445 1223 663 1258 μετεληλυθέναι.
683 1224 738 1250 Καὶ
751 1223 795 1250 διὰ
815 1223 894 1250 τοῦτο

106 1266 245 1294 καλεῖσθαι
263 1267 315 1293 ὑπὸ
343 1267 452 1294 πάντων
469 1269 535 1303 φασὶ
556 1268 668 1304 πτωχοί.
685 1269 752 1295 Οὐδὲ
766 1269 844 1296 τοῦτο
866 1269 893 1295 δὲ

105 1311 205 1347 ἀληθὲς
231 1313 295 1348 παρ’
322 1313 430 1345 αὐτοῖς,
452 1313 519 1340 ἀλλὰ
547 1314 626 1348 φύσει
649 1316 687 1348 τῷ
714 1313 770 1340 ὄντι
800 1314 894 1341 Ἐῦίων

107 1358 243 1389 ἐκαλεῖτο,
259 1359 327 1385 κατὰ
339 1360 517 1395 προφητείαν,
531 1358 617 1395 οἶμαι,
634 1361 648 1387 ὁ
667 1359 773 1395 πτωχὸς
789 1360 834 1386 καὶ
847 1360 896 1387 τά-

106 1403 173 1435 λας,
190 1403 220 1429 τὸ
241 1403 327 1439 ὄνομα
344 1405 376 1431 ἐκ
395 1405 499 1440 πατρὸς
510 1405 592 1431 αὑτοῦ
617 1406 664 1432 καὶ
688 1405 790 1442 μητρὸς
812 1404 894 1432 αὐτοῦ

109 1449 325 1485 κεκληρωμένος.
356 1451 431 1477 Πόσα
454 1451 482 1477 δὲ
510 1450 577 1478 ἄλλα
603 1451 677 1478 δεινὰ
698 1453 744 1479 καὶ
769 1460 894 1488 παραπε-

109 1495 254 1531 ποιημένα,
268 1496 314 1522 καὶ
333 1496 482 1532 μοχθηρίας
496 1495 614 1532 γέμοντα
638 1497 703 1533 παρ’
723 1498 814 1529 αὐτοῖς
834 1499 895 1524 ὲπι-

106 1540 247 1576 τηδεύεται
259 1550 265 1573 ;
280 1541 365 1568 Ὅταν
385 1541 440 1577 γάρ
453 1550 494 1573 τις
507 1541 537 1574 ἐξ
551 1542 640 1568 αὐτῶν
660 1543 676 1577 ἢ
697 1543 766 1577 νόσῳ
779 1542 894 1578 περιπέ-

107 1595 166 1618 σοι,
179 1586 195 1622 ἢ
210 1586 262 1612 ὑπὸ
275 1586 388 1622 ἑρπετοῦ
405 1586 516 1622 δηχθείη
528 1607 534 1619 ,
551 1587 672 1614 κάτεισιν
691 1589 731 1619 είς
746 1587 780 1614 τὰ
799 1587 893 1620 ὕδατα,

107 1632 154 1659 καὶ
168 1632 335 1659 ἐπικαλεῖται
349 1632 399 1664 τὰς
411 1633 569 1668 ἐπωνυμίας
583 1633 632 1665 τὰς
646 1634 675 1660 ἐν
687 1634 725 1669 τῷ
743 1634 835 1667 Ἥλξαῒ
847 1634 893 1661 τοῦ

105 1686 136 1704 τε
151 1677 266 1713 οὐρανοῦ
282 1679 329 1704 καὶ
343 1678 393 1713 τῆς
405 1679 466 1713 γῆς,
482 1679 531 1713 τῆς
545 1687 574 1705 τε
590 1679 652 1711 ἁλὸς
668 1680 714 1706 καὶ
730 1680 775 1706 τοῦ
788 1680 894 1713 ὓδατος,

107 1723 160 1750 τῶν
178 1731 207 1749 τε
223 1723 330 1758 ἀνέμων
344 1724 391 1750 καὶ
410 1724 532 1758 ἀγγέλων
547 1724 596 1758 τῆς
615 1724 802 1760 δικαιοσύνης,
818 1725 894 1759 φασὶ.

107 1769 156 1794 καὶ
171 1768 218 1795 τοῦ
232 1769 313 1805 ἄρτου
333 1769 381 1796 καὶ
393 1769 495 1796 ἐλαίου.
513 1770 568 1796 Καὶ
583 1770 697 1806 ἄρχεται
710 1770 810 1804 λέγειν,
827 1771 895 1806 Βοη-

108 1813 171 1848 θῆτέ
187 1822 241 1849 μοι,
257 1814 304 1840 καὶ
324 1814 496 1847 ἀπαλλάξατε
511 1815 557 1841 ἀπ’
573 1815 641 1849 ἐμοῦ
655 1815 685 1841 τὸ
703 1815 824 1851 ἄλγημα.

145 1904 213 1938 Ἤδη
225 1904 254 1931 δέ
270 1913 314 1940 μοι
328 1905 374 1931 καὶ
387 1904 516 1940 ἀνωτέρω
529 1904 726 1940 προδεδήλωται
739 1924 746 1937 ,
763 1904 800 1936 ὼς
812 1903 897 1932 ταῦτα

110 1950 159 1985 μὲν
176 1950 271 1977 Ἐϐίων
286 1952 336 1977 οὐκ
359 1951 435 1986 ᾔδει,
455 1951 524 1986 μετὰ
540 1951 635 1986 καιρὸν
654 1950 682 1977 δὲ
708 1951 731 1986 οἱ
759 1951 806 1977 σὺν
823 1951 897 1986 αὺτῷ

110 1996 289 2030 συναφθέντες
307 1995 346 2032 τῷ
374 1996 466 2030 Ἥλξαῖ
485 1997 617 2032 ἐσχήκασι
638 1996 687 2031 μὲν
701 1995 748 2022 τοῦ
772 1996 897 2028 Ἐὃίωνος

107 2042 157 2076 τὴν
172 2042 321 2077 περιτομὴν
339 2042 385 2069 καὶ
408 2042 438 2069 τδ
455 2042 592 2069 Σάϐϐατον
616 2042 663 2069 καὶ
679 2042 713 2069 τὰ
727 2041 789 2078 ἔθη·
809 2042 857 2069 τοῦ
869 2043 898 2069 δὲ

115 2087 209 2119 Ἣ).ξαῖ
221 2088 269 2123 τὴν
284 2088 432 2122 φαντασίαν
445 2088 514 2114 ὥστε
529 2088 649 2124 νομίζειν
662 2088 711 2123 μὲν
722 2088 767 2115 τὸν
781 2088 897 2124 Χριστὸν

109 2131 178 2160 εἷναί
191 2142 217 2160 τι
230 2133 414 2169 ἀνδροείκελον
430 2133 580 2169 ὲκτύπωμα
600 2134 714 2169 ἀόρατον
732 2133 895 2170 ἀνθρώποις,

112 2179 208 2214 μιλίων
224 2180 414 2214 ὲνενηκονταὲξ
431 2179 461 2206 τὸ
478 2180 566 2215 μῆκος
576 2199 583 2211 ,
598 2180 678 2215 δῆθεν
701 2179 812 2215 σχοίνων
827 2181 898 2206 alm-

111 2224 288 2259 σιτεσσάρων1
303 2225 332 2251 τὸ
346 2225 374 2251 δὲ
389 2225 488 2256 πλάτος
506 2224 617 2259 σχοίνων
631 2224 670 2257 ἓξ,
687 2225 783 2260 μιλίων
798 2225 898 2252 εἰκοσι-

108 2270 265 2304 τεσσάρων·
281 2270 310 2296 τὸ
331 2270 416 2305 πάχος
438 2270 466 2297 δὲ
482 2270 552 2297 κατὰ
569 2271 699 2306 μέτρησιν
716 2271 799 2306 ἄλλην
823 2271 895 2298 τινά.

117 2316 241 2351 ’Λντικρὺ
262 2316 290 2342 δὲ
307 2316 389 2343 αὑτοῦ
404 2317 515 2343 ἑστάναι
539 2316 586 2343 καὶ
603 2317 632 2343 τὺ
649 2317 725 2351 ἅγιον
740 2317 852 2353 Πνεῦμα
869 2319 897 2345 ὲν

111 2361 177 2388 εἴδει
204 2361 312 2394 θηλείας
333 2363 454 2398 ἀοράτως
466 2371 472 2377 ·
489 2363 537 2389 καὶ
561 2362 590 2388 τὸ
605 2362 670 2389 αὐτὸ
685 2362 731 2389 τοῦ
751 2363 832 2390 αὑτοῦ
851 2362 899 2398 μέ-

114 2416 190 2443 τρου.
210 2408 264 2434 Καὶ
278 2408 377 2440 πόθεν,
395 2409 486 2444 φησὶν,
504 2408 589 2442 ἔγνων
604 2409 637 2435 τὰ
653 2409 759 2444 μέτρα;
781 2409 897 2444 Ἐπειδὴ,

116 2453 209 2488 φησὶν,
223 2451 292 2480 εἶδον
306 2453 360 2480 ἀπὸ
372 2454 424 2480 τῶν
440 2454 534 2490 ὀρέων,
550 2455 590 2482 ὅτι
607 2456 634 2481 al
654 2456 770 2490 κεφαλαὶ
785 2455 898 2490 ἔφθανον

112 2499 205 2527 αὐτῶν
217 2508 224 2515 ·
242 2500 289 2526 καὶ
304 2499 334 2525 τὸ
350 2499 447 2535 μέτρον
460 2499 507 2526 τοῦ
520 2499 599 2536 ὅρους
614 2501 779 2536 καταμαθὼν
790 2522 797 2534 ,
815 2501 899 2535 ἔγνων

111 2544 231 2581 Χριστοῦ
245 2553 275 2571 τε
287 2544 389 2572 καὶτοῦ
402 2545 480 2579 ἁγίου
494 2545 652 2580 Πνεύματος
666 2547 699 2573 τὰ
715 2546 812 2582 μέτρα.
830 2547 899 2585 ’ῌδη

109 2591 140 2618 δέ
155 2599 199 2626 μοι
211 2591 275 2626 περὶ
292 2590 393 2617 τούτων
411 2591 518 2627 εἴρηται
531 2592 559 2618 ὲν
576 2593 609 2628 τῇ
622 2592 694 2619 κατά
712 2592 843 2620 Ὀσσαίων
857 2594 900 2619 ai-

114 2637 198 2673 ρέσει.
223 2637 268 2663 Ἐν
283 2636 421 2672 παρεξόδῳ
437 2636 465 2662 δὲ
482 2636 568 2663 ταῦτα
590 2639 743 2674 πεποίημαι
766 2638 829 2670 νῦν.
856 2639 899 2666 ἵνα

114 2682 152 2718 μὴ
163 2682 196 2709 τὰ
211 2682 276 2717 παρ’
293 2682 399 2718 ἑκάστῳ
414 2682 485 2709 ἔθνει
501 2692 531 2709 τε
547 2683 592 2710 καὶ
610 2684 714 2719 αἱρέσει
730 2684 809 2716 ὖντα,
824 2684 898 2720 εὕρι-

113 2728 233 2763 σκόμενα
247 2728 274 2755 δὲ
296 2728 343 2755 καὶ
363 2730 426 2765 παρ’
440 2729 561 2766 ἑτέροις,
577 2731 716 2766 νομισθείη
732 2731 802 2759 κατὰ
813 2731 898 2767 λήθην

113 2773 158 2808 ὑφ’
175 2773 252 2809 ἡμῶν
263 2773 401 2809 εἰρῆσθαι,

152 2875 160 2890 ¹
175 2878 234 2903 Act.
254 2885 308 2909 ut,
323 2879 365 2906 59.
404 2879 412 2892 ⁵
433 2879 483 2904 Ait
515 2887 550 2909 tv.
572 2878 616 2906 34.

942 950 1034 981 utpote
1043 946 1088 980 qui
1097 945 1236 973 Christum
1247 953 1352 973 merum
1364 953 1425 973 esse
1436 945 1726 975 hominemexistimel.

941 993 970 1020 in
985 1000 1072 1027 eoque
1083 1000 1158 1027 spem
1171 999 1232 1020 cum
1247 991 1366 1027 quadam
1382 992 1443 1019 ﬁdei
1458 991 1631 1019 mendicitate
1642 991 1727 1018 collo-

942 1042 995 1066 cet.
1004 1038 1038 1066 At
1045 1038 1118 1066 enim
1131 1038 1176 1065 isti
1188 1038 1222 1066 de
1236 1046 1266 1066 ea
1277 1046 1307 1066 re
1316 1038 1477 1074 gloriantur.
1490 1045 1574 1073 seque
1588 1037 1728 1065 mendicos

942 1084 1100 1120 praedicant,
1124 1085 1196 1119 quod
1217 1084 1418 1119 apostolorum,
1443 1084 1584 1119 inquiunt,
1608 1088 1728 1118 tempore

943 1139 1002 1158 mos
1016 1134 1090 1158 esset
1104 1131 1174 1158 bona
1190 1138 1239 1157 sua
1252 1130 1454 1161 distrahere..et
1470 1129 1503 1156 ad
1521 1129 1628 1157 illorum
1645 1129 1728 1164 pedes

943 1175 1062 1210 abjicere
1071 1175 1091 1202 ².
1105 1174 1200 1210 Itaque
1214 1182 1243 1202 se
1260 1175 1369 1201 illorum
1384 1174 1509 1209 exemplo
1522 1174 1556 1201 ad
1572 1173 1728 1201 mendicita-

944 1223 997 1247 tem
1015 1219 1111 1254 redigi,
1125 1226 1157 1247 ac
1170 1219 1251 1247 bonis
1267 1219 1395 1247 omnibus
1412 1219 1549 1250 abdicare,
1562 1218 1729 1254 proindeque

944 1265 1045 1300 passim
1060 1264 1199 1293 mendicos
1215 1265 1354 1300 appellari.
1372 1264 1424 1292 Sed
1438 1265 1489 1292 hoc
1501 1265 1535 1292 ab
1548 1265 1602 1293 illis
1612 1273 1645 1293 ex
1658 1265 1729 1300 inge-

943 1311 990 1337 nio
1004 1310 1151 1338 conﬁctum
1170 1314 1231 1343 est;
1254 1318 1316 1337 nam
1335 1310 1430 1338 Ehioni
1448 1310 1587 1345 proprium
1603 1310 1656 1337 hoc
1671 1314 1730 1337 erat

943 1364 1053 1388 nomen,
1070 1364 1122 1383 non
1139 1356 1198 1385 sine
1213 1356 1343 1383 vaticinio
1361 1360 1452 1383 tamen
1467 1356 1572 1391 aliquo,
1585 1364 1639 1391 quo
1653 1364 1730 1383 men-

944 1403 1022 1430 dicus
1036 1402 1185 1437 infelixque
1201 1401 1257 1429 fore
1269 1402 1481 1438 signiﬁcaretur,
1499 1410 1562 1430 cum
1581 1410 1596 1429 a
1611 1403 1730 1437 parenti-

945 1447 996 1475 bus
1021 1448 1047 1474 id
1073 1447 1192 1475 nominis
1209 1448 1371 1483 accepisset.
1390 1447 1478 1480 Quam
1492 1455 1557 1475 vero
1571 1447 1624 1474 alia
1646 1447 1730 1473 multa

945 1498 972 1521 et
986 1501 1128 1529 perperam
1139 1492 1274 1525 alfectata,
1289 1496 1315 1520 et
1328 1493 1459 1520 scelerata
1474 1500 1505 1520 ac
1519 1491 1623 1520 nefaria
1635 1499 1729 1519 eorum

946 1539 1072 1567 instituto
1087 1539 1234 1575 geruntur!
1255 1539 1367 1572 Quoties
1382 1538 1454 1567 enim
1468 1538 1566 1574 aliquis
1580 1538 1687 1565 illorum
1703 1539 1730 1565 in

945 1585 1070 1612 morbum
1093 1585 1198 1619 incidit,
1224 1589 1271 1611 aut
1293 1593 1307 1612 ιι
1333 1589 1458 1620 serpente
1485 1592 1593 1612 morsus
1619 1587 1671 1615 est,
1697 1583 1730 1610 ad

945 1639 1030 1666 aquas
1046 1631 1197 1658 descendit.
1212 1630 1251 1658 lbi
1266 1631 1464 1665 appellationes
1487 1637 1593 1660 omnes,
1607 1636 1672 1664 qua:
1689 1627 1734 1655 El-

944 1677 988 1704 xai
1004 1677 1162 1712 complexus
1177 1680 1229 1708 est,
1249 1677 1368 1708 invocat,
1381 1676 1443 1703 caeli
1458 1676 1584 1702 videlicet
1596 1682 1628 1701 ac
1643 1679 1731 1706 terrae.

946 1723 1010 1750 salis
1037 1727 1064 1750 et
1077 1730 1164 1757 aquae,
1181 1726 1325 1750 ventorum
1344 1726 1371 1749 et
1395 1721 1562 1756 angelorum,
1581 1725 1610 1748 ut
1624 1724 1732 1750 vocant.

944 1768 1070 1803 justilim;
1099 1768 1178 1802 panis
1201 1767 1266 1795 item
1292 1772 1319 1794 et
1343 1768 1407 1794 olei.
1423 1767 1526 1795 Deinde
1549 1767 1670 1794 solemne
1683 1766 1734 1793 hoc

946 1821 1057 1840 carmen
1074 1813 1193 1848 concipit
1208 1821 1215 1840 ε
1229 1813 1330 1841 Adeste
1349 1813 1427 1842 mihi.
1443 1816 1470 1840 et
1484 1812 1557 1839 hunc
1570 1819 1585 1839 a
1597 1819 1640 1839 me
1658 1811 1736 1838 dolo-

946 1867 1003 1887 rem
1021 1859 1159 1894 depellite.

981 1903 1039 1931 Jam
1057 1904 1108 1931 hoc
1125 1907 1204 1931 antea
1227 1904 1435 1936 declaravimus,
1450 1903 1543 1931 omnia
1569 1903 1628 1929 hrec
1653 1901 1736 1930 Ebio-

947 1957 1007 1978 nem
1031 1949 1170 1983 nescisse;
1190 1950 1304 1985 ejusque
1330 1949 1481 1984 discipulos
1507 1949 1648 1983 aliquanto
1674 1951 1736 1984 post

948 2004 1008 2024 cum
1028 1996 1102 2024 Elxai
1125 1997 1310 2024 coalescentes
1325 1998 1359 2024 ab
1374 1996 1478 2024 Ebione
1492 1996 1733 2024 circumcisionem

948 2050 981 2070 ac
1003 2041 1164 2075 Sabbatum,
1181 2043 1305 2077 aliosque
1327 2043 1396 2070 ritus
1419 2042 1568 2077 accepisse.
1593 2041 1635 2068 Ab
1658 2041 1735 2068 Eixai

948 2095 1012 2115 vero
1037 2088 1173 2115 somnium
1202 2087 1278 2120 illud,
1311 2091 1340 2115 ut
1371 2088 1508 2115 Christum
1538 2087 1652 2114 formam
1675 2095 1736 2115 esse

948 2134 1094 2168 quamdam
1108 2134 1233 2161 humana:
1246 2133 1373 2166 similem,
1390 2142 1478 2169 neque
1490 2134 1646 2161 hominibus
1661 2141 1736 2168 aspe-

949 2180 1076 2207 ctabilem
1093 2188 1154 2208 esse
1172 2180 1322 2216 ﬁngerent;
1343 2181 1513 2216 longitudine
1535 2180 1649 2207 millium
1661 2187 1734 2213 xcvt,

913 2242 935 2269 Β
950 2226 996 2262 qui
1008 2230 1072 2254 sunt
1084 2227 1190 2254 schceni
1205 2231 1322 2261 quatuor
1332 2230 1359 2254 et
1370 2226 1483 2261 viginti;
1496 2225 1640 2252 latitudine
1650 2226 1737 2253 schoe-

950 2279 1047 2298 norum
1062 2279 1100 2304 Vl,
1118 2272 1170 2299 hoc
1185 2276 1228 2299 est
1241 2272 1355 2299 millium
1371 2279 1450 2304 xxiv;
1468 2271 1642 2298 crassitudini
1658 2271 1736 2298 deni-

950 2325 1003 2352 que
1018 2317 1097 2343 aliam
1114 2325 1270 2345 mensuram
1291 2317 1452 2344 attribuunt.
1470 2316 1557 2351 Prope
1572 2317 1659 2351 ipsum
1672 2323 1736 2344 vero

950 2368 1023 2390 stare
1045 2362 1176 2397 Spiritqu
1192 2369 1316 2391 sanctum
1333 2363 1457 2390 muliebri
1473 2363 1569 2398 ﬁgura,
1584 2363 1621 2390 ita
1646 2367 1736 2390 tamen

952 2413 982 2435 ut
998 2409 1081 2436 videri
1100 2414 1234 2444 nequeat;
1251 2409 1427 2444 ejusdemque
1444 2417 1505 2436 esse
1523 2415 1666 2436 mensurze.
1681 2408 1737 2435 Ro-

951 2462 999 2489 ges
1013 2455 1084 2482 unde
1099 2462 1145 2482 eas
1160 2463 1304 2483 mensuras
1319 2455 1483 2490 acceperint.
1499 2454 1519 2481 E
1532 2455 1680 2486 montibus,
1695 2455 1737 2482 in-

950 2500 1056 2535 quiunt,
1075 2501 1234 2528 observatas
1250 2501 1391 2534 habemus,
1409 2509 1526 2536 quorum
1551 2501 1585 2529 ad
1607 2503 1735 2529 verticem

950 2545 1058 2573 illorum
1074 2547 1163 2581 capita
1179 2548 1387 2584 pertingebant;
1402 2556 1488 2583 quare
1501 2548 1634 2575 montium
1645 2548 1737 2591 a.ltitu-

950 2591 1042 2619 dinem
1057 2591 1184 2626 dimensi,
1203 2593 1302 2621 Christi
1318 2601 1350 2621 ac
1366 2594 1453 2621 sancti
1469 2593 1587 2628 Spiritus
1600 2593 1737 2628 magnitu-

950 2636 1042 2664 dinem
1054 2639 1351 2673 comperimusNerum
1365 2640 1399 2667 de
1414 2639 1456 2667 his
1471 2640 1498 2666 in
1511 2639 1665 2667 Ossaeorum
1683 2639 1736 2666 lue-

950 2683 1004 2709 resi
1015 2683 1070 2718 jam
1085 2688 1148 2712 ante
1162 2684 1372 2720 disputavimus.
1391 2685 1424 2712 Et
1438 2693 1512 2712 nunc
1527 2686 1614 2713 obiter
1627 2692 1658 2712 ea
1675 2692 1736 2719 per-

950 2728 1121 2762 strinximus,
1136 2738 1170 2758 ne
1180 2732 1252 2765 quod
1269 2740 1351 2766 penes
1362 2739 1582 2767 unamquamque
1597 2731 1735 2758 nationem

952 2785 984 2804 ac
993 2783 1093 2804 sectam
1103 2779 1248 2813 reperitur,
1258 2778 1283 2805 id
1299 2779 1321 2806 si
1343 2779 1369 2806 in
1379 2779 1439 2806 aliis
1447 2786 1554 2814 quoque
1563 2782 1735 2818 cerneretur,

947 2823 1037 2850 alieno
1049 2823 1108 2851 loco
1118 2833 1166 2860 per
1178 2825 1341 2853 oblivionem
1355 2828 1596 2853 commemoratum
1614 2830 1734 2859 putares.
