1961 3046
211 99 264 128 ιπο

921 106 949 135 S.
971 107 1140 136 EPIPHANII

1790 109 1845 138 440

213 160 238 186 hi
256 159 313 192 lilii,
328 159 382 188 nisi
401 161 474 196 quod
490 163 558 190 citra
583 165 750 199 parturicndi
775 165 895 193 laborem
916 165 999 202 Virgo

1063 176 1123 200 νος.
1141 168 1209 194 Ποία
1221 168 1249 195 δὲ
1267 167 1426 204 προσδοκία,
1441 167 1488 194 καὶ
1508 168 1572 195 ποῖα
1586 167 1689 199 παιδία,
1703 167 1760 194 ἀλλ’
1779 169 1796 204 ἢ
1811 167 1844 194 τὸ

213 206 358 241 pepererit,
374 208 446 242 quod
473 217 608 244 nusquam
625 215 704 238 antea
726 212 897 247 contigerat?
911 214 999 248 quod-

212 252 298 286 queis
311 253 356 287 qui
373 254 447 282 illius
461 260 502 282 est
513 263 597 283 causa
611 257 772 291 productus,
783 258 903 286 Joannes
914 268 945 287 ex
960 261 1002 287 di-

215 298 276 324 rina
307 300 490 332 promissione
508 300 666 330 Elizabetha
692 308 840 339 prognatus
865 305 910 336 sit.
938 305 1002 333 licet

214 343 289 370 illum
302 349 446 379 antequam
460 352 567 380 pareret
583 354 670 374 mater
684 349 863 384 parturierit?
878 349 1001 382 Quanam

214 396 278 423 ergo
291 389 378 418 fronte
391 390 493 418 nudum
512 392 648 420 hominem
667 394 752 422 fuisse
768 394 935 422 Salvatorem
951 403 1002 422 au-

215 434 281 461 dent
296 437 437 464 asserere?
449 438 523 472 quod
544 439 567 466 si
583 447 676 467 verum
696 445 780 472 esset,
803 449 893 468 nonne
907 442 1002 476 cogni-

217 480 291 508 tione
303 483 498 517 comprehcndi
513 490 615 519 posset,
635 491 731 513 contra
745 494 825 522 quam
841 487 875 515 de
892 495 924 515 eo
941 487 1004 515 Hie—

217 527 316 554 remias
333 530 464 556 testetur?
476 529 573 563 Homo,
586 532 684 566 inquit,
696 537 746 564 est,
760 537 784 560 et
799 534 856 568 quis
869 538 1003 569 cognoscet

216 572 299 606 ipsum
316 573 324 588 ¹
335 574 346 599 ?
356 573 461 602 Etenim
477 575 510 602 de
525 583 557 602 eo
569 576 683 611 loquens
694 578 826 612 propheta
843 578 916 605 istud
927 586 1005 605 usur-

217 622 262 652 pat
276 628 282 646 :
300 619 366 652 Quis
382 627 517 656 cognoscet
529 623 632 656 ipsum?
650 622 732 658 Atqui
752 624 902 659 simplicem
916 625 938 652 si
953 625 1004 651 ho-

217 667 317 692 minem
342 666 484 702 intelligat,
500 668 612 696 omnino
634 669 676 696 vel
691 677 753 696 eum
774 673 852 704 pater
873 670 942 705 ipse,
963 670 1005 698 vel

218 715 316 744 mater,
331 714 494 748 cognatique
508 721 616 747 omnes,
634 723 666 742 ac
682 716 775 749 vicini,
787 721 844 743 tum
860 717 1006 745 contuber-

217 758 293 786 nales
310 766 342 785 ac
355 759 429 787 cives
445 766 652 796 cognoscerent.

252 804 311 832 Jam
330 813 395 833 vero
411 808 540 840 quoniam
559 807 597 834 ita
619 807 711 836 Maria:
726 808 772 836 ille
797 809 866 838 fetus
889 809 1006 841 exstitit.

1052 213 1190 248 Παρθένον
1204 214 1333 249 γεννῆσαι
1353 214 1417 240 ἄνευ
1439 213 1551 245 ὠδίνων,
1573 214 1642 248 ὅπερ
1665 213 1782 249 οὐδαμοῦ
1797 222 1846 247 γε-

1052 259 1182 294 γένηται;
1200 258 1293 285 καὶτὸ
1306 257 1352 285 τὸν
1371 259 1405 284 δι’
1425 258 1506 285 αὐτὸν
1529 257 1583 284 ἀπὸ
1606 257 1747 284 Ἐλισαϐετ
1771 256 1846 284 κατὰ

1053 304 1220 339 ἐπαγγελίαν
1258 304 1423 340 γεννηθέντα
1456 304 1581 338 Ἰωάννην
1611 303 1710 336 παῖδα,
1741 304 1766 330 εί
1796 304 1845 329 καὶ

1059 350 1186 386 Ἰωάννης
1205 350 1238 376 δι’
1256 350 1358 376 ὠδίνων
1373 349 1552 384 γεγέννηται;
1572 348 1635 381 Πῶς
1655 347 1701 376 οὖν
1723 346 1795 376 οὗτοι
1811 350 1844 374 ὲκ

1055 397 1211 432 σπέρματος
1233 396 1309 431 ψιλὸν
1331 396 1474 432 ἄνθρωπον
1490 395 1628 431 ὁρίζονται
1643 395 1690 422 τὸν
1706 395 1821 430 Σωτῆρα
1835 404 1843 427 ;

1054 442 1113 475 πῶς
1131 443 1160 470 δὲ
1175 443 1205 470 οὺ
1228 442 1425 478 γνωσθήσεται,
1439 441 1477 473 ὡς
1491 441 1537 468 καὶ
1562 441 1697 477 Ἱερεμίας
1714 442 1777 476 περὶ
1793 441 1846 467 αὒ-

1053 488 1101 515 τοῦ
1115 488 1171 524 (56)
1188 496 1280 524 φησιν,
1297 489 1338 515 ὅτι
1360 489 1532 522 Ἄνθρωπός
1551 489 1627 521 ἐστι,
1643 487 1693 514 καὶ
1706 489 1753 522 τις
1770 487 1847 523 γνώ-

1054 542 1139 562 σεται
1158 535 1269 567 αὐτόν;
1295 535 1479 571 Διηγούμενος
1496 535 1550 570 γὰρ
1576 535 1591 561 ὁ
1616 535 1759 570 προφήτης
1779 535 1847 570 περὶ

1055 580 1138 608 αὑτοῦ
1155 580 1247 615 ἐλεγε-
1267 581 1314 614 Τίς
1336 581 1481 616 γνώσεται
1502 581 1612 613 αὑτόν;
1630 581 1662 607 Et
1674 580 1702 607 δὲ
1721 581 1786 616 περὶ
1799 581 1847 615 ψι-

1055 626 1101 653 λοῦ
1118 627 1210 661 ἔλεγεν
1231 626 1387 662 ἀνθρώπου,
1402 627 1509 658 πάντως
1532 626 1566 654 ἂν
1582 627 1629 653 καὶ
1650 628 1665 653 ὁ
1682 626 1773 662 πατὴρ
1795 626 1847 652 αὐ-

1056 673 1100 700 τὸν
1117 673 1259 707 ἐγίνωσκε,
1276 673 1322 700 καὶ
1335 673 1352 708 ἡ
1376 673 1477 709 μήτηρ,
1493 674 1634 707 συγγενεῖς
1649 681 1680 700 τε
1694 673 1742 700 καὶ
1757 672 1848 706 γείτο-

1056 727 1112 751 νες,
1131 718 1260 754 σύσκηνοί
1274 727 1302 745 τε
1319 718 1366 745 καὶ
1380 718 1552 754 συμπολῖται.

1100 808 1168 835 Ἀλλ’
1190 808 1284 844 ἐπειδὴ
1306 808 1339 834 ἐκ
1366 807 1476 843 Μαρίας
1503 807 1553 842 μέν
1577 807 1635 833 ἐστι
1656 805 1687 832 τὸ
1714 805 1848 840 γέννημα,

217 851 288 878 idem
308 855 338 879 ut
349 851 396 880 Dei
410 851 530 881 Verbum
543 861 559 881 e
573 854 643 882 coelo
660 855 792 889 prodierit
806 865 812 883 :
831 863 919 889 neque
933 855 1006 883 virili

1063 855 1162 882 ὶνωθεν
1177 855 1205 881 δὲ
1220 853 1301 890 ἦλθεν
1321 855 1335 881 ὁ
1355 854 1422 885 Θεὸς
1436 854 1534 888 Λόγος,
1549 854 1599 880 οὐκ
1613 853 1667 880 ἀπὸ
1692 852 1850 888 σπέρματος

217 897 251 925 de
264 898 378 930 semine,
399 899 447 926 sed
465 899 570 927 caelesti
587 904 663 935 patre
677 901 798 934 genitus,
813 901 873 929 sine
886 906 1007 937 tempore

219 944 352 979 initioque
369 945 435 978 ullo,
455 947 601 980 postremis
618 947 787 982 temporibus
801 947 828 974 in
845 951 952 974 uterum
966 948 1008 975 in-

219 991 330 1018 sinuare
347 999 375 1019 se
391 991 520 1027 Virginis,
537 992 735 1028 formatamque
747 1001 780 1021 ex
795 1001 827 1021 ea
840 1001 950 1021 carnem
971 994 1009 1020 in-

218 1037 302 1065 duere
318 1037 423 1066 voluit:
443 1043 597 1073 propterea,
614 1039 702 1066 Homo
715 1039 821 1074 quidem
831 1044 880 1072 est,
898 1041 946 1072 ait,
963 1040 1009 1068 sed

217 1083 276 1118 quis
299 1089 434 1118 cognoscet
453 1084 558 1118 ipsum?
571 1085 790 1121 quandoquidem
813 1086 885 1114 Deus
900 1095 914 1114 ο
938 1087 1009 1115 ccelo

218 1127 370 1159 descendit,
399 1128 515 1164 unigena
530 1129 626 1161 Filius,
651 1138 683 1157 ac
709 1130 780 1159 Deus
802 1130 934 1158 Verbum.
956 1130 1010 1159 Sed

218 1172 388 1201 incredibilis
400 1173 525 1208 quietiam
538 1178 581 1202 est
594 1175 779 1203 aberrautium
791 1183 807 1203 a
819 1176 933 1204 veritate
944 1177 1012 1204 isto—

219 1227 280 1246 rum
306 1219 464 1251 infelicitas.
492 1221 538 1256 qui
566 1221 772 1256 prophetarum,
796 1223 1011 1257 angelorumque

220 1266 386 1294 testimoniis
398 1266 500 1294 relictis
520 1267 553 1293 ad
566 1267 724 1294 haereticum
735 1267 866 1296 Ebionem
888 1268 1012 1296 adhaere-

220 1320 298 1340 scere
310 1312 476 1344 maluerunt,
492 1313 538 1348 qui
555 1320 589 1340 ex
606 1314 689 1340 animi
714 1314 756 1342 sui
771 1314 883 1342 libidine
897 1314 1012 1342 Judaica

220 1359 348 1387 instituta
363 1359 522 1394 complexus
537 1367 598 1388 sese
614 1363 704 1388 tamen
723 1368 739 1387 a
755 1360 856 1389 Judaais
871 1361 1011 1389 abaliena-

222 1405 269 1432 vit.
286 1404 393 1439 Quippe
407 1404 516 1432 Gabriel
531 1413 593 1432 cum
618 1406 746 1432 nuntium
766 1413 846 1433 suum
863 1405 897 1433 ad
921 1405 1013 1441 Virgi-

222 1458 282 1478 nem
293 1451 436 1486 perferret,
449 1456 611 1478 occurrente
630 1451 676 1478 illa
693 1460 700 1478 :
716 1451 854 1484 Quomodo
869 1452 913 1486 ﬁet
928 1451 1011 1484 istud,

220 1497 345 1532 quoniam
360 1497 443 1523 virum
457 1504 508 1523 non
522 1504 647 1530 cognosco
660 1497 673 1524 ?
685 1503 740 1531 quo
757 1496 899 1524 securitati
913 1504 1012 1524 consu-

221 1543 289 1570 leret
308 1542 408 1577 adjecit
424 1552 431 1569 :
450 1542 567 1577 Spiritus
588 1542 696 1569 Domini
713 1544 873 1577 superveniet
893 1543 920 1570 in
937 1548 971 1575 te,
987 1548 1012 1570 et

221 1589 305 1616 virtus
321 1589 456 1615 Altissimi
474 1588 640 1615 obumbrabit
659 1594 683 1615 te
698 1597 707 1615 .'
721 1589 829 1624 ideoque
844 1589 949 1624 etquod
965 1598 1014 1616 na-

222 1639 310 1662 scetur
333 1642 365 1661 ea:
381 1639 405 1661 te
423 1638 554 1666 sanctum,
580 1635 718 1661 vocabitur
737 1634 828 1662 Filius
856 1635 903 1662 Dei
920 1637 940 1663 ’.
961 1635 1013 1663 Ubi

225 1689 274 1717 per
293 1681 350 1708 haec
363 1680 459 1713 verba,
482 1679 560 1716 145
580 1680 650 1715 quod
665 1685 798 1713 nascetur,
823 1681 858 1708 ab
880 1681 939 1716 ipsa
954 1688 1015 1708 car-

223 1735 299 1757 nem.
315 1730 343 1754 et
369 1725 503 1762 quidquid
532 1727 565 1753 ad
587 1727 732 1754 humanam
761 1731 889 1754 naturam
918 1728 1014 1755 attinet

223 1774 336 1802 duxisse
348 1773 486 1808 signiﬁcat
500 1782 506 1800 :
526 1778 582 1800 tum
598 1774 726 1801 virtutem
745 1773 890 1807 Altissimi,
905 1782 937 1802 ac
952 1775 1015 1810 Spi-

222 1820 308 1847 ritum
331 1823 457 1847 sanctum
481 1826 496 1846 e
521 1819 592 1846 coalo
611 1823 734 1847 sanctam
751 1819 891 1856 Virginem
915 1821 1014 1847 obum-

223 1868 338 1899 brasse;
355 1865 556 1900 unigenamque
574 1864 620 1892 Dei
637 1864 734 1892 Filium
755 1873 786 1893 ac
797 1865 881 1893 Deum
895 1865 1013 1894 Verbum

225 1912 254 1940 in
268 1916 358 1940 terras
379 1912 533 1947 delapsum,
552 1911 688 1939 hominem
712 1919 774 1940 esse
797 1911 911 1944 factum,
929 1920 961 1940 ac
981 1912 1015 1940 de

223 1959 303 1986 beata
318 1957 431 1993 Virgine
445 1965 540 1986 revera
552 1961 735 1993 procreatum.
750 1958 836 1991 Quam
851 1958 934 1985 multa
951 1962 1015 1986 sunt

225 2005 382 2033 istiusmoui
406 2005 581 2032 testimonia!
610 2004 667 2040 Ego
694 2012 759 2032 vero
785 2005 1015 2039 quemadmodum

225 2052 364 2088 pollicitus
376 2059 448 2084 sum,
465 2059 499 2078 ne
515 2051 622 2086 longior
642 2051 694 2078 hoc
710 2051 738 2078 in
755 2058 837 2086 opere
851 2059 912 2079 esse
923 2058 1014 2086 cogar,

226 2099 308 2126 latius
322 2097 430 2132 evagari
449 2104 504 2124 non
517 2097 602 2124 soleo.

260 2144 334 2172 XXI.
355 2144 442 2172 Venio
455 2151 529 2171 nunc
548 2143 582 2170 ad
598 2151 629 2170 ea
644 2150 705 2178 qua:
721 2142 755 2170 de
767 2141 848 2169 Petro
861 2150 893 2170 ac
910 2142 1017 2170 ueteris

1059 901 1165 937 ἀνδρὸς,
1190 901 1247 927 ἀλλ’
1273 901 1305 927 ὲκ
1331 900 1435 936 πατρὸς
1457 899 1518 935 μὲν,
1535 898 1638 927 ἄνωθεν
1663 897 1802 932 γεννηθεὶς
1821 897 1851 922 ἐν

1059 947 1174 983 ἀληθείᾳ
1188 947 1311 983 ἀχρόνους
1328 946 1375 973 καὶ
1389 946 1525 982 ἀνάρχως,
1545 946 1588 971 ἐπ’
1605 944 1727 979 ἐσχάτων
1750 943 1779 969 δὲ
1794 942 1852 968 τῶν

1059 994 1171 1030 ἡμερῶν
1182 994 1331 1029 εὐδοκήσας
1344 993 1372 1019 ἐν
1391 993 1483 1028 μήτρᾳ
1496 991 1623 1026 γενέσθαι
1636 989 1784 1026 Παρθένου,
1802 989 1853 1016 καὶ

1059 1039 1090 1072 ἐξ
1117 1039 1203 1074 αὐτῆς
1229 1039 1383 1066 ἀναπλάσαι
1407 1039 1447 1070 εἰς
1473 1037 1568 1064 ἑαυτὸν
1595 1036 1644 1072 τὴν
1672 1036 1771 1071 σάρκα.
1800 1034 1854 1062 Διὰ

1059 1084 1149 1116 τοῦτο,
1168 1085 1246 1120 φησὶ,
1263 1086 1311 1111 καὶ
1326 1085 1493 1118 Ἀνθρωπος
1505 1084 1562 1118 μέν
1576 1083 1641 1110 ἐστι
1650 1090 1656 1096 ·
1670 1083 1716 1115 τις
1731 1081 1765 1108 δὲ
1777 1081 1855 1116 γνώ-

1061 1138 1145 1158 σεται
1164 1130 1274 1162 αὺτόν;
1290 1130 1331 1156 ὅτι
1353 1129 1419 1161 Θεὸς
1438 1129 1541 1156 ἀνωθεν
1554 1127 1646 1164 ἦλθεν,
1666 1128 1680 1154 ὁ
1705 1126 1855 1163 μονογενὴς

1060 1175 1127 1207 Θεὸς
1145 1175 1242 1209 Λόγος.
1260 1174 1349 1210 Πολλὴ
1365 1174 1394 1201 δὲ
1417 1173 1588 1209 ταλαιπωρία
1605 1173 1659 1199 τῶν
1674 1171 1857 1206 πεπλανημέ-

1061 1231 1125 1253 νων,
1141 1221 1196 1248 τῶν
1216 1220 1438 1255 καταλειψάντων
1461 1219 1510 1254 μὲν
1527 1217 1675 1254 προφητῶν
1700 1216 1855 1252 μαρτυρίας

1062 1268 1109 1294 καὶ
1136 1266 1270 1301 ἀγγέλων,
1295 1266 1343 1293 καὶ
1360 1265 1553 1300 ἀνασχομένων
1585 1264 1711 1295 Ἐὁίωνος
1737 1262 1782 1289 τοῦ
1799 1270 1857 1288 πε-

1062 1311 1149 1346 πλανη
1155 1311 1246 1347 μένον,
1263 1310 1309 1337 τοῦ
1326 1310 1376 1346 τὴν
1390 1309 1487 1336 ἑαυτοῦ
1499 1309 1595 1345 ἡδονὴν
1613 1308 1774 1343 βουλομένου
1787 1307 1859 1342 πλη-

1064 1358 1138 1394 ροῦν,
1156 1358 1203 1384 καὶ
1218 1357 1254 1384 τὰ
1284 1357 1417 1384 Ἰουδαϊκὰ
1436 1355 1706 1392 μεταχειριζομένου,
1730 1354 1777 1381 καὶ
1798 1355 1858 1381 ἀπὺ

1069 1404 1202 1432 Ἰουδαίων
1226 1403 1453 1440 ἠλλοτριωμένου.
1477 1403 1521 1435 Ὠς
1544 1404 1558 1429 ὁ
1581 1401 1629 1438 μὲν
1653 1401 1782 1437 Γαϐριὴλ,
1808 1401 1858 1427 ὅτε

1063 1453 1096 1488 τῇ
1121 1452 1252 1488 Παρθένῳ
1281 1451 1484 1487 εὐηγγελίζετο,
1510 1451 1594 1486 αὐτῆς
1619 1449 1760 1485 λεγούσης,
1787 1448 1859 1481 Πῶς

1063 1499 1150 1526 ἔσται
1167 1500 1269 1531 ταῦτα,
1289 1499 1334 1525 ὅτι
1349 1498 1443 1533 ἄνδρα
1461 1499 1498 1525 οὑ
1517 1497 1671 1532 τινώσκω;
1685 1495 1715 1523 τὸ
1735 1495 1860 1529 ἀσφαλὲς

1065 1546 1257 1582 ὑποτιθέμενος
1283 1546 1352 1581 ἔφη·
1379 1545 1500 1580 Πνεῦμα
1521 1544 1631 1579 Κυρίου
1657 1543 1858 1570 ἐπελεύσεται

1064 1592 1113 1619 ἐπὶ
1137 1593 1185 1623 σὲ,
1209 1592 1257 1618 καὶ
1284 1591 1410 1626 δύναμις
1432 1592 1579 1626 Ὑψίστου
1600 1589 1770 1618 ἐπισκιάσει
1791 1595 1858 1615 σοι.

1064 1639 1112 1665 Διὸ
1124 1639 1172 1665 καὶ
1190 1638 1223 1664 τὸ
1244 1639 1432 1674 γεννώμενον
1448 1639 1482 1666 ἐκ
1499 1639 1558 1666 σοῦ
1575 1638 1660 1673 ἅγιον
1671 1635 1860 1670 κληθήσεται

1069 1684 1136 1716 Υἱὸς
1162 1684 1248 1711 Θεοῦ.
1270 1684 1313 1710 Ἐν
1340 1683 1379 1719 τῷ
1404 1684 1458 1720 γὰρ
1482 1684 1569 1710 εἰπεῖν
1594 1682 1627 1709 τὸ
1658 1681 1858 1717 γεννώμενον,

1065 1729 1149 1762 ἔδειξε
1175 1730 1224 1766 μὲν
1245 1730 1293 1766 τὴν
1320 1730 1409 1766 σάρκα
1434 1730 1481 1757 ἀπ’
1504 1729 1604 1765 αὐτῆς,
1629 1729 1677 1756 καὶ
1699 1727 1749 1763 τὴν
1771 1727 1860 1762 ἄλλην

1065 1775 1281 1812 ὲνανθρώπησιν,
1299 1775 1403 1802 ἄνωθεν
1417 1775 1445 1802 δὲ
1464 1776 1510 1802 ἀπ’
1527 1773 1649 1810 οὐρανῶν
1671 1773 1718 1808 τὴν
1742 1772 1859 1806 δύναμιν

1064 1823 1112 1849 τοῦ
1132 1823 1272 1857 Ὑψίστου,
1299 1821 1392 1848 καὶτὸ
1411 1821 1488 1855 ἅγιον
1503 1820 1616 1855 Πνεῦμα
1639 1818 1799 1846 ὲπισκιάσαι
1821 1818 1859 1852 τῇ

1066 1869 1133 1904 ἁγίᾳ
1147 1867 1289 1903 Παρθένῳ,
1306 1867 1352 1893 καὶ
1377 1865 1480 1893 ἄνωθεν
1504 1863 1721 1899 καταϐεϐηκέναι
1739 1862 1783 1889 τὸν
1807 1870 1859 1896 μο-

1065 1913 1160 1948 νογενῆ
1176 1912 1242 1939 Θεοῦ
1259 1911 1326 1938 Θεὸν
1340 1911 1435 1944 Λόγον,
1452 1910 1499 1937 καὶ
1521 1909 1558 1941 ὡς
1580 1907 1785 1944 ὲνηνθρώπησε,
1810 1907 1860 1933 καὶ

1065 1960 1104 1991 ὡς
1116 1960 1164 1985 ἀπ’
1188 1958 1274 1993 αὐτῆς
1298 1958 1327 1984 ὲν
1350 1956 1464 1992 ἀληθεία
1488 1955 1630 1991 ἐγεννήθη.
1656 1954 1730 1981 Πόσα
1746 1953 1775 1980 δὲ
1789 1952 1861 1979 ἄλλα

1067 2005 1126 2032 ἐστὶ
1151 2004 1280 2032 τοιαῦταί
1307 2002 1398 2030 Εῖωῡα
1426 2003 1465 2035 δὲ,
1491 2002 1529 2033 ὡς
1553 2000 1723 2036 ὑπεσχόμην,
1748 1999 1786 2034 μὴ
1813 1998 1861 2024 διὰ

1067 2052 1185 2083 πλάτους
1211 2050 1354 2086 φέρεσθαι,
1371 2050 1415 2076 ἵνα
1433 2048 1470 2085 μὴ
1492 2049 1531 2082 είς
1549 2048 1631 2083 ὄγκον
1656 2046 1738 2073 πολὺν
1761 2045 1860 2079 ἀγάγω

1066 2097 1116 2132 τὴν
1130 2095 1329 2132 πραγματείαν.

1103 2145 1169 2171 KA'.
1190 2144 1259 2178 Περὶ
1273 2143 1301 2169 δὲ
1316 2143 1371 2170 τῶν
1390 2142 1477 2169 ἄλλων
1501 2141 1565 2176 ἑξῆς
1584 2139 1759 2176 διηγήσομαι,
1775 2134 1814 2164 ὧν
1828 2145 1860 2163 τε

226 2191 359 2226 apostolis
384 2190 569 2218 mentiuntur.
600 2188 708 2221 Petrus,
735 2189 880 2224 inquiunt,
908 2188 1011 2215 lavabat

1067 2191 1139 2217 κατὰ
1152 2190 1256 2225 Πέτρου
1269 2189 1316 2216 καὶ¹
1332 2189 1386 2215 τῶν
1405 2188 1493 2215 ἄλλων
1507 2186 1663 2214 ἀποστόλων
1677 2183 1861 2219 καταψεύδον-

226 2237 358 2272 quotidie,
375 2237 534 2271 priusquam
553 2235 644 2262 cibum
665 2239 796 2262 sumeret.
814 2233 842 2261 ln
858 2241 913 2269 quo
927 2234 1016 2260 circu-

226 2284 343 2311 latorum
360 2283 493 2318 ejusmodi
517 2282 704 2310 incredibilem
723 2281 901 2313 calumniam,
920 2288 953 2307 ac
969 2288 1017 2308 va-

228 2330 368 2357 ferrimum
387 2331 414 2357 in
431 2337 464 2357 ea
481 2328 612 2356 tradenda
631 2327 776 2363 disciplina
800 2327 945 2355 consilium
975 2326 1016 2353 in-

227 2379 313 2403 tuere.
342 2375 447 2403 Etenim
475 2376 548 2410 quod
575 2374 756 2409 inquinamur
781 2373 891 2409 saepius,
914 2381 946 2400 ac
970 2381 1017 2407 per

227 2420 366 2448 lasciviam
381 2421 509 2456 pleraque
523 2421 550 2447 in
565 2421 620 2447 vita
636 2424 760 2455 peccant,
776 2427 830 2455 quo
845 2419 896 2446 sibi
912 2422 1015 2445 certam

228 2473 304 2500 spem
318 2473 350 2493 ac
366 2466 493 2494 ﬁduciam
509 2466 665 2498 concilient,
682 2472 752 2500 aqua
768 2464 870 2499 largius
888 2468 1013 2495 utuntur,

228 2517 258 2538 ut
274 2511 379 2546 seipsos
398 2511 547 2546 decipiant.
563 2510 628 2538 dum
641 2510 764 2545 repetitis
777 2510 854 2538 hisce
869 2509 1014 2536 lavationi-

228 2558 280 2586 bus
296 2566 380 2594 puros
395 2566 425 2586 se
447 2566 509 2586 esse
527 2565 608 2592 posse
622 2557 773 2585 conﬁdunt.
785 2557 873 2592 Atque
892 2557 951 2584 haec
967 2563 1015 2591 per

265 2638 273 2654 ‘
291 2637 389 2665 Jerem.
411 2645 478 2670 xvu,
491 2637 518 2665 9.
556 2636 643 2664 ’Luc.
660 2644 681 2669 ι,
698 2636 743 2670 54,
755 2636 800 2663 55.

264 2717 320 2753 (56)
345 2717 391 2753 Ὡς
412 2715 461 2743 καὶ
477 2716 619 2753 Ἱερεμίας
643 2715 722 2753 περι
735 2715 839 2742 αὑτοῦ.
859 2713 959 2753 Neque
977 2713 1020 2753 hic

231 2750 354 2780 locus'ad
371 2752 509 2778 Christum
528 2752 636 2786 proprie
657 2752 791 2786 pertinet:
808 2751 916 2777 tametsi
935 2750 1019 2786 pleri-

250 2797 282 2814 ue
305 2787 355 2814 PP.
370 2787 403 2814 ad
417 2795 479 2814 eum
496 2785 606 2814 sensum
622 2785 774 2818 traxerint;
789 2793 858 2820 quos
874 2785 1018 2820 reprehen-

250 2797 282 2814 lle
305 2797 355 2814 I'I’.
370 2797 403 2814 at)
417 2797 479 2814 eum
496 2797 606 2814 5811511111
622 2797 774 2818 traxerunt;
789 2797 858 2820 quos
874 2797 1018 2820 I'Clﬂ'cllcll-

229 2797 270 2851 git
285 2822 475 2858 Hieronymus.
491 2822 577 2858 Cujus
589 2822 698 2857 quidem
714 2821 947 2857 interpretationis
960 2827 1022 2847 cau-

1067 2245 1122 2263 ται.
1142 2237 1215 2267 Ὅτι,
1237 2236 1329 2271 φησὶν,
1353 2236 1368 2261 ὁ
1393 2234 1495 2270 Πέτρος
1522 2233 1582 2260 καθ’
1607 2232 1725 2265 ἑκάστην
1751 2229 1860 2265 ἡμέραν

1068 2281 1233 2316 βαπτισμοῖς
1250 2281 1392 2316 ἐκέχρητο,
1411 2280 1475 2314 πρὶν
1497 2279 1513 2314 ἦ
1540 2278 1586 2305 καὶ
1606 2278 1688 2313 ἄρτου
1710 2274 1791 2319 αὑτὸν
1811 2282 1860 2309 με·

1066 2327 1261 2362 ταλαμὸάνειν.
1283 2327 1339 2353 Καὶ
1363 2326 1414 2362 ὅρα
1437 2324 1468 2352 τδ
1484 2324 1573 2351 αὐτῶν
1589 2322 1795 2357 συκοφάντημα,
1811 2319 1860 2346 καὶ

1067 2373 1098 2400 τὸ
1113 2373 1229 2400 ὓπουλον
1240 2373 1289 2408 τῆς
1303 2371 1476 2407 ἁγυρτώδους
1485 2370 1574 2397 αὐτῶν
1586 2368 1770 2399 διδασκαλίας.
1793 2365 1860 2392 Ἀπὸ

1067 2420 1116 2447 τοῦ
1131 2419 1187 2455 γὰρ
1203 2419 1303 2450 αὐτοὺς
1322 2417 1480 2453 μεμιάνθαι,
1497 2416 1544 2443 καὶ
1558 2415 1744 2450 λαγνεστέρως
1760 2413 1860 2440 πολλά-

1069 2475 1112 2498 κις
1129 2465 1214 2492 πολλὰ
1230 2465 1360 2500 πράττειν
1374 2464 1420 2490 ἐπὶ
1436 2463 1486 2498 τῆς
1500 2463 1561 2498 γῆς,
1583 2463 1623 2493 είς
1640 2459 1791 2495 πεισμονὴν
1807 2458 1859 2493 τῆς

1069 2510 1173 2537 ἑαυτῶν
1186 2510 1373 2546 πληροφορίας
1388 2509 1427 2544 τῷ
1441 2508 1519 2535 ὕδατι
1533 2506 1652 2542 δαψιλῶς
1668 2505 1797 2542 χρῶνται,
1816 2504 1860 2530 ἵνα

1068 2556 1148 2591 δῆθεν
1165 2556 1279 2588 ἑαυτοὺς
1293 2556 1465 2591 ἀπατήσωσι,
1485 2553 1529 2580 διὰ.
1549 2552 1712 2588 βαπτισμῶν
1726 2551 1796 2586 ἔχειν
1811 2549 1861 2584 τὴν

1069 2719 1127 2740 sam
1142 2709 1233 2737 attulit
1240 2709 1312 2736 LXX
1325 2708 1407 2736 lectio
1434 2717 1441 2735 :
1468 2707 1514 2743 qui
1532 2706 1566 2733 ab
1581 2705 1694 2743 Hebraeo
1706 2711 1733 2734 et
1747 2705 1861 2743 Vulgata

1069 2748 1236 2781 discrepant.
1260 2744 1326 2771 Nam
1345 2741 1484 2771 Hehraica’
1500 2750 1551 2770 vox
1570 2742 1640 2792 ωτξιςι.
1667 2741 1838 2768 inscrulabilc
1853 2759 1861 2772 ,

1067 2801 1124 2863 slive
1140 2798 1301 2861 desperabile
1312 2797 1456 2833 significat.
1471 2796 1506 2823 At
1521 2795 1558 2823 illi
1568 2799 1640 2825 max
1657 2795 1708 2822 hoc
1721 2800 1762 2823 est
1774 2794 1861 2826 homo,

1086 2843 1184 2863 eacrun
1201 2853 1209 2862 .

1086 2843 1209 2871 egerunt.
