1961 3046
150 131 199 159 HI

485 135 671 166 ADVERSUS
690 136 863 166 HERESES
881 138 945 167 LIB.
965 139 986 167 I.
1007 139 1089 168 TOH.
1110 141 1182 168 ll.-—
1205 140 1338 168 ΙΙΛΕΒΕΞ..
1360 140 1442 169 XXX.

1724 140 1776 168 4.ίὲ

151 190 285 226 κάθαρσιν
298 191 464 226 νομίζοντες.
479 195 534 222 Καὶ
545 195 632 223 ταῦτα
645 198 685 229 είς
700 198 764 230 τοὺς
776 199 938 232 ἀποστόλους

992 208 1126 228 summam
1147 201 1340 228 contumeliam
1357 202 1383 228 in
1400 201 1539 236 apostolos
1559 200 1707 228 transferre
1721 208 1775 228 non

150 235 327 272 ὲμπαροινεῖν
349 239 399 266 οὐκ
425 240 607 276 αἰσχύνονται.
637 243 733 270 Καίτοι
757 244 805 271 τοῦ
834 245 937 282 Κυρίου

151 282 308 318 ἐλέγχοντος
336 284 426 311 αὐτῶν
444 286 492 321 τὴν
512 289 707 323 κακοτροπίαν,
723 290 752 316 ὲν
765 289 804 326 τῷ
828 291 874 317 τὸν
891 292 940 318 Πέ-

150 336 215 363 τρον
231 329 382 364 εἰρηκέναι,
408 331 452 357 ὅτε
467 329 533 366 ἦλθε
554 334 618 366 τοὺς
637 334 720 367 πόδας
745 335 827 362 αὑτοῦ
852 336 938 371 νίψαι,

149 374 191 400 ὅτι
208 375 250 401 οὺ
265 375 308 410 μὴ
324 377 418 419 νιψῃῇ⁵
434 377 505 411 τοὺς
521 379 616 413 πόδας
626 389 687 415 μου
704 382 748 415 εὶς
767 382 820 409 τὸν
836 382 938 415 αἰῶνα,

150 421 199 448 καὶ
214 421 264 458 τὴν
282 423 473 460 ἀνθυποφορὰν
493 425 545 452 ὑπὸ
558 426 605 453 τοῦ
630 428 756 463 Σωτῆρος
770 428 881 461 ἐξιέναι,
899 430 940 456 ὃτι

157 467 225 494 Ἐὰν
235 468 279 503 μὴ
295 470 376 504 νίψω
397 479 455 498 σου
468 472 541 506 τοὺς
561 473 666 507 πόδας,
681 475 736 502 οὐκ
759 476 838 509 ἔχεις
849 476 941 510 μέρος

147 515 212 548 μετ’
232 515 315 549 ἐμοῦ.
340 517 474 545 Κάκείνου
498 519 579 546 πάλιν
603 520 878 556 ἀνταποκρινομένου,
900 522 941 548 ὅτι

152 561 195 588 οὐ
207 562 304 596 μόνον
328 563 400 597 τοὺς
420 564 525 599 πόδας,
546 566 626 593 ἀλλὰ
646 567 694 593 καὶ
718 567 775 601 τὴν
790 567 938 602 κεφαλὴν,

151 607 233 642 φησὶν
262 608 277 634 ὁ
304 608 423 644 Κύριος,
450 611 490 637 ὅτι
521 611 552 637 '0
581 612 770 646 λουσάμενος
798 612 879 644 ἅπαξ
903 613 940 640 οὺ

150 653 255 687 χρείαν
270 654 332 688 ἔχει
348 655 406 689 τὴν
423 657 571 690 κεφαλὴν,
583 658 609 685 ει
626 658 670 693 μὴ
683 658 754 691 τοὺς
773 659 867 692 πόδας
884 659 939 693 μό-

149 706 206 724 νον
220 707 227 714 ·
247 698 314 726 ἐστι
333 700 390 734 γὰρ
415 701 544 736 καθαρὸς
568 702 649 736 ὅλος.
683 703 803 736 Ἐδειξεν
823 701 880 736 οὗν,
898 705 940 731 ὅτι

149 742 180 768 οὐ
196 742 248 778 χρὴ
274 743 438 780 βαπτισμοῖς
454 746 581 781 χρῆσθαι,
602 747 649 774 καὶ
668 746 757 774 ἔθεσιν
775 748 938 783 ἀνωφελέσι,

150 788 198 814 καὶ
224 789 390 826 ὲντάλμασιν
418 791 579 827 ἀνθρώπων,
606 794 654 820 καὶ
679 793 875 827 διδασκαλίαις,
902 795 940 826 ὼς

151 834 198 861 καὶ
210 835 239 861 ὲν
254 835 339 872 ἑτέρῳ
352 837 511 874 Εὑαγγελίῳ
529 839 634 874 συνῳδὰ
653 839 692 875 τῷ
706 841 832 877 προφήτῃ
849 841 936 875 λέγει’

156 879 188 907 ὀ
200 881 276 915 λαὸς
289 880 378 916 οὗτος
394 883 456 917 τοῖς
470 885 588 919 χείλεσι
600 894 639 920 με
651 885 730 920 τιμᾷ,
747 887 767 920 ἡ
782 887 816 914 δὲ
829 888 937 922 καρδία
955 878 975 906 Β

149 926 250 953 αὐτῶν
272 928 370 962 πόίρω
387 929 491 964 ἀπέχει
516 930 567 957 ἀπ’
590 931 674 966 ἐμοῦ.
701 932 805 967 Μάτην
825 933 859 961 δὲ
885 933 936 961 σέ-

150 971 253 999 ϐονταί
265 981 314 1007 με,
328 973 524 1009 διδάσκοντες
539 975 748 1010 διδασκαλίας,
766 978 937 1013 ἐντάλματα

149 1017 322 1051 ἀνθρώπων.
367 1020 444 1047 Ἐπεὶ
472 1021 543 1048 κατὰ
573 1023 652 1049 ποίαν
680 1024 770 1050 αἰτίαν
799 1024 937 1059 ἐμέμφετο

148 1063 213 1094 τοὺς
232 1063 394 1099 Φαρισαίους
417 1067 464 1093 κα)⁸
486 1069 662 1103 γραμματεῖς
687 1069 750 1101 τοὺς
774 1069 937 1105 βαπτισμοῖς

149 1109 307 1144 χρωμένους
329 1111 428 1143 ξεστῶν
455 1113 502 1140 καὶ
526 1114 663 1150 ποτηρίων
691 1116 738 1142 καὶ
757 1116 812 1143 τῶν
836 1116 937 1149 ἄλλων,

150 1154 198 1180 καὶ¹
222 1157 317 1192 πυγμῇ
344 1157 393 1189 τὰς
419 1159 513 1194 χεῖρας
536 1159 731 1195 νιπτομένους,
758 1161 804 1188 καὶ
828 1161 938 1194 τελείως

149 1199 339 1235 ἀποφαίνεται,
364 1203 406 1230 ὅτι
428 1204 458 1231 τὺ
480 1205 628 1238 Ἀνίπτοις
650 1207 757 1240 χερσὶν
771 1208 884 1234 ἐσθίειν
902 1209 937 1235 οὺ

150 1246 249 1273 κοινοῖ
263 1247 317 1274 τὸν
337 1248 513 1283 ἀνθρωπον;
532 1251 615 1278 Ὥστε
637 1252 667 1278 οὐ
696 1251 776 1288 μόνον
794 1252 824 1279 τὸ
841 1252 938 1287 βατπί-

992 247 1168 274 erubcscunt.
1197 246 1358 282 Quanquam
1391 246 1520 274 Dominus
1545 247 1652 274 illorum
1681 248 1777 281 nequi-

992 292 1058 319 tiam
1073 292 1218 320 manifeste
1242 293 1391 327 redarguit,
1416 300 1479 320 cum
1494 292 1527 319 ad
1549 292 1621 319 Petri
1645 292 1778 320 lavandos

990 339 1074 374 pedes
1089 337 1232 370 accedens,
1250 345 1283 365 eo
1300 337 1408 366 dicente
1421 347 1428 365 :
1442 337 1503 365 Non
1515 337 1613 364 lavabis
1622 338 1686 364 milii
1699 337 1776 372 pedes

990 384 1018 411 in
1034 390 1170 414 (uernum.
1195 383 1311 418 subjecit
1326 383 1399 411 illico
1412 392 1419 411 :
1437 383 1498 411 Nisi
1513 384 1599 410 lavero
1613 383 1689 417 pedes
1706 387 1776 417 tuos,

993 439 1045 457 non
1062 430 1168 457 habebis
1183 436 1285 464 partem
1297 438 1396 457 mecum
1411 430 1430 456 ί.
1448 430 1488 457 Ad
1500 438 1559 465 quae
1569 429 1650 457 Petro
1661 437 1777 465 respono

992 476 1094 504 dente:
1113 476 1175 504 Non
1191 477 1276 504 solum
1298 476 1385 511 pedes,
1409 476 1455 504 sed
1477 481 1501 504 et
1529 482 1629 511 caput;
1645 476 1777 504 Dominus

991 522 1091 557 adjecit
1107 532 1114 550 :
1132 523 1184 556 Qui
1201 523 1269 550 lotus
1284 527 1323 550 est
1338 522 1427 554 semel,
1444 531 1496 549 non
1512 530 1576 556 opus
1589 527 1638 554 est,
1655 527 1683 549 ut
1698 527 1777 557 caput

991 567 1071 600 lavet,
1088 568 1134 595 sed
1151 567 1227 603 pedes
1240 568 1391 594 duntaxat:
1407 573 1445 595 est
1455 569 1525 596 enim
1549 569 1662 595 mundus
1674 573 1744 595 totus
1755 569 1776 593 ‘.

991 613 1097 647 Quibus
1115 614 1206 642 verbis
1218 613 1368 641 declaravit
1385 613 1566 642 lavationibus
1579 614 1726 649 ejusmodi,
1745 622 1779 641 ac

991 660 1202 695 supervacaneis
1232 660 1340 693 ritibus,
1361 660 1556 695 hominumque
1579 661 1715 687 mandatis
1745 667 1778 687 ac

990 706 1124 733 doctrinis
1142 706 1180 733 uti
1198 706 1266 733 nihil
1287 706 1413 734 attinere.
1432 706 1482 734 Cui
1500 706 1608 741 quidem
1631 710 1778 734 consenta-

991 759 1040 778 nea
1052 756 1127 784 sunt,
1144 759 1204 787 quae
1217 759 1231 778 a
1244 751 1361 786 quodam
1374 753 1504 787 propheta
1518 753 1647 779 dicuntur
1664 761 1671 779 :
1689 752 1778 786 Popu-

991 797 1032 825 lus
1046 798 1095 825 iste
1110 798 1189 825 labiis
1209 807 1250 825 me
1263 798 1386 829 honorat,
1405 807 1450 825 cor
1463 803 1551 825 autem
1572 799 1689 832 ipsorum
1704 798 1779 832 latigo

990 849 1029 870 est
1045 852 1062 870 a
1077 852 1132 875 me;
1147 843 1250 879 [rustra
1271 852 1329 871 vero
1351 845 1440 872 colunt
1462 852 1512 876 me,
1536 846 1657 872 docentes
1680 844 1780 872 doctri-

990 898 1050 922 nas,
1074 891 1202 916 mandata
1231 889 1365 917 hominum
1390 890 1412 917 ³.
1439 889 1511 923 Quid
1533 893 1576 917 est
1603 891 1675 917 enim
1706 890 1779 924 quod

991 934 1145 963 Pharisaeos
1171 943 1202 962 ac
1229 935 1335 963 scribas
1362 936 1511 970 arguebat,
1532 935 1604 970 quod
1629 935 1780 970 baptismos

990 982 1153 1010 adhiberent
1169 990 1312 1010 urceorum
1336 986 1363 1010 et
1379 982 1505 1015 calicum,
1522 989 1555 1009 ac
1577 986 1735 1009 ceterorum
1753 981 1780 1008 id

990 1036 1076 1063 genus
1095 1028 1118 1061 ⁵,
1133 1032 1160 1056 et
1181 1029 1278 1056 crebro
1293 1035 1391 1056 manus
1410 1028 1574 1055 abluerent?
1587 1035 1648 1055 cum
1671 1028 1708 1055 ita
1733 1026 1782 1055 dc-

991 1082 1064 1101 mttm
1081 1075 1263 1109 pronuntiat:
1282 1073 1371 1101 Motis
1397 1073 1518 1101 manibus
1538 1073 1698 1100 manducare
1727 1081 1781 1100 non

991 1119 1130 1155 inquinare
1141 1119 1272 1147 hominem
1286 1120 1308 1146 ⁸.
1335 1119 1426 1152 Quare
1445 1126 1499 1146 non
1517 1126 1612 1146 eorum
1637 1118 1718 1145 modo
1740 1118 1781 1145 lo-

991 1164 1080 1192 tiones
1092 1164 1241 1196 damnavit,
1258 1163 1338 1200 15.6
1353 1164 1400 1192 sed
1424 1168 1451 1191 et
1476 1170 1574 1191 manus
1599 1163 1710 1190 abluere
1731 1170 1779 1190 su—

990 1218 1189 1246 pervacaneum
1212 1218 1274 1238 esse
1294 1210 1398 1242 docuit,
1421 1218 1509 1245 neque
1540 1209 1628 1236 fraudi
1653 1208 1781 1243 cuiquam

990 1263 1061 1288 esse,
1080 1256 1152 1291 quod
1168 1263 1266 1283 manus
1283 1255 1351 1282 nolit
1367 1255 1471 1282 eluere.

150 1291 244 1324 ζεσθαι
262 1294 363 1321 τούτων
378 1296 536 1332 ἀνέτρεψεν,
553 1297 621 1324 ἀλλὰ
639 1299 686 1325 καὶ
712 1298 744 1325 τδ
773 1298 848 1334 νίψαι
864 1301 958 1336 χεῖρας
977 1302 1104 1337 περιττὸν
1127 1300 1197 1328 εἶναι
1219 1301 1318 1335 ἔδειξε,
1340 1302 1388 1328 καὶ
1411 1301 1451 1337 τῷ
1473 1300 1627 1336 βουλομένῳ
1648 1299 1700 1331 τὰς
1722 1299 1785 1334 χεῖ·-

151 1348 202 1376 ρας
219 1341 274 1375 (57)
284 1342 424 1370 νίπτεσθαι
441 1344 478 1380 μὴ
493 1342 564 1371 εἶναι
580 1345 693 1381 βλάϐην.

186 1387 249 1415 KB’.
270 1388 332 1421 Πῶς
350 1390 378 1416 δὲ
393 1392 456 1426 περὶ
481 1393 656 1428 κρεωφαγίας
677 1394 727 1421 οὐκ
752 1395 833 1427 εὐθὺς
853 1396 870 1431 ἡ
889 1395 938 1422 αὐ-

149 1431 204 1458 τῶν
225 1433 303 1461 ἄνοια
323 1435 534 1472 ὲλεγχθήσεται;
562 1439 672 1474 Πρῶτον
697 1439 748 1476 μὲν
763 1440 809 1467 τοῦ
834 1441 938 1476 Κυρίου

151 1479 286 1513 ἐσθίοντος
309 1482 340 1508 τὺ
360 1484 453 1520 πάσχα
470 1485 524 1512 τῶν
553 1486 703 1514 Ἰουδαίων·
727 1487 822 1523 πάσχα
843 1487 871 1514 δὲ
884 1487 938 1513 τῶν

158 1526 293 1555 Ἰουδαίων
314 1530 448 1565 πρόϐατον
472 1529 507 1567 ἦν
529 1532 576 1559 καὶ
591 1532 694 1568 ἄζυμα,
709 1533 778 1569 κρέα
801 1533 938 1569 προῦάτου

151 1571 222 1600 ὀπτὰ
242 1575 308 1610 πυρὶ
329 1575 483 1611 ἐσθιόμενα,
499 1577 537 1609 ὡς
551 1577 598 1604 καὶ
611 1579 636 1604 οι
659 1578 780 1614 μαθηταὶ
800 1578 882 1606 αὐτοῦ
895 1579 939 1605 λέ-

151 1624 248 1653 γουσι·
273 1620 335 1647 Ποῦ
359 1620 455 1655 θέλεις
477 1622 681 1658 ἑτοιμάσωμέν
704 1631 754 1651 σοι
779 1624 886 1659 φαγεῖν
904 1624 939 1652 τὸ

151 1664 271 1699 πάσχω
289 1667 344 1694 Καὶ
359 1667 440 1700 αὐτὸς
460 1669 475 1695 ὁ
490 1668 591 1704 Κύριος
605 1669 695 1703 λέγει·
726 1670 882 1698 Ἀπέλθετε
896 1672 940 1704 εις

151 1711 209 1746 τὴν
228 1713 329 1744 πόλιν,
349 1714 399 1741 καὶ
413 1715 556 1749 εὑρήσετε
576 1715 733 1750 ἄνθρωπον
749 1717 940 1749 ,βαστάζοντα

152 1758 294 1793 κεράμιον
310 1759 428 1794 ὓδατος,
446 1761 496 1788 καὶ
516 1762 744 1795 ἀκολουθήσατε
761 1762 842 1796 αὐτῷ
862 1763 939 1791 ὅπου

153 1805 269 1840 ὑπάγει,
285 1807 334 1833 καὶ
358 1807 461 1834 εἴπατε
483 1807 523 1840 τῷ
546 1808 764 1844 οἰκοδεσπότῃο
789 1809 851 1836 Ποῦ
874 1810 940 1837 ἐστι

153 1850 186 1878 τὸ
198 1852 364 1887 κατάλυμα,
381 1853 457 1880 ὅπου
473 1854 590 1888 ποιήσω
610 1855 643 1881 τὸ
663 1855 768 1889 πάσχα
783 1855 858 1889 μετὰ
881 1855 941 1882 τῶν

150 1897 291 1932 μαθητῶν
302 1907 362 1933 μου
374 1907 383 1931 ;
396 1899 448 1926 Καὶ
464 1899 555 1932 δείξει
568 1900 639 1934 ὑμῖν
651 1899 786 1934 ὑπερῷον
795 1900 941 1935 ἐστρωμέ-

152 1952 222 1970 νοιυ
246 1944 310 1971 ἐκεῖ
331 1945 517 1980 ἑτοιμάσατε.
543 1946 628 1973 Πάλιν
653 1946 681 1972 δὲ
705 1947 785 1978 αὐτὸς
805 1948 819 1974 ό
839 1947 940 1982 Κύριος

151 1987 243 2023 λέγει·
279 1989 433 2025 Ἐπιθυμίᾳ
457 1991 633 2026 ἐπεθύμησα
660 1992 748 2019 τοῦτο
779 1991 813 2019 τὸ
836 1992 941 2027 πάσχα

151 2035 257 2070 φαγεῖν
274 2036 338 2070 μεθ’
362 2036 455 2070 ὑμῶν.
475 2037 530 2064 Καὶ
552 2038 602 2064 οὐκ
626 2036 701 2064 εἶπεν
724 2037 817 2070 ἁπλῶς
836 2038 938 2073 πάσχα,

153 2080 222 2107 ἀλλὰ
237 2081 316 2107 τοῦτο
333 2081 364 2108 τὸ
382 2082 486 2117 πάσχα,
501 2082 545 2108 ἴνα
561 2083 598 2118 μή
609 2091 653 2115 τις
672 2083 820 2118 μεθοδεύσῃ
835 2084 875 2115 εἰς
891 2084 939 2119 τὴν

151 2126 249 2153 ἑαυτοῦ
265 2127 402 2154 ὑπόνοιαν.
417 2128 513 2163 Πάσχα
529 2128 557 2154 δὲ
570 2126 615 2164 ἦν,
633 2129 670 2160 ὡς
683 2127 770 2160 εἷπον,
789 2129 857 2165 κρέα
870 2129 941 2156 ὀπτὰ

152 2173 230 2208 πυρὶ,
246 2173 293 2199 καὶ
309 2173 343 2200 τὰ
359 2173 437 2201 ἄλλα.
455 2174 537 2201 Αὐτοὶ
556 2174 594 2207 δὲ,
614 2175 796 2209 ἀφανίσαντες
814 2175 861 2211 ἀφ’
878 2176 941 2202 ἐαυ-

952 1553 973 1582 C

1024 1394 1106 1424 XXII.
1136 1394 1197 1422 lam
1224 1395 1296 1430 quod
1324 1395 1359 1422 ad
1391 1402 1471 1422 usum
1502 1395 1626 1422 carnium
1659 1397 1777 1430 spectat,

989 1448 1080 1468 nonne
1093 1448 1189 1468 corum
1205 1441 1297 1469 statim
1315 1442 1434 1468 amentia
1451 1441 1642 1468 convincitur?
1659 1440 1746 1468 Primi
1755 1449 1782 1468 un

991 1485 1066 1521 quod
1079 1485 1211 1513 Dominus
1228 1485 1383 1514 Judaaorum
1407 1487 1508 1521 pascha
1532 1483 1692 1514 comederit.
1708 1487 1780 1513 Con-

990 1531 1081 1558 stabat
1093 1536 1184 1559 antem
1201 1532 1302 1567 pascha
1319 1531 1476 1559 Iudaeorum
1500 1539 1580 1567 agno,
1600 1539 1632 1559 ac
1651 1532 1710 1559 sine
1727 1531 1782 1559 ier—

990 1580 1083 1603 mento
1112 1576 1234 1604 subactis
1263 1578 1380 1612 panibus
1403 1586 1410 1605 :
1441 1577 1503 1612 agni
1540 1585 1621 1612 porro
1650 1577 1783 1605 carnibus

988 1623 1063 1650 vesci
1079 1630 1137 1651 mos
1156 1628 1215 1650 crat
1241 1623 1341 1651 assalis
1357 1623 1425 1659 igni.
1441 1623 1514 1658 quod
1539 1626 1566 1650 et
1591 1624 1706 1658 apostoli
1729 1623 1780 1658 ipsi

990 1673 1135 1696 testantur.
1159 1668 1208 1696 Ubi
1224 1669 1272 1702 vis,
1287 1669 1423 1704 inquiunt,
1444 1676 1566 1703 paremus
1583 1668 1630 1696 tibi
1645 1668 1783 1697 comedere

989 1714 1095 1742 Pascha
1105 1716 1118 1742 7
1131 1713 1237 1748 Quibus
1252 1713 1384 1741 Dominus
1398 1714 1539 1749 respondit
1556 1723 1561 1741 :
1582 1713 1625 1741 Ite
1641 1715 1666 1740 in
1683 1714 1779 1741 civita-

990 1765 1058 1793 tem;
1070 1765 1094 1788 et
1111 1761 1246 1787 invenietis
1263 1760 1392 1786 hominem
1407 1760 1561 1794 amphoram
1577 1768 1653 1795 aquw
1673 1765 1783 1794 portan-

991 1810 1052 1839 tem,
1069 1806 1208 1842 sequimini
1230 1814 1290 1833 eum
1305 1814 1455 1842 quocunque
1471 1807 1541 1837 ierit,
1559 1811 1584 1832 ct
1598 1806 1677 1832 dicite
1689 1805 1776 1840 patri-

990 1852 1108 1887 familias
1125 1859 1134 1879 .'
1152 1851 1202 1879 Ubi
1229 1857 1267 1878 est
1287 1851 1470 1884 diversorium,
1483 1852 1527 1878 ubi
1547 1852 1645 1886 pascha
1664 1859 1723 1878 cum
1736 1851 1780 1878 di-

990 1898 1098 1931 scipulis
1114 1898 1178 1924 meis
1193 1898 1315 1932 faciam.°
1337 1897 1372 1925 Et
1392 1898 1510 1925 ostendet
1529 1898 1601 1925 vobis
1616 1897 1780 1924 cwnaculum

990 1948 1102 1970 stratum
1110 1951 1119 1970 :
1126 1948 1149 1970 et
1156 1943 1192 1970 ibi
1197 1944 1311 1977 parate'.
1322 1943 1476 1978 iterumque
1483 1943 1622 1970 Dominus:
1631 1942 1779 1973 Desiderio.

991 1988 1039 2020 ait,
1048 1988 1251 2016 desideravi/ioc
1265 1989 1362 2023 pascha
1379 1988 1540 2016 manducare
1551 1989 1681 2016 vobiscum
1693 1988 1714 2015 ⁷.
1726 1987 1780 2015 Ne-

990 2041 1043 2068 que
1060 2033 1161 2069 pascha
1179 2034 1339 2069 simpliciter
1359 2034 1439 2067 dixit,
1469 2035 1517 2062 sed
1543 2035 1594 2062 hoc
1610 2034 1729 2070 pascha;
1745 2041 1784 2062 ne

991 2080 1053 2114 quis
1069 2079 1170 2106 dictum
1188 2079 1252 2106 illud
1270 2080 1384 2108 subdole
1399 2080 1432 2107 ad
1456 2081 1610 2116 opinionem
1632 2087 1708 2107 suam
1733 2087 1780 2106 ac-

991 2126 1186 2154 commodaret.
1214 2126 1252 2153 Ac
1281 2126 1384 2162 pascha
1407 2127 1474 2154 illud
1501 2134 1598 2154 carnes
1623 2129 1712 2157 erant,
1739 2126 1783 2152 uti.

992 2172 1123 2205 diximus,
1141 2173 1195 2208 igni
1211 2177 1298 2206 tostaa.
1315 2181 1376 2201 cum
1402 2174 1463 2201 aliis
1479 2173 1653 2209 quibusdam.
1678 2174 1713 2200 At
1739 2173 1778 2200 illi

151 2219 206 2246 τῶν
219 2219 268 2255 τὴν
280 2219 330 2254 τῆς
343 2220 472 2256 ἀληθείας
486 2220 657 2254 ἀκολουθίαν,
673 2221 790 2257 ἤλλαξαν
803 2222 833 2248 τὸ
849 2222 938 2258 ῥητὸν,

994 2218 1115 2245 veritatis
1137 2219 1209 2246 serie
1234 2227 1268 2246 ex
1291 2220 1401 2254 ingenio
1417 2221 1535 2252 sublata,
1552 2220 1633 2247 verba
1651 2219 1695 2246 illa
1717 2226 1781 2245 mu-

151 2266 220 2302 ὅπερ
247 2267 306 2293 ἐστὶ
333 2268 399 2293 πᾶσι
434 2267 552 2303 φανερὸν
577 2268 610 2294 ὲκ
635 2267 690 2293 τῶν
718 2267 938 2303 συνεζευγμένων

151 2312 261 2345 λέξεων.
284 2313 339 2339 Καὶ⁹
354 2313 485 2348 ἐποίησαν
503 2312 567 2344 τοὺς
585 2312 709 2348 μαθητὰς
727 2312 776 2348 μὲν
793 2312 937 2347 λέγοντας⁸

151 2357 214 2385 Ποῦ
231 2357 328 2391 θέλεις
342 2357 547 2393 ἑτοιμάσωμέν
562 2365 612 2385 σοι
634 2357 668 2384 τὸ
689 2357 795 2392 πάσχα
815 2357 940 2393 eaq-air;

152 2405 202 2431 καὶ
221 2404 302 2431 αὑτὸν
315 2404 394 2440 δῆθεν
411 2404 542 2439 λέγοντα·
567 2404 614 2440 Μὴ
630 2403 764 2440 ἐπιθυμίᾳ
778 2404 939 2440 ἐπεθύμησα

152 2451 236 2486 κρέας
251 2450 330 2477 τοῦτο
351 2450 382 2477 τὸ
404 2450 496 2486 πάσχα
511 2451 608 2485 φαγεῖν
622 2450 681 2486 μεθ’
697 2450 790 2486 ὑμῶν;
804 2450 893 2477 Πόθεν
911 2449 940 2476 δὲ

152 2498 183 2524 οὺ
199 2497 390 2533 φωραθήσεται
403 2497 419 2533 ή
435 2496 525 2524 αὐτῶν
537 2497 704 2533 ρᾳδιουργία,
719 2497 768 2532 τῆς
781 2495 941 2528 ἀκολουθίας

153 2542 319 2580 κραζούσης,
342 2544 384 2570 ὅτι
406 2543 438 2570 τὸ
461 2543 496 2579 μῦ
520 2545 567 2572 καὶ
586 2543 617 2570 τὸ
632 2541 686 2579 ἧτά
709 2544 768 2570 ἐστι
793 2542 939 2578 προσθετά.

159 2590 231 2616 ’Λντὶ
246 2590 293 2616 τοῦ
306 2588 360 2625 γὰρ
371 2590 468 2622 εἰπεῖν,
498 2589 653 2624 Ἐπιθυμίᾳ
665 2589 849 2623 ἐπεθύμησα,
864 2588 940 2614 αὐτοὶ

153 2634 328 2671 προσέθηκαν
343 2634 373 2661 τὺ
381 2634 425 2669 μὴ
442 2634 594 2671 ἐπίρρημα.
611 2634 696 2666 Αὐτὸς
711 2634 740 2661 δὲ
758 2633 865 2669 ἀληθῶς
879 2633 939 2660 ἐλε-

151 2691 210 2717 γεν,
233 2682 386 2716 ἘπιθυμΙᾳ
401 2681 576 2716 ἐπεῠόμησα
590 2680 677 2708 τοῦτο
696 2681 730 2708 τὸ
752 2680 857 2715 πάσχα
879 2688 937 2715 φα-

992 2267 1094 2296 tat-unt,
1112 2265 1185 2299 quod
1201 2268 1244 2292 est
1259 2273 1292 2293 ex
1307 2266 1464 2300 conjunctis
1488 2265 1655 2293 dictionibus
1670 2265 1779 2292 unicui-

992 2317 1045 2346 que
1057 2311 1242 2345 perspicuum.
1257 2311 1347 2344 Quare
1362 2311 1511 2347 discipulos
1529 2312 1565 2338 ita
1581 2311 1724 2346 loquentes
1739 2310 1782 2337 fa-

992 2358 1068 2387 ciunt
1081 2369 1087 2387 :
1103 2359 1153 2386 Uni
1166 2359 1204 2386 vis
1217 2367 1341 2394 paremus
1354 2360 1401 2387 tibi
1417 2360 1549 2387 comedere
1565 2359 1662 2394 pascha
1673 2361 1686 2387 7
1700 2359 1780 2386 Citri-

993 2410 1065 2434 stum
1082 2414 1147 2434 vero
1159 2406 1192 2433 ad
1210 2413 1242 2434 ea
1257 2405 1464 2441 respondentem
1477 2416 1484 2433 :
1499 2405 1624 2441 Nunquid
1641 2405 1778 2433 desiderio

991 2451 1145 2480 desideravi
1160 2452 1303 2480 c0medere
1315 2459 1427 2479 carnem
1442 2452 1494 2479 hoc
1506 2452 1605 2488 pascha
1617 2451 1778 2479 vobiscum?

990 2498 1074 2533 Atqui
1090 2498 1169 2526 l'acile
1190 2502 1233 2526 est
1252 2498 1412 2526 sceleratam
1430 2498 1501 2526 hanc
1527 2499 1635 2526 illorum
1651 2498 1776 2527 fraudem

991 2542 1127 2578 detegere,
1145 2551 1207 2571 cum
1225 2550 1257 2571 ea
1274 2551 1335 2579 qua:
1348 2548 1502 2580 sequuntur
1520 2549 1612 2580 aperte
1626 2545 1776 2577 clamitent,

994 2587 1074 2615 ambo
1087 2596 1150 2616 esse
1164 2589 1299 2616 elementa
1322 2596 1465 2623 perperam
1487 2589 1590 2622 addita,
1606 2590 1732 2618 videlicet
1757 2597 1778 2624 μ

992 2638 1019 2661 et
1034 2643 1062 2670 η.
1078 2633 1146 2661 Nam
1162 2642 1212 2669 pro
1227 2643 1261 2662 eo
1285 2636 1357 2670 quod
1374 2639 1427 2668 est,
1447 2635 1582 2664 desiderio
1609 2635 1776 2667 desideravi,

991 2680 1048 2714 isti,
1078 2681 1131 2717 μή,
1160 2681 1188 2708 id
1216 2684 1278 2714 est,
1306 2690 1379 2714 nunt,
1403 2682 1560 2710 adverbium
1584 2682 1775 2717 adjunxerunt.

189 2761 197 2776 ¹
212 2759 291 2788 Joan.
308 2768 368 2791 xm.
382 2759 399 2787 6
413 2767 473 2795 sqq.
495 2759 516 2795 κ’
536 2758 588 2786 lsa.
605 2767 681 2788 uix.
699 2759 742 2787 i3.
777 2758 787 2774 ³
800 2758 852 2787 lsa.
867 2766 942 2792 xxtx,
959 2757 1011 2793 i3;
1029 2758 1124 2788 Matth.
1139 2768 1184 2793 xv,
1200 2760 1228 2793 8,
1240 2760 1267 2788 9.
1297 2759 1402 2789 ‘Marc.
1416 2768 1464 2794 νυ,
1480 2759 1508 2788 8.
1533 2761 1544 2777 ¹
1561 2760 1654 2788 Matth.
1672 2767 1717 2792 xv,
1729 2759 1775 2787 20.

152 2796 162 2811 ⁸
180 2795 364 2830 Mandant,
386 2794 442 2823 17(
458 2794 477 2810 ⁷⁷
493 2794 558 2822 an.
576 2802 643 2826 un,
658 2795 700 2823 15.

188 2850 244 2886 (57)
263 2850 316 2878 Kal
332 2849 373 2884 τῷ
380 2850 558 2885 βουλομένῳ
570 2850 623 2884 τὰς
634 2851 743 2887 χεζοας.
765 2850 835 2888 Lege
850 2850 887 2886 τῷ
903 2850 938 2886 μὴ

991 2851 1120 2888 υλομένῳ.
