1961 3046
177 102 230 131 M3

886 104 915 131 S.
935 102 1105 131 EPIPHANII

1757 105 1814 133 444

177 163 303 190 Christus
315 170 399 198 porro
414 163 555 190 verissime
570 163 649 195 dixit,
666 163 801 191 Desiderio
818 163 969 191 desideravi

1024 163 1084 198 γεῖν
1093 165 1158 199 μεθ’
1174 164 1267 200 ὑμῶν.
1290 165 1370 191 Αὐτοὶ
1383 163 1410 191 δὲ
1421 184 1428 196 ,
1444 163 1645 199 ἐπιγράψαντες
1659 164 1690 190 τὸ
1709 164 1811 198 κρέας,

177 209 225 236 liac
245 209 345 243 pascha
371 209 530 236 manducare
557 211 697 238 vobiscum.
725 210 830 244 Quibus
858 210 970 245 insuper

178 255 340 282 vocabulum
367 256 430 288 hoc,
448 264 564 287 carnem,
586 256 761 287 addiderunt,
790 264 873 291 seque
895 257 969 291 ipsos

179 300 333 328 miserrime
357 302 533 336 deceperitnt,
555 310 615 328 cum
643 310 690 337 per
717 310 855 329 summum
879 302 970 329 scelus

183 347 335 375 adulterata
356 349 496 383 Scriptura
520 349 592 376 Iiiinc
608 349 635 376 in
660 350 769 376 modum
792 350 967 377 extulerunt:

182 393 255 420 Num
267 394 396 421 desiderio
416 395 563 422 desideravi
583 396 631 422 hoc
650 396 749 430 pascha
768 404 874 423 carnem
897 405 970 422 man-

178 439 277 467 ducare
301 441 452 469 vobiscum?
477 442 558 477 Atqui
587 443 677 477 palam
705 443 772 469 illud
802 442 967 475 ostenditur,

177 483 319 512 Christum
339 486 480 513 Dominum
498 493 525 514 et
550 489 649 522 pascha
673 489 838 521 celebrasse,
857 492 884 515 et
908 496 969 515 car-

178 538 228 558 nes
250 532 352 564 edisse,
378 533 608 567 quemadmodum
636 534 702 561 dixi.
728 533 863 561 Prmterea
887 542 919 561 ex
936 541 969 561 eo

178 578 238 605 viso
255 583 371 613 possunt
388 580 524 613 redargui,
541 579 614 615 quod
636 580 716 607 beato
736 580 817 607 Petro
833 585 969 608 monstra‘

177 626 235 650 tum
250 627 309 657 est;
326 631 389 650 cum
413 624 527 652 linteum
547 625 610 651 illud
634 624 749 658 aspexit,
777 624 803 651 in
824 631 878 659 quo
896 624 968 651 fera-

177 676 238 695 rum
254 677 286 696 ac
306 670 441 704 pecudum
459 675 485 697 et
502 671 638 705 replilium
665 678 696 697 ac
711 670 851 697 volucrum
869 678 969 706 genera

178 716 271 743 omnia
288 716 509 744 continebantur.
527 717 684 744 Secundum
706 725 766 752 quae
788 717 834 744 Dei
856 717 901 744 illa
916 725 967 744 vox

177 766 221 789 est
245 763 348 790 audita.
370 762 463 798 Surge,
477 764 575 796 occide,
596 769 620 790 et
645 766 786 790 manduca.
815 763 892 799 147
915 763 969 790 Re-

179 808 331 842 spondente
356 808 435 836 Petro
450 818 456 835 :
475 809 550 835 Absit
574 809 703 836 Domine:
718 809 784 835 nihil
801 810 870 836 enim
894 817 967 835 com-

179 862 256 881 mune
272 856 310 881 vel
323 854 488 881 immundum
502 856 610 881 intravit
625 856 651 881 in
666 864 695 882 os
711 862 814 886 meum;
835 855 966 881 Dominus

179 901 296 935 subjecit
315 909 321 926 ε
340 901 416 933 Quod
441 901 511 928 Deus
536 902 697 936 puri/ienuit,
723 906 752 928 tu
776 909 912 928 commune
937 909 968 928 ne

177 946 278 973 dixeris
292 947 311 973 ¹.
329 947 469 981 Siquidem
486 952 602 982 utroque
621 947 702 974 modo
717 947 874 975 confirmari
897 948 968 975 veri-

178 996 221 1019 tas
238 996 337 1026 potest.
360 992 423 1019 Sive
441 992 513 1019 enim
537 993 668 1025 dixerint,
687 993 719 1020 ad
736 993 827 1020 omnia
839 993 967 1020 esculen-

178 1041 268 1064 tornin
295 1045 393 1072 genera
417 1038 491 1065 Petri
513 1038 616 1066 dictum
643 1039 709 1065 illud
734 1039 879 1073 pertinere,
905 1046 966 1065 cuni

178 1083 256 1114 dicit,
275 1083 350 1110 Nihil
364 1092 479 1118 unquam
490 1092 625 1111 commune
645 1085 683 1112 vel
699 1084 880 1116 immundum;
898 1089 927 1111 ut
941 1089 968 1112 et

177 1129 273 1162 bOVCS,
298 1137 406 1164 capras,
422 1137 487 1157 Oves
517 1138 548 1157 ac
571 1131 695 1158 volucres
721 1139 881 1158 communes
907 1139 969 1159 esse

179 1176 306 1208 voluerit,
322 1176 413 1203 statim
435 1177 497 1204 illos
512 1177 586 1212 prior
602 1177 661 1212 ejus
673 1177 779 1204 vivendi
802 1178 871 1204 ratio
887 1177 969 1204 refel-

180 1223 220 1249 lit.
239 1222 324 1249 Ducta
342 1224 442 1258 quippe
460 1224 515 1258 jam
540 1231 624 1251 uxore
638 1231 700 1250 cum
723 1228 749 1251 et
766 1224 866 1252 liberos
885 1216 969 1252 habe-

180 1272 221 1295 τοι
236 1272 263 1295 et
288 1277 410 1302 socrum,
436 1277 451 1296 a
473 1269 629 1296 Iudaeorum
653 1271 822 1298 caeremoniis
848 1279 909 1298 sese
934 1271 969 1297 ad

179 1314 317 1341 Christum
336 1316 500 1350 aggregavit.
518 1316 551 1342 At
564 1315 648 1342 Judaei
664 1316 793 1344 carnibus
809 1321 967 1349 veseuntui',

180 1367 230 1387 nec
259 1368 352 1387 earum
383 1369 450 1388 usus
476 1361 546 1396 apud
573 1361 633 1389 illos
657 1362 835 1389 exsecrabilis
857 1369 898 1390 est
923 1367 969 1389 aut

182 1405 345 1440 prohibitus.
358 1406 424 1445 (Iuni
442 1406 524 1440 igitur
536 1406 614 1433 initio
629 1407 757 1434 carnibus
774 1411 906 1438 uteretur.
916 1409 970 1435 sal-

181 1456 233 1478 tem
250 1452 283 1478 ad
302 1452 328 1478 id
345 1460 431 1487 itSqiie
450 1458 567 1487 tempus,
584 1461 638 1488 quo
655 1454 682 1480 in
709 1454 848 1482 Christum
879 1455 970 1483 Domi-

1021 210 1133 242 ἑαυτοὺς
1149 211 1314 246 ὲπλάνησαν,
1333 211 1579 246 ῥᾳδιουργὴσαντες
1596 211 1642 237 καὶ
1666 210 1791 242 εἰπόντες
1802 219 1808 225 ·

1020 255 1048 282 Μ
1053 256 1069 289 ὴ
1089 256 1229 291 ἐπιθυμίᾳ
1245 258 1420 292 ἐπεθύμησα
1437 257 1525 284 τοῦτο
1544 257 1577 284 τὸ
1596 257 1702 291 πάσχα
1720 258 1812 292 κρέας

1019 301 1126 335 φαγεῖν
1146 303 1210 336 μεθ’
1227 302 1328 336 opu-ir;
1351 303 1448 337 Σαφῶς
1475 303 1503 329 δὲ
1529 303 1675 334 δείκνυται,
1702 304 1742 330 ὅτι
1762 304 1810 330 καὶ

1023 347 1114 382 πάσχα
1131 347 1285 380 ἐπετέλεσε,
1300 349 1346 374 καὶ
1363 349 1432 384 κρέα
1446 349 1594 384 βέϐρωκεν,
1611 349 1649 379 ὡς
1666 351 1808 384 προεῖπον.

1027 392 1105 419 Ἀλλὰ
1136 394 1181 419 καὶ
1206 393 1260 420 ἀπὸ
1284 393 1331 420 τοῦ
1356 395 1494 430 ὁράματος
1527 395 1735 430 ἐλεγχθήσονται
1759 395 1808 422 τοῦ

1020 438 1258 473 ἀποκαλυφθέντος
1273 439 1311 474 τῷ
1331 440 1400 474 ἁγίῳ
1422 440 1518 475 Πέτρῳ
1532 440 1576 466 διὰ
1589 442 1639 475 τῆς
1652 440 1746 476 ὀθόνης
1759 441 1810 476 τῆς

1019 484 1133 520 ἐχούσης
1148 485 1236 511 πάντα
1252 486 1280 511 ἑν
1303 486 1370 521 αὑτῇ
1388 486 1469 522 θηρία
1483 495 1511 512 τε
1529 487 1575 513 καὶ
1593 487 1689 523 κτήνη,
1705 487 1809 522 ἑρπετὰ

1019 531 1066 557 καὶ
1091 530 1212 562 πετεινὰ,
1236 532 1284 558 καὶ
1311 531 1403 566 φωνῆς
1424 532 1526 568 Κυρίου
1549 532 1690 568 λεγούσης,
1724 533 1810 559 Ἀνα-

1019 576 1104 609 στὰς,
1121 577 1226 609 θῦσον,
1246 577 1294 603 καὶ
1308 577 1392 612 φάγε.
1412 578 1467 604 Καὶ
1481 577 1527 604 τοῦ
1544 578 1647 614 Πέτρου
1666 578 1807 612 λέγοντος·

1020 622 1179 657 Μηδαμῶς,
1191 624 1280 657 Κύριε
1292 631 1300 639 ·
1316 623 1407 650 οὐδὲν
1419 623 1521 650 κοινὸν
1535 623 1552 658 ἢ
1564 624 1733 658 ἀκάθαρτον
1745 626 1809 651 εἱσ-

1019 670 1112 704 ῆλθεν
1133 671 1176 702 εἰς
1196 669 1230 696 τὸ
1253 670 1350 704 στόμα
1363 678 1422 703 μου
1434 678 1440 684 ·
1465 670 1547 705 φησιν
1562 671 1576 696 ὁ
1591 670 1709 704 Κύριος·
1733 672 1767 698 Ἃ
1792 673 1810 697 ὁ

1021 715 1092 747 Θεὸς
1106 715 1273 750 ἐκαθάρισε,
1299 715 1339 742 σὺ
1356 715 1399 749 μὴ
1420 716 1534 742 κοίνου.
1556 715 1738 750 Εὑρεθήσεται
1753 716 1809 752 γὰρ

1020 762 1052 787 ὲκ
1066 761 1111 787 δύο
1130 761 1238 797 τρόπων
1251 761 1301 796 τῆς
1315 761 1443 796 ἀληθείας
1457 763 1472 796 ἡ
1492 761 1630 793 σύστασις.
1644 761 1675 788 Εἰ
1693 762 1742 797 μὲν
1753 763 1809 797 γὰρ

1020 805 1112 841 ἐροῦσι
1129 806 1198 833 κατὰ
1220 806 1327 833 πάντων
1354 806 1505 842 βρωμάτων
1526 806 1740 842 διεξεληλυθέναι
1766 807 1810 833 λό-

1019 860 1067 886 γον
1081 852 1127 878 τὸν
1145 852 1221 886 ἅγιον
1237 852 1348 887 Πέτρον,
1361 853 1407 879 καὶ
1424 852 1522 886 λέγειν,
1535 853 1735 880 ὅτιιοὺδέποτε
1748 861 1811 879 κοι-

1018 897 1074 925 νὸν
1096 898 1114 930 ἣ
1139 897 1318 932 ἀκάθαρτον,
1343 898 1380 930 ὼς
1404 899 1449 924 καὶ
1474 898 1548 933 βόας,
1570 899 1616 925 καὶ
1644 897 1735 932 αἶγας,
1762 899 1811 925 καὶ

1019 944 1152 980 πρόϐατα,
1179 945 1226 971 καὶ
1251 945 1349 980 ὄρνεις,
1368 944 1444 971 κοινὰ
1471 945 1597 978 λέγεσθαι
1622 945 1687 980 παρ’
1712 945 1809 980 αὐτῷ·

1019 990 1100 1022 εὐθὺς
1115 988 1324 1026 ἐλεγχθήσονται
1348 991 1381 1017 ἐκ
1401 991 1450 1025 τῆς
1475 992 1610 1026 προτέρας
1634 991 1715 1018 αὑτοῦ
1740 992 1810 1018 ἀνα-

1020 1036 1148 1071 στροφῆς.
1171 1036 1248 1062 Μετὰ
1262 1036 1317 1072 γὰρ
1331 1036 1360 1063 τὺ
1377 1037 1464 1072 γῆμαι
1485 1037 1531 1063 καὶ
1546 1037 1627 1064 τέκνα
1650 1037 1809 1072 κεκτῆσθαι,

1020 1082 1066 1108 καὶ
1084 1083 1215 1118 πενθερὰν
1240 1083 1322 1118 ἔχειν,
1341 1084 1468 1118 συνέτυχε
1494 1083 1532 1116 τῷ
1556 1084 1663 1119 Σωτῆρι
1687 1084 1716 1115 ἐξ
1744 1085 1811 1110 Ἰου-

1020 1129 1103 1156 δαίων
1119 1129 1287 1166 ὁρμώμενος.
1311 1130 1429 1156 Ἰουδαῖοι
1446 1129 1474 1155 δὲ
1491 1130 1538 1155 καὶ
1560 1131 1664 1165 σάρκας
1678 1129 1809 1162 ἐσθίουσι,

1020 1176 1066 1202 καὶ
1092 1175 1251 1211 κρεωφαγία
1276 1175 1340 1210 παρ’
1367 1176 1458 1207 αὐτοῖς
1486 1176 1535 1201 οὐκ
1560 1175 1728 1206 ὲῧδέλυκται,
1749 1175 1811 1201 οὐδὲ

1020 1222 1216 1258 ἀπηγόρευται.
1253 1222 1324 1257 Ἀρα
1357 1221 1423 1256 γοῦν
1452 1221 1533 1247 αὑτοῦ
1563 1221 1730 1256 βεϐρωκότος
1761 1221 1811 1247 ἀπ’

1020 1268 1117 1303 ἀρχῆς,
1140 1268 1164 1293 εί
1189 1268 1235 1294 καὶ
1259 1267 1311 1298 ἕως
1331 1266 1377 1293 τοῦ
1404 1267 1566 1301 συναντῆσαι
1591 1267 1629 1301 τῷ
1648 1267 1753 1301 Σωτῆρι
1768 1265 1812 1292 εἴ-

1021 1314 1097 1348 ποιμ’
1127 1313 1171 1345 ἂν,
1197 1313 1383 1348 δειχθήσεται,
1407 1313 1447 1339 ὃτι
1470 1312 1545 1339 οὐδὲν
1572 1313 1661 1339 κοινὸν
1688 1313 1814 1348 ἡγήσατο

1020 1359 1073 1386 τῶν
1086 1360 1116 1386 οὐ
1130 1359 1228 1386 κοινῶν
1250 1359 1414 1394 λεγομένων.
1432 1360 1486 1385 Καὶ
1502 1359 1556 1394 γὰρ
1569 1359 1599 1385 οὐ
1619 1352 1689 1385 κατὰ
1702 1358 1814 1384 πάντων

1020 1406 1163 1440 διεξήγαγε
1179 1405 1210 1432 τὸ
1235 1405 1322 1432 κοινὸν
1346 1406 1392 1432 καὶ
1414 1405 1577 1440 ἀκάθαρτον,
1597 1404 1664 1430 ἀλλὰ
1688 1403 1751 1438 περὶ
1774 1399 1815 1429 ὧν

1022 1452 1112 1487 ἔλεγεν
1137 1453 1150 1478 ὁ
1172 1452 1253 1487 νόμος
1280 1451 1375 1478 κοινῶν
1401 1451 1448 1477 καὶ
1473 1450 1644 1485 ἀκαθάρτων.
1675 1449 1760 1475 Πάλιν
1783 1449 1814 1475 δὲ

180 1504 245 1523 num
268 1497 371 1529 incidit,
388 1497 561 1524 manifestum
576 1502 618 1525 est
631 1498 697 1525 nihil
712 1499 798 1530 illum,
812 1500 884 1534 quod
899 1507 970 1526 eom-

1024 1501 1117 1527 τούτου
1136 1500 1298 1535 δειχθέντος,
1316 1500 1358 1526 ὅτι
1382 1499 1412 1525 οὐ
1437 1499 1501 1532 περὶ
1526 1499 1633 1524 πάντων
1653 1497 1706 1523 τῶν
1723 1496 1815 1532 κρέων

180 1551 262 1570 inuiie
279 1551 332 1570 non
347 1548 432 1576 esset,
450 1551 499 1577 pro
515 1546 653 1571 communi
665 1545 793 1572 habuisse
809 1555 814 1572 :
834 1553 888 1572 non
900 1546 971 1573 enim

180 1596 276 1616 omnes
285 1589 361 1615 cibos
372 1589 525 1617 communis
539 1590 726 1625 ininiundique
740 1599 806 1618 voce
814 1592 972 1626 complexus

181 1639 233 1666 est,
250 1635 297 1662 sed
314 1643 383 1669 quos
394 1636 528 1669 ejusmodi
542 1644 602 1663 esse
613 1637 655 1663 lex
667 1637 724 1671 ipsa
736 1637 889 1664 deﬁnierat.
904 1637 972 1665 Cum

182 1681 266 1715 igitur
278 1686 394 1712 constet,
404 1690 457 1708 non
467 1682 500 1709 de
515 1682 721 1710 umiiicarnium
739 1691 836 1718 genere
851 1684 972 1711 locutum

181 1734 242 1754 esse
253 1726 374 1759 Petrum,
386 1731 414 1754 ut
423 1736 516 1755 omnes
525 1736 586 1755 esse
596 1736 754 1756 communes
763 1729 874 1761 diceret,
883 1730 928 1757 sed
941 1730 974 1757 de

183 1773 216 1799 iis
228 1781 296 1808 quas
307 1781 369 1800 esse
384 1782 542 1800 communes
560 1774 767 1808 iinmundasqiie
784 1776 826 1803 lex
841 1776 973 1808 edixerat,

183 1818 256 1846 Dens
264 1822 365 1846 saiictte
372 1819 473 1847 Christi
486 1819 613 1846 Ecclesia:
624 1825 716 1847 notam
729 1820 898 1856 formamque
910 1830 975 1857 pra:-

183 1866 317 1898 scribens,
334 1873 478 1892 commune
495 1865 644 1901 quidquam
665 1868 801 1902 appellare
825 1869 973 1902 prohibuit.

183 1910 281 1937 Omnia
292 1910 392 1945 quippe
409 1918 475 1945 pura
488 1915 562 1943 sunt,
578 1912 600 1938 si
614 1919 675 1938 cum
691 1912 798 1940 actione
810 1914 972 1948 gratiarum,

183 1956 287 1991 Deique
303 1956 492 1984 benedictione
505 1962 658 1984 sumantur.
669 1958 741 1991 Quin
757 1960 838 1987 etiam
856 1961 975 1988 vocatio-

184 2011 245 2030 nem
259 2003 379 2039 gentium
396 2003 482 2032 visum
495 2004 560 2031 illud
575 2004 766 2039 adumbrabat,
790 2014 824 2033 ne
842 2008 973 2041 przeputio

184 2050 311 2084 praeditos
339 2057 498 2077 communes
526 2050 703 2085 impurosque
731 2056 865 2079 censeret.
881 2053 974 2086 Quan-

1024 1547 1099 1582 αὐτῷ
1119 1547 1222 1580 ἔλεγεν,
1239 1546 1276 1577 ὼς
1299 1545 1395 1572 κοινῶν
1413 1547 1520 1571 πάντων
1543 1545 1637 1575 ὄντων,
1662 1543 1730 1569 ἀλλὰ
1747 1544 1816 1578 περὶ

1024 1594 1078 1621 τῶν
1099 1594 1127 1620 ἐν
1153 1593 1192 1628 τῷ
1215 1594 1289 1628 νόμῳ
1303 1592 1401 1619 κοινῶν
1418 1601 1446 1618 τε
1468 1593 1515 1618 καὶ
1530 1591 1702 1626 ἀκαθάρτων,
1718 1590 1731 1615 ὸ
1747 1589 1816 1621 Θεὸς

1024 1641 1073 1676 τῆς
1089 1641 1169 1675 ἁγίας
1193 1640 1310 1675 Χριστοῦ
1333 1638 1497 1673 Ἑκκλησὶας
1519 1637 1564 1664 τὸν
1587 1637 1747 1672 χαρακτῆρα
1761 1644 1816 1663 πα-

1027 1688 1157 1723 ραδιδοὺς,
1174 1687 1265 1721 ἔλεγεν
1282 1684 1355 1720 αὐτῷ
1372 1684 1453 1719 μηδὲν
1471 1683 1558 1710 κοινον
1571 1682 1704 1718 ἡγεῖσθαι.
1721 1680 1815 1707 Πάντα

1025 1735 1079 1770 γάρ
1099 1735 1156 1760 ἐστι
1180 1732 1298 1767 καθαρὰ,
1326 1731 1394 1767 μετὰ
1417 1729 1589 1765 εὐχαριστίας
1617 1728 1662 1754 καὶ
1689 1727 1816 1761 εὐλογίας

1025 1778 1092 1806 Θεοῦ
1116 1778 1319 1813 λαμϐανόμενα.
1355 1775 1435 1802 Ἀλλὰ
1463 1776 1509 1802 καὶ
1535 1773 1663 1809 περὶτῆς
1692 1773 1817 1807 κλήσεως

1025 1827 1079 1853 τῶν
1096 1825 1179 1852 ἐθνῶν
1195 1825 1225 1850 τὸ
1241 1825 1354 1857 αἴνιγμα
1371 1821 1452 1857 εἶχεν,
1474 1822 1517 1847 ἵνα
1536 1821 1573 1855 μὴ
1592 1820 1729 1855 ἡγήσηται
1752 1818 1817 1849 τοὺς

1026 1872 1055 1898 ὲν
1068 1870 1234 1906 ἀκροϐυστίᾳ
1248 1869 1352 1900 κοινοὺς
1365 1868 1381 1903 ἢ
1397 1867 1578 1903 ἀκαθάρτους.
1588 1867 1682 1900 Ὅμως
1698 1866 1713 1900 ή
1729 1864 1817 1899 ἔμφα-

1027 1926 1069 1949 σις
1084 1916 1130 1943 τοῦ
1145 1916 1248 1951 Πέτρου
1266 1916 1296 1941 οὐ
1308 1915 1371 1950 περὶ
1385 1913 1528 1949 ἀνθρώπου
1544 1911 1599 1947 εἷχε
1612 1911 1660 1947 τὴν
1675 1911 1816 1941 ὑπόνοιαν,

1026 1962 1094 1990 ἀλλὰ
1113 1961 1243 1998 περὶτῶν
1258 1962 1287 1988 ὲν
1307 1960 1345 1996 τῷ
1362 1960 1436 1995 νόμῳ
1453 1958 1693 1994 ἀπηγορευμένων,
1715 1957 1752 1988 ὡς
1770 1956 1818 1982 καὶ

1028 2008 1109 2035 παντί
1123 2017 1161 2043 τῳ
1176 2007 1259 2041 σαφὲς
1274 2006 1306 2033 ἂν
1324 2006 1366 2041 εἴη
1377 2013 1383 2020 ·
1401 2005 1449 2032 καὶ
1465 2005 1592 2036 ἐξέπεσεν
1608 2002 1696 2030 αὐτῶν
1715 2009 1819 2028 παντα-

1028 2055 1106 2091 χόθεν
1124 2056 1138 2081 ὁ
1156 2052 1280 2088 ληρώδης
1294 2052 1382 2084 λόγος.

184 2102 264 2128 quam
280 2094 385 2129 objecta
403 2095 447 2121 illa
462 2094 542 2123 Petro
551 2096 655 2130 species
667 2104 720 2123 non
733 2097 768 2124 ad
783 2098 976 2133 signiﬁcandos
986 2104 1120 2132 homines,
1129 2100 1175 2128 sed
1185 2099 1217 2126 ad
1235 2107 1265 2126 ea
1273 2106 1333 2133 qua:
1349 2098 1406 2132 lege
1415 2101 1492 2123 erant
1506 2095 1649 2122 interdicta
1660 2093 1818 2129 spectabat;

185 2140 212 2167 id
227 2141 299 2177 quod
313 2147 437 2169 constare
451 2142 562 2169 cuilibet
574 2147 670 2177 potest.
692 2143 730 2170 Ita
747 2146 866 2180 undique
882 2151 1026 2183 nugatoria
1042 2157 1073 2176 ac
1095 2147 1162 2175 levis
1179 2146 1288 2173 illorum
1305 2144 1398 2178 opinio
1415 2142 1542 2169 concidat
1559 2148 1670 2167 necesse
1684 2143 1737 2166 est.

221 2190 313 2218 XXIII.
340 2191 420 2218 Iidem
452 2193 635 2226 apostolorum
667 2193 795 2228 nomina,
827 2203 880 2230 quo
905 2196 972 2224 faci-

1067 2197 1130 2224 KI".
1154 2195 1213 2221 Τῶν
1229 2193 1257 2219 δὲ
1274 2191 1429 2219 ἀποστόλων
1451 2190 1486 2217 τὰ
1500 2190 1619 2224 ὀνόματα
1635 2190 1674 2219 εἰς
1697 2188 1746 2223 τὴν
1765 2186 1821 2213 τῶν

186 2239 238 2265 lius
251 2242 399 2266 sectatores
411 2246 475 2266 suos
488 2239 636 2273 pelliciaiit,
650 2247 697 2273 per
709 2239 910 2269 simulationem
929 2243 976 2270 ad-

186 2285 308 2317 mittunt,
324 2285 423 2320 quibus
445 2285 527 2311 etiam
549 2285 680 2312 conﬁctos
700 2287 832 2320 quosdam
853 2295 868 2314 a
893 2297 921 2316 se
945 2289 978 2316 li-

187 2331 252 2358 bros
269 2330 432 2362 inscribunt,
460 2331 533 2358 velut
553 2339 568 2357 a
585 2330 697 2364 Jacobo,
714 2331 851 2365 Mattlimo,
867 2342 898 2361 ac
915 2335 980 2362 i'eli-

188 2377 251 2411 quis
274 2376 417 2410 discipulis
443 2376 540 2403 editos.
574 2376 646 2404 Inter
674 2386 734 2412 qua:
756 2377 870 2406 Joannis
898 2380 979 2407 etiam

189 2420 305 2454 apostoli
328 2428 428 2447 nomen
455 2420 622 2452 admiscent,
648 2430 702 2456 quo
731 2431 824 2450 eorum
854 2424 981 2451 vecordia

189 2467 274 2501 possit
289 2474 322 2493 ex
343 2467 417 2493 omni
438 2470 515 2500 parte
535 2466 711 2501 deprehendi.
731 2469 798 2496 Nam
817 2479 870 2497 non
886 2479 919 2498 eo
936 2478 981 2498 so-

190 2514 245 2540 liiin
261 2513 322 2539 illos
339 2513 436 2547 arguit,
453 2513 524 2547 quod
540 2513 607 2540 dixit
621 2524 627 2542 :
647 2514 680 2542 In
696 2517 824 2551 principio
840 2522 896 2544 erat
919 2517 982 2545 Ver-

191 2559 261 2589 bum.
277 2563 301 2585 et
320 2558 432 2586 Verbum
449 2565 506 2586 erat
521 2561 590 2596 apud
606 2561 699 2591 Deum,
717 2568 742 2589 et
760 2563 828 2591 Deus
843 2569 901 2590 erat
917 2564 981 2591 Ver-

192 2605 252 2631 bum
267 2606 277 2620 ‘
296 2614 302 2632 :
322 2613 415 2633 verum
439 2606 522 2633 etiam
547 2607 619 2642 quod
643 2608 743 2642 quibus
762 2609 841 2645 148
867 2610 893 2636 in
914 2610 982 2637 locis

192 2652 279 2679 sancti
295 2651 413 2686 Spiritus
432 2652 562 2680 instinctu
583 2661 642 2688 quae
658 2662 673 2680 a
694 2654 802 2682 Christo
820 2655 934 2683 Domino
949 2656 982 2683 de

193 2697 313 2732 quolibet
333 2703 492 2732 argumento
511 2700 614 2734 prolata
640 2705 714 2732 sunt,
739 2705 866 2729 accurate
890 2709 983 2736 prose-

192 2744 308 2779 quitur;
338 2744 491 2772 divinoriim
520 2746 713 2781 prophetarum
742 2747 906 2776 testimoniis
932 2748 984 2775 uti-

232 2825 240 2840 '
257 2825 315 2852 Act.
336 2833 361 2856 x.
378 2826 408 2853 15
420 2834 480 2862 sqq.
521 2827 529 2842 '
547 2825 625 2853 Ionii.
644 2833 662 2858 I,
685 2825 707 2851 l.

1029 2242 1213 2279 ἠπατημένων
1230 2239 1275 2265 ὑπ’
1293 2238 1383 2265 αὐτῶν
1403 2236 1490 2263 πειθὼ
1514 2235 1704 2271 προσποιητὼς
1725 2233 1821 2268 δέχον-

1029 2297 1084 2320 ται,
1102 2287 1209 2323 pacton,-
1230 2294 1260 2312 τε
1277 2285 1306 2317 ἐξ
1329 2278 1459 2319 ὅνόματος
1481 2281 1569 2309 αὐτῶν
1584 2281 1751 2316 πλασάμενοι
1771 2280 1822 2306 ἀν-

1030 2334 1194 2369 εγράψαντο,
1209 2331 1287 2366 δῆθεν
1302 2331 1355 2357 ἀπὸ
1371 2328 1517 2365 προσώπου
1532 2327 1670 2359 Ἰακώϐου,
1681 2326 1727 2352 καὶ
1741 2326 1823 2352 Ματ-

1032 2379 1108 2406 θαίου
1119 2399 1126 2412 ,
1143 2379 1189 2405 καὶ
1210 2377 1296 2404 ἄλλων
1317 2374 1456 2411 μαθητῶν.
1473 2374 1518 2400 Ἐν
1535 2371 1575 2404 οἷς
1598 2372 1712 2406 ὀνόμασι
1729 2371 1776 2397 καὶ
1791 2370 1824 2397 τὸ

1032 2424 1117 2459 ὄνομα
1135 2423 1258 2450 Ἰωάννου
1275 2421 1322 2448 τοῦ
1343 2419 1491 2447 ἀποστόλου
1514 2417 1761 2452 ὲγκαταλέγουσιν,
1779 2416 1824 2442 ἵνα

1034 2469 1201 2504 πανταχόθεν
1217 2467 1329 2504 φωρατὴ
1343 2467 1456 2501 γένηται
1475 2466 1491 2500 ἡ
1510 2463 1600 2491 αὐτῶν
1615 2464 1701 2490 ἄνοια.
1719 2462 1755 2489 Οὐ
1774 2462 1824 2497 μό-

1033 2525 1078 2543 νον
1092 2516 1146 2551 γὰρ
1163 2515 1269 2550 ἐλέγχει
1285 2514 1384 2543 αὐτοὺς
1404 2511 1474 2539 κατὰ
1495 2511 1584 2538 πάντα
1600 2510 1710 2545 τρόπον,
1725 2508 1823 2542 λέγων,

1034 2564 1074 2590 ὅτι
1100 2563 1148 2589 Ἐν
1164 2561 1243 2596 ἀρχῇ
1261 2559 1300 2595 ἦν
1323 2562 1339 2587 o'
1361 2560 1466 2594 Λόγος,
1486 2558 1535 2585 καὶ
1555 2559 1570 2584 ό
1591 2554 1736 2591 Λόγος-ἦν
1749 2555 1826 2589 πρὶς

1034 2609 1088 2636 τὸν
1104 2607 1188 2640 Θεὸν,
1207 2607 1256 2634 καὶ
1272 2606 1342 2639 Θεὸς
1359 2604 1399 2641 ἦν
1413 2607 1429 2632 ὀ
1443 2605 1537 2639 Λόγος
1548 2612 1556 2620 ο
1575 2603 1642 2630 ἀλλὰ
1657 2602 1704 2628 καὶ
1720 2601 1761 2627 ὅτι
1776 2600 1826 2631 τὰς

1036 2654 1089 2682 τῶν
1103 2654 1188 2688 ἁγίων
1204 2653 1351 2689 προφητῶν
1368 2650 1528 2687 μαρτυρίας,
1546 2650 1574 2676 ὲν
1587 2646 1609 2682 ᾧ
1623 2649 1654 2674 ὲκ
1666 2647 1827 2682 Πνεύματος

1038 2700 1115 2734 ἁγίου
1132 2699 1301 2735 ὁρμώμενος,
1317 2699 1363 2724 καὶ
1376 2698 1411 2723 τὰ
1426 2696 1478 2723 ὑπὸ
1491 2695 1536 2722 τοῦ
1551 2694 1677 2729 Σωτῆρος
1694 2691 1828 2727 εἰρημένα

1039 2746 1128 2774 καλῶς
1145 2745 1361 2781 ἁκοιϐολογήσας
1384 2744 1448 2780 περὶ
1471 2742 1589 2778 ἑκάστης
1610 2739 1764 2770 ὑποθέσεως
1777 2739 1828 2773 τῆς

1727 2831 1751 2851 ο
