1961 3046
180 155 231 182 445

512 153 697 181 ADVERSUS
712 153 769 181 ΗΑΒ
778 153 889 181 ΠΕΞΕΞ
909 153 962 180 LIB

1036 153 1118 180 ΤΟΜ.
1139 153 1170 180 ll.
1191 169 1224 174 —
1246 154 1381 183 HAERES.
1402 155 1484 185 XXX.

1751 157 1805 187 440

180 214 219 245 εἰς
243 211 358 247 Χριστὸν
375 211 573 247 πληρωθείσης,
588 211 625 243 ὡς
641 209 727 243 εἷπον,
745 211 794 243 τὰς
812 211 962 247 μαρτυρίας

1015 215 1079 242 ιιιι-;
1104 219 1172 246 quius
1198 213 1235 239 illi
1261 220 1277 239 a
1302 213 1400 248 seipsis
1429 213 1632 248 abjudicarunt.
1655 213 1711 241 Hoc
1730 215 1804 242 enim

181 259 302 292 εξέθετο·
326 258 372 292 ἀφ’
386 254 422 284 ὧν
444 258 590 293 προφητῶν
617 255 689 284 οὗτοι
712 258 824 289 ἑαυτοὺς
846 258 965 292 ἀπηλλο-

183 305 308 340 τρίωσαν.
323 303 378 330 Καὶ
394 302 474 334 εὐθὺς
498 302 598 335 ἔδειξεν
608 323 615 335 ,
634 303 671 335 ὡς
687 305 742 334 τοῖς
757 303 824 338 πρὸς
838 303 966 337 Ἰωάννην

183 350 225 376 τὸν
241 349 395 383 Βαπτιστὴν
412 349 465 374 ὑπὸ
487 348 541 375 τῶν
563 348 718 384 Φαρισαίων
742 349 904 383 πεμφθεῖσιν
918 349 966 374 αὒ-

179 396 224 428 τὺς
239 395 365 430 Ἰωάννης
379 394 564 430 ἀποκρίνεται,
577 394 674 428 λέγων’
687 394 762 428 Ἐγὼ
772 394 856 429 φωνὴ
869 394 966 426 βοῶν-

179 451 230 475 τος
247 442 281 468 ὲν
301 440 338 474 τῇ
361 440 475 475 ἐρήμην
492 440 644 467 Εὐθύνατε
665 440 723 474 τὴν
750 439 821 466 ὁδὸν
844 440 964 474 Κυρίου·

179 486 275 518 καθὼς
291 484 374 512 εἶπεν
394 485 515 517 Ἡσαΐας
532 486 548 510 ὁ
568 483 722 519 προφήτης
732 504 738 511 ,
752 484 806 511 Καὶ
819 484 899 511 πάλιν
915 485 964 510 αὐ-

183 533 225 564 τὸς
238 533 252 558 ό
268 532 393 567 Ἰωάννης
410 531 494 565 λέγει,
512 530 565 557 ἀπὸ
580 530 634 557 τῶν
652 531 800 566 προφητῶν
815 529 903 557 λαϐὼν
916 530 965 566 τὴν

180 577 344 614 μαρτυρίαν,
362 577 433 612 φημὶ
454 577 482 603 δὲ
504 576 557 602 ἀπὸ
573 576 619 603 τοῦ
644 576 734 607 Δαΰὶδ,
762 576 805 602 ὅτε
829 577 843 602 ὁ
863 575 965 611 Κύριος

178 625 228 656 τὰς
255 623 394 658 τραπέζας
419 622 472 649 τῶν
498 621 680 648 κολλυϐιστῶν
709 621 896 656 κατέστρεψε,
918 622 965 648 καὶ

179 667 254 695 εἷπε·
272 667 321 702 Μὴ
338 666 442 701 ποιῆτε
458 667 509 693 τὸν
524 664 607 693 οἶκον
620 665 673 692 τοῦ
686 666 800 699 Πατρός
814 675 871 696 μου
883 664 965 693 οἷκον

178 713 322 748 ἐμπορίου
339 721 345 727 ·
357 712 563 748 Ἐμνήσθησαν,
584 712 626 737 ὁτι
647 709 682 747 ἦν
701 711 906 747 γεγραμμένον·
935 711 966 738 '0

1017 257 1108 283 statim
1137 258 1213 285 initio
1237 259 1414 291 demonstrat,
1438 259 1568 287 Joannem
1596 260 1744 295 Baptistam
1770 261 1804 288 iis

1017 310 1086 336 quos
1096 303 1128 330 ad
1141 311 1170 331 se
1184 303 1312 331 Pharisaei
1331 305 1643 340 miserantrespondisse
1659 315 1666 332 :
1684 306 1739 341 Ego
1756 314 1805 334 vos:

1017 348 1157 375 clamantis
1176 350 1203 376 in
1218 349 1340 376 deserto:
1356 349 1468 384 Dlrigite
1489 352 1558 378 viam
1587 351 1694 378 Domini
1719 353 1805 379 :sicut

1018 394 1081 420 dicit
1097 393 1184 421 Isaias
1199 395 1325 429 propheta
1339 397 1361 422 ².
1377 394 1478 423 Deinde
1500 396 1597 424 iisdem
1615 405 1649 424 ex
1666 398 1804 432 prophetis

1018 440 1089 467 aliud
1113 441 1298 468 testimonium
1323 441 1441 469 Joannes
1470 442 1592 474 adducit,
1618 442 1747 470 nimirum
1772 451 1806 471 ex

1018 485 1127 519 Davide,
1137 494 1197 514 cum
1211 487 1341 514 Dominus
1349 488 1594 515 nummulariorum
1603 497 1712 517 mensas
1726 497 1806 517 ever-

1018 531 1060 563 tit,
1075 539 1107 559 ac
1123 531 1190 559 dixit
1210 541 1217 558 :
1244 532 1335 559 Nolite
1355 534 1442 567 facere
1455 534 1562 560 domum
1581 533 1671 562 Patris
1687 536 1737 562 mei
1755 535 1806 562 do~

1018 585 1088 604 mum
1104 578 1287 612 negotiationis
1301 579 1321 605 ³.
1340 579 1497 607 Meminisse
1518 580 1590 607 enim
1613 580 1651 606 ait
1668 581 1807 615 apostolos

1018 623 1089 657 quod
1102 628 1159 650 eral
1174 624 1304 658 scriptum
1319 633 1326 649 :
1341 623 1419 651 Zelus
1431 625 1524 652 domus
1538 630 1589 652 tum
1600 626 1711 652 comedit
1732 634 1772 652 me
1783 626 1805 652 ‘.

1018 668 1057 695 Ac
1073 676 1181 696 rursum
1195 669 1266 696 idem
1280 669 1398 697 Joannes
1412 670 1452 697 sic
1471 670 1591 706 loquitur
1604 680 1610 698 :
1632 671 1700 698 Vidit
1719 670 1808 697 Isaias

1018 714 1045 740 in
1065 713 1166 748 Spiritu
1183 720 1274 741 sancta
1290 715 1311 741 ⁵.
1730 714 1733 716 ’

179 759 269 794 ζῆλος
281 758 333 785 τοῦ
347 757 431 784 οἴκου
447 765 504 784 σου
522 756 667 791 κατέφαγέ
683 765 730 792 με.
749 757 803 783 Καὶ
819 756 898 784 πάλιν
922 757 1002 789 αὐτὸς
1017 758 1142 791 Ἰωάννης
1159 757 1251 792 εἶπεν,
1274 760 1314 786 ὅτι
1336 761 1458 793 Ἡσαΐας
1485 759 1565 788 εἶδεν
1593 760 1636 788 ὢν
1651 761 1687 788 ἐν
1714 761 1807 788 Hrod-

177 813 247 840 ματι
262 803 345 838 ἁγίῳ.

215 850 277 877 KA'.
295 849 381 876 Πάλιν
394 849 423 875 δὲ
437 849 451 875 ὁ
466 848 546 879 αὐτὸς
560 848 616 883 (38)
633 848 709 882 ἆγιος
722 848 848 884 Ἰωάννης
864 848 962 884 κηρύτ·

1052 847 1146 876 XXIV.
1172 849 1301 876 Praeterea
1332 857 1394 877 cum
1422 850 1450 877 in
1477 850 1539 878 Asia
1560 852 1733 885 praedicando
1761 853 1808 881 Dei

178 905 233 922 των
250 896 279 921 ἐν
294 897 327 930 τῇ
344 895 422 929 Ἀσίᾳ
443 884 588 930 ἱστορεῖται
611 894 762 929 παράδοξον
778 893 856 930 ἔργον
874 903 900 921 τι
915 903 965 921 πε-

180 941 301 978 ποιηκὼς
322 941 362 973 εἰς
388 940 567 975 ὑπογραμμὸν
589 940 639 975 τῆς
663 940 800 976 ἀληθείας.
827 940 966 967 Πολιτείαν

179 987 233 1022 γὰρ
250 987 319 1022 ἔχων
335 985 564 1021 θαυμασιωτάτην
587 985 634 1012 καὶ
653 986 864 1022 συμπρέπουσαν
884 985 965 1012 αὐτοῦ

178 1034 218 1069 τῷ
232 1032 366 1068 ἀξιώματι
380 1032 429 1067 τῆς
443 1031 604 1065 ἀποστολῆς,
621 1032 668 1058 καὶ
690 1032 749 1067 μηδ¹
767 1032 834 1063 ὅλως
855 1032 966 1067 λουόμε-

179 1088 235 1111 νος,
252 1077 412 1113 ἠναγκάσθη
429 1078 482 1104 ὑπὸ
496 1077 543 1103 τοῦ
561 1077 639 1111 ἁγίου
653 1078 810 1112 Πνεύματος
828 1078 966 1113 προελθεῖν

179 1125 232 1156 ἕως
245 1133 295 1150 του
310 1122 461 1159 βαλανείου,
478 1122 577 1154 εἰπὼν,
593 1123 633 1149 ὅτι
652 1122 761 1150 Λάϐεῖέ
781 1132 829 1157 μοι
844 1124 880 1150 τὰ
893 1124 966 1158 πρὸς

176 1169 354 1201 βαλανεῖον.
378 1167 433 1195 Καὶ
461 1168 514 1194 τῶν
542 1168 730 1203 συνεπομένων
757 1168 964 1203 θαυμαζόντων,

177 1212 260 1248 ἦλθεν
281 1213 321 1244 εὶς
342 1213 408 1239 αὐτὸ
420 1213 450 1239 τὸ
465 1213 585 1248 λουτρόν.
601 1213 655 1239 Καὶ
671 1213 814 1248 γενόμενος
837 1214 905 1249 πρὸς
921 1214 966 1241 τὸν

179 1259 293 1286 εἰωθότα
317 1258 495 1294 ὑποδέχεσθαι
527 1258 581 1285 τῶν
609 1258 761 1294 λουομένων
789 1259 824 1286 τὰ
852 1260 964 1295 ἱμάτια,

178 1306 259 1341 ἤρετο
275 1305 317 1337 τίς
337 1304 413 1331 ἔνδον
430 1305 502 1331 ἐστὶν
522 1305 552 1331 ὲν
572 1304 611 1340 τῷ
638 1304 781 1340 βαλανείῳ·
804 1306 817 1332 ὁ
841 1305 869 1331 δὲ
891 1306 967 1333 ὀλεά-

180 1359 236 1385 ριος
249 1351 314 1385 (59),
338 1350 385 1376 ἐπὶ
406 1349 445 1385 τῷ
466 1350 608 1384 φυλάττειν
637 1350 731 1384 ἱμάτια
754 1351 966 1386 προσκαρτερῶν

179 1398 219 1432 (ἐν
235 1398 291 1428 τοῖς
309 1396 362 1433 γὰρ
377 1397 538 1432 γυμνασίοις
557 1396 636 1431 ἔργον
657 1395 735 1423 τοῦτό
759 1405 829 1423 τισιν
848 1397 966 1432 ὑπάρχει

179 1442 312 1478 πορισμοῦ
328 1442 409 1469 ἕνεκα
425 1442 475 1477 τῆς
486 1442 765 1478 ὲφημέρουπροφῆς),
778 1442 829 1477 ἔφη
845 1442 884 1478 τῷ
898 1443 967 1478 ἀγίῳ

185 1488 307 1524 Ἰωάννῃ,
328 1488 369 1514 ὅτι
384 1487 480 1514 Ἐϐίων
502 1487 574 1513 ἔνδον
594 1487 676 1513 ἐστίν.
695 1487 821 1522 Ἰωάννης
834 1487 872 1518 δὲ,
887 1487 966 1519 εὐθὺς

180 1534 268 1565 συνεὶς
279 1533 328 1568 τὴν
339 1533 384 1559 τοῦ
398 1533 474 1567 ἁγίου
489 1532 645 1568 Πνεύματος
657 1533 776 1568 ὁδηγίαν,
788 1533 821 1559 δι’
833 1534 865 1568 ἢν
877 1534 964 1560 αἰτίαν

179 1580 368 1616 προὺτρέψατο
393 1579 472 1607 αὑτὸν
495 1579 547 1610 ἕως
571 1580 617 1606 τοῦ
644 1579 785 1614 βαλανείου
814 1580 902 1614 ἣκειν,
927 1581 965 1612 ὡς

179 1626 265 1662 ἔφην,
291 1627 399 1662 μνήμης
421 1625 502 1652 ἕνεκα
521 1625 567 1652 τοῦ
589 1625 747 1652 καταλιπεῖν
764 1627 829 1661 ἡμῖν
851 1626 899 1661 τὴν
915 1627 963 1662 τῆς

178 1672 307 1707 ἀληθείας
322 1671 459 1703 ὑπόθεσιν,
479 1671 520 1697 ὅτι
540 1671 612 1702 τίνες
625 1671 692 1697 εἰσὶν
705 1672 728 1697 οἱ
745 1671 830 1697 δοῦλοι
845 1671 963 1707 Χριστοῦ

178 1718 226 1744 καὶ
238 1717 378 1744 ἀπόστολοι
391 1717 438 1743 καὶ
453 1717 506 1743 υἱοὶ
520 1717 569 1752 τῆς
581 1717 663 1751 αὐτῆς
678 1717 804 1751 ἀληθείας
820 1717 844 1732 ¹·
859 1717 919 1743 τίνα
934 1717 964 1743 δέ

178 1765 236 1790 ἐστι
259 1764 293 1790 τὰ
311 1763 395 1798 σκεύη
414 1763 462 1789 τοῦ
480 1762 616 1798 πονηροῦ,
641 1763 690 1789 καὶ
713 1763 804 1790 πύλαι
828 1763 901 1796 ᾄδοι)
919 1763 962 1797 μὴ

177 1809 395 1844 κατισχύουσαι
418 1808 473 1842 τῆς
497 1808 624 1842 πέτρας,
651 1808 700 1835 καὶ
726 1808 781 1842 τῆς
801 1809 847 1835 ἐπ’
870 1809 964 1843 αὐτῆς

177 1854 423 1889 οὶκοδομηθείσης
449 1854 535 1888 ἁγίας
560 1854 634 1880 Θεοῦ
662 1854 860 1888 Ἐκκλησίας·
882 1855 963 1887 εὐθὺς

176 1900 295 1936 ταράξας
314 1900 419 1932 ἑαυτὸν,
443 1900 490 1926 καὶ
506 1899 625 1934 οἰμώξας
645 1899 736 1935 ἡρέμα
751 1901 792 1931 εἰς
813 1901 844 1926 τὸ
861 1901 962 1932 πάντας

177 1946 304 1977 ἀκοῦσαι,
327 1946 367 1976 εἰς
389 1945 538 1981 μαρτύριον
557 1945 754 1981 παραστάσεως
772 1946 906 1980 ἀχράντου
922 1946 963 1973 δι-

176 1991 333 2023 δασκαλίας,
357 1992 528 2023 Σπεύσατε,
551 1991 687 2025 ἀδελφοὶ,
711 1991 778 2026 ἔφη,
795 1991 962 2026 ἐξέλθωμεν

175 2037 324 2067 ἐντεῦθεν,
335 2037 377 2070 μὴ
390 2037 468 2070 πέσῃ
486 2037 517 2063 τὸ
529 2036 705 2068 βαλανεῖον,
721 2036 769 2063 καὶ
786 2036 962 2072 ἀπολώμεθα

173 2083 248 2117 μετὰ
272 2082 412 2114 Ἐϐίωνος
434 2082 487 2108 τοῦ
511 2081 601 2109 ἔνδον
624 2082 659 2109 ἐν
681 2081 721 2114 τῷ
742 2083 895 2115 βαλανείῳ
913 2083 961 2110 διὰ

176 2128 234 2162 τὴν
256 2127 349 2155 αὑτοῦ
368 2127 516 2155 ἀσέϐειαν.
541 2128 595 2154 Καὶ
615 2128 708 2163 μηδεὶς
730 2127 891 2163 θαυμαζέτω
915 2129 961 2155 ἐπὶ

980 1519 1002 1548 C

175 2173 214 2209 τῷ
233 2173 347 2200 ἀκοῦσαι
367 2173 482 2200 Ἐϐῐωνα
496 2173 606 2209 Ἰωάννῃ
622 2174 859 2209 συντετυχηκέναι.
873 2174 959 2200 Πολυ-
976 2188 998 2215 D

175 2220 279 2255 χρόνιος
290 2220 343 2255 γὰρ
356 2219 522 2254 καταμείνας
536 2219 574 2253 τῷ
587 2219 635 2254 βίῳ
646 2220 660 2245 ὁ
675 2220 808 2254 μακάριος
822 2219 958 2254 Ἰωάννης,

175 2264 315 2300 διήρκεσεν
328 2264 392 2300 ἄχρι
410 2265 459 2299 τῆς
475 2263 521 2290 τοῦ
540 2264 673 2299 Τραϊανοῦ
695 2264 841 2299 βασιλείας.
857 2265 959 2296 Πάντες

174 2311 203 2336 δὲ
216 2311 240 2336 οι
262 2310 404 2337 ἀπόστολοι
421 2311 463 2336 ὅτι
480 2310 689 2345 ἀπαλλοτριοῦσι
702 2309 751 2345 τὴν
772 2310 819 2336 τοῦ
832 2310 958 2342 Ἐϐίωνος

176 2357 266 2383 πίστιν
278 2376 285 2388 ,
303 2356 350 2382 καὶ
366 2355 509 2390 ἀλλοτρίαν
532 2356 670 2390 ἡγήσαντο
692 2355 739 2382 τοῦ
763 2354 853 2381 αὐτῶν
873 2355 958 2390 κηρύ-

174 2409 287 2436 γματος,
301 2401 348 2428 καὶ
367 2400 413 2427 τοῦ
436 2400 614 2427 ἀποστολικοῦ
628 2401 811 2436 χαρακτῆρος,
828 2401 908 2426 παντί
921 2409 959 2436 τῳ

174 2446 252 2481 δῆλόν
267 2446 334 2473 ἐστι.

208 2534 272 2561 KE'.
287 2534 355 2569 Περὶ
367 2534 394 2560 δὲ
405 2533 452 2560 τοῦ
466 2535 542 2568 ἁγιου
555 2535 672 2568 Παύλου,
684 2534 721 2566 ὼς
735 2534 958 2570 βλασφημοῦντες

1017 893 1099 921 verbo
1128 894 1199 922 idem
1225 893 1344 923 Joannes
1374 896 1530 929 insisteret,
1559 901 1588 924 ut
1614 899 1707 932 quanti
1737 900 1808 926 veri-

1017 943 1059 966 tas
1085 939 1143 967 ﬁeri
1163 940 1273 967 deberet
1295 941 1419 976 exemplo
1443 949 1493 969 suo
1513 943 1628 976 posteris
1649 945 1808 977 prmscrihc-

1017 989 1068 1017 ret,
1092 982 1190 1012 m'irum
1213 986 1342 1020 quiddam
1367 990 1390 1013 et
1414 987 1574 1014 inusitatum
1597 989 1686 1022 egisse
1709 989 1806 1023 prodi—

1017 1034 1070 1057 tur.
1086 1030 1153 1057 Cum
1170 1032 1242 1058 enim
1257 1031 1315 1058 vitae
1328 1032 1481 1059 institutum
1502 1038 1605 1060 teneret
1620 1034 1699 1068 plane
1719 1035 1807 1062 admi-

1017 1076 1122 1108 rabile.
1150 1077 1229 1111 eique
1257 1085 1338 1111 quam
1367 1078 1477 1113 gerebat
1503 1079 1658 1112 apostolica:
1683 1079 1808 1115 dignitati

1017 1125 1227 1149 consentaneum
1241 1131 1246 1148 Ξ
1260 1121 1328 1148 adeo
1353 1126 1382 1149 ut
1405 1131 1543 1157 utinquam
1563 1125 1674 1151 Olllllillo
1689 1125 1803 1157 lavaret,

1017 1167 1161 1202 aliquando
1185 1171 1274 1193 tamen
1298 1167 1385 1194 sancti
1409 1167 1527 1202 Spiritus
1551 1168 1667 1203 impulsu
1691 1170 1723 1196 ad
1749 1170 1807 1196 bal-

1016 1220 1082 1240 neas
1098 1213 1226 1247 prodiens
1243 1222 1249 1239 :
1267 1211 1369 1247 Capite,
1386 1213 1473 1247 inquit
1489 1214 1521 1240 ad
1539 1221 1613 1246 suos,
1628 1222 1685 1249 qua:
1699 1214 1733 1241 ad
1748 1214 1806 1241 bal-

1017 1267 1092 1285 neum
1106 1259 1252 1285 necessariu
1268 1264 1337 1286 sunt.
1358 1259 1519 1287 Miranlibus
1533 1260 1585 1287 illis
1600 1261 1633 1287 ad
1645 1261 1806 1288 lavationem

1017 1305 1144 1340 perrexit.
1165 1305 1233 1332 Tum
1259 1307 1291 1332 ad
1314 1313 1375 1333 eum
1397 1306 1443 1340 qui
1471 1306 1618 1333 lavantium
1643 1307 1805 1334 vestimenta

1018 1350 1142 1377 servabat
1157 1350 1299 1382 accedens,
1314 1351 1374 1385 quis
1394 1351 1465 1377 intra
1484 1351 1610 1378 balneum
1623 1356 1706 1383 esset,
1726 1353 1804 1379 inter-

1017 1396 1130 1430 rogavit.
1149 1397 1182 1422 At
1199 1396 1319 1423 olearius
1342 1396 1466 1430 idemque
1478 1397 1593 1424 vestium
1614 1402 1707 1425 custos
1724 1398 1806 1432 (hanc

1018 1441 1088 1468 enim
1110 1449 1219 1476 operam
1241 1441 1362 1476 plerique
1383 1442 1472 1468 victus
1498 1442 1648 1482 quotidiani
1668 1443 1753 1477 gratia
1778 1444 1805 1470 in

1018 1487 1165 1521 gymnasiis
1183 1487 1319 1522 praestant)
1342 1487 1439 1514 Joanni
1459 1488 1598 1522 respondit
1615 1488 1745 1516 Ebionem
1762 1489 1805 1515 in-

1018 1535 1062 1558 tus
1078 1539 1148 1558 esse.
1162 1532 1221 1564 Quo
1239 1532 1341 1565 audito,
1358 1532 1449 1559 statim
1471 1532 1603 1560 intellexit
1625 1542 1755 1568 quorsum
1771 1535 1805 1560 il~

1016 1577 1058 1604 Inc
1078 1577 1166 1612 ipsum
1187 1577 1304 1612 Spiritus
1323 1584 1435 1607 sanctus
1460 1579 1629 1611 adduxisset.
1651 1584 1676 1608 et
1699 1585 1727 1607 ut
1746 1581 1805 1607 bal-

1015 1631 1080 1650 neas
1096 1624 1183 1650 adiret
1208 1629 1281 1651 esset
1306 1625 1430 1652 hortatus
1444 1632 1451 1652 :
1465 1625 1594 1653 nimirum
1612 1627 1645 1653 ad
1665 1633 1804 1654 commen-

1014 1669 1142 1701 dandam,
1161 1675 1188 1696 ut
1211 1670 1277 1703 di.\i,
1301 1671 1360 1705 ejus
1384 1671 1421 1698 rei
1446 1672 1628 1705 memoriam;
1647 1680 1678 1699 ac
1695 1673 1804 1700 verissi—

1014 1723 1088 1742 mum
1103 1715 1167 1742 illud
1182 1716 1279 1750 dogma
1294 1717 1500 1751 relinquendum
1515 1726 1522 1750 ;
1539 1721 1569 1744 ut
1588 1718 1698 1752 quinam
1712 1720 1821 1745 essent‘

1013 1761 1114 1788 Christi
1131 1762 1200 1789 servi
1216 1766 1239 1789 cl
1255 1763 1388 1796 apostoli,
1405 1771 1439 1790 ac
1453 1763 1575 1790 veritatis
1589 1763 1635 1790 lilii
1649 1764 1804 1792 discernere

1014 1814 1176 1841 possemus;
1200 1808 1311 1842 quinam
1332 1816 1346 1835 e
1366 1809 1504 1835 contrario
1527 1809 1591 1836 mali
1614 1808 1744 1837 daemonis
1767 1812 1804 1837 in-

1014 1855 1175 1884 strumenta,
1197 1853 1391 1888 inferorumque
1410 1859 1504 1888 portio,
1519 1863 1577 1889 qua:
1594 1863 1674 1890 neque
1691 1861 1802 1894 petram,

1012 1905 1092 1932 neque
1115 1898 1142 1924 in
1165 1906 1196 1925 ea
1218 1898 1357 1932 fundatam
1381 1907 1411 1925 ac
1427 1899 1573 1926 stabilitom
1594 1900 1740 1928 Ecclesium
1756 1909 1803 1928 sn-

1012 1950 1107 1977 perare
1121 1948 1233 1978 possent
1244 1945 1265 1970 θ.
1282 1944 1365 1979 Igitur
1380 1945 1500 1973 Joannes
1525 1951 1636 1981 repente
1654 1948 1802 1975 conturba-

1013 1993 1067 2020 tus,
1083 1993 1163 2024 atque
1182 1991 1361 2025 ingemiscens
1377 1991 1483 2024 leniter,
1501 1995 1529 2019 ut
1555 1992 1589 2019 ab
1610 1993 1736 2020 omnibus
1757 1998 1802 2020 ta-

1011 2042 1072 2061 men
1086 2036 1207 2062 exaudiri
1226 2042 1326 2070 posset,
1342 2036 1423 2071 idque
1444 2037 1554 2072 integra:
1569 2045 1600 2064 ac
1620 2038 1735 2066 sincerae
1750 2039 1800 2065 du-

1011 2079 1104 2106 cti-inte
1115 2079 1301 2107 testimonium
1320 2076 1459 2108 exstaret:
1475 2081 1555 2117 149
1574 2081 1728 2116 Properate,
1744 2084 1800 2118 [ra-

1012 2128 1074 2156 tres,
1088 2125 1185 2159 inquit,
1208 2125 1330 2153 abeamus
1347 2126 1416 2159 hinc,
1435 2135 1466 2154 ne
1487 2127 1586 2155 balnea:
1607 2128 1758 2162 concidant,
1775 2135 1800 2157 et

1011 2179 1069 2198 cum
1090 2171 1199 2204 Ebione,
1216 2173 1261 2207 qui
1283 2173 1353 2200 intus
1370 2178 1419 2204 est.
1437 2174 1467 2200 ob
1493 2175 1549 2208 ejus
1573 2175 1732 2210 impietatem
1754 2178 1801 2204 οίι-

1012 2225 1132 2244 ruamur.
1147 2217 1239 2252 Neque
1262 2226 1324 2246 vero
1344 2219 1438 2246 mirari
1460 2220 1603 2255 quisquam
1626 2222 1713 2255 debet,
1734 2223 1798 2250 dum

1012 2261 1097 2289 Ebion
1113 2263 1267 2290 occurrisse
1283 2263 1379 2291 Joanni
1399 2264 1508 2292 dicitur.
1525 2265 1573 2293 llic
1589 2267 1661 2294 enim
1681 2268 1726 2295 diu
1751 2269 1798 2296 ad-

1011 2307 1121 2334 modum
1147 2308 1224 2339 vixit,
1251 2311 1278 2336 et
1303 2309 1336 2335 ad
1359 2309 1468 2344 Trajani
1495 2312 1617 2344 pervenit
1644 2312 1797 2347 imperium.

1011 2352 1096 2380 Porro
1116 2361 1170 2381 non
1195 2353 1312 2382 Joannes
1335 2355 1426 2386 modo,
1450 2357 1495 2383 scd
1517 2361 1544 2383 et
1566 2365 1659 2385 omnes
1685 2367 1798 2394 prorsus

1012 2399 1126 2433 apostoli
1144 2398 1255 2427 Ebionis
1270 2400 1348 2427 [idem
1364 2402 1519 2436 repudiant,
1533 2408 1561 2430 et
1579 2410 1594 2429 a
1612 2405 1669 2431 suis
1686 2405 1799 2440 dogma-

1012 2445 1095 2478 tibus,
1107 2449 1188 2480 atque
1204 2446 1354 2480 apostolico
1368 2447 1414 2474 illo
1423 2448 1582 2476 charactere
1595 2449 1709 2477 alienam
1721 2451 1797 2486 judi-

1011 2494 1092 2517 cant:
1110 2490 1136 2517 id
1148 2490 1220 2525 quod
1237 2491 1382 2526 unicuique
1401 2493 1573 2527 perspicuum
1586 2500 1636 2522 est.

1046 2534 1129 2563 XXV.
1145 2535 1223 2569 Quod
1243 2544 1307 2564 vero
1329 2537 1364 2564 ad
1378 2538 1488 2566 beatum
1512 2539 1624 2567 Paulum
1644 2542 1749 2574 attinet,
1769 2542 1795 2569 in

225 2612 232 2626 ¹
248 2620 292 2645 ῃ).
307 2612 356 2646 τῆς
369 2611 507 2673 ἀληθείας.
562 2612 573 2627 ³
585 2611 663 2639 Joan.
677 2620 702 2646 ι,
719 2612 764 2640 25.
820 2613 831 2628 ³
845 2612 923 2640 Joan.
939 2620 957 2640 ιι

225 2647 291 2673 atth.
311 2654 366 2673 XVI.
388 2647 398 2672 Ι
425 2664 432 2672 .

1015 2612 1036 2640 i.
1089 2613 1100 2628 ⁸
1116 2613 1181 2641 ibid.
1203 2613 1255 2648 Π,
1269 2613 1343 2641 Psal.
1358 2622 1452 2648 uvnl,
1472 2617 1514 2644 10.
1569 2619 1579 2633 ¹
1593 2616 1671 2646 Joan.
1688 2627 1737 2652 xu,
1750 2620 1793 2648 ιι,

173 2647 185 2663 ⁸
198 2646 291 2673 Matth.
311 2654 366 2678 XVI,
388 2647 398 2672 Ι

209 2702 265 2737 (58)
282 2701 378 2737 Πάλιν
388 2702 422 2728 δὲ
433 2703 449 2728 ὁ
461 2700 561 2734 αὑτός.
581 2701 657 2729 Hanc
669 2700 783 2729 Joannis
798 2702 952 2734 historiam,

173 2745 254 2765 quam
279 2745 293 2763 a
320 2736 468 2772 Piolycarpo
492 2741 643 2772 acceperat,
661 2737 744 2764 refert
758 2737 891 2772 irenslib.
909 2745 953 2769 ιιι,

177 2780 235 2804 sap.
252 2772 279 2802 3,
294 2775 320 2798 et
336 2770 442 2799 Euseb.’
453 2771 499 2798 lib.
517 2779 546 2798 III
565 2770 677 2803 Πέδιον..
693 2779 754 2806 cap.
775 2772 819 2799 90.
835 2771 886 2799 Sed
903 2772 954 2799 Ce-

174 2807 304 2837 rinthmn,
319 2815 373 2833 non
389 2807 517 2833 Ebionem
534 2806 687 2833 haeretieum
704 2807 779 2833 illum
794 2806 876 2834 fuisse
888 2814 954 2833 con-

174 2842 294 2877 sentiunt
306 2849 410 2869 omnes.
423 2842 521 2875 Quare‘
530 2841 693 2876 μνημονικόν
709 2846 751 2870 est
767 2842 876 2876 σφάλμα
889 2841 952 2877 Epi-

173 2876 265 2912 phanii
283 2877 377 2903 nostri.

1040 2702 1097 2743 (ξθ)
1122 2704 1149 2729 Ὁ
1164 2704 1198 2731 δὲ
1212 2706 1357 2741 ὀλεαριος.
1378 2707 1448 2742 Ergo
1461 2708 1576 2736 clem-ius
1589 2709 1738 2743 appellatus
1749 2715 1793 2738 est

1003 2738 1225 2777 vestimento-rum
1252 2738 1356 2772 custos.
1381 2738 1570 2777 ἱμᾶτιοφύλαξ.
1595 2738 1636 2770 A'n
1667 2745 1736 2771 ideal
1766 2752 1793 2774 et

1001 2773 1091 2800 oleum
1106 2774 1251 2807 pl'arbebat,
1267 2780 1294 2802 et
1306 2773 1467 2804 vestimenta
1480 2773 1626 2805 servabat?
1642 2778 1682 2806 An
1700 2780 1794 2806 σπολί-

1003 2815 1060 2848 ριον
1081 2808 1241 2848 legendum?
1254 2810 1321 2838 Nam
1332 2817 1365 2848 et
1383 2812 1571 2848 ἀποδυτήριον,
1588 2812 1682 2841 Latine
1693 2814 1794 2847 spolia-

1002 2843 1082 2904 riilrlmi
1098 2842 1125 2870 ln
1136 2846 1217 2873 veteri
1227 2845 1290 2874 Lex.
1307 2855 1315 2873 :
1330 2845 1474 2883 Spoliaria.
1485 2842 1625 2876 citeriores
1639 2842 1793 2876 balneorum

1004 2885 1030 2904 σε
1055 2886 1068 2904 u
1084 2886 1115 2904 ιιι.

1004 2885 1115 2906 εειιιιιιιι.
