1961 3046
148 173 200 200 429

494 169 679 198 ADVERSUS
698 170 869 199 ll:£MSES
887 170 940 198 ,ΑΒ

1011 168 1094 197 ΤΟΜ.
1112 168 1145 197 ll.
1165 185 1199 190 —
1219 169 1358 198 "ERES.
1379 169 1462 198 XXX.

1733 172 1787 200 450

149 231 239 256 τιέων.
255 229 311 256 Καὶ
330 228 386 265 γὰρ
408 228 440 256 ὲκ
463 229 620 264 σπέρματος
639 229 693 256 τῶν
713 229 848 265 Ἐλλήνων
870 229 943 256 Ἀλέ-

995 232 1069 256 terra
1092 235 1179 260 genus
1203 228 1341 264 quoddam
1365 236 1428 256 esse
1453 235 1633 264 propagatum
1648 233 1666 256 ⁸.
1686 229 1754 257 Nam
1771 237 1786 258 e

150 275 262 311 ξανδρος
286 276 300 302 ό
321 275 464 302 Μακεδών.
491 274 572 301 Ἀλλὰ
592 275 738 310 γενόμενος
761 275 842 302 πάλιν
860 276 889 302 ὲν
904 274 944 311 τῷ

149 322 236 357 τόπῳ,
252 322 296 348 διὰ
316 322 362 348 τδν
385 321 541 356 ἐμπεσόντα
561 320 639 356 λόγον
654 321 791 357 διεξῆλθον
812 321 861 357 τὴν
878 321 944 357 περὶ

149 367 252 394 τούτων
265 367 394 402 ἱστορίαν.
408 366 479 402 Πλὴν
490 367 531 393 ὃτι
539 366 592 393 ἀπὸ
603 366 653 402 τῆς
660 367 840 402 μετοικήσεως
855 365 945 393 πολλοὶ

151 413 233 445 ἄλλας
249 413 341 448 χώρας
361 413 522 448 οἰκήσαντες
539 412 586 439 τοῦ
606 412 714 449 Ἰσραὴλ
729 410 800 448 ἦσαν
817 413 943 448 σπέρμα-

149 466 195 489 τος
207 458 277 484 κατὰ
290 458 424 494 διαδοχήν.
440 457 580 492 Ἐλέγοντο
593 457 647 493 γὰρ
661 458 708 484 καὶ
721 458 839 493 ἑκάστης
852 457 944 493 χώρας

151 504 316 539 πατριῶται⁸
330 504 368 536 ὠς
385 504 433 531 καὶ
446 504 473 530 αἱ
487 503 636 539 θυγατέρες
647 503 694 530 τοῦ
708 503 791 539 Ὶοθὺρ
806 504 854 539 τὴν
870 503 944 530 ἀντί-

150 550 231 586 ληψιν
252 550 299 577 τοῦ
319 550 457 583 Μωῦσέως
479 550 518 586 τῷ
534 550 617 585 πατρὶ
630 550 811 585 ἀπήγγειλαν,
825 550 863 582 ὡς
877 551 945 576 ἀπο-

151 600 256 633 στήσας
275 599 338 630 τοὺς
357 598 488 633 ποιμένας
506 598 631 624 ἐπότισεν
647 597 737 624 αὐτῶν
752 597 786 624 τὰ
808 597 942 633 πρόϐατα,

151 645 198 671 καὶ
212 644 388 680 πορευθεῖσαι
405 644 469 680 περὶ
482 643 577 670 τούτου
594 643 747 678 ὑφηγοῦντο
761 643 799 678 τῷ
821 643 878 678 ἰδίῳ
891 651 944 670 πα-

151 690 204 726 τρί.
220 690 272 716 Τοῦ
292 689 321 716 δὲ
340 689 465 723 λέγοντος
476 709 484 721 ,
507 689 537 715 Τί
557 689 721 723 ὲταχύνατε
738 689 872 723 σήμερον
886 688 942 724 (62)

151 737 206 764 τοῦ
229 736 331 763 ἐλθεῖν
353 736 400 762 ἐπ’
424 737 535 767 miror;
556 735 670 769 ἔφασαν,
693 735 734 761 ὅτι
753 732 843 768 ’Ᾱνὴρ
856 735 943 768 Αὶτύ-

152 790 239 815 πτιος
251 782 380 816 ἐρύσατο
402 781 482 816 ἡμᾶς
500 781 559 808 ἀπὸ
576 780 635 808 τῶν
647 781 806 815 ποιμένων,
823 781 872 807 καὶ
888 780 943 815 ἥν-

151 830 264 862 τλησε,
291 828 340 854 καὶ
365 828 508 854 ἐπότισεν
536 826 622 861 ἡμῶν
643 827 680 853 τὰ
705 827 864 862 θρέμματα.
889 827 944 853 Καὶ

152 873 234 905 εὐθὺς
246 874 260 899 ό
274 873 355 904 αὐτὸς
371 872 423 908 ἔφη
442 872 509 908 πρὸς
526 872 626 903 αὑτάς·
640 872 691 899 Διὰ
707 872 736 898 τι
749 874 804 899 οὐκ
817 872 942 907 ἠγάγετε

151 919 246 946 αὐτὸν
260 916 329 950 ὦδε,
343 919 393 945 ἵνα
407 918 486 953 φάγῃ
501 918 610 953 ἅρτον;
624 919 672 950 Τίς
691 918 720 944 δὲ
736 919 786 945 οὐκ
806 916 886 949 οἶδεν,
900 919 941 945 ὅτι

152 965 274 1000 Μωῡσῆς
296 965 353 996 υἱὸς
370 966 418 1000 μὲν
434 966 538 999 γίνεται
553 964 599 991 τοῦ
617 964 738 1000 Ἀμρὰμ,
756 965 802 991 καὶ
823 964 872 1000 τῆς
887 964 944 991 Ἰω-

151 1011 252 1046 χαὸὲτ,
269 1011 380 1047 ’Λμρὰμ
403 1011 432 1038 δὲ
454 1011 501 1037 τοῦ
525 1011 615 1042 Κσὰθ,
642 1011 720 1038 Καὰθ
744 1011 772 1037 δὲ
794 1010 842 1037 τοῦ
866 1010 941 1041 Λευῖ,

152 1057 218 1084 Λευῗ
233 1057 261 1083 δὲ
275 1057 321 1094 τοῦ
338 1056 446 1088 Ἰακὼϐ,
463 1056 560 1083 Ἰακὼϐ
579 1056 607 1083 δὲ
623 1056 669 1082 τοῦ
685 1056 789 1089 Ἰσαὰκ,
807 1056 900 1082 Ἰσαὰκ
914 1055 943 1082 δὲ

152 1103 200 1129 :26
215 1102 356 1138 Ἀϐραάμ
372 1103 426 1129 Καὶ
442 1103 492 1129 οὐκ
508 1102 563 1129 ἀπὸ
582 1102 627 1129 τοῦ
647 1101 785 1129 καλεῖσθαι
800 1102 845 1128 τὸν
860 1102 943 1128 Μωῦ-

153 1148 203 1175 σέα
224 1149 390 1183 Αἰγύπτιον,
416 1148 523 1180 πάντως
547 1149 564 1183 ἡ
587 1148 636 1183 τῆς
663 1148 801 1181 εὐγενείας
823 1148 869 1174 καὶ
895 1147 942 1174 τοῦ

152 1194 308 1229 σπέρματος
326 1194 449 1220 διέπεσεν
463 1193 618 1220 ἀκολουθία.
638 1192 742 1219 Οὐκοῦν
760 1190 842 1224 οὗτοι,
858 1201 942 1219 κατα-

151 1239 294 1274 λείψαντες
308 1240 358 1276 τὴν
372 1240 441 1270 ὁδὸν,
457 1240 482 1266 oi
497 1240 550 1266 ἀπὸ
564 1239 610 1266 τοῦ
624 1239 752 1271 Ἐϐίωνος
767 1239 888 1274 πεπλανη
894 1239 942 1274 μέ-

152 1294 207 1317 νοι,
232 1286 279 1312 ἐπὶ
297 1285 397 1317 πολλὰς
421 1285 641 1321 διεστραμμένας
662 1286 738 1318 ὁδοὺς
771 1286 817 1312 καὶ
841 1286 941 1321 ἀνάντη

151 1333 246 1369 τριὸον
257 1333 304 1359 τὸν
319 1332 381 1360 νοῦν
398 1332 588 1360 ὲκδεδώκασιν.

189 1419 262 1454 KG’.
283 1419 400 1455 Λὺχοῦσι
422 1419 451 1446 δὲ
476 1419 557 1446 πάλιν
581 1419 730 1455 περιτομὴν
753 1419 875 1456 ἔχοντες,
895 1421 943 1448 καὶ

153 1466 330 1502 σεμνύνονται
344 1466 423 1501 δῆθεν
438 1463 506 1492 εἶναι
519 1465 620 1502 ταύτην
638 1466 772 1502 σφραγῖδα
784 1467 941 1503 ἡγούμενοι,

152 1513 199 1540 καὶ
212 1512 375 1548 χαρακτῆρα
391 1511 445 1538 τῶν
467 1520 497 1537 τε
516 1513 692 1548 πατριαρχῶν
705 1513 751 1539 καὶ
764 1513 875 1540 δικαίων
889 1514 942 1540 τῶν

152 1557 224 1584 κατὰ
243 1559 289 1584 τὸν
305 1557 385 1591 νόμον
408 1557 661 1592 πεπολιτευμένων,
677 1557 710 1585 δι’
725 1557 772 1590 οὓς
790 1558 942 1591 ἐξισοῦσθαι

152 1605 266 1636 ἐκείνοις
279 1603 430 1638 νομιζουσι,
451 1604 499 1630 καὶ
518 1603 587 1638 δῆτα
603 1604 650 1631 ἀπ’
664 1604 746 1631 αὐτοῦ
762 1605 807 1632 τοῦ
824 1606 942 1641 Χριστοῦ

152 1649 202 1684 τὴν
227 1649 354 1676 σύστασιν
375 1648 476 1684 ταύτης
501 1648 640 1684 βούλονται
662 1651 773 1685 φέρειν,
791 1651 829 1682 ὠς
852 1652 898 1678 καὶ
919 1653 944 1679 οι

154 1695 220 1730 περὶ
233 1694 463 1730 ΚήρινθονωΦασὶ
478 1695 532 1730 γὰρ
547 1696 593 1722 καὶ
607 1692 679 1722 οῦτοι
694 1697 764 1723 κατὰ
776 1697 821 1723 τὸν
832 1698 944 1724 ἐκείνων

152 1740 260 1776 ληρώδη
277 1740 364 1774 λόγον·
387 1740 527 1774 Ἀρκετὸν
540 1740 580 1773 τῷ
594 1741 713 1776 μαθητῇ
725 1740 800 1769 εἶναι
816 1743 855 1775 ὡς
871 1745 888 1770 d
903 1743 945 1770 δι-

153 1787 318 1820 δάσκαλος.
336 1787 510 1823 Περιετμήθη
526 1787 590 1823 γὰρ,
609 1788 700 1823 φησὶν,
718 1789 731 1814 6
754 1789 880 1824 Χριστὸς,
897 1790 945 1816 καὶ

154 1833 187 1859 σὺ
205 1832 398 1868 περιτμήθητι.
419 1833 473 1858 Καὶ
489 1832 531 1859 ἵνα
546 1833 616 1859 κατὰ
634 1833 722 1860 πάντα
736 1835 835 1870 τρόπον
849 1844 944 1861 καται-

153 1878 283 1914 σχύνηται
298 1878 348 1913 τῆς
369 1878 472 1914 πλάνης
492 1878 527 1904 τὰ
551 1878 707 1913 σπέρματα,
728 1879 853 1916 καθάπερ
870 1880 945 1915 χαλι⁸

152 1925 196 1957 νὸς
214 1924 269 1960 (45)
283 1925 316 1960 τῇ
341 1924 461 1959 θαλάσσῃ
486 1924 518 1950 ὲκ
540 1924 608 1950 Θεοῦ
631 1924 749 1960 ὁρισθεὶς
768 1925 878 1960 κλεῖθρα
898 1925 946 1952 καὶ

153 1969 235 1995 πύλαι
247 1968 360 2004 ψάμμον
373 1969 446 2004 ὄριον
459 1968 478 2000 ⁸,
494 1968 541 1995 καὶ
558 1969 720 2004 πρόσταγμα
734 1969 774 2000 τὸ,
787 1969 864 2002 "Elog-
879 1970 946 1996 τού-

152 2023 207 2042 του
221 2015 344 2048 Medon,
359 2015 408 2040 καὶ
431 2016 486 2048 οὐχ
501 2014 658 2049 ὐπερϐήσῃ
671 2022 679 2029 ·
694 2015 774 2042 ἀλλὰ
787 2016 822 2042 ἐν
832 2015 946 2050 σεαυτῇ

154 2060 410 2094 συντριϐήσονταί
426 2067 484 2086 σου
501 2060 538 2086 τὰ
554 2061 685 2095 κύματα,
702 2060 793 2096 φησίν·
813 2061 883 2087 οὓτω
899 2062 947 2088 καὶ

153 2102 227 2132 οὗτοι
240 2106 269 2132 ὲν
283 2106 389 2137 ἑαυτοῖς
401 2105 715 2141 καταδαπανηθήσονται.
732 2105 811 2132 Ἀλλὰ
825 2107 882 2132 ἐκεῖ
896 2107 946 2141 μὲν

153 2152 185 2177 ὲκ
210 2151 284 2178 θείου
308 2151 520 2187 προστάγματος
546 2151 586 2182 εἰς
606 2151 734 2183 εὐταξίαν
754 2151 891 2187 θαλάσσης
913 2153 946 2179 ὲκ

153 2197 221 2223 Θεοῦ
243 2197 349 2232 εἴρηται
365 2197 379 2223 ό
394 2197 440 2223 τοῦ
455 2197 518 2232 ὅρου
538 2196 631 2231 λόγος·
649 2197 766 2224 ἐνταῦθα
778 2197 806 2224 δὲ
819 2198 865 2232 ἀφ¹
882 2198 946 2224 ἐαυ-

995 273 1152 301 Graecorum
1167 281 1266 309 genere
1281 274 1437 301 Alexander
1453 279 1543 301 ortum
1565 279 1717 309 acceperat.
1731 274 1786 302 Ve—

994 326 1055 346 rum
1085 318 1214 354 quoniam
1245 318 1344 346 iterum
1378 318 1523 346 narranda».
1551 319 1633 354 hujus
1664 319 1786 348 historiae

994 363 1085 391 oblata
1109 364 1190 392 nobis
1213 364 1324 392 occasio
1349 368 1410 396 est,
1440 365 1467 392 in
1494 373 1555 393 eam
1581 373 1641 393 sum
1672 365 1786 394 fortuito

994 410 1111 438 delatus.
1134 410 1173 438 Eo
1196 418 1261 438 vero
1282 411 1434 446 pertinebat
1459 411 1550 444 istud,
1580 416 1609 439 ut
1629 413 1785 448 complures

993 456 1202 484 Ostenderenius
1225 457 1253 484 in
1277 464 1308 484 ea
1336 457 1499 492 migratione
1521 458 1613 485 va‘rias
1636 465 1785 493 occupasse

994 501 1084 533 sedes,
1100 503 1146 537 qui
1163 510 1195 530 ex
1218 501 1367 529 lsraelitica
1385 507 1466 538 gente
1483 504 1598 538 originis
1622 509 1701 532 erant
1720 513 1785 532 suc-

993 547 1121 574 cessione
1133 547 1258 574 derivati.
1278 547 1330 580 Qui
1342 548 1453 583 quidem
1469 549 1503 576 ab
1515 557 1547 577 ea
1564 549 1609 576 ubi
1626 549 1786 578 habitabant

993 594 1105 630 regione
1119 594 1307 630 cognominati
1322 595 1457 622 solebant.
1475 594 1709 628 Quemadmodum
1723 604 1785 624 cum

993 638 1055 665 lilia:
1068 637 1163 666 Jethro
1185 639 1294 666 allatam
1311 639 1362 666 sibi
1380 647 1395 665 a
1413 639 1505 674 Moyse
1522 647 1599 674 opem
1618 641 1724 676 parenti
1742 649 1786 668 re-

993 683 1160 717 nuntiarent,
1178 689 1378 719 narrarentque
1399 685 1522 720 depulsis
1543 694 1557 713 a
1573 694 1603 714 se
1617 687 1786 722 pastoribus.

993 736 1058 756 suos
1080 729 1155 756 illum
1181 737 1276 765 greges
1299 730 1464 766 adaquasse,
1489 732 1552 764 hoc,
1577 732 1699 768 inquam,
1723 741 1786 761 cum

993 775 1105 802 domum
1129 783 1246 803 reversa:
1271 777 1377 811 parenti
1399 777 1543 810 dixissent,
1568 779 1726 807 sciScitante
1742 780 1787 806 ni-

993 821 1091 847 mirum
1110 828 1142 848 eo
1159 830 1166 849 :
1182 820 1237 848 Cur
1257 822 1334 849 hodie
1355 823 1461 850 venistis
1487 824 1600 851 velocius
1616 825 1718 853 solito?
1734 825 1787 852 Re-

993 866 1165 901 sponderunt
1184 877 1190 894 :
1214 866 1259 894 Vir
1276 867 1420 903 Egyptius
1442 869 1561 897 liberavit
1585 879 1632 897 nos
1651 871 1683 897 de
1704 880 1785 898 manu

958 907 978 936 Β
993 917 1141 946 pastorum,
1158 913 1263 947 insuper
1277 919 1302 940 et
1316 914 1404 941 hausit
1420 923 1534 949 aquam.
1554 922 1694 952 potumque
1711 917 1785 944 dedit

994 957 1083 983 ovibus
1102 958 1211 986 nostris.
1233 957 1385 994 Statimque
1401 959 1472 987 dixit
1490 961 1543 987 illis
1559 969 1565 986 :
1588 961 1642 988 Cur
1661 970 1712 989 non
1734 963 1786 989 huc

994 1004 1068 1030 illum
1084 1004 1244 1036 adduxistis,
1260 1010 1289 1032 ut
1303 1005 1447 1032 comederet
1460 1014 1553 1040 panem
1569 1007 1598 1034 '?
1612 1007 1679 1040 Quis
1694 1013 1786 1036 autem

994 1051 1082 1077 nescit
1095 1050 1217 1078 Amrami
1232 1055 1259 1078 et
1278 1050 1435 1079 Jochabetae
1453 1052 1538 1079 ﬁlium
1557 1054 1693 1081 exstitisse
1709 1054 1786 1090 Moy-

994 1102 1060 1128 sen;
1082 1096 1242 1122 Amramum
1268 1095 1376 1128 Caathi,
1402 1096 1536 1124 Gaathum
1554 1097 1629 1130 Levi,
1651 1098 1724 1126 hunc
1739 1099 1787 1126 Ja-

993 1141 1065 1173 cobi,
1080 1132 1159 1176 cujus
1173 1146 1250 1176 pater
1263 1141 1383 1174 lsaacus,
1401 1142 1486 1169 lsaaci
1501 1143 1673 1171 Abrahamus
1687 1144 1788 1173 fuerit?

992 1186 1086 1222 Neque
1107 1192 1216 1221 tamen,
1242 1196 1291 1224 pro
1315 1197 1348 1216 eo
1372 1189 1446 1224 quod
1468 1189 1614 1226 Egyptius
1633 1191 1787 1226 appellatur

994 1231 1111 1268 Moyses,
1129 1232 1192 1260 ideo
1215 1233 1366 1261 nobilitatis
1385 1234 1458 1261 illius
1475 1242 1506 1261 ac
1523 1235 1618 1270 stirpis
1642 1240 1684 1263 est
1701 1236 1786 1265 series

993 1280 1137 1306 exstincta.
1156 1279 1212 1306 Hoc
1230 1279 1314 1314 igitur
1329 1280 1409 1307 modo
1427 1280 1539 1307 Ehionis
1558 1282 1696 1317 disoipuli,
1713 1283 1786 1310 velut

993 1324 1153 1353 aberrantes
1169 1333 1202 1352 ac
1214 1325 1295 1358 devii,
1313 1327 1404 1354 varias
1418 1334 1447 1354 se
1461 1327 1487 1353 in
1504 1327 1632 1363 ambages
1648 1336 1682 1356 ac
1696 1329 1783 1358 ﬂexus

992 1370 1165 1405 abruptaque
1179 1370 1278 1397 itinera
1290 1371 1498 1399 commiserunt.

1028 1415 1123 1442 XXVI.
1146 1415 1256 1443 Atenim
1283 1416 1523 1444 circumcisionem
1547 1426 1602 1453 pra;
1623 1427 1652 1446 se
1674 1419 1783 1453 ferunt;

992 1469 1078 1496 eaque
1092 1470 1122 1490 re
1136 1463 1281 1497 plurimum
1294 1463 1457 1498 gloriantur,
1471 1469 1563 1499 utpote
1576 1474 1657 1500 quam
1671 1467 1787 1501 patriar.

993 1508 1105 1534 charum
1116 1527 1124 1540 ,
1139 1508 1311 1543 aliorumque
1327 1509 1374 1544 qui
1396 1509 1464 1544 legis
1485 1515 1607 1545 tempore
1624 1512 1715 1539 vixere
1739 1512 1784 1547 ju—

994 1559 1109 1587 storum,
1125 1554 1201 1589 151
1225 1561 1316 1582 noram
1339 1563 1371 1583 ac
1388 1556 1495 1591 signum
1511 1557 1651 1585 exstitisse
1672 1562 1785 1593 putent;

995 1607 1049 1635 quo
1065 1601 1147 1627 etiam
1167 1601 1275 1628 nomine
1292 1601 1429 1636 adaquari
1450 1609 1479 1629 se
1495 1610 1556 1629 cum
1578 1603 1633 1631 illis
1648 1604 1784 1632 arbitran-

994 1650 1063 1672 tur:
1087 1646 1209 1681 adeoque
1231 1646 1332 1674 Christi
1357 1647 1442 1682 ipsius
1468 1649 1623 1684 exemplum
1650 1650 1683 1676 ad
1710 1650 1783 1677 illam

994 1690 1224 1725 comprobandam
1251 1692 1480 1725 accommodant,
1505 1697 1535 1720 ut
1564 1698 1591 1721 et
1615 1695 1784 1724 Cerinthiani

995 1735 1109 1763 faciunt.
1127 1736 1248 1769 Quorum
1270 1738 1437 1772 ineptissime
1459 1740 1692 1768 accommodatam
1711 1742 1783 1769 illam

995 1783 1159 1810 sententiam
1176 1788 1310 1818 usurpant
1330 1793 1335 1810 :
1356 1783 1606 1820 Suﬂicitdiscipulo,
1623 1787 1697 1814 sisit
1716 1789 1785 1814 sicut

996 1830 1123 1864 magister
1137 1829 1195 1864 ejus
1217 1829 1237 1857 ⁸.
1252 1829 1379 1857 Christus
1400 1831 1484 1863 enim,
1499 1831 1585 1863 aiunl,
1602 1833 1785 1861 circumcisus

994 1879 1036 1902 est
1053 1884 1060 1902 :
1077 1879 1104 1902 tu
1122 1875 1203 1910 igitur
1225 1875 1438 1903 circumciditor.
1463 1877 1551 1911 Atque
1571 1882 1600 1904 ut
1621 1879 1724 1906 erroris
1742 1887 1783 1907 εο-

996 1921 1068 1948 mina
1088 1929 1185 1955 magno
1201 1929 1262 1948 cum
1282 1922 1390 1948 illorum
1409 1922 1512 1957 pudore
1529 1924 1714 1959 prolligentur,
1729 1933 1785 1952 non

996 1974 1076 1994 secus
1090 1975 1122 1994 ac
1138 1967 1269 1994 lrenando
1287 1967 1355 1994 mari
1376 1969 1450 1994 velut
1473 1969 1599 2004 repagula
1616 1969 1738 2004 quaedam
1754 1979 1786 1998 ac

996 2017 1091 2047 porta,
1107 2020 1252 2040 arenarum
1266 2021 1280 2038 a
1295 2013 1348 2040 Deo
1364 2013 1448 2040 moles
1462 2014 1569 2048 objecta
1582 2019 1635 2047 est,
1651 2016 1775 2050 ejusdem

996 2065 1049 2092 que
1076 2058 1234 2084 mandatum
1259 2058 1415 2084 istiusmodi
1435 2066 1442 2083 :
1467 2060 1608 2094 Hucusque
1633 2062 1733 2092 venies,
1760 2067 1786 2089 cl

997 2111 1048 2130 non
1065 2103 1189 2138 procedes
1213 2104 1339 2138 amplius.
1355 2103 1407 2130 Sed
1422 2105 1450 2130 in
1473 2109 1497 2131 te
1515 2105 1713 2141 confringentur
1732 2108 1779 2142 [ιιι.

996 2153 1053 2176 ctus
1079 2149 1117 2175 tui
1134 2149 1183 2183 (ait
1205 2148 1345 2184 Scriptura
1365 2149 1397 2183 ').
1416 2148 1461 2176 Sic
1477 2151 1558 2177 etiam
1577 2151 1614 2178 illi
1637 2151 1665 2179 in
1687 2159 1778 2180 semet-

996 2196 1071 2231 ipsos
1086 2195 1184 2230 relapsi
1209 2196 1318 2231 penitus
1334 2200 1541 2223 consumentur.
1557 2196 1717 2232 Quanquam
1735 2198 1784 2226 hoc

152 2243 202 2278 τῆς
217 2243 233 2278 ή
248 2242 332 2270 κακία
345 2243 392 2269 καὶ.
406 2243 422 2277 ή
439 2242 527 2278 πλάνη
544 2241 737 2276 τυφλώττουσα
751 2242 797 2269 τὸν
810 2243 882 2276 νοῦν,
898 2243 943 2269 καὶ

998 2241 1118 2274 intere‘st,
1137 2241 1209 2276 quod
1227 2241 1283 2268 illic
1300 2241 1333 2268 ad
1356 2241 1506 2269 coercenda
1524 2243 1610 2269 maria
1626 2243 1720 2271 divino
1736 2245 1772 2271 im

152 2289 198 2315 τὸν
212 2288 310 2324 εὐσεϐῆ
330 2288 458 2323 λογισμὸν
474 2287 713 2323 ἀποστρεφομένη,
731 2288 867 2323 προϋλαὸε
883 2289 943 2315 καθ’

153 2334 264 2369 ἑαυτῆς,
289 2334 383 2369 ὥσπερ
406 2333 516 2368 κύματα
537 2334 690 2369 ἐγείρουσα,
717 2334 752 2360 τὰ
771 2334 880 2369 σχέτλια
890 2335 944 2361 τῶν

153 2379 456 2416 προαπαγγελλομένων
477 2379 569 2411 αὐτοῖς
580 2379 750 2415 ὑπολήψεων,
775 2380 878 2415 ἑτέροις
895 2380 944 2406 κὺ-

154 2434 237 2461 μασιν
255 2426 337 2461 ἑαυτῇ
356 2425 555 2460 συγκρούουσα,
570 2426 617 2452 καὶ
635 2426 664 2452 ἐν
684 2426 766 2461 ἑαυτῇ
780 2426 822 2452 ἀεὶ
836 2435 946 2462 συντρι-

153 2471 254 2507 ϐομένη
268 2471 367 2507 ἑαυτὴν
380 2471 540 2498 διαλύειν¹··
559 2471 575 2507 ἢ
591 2471 716 2508 καθάπερ
732 2472 846 2508 ἑρπετὸν
859 2473 944 2500 δεινὸν

153 2517 242 2552 ἑαυτῷ
265 2516 462 2552 λυμαινόμενον
483 2517 530 2543 καὶ⁸
551 2517 794 2552 ἀντιστρεφόμενον
818 2518 872 2544 ἀπὸ
895 2518 944 2554 τῆς

152 2563 265 2598 κέρκου,
274 2562 321 2589 καὶ
330 2562 410 2588 ἑαυτὸ
426 2562 578 2595 κατεσθίον,
592 2562 658 2589 αὐτὸ
668 2562 766 2589 ἑαυτοῦ
779 2563 946 2590 ἀναλωτικὺν

152 2607 266 2642 γίνεται,
281 2607 366 2635 Τοῦτο
378 2607 432 2644 γάρ
447 2616 512 2643 φασι
527 2608 689 2644 γεγενῆσθαι
703 2607 790 2644 καιρῷ
801 2608 853 2636 ὑπὸ
864 2609 945 2636 ἀσπί-

189 2708 197 2723 ‘
214 2707 244 2735 F.
262 2707 376 2747 ψάμμος
391 2709 474 2744 ὃριον.
515 2708 534 2724 ί·
545 2706 700 2744 Legendum
714 2708 827 2736 διαλύει.
865 2710 878 2725 ⁸
891 2709 900 2736 I
915 2709 943 2737 Mr

996 2729 1003 2736 .
1020 2718 1039 2743 ι,
1053 2710 1078 2737 Ι.
1116 2709 1127 2726 ³
1141 2709 1226 2737 Exod.
1246 2718 1277 2744 ιι,
1296 2710 1329 2738 18
1344 2719 1405 2747 sqq.
1444 2710 1455 2726 ⁸
1468 2711 1563 2739 Matth.
1579 2719 1607 2744 x,
1623 2711 1668 2740 25.

154 2751 268 2775 xxxviii,
285 2744 328 2770 Η.

189 2820 245 2854 ΜΞ)
268 2820 298 2847 Τί
310 2821 476 2855 ὲταχῦνατε
492 2820 635 2854 σήμερον.
656 2819 742 2848 Exod.
761 2827 792 2851 ιι,
810 2827 881 2848 com.
899 2820 943 2853 18,

154 2855 226 2891 Διότι
243 2856 391 2890 ὲταχύνατε
410 2856 456 2882 τοῦ
478 2855 680 2891 παραγενέσθαι
703 2856 838 2891 τήμερον;
865 2856 944 2891 Apud

154 2890 336 2925 Epiphanium
349 2891 452 2918 vocula:
467 2890 525 2918 istae
541 2890 584 2917 ἐπ’
598 2890 678 2917 αὐτόν
694 2891 866 2918 commodum
883 2890 943 2918 nul-

996 2287 1073 2322 perio
1089 2287 1222 2315 terminus
1240 2287 1284 2315 ille
1298 2287 1464 2315 constitutus
1482 2291 1541 2321 est;
1561 2288 1606 2316 hic
1621 2293 1711 2316 autem
1727 2290 1787 2325 ipsa

996 2341 1044 2368 per
1062 2341 1122 2360 sese
1145 2333 1276 2368 nequitia.
1294 2338 1375 2368 atque
1391 2339 1534 2361 exctecatae
1557 2335 1656 2364 mentis
1678 2343 1755 2364 error
1770 2345 1786 2364 a

996 2385 1079 2405 sensu
1108 2378 1217 2413 pietatis
1242 2378 1393 2406 abhorrens
1418 2378 1605 2407 infelicissima
1633 2381 1696 2414 illa,
1725 2390 1787 2418 qua:

996 2428 1059 2451 ante
1071 2425 1245 2460 protulimus.
1257 2425 1394 2460 dogmata,
1411 2426 1486 2452 velut
1503 2427 1637 2461 quosdam
1651 2428 1678 2455 in
1695 2437 1724 2456 se
1738 2429 1787 2456 llu-

997 2475 1058 2498 ctus
1079 2471 1208 2498 excitavit
1226 2471 1312 2505 prius,
1334 2477 1366 2498 ac
1388 2473 1535 2500 contrariis
1552 2472 1680 2503 ﬂuctibus
1696 2475 1784 2508 illisit,

997 2520 1024 2544 et
1040 2516 1214 2551 semetipsum
1232 2517 1258 2543 in
1277 2524 1306 2544 se
1325 2525 1475 2546 conversus
1499 2519 1712 2556 contractusque
1729 2522 1786 2551 dis-

997 2562 1106 2597 sipavit.
1132 2563 1187 2589 Aut
1211 2566 1241 2589 ut
1267 2563 1387 2591 exitialis
1417 2571 1531 2600 serpens
1553 2573 1614 2594 sese
1635 2567 1786 2596 conﬁciens

997 2609 1104 2644 ipsum,
1127 2612 1154 2636 et
1174 2615 1190 2635 a
1211 2608 1298 2636 cauda
1322 2609 1458 2644 replicans
1482 2619 1515 2639 ac
1539 2613 1682 2641 revolvens
1704 2621 1785 2642 suum

1706 2712 1717 2728 '
1731 2711 1784 2740 Job

995 2821 1053 2857 lum,
1063 2829 1173 2849 sensum
1183 2821 1310 2857 reddunt,
1318 2821 1371 2849 nisi
1380 2823 1408 2854 ἐς
1417 2822 1498 2849 αὑτὸν
1507 2822 1609 2857 ἔφασαν
1619 2823 1780 2851 substituas.

1031 2856 1087 2892 (45)
1108 2856 1245 2893 Καθάπερ
1266 2858 1401 2891 χαλινός,
1422 2862 1474 2885 etc.
1495 2856 1600 2885 Leviter
1616 2859 1782 2893 depravatus

996 2892 1040 2919 hic
1054 2893 1132 2920 locus
1146 2896 1197 2920 est.
1213 2891 1341 2921 Fortasse
1357 2893 1500 2928 legendum
1515 2899 1555 2921 est
1570 2891 1674 2931 ὡρίσθή
