1961 3046
186 142 235 170 151

875 140 904 167 S.
925 139 1097 168 EPIPHANII

1766 134 1823 162 159.

186 196 287 224 corpus
310 187 411 220 adedit,
435 191 463 215 et
486 187 614 216 absumit.
635 187 664 215 1d
684 187 757 215 enim
782 186 847 214 olim
871 188 980 223 aspides

1041 189 1083 214 ἱων
1100 186 1326 222 συγκλεισθεισῶν
1342 187 1371 214 ὲν
1388 185 1487 219 πίθοις,
1504 185 1551 213 καὶ
1564 184 1683 219 ἑκάστης
1694 183 1744 219 τὴν
1761 183 1822 210 ἑτέ-

187 234 286 262 fecisse
298 237 421 263 narrant,
437 239 563 272 quarum,
577 240 639 260 cum
650 232 763 260 inclusae
779 231 860 259 doliis
873 235 976 264 essent,

188 281 302 306 alteram
316 279 399 306 altera
417 278 565 306 devoravit.
580 277 648 305 Tum
665 285 725 313 qua;
740 277 856 304 ferocior
870 283 902 304 ac
915 285 979 304 cru—

188 326 276 353 delior
291 328 350 352 eral.
364 325 421 352 sola
436 331 592 356 remanens,
603 328 752 358 enectaque
764 323 847 356 fame,
861 323 979 357 seipsam

189 379 204 398 a
233 371 320 398 cauda
345 362 478 406 incipiens
507 370 638 406 paulatim
665 369 837 404 consumpsit
866 377 872 395 :
899 368 980 403 idque

189 417 278 452 ipsum
306 417 333 444 in
358 416 475 452 [Egypto
499 415 646 449 contigisse
669 423 683 442 a
705 415 863 447 nonnullis,
883 414 929 448 qui
947 413 981 441 de

189 470 281 490 rerum
304 467 401 490 natura
424 462 612 496 scripserunt,
632 460 768 496 proditum
790 464 843 487 est.
860 459 938 487 Unde
954 462 981 486 et

190 509 227 536 ob
241 509 414 544 Gorgoneum
430 508 513 535 veluti
528 512 621 542 caput,
638 506 872 541 Aspidogorgonis
885 505 981 532 merito

191 557 216 584 ei
234 561 276 583 est
291 563 389 583 nomen
408 555 576 590 impositum.
600 553 731 581 Similiter
747 554 854 588 ineptus
873 559 906 579 ac
926 556 983 579 sto-

190 602 263 630 lidus
276 602 374 632 Ebion.
392 600 559 636 Ebionisque
576 599 696 627 fautores
717 598 864 626 concidere
877 598 982 632 seipsos

191 651 408 678 anteverterunt,
421 654 508 681 caque
522 646 622 681 quibus
638 645 811 680 potissimum
831 644 983 679 gloriantur

191 693 271 722 initio
289 693 469 721 sustulerunt.
483 692 543 719 Non
556 692 628 719 enim
650 691 787 722 Christus,
807 693 901 725 utpote
920 697 982 716 eum

192 739 283 766 infans
317 738 406 766 adhuc
431 742 515 770 esset,
543 737 687 772 semctipse
711 736 895 763 circumcidit.
929 735 983 762 Sed

191 784 347 812 laudandus
364 789 508 820 propterea
526 784 685 811 misericors
699 783 832 810 Dominus
846 786 898 814 est,
911 781 983 816 quod

193 832 231 858 ita
249 839 278 858 se
294 830 381 858 Ebion
405 830 563 865 imprudens
587 829 730 863 obiecerit,
748 832 777 855 ut
794 827 905 855 minime
919 834 983 854 vera

1031 241 1082 269 ραν
1103 233 1348 269 καταναλωσάσης,
1363 233 1413 268 τὴν
1428 232 1457 258 δὲ
1481 231 1651 267 ίταμωτέραν
1674 230 1720 256 καὶ
1743 229 1824 264 χαλε-

1030 280 1157 316 πωτέραν
1180 281 1220 311 εἰς
1245 279 1356 316 ὕστερον
1380 279 1564 315 μεμενηκέναι
1592 278 1675 313 μόνην
1695 275 1823 304 καταλει-

1031 327 1165 363 φθεῖσαν,
1191 326 1240 353 καὶ
1265 327 1305 358 είς
1326 327 1420 352 πεῖναν
1443 325 1582 357 ἐλθοῦσαν,
1602 323 1656 350 ἀπὸ
1678 323 1728 358 τῆς
1754 322 1823 351 ἰξίας

1031 374 1130 409 κέρκου
1143 372 1298 408 ἀρξαμένην
1313 371 1411 406 ἑαυτὴν
1422 369 1671 405 καταϐεϐρωκέναι,
1687 367 1822 403 ἱστοροῦσί

1031 428 1103 451 τινες
1119 418 1272 453 φυσιολόγοι
1288 417 1359 444 κατὰ
1381 416 1430 451 τὴν
1453 415 1608 450 Αἰγυπτίων
1624 414 1725 450 χώραν.
1742 413 1823 439 Ὅθεν

1032 465 1079 492 καὶ
1095 464 1230 500 ἁρμοδίως
1244 463 1274 490 τὸ
1285 463 1369 498 ὖνομα
1384 463 1452 497 αὐτῇ
1467 462 1605 491 ἐπέθεντο,
1618 460 1661 486 διὰ
1673 459 1722 494 τὴν
1739 467 1825 492 κεφα-

1032 507 1080 544 λὴν
1101 508 1150 543 τῆς
1170 507 1301 543 Γοργόνος
1321 506 1368 533 καὶ
1393 506 1495 541 ταύτην
1518 504 1749 539 Ἀσπιόογοργύνα
1772 511 1821 528 κα-

1032 554 1150 585 λοῦντες.
1166 552 1243 579 Οὕτω
1257 553 1304 578 καὶ
1318 553 1332 579 ὁ
1344 552 1519 587 ματαιόφρων
1535 550 1642 583 Ἐϐίων,
1655 550 1703 576 καὶ
1715 548 1738 575 οἱ
1752 547 1821 583 ἀμφ’

1033 599 1115 626 αὑτὸν
1130 598 1283 633 προῦλαϐον
1297 598 1410 629 ἑαυτοὺς
1431 597 1656 632 κατατέμνοντες,
1676 595 1727 621 οιαὶ
1747 595 1825 622 ἀναι-

1035 644 1144 681 ροῦντες
1164 643 1211 670 ἀπ’
1232 643 1319 678 ἀρχῆς
1340 644 1441 673 ἐκεῖνα,
1463 642 1504 676 ἐφ’
1519 639 1560 673 οἷς
1575 641 1622 668 καὶ
1636 640 1823 675 σεμνύνονται.

1033 690 1150 726 Χριστὸς
1171 689 1224 725 γὰρ
1247 689 1341 716 ἑαυτὸν
1362 689 1391 715 οὺ
1411 687 1573 724 περιέτεμε·
1593 686 1697 714 παιδίον
1710 688 1763 721 γὰρ
1777 683 1824 721 ἦν.

1035 737 1102 769 Δόξα
1124 736 1152 762 δὲ
1173 735 1212 771 τῷ
1234 735 1361 770 ἐλεήμονι
1381 734 1449 770 Θεῷ,
1465 734 1505 760 ὅτι
1529 732 1624 760 ἑαυτὸν
1646 732 1797 768 προῦϐαλεν
1812 732 1826 758 ὁ

1036 782 1141 814 Ἐϐἱων,
1164 782 1206 808 ἵνα
1229 782 1263 808 τὰ
1285 781 1401 815 ἀληθινὰ
1426 781 1462 816 μὴ
1480 780 1645 815 ὁμολογήσῃ,
1668 779 1706 810 εἰς
1721 778 1752 804 τὸ
1772 777 1824 804 καὶ

1035 828 1144 863 ἔλεγχον
1169 827 1248 863 αὐτῷ,
1266 827 1401 861 γενέσθαι.
1427 827 1459 853 Εἰ
1487 826 1537 861 μὲν
1558 825 1612 861 γὰρ
1629 825 1721 858 ἔλεγεν
1744 823 1828 850 αὑτὸν

193 876 348 907 confessus,
361 875 541 902 convincendi
556 875 598 902 sui
613 881 708 902 ansam
721 873 801 901 nobis
814 873 983 900 obtruderet.

1041 874 1102 901 Θεὸν
1115 873 1217 900 ἄνωθεν
1234 874 1336 908 ἥκοντα
1354 871 1569 908 περιτετμῆσθαι
1591 871 1639 906 τὴν
1655 870 1829 905 ὁκταήμερον

194 921 223 949 Si
246 922 318 948 enim
345 921 429 948 Deum
456 921 532 948 illum
558 928 634 952 esse,
657 920 820 955 cmlitusque
842 919 983 954 delapsum

194 971 349 999 assereret,
375 971 527 1001 octavoque
552 966 596 993 die
618 973 634 993 a
657 965 741 992 Maria
769 965 962 993 circumcisum
976 984 983 995 .

193 1019 251 1041 tum
264 1012 373 1047 quidem
391 1017 525 1047 quatenus
539 1016 566 1039 et
580 1011 652 1039 Deus
670 1011 749 1042 foret,
773 1016 799 1038 et
818 1010 845 1038 id
868 1011 938 1038 ultro
953 1018 985 1037 ac

194 1059 334 1086 voluntate
356 1058 543 1096 permisisset.
560 1058 714 1092 speciosum
729 1056 858 1091 quiddam
878 1064 910 1083 ac
924 1064 987 1091 pro-

195 1105 284 1132 babile
299 1105 333 1132 ad
348 1104 569 1131 circumcisionis
589 1103 853 1130 commendationem
870 1103 988 1130 circum-

195 1150 307 1177 foraneo
332 1150 410 1184 152
429 1150 475 1176 isti
494 1149 665 1184 praebuisset.
690 1147 749 1175 Jam
768 1155 832 1175 vero
851 1155 913 1174 eum
930 1155 986 1174 me-

196 1203 258 1222 rum
278 1195 353 1221 illmn
371 1194 506 1221 hominem
522 1201 593 1225 esse,
610 1198 691 1228 atque
712 1193 745 1219 ab
761 1192 918 1219 hominibus
933 1193 987 1219 cir-

178 1241 350 1268 cumcisum
381 1239 467 1266 fuisse
498 1239 614 1270 sentiat,
641 1245 813 1272 nequaquam
837 1245 922 1272 pucro
949 1238 987 1265 illi

197 1286 273 1313 velut.
290 1285 395 1312 auctori
409 1283 584 1311 tribuendum
597 1287 656 1315 est,
674 1283 746 1318 quod
763 1287 858 1310 octava
876 1284 912 1310 sit
927 1284 988 1311 luce

198 1331 386 1359 circumcisus.
403 1329 496 1364 Neque
509 1329 583 1356 enim
598 1325 774 1363 Semetipsum
791 1328 924 1363 praecidit,
941 1329 988 1356 sed

198 1377 226 1405 id
243 1377 276 1404 ab
293 1377 355 1404 aliis
379 1383 477 1411 passus
494 1380 556 1403 est:
570 1374 643 1410 quod
668 1375 721 1402 sibi
745 1375 813 1409 ipsis
833 1375 910 1410 pueri
934 1383 988 1402 noti

199 1424 323 1454 faciunt,
347 1429 435 1456 neque
453 1420 674 1448 eircumcisionis
698 1423 826 1447 auctores
848 1420 916 1455 ipsi,
941 1419 989 1448 sed

1037 920 1090 947 ὑπὸ
1103 920 1150 954 τῆς
1161 920 1280 955 Μαρίας,
1296 919 1326 945 τὸ
1339 918 1499 953 τηνικαῦτα,
1517 917 1582 949 Θεὸς
1594 916 1642 947 ὢν,
1656 916 1703 942 καὶ
1721 924 1829 950 συγχω-

1039 966 1093 1002 ρῶν
1107 966 1177 992 κατὰ
1190 965 1258 992 ἰδίαν
1274 965 1408 995 εὐδοκίαν,
1420 965 1549 1000 παρεῖχεν
1563 963 1596 989 ἂν
1610 961 1648 998 τῷ
1660 961 1764 997 ἀγύρτῃ
1778 960 1830 995 τῆς

1039 1012 1188 1048 περιτομῆς
1210 1011 1414 1045 πιθανολογίαν·
1439 1011 1519 1037 ὁπότε
1542 1010 1570 1036 δὲ
1593 1009 1669 1044 ψιλὸν
1685 1008 1830 1043 ἄνθρωπον

1039 1059 1118 1085 αὑτὸν
1138 1057 1301 1092 γεγενῆσθαι
1317 1058 1327 1072 ⁵
1345 1057 1391 1084 ὐπ’
1413 1057 1563 1093 ἀνθρώπων
1581 1055 1759 1091 παρεισφέρει
1779 1061 1832 1079 πε-

1041 1103 1230 1139 ριτετμῆσθαι,
1245 1103 1335 1139 οὐκέτι
1349 1103 1434 1134 αἴτιός
1449 1103 1522 1129 ἐστιν
1545 1102 1559 1128 ὁ
1579 1102 1653 1134 παῖς,
1669 1101 1693 1126 εἰ
1715 1100 1762 1126 καὶ
1778 1099 1832 1133 τὴν

1039 1150 1209 1184 ὀκταήμερον
1231 1149 1378 1185 περιτομὴν
1401 1147 1581 1184 περιετμήθη.
1606 1148 1642 1174 Οὐ
1664 1146 1717 1182 γὰρ
1733 1145 1833 1172 ἑαυτὸν

1041 1196 1214 1231 περιέτεμεν,
1236 1195 1293 1222 ἀλλ’
1319 1195 1370 1221 ὑπὸ
1395 1194 1546 1230 ἀνθρώπων
1570 1191 1749 1228 περιετμήθη.
1773 1190 1833 1217 Καὶ

1040 1240 1093 1276 γὰρ
1108 1240 1133 1266 οἱ
1151 1240 1245 1272 παῖδες
1267 1239 1316 1274 οὺχ
1338 1239 1451 1270 ἑαυτοὺς
1476 1238 1681 1273 περιτέμνουσι,
1701 1237 1747 1263 καὶ
1768 1235 1834 1262 οὐδὲ

1041 1286 1122 1313 αἴτιοί
1134 1287 1187 1312 εἰσι
1207 1286 1256 1321 τῆς
1270 1285 1373 1311 ἑαυτῶν
1395 1286 1555 1320 περιτομῆς,
1568 1283 1624 1311 ἀλλ’
1640 1285 1664 1310 οἱ
1680 1282 1768 1309 αὐτῶν
1782 1290 1834 1316 γο-

1042 1332 1107 1359 νεῖς.
1123 1332 1236 1358 Ἐκεῖνοι
1259 1332 1312 1366 γὰρ
1328 1331 1438 1367 βραχεῖς
1460 1331 1546 1362 ὄντες,
1563 1330 1737 1366 νηπιάζουσιν
1751 1329 1838 1362 ἀγνο-

1042 1377 1143 1409 οῦντες.
1159 1377 1207 1404 καὶ
1229 1377 1290 1404 οὐδὲ
1311 1377 1399 1403 οἴδασι
1420 1375 1446 1402 τί
1468 1377 1561 1408 αὐτοῖς
1583 1376 1635 1402 ὑπὸ
1654 1375 1708 1402 τῶν
1731 1374 1837 1408 γονέων

1042 1423 1157 1457 γίνεται.

199 1477 293 1497 eorum
309 1469 399 1503 potius
417 1470 545 1502 parentes
568 1465 687 1494 habendi
720 1469 796 1493 sunt.
821 1465 928 1493 Etenim
954 1467 1083 1501 pusiones
1101 1470 1138 1496 illi
1162 1477 1218 1505 prie
1243 1469 1357 1497 infantia
1392 1469 1456 1505 quid
1478 1468 1529 1496 sibi
1563 1476 1577 1495 a
1601 1467 1758 1503 parentibus
1787 1465 1838 1492 fiat

200 1516 337 1550 ignorant.
378 1544 380 1548 ι

236 1561 342 1588 XXVII.
357 1561 392 1587 At
406 1568 457 1588 nos
470 1563 497 1587 et
510 1559 595 1588 Deum
611 1560 688 1587 illum
701 1567 716 1587 e
731 1559 802 1595 cmlo
818 1559 989 1587 descendisse

1080 1562 1143 1588 KZ'.
1167 1562 1261 1596 Ἡμεῖς
1275 1561 1302 1587 δὲ
1324 1561 1370 1588 καὶ
1389 1560 1454 1587 Θεὸν
1466 1559 1547 1587 αὐτὸν
1561 1559 1675 1594 λέγομεν
1688 1558 1735 1585 ἀπ’
1750 1558 1839 1593 οὖρα-

200 1608 329 1639 dicimus,
345 1612 372 1634 et
386 1607 414 1633 in
431 1605 523 1632 Maria:
537 1605 658 1640 Virginis
682 1610 760 1641 utero
783 1605 905 1640 legitimo
926 1610 993 1632 tem-

201 1660 268 1689 pore
291 1651 496 1687 permansisse.
524 1654 628 1686 quanto
655 1651 759 1678 scilicet
782 1651 883 1685 gestari
904 1651 994 1677 caeteri

201 1698 346 1726 infantium
364 1697 463 1728 solent,
480 1696 567 1723 donec
581 1704 613 1723 ex
630 1696 676 1723 illo
695 1695 815 1731 Virginis
832 1700 911 1723 utero
928 1703 994 1732 pro-

202 1745 292 1776 fusus,
310 1743 431 1779 perfecto
444 1742 501 1778 jam
519 1742 638 1769 hominis
655 1741 728 1777 quod
753 1742 879 1769 induerat
896 1749 995 1777 corpo-

201 1799 244 1824 re,
267 1795 420 1825 susceptam
439 1797 455 1816 a
477 1796 507 1816 se
530 1789 628 1816 salutis
652 1793 753 1815 nostrze
775 1788 993 1823 procurationem

203 1837 314 1873 aggredi
339 1836 469 1863 instituit.
487 1835 516 1862 ln
532 1842 585 1869 qua
601 1839 628 1862 et
646 1834 680 1861 ad
702 1834 774 1861 diem
795 1838 922 1862 octavum
939 1841 994 1861 non

203 1884 296 1919 specie
321 1888 422 1914 tenus,
447 1881 495 1909 sed
523 1882 613 1916 reipsa
635 1880 815 1908 circumcisus
838 1885 890 1908 est.
914 1879 995 1907 Venit

205 1930 278 1958 enim
302 1933 331 1956 ut
352 1929 438 1964 legem
455 1935 487 1955 ac
508 1928 704 1963 prophetarum
727 1927 852 1962 impleret
873 1926 993 1959 oracula,

205 1983 260 2003 non
274 1973 447 2006 everteret’;
463 1977 545 2007 atque
562 1977 591 1999 ut
604 1972 720 1999 alienam
737 1980 790 1999 non
806 1971 892 1999 fuisse
908 1971 995 2007 legem

205 2021 372 2052 ostenderet,
389 2019 434 2047 sed
452 2026 466 2045 a
480 2019 571 2054 seipso
588 2025 746 2045 concessam
761 2017 794 2044 ad
813 2025 892 2045 suum
908 2024 996 2052 usque

205 2071 315 2102 tempus
329 2065 381 2093 sub
395 2064 560 2100 quibusdam
578 2063 728 2099 ﬁgurarum
740 2063 814 2091 velut
829 2063 996 2091 umbraculis

205 2113 360 2148 perstitisse
377 2119 452 2147 :quo
476 2111 502 2138 in
526 2118 588 2138 sese
612 2117 644 2137 ac
666 2117 713 2144 per
735 2118 796 2137 sese
816 2109 997 2145 quodcunque

206 2158 257 2193 legi
272 2158 364 2184 deerat
376 2160 515 2191 postremo
530 2154 689 2189 suppleret;
702 2154 854 2189 eademque
867 2154 913 2181 illa
929 2154 997 2189 ligu-

207 2210 301 2229 rarum
319 2202 458 2229 involucra
471 2201 504 2227 ad
518 2200 668 2236 spiritalem
685 2199 891 2235 perfectionem,
908 2207 940 2227 ac
955 2208 997 2227 ve-

206 2248 315 2275 ritatem
337 2246 469 2282 perducta
497 2246 597 2281 figuras
618 2253 680 2272 esse
706 2245 831 2277 desiisse,
856 2249 938 2280 atque
962 2245 995 2272 ad
1012 2237 1035 2265 Π

206 2294 350 2320 veritatem
373 2292 526 2324 transiisse,
547 2295 602 2318 tam
619 2291 678 2326 ipse
695 2299 776 2326 quam
798 2291 858 2325 ejus
880 2290 995 2326 apostoli

207 2338 398 2374 praedicarent.
417 2337 445 2364 ln
464 2337 511 2363 illo
534 2337 633 2371 quippe
654 2336 728 2371 quod
746 2336 877 2371 scriptum
895 2341 953 2364 erat
969 2336 995 2363 in

208 2384 275 2419 lege,
290 2382 441 2418 perfectum
457 2386 509 2414 est.
525 2383 562 2415 id,
576 2384 697 2418 inquam,
710 2383 780 2418 quod
795 2383 828 2410 ad
837 2382 896 2417 ejus
910 2389 997 2417 usque

207 2435 329 2465 tetnpora
349 2430 516 2464 perduravit,
533 2433 560 2457 et
577 2430 603 2456 in
620 2430 679 2464 ipso
693 2429 749 2464 jam
772 2429 926 2456 absolutum
946 2429 996 2455 im-

207 2478 366 2512 pletumque
379 2476 470 2506 desiit,
486 2476 614 2503 nimirum
635 2476 709 2511 quod
727 2475 848 2509 Sephora
863 2475 971 2503 dicebat
988 2483 994 2502 :

209 2522 286 2550 Stetit
303 2521 410 2556 sanguis
424 2521 634 2548 circumcisionis
650 2521 701 2555 ﬁlii
715 2521 765 2547 mei
783 2521 803 2547 '.
826 2520 883 2547 Non
902 2521 970 2547 dixit
989 2530 996 2547 :

208 2566 371 2594 Circumcidi
403 2566 488 2592 lilium
509 2573 609 2593 meum.
638 2565 731 2601 Neque
758 2566 829 2592 enim
853 2565 879 2592 id
904 2566 1001 2601 agebat

209 2611 339 2647 angelus,
366 2614 396 2638 ut
422 2610 596 2638 circumcisio
624 2610 717 2644 ﬁeret,
742 2618 830 2645 neque
858 2610 1001 2646 sanguinis

245 2691 252 2706 '
272 2689 365 2717 Matth.
388 2698 414 2722 ν,
434 2689 476 2716 17.
514 2690 524 2705 ³
543 2688 627 2716 Exod.
646 2697 682 2720 tv,
697 2688 743 2715 9.5.
783 2688 792 2703 ³
809 2687 890 2716 Deest
905 2688 951 2715 καί

1044 1606 1090 1633 νοῦ
1112 1607 1232 1638 ἐλθόντα,
1256 1607 1303 1633 καὶ
1326 1607 1354 1632 ὲν
1382 1607 1472 1641 μήτρᾳ
1495 1604 1634 1641 Παρθένου
1656 1604 1765 1640 Μαρίας
1788 1604 1839 1630 τὸν

1045 1662 1060 1687 χ
1065 1652 1139 1688 ρὸνον
1166 1652 1219 1678 τῶν
1243 1653 1309 1686 ἐγκυ
1314 1661 1394 1687 μονον
1398 1652 1485 1687 μένων
1509 1651 1611 1677 παίδων
1636 1659 1674 1676 πα
1679 1659 1710 1685 ρα
1715 1658 1748 1685 με
1753 1659 1841 1684 μενη-

1044 1698 1121 1729 κότα,
1144 1698 1197 1729 ἕως
1217 1697 1326 1729 τελείως
1347 1697 1401 1724 ἀπὸ
1419 1698 1468 1732 τῆς
1487 1696 1653 1732 παρθενικῆς
1666 1695 1840 1732 μήτραςιξὴν

1045 1743 1177 1778 ἔνσαρκον
1197 1742 1403 1778 ὲνανθρώπησιν
1426 1742 1514 1778 ἑαυτῷ
1531 1742 1577 1768 καὶ
1597 1742 1751 1778 οἰκονομίαν
1764 1743 1840 1768 οἰκο-

1044 1791 1161 1825 νομήσῃ,
1176 1791 1204 1816 ὲν
1252 1791 1298 1817 καὶ
1319 1790 1489 1826 περιετμήθη
1512 1790 1665 1826 ἀληθινῶς,
1681 1791 1729 1816 καὶ
1745 1790 1775 1816 οὺ
1791 1789 1840 1816 δο-

1045 1837 1124 1871 κήσει
1137 1836 1226 1871 ἡμέρᾳ
1239 1838 1271 1872 τῇ
1284 1836 1374 1871 ὀγδόῃ.
1386 1834 1473 1862 ’Ἦλθε
1494 1836 1548 1871 γὰρ
1572 1835 1715 1871 πληρῶσαι
1735 1835 1780 1861 τὸν
1793 1835 1840 1862 νό-

1046 1890 1096 1916 μον
1112 1882 1158 1908 καὶ
1174 1882 1236 1913 τοὺς
1258 1882 1416 1917 προφήτας,
1438 1881 1484 1907 καὶ
1508 1881 1539 1908 οὐ
1561 1881 1729 1908 καταλῦσαι·
1744 1881 1791 1907 καὶ
1805 1881 1839 1908 οὐ

1045 1927 1091 1953 τὸν
1114 1927 1195 1962 νόμον
1220 1927 1358 1963 ἀλλότριον
1374 1927 1522 1962 ἀποφῆναι,
1545 1927 1613 1954 ἀλλὰ
1629 1927 1659 1959 ἐξ
1678 1927 1761 1953 αὑτοῦ
1786 1927 1840 1962 μὲν

1045 1973 1242 2009 δεδωρημένον,
1258 1973 1310 2005 ἓως
1328 1973 1357 1999 δὲ
1378 1973 1461 2000 αὐτοῦ
1483 1975 1512 1999 ὲν
1534 1974 1630 2004 τύποις
1652 1974 1838 2009 μεμενηκότα,

1045 2019 1120 2050 ὅπως
1131 2020 1159 2045 ἐν
1171 2019 1245 2054 αὐτῷ
1258 2020 1304 2045 καὶ
1314 2019 1347 2045 δι’
1359 2019 1440 2046 αὑτοῦ
1453 2019 1533 2046 πάλιν
1545 2020 1613 2055 ὅπερ
1626 2019 1746 2046 ἐνέλιπεν
1758 2020 1786 2045 ὲν
1798 2019 1840 2054 τῷ

1047 2063 1121 2099 νόμῳ
1138 2063 1279 2100 πληρωθῇ,
1292 2064 1335 2091 ἵνα
1352 2065 1376 2090 οἱ
1388 2064 1469 2090 τύποι
1481 2065 1520 2096 εἰς
1533 2064 1720 2100 πνευματικὴν
1730 2065 1841 2091 τελείω-

1048 2117 1089 2135 σιν
1105 2109 1225 2141 ἐλθόντες
1238 2110 1266 2135 ὲν
1280 2109 1403 2145 ἀληθείᾳ,
1422 2110 1466 2137 ὑπ’
1482 2109 1564 2137 αὑτοῦ
1579 2119 1608 2136 τε
1622 2110 1669 2136 καὶ
1685 2110 1738 2136 τῶν
1753 2109 1839 2136 αὐτοῦ

1047 2155 1203 2182 ἀποστόλωί
1225 2155 1417 2191 κηρυχθῶσιν,
1445 2156 1535 2182 οὐκέτι
1560 2156 1635 2188 ὅντες
1659 2155 1756 2187 τύποι,
1779 2156 1839 2183 ἀλλ’

1047 2202 1169 2237 ἀλήθεια.
1188 2202 1250 2228 Ἐπὶ
1271 2201 1358 2237 τούτῳ
1380 2202 1434 2238 γὰρ
1449 2202 1601 2238 ἐπληροῦτο
1622 2202 1652 2229 τὸ
1669 2203 1698 2228 ὲν
1712 2202 1750 2237 τῷ
1763 2203 1840 2238 νόμῳ

1050 2246 1204 2282 εἰρημένον,
1222 2246 1273 2277 ἕως
1293 2245 1377 2273 αὐτοῦ
1398 2246 1445 2273 τοῦ
1462 2247 1558 2282 χρόνον
1576 2247 1733 2283 διαρκέσαν,
1748 2247 1796 2273 καὶ
1809 2247 1840 2273 ἐν

1050 2291 1125 2326 αὐτῷ
1149 2291 1344 2327 ἀφιστάμενον,
1369 2293 1409 2324 εις
1424 2292 1561 2328 πλήρωμα
1579 2293 1607 2319 δὲ
1631 2293 1839 2328 μεθιστάμενον,

1049 2338 1118 2373 ὅπερ
1139 2337 1191 2373 ἔφη
1211 2339 1227 2374 ὴ
1251 2339 1388 2374 Σεπφώρα
1403 2339 1468 2374 (44)·
1483 2339 1523 2366 ὅτι
1543 2340 1637 2372 Ἕστη
1655 2339 1686 2365 τὸ
1701 2336 1772 2373 αἷμα
1783 2338 1841 2372 τῆς

1050 2383 1210 2418 περιτομῆς
1233 2385 1286 2411 τοῦ
1311 2385 1430 2411 παιδίου
1443 2394 1512 2419 μου.
1538 2385 1593 2411 Καὶ
1615 2385 1664 2411 οὐχ
1684 2382 1776 2417 εἶπεν,
1799 2385 1840 2411 ὃτι

1048 2430 1214 2465 Περιέτεμόν
1244 2439 1295 2466 μου
1323 2431 1353 2457 τὸ
1385 2431 1502 2458 παιδίον.
1526 2431 1564 2457 Οὐ
1586 2431 1641 2466 γὰρ
1665 2430 1801 2467 ᾠκονόμει
1826 2432 1841 2457 ὁ

1050 2475 1214 2507 ἀποσταλεὶς
1246 2476 1377 2511 ἄγγελος,
1396 2476 1441 2503 ἴνα
1464 2477 1600 2512 περιτομὴ
1625 2477 1746 2511 γένηται·
1773 2476 1842 2503 ἀλλὰ

1052 2520 1112 2546 οὐδὲ
1129 2520 1159 2546 τὸ
1176 2518 1244 2555 αἷμα
1263 2522 1314 2556 τῆς
1329 2523 1480 2557 περιτομῆς
1495 2522 1624 2558 φοϐηθεὶς
1639 2522 1757 2557 ἀπέστηθ
1774 2522 1842 2549 ἀλλὰ

1054 2565 1231 2600 ὑπομνήσεως
1255 2566 1334 2602 χάριν
1357 2567 1404 2593 τοῦ
1428 2567 1570 2603 μέλλοντος
1595 2567 1701 2595 παιδίου
1718 2568 1749 2594 τὸ
1773 2566 1841 2604 αἷμα

1054 2611 1104 2645 τῆς
1122 2612 1273 2647 περιτομῆς
1291 2613 1376 2648 ἰστᾷν·
1396 2613 1464 2649 ὅπερ
1488 2613 1607 2645 ἀκούσας
1629 2614 1676 2640 καὶ
1698 2615 1843 2650 οἰκονομή-

246 2780 301 2816 (Η)
322 2780 414 2814 Ὅπερ
439 2779 496 2814 ἔφη
521 2780 540 2813 ἡ
563 2777 717 2816 Σεῖιίξῴραἶ
743 2778 868 2816 Miriﬁea“
882 2782 925 2805 est
940 2777 989 2804 loci

1047 2778 1157 2816 codices
1176 2789 1182 2806 :
1200 2778 1316 2813 Sponsus
1329 2780 1489 2816 sanguinum
1507 2784 1534 2806 tu
1547 2779 1611 2806 mihi
1625 2788 1662 2816 es,
1675 2779 1710 2808 ob
1725 2781 1841 2807 circum-

209 2813 296 2843 istius
311 2813 510 2850 interpretatio.
533 2822 612 2848 quam
642 2814 810 2850 Epiphanius
830 2813 918 2850 affert.
933 2821 992 2850 qua;

210 2858 244 2878 ex
261 2849 331 2877 LXX
356 2848 470 2878 lectione
495 2851 608 2884 petitur;
635 2857 696 2876 naut
717 2848 821 2877 Hebraei
848 2853 875 2876 et
903 2848 993 2876 Latini

1047 2813 1197 2876 eisipnem,
1218 2809 1327 2843 habent.
1354 2809 1425 2841 LXX
1449 2823 1514 2843 vero
1537 2816 1617 2850 longe
1639 2809 1693 2842 alia
1716 2815 1841 2843 reddidc~

1064 2857 1099 2876 un
1114 2868 1121 2876 .

1064 2857 1121 2876 11111..
