1961 3046
164 148 217 176 ιὸὃ

537 147 723 177 ADVERSUS
741 149 915 178 "ERESES
934 149 998 179 LIB.
1012 151 1034 178 Ι.
1054 150 1136 198 TDM.
1156 150 1189 178 ll.
1209 166 1243 171 -—
1263 151 1400 180 IIA'IRES.
1419 152 1500 181 XXX.

1739 155 1792 184 45).

165 217 216 239 σας
239 206 354 243 ἀπέστη.
367 205 426 234 ’Καὶ
442 207 518 234 ποίου
533 209 651 241 παιδίου,
666 209 758 236 ἄκουε.
775 209 844 236 Ἀλλ’
860 209 876 245 ἢ
892 211 945 246 περ

1005 215 1080 237 metu
1092 210 1216 244 recessit,
1233 211 1282 239 sed
1300 215 1329 238 ut
1344 219 1405 239 eum
1423 212 1565 245 infantem,
1579 219 1593 239 a
1605 220 1660 248 quo
1675 213 1794 242 circum-

164 250 194 281 οὗ
210 252 285 280 εἶπεν
307 255 321 281 ὁ
343 254 504 290 προφήτης,
519 255 561 281 ὃτι
578 255 770 288 Θελήσουσιν
790 256 816 282 εἰ
835 255 954 290 ἐγένον-

163 308 197 326 το
210 300 265 334 (45)
277 301 487 334 πυρίκαυστοι.
501 301 566 328 Ὅτι
581 301 703 328 παιδίον
713 301 859 337 ἐγεννήθη
871 302 952 336 ἡμῖν,

164 347 212 373 καὶ
235 347 300 379 υἱὸς
315 347 403 380 ἐδόθη
424 346 507 382 ἡμῖν.
522 347 559 373 Τὸ
574 347 623 382 μὲν
638 346 767 382 γεννηθὲν
783 347 889 374 παιδίον
900 347 954 374 δει-

162 393 228 424 κνὺς
250 393 279 419 ἐν
300 393 425 429 ἀληθεία,
446 393 520 425 ὅπως
544 393 651 429 σημάνῃ
666 393 715 428 τὴν
733 393 862 428 ἀληθινὴν
878 394 954 420 ἐναν-

162 437 320 473 ορὡπησιν·
336 438 365 465 τὸ
378 439 420 471 δὲ,
437 438 502 471 υἱὸς
519 439 607 472 ἐδόθη
629 439 710 473 ἡμῖν,
725 440 798 470 ὅπως
815 438 889 474 δείξῃ
907 439 953 465 τὸν

161 483 264 510 ἄνωθεν
279 483 346 510 Θεοῦ
363 484 460 518 Λόγον,
477 484 524 511 καὶ
542 484 606 510 Υἱὺν
623 484 689 511 Θεοῦ
706 485 787 511 αὐτὸν
803 484 951 520 δειχθέντα,

161 530 209 556 καὶ
234 531 262 556 ἐν
291 530 382 566 μήτρᾳ
399 530 543 565 γενόμενον
567 529 831 565 ὲνανθρωπὴσαντα,
857 529 953 564 ἔχοντα

161 575 305 611 ἀμφότερα
320 575 386 602 Θεὸν
396 576 443 602 καὶ
458 575 610 611 ἄνθρωπον,
625 575 704 602 αὑτὸν
719 574 796 608 Θεὸν,
813 575 894 601 αὑτὸν
904 575 952 602 ειν-

161 621 287 656 θρωπον,
306 621 386 648 αὐτὸν
409 622 466 648 υἱὸν
483 621 585 649 ἄνωθεν
603 621 727 654 δοθέντα,
748 621 829 648 αὐτὸν
846 621 952 648 παιδίον

160 666 336 702 γεννηθέντα.
358 667 415 702 Ἐφ’
435 663 466 693 οὗ
483 667 547 703 ἔστη
569 667 662 694 λοιπὸν
683 667 714 694 τὸ
729 664 799 702 αἷμα
811 667 859 702 τῆς
874 676 952 703 περι-

158 713 263 748 τομῆς,
277 713 315 744 ὠς
335 713 382 740 καὶ
401 715 430 741 ἐν
455 713 494 749 τῷ
516 713 674 749 Εὐαγγελίῳ
692 714 775 748 λέγει·
794 714 858 740 Ὅτε
870 711 951 749 ἦλθον

161 758 292 794 Ἕλληνες
322 759 478 794 βουλόμενοι
502 759 582 786 αὐτὸν
610 759 775 786 θεάσασθαι·
800 759 846 786 καὶ
869 757 951 795 ἦλθον

159 806 229 841 πρὸς
246 805 388 838 Φίλιππον,
410 806 457 832 καὶ
478 806 603 841 λέγουσιν
618 807 702 842 αὐτῷ,
720 806 811 839 Δεῖξον
824 807 889 842 ἡμῖν
905 805 951 833 τὸν

159 851 275 886 Ἰησοῦν·
297 852 345 878 καὶ
359 853 372 878 ὁ
386 852 518 884 Φίλιππος
539 852 578 888 τῷ
589 852 711 888 ’Δνδρέᾳῃ
729 852 777 878 καὶ
790 853 805 878 ὸ
822 851 949 888 ’Δνδρὲας

1005 253 1118 281 cisionis
1137 261 1220 281 cruor
1243 254 1408 282 inhibendus
1424 259 1501 288 erat,
1518 256 1546 283 in
1564 257 1723 285 memoriam
1747 266 1792 286 re-

1003 303 1124 326 voearet.
1150 298 1240 332 Quare
1257 307 1318 327 mox
1341 305 1371 328 ut
1388 301 1455 327 illud
1478 302 1583 328 audivit
1603 309 1635 330 ac
1655 303 1790 338 praestitit,

1004 351 1019 370 e
1034 343 1125 371 medio
1141 352 1171 371 se
1187 344 1328 372 subduxit.
1343 344 1378 372 At
1390 346 1516 381 quisnam
1533 346 1578 374 ille
1593 346 1703 375 futurus
1719 352 1792 376 esset

1004 389 1106 421 infans,
1120 390 1224 425 accipe.
1241 391 1269 417 1s
1287 391 1358 418 enim
1375 398 1434 419 erat
1450 392 1483 420 de
1499 399 1554 427 quo
1570 394 1703 428 propheta
1717 394 1791 421 locu-

1004 438 1048 462 tus
1072 439 1114 462 est
1135 442 1142 461 :
1167 435 1202 462 Et
1227 436 1311 463 volent
1333 445 1389 464 esse
1410 437 1468 472 igne
1491 438 1630 467 combusti.
1660 438 1791 472 Quoniam

1003 481 1126 515 parvulus
1149 487 1227 509 nam:
1249 487 1287 510 est
1303 484 1386 515 nobis,
1403 488 1428 510 et
1445 484 1518 518 [ilius
1533 485 1612 512 datus
1629 489 1667 512 est
1679 486 1753 513 nobis
1769 486 1789 512 ³.

1004 527 1108 560 Quibus
1127 528 1216 556 verbis
1230 529 1347 564 primum
1363 533 1456 556 natum
1474 538 1568 558 revera
1583 531 1724 566 parvulum
1742 531 1788 558 dc-

1002 574 1175 606 monstravit,
1199 578 1228 601 ut
1244 582 1308 602 vere
1331 579 1486 610 susceptam
1502 576 1536 603 ab
1550 583 1583 603 eo
1601 579 1725 603 naturam
1741 576 1791 604 ho-

1002 619 1084 646 minis
1101 619 1276 655 signiﬁcaret.
1295 619 1398 648 Deinde
1419 622 1554 656 subjecit,
1571 622 1645 656 ﬁlius
1659 622 1737 649 datus
1752 627 1790 650 est

1002 664 1093 696 nobis;
1108 670 1137 692 ut
1160 665 1285 693 eumdem
1311 665 1359 694 Dei
1383 674 1445 695 esse
1460 666 1578 694 Verbum
1594 676 1609 695 e
1624 669 1694 695 emlo
1716 668 1790 695 dela-

1002 720 1092 747 psum,
1107 711 1210 747 Deique
1226 711 1325 739 Filium
1343 713 1510 740 declaratum
1532 713 1706 745 ostenderet,
1720 718 1747 742 et
1761 714 1789 751 in

1002 764 1080 786 utero
1100 759 1238 794 genitum,
1263 759 1455 795 hominemque
1478 761 1595 792 factum,
1612 761 1647 787 ita
1664 761 1790 796 153m

1001 804 1136 839 duplicem
1154 805 1181 831 in
1196 812 1225 832 se
1241 808 1377 837 naturam,
1398 805 1446 833 Dei
1462 806 1598 839 videlicet,
1615 807 1789 842 hominisque

1001 850 1172 883 contineret,
1191 851 1359 886 proindeque
1375 850 1458 879 Deum
1478 853 1581 888 pariter
1600 857 1682 888 atque
1699 854 1789 881 homi:

157 898 199 933 τῷ
216 898 303 934 Ἰησοῦ
323 899 386 935 ἔφη,
405 899 445 926 ὃτι
469 899 550 933 Τινὲς
571 899 720 933 Ἕλληνες
731 899 898 931 βούλονταί
913 907 945 926 σε

1000 903 1073 928 nem,
1091 899 1117 923 et
1138 896 1263 924 eumdem
1277 896 1408 925 divinitus
1425 898 1544 925 oblatum
1564 898 1660 931 filium,
1676 907 1709 926 ac
1722 907 1788 934 pue-

159 942 335 971 θεάσίισθαι.
359 944 414 970 Καὶ
438 944 517 976 εὐθὺς
536 946 549 971 ὁ
570 945 672 980 Κύριος
695 943 881 979 ἀποκρίνεται,
906 944 950 971 λέ-

158 996 226 1022 γων·
242 988 299 1016 Νῦν
320 990 436 1025 ἔφθασεν
451 992 466 1026 ἡ
483 991 545 1023 δόξα
559 991 605 1017 τοῦ
624 991 701 1017 Θεοῦ·
719 991 762 1017 ἵνα
784 991 858 1027 δείξῃ
873 1000 950 1027 περι-

156 1034 244 1069 τομὴν
272 1035 322 1070 μὲν
346 1037 555 1072 παρερχομένην
577 1037 625 1072 τὴν
649 1037 790 1072 ἔνσαρκον,
809 1037 856 1063 καὶ
871 1036 949 1072 τύπῳ

157 1079 370 1114 ὑπηρετήσασαν
393 1081 457 1117 ἄχρι
479 1082 586 1117 χρόνου,
606 1081 654 1117 τὴν
668 1081 696 1107 δὲ
716 1083 744 1108 ἐν
762 1081 844 1116 σαρκὶ
865 1082 949 1116 ἀκρο-

157 1124 271 1151 ϐυστίαν
294 1126 323 1151 ὲν
346 1126 481 1161 πνεύματι
507 1126 620 1162 ἔχουσαν
647 1127 758 1162 μείζονα
784 1126 946 1162 περιτομὴν,

159 1171 314 1207 θεωροῦσαν
336 1172 462 1208 Χριστὸν,
485 1173 533 1200 καὶ
552 1173 633 1199 αὑτὸν
646 1174 675 1200 ὲν
692 1173 805 1200 ἀληθεία
822 1172 948 1207 κατειλη-

158 1225 250 1251 φυιαν.

1000 942 1090 968 rulum
1106 946 1210 969 natum.
1226 942 1254 970 In
1266 950 1319 977 quo
1334 943 1555 971 eircumcisionis
1568 944 1696 980 deinceps
1706 952 1788 972 cruor

1000 988 1092 1020 stetit,
1116 992 1146 1014 ut
1169 988 1195 1014 in
1219 987 1367 1023 Evangelio
1390 989 1447 1024 ipse
1468 994 1593 1018 testatur.
1620 990 1688 1017 Cum
1714 991 1786 1018 enim

1000 1035 1115 1069 gentiles
1131 1034 1240 1062 videndi
1255 1036 1315 1070 ejus
1330 1035 1467 1063 desiderio
1488 1036 1672 1064 accessissent
1686 1045 1692 1069 ;
1711 1040 1738 1063 et
1753 1036 1787 1062 ad

1000 1080 1153 1116 Philippum
1172 1082 1305 1110 adeuntes
1328 1082 1462 1109 dixissent
1481 1090 1487 1108 :
1506 1081 1626 1110 Ostende
1642 1082 1720 1109 nobis
1742 1081 1788 1109 Je-

1001 1134 1078 1160 sum;
1091 1134 1122 1154 ac
1137 1126 1278 1162 Philippus
1292 1128 1318 1155 id
1335 1128 1460 1159 Andreae,
1478 1128 1600 1155 Andreas
1617 1127 1727 1155 Christo
1743 1135 1786 1155 re-

1001 1173 1107 1200 tulisset
1129 1174 1172 1201 his
1192 1174 1283 1201 vcrbis
1299 1173 1433 1201 :Gentiles
1455 1174 1563 1208 quidam
1589 1173 1674 1201 videre
1698 1178 1722 1201 te
1741 1182 1786 1200 cu-

998 1219 1073 1253 piunt
1097 1218 1117 1250 ‘,
1138 1218 1269 1246 Dominus
1293 1219 1366 1246 illico
1390 1219 1644 1254 responditzNunc
1664 1220 1787 1254 pervenit

158 1265 244 1299 gloria
269 1265 327 1298 Dei,
352 1271 382 1294 ut
400 1267 640 1295 circumcisionem
664 1274 757 1294 carnis
780 1265 945 1301 praeteriisse
959 1265 1014 1300 jam
1030 1266 1150 1298 doceret,
1166 1271 1193 1293 et
1211 1265 1244 1292 ad
1259 1269 1362 1294 certum
1392 1271 1498 1302 tempus
1531 1266 1624 1301 ﬁgura
1645 1266 1785 1298 serviisse,

156 1311 249 1338 carnis
281 1319 345 1339 vero
366 1313 528 1347 praeputium
552 1312 688 1347 spirituali
712 1320 744 1340 ac
779 1311 962 1347 praestantiori

157 1355 273 1390 ejusque
292 1357 381 1391 reipsa
401 1361 553 1392 compotem
574 1357 642 1384 fieri.

191 1402 259 1429 KH'.
276 1401 309 1427 Εξ
326 1401 354 1427 δὲ
374 1400 512 1436 βούλονται
529 1397 602 1427 οὗτοι
616 1401 715 1435 λέγειν,
736 1400 799 1432 Πῶς
813 1398 859 1428 οὖν
877 1401 945 1436 Χρι-

157 1448 220 1480 ne;
233 1446 424 1483 περιετμήθη;
441 1447 602 1474 ἀκούσονται
616 1469 622 1480 ,
640 1447 680 1473 ὅτι
699 1447 768 1483 Ἤδη
787 1447 836 1482 μὲν
848 1444 904 1479 οὖν,
921 1443 944 1473 ὧ

997 1311 1207 1339 circumcisione
1237 1311 1380 1346 praeditum
1410 1313 1588 1348 contemplari
1625 1312 1784 1347 Christum,

1035 1396 1154 1424 XXVIII.
1175 1397 1254 1430 Quod
1267 1398 1291 1424 si
1314 1397 1387 1426 istud
1404 1399 1484 1427 nobis
1499 1400 1630 1435 objiciant
1642 1410 1649 1428 :
1662 1400 1718 1430 Cur
1732 1403 1784 1439 igi-

998 1446 1043 1470 tur
1058 1443 1239 1470 circumcisus
1256 1448 1297 1471 est
1313 1443 1460 1472 Christus?
1475 1444 1511 1472 ita
1527 1452 1542 1472 a
1559 1446 1639 1474 nobis
1653 1448 1782 1477 audient:

155 1494 371 1529 πεπλανημένοι,
391 1493 532 1529 ἐδείξαμεν
556 1493 619 1529 ὑμῖν
644 1492 677 1519 δι’
696 1493 729 1528 ἢν
748 1493 837 1519 αἰτίαν
864 1501 943 1527 περι-

998 1488 1161 1516 Jamdudum
1175 1489 1294 1523 quidem,
1305 1497 1321 1516 ο
1332 1490 1457 1518 homines
1468 1491 1597 1526 opinione
1611 1491 1679 1520 falsa
1691 1494 1782 1523 ducti!

156 1539 274 1575 ετμήοη.
293 1539 466 1575 Περιετμήθη
485 1539 538 1574 γὰρ
556 1539 599 1575 ὂψ
617 1539 732 1570 πολλοὺς
745 1538 871 1574 τρόπους.
889 1539 945 1565 Καὶ

156 1585 275 1620 πρῶτον,
290 1585 332 1611 ἵνα
353 1584 427 1620 δείξῃ
444 1585 472 1610 ὲν
490 1584 603 1619 ἀληθείᾳ
620 1584 709 1619 σάρκα
729 1583 823 1610 ἑαυτὸν
837 1583 945 1619 ἀνειλη-

156 1631 245 1665 φέναι,
264 1630 309 1657 διὰ
332 1631 482 1665 Μανιχαῐον
507 1630 554 1657 καὶ
570 1631 633 1663 τοὺς
654 1631 780 1665 λέγοντας
795 1631 824 1656 ἐν
836 1630 945 1665 δοκήσει

155 1677 322 1712 πεφηνέναι·
347 1676 458 1710 ἔπειτα,
487 1677 530 1703 ἴνα
556 1677 639 1712 δείξῃ,
658 1677 696 1708 ὡς
720 1677 770 1703 οὐκ
794 1674 828 1711 ἦν
849 1675 945 1711 ὁμοού-

156 1731 213 1749 σιον
229 1722 284 1758 (46)
302 1722 332 1749 τὸ
349 1722 429 1758 σῶμα
446 1724 479 1758 τῇ
497 1723 613 1758 θεότητι,
645 1722 682 1754 ὡς
702 1722 784 1758 φησὶν
804 1721 943 1748 Ἀπολινά-

157 1776 228 1803 pro,“
244 1768 302 1794 ἀλλ’
319 1766 380 1793 οὔτε
396 1767 499 1794 ἄνωθεν
519 1767 585 1794 αὐτὸ
605 1767 792 1802 κατενήνοχεν,
816 1766 854 1797 ὡς
870 1765 944 1799 λέγει

155 1814 330 1846 Οὐαλεντίνος
340 1823 346 1829 ·
365 1814 411 1840 καὶ
423 1814 466 1840 ἵνα
481 1813 618 1848 βεϐαιώσῃ
628 1814 661 1848 ἣν
676 1813 760 1840 πάλαι
771 1812 853 1839 ἔδωκε
866 1821 945 1847 περι-

154 1859 241 1895 τομὴν
255 1859 367 1890 δικαίως
379 1859 592 1894 ὑπηρετήσας-αν
607 1858 659 1890 ἓως
674 1859 723 1894 τῆς
741 1857 823 1885 αὐτοῦ
838 1866 943 1893 παρου-

155 1905 227 1937 σίας,
241 1906 288 1932 ml.
303 1905 347 1932 διὰ
363 1905 394 1931 τὸ
407 1905 443 1940 μὴ
460 1905 533 1939 ἔχειν
545 1904 607 1936 τοὺς
624 1904 768 1936 Ἰουδαίους
784 1903 942 1938 ἀπολογίαν.

154 1952 186 1978 Εἰ
203 1952 257 1986 γὰρ
275 1951 312 1987 μὴ
337 1950 521 1991 περιετμήθη,
549 1947 621 1986 εἶχον
642 1950 747 1984 λέγειν·
771 1950 828 1976 Οὐκ
845 1949 943 1984 ἠδυνά-

155 1995 226 2032 μεθα
241 1995 359 2031 Χριστὸν
370 1995 496 2028 δέξασθαι
510 1995 538 2021 ὲν
552 1994 727 2030 ἀκροϐυστίᾳ.
740 1995 844 2026 ’Ἄλλως
856 2003 885 2021 τε
897 1994 944 2022 καὶ

153 2042 206 2068 ἔδει
224 2041 304 2068 αὐτὸν
322 2041 508 2076 ἐντειλάμενον
523 2041 562 2076 τῷ
585 2041 709 2077 Ἀϐραὰμ
729 2040 942 2076 περιτμηθῆναι,

154 2087 302 2123 σφραγῖδος
319 2087 400 2112 ἓνεκα
418 2085 593 2121 φαινομένης,
611 2086 651 2117 εἰς
665 2086 749 2112 τύπον
766 2086 795 2112 δὲ
813 2085 943 2121 ἀληθινῆς

152 2133 200 2160 καὶ
218 2133 334 2169 ἀοράτου
361 2131 500 2167 δοθείσης,
524 2130 572 2157 νῦν
593 2131 795 2166 περιτμηθῆναι
817 2131 919 2166 ταύτην
933 2131 941 2146 ¹

155 2179 313 2215 βεϐαιῶσαι.
331 2178 455 2212 Ἐγένετο
470 2177 524 2213 γὰρ
537 2178 554 2212 ἡ
572 2177 721 2212 φαινομένη
738 2177 872 2212 περιτομὴ
884 2177 942 2203 ἓνε-
957 2188 978 2215 ι)

154 2234 200 2252 κεν
217 2224 366 2259 δισταγμοῦ
385 2224 432 2250 τοῦ
453 2223 588 2258 Ἀϐραὰμ,
611 2224 654 2249 ὅτε
672 2220 748 2249 εἶπεν
763 2224 777 2249 ὁ
798 2223 875 2257 ἅγιος
894 2223 940 2250 καὶ

154 2272 258 2303 δίκαιος
275 2271 312 2303 ὡς
331 2272 360 2297 ὲν
377 2270 531 2305 δισταγμῷ·
543 2271 578 2296 El
592 2269 630 2302 τῷ
645 2268 864 2296 ἐκατοντιιέτει²
877 2269 939 2301 υἱὸς

155 2317 331 2352 γενήσετιιι;
354 2317 403 2343 καὶ
426 2318 453 2343 sl
475 2316 574 2350 Σάρῤα
589 2315 608 2349 ὴ
628 2314 788 2349 πρεσϐῦτις
802 2313 943 2348 γεννήσει

130 2359 133 2363 ’
155 2364 240 2395 ἰιίὸν;
253 2363 307 2389 Καὶ
318 2362 397 2394 εὐθὺς
413 2363 427 2388 ὁ
446 2361 547 2397 Κύριος
557 2370 563 2376 ·
583 2360 661 2388 Λάϐε
677 2369 728 2395 μοι
743 2361 827 2394 κριὸν
841 2360 944 2394 τριετί-

154 2408 239 2438 (crta
253 2408 319 2443 (Η),
344 2407 393 2433 καὶ
414 2405 483 2440 αἶγα
504 2405 554 2432 καὶ
574 2405 715 2440 δάμαλιν,
737 2404 784 2431 καὶ
808 2405 843 2431 τὰ
867 2404 940 2439 ἑξῆς.

152 2455 207 2482 Καὶ
223 2454 288 2488 περὶ
301 2454 359 2488 τὴν
371 2452 424 2480 τοῦ
437 2453 528 2485 ἡλίου
542 2451 642 2484 δύσιν,
656 2451 696 2484 ὡς
710 2449 771 2477 εἶδε
783 2450 941 2485 λαμπάδας

187 2535 195 2549 ¹
212 2542 257 2567 rp.
273 2532 320 2560 καὶ
334 2531 445 2566 ταύτην.
485 2531 495 2545 ²
508 2529 701 2564 ἑκατονταέτῃ.
740 2529 750 2543 ³
766 2528 818 2555 lsa.
834 2536 872 2560 Ix,
893 2528 920 2561 5,
935 2528 961 2556 6.

184 2589 247 2625 (451
261 2589 322 2614 Ὅτι
347 2587 534 2625 φλῄσουσιν
555 2587 581 2625 εὶ
605 2586 753 2625 ἐπήγοντο.
773 2584 866 2620 Neque
891 2585 936 2625 hic

148 2620 210 2652 cum
226 2623 339 2651 Hebron
353 2622 423 2648 LXX
439 2622 623 2648 consentiunt.
641 2620 755 2655 Vulgata
769 2625 862 2647 nostra
877 2629 883 2647 ε
902 2620 934 2646 Et

149 2661 330 2686 vestimentth
346 2658 453 2684 mistum
470 2657 596 2689 sanguine
613 2656 663 2682 erit
681 2657 707 2682 in
720 2656 934 2687 combustionem,

148 2685 261 2722 ὲῖεὲδιὶπ
276 2694 355 2728 ignis.
373 2693 426 2720 Pro
442 2700 495 2726 quo
512 2685 610 2723 ὄγκοι,
627 2691 674 2717 καὶ
689 2690 847 2725 θελήσουσιν
865 2685 934 2717 εἶναι

148 2730 338 2765 πυρίκαυστοι.

184 2758 240 2798 (46)
262 2765 383 2790 Ἔπειτα
404 2763 453 2798 ἵνα
467 2762 563 2798 δείξῃ,
576 2761 615 2794 ὡς
632 2762 686 2787 οὐκ
703 2758 742 2796 ἦν
762 2761 933 2795 ὁμοούσιον.

149 2796 316 2834 Apollinaris
339 2796 447 2826 carnem
465 2797 566 2834 Christi
590 2798 624 2834 ab
644 2800 746 2834 merito
772 2797 871 2834 fuisse,
888 2804 938 2824 nec

149 2830 184 2862 ei
197 2835 305 2869 Virgine
332 2838 423 2869 natam
447 2833 574 2869 asseruit.
593 2831 705 2869 Gregor.
721 2830 849 2869 Nazianz.
865 2835 937 2869 orat.

150 2877 212 2897 XLVI
233 2864 460 2897 τ”Διαϐεόαιοῦται
491 2868 546 2903 γὰρ
570 2866 607 2902 μὴ
631 2864 776 2901 ἐπίκτητον
798 2864 867 2894 εἶναι
889 2866 937 2902 τὴν

997 1542 1109 1562 causam
1127 1534 1205 1562 vobis
1228 1543 1277 1562 cur
1299 1539 1373 1563 esset
1393 1535 1574 1565 circumcisus
1599 1539 1782 1568 ostendimus.

997 1579 1089 1606 Multis
1106 1579 1178 1606 enim
1194 1579 1220 1606 id
1241 1579 1274 1607 de
1291 1578 1384 1608 causis
1399 1581 1544 1608 sustinuit.
1561 1581 1694 1616 Primum,
1711 1589 1740 1612 ut
1753 1593 1783 1614 se

995 1632 1106 1653 carnem
1135 1632 1230 1653 revera
1258 1625 1382 1655 induisse
1401 1631 1578 1659 monstraret.
1599 1635 1712 1665 propter
1727 1631 1783 1659 Ma-

995 1672 1142 1704 niclueum,
1159 1675 1338 1707 caeterosque,
1357 1673 1404 1708 qui
1419 1673 1600 1703 similitudine
1618 1677 1737 1711 quadam
1751 1685 1783 1705 ac

995 1717 1090 1752 specie
1103 1717 1235 1745 duntaxat
1256 1719 1420 1753 apparuisse
1439 1718 1605 1748 docuerunt.
1627 1721 1730 1751 Deinde
1752 1727 1782 1750 ut

994 1771 1095 1797 corpus
1113 1763 1249 1790 divinitati
1267 1765 1504 1793 consubstantiale
1519 1774 1575 1793 non
1594 1774 1656 1794 esse
1668 1767 1783 1796 demon-

995 1813 1106 1842 straret,
1123 1813 1153 1836 ut
1169 1810 1337 1845 Apollinaris
1353 1811 1511 1845 existimat;
1527 1820 1578 1840 nec
1593 1820 1608 1840 e
1624 1814 1694 1842 caelo
1707 1815 1783 1842 dela-

994 1858 1053 1882 tum
1075 1855 1102 1882 in
1131 1859 1229 1887 terras,
1251 1856 1297 1890 qui
1325 1856 1464 1884 Valentini
1484 1865 1564 1885 error
1580 1858 1640 1886 fuit.
1663 1858 1732 1888 Tum
1752 1866 1781 1888 ut

994 1901 1075 1935 cujus
1098 1901 1162 1928 olim
1189 1901 1412 1930 circumcisionis
1435 1907 1533 1930 auctor
1554 1903 1655 1937 fuerat,
1671 1912 1730 1932 eam
1746 1906 1779 1933 ad

994 1947 1140 1974 adventum
1163 1954 1251 1981 usque
1275 1955 1355 1974 suum
1375 1948 1548 1976 observatam
1578 1949 1663 1978 fuisse
1681 1952 1780 1980 merito

994 1992 1203 2027 comprobaret,
1225 1996 1306 2027 atque
1327 1996 1356 2019 ut
1372 2001 1481 2021 omnem
1499 1993 1600 2023 Judaeis
1620 1997 1780 2024 excusatio-

993 2045 1056 2065 nem
1071 2038 1200 2073 eriperet.
1216 2037 1273 2065 Nisi
1287 2038 1360 2065 enim
1376 2038 1560 2067 circumcisus
1575 2040 1656 2072 foret.
1673 2041 1729 2069 hoc
1745 2042 1778 2070 ad

993 2083 1036 2110 sui
1056 2083 1247 2118 purgationem
1264 2081 1361 2110 aﬂ‘erre
1371 2084 1525 2117 potuissent
1546 2084 1621 2113 :Nos
1636 2085 1778 2114 Christum

993 2128 1128 2162 przeputio
1143 2127 1287 2162 praeditum
1308 2128 1425 2163 probare
1442 2130 1625 2164 nequivimus.
1644 2130 1777 2160 Prmterea

992 2181 1057 2201 vero
1072 2181 1134 2201 eum
1148 2175 1305 2208 oportebat.
1322 2175 1366 2209 qui
1389 2174 1546 2203 Ahrahamo
1559 2176 1778 2205 circumcidendi

994 2221 1037 2247 sui
1064 2220 1224 2247 mandatum
1245 2220 1385 2254 ediderat,
1403 2225 1431 2248 ut
1452 2220 1486 2248 ad
1513 2222 1569 2249 veri
1587 2226 1614 2250 et
1635 2229 1777 2258 aspectum

994 2266 1124 2301 fugientis
1148 2266 1367 2294 adumbrandam
1389 2267 1535 2302 imaginem
1549 2275 1684 2303 apparens
1711 2270 1778 2298 illud

993 2312 1103 2346 signum
1120 2317 1147 2338 et
1167 2311 1334 2345 aspcctabile
1355 2319 1412 2346 prae
1430 2319 1459 2339 se
1480 2311 1575 2345 ferret,
1597 2318 1687 2341 ratum
1711 2315 1777 2343 illud

992 2365 1042 2385 sua
1055 2357 1267 2385 circumcisione
1278 2357 1377 2386 facere.
1391 2357 1459 2385 Nam
1473 2362 1587 2387 externa
1601 2360 1647 2387 illa
1659 2361 1778 2389 cireum-

992 2404 1061 2431 cisio
1088 2404 1246 2431 Abrahamo
1274 2404 1309 2431 ob
1334 2404 1395 2439 ejus
1416 2405 1616 2433 haesitationem
1648 2407 1778 2443 imposita

991 2450 1059 2483 fuit;
1082 2458 1145 2478 cum
1161 2451 1202 2478 vir
1226 2455 1340 2478 sanctus
1363 2458 1396 2478 ac
1420 2450 1513 2486 justus
1535 2452 1610 2480 velut
1624 2452 1778 2482 dubitando

1000 2529 1011 2544 δ
1024 2527 1102 2556 Joan.
1119 2537 1168 2561 xu,
1181 2528 1226 2556 2|.

990 2586 1078 2627 σάρξα
1091 2587 1150 2613 κατ’
1159 2587 1313 2627 οὶηονομίαν
1327 2587 1379 2613 ὑπὸ
1390 2587 1437 2627 τοῦ
1451 2590 1611 2627 μονογενοῦς
1622 2590 1687 2618 Υἱοῦ
1695 2600 1778 2627 προσ-

989 2622 1134 2662 ληφθείςαν
1158 2623 1211 2662 ἐπὶ.
1225 2622 1462 2662 μεῖαστοιχειώσει
1559 2626 1665 2659 φύσεως
1688 2622 1776 2662 ἡμῶν,

989 2657 1046 2718 ἀρ’
1063 2657 1092 2689 ἐξ
1102 2658 1190 2718 ρρχῆς
1203 2658 1231 2683 ἐν
1246 2657 1284 2692 τῷ
1300 2658 1356 2693 ΥΕῷ
1366 2657 1422 2694 τὴν
1436 2657 1684 2696 σαρκώδηὲκείνην
1697 2657 1777 2696 φύσιν

989 2700 1001 2718 ε
1014 2701 1068 2718 ναι.
1084 2701 1099 2718 e
1113 2701 1138 2718 c.

989 2698 1068 2723 εἰναι,
1084 2698 1138 2720 etc.

1024 2728 1080 2763 (47)
1100 2727 1243 2764 Λάϐβᾉρίοι
1256 2728 1349 2764 τόμον
1369 2728 1491 2762 χάρτου.
1513 2728 1569 2756 Vox
1584 2730 1684 2764 χάρτου
1700 2730 1777 2756 abest

988 2770 1004 2789 a
1020 2764 1135 2799 vulgata
1160 2762 1230 2789 LXX
1255 2762 1434 2799 interpretum
1458 2762 1657 2792 editione.‘Sed
1671 2765 1698 2791 in
1715 2765 1777 2792 aliis

990 2798 1066 2835 olim.
1082 2804 1111 2825 ut
1127 2802 1248 2834 apparet,
1266 2798 1345 2826 lecta.
1366 2798 1484 2827 Basilius
1507 2803 1598 2827 autem
1619 2799 1702 2835 τόμον
1717 2808 1776 2827 uat-

990 2833 1036 2860 νοῦ
1054 2833 1181 2869 μεγάλου.
