  <div class='ocr_page' id='page_1' title='image "/cluster/home/n/w/nwhite01/storage/ocr_20150623/41/njp.32101007805813/247.png"; bbox 0 0 1961 3046; ppageno 0'>
   <div class='ocr_carea' id='block_1_1' title="bbox 207 166 261 196">
    <p class='ocr_par' dir='ltr' id='par_1_1' title="bbox 207 166 261 196">
     <span class='ocr_line' id='line_1_1' title="bbox 207 166 261 196; baseline -0.037 0"><span class='ocrx_word' id='word_1_1' title='bbox 207 166 261 196; x_wconf 79' lang='grc'><strong><em>455</em></strong></span> 
     </span>
    </p>
   </div>
   <div class='ocr_carea' id='block_1_2' title="bbox 905 160 1127 190">
    <p class='ocr_par' dir='ltr' id='par_1_2' title="bbox 905 160 1127 190">
     <span class='ocr_line' id='line_1_2' title="bbox 905 160 1127 190; baseline -0.009 0"><span class='ocrx_word' id='word_1_2' title='bbox 905 161 935 190; x_wconf 90' lang='lat' dir='ltr'><strong><em>S.</em></strong></span> <span class='ocrx_word' id='word_1_3' title='bbox 955 160 1127 189; x_wconf 75' lang='lat' dir='ltr'><strong><em>EPIPIIANII</em></strong></span> 
     </span>
    </p>
   </div>
   <div class='ocr_carea' id='block_1_3' title="bbox 1785 165 1840 192">
    <p class='ocr_par' dir='ltr' id='par_1_3' title="bbox 1785 165 1840 192">
     <span class='ocr_line' id='line_1_3' title="bbox 1785 165 1840 192; baseline 0 0"><span class='ocrx_word' id='word_1_4' title='bbox 1785 165 1840 192; x_wconf 67' lang='grc' dir='ltr'>ιδο</span> 
     </span>
    </p>
   </div>
   <div class='ocr_carea' id='block_1_4' title="bbox 205 219 1002 258">
    <p class='ocr_par' dir='ltr' id='par_1_4' title="bbox 205 219 998 255">
     <span class='ocr_line' id='line_1_4' title="bbox 205 219 998 255; baseline -0.008 -2"><span class='ocrx_word' id='word_1_5' title='bbox 205 225 346 253; x_wconf 75' lang='lat' dir='ltr'><strong><em>dixisset:</em></strong></span> <span class='ocrx_word' id='word_1_6' title='bbox 363 223 406 251; x_wconf 81' lang='lat' dir='ltr'><strong><em>Art</em></strong></span> <span class='ocrx_word' id='word_1_7' title='bbox 434 222 586 250; x_wconf 73' lang='lat' dir='ltr'><strong><em>centenario</em></strong></span> <span class='ocrx_word' id='word_1_8' title='bbox 613 224 736 248; x_wconf 74' lang='lat' dir='ltr'><strong><em>nascetur</em></strong></span> <span class='ocrx_word' id='word_1_9' title='bbox 749 219 845 255; x_wconf 70' lang='lat' dir='ltr'><strong><em>ﬁlius!</em></strong></span> <span class='ocrx_word' id='word_1_10' title='bbox 864 224 890 248; x_wconf 78' lang='lat' dir='ltr'><strong><em>et</em></strong></span> <span class='ocrx_word' id='word_1_11' title='bbox 914 219 998 247; x_wconf 82' lang='lat' dir='ltr'><strong><em>Sarra</em></strong></span> 
     </span>
    </p>
   </div>
   <div class='ocr_carea' id='block_1_5' title="bbox 1054 219 1842 258">
    <p class='ocr_par' dir='ltr' id='par_1_5' title="bbox 1054 219 1842 258">
     <span class='ocr_line' id='line_1_5' title="bbox 1054 219 1842 258; baseline 0.006 -12"><span class='ocrx_word' id='word_1_12' title='bbox 1054 219 1144 254; x_wconf 71' lang='grc' dir='ltr'>πυρὸς</span> <span class='ocrx_word' id='word_1_13' title='bbox 1168 219 1220 246; x_wconf 75' lang='grc' dir='ltr'>καὶ</span> <span class='ocrx_word' id='word_1_14' title='bbox 1237 220 1392 253; x_wconf 68' lang='grc' dir='ltr'>κλίϐανον,</span> <span class='ocrx_word' id='word_1_15' title='bbox 1410 220 1458 247; x_wconf 78' lang='grc' dir='ltr'>καὶ</span> <span class='ocrx_word' id='word_1_16' title='bbox 1482 220 1577 248; x_wconf 73' lang='grc' dir='ltr'>τᾶλλα.</span> <span class='ocrx_word' id='word_1_17' title='bbox 1602 221 1694 258; x_wconf 74' lang='grc' dir='ltr'>Φήσας</span> <span class='ocrx_word' id='word_1_18' title='bbox 1721 223 1796 258; x_wconf 77' lang='grc' dir='ltr'><strong><em>αὺτῷ</em></strong></span> <span class='ocrx_word' id='word_1_19' title='bbox 1825 225 1842 251; x_wconf 79' lang='grc' dir='ltr'>ὁ</span> 
     </span>
    </p>
   </div>
   <div class='ocr_carea' id='block_1_6' title="bbox 203 265 997 308">
    <p class='ocr_par' dir='ltr' id='par_1_6' title="bbox 203 265 997 308">
     <span class='ocr_line' id='line_1_6' title="bbox 203 265 997 308; baseline -0.008 -10"><span class='ocrx_word' id='word_1_20' title='bbox 203 272 262 308; x_wconf 81' lang='lat' dir='ltr'><strong><em>jam</em></strong></span> <span class='ocrx_word' id='word_1_21' title='bbox 289 278 356 297; x_wconf 78' lang='lat' dir='ltr'><strong><em>anus</em></strong></span> <span class='ocrx_word' id='word_1_22' title='bbox 382 269 470 304; x_wconf 77' lang='lat' dir='ltr'><strong><em>ﬁlium</em></strong></span> <span class='ocrx_word' id='word_1_23' title='bbox 498 267 633 303; x_wconf 71' lang='lat' dir='ltr'><strong><em>pariet“?</em></strong></span> <span class='ocrx_word' id='word_1_24' title='bbox 661 266 817 302; x_wconf 72' lang='lat' dir='ltr'><strong><em>Statimque</em></strong></span> <span class='ocrx_word' id='word_1_25' title='bbox 842 265 997 293; x_wconf 85' lang='lat' dir='ltr'><strong>Dominus:</strong></span> 
     </span>
    </p>
   </div>
   <div class='ocr_carea' id='block_1_7' title="bbox 206 313 1000 351">
    <p class='ocr_par' dir='ltr' id='par_1_7' title="bbox 206 313 1000 351">
     <span class='ocr_line' id='line_1_7' title="bbox 206 313 1000 351; baseline -0.008 -7"><span class='ocrx_word' id='word_1_26' title='bbox 206 317 297 348; x_wconf 86' lang='lat' dir='ltr'><strong><em>Sume,</em></strong></span> <span class='ocrx_word' id='word_1_27' title='bbox 316 315 416 351; x_wconf 84' lang='lat' dir='ltr'><strong><em>inquit.</em></strong></span> <span class='ocrx_word' id='word_1_28' title='bbox 431 314 497 341; x_wconf 81' lang='lat' dir='ltr'><strong><em>mihi</em></strong></span> <span class='ocrx_word' id='word_1_29' title='bbox 521 314 632 341; x_wconf 83' lang='lat' dir='ltr'><strong><em>arietem</em></strong></span> <span class='ocrx_word' id='word_1_30' title='bbox 655 321 788 340; x_wconf 81' lang='lat' dir='ltr'><strong><em>annorum</em></strong></span> <span class='ocrx_word' id='word_1_31' title='bbox 808 313 900 344; x_wconf 81' lang='lat' dir='ltr'><strong><em>trium,</em></strong></span> <span class='ocrx_word' id='word_1_32' title='bbox 914 315 939 339; x_wconf 88' lang='lat' dir='ltr'><strong><em>et</em></strong></span> <span class='ocrx_word' id='word_1_33' title='bbox 954 319 1000 338; x_wconf 84' lang='lat' dir='ltr'><strong><em>ca-</em></strong></span> 
     </span>
    </p>
   </div>
   <div class='ocr_carea' id='block_1_8' title="bbox 206 357 1000 398">
    <p class='ocr_par' dir='ltr' id='par_1_8' title="bbox 206 357 1000 398">
     <span class='ocr_line' id='line_1_8' title="bbox 206 357 1000 398; baseline -0.009 -8"><span class='ocrx_word' id='word_1_34' title='bbox 206 371 293 398; x_wconf 87' lang='lat' dir='ltr'><strong><em>pram,</em></strong></span> <span class='ocrx_word' id='word_1_35' title='bbox 311 366 337 389; x_wconf 86' lang='lat' dir='ltr'><strong><em>et</em></strong></span> <span class='ocrx_word' id='word_1_36' title='bbox 354 369 472 392; x_wconf 79' lang='lat' dir='ltr'><strong><em>vaccam,</em></strong></span> <span class='ocrx_word' id='word_1_37' title='bbox 485 364 540 388; x_wconf 86' lang='lat' dir='ltr'><strong><em>etc.</em></strong></span> <span class='ocrx_word' id='word_1_38' title='bbox 557 359 672 394; x_wconf 80' lang='lat' dir='ltr'><strong><em>Cumque</em></strong></span> <span class='ocrx_word' id='word_1_39' title='bbox 689 358 731 386; x_wconf 81' lang='lat' dir='ltr'><strong><em>sol</em></strong></span> <span class='ocrx_word' id='word_1_40' title='bbox 751 357 925 389; x_wconf 81' lang='lat' dir='ltr'><strong><em>occumberet,</em></strong></span> <span class='ocrx_word' id='word_1_41' title='bbox 940 364 1000 384; x_wconf 79' lang='lat' dir='ltr'><strong><em>cum</em></strong></span> 
     </span>
    </p>
   </div>
   <div class='ocr_carea' id='block_1_9' title="bbox 208 405 999 443">
    <p class='ocr_par' dir='ltr' id='par_1_9' title="bbox 208 405 999 443">
     <span class='ocr_line' id='line_1_9' title="bbox 208 405 999 443; baseline -0.006 -7"><span class='ocrx_word' id='word_1_42' title='bbox 208 409 343 443; x_wconf 76' lang='lat' dir='ltr'><strong><em>lampades</em></strong></span> <span class='ocrx_word' id='word_1_43' title='bbox 357 408 426 443; x_wconf 75' lang='lat' dir='ltr'><strong><em>ignis</em></strong></span> <span class='ocrx_word' id='word_1_44' title='bbox 438 412 463 434; x_wconf 86' lang='lat' dir='ltr'><strong><em>et</em></strong></span> <span class='ocrx_word' id='word_1_45' title='bbox 477 407 612 433; x_wconf 80' lang='lat' dir='ltr'><strong><em>ctibanum</em></strong></span> <span class='ocrx_word' id='word_1_46' title='bbox 624 405 742 438; x_wconf 79' lang='lat' dir='ltr'><strong><em>vidisset,</em></strong></span> <span class='ocrx_word' id='word_1_47' title='bbox 756 409 823 438; x_wconf 88' lang='lat' dir='ltr'><strong><em>etc.,</em></strong></span> <span class='ocrx_word' id='word_1_48' title='bbox 840 405 900 439; x_wconf 83' lang='lat' dir='ltr'><strong><em>ejus</em></strong></span> <span class='ocrx_word' id='word_1_49' title='bbox 915 405 999 432; x_wconf 62' lang='lat' dir='ltr'><strong><em>casti-</em></strong></span> 
     </span>
    </p>
   </div>
   <div class='ocr_carea' id='block_1_10' title="bbox 208 450 1001 490">
    <p class='ocr_par' dir='ltr' id='par_1_10' title="bbox 208 450 1001 490">
     <span class='ocr_line' id='line_1_10' title="bbox 208 450 1001 490; baseline -0.004 -9"><span class='ocrx_word' id='word_1_50' title='bbox 208 455 290 490; x_wconf 81' lang='lat' dir='ltr'><strong><em>gandi</em></strong></span> <span class='ocrx_word' id='word_1_51' title='bbox 310 461 396 481; x_wconf 84' lang='lat' dir='ltr'><strong><em>causa</em></strong></span> <span class='ocrx_word' id='word_1_52' title='bbox 417 452 489 480; x_wconf 88' lang='lat' dir='ltr'><strong><em>Deus</em></strong></span> <span class='ocrx_word' id='word_1_53' title='bbox 506 452 593 480; x_wconf 87' lang='lat' dir='ltr'><strong><em>edixit</em></strong></span> <span class='ocrx_word' id='word_1_54' title='bbox 611 460 618 480; x_wconf 88' lang='lat'>:</span> <span class='ocrx_word' id='word_1_55' title='bbox 645 450 820 486; x_wconf 78' lang='lat' dir='ltr'><strong><em>Peregrinum</em></strong></span> <span class='ocrx_word' id='word_1_56' title='bbox 840 451 890 478; x_wconf 84' lang='lat' dir='ltr'><strong><em>erit</em></strong></span> <span class='ocrx_word' id='word_1_57' title='bbox 913 459 1001 478; x_wconf 81' lang='lat' dir='ltr'><strong><em>semen</em></strong></span> 
     </span>
    </p>
   </div>
   <div class='ocr_carea' id='block_1_11' title="bbox 209 497 1001 532">
    <p class='ocr_par' dir='ltr' id='par_1_11' title="bbox 209 497 1001 532">
     <span class='ocr_line' id='line_1_11' title="bbox 209 497 1001 532; baseline -0.005 -4"><span class='ocrx_word' id='word_1_58' title='bbox 209 507 284 528; x_wconf 90' lang='lat' dir='ltr'><strong><em>tuum</em></strong></span> <span class='ocrx_word' id='word_1_59' title='bbox 299 501 327 527; x_wconf 83' lang='lat' dir='ltr'><strong><em>in</em></strong></span> <span class='ocrx_word' id='word_1_60' title='bbox 343 506 415 527; x_wconf 79' lang='lat' dir='ltr'><strong><em>terra</em></strong></span> <span class='ocrx_word' id='word_1_61' title='bbox 432 499 531 530; x_wconf 82' lang='lat' dir='ltr'><strong><em>aliena,</em></strong></span> <span class='ocrx_word' id='word_1_62' title='bbox 548 503 573 525; x_wconf 86' lang='lat' dir='ltr'><strong><em>et</em></strong></span> <span class='ocrx_word' id='word_1_63' title='bbox 590 497 730 532; x_wconf 77' lang='lat' dir='ltr'><strong><em>subjicith</em></strong></span> <span class='ocrx_word' id='word_1_64' title='bbox 746 506 790 524; x_wconf 80' lang='lat' dir='ltr'><strong><em>eos</em></strong></span> <span class='ocrx_word' id='word_1_65' title='bbox 801 498 921 525; x_wconf 79' lang='lat' dir='ltr'><strong><em>servituti</em></strong></span> <span class='ocrx_word' id='word_1_66' title='bbox 934 506 1001 532; x_wconf 86' lang='lat' dir='ltr'><strong><em>qua-</em></strong></span> 
     </span>
    </p>
   </div>
   <div class='ocr_carea' id='block_1_12' title="bbox 207 542 999 581">
    <p class='ocr_par' dir='ltr' id='par_1_12' title="bbox 207 542 999 581">
     <span class='ocr_line' id='line_1_12' title="bbox 207 542 999 581; baseline -0.004 -9"><span class='ocrx_word' id='word_1_67' title='bbox 207 546 352 581; x_wconf 84' lang='lat' dir='ltr'><strong><em>dringentis</em></strong></span> <span class='ocrx_word' id='word_1_68' title='bbox 365 546 444 572; x_wconf 74' lang='lat' dir='ltr'><strong><em>annis</em></strong></span> <span class='ocrx_word' id='word_1_69' title='bbox 453 546 475 572; x_wconf 79' lang='lat'><strong><em>&#39;.</em></strong></span> <span class='ocrx_word' id='word_1_70' title='bbox 487 544 670 578; x_wconf 85' lang='lat' dir='ltr'><strong><em>Quamobrem</em></strong></span> <span class='ocrx_word' id='word_1_71' title='bbox 682 542 840 570; x_wconf 84' lang='lat' dir='ltr'><strong><em>stabilitatis</em></strong></span> <span class='ocrx_word' id='word_1_72' title='bbox 855 542 999 577; x_wconf 82' lang='lat' dir='ltr'><strong><em>cujusdam</em></strong></span> 
     </span>
    </p>
   </div>
   <div class='ocr_carea' id='block_1_13' title="bbox 208 588 1001 626">
    <p class='ocr_par' dir='ltr' id='par_1_13' title="bbox 208 588 1001 626">
     <span class='ocr_line' id='line_1_13' title="bbox 208 588 1001 626; baseline -0.004 -8"><span class='ocrx_word' id='word_1_73' title='bbox 208 599 240 618; x_wconf 81' lang='lat' dir='ltr'><strong><em>ac</em></strong></span> <span class='ocrx_word' id='word_1_74' title='bbox 257 591 394 618; x_wconf 83' lang='lat' dir='ltr'><strong><em>firmitatis</em></strong></span> <span class='ocrx_word' id='word_1_75' title='bbox 419 591 525 626; x_wconf 90' lang='lat' dir='ltr'><strong><em>gratia,</em></strong></span> <span class='ocrx_word' id='word_1_76' title='bbox 554 597 604 625; x_wconf 86' lang='lat' dir='ltr'><strong><em>pro</em></strong></span> <span class='ocrx_word' id='word_1_77' title='bbox 620 588 701 625; x_wconf 65' lang='grc'><strong><em>154</em></strong></span> <span class='ocrx_word' id='word_1_78' title='bbox 724 595 758 616; x_wconf 90' lang='lat' dir='ltr'><strong><em>eo</em></strong></span> <span class='ocrx_word' id='word_1_79' title='bbox 785 588 859 623; x_wconf 85' lang='lat' dir='ltr'><strong><em>quod</em></strong></span> <span class='ocrx_word' id='word_1_80' title='bbox 874 588 1001 616; x_wconf 88' lang='lat' dir='ltr'><strong>nonnihil</strong></span> 
     </span>
    </p>
   </div>
   <div class='ocr_carea' id='block_1_14' title="bbox 208 634 1001 668">
    <p class='ocr_par' dir='ltr' id='par_1_14' title="bbox 208 634 1001 668">
     <span class='ocr_line' id='line_1_14' title="bbox 208 634 1001 668; baseline -0.006 -3"><span class='ocrx_word' id='word_1_81' title='bbox 208 637 373 665; x_wconf 85' lang='lat' dir='ltr'><strong><em>addubitans</em></strong></span> <span class='ocrx_word' id='word_1_82' title='bbox 384 637 498 664; x_wconf 77' lang='lat' dir='ltr'><strong><em>dixisset</em></strong></span> <span class='ocrx_word' id='word_1_83' title='bbox 512 645 518 663; x_wconf 87' lang='lat'><strong>:</strong></span> <span class='ocrx_word' id='word_1_84' title='bbox 529 635 602 662; x_wconf 86' lang='lat' dir='ltr'><strong><em>Num</em></strong></span> <span class='ocrx_word' id='word_1_85' title='bbox 615 635 764 663; x_wconf 83' lang='lat' dir='ltr'><strong><em>centenario</em></strong></span> <span class='ocrx_word' id='word_1_86' title='bbox 775 638 899 661; x_wconf 81' lang='lat' dir='ltr'><strong><em>nascetur</em></strong></span> <span class='ocrx_word' id='word_1_87' title='bbox 907 634 979 668; x_wconf 83' lang='lat' dir='ltr'><strong><em>ﬁlius</em></strong></span> <span class='ocrx_word' id='word_1_88' title='bbox 988 635 1001 661; x_wconf 76' lang='lat'><strong><em>7</em></strong></span> 
     </span>
    </p>
   </div>
   <div class='ocr_carea' id='block_1_15' title="bbox 208 680 1001 718">
    <p class='ocr_par' dir='ltr' id='par_1_15' title="bbox 208 680 1001 718">
     <span class='ocr_line' id='line_1_15' title="bbox 208 680 1001 718; baseline -0.005 -8"><span class='ocrx_word' id='word_1_89' title='bbox 208 692 243 710; x_wconf 87' lang='lat' dir='ltr'><strong><em>ne</em></strong></span> <span class='ocrx_word' id='word_1_90' title='bbox 263 683 325 717; x_wconf 82' lang='lat' dir='ltr'><strong><em>ejus</em></strong></span> <span class='ocrx_word' id='word_1_91' title='bbox 344 682 448 718; x_wconf 82' lang='lat' dir='ltr'><strong><em>posteri</em></strong></span> <span class='ocrx_word' id='word_1_92' title='bbox 467 681 626 709; x_wconf 78' lang='lat' dir='ltr'><strong><em>infidelibus</em></strong></span> <span class='ocrx_word' id='word_1_93' title='bbox 641 681 836 715; x_wconf 84' lang='lat' dir='ltr'><strong><em>idolorumque</em></strong></span> <span class='ocrx_word' id='word_1_94' title='bbox 848 680 1001 707; x_wconf 84' lang='lat' dir='ltr'><strong><em>cultoribus</em></strong></span> 
     </span>
    </p>
   </div>
   <div class='ocr_carea' id='block_1_16' title="bbox 208 726 1002 764">
    <p class='ocr_par' dir='ltr' id='par_1_16' title="bbox 208 726 1002 764">
     <span class='ocr_line' id='line_1_16' title="bbox 208 726 1002 764; baseline -0.004 -8"><span class='ocrx_word' id='word_1_95' title='bbox 208 728 346 764; x_wconf 62' lang='lat' dir='ltr'><strong><em>Egyptiis</em></strong></span> <span class='ocrx_word' id='word_1_96' title='bbox 372 730 399 755; x_wconf 87' lang='lat' dir='ltr'><strong><em>in</em></strong></span> <span class='ocrx_word' id='word_1_97' title='bbox 429 728 591 755; x_wconf 74' lang='lat' dir='ltr'><strong><em>servitutem</em></strong></span> <span class='ocrx_word' id='word_1_98' title='bbox 609 727 677 758; x_wconf 81' lang='lat' dir='ltr'><strong><em>dati,</em></strong></span> <span class='ocrx_word' id='word_1_99' title='bbox 706 726 740 753; x_wconf 88' lang='lat' dir='ltr'><strong><em>ad</em></strong></span> <span class='ocrx_word' id='word_1_100' title='bbox 762 726 873 754; x_wconf 85' lang='lat' dir='ltr'><strong><em>eosdem</em></strong></span> <span class='ocrx_word' id='word_1_101' title='bbox 890 733 959 761; x_wconf 90' lang='lat' dir='ltr'><strong><em>quos</em></strong></span> <span class='ocrx_word' id='word_1_102' title='bbox 974 729 1002 754; x_wconf 87' lang='lat' dir='ltr'><strong><em>et</em></strong></span> 
     </span>
    </p>
   </div>
   <div class='ocr_carea' id='block_1_17' title="bbox 208 772 1002 809">
    <p class='ocr_par' dir='ltr' id='par_1_17' title="bbox 208 772 1002 809">
     <span class='ocr_line' id='line_1_17' title="bbox 208 772 1002 809; baseline -0.005 -6"><span class='ocrx_word' id='word_1_103' title='bbox 208 775 282 803; x_wconf 88' lang='lat' dir='ltr'><strong><em>illius</em></strong></span> <span class='ocrx_word' id='word_1_104' title='bbox 295 775 413 809; x_wconf 81' lang='lat' dir='ltr'><strong><em>majores</em></strong></span> <span class='ocrx_word' id='word_1_105' title='bbox 427 774 549 801; x_wconf 80' lang='lat' dir='ltr'><strong><em>venerati</em></strong></span> <span class='ocrx_word' id='word_1_106' title='bbox 566 774 687 805; x_wconf 83' lang='lat' dir='ltr'><strong><em>fuerant,</em></strong></span> <span class='ocrx_word' id='word_1_107' title='bbox 705 773 771 800; x_wconf 87' lang='lat' dir='ltr'><strong><em>deos</em></strong></span> <span class='ocrx_word' id='word_1_108' title='bbox 787 780 847 800; x_wconf 72' lang='lat' dir='ltr'><strong><em>sese</em></strong></span> <span class='ocrx_word' id='word_1_109' title='bbox 868 772 1002 800; x_wconf 81' lang='lat' dir='ltr'><strong><em>transfer-</em></strong></span> 
     </span>
    </p>
   </div>
   <div class='ocr_carea' id='block_1_18' title="bbox 208 819 999 854">
    <p class='ocr_par' dir='ltr' id='par_1_18' title="bbox 208 819 999 854">
     <span class='ocr_line' id='line_1_18' title="bbox 208 819 999 854; baseline -0.004 -6"><span class='ocrx_word' id='word_1_110' title='bbox 208 826 280 852; x_wconf 89' lang='lat' dir='ltr'><strong><em>rent,</em></strong></span> <span class='ocrx_word' id='word_1_111' title='bbox 305 824 360 847; x_wconf 88' lang='lat' dir='ltr'><strong><em>tam</em></strong></span> <span class='ocrx_word' id='word_1_112' title='bbox 384 820 542 847; x_wconf 85' lang='lat' dir='ltr'><strong><em>Abrahamo</em></strong></span> <span class='ocrx_word' id='word_1_113' title='bbox 567 819 631 854; x_wconf 87' lang='lat' dir='ltr'><strong><em>ipsi,</em></strong></span> <span class='ocrx_word' id='word_1_114' title='bbox 649 826 731 854; x_wconf 89' lang='lat' dir='ltr'><strong><em>quam</em></strong></span> <span class='ocrx_word' id='word_1_115' title='bbox 759 819 820 854; x_wconf 87' lang='lat' dir='ltr'><strong><em>ejus</em></strong></span> <span class='ocrx_word' id='word_1_116' title='bbox 839 819 918 853; x_wconf 82' lang='lat' dir='ltr'><strong><em>stirpi</em></strong></span> <span class='ocrx_word' id='word_1_117' title='bbox 942 820 999 846; x_wconf 89' lang='lat' dir='ltr'><strong><em>cir-</em></strong></span> 
     </span>
    </p>
   </div>
   <div class='ocr_carea' id='block_1_19' title="bbox 208 864 1000 900">
    <p class='ocr_par' dir='ltr' id='par_1_19' title="bbox 208 864 1000 900">
     <span class='ocr_line' id='line_1_19' title="bbox 208 864 1000 900; baseline -0.003 -7"><span class='ocrx_word' id='word_1_118' title='bbox 208 866 408 893; x_wconf 86' lang='lat' dir='ltr'><strong><em>cumcisionem</em></strong></span> <span class='ocrx_word' id='word_1_119' title='bbox 426 865 500 892; x_wconf 89' lang='lat' dir='ltr'><strong><em>illam</em></strong></span> <span class='ocrx_word' id='word_1_120' title='bbox 517 865 612 893; x_wconf 88' lang='lat' dir='ltr'><strong><em>carnis</em></strong></span> <span class='ocrx_word' id='word_1_121' title='bbox 635 864 747 897; x_wconf 87' lang='lat' dir='ltr'><strong><em>inussit,</em></strong></span> <span class='ocrx_word' id='word_1_122' title='bbox 763 869 793 892; x_wconf 90' lang='lat' dir='ltr'><strong><em>ut</em></strong></span> <span class='ocrx_word' id='word_1_123' title='bbox 808 865 870 899; x_wconf 86' lang='lat' dir='ltr'><strong><em>ejus</em></strong></span> <span class='ocrx_word' id='word_1_124' title='bbox 888 868 1000 900; x_wconf 89' lang='lat' dir='ltr'><strong><em>aspectu</em></strong></span> 
     </span>
    </p>
   </div>
   <div class='ocr_carea' id='block_1_20' title="bbox 208 901 1038 951">
    <p class='ocr_par' dir='ltr' id='par_1_20' title="bbox 208 901 1038 951">
     <span class='ocr_line' id='line_1_20' title="bbox 208 901 1038 951; baseline -0.002 -12"><span class='ocrx_word' id='word_1_125' title='bbox 208 912 392 939; x_wconf 84' lang='lat' dir='ltr'><strong><em>commonitos</em></strong></span> <span class='ocrx_word' id='word_1_126' title='bbox 415 912 568 951; x_wconf 77' lang='lat' dir='ltr'><strong><em>reverentia</em></strong></span> <span class='ocrx_word' id='word_1_127' title='bbox 591 911 716 946; x_wconf 63' lang='lat' dir='ltr'><strong><em>quaedam</em></strong></span> <span class='ocrx_word' id='word_1_128' title='bbox 740 911 863 938; x_wconf 87' lang='lat' dir='ltr'><strong><em>numinis</em></strong></span> <span class='ocrx_word' id='word_1_129' title='bbox 884 911 1001 942; x_wconf 87' lang='lat' dir='ltr'><strong><em>subiret,</em></strong></span> <span class='ocrx_word' id='word_1_130' title='bbox 1018 901 1038 928; x_wconf 79' lang='grc' dir='ltr'><strong>Β</strong></span> 
     </span>
    </p>
   </div>
   <div class='ocr_carea' id='block_1_21' title="bbox 208 957 1002 994">
    <p class='ocr_par' dir='ltr' id='par_1_21' title="bbox 208 957 1002 994">
     <span class='ocr_line' id='line_1_21' title="bbox 208 957 1002 994; baseline -0.001 -9"><span class='ocrx_word' id='word_1_131' title='bbox 208 965 265 994; x_wconf 90' lang='lat' dir='ltr'><strong><em>quo</em></strong></span> <span class='ocrx_word' id='word_1_132' title='bbox 290 958 382 985; x_wconf 92' lang='lat' dir='ltr'><strong><em>minus</em></strong></span> <span class='ocrx_word' id='word_1_133' title='bbox 407 957 517 992; x_wconf 85' lang='lat' dir='ltr'><strong><em>ejurare</em></strong></span> <span class='ocrx_word' id='word_1_134' title='bbox 541 957 607 984; x_wconf 91' lang='lat' dir='ltr'><strong><em>illud</em></strong></span> <span class='ocrx_word' id='word_1_135' title='bbox 633 957 777 984; x_wconf 85' lang='lat' dir='ltr'><strong><em>auderent.</em></strong></span> <span class='ocrx_word' id='word_1_136' title='bbox 797 957 834 984; x_wconf 84' lang='lat' dir='ltr'><strong><em>Ea</em></strong></span> <span class='ocrx_word' id='word_1_137' title='bbox 857 964 940 992; x_wconf 87' lang='lat' dir='ltr'><strong><em>porro</em></strong></span> <span class='ocrx_word' id='word_1_138' title='bbox 967 957 1002 984; x_wconf 81' lang='lat' dir='ltr'><strong><em>ad</em></strong></span> 
     </span>
    </p>
   </div>
   <div class='ocr_carea' id='block_1_22' title="bbox 207 1003 1002 1038">
    <p class='ocr_par' dir='ltr' id='par_1_22' title="bbox 207 1003 1002 1038">
     <span class='ocr_line' id='line_1_22' title="bbox 207 1003 1002 1038; baseline -0.003 -7"><span class='ocrx_word' id='word_1_139' title='bbox 207 1004 349 1032; x_wconf 80' lang='lat' dir='ltr'><strong><em>Christum</em></strong></span> <span class='ocrx_word' id='word_1_140' title='bbox 371 1011 460 1038; x_wconf 90' lang='lat' dir='ltr'><strong><em>usque</em></strong></span> <span class='ocrx_word' id='word_1_141' title='bbox 477 1003 651 1038; x_wconf 82' lang='lat' dir='ltr'><strong><em>permansit:</em></strong></span> <span class='ocrx_word' id='word_1_142' title='bbox 672 1003 790 1038; x_wconf 78' lang='lat' dir='ltr'><strong><em>ideoque</em></strong></span> <span class='ocrx_word' id='word_1_143' title='bbox 804 1007 832 1030; x_wconf 89' lang='lat' dir='ltr'><strong><em>et</em></strong></span> <span class='ocrx_word' id='word_1_144' title='bbox 852 1003 925 1029; x_wconf 89' lang='lat' dir='ltr'><strong><em>ultro</em></strong></span> <span class='ocrx_word' id='word_1_145' title='bbox 946 1003 1002 1030; x_wconf 85' lang='lat' dir='ltr'><strong><em>cir-</em></strong></span> 
     </span>
    </p>
   </div>
   <div class='ocr_carea' id='block_1_23' title="bbox 208 1049 1002 1085">
    <p class='ocr_par' dir='ltr' id='par_1_23' title="bbox 208 1049 1002 1085">
     <span class='ocr_line' id='line_1_23' title="bbox 208 1049 1002 1085; baseline -0.001 -9"><span class='ocrx_word' id='word_1_146' title='bbox 208 1049 329 1077; x_wconf 81' lang='lat' dir='ltr'><strong><em>cumcidi</em></strong></span> <span class='ocrx_word' id='word_1_147' title='bbox 343 1050 402 1085; x_wconf 90' lang='lat' dir='ltr'><strong><em>ipse</em></strong></span> <span class='ocrx_word' id='word_1_148' title='bbox 413 1050 510 1082; x_wconf 85' lang='lat' dir='ltr'><strong><em>voluit,</em></strong></span> <span class='ocrx_word' id='word_1_149' title='bbox 521 1053 548 1077; x_wconf 91' lang='lat' dir='ltr'><strong><em>et</em></strong></span> <span class='ocrx_word' id='word_1_150' title='bbox 561 1050 642 1076; x_wconf 91' lang='lat' dir='ltr'><strong><em>homo</em></strong></span> <span class='ocrx_word' id='word_1_151' title='bbox 655 1050 747 1084; x_wconf 88' lang='lat' dir='ltr'><strong><em>reipsa</em></strong></span> <span class='ocrx_word' id='word_1_152' title='bbox 762 1049 852 1077; x_wconf 85' lang='lat' dir='ltr'><strong><em>factus</em></strong></span> <span class='ocrx_word' id='word_1_153' title='bbox 863 1054 916 1082; x_wconf 89' lang='lat' dir='ltr'><strong><em>est,</em></strong></span> <span class='ocrx_word' id='word_1_154' title='bbox 930 1049 1002 1076; x_wconf 90' lang='lat' dir='ltr'><strong><em>idem</em></strong></span> 
     </span>
    </p>
   </div>
   <div class='ocr_carea' id='block_1_24' title="bbox 208 1095 1002 1132">
    <p class='ocr_par' dir='ltr' id='par_1_24' title="bbox 208 1095 1002 1132">
     <span class='ocr_line' id='line_1_24' title="bbox 208 1095 1002 1132; baseline 0 -9"><span class='ocrx_word' id='word_1_155' title='bbox 208 1097 256 1131; x_wconf 86' lang='lat' dir='ltr'><strong><em>qui</em></strong></span> <span class='ocrx_word' id='word_1_156' title='bbox 276 1100 304 1124; x_wconf 90' lang='lat' dir='ltr'><strong><em>et</em></strong></span> <span class='ocrx_word' id='word_1_157' title='bbox 322 1096 393 1124; x_wconf 85' lang='lat' dir='ltr'><strong><em>Deus</em></strong></span> <span class='ocrx_word' id='word_1_158' title='bbox 413 1095 530 1123; x_wconf 82' lang='lat' dir='ltr'><strong><em>Verbum</em></strong></span> <span class='ocrx_word' id='word_1_159' title='bbox 546 1104 561 1123; x_wconf 88' lang='lat' dir='ltr'><strong><em>a</em></strong></span> <span class='ocrx_word' id='word_1_160' title='bbox 576 1095 657 1123; x_wconf 83' lang='lat' dir='ltr'><strong><em>Patre</em></strong></span> <span class='ocrx_word' id='word_1_161' title='bbox 672 1097 706 1124; x_wconf 89' lang='lat' dir='ltr'><strong><em>de</em></strong></span> <span class='ocrx_word' id='word_1_162' title='bbox 718 1097 789 1124; x_wconf 61' lang='lat' dir='ltr'><strong><em>cosio</em></strong></span> <span class='ocrx_word' id='word_1_163' title='bbox 806 1097 930 1132; x_wconf 77' lang='lat' dir='ltr'><strong><em>lapsura,</em></strong></span> <span class='ocrx_word' id='word_1_164' title='bbox 947 1103 1002 1123; x_wconf 92' lang='lat' dir='ltr'><strong><em>non</em></strong></span> 
     </span>
    </p>
   </div>
   <div class='ocr_carea' id='block_1_25' title="bbox 208 1141 1002 1177">
    <p class='ocr_par' dir='ltr' id='par_1_25' title="bbox 208 1141 1002 1177">
     <span class='ocr_line' id='line_1_25' title="bbox 208 1141 1002 1177; baseline -0.003 -7"><span class='ocrx_word' id='word_1_165' title='bbox 208 1150 268 1170; x_wconf 78' lang='lat' dir='ltr'><strong><em>eam</em></strong></span> <span class='ocrx_word' id='word_1_166' title='bbox 287 1150 370 1177; x_wconf 90' lang='lat' dir='ltr'><strong><em>quam</em></strong></span> <span class='ocrx_word' id='word_1_167' title='bbox 393 1141 510 1169; x_wconf 82' lang='lat' dir='ltr'><strong><em>habebat</em></strong></span> <span class='ocrx_word' id='word_1_168' title='bbox 523 1142 694 1169; x_wconf 86' lang='lat' dir='ltr'><strong><em>divinitatem</em></strong></span> <span class='ocrx_word' id='word_1_169' title='bbox 714 1141 854 1177; x_wconf 62' lang='lat' dir='ltr'><strong><em>deposuit,</em></strong></span> <span class='ocrx_word' id='word_1_170' title='bbox 875 1141 922 1169; x_wconf 89' lang='lat' dir='ltr'><strong><em>sed</em></strong></span> <span class='ocrx_word' id='word_1_171' title='bbox 937 1149 1002 1168; x_wconf 81' lang='lat' dir='ltr'><strong><em>vere</em></strong></span> 
     </span>
    </p>
   </div>
   <div class='ocr_carea' id='block_1_26' title="bbox 209 1187 1001 1222">
    <p class='ocr_par' dir='ltr' id='par_1_26' title="bbox 209 1187 1001 1222">
     <span class='ocr_line' id='line_1_26' title="bbox 209 1187 1001 1222; baseline -0.001 -7"><span class='ocrx_word' id='word_1_172' title='bbox 209 1195 320 1215; x_wconf 85' lang='lat' dir='ltr'><strong><em>carnem</em></strong></span> <span class='ocrx_word' id='word_1_173' title='bbox 337 1188 466 1219; x_wconf 83' lang='lat' dir='ltr'><strong><em>induens,</em></strong></span> <span class='ocrx_word' id='word_1_174' title='bbox 485 1192 567 1222; x_wconf 87' lang='lat' dir='ltr'><strong><em>atque</em></strong></span> <span class='ocrx_word' id='word_1_175' title='bbox 581 1195 614 1214; x_wconf 91' lang='lat' dir='ltr'><strong><em>ex</em></strong></span> <span class='ocrx_word' id='word_1_176' title='bbox 632 1188 754 1222; x_wconf 82' lang='lat' dir='ltr'><strong><em>perfecta</em></strong></span> <span class='ocrx_word' id='word_1_177' title='bbox 771 1187 889 1215; x_wconf 85' lang='lat' dir='ltr'><strong><em>hominis</em></strong></span> <span class='ocrx_word' id='word_1_178' title='bbox 904 1191 1001 1214; x_wconf 83' lang='lat' dir='ltr'><strong><em>natura</em></strong></span> 
     </span>
    </p>
   </div>
   <div class='ocr_carea' id='block_1_27' title="bbox 1048 264 1842 304">
    <p class='ocr_par' dir='ltr' id='par_1_27' title="bbox 1048 264 1842 304">
     <span class='ocr_line' id='line_1_27' title="bbox 1048 264 1842 304; baseline 0.006 -13"><span class='ocrx_word' id='word_1_179' title='bbox 1048 265 1114 297; x_wconf 88' lang='grc' dir='ltr'>Θεὸς</span> <span class='ocrx_word' id='word_1_180' title='bbox 1129 264 1190 292; x_wconf 85' lang='grc' dir='ltr'>κατ’</span> <span class='ocrx_word' id='word_1_181' title='bbox 1207 266 1382 302; x_wconf 73' lang='grc' dir='ltr'>ἐπιτίμησιν·</span> <span class='ocrx_word' id='word_1_182' title='bbox 1399 266 1549 301; x_wconf 76' lang='grc' dir='ltr'>Πάροικον</span> <span class='ocrx_word' id='word_1_183' title='bbox 1566 267 1652 294; x_wconf 70' lang='grc' dir='ltr'>ἔσται</span> <span class='ocrx_word' id='word_1_184' title='bbox 1670 268 1704 294; x_wconf 85' lang='grc' dir='ltr'><strong><em>τὸ</em></strong></span> <span class='ocrx_word' id='word_1_185' title='bbox 1719 268 1842 304; x_wconf 77' lang='grc' dir='ltr'>σπέρμα</span> 
     </span>
    </p>
   </div>
   <div class='ocr_carea' id='block_1_28' title="bbox 1048 311 1842 348">
    <p class='ocr_par' dir='ltr' id='par_1_28' title="bbox 1048 311 1842 348">
     <span class='ocr_line' id='line_1_28' title="bbox 1048 311 1842 348; baseline 0.004 -9"><span class='ocrx_word' id='word_1_186' title='bbox 1048 319 1107 339; x_wconf 87' lang='grc' dir='ltr'><strong><em>σου</em></strong></span> <span class='ocrx_word' id='word_1_187' title='bbox 1120 312 1155 339; x_wconf 79' lang='grc' dir='ltr'><strong><em>ὲν</em></strong></span> <span class='ocrx_word' id='word_1_188' title='bbox 1167 311 1205 347; x_wconf 74' lang='grc' dir='ltr'><strong><em>τῇ</em></strong></span> <span class='ocrx_word' id='word_1_189' title='bbox 1220 312 1376 347; x_wconf 71' lang='grc' dir='ltr'>ἀλλοτρίᾳ,</span> <span class='ocrx_word' id='word_1_190' title='bbox 1393 312 1444 339; x_wconf 77' lang='grc' dir='ltr'><strong><em>καί</em></strong></span> <span class='ocrx_word' id='word_1_191' title='bbox 1460 313 1746 341; x_wconf 67' lang='grc' dir='ltr'>καταδουλώσουσεν</span> <span class='ocrx_word' id='word_1_192' title='bbox 1759 315 1842 348; x_wconf 84' lang='grc' dir='ltr'><strong><em>αὺτῴ</em></strong></span> 
     </span>
    </p>
   </div>
   <div class='ocr_carea' id='block_1_29' title="bbox 1048 358 1840 396">
    <p class='ocr_par' dir='ltr' id='par_1_29' title="bbox 1048 358 1840 396">
     <span class='ocr_line' id='line_1_29' title="bbox 1048 358 1840 396; baseline 0.004 -12"><span class='ocrx_word' id='word_1_193' title='bbox 1048 358 1101 392; x_wconf 76' lang='grc' dir='ltr'><strong><em>ἐτη</em></strong></span> <span class='ocrx_word' id='word_1_194' title='bbox 1112 358 1300 392; x_wconf 78' lang='grc' dir='ltr'>τετρακόσια,</span> <span class='ocrx_word' id='word_1_195' title='bbox 1312 358 1464 393; x_wconf 76' lang='grc' dir='ltr'><strong><em>ἀσφαλείας</em></strong></span> <span class='ocrx_word' id='word_1_196' title='bbox 1474 358 1556 385; x_wconf 80' lang='grc' dir='ltr'>ἓνεκα</span> <span class='ocrx_word' id='word_1_197' title='bbox 1568 359 1612 386; x_wconf 86' lang='grc' dir='ltr'><strong><em>διὰ</em></strong></span> <span class='ocrx_word' id='word_1_198' title='bbox 1622 359 1669 386; x_wconf 82' lang='grc' dir='ltr'><strong><em>τὸν</em></strong></span> <span class='ocrx_word' id='word_1_199' title='bbox 1679 360 1840 396; x_wconf 77' lang='grc' dir='ltr'><strong><em>δισταγμὸν,</em></strong></span> 
     </span>
    </p>
   </div>
   <div class='ocr_carea' id='block_1_30' title="bbox 1048 401 1842 440">
    <p class='ocr_par' dir='ltr' id='par_1_30' title="bbox 1048 401 1842 440">
     <span class='ocr_line' id='line_1_30' title="bbox 1048 401 1842 440; baseline 0.005 -11"><span class='ocrx_word' id='word_1_200' title='bbox 1048 403 1082 430; x_wconf 82' lang='grc' dir='ltr'><strong><em>δι’</em></strong></span> <span class='ocrx_word' id='word_1_201' title='bbox 1097 403 1127 429; x_wconf 79' lang='grc' dir='ltr'>ὃν</span> <span class='ocrx_word' id='word_1_202' title='bbox 1141 401 1228 436; x_wconf 73' lang='grc' dir='ltr'>εἶπεν,</span> <span class='ocrx_word' id='word_1_203' title='bbox 1245 405 1280 430; x_wconf 82' lang='lat' dir='ltr'><strong><em>El</em></strong></span> <span class='ocrx_word' id='word_1_204' title='bbox 1299 402 1340 436; x_wconf 75' lang='grc' dir='ltr'>τῷ</span> <span class='ocrx_word' id='word_1_205' title='bbox 1356 404 1555 438; x_wconf 75' lang='grc' dir='ltr'>ἐκατονταέτῃ</span> <span class='ocrx_word' id='word_1_206' title='bbox 1576 405 1641 438; x_wconf 82' lang='grc' dir='ltr'>υίὸς</span> <span class='ocrx_word' id='word_1_207' title='bbox 1663 405 1842 440; x_wconf 76' lang='grc' dir='ltr'>τενήσεται;</span> 
     </span>
    </p>
   </div>
   <div class='ocr_carea' id='block_1_31' title="bbox 1050 448 1842 487">
    <p class='ocr_par' dir='ltr' id='par_1_31' title="bbox 1050 448 1842 487">
     <span class='ocr_line' id='line_1_31' title="bbox 1050 448 1842 487; baseline 0.004 -12"><span class='ocrx_word' id='word_1_208' title='bbox 1050 449 1093 475; x_wconf 73' lang='grc' dir='ltr'>ἵνα</span> <span class='ocrx_word' id='word_1_209' title='bbox 1109 448 1146 484; x_wconf 83' lang='grc' dir='ltr'>μὴ</span> <span class='ocrx_word' id='word_1_210' title='bbox 1161 448 1363 475; x_wconf 80' lang='grc' dir='ltr'>καταδουλωθὲν</span> <span class='ocrx_word' id='word_1_211' title='bbox 1386 449 1417 476; x_wconf 84' lang='grc' dir='ltr'><strong><em>τὸ</em></strong></span> <span class='ocrx_word' id='word_1_212' title='bbox 1439 450 1550 484; x_wconf 87' lang='grc' dir='ltr'>σπέρμα</span> <span class='ocrx_word' id='word_1_213' title='bbox 1566 450 1618 476; x_wconf 82' lang='grc' dir='ltr'>ὑπὸ</span> <span class='ocrx_word' id='word_1_214' title='bbox 1640 451 1842 487; x_wconf 77' lang='grc' dir='ltr'>εἰδωλολατρῶν</span> 
     </span>
    </p>
   </div>
   <div class='ocr_carea' id='block_1_32' title="bbox 1050 494 1842 531">
    <p class='ocr_par' dir='ltr' id='par_1_32' title="bbox 1050 494 1842 531">
     <span class='ocr_line' id='line_1_32' title="bbox 1050 494 1842 531; baseline 0.005 -11"><span class='ocrx_word' id='word_1_215' title='bbox 1050 494 1098 520; x_wconf 82' lang='grc' dir='ltr'>καὶ</span> <span class='ocrx_word' id='word_1_216' title='bbox 1115 494 1237 520; x_wconf 80' lang='grc' dir='ltr'>ἀπίστων</span> <span class='ocrx_word' id='word_1_217' title='bbox 1247 494 1404 528; x_wconf 78' lang='grc' dir='ltr'><strong><em>Αἰγυπτίων</em></strong></span> <span class='ocrx_word' id='word_1_218' title='bbox 1419 495 1580 531; x_wconf 73' lang='grc' dir='ltr'>ἐπιλάθηται</span> <span class='ocrx_word' id='word_1_219' title='bbox 1597 496 1665 522; x_wconf 82' lang='grc' dir='ltr'>Θεοῦ</span> <span class='ocrx_word' id='word_1_220' title='bbox 1686 497 1739 524; x_wconf 85' lang='grc' dir='ltr'><strong><em>τῶν</em></strong></span> <span class='ocrx_word' id='word_1_221' title='bbox 1755 497 1842 524; x_wconf 84' lang='grc' dir='ltr'>πατέ-</span> 
     </span>
    </p>
   </div>
   <div class='ocr_carea' id='block_1_33' title="bbox 1053 540 1842 579">
    <p class='ocr_par' dir='ltr' id='par_1_33' title="bbox 1053 540 1842 579">
     <span class='ocr_line' id='line_1_33' title="bbox 1053 540 1842 579; baseline 0.008 -14"><span class='ocrx_word' id='word_1_222' title='bbox 1053 548 1106 575; x_wconf 85' lang='grc' dir='ltr'>ρων</span> <span class='ocrx_word' id='word_1_223' title='bbox 1120 540 1213 573; x_wconf 85' lang='grc' dir='ltr'>αὑτοῦ,</span> <span class='ocrx_word' id='word_1_224' title='bbox 1230 540 1364 576; x_wconf 74' lang='grc' dir='ltr'>ἐπέθηκεν</span> <span class='ocrx_word' id='word_1_225' title='bbox 1379 541 1453 576; x_wconf 76' lang='grc' dir='ltr'><strong><em>αὑτῷ</em></strong></span> <span class='ocrx_word' id='word_1_226' title='bbox 1472 541 1520 568; x_wconf 70' lang='grc' dir='ltr'>καὶ</span> <span class='ocrx_word' id='word_1_227' title='bbox 1537 543 1628 574; x_wconf 76' lang='grc' dir='ltr'>αὐτοῖς</span> <span class='ocrx_word' id='word_1_228' title='bbox 1643 543 1693 579; x_wconf 83' lang='grc' dir='ltr'>τὴν</span> <span class='ocrx_word' id='word_1_229' title='bbox 1710 543 1842 579; x_wconf 70' lang='lat' dir='ltr'><strong><em>Eva-apr</em></strong></span> 
     </span>
    </p>
   </div>
   <div class='ocr_carea' id='block_1_34' title="bbox 1050 585 1843 621">
    <p class='ocr_par' dir='ltr' id='par_1_34' title="bbox 1050 585 1843 621">
     <span class='ocr_line' id='line_1_34' title="bbox 1050 585 1843 621; baseline 0.004 -10"><span class='ocrx_word' id='word_1_230' title='bbox 1050 585 1214 621; x_wconf 84' lang='grc' dir='ltr'>περιτομὴν,</span> <span class='ocrx_word' id='word_1_231' title='bbox 1229 585 1274 612; x_wconf 79' lang='grc' dir='ltr'><strong><em>ἶνα</em></strong></span> <span class='ocrx_word' id='word_1_232' title='bbox 1289 585 1405 620; x_wconf 84' lang='grc' dir='ltr'>ὁρῶντες</span> <span class='ocrx_word' id='word_1_233' title='bbox 1420 585 1682 621; x_wconf 82' lang='grc' dir='ltr'>ὑπομιμνήσκωνται</span> <span class='ocrx_word' id='word_1_234' title='bbox 1692 608 1699 619; x_wconf 95' lang='grc'><strong><em>,</em></strong></span> <span class='ocrx_word' id='word_1_235' title='bbox 1715 587 1762 614; x_wconf 72' lang='grc' dir='ltr'>καὶ</span> <span class='ocrx_word' id='word_1_236' title='bbox 1778 588 1843 614; x_wconf 83' lang='grc' dir='ltr'>δυσ-</span> 
     </span>
    </p>
   </div>
   <div class='ocr_carea' id='block_1_35' title="bbox 1050 631 1842 670">
    <p class='ocr_par' dir='ltr' id='par_1_35' title="bbox 1050 631 1842 670">
     <span class='ocr_line' id='line_1_35' title="bbox 1050 631 1842 670; baseline 0.004 -12"><span class='ocrx_word' id='word_1_237' title='bbox 1050 631 1197 663; x_wconf 79' lang='grc' dir='ltr'>ωπῶνται,</span> <span class='ocrx_word' id='word_1_238' title='bbox 1221 632 1268 658; x_wconf 79' lang='grc' dir='ltr'><strong><em>καὶ</em></strong></span> <span class='ocrx_word' id='word_1_239' title='bbox 1289 632 1326 667; x_wconf 81' lang='grc' dir='ltr'>μὴ</span> <span class='ocrx_word' id='word_1_240' title='bbox 1351 631 1487 667; x_wconf 83' lang='grc' dir='ltr'><strong><em>ἀρνῶνται</em></strong></span> <span class='ocrx_word' id='word_1_241' title='bbox 1507 633 1598 659; x_wconf 86' lang='grc' dir='ltr'>αὐτόν.</span> <span class='ocrx_word' id='word_1_242' title='bbox 1622 634 1678 660; x_wconf 98' lang='lat' dir='ltr'><strong><em>Kal</em></strong></span> <span class='ocrx_word' id='word_1_243' title='bbox 1697 634 1842 670; x_wconf 80' lang='grc' dir='ltr'>διήρκεσεν</span> 
     </span>
    </p>
   </div>
   <div class='ocr_carea' id='block_1_36' title="bbox 1050 677 1842 714">
    <p class='ocr_par' dir='ltr' id='par_1_36' title="bbox 1050 677 1842 714">
     <span class='ocr_line' id='line_1_36' title="bbox 1050 677 1842 714; baseline 0.005 -11"><span class='ocrx_word' id='word_1_244' title='bbox 1050 677 1115 713; x_wconf 76' lang='grc' dir='ltr'>ἄχρι</span> <span class='ocrx_word' id='word_1_245' title='bbox 1139 677 1258 714; x_wconf 82' lang='grc' dir='ltr'>Χριστοῦ</span> <span class='ocrx_word' id='word_1_246' title='bbox 1281 678 1378 704; x_wconf 80' lang='grc' dir='ltr'>τοῦτο·</span> <span class='ocrx_word' id='word_1_247' title='bbox 1401 679 1447 705; x_wconf 80' lang='grc' dir='ltr'>καὶ</span> <span class='ocrx_word' id='word_1_248' title='bbox 1463 679 1558 706; x_wconf 84' lang='grc' dir='ltr'>τούτου</span> <span class='ocrx_word' id='word_1_249' title='bbox 1583 679 1664 706; x_wconf 78' lang='grc' dir='ltr'>ἓνεκα</span> <span class='ocrx_word' id='word_1_250' title='bbox 1691 681 1738 706; x_wconf 79' lang='grc' dir='ltr'><strong><em>καὶ</em></strong></span> <span class='ocrx_word' id='word_1_251' title='bbox 1759 681 1842 713; x_wconf 81' lang='grc' dir='ltr'>αὐτὸς</span> 
     </span>
    </p>
   </div>
   <div class='ocr_carea' id='block_1_37' title="bbox 1050 723 1843 761">
    <p class='ocr_par' dir='ltr' id='par_1_37' title="bbox 1050 723 1843 761">
     <span class='ocr_line' id='line_1_37' title="bbox 1050 723 1843 761; baseline 0.005 -12"><span class='ocrx_word' id='word_1_252' title='bbox 1050 723 1157 750; x_wconf 80' lang='grc' dir='ltr'><strong><em>εὐδοκεῖ</em></strong></span> <span class='ocrx_word' id='word_1_253' title='bbox 1183 723 1404 759; x_wconf 65' lang='grc' dir='ltr'>περιτμηθῆναν</span> <span class='ocrx_word' id='word_1_254' title='bbox 1429 725 1476 751; x_wconf 73' lang='grc' dir='ltr'>καὶ</span> <span class='ocrx_word' id='word_1_255' title='bbox 1505 725 1648 761; x_wconf 79' lang='grc' dir='ltr'>ἄνθρωπος</span> <span class='ocrx_word' id='word_1_256' title='bbox 1677 726 1789 760; x_wconf 86' lang='grc' dir='ltr'>γέγονεν</span> <span class='ocrx_word' id='word_1_257' title='bbox 1813 728 1843 754; x_wconf 80' lang='grc' dir='ltr'>ὲν</span> 
     </span>
    </p>
   </div>
   <div class='ocr_carea' id='block_1_38' title="bbox 1050 769 1844 807">
    <p class='ocr_par' dir='ltr' id='par_1_38' title="bbox 1050 769 1844 807">
     <span class='ocr_line' id='line_1_38' title="bbox 1050 769 1844 807; baseline 0.005 -12"><span class='ocrx_word' id='word_1_258' title='bbox 1050 769 1175 806; x_wconf 81' lang='grc' dir='ltr'><strong><em>ἀληθείᾳ,</em></strong></span> <span class='ocrx_word' id='word_1_259' title='bbox 1193 769 1296 797; x_wconf 77' lang='grc' dir='ltr'>ἀνωθεν</span> <span class='ocrx_word' id='word_1_260' title='bbox 1313 769 1398 797; x_wconf 76' lang='grc' dir='ltr'>ἐλθὼν</span> <span class='ocrx_word' id='word_1_261' title='bbox 1422 772 1455 797; x_wconf 82' lang='grc' dir='ltr'>ὲκ</span> <span class='ocrx_word' id='word_1_262' title='bbox 1475 771 1580 807; x_wconf 83' lang='grc' dir='ltr'>Πατρὸς</span> <span class='ocrx_word' id='word_1_263' title='bbox 1596 772 1661 804; x_wconf 78' lang='grc' dir='ltr'>Θεὸς</span> <span class='ocrx_word' id='word_1_264' title='bbox 1681 773 1777 807; x_wconf 82' lang='grc' dir='ltr'>Λόγος,</span> <span class='ocrx_word' id='word_1_265' title='bbox 1794 775 1844 801; x_wconf 76' lang='grc' dir='ltr'><strong><em>καὶ</em></strong></span> 
     </span>
    </p>
   </div>
   <div class='ocr_carea' id='block_1_39' title="bbox 1049 815 1845 855">
    <p class='ocr_par' dir='ltr' id='par_1_39' title="bbox 1049 815 1845 855">
     <span class='ocr_line' id='line_1_39' title="bbox 1049 815 1845 855; baseline 0.005 -13"><span class='ocrx_word' id='word_1_266' title='bbox 1049 815 1102 842; x_wconf 80' lang='grc' dir='ltr'>οὐκ</span> <span class='ocrx_word' id='word_1_267' title='bbox 1119 815 1286 850; x_wconf 79' lang='grc' dir='ltr'><strong><em>ἀποθέμενος</em></strong></span> <span class='ocrx_word' id='word_1_268' title='bbox 1306 816 1356 852; x_wconf 83' lang='grc' dir='ltr'>τὴν</span> <span class='ocrx_word' id='word_1_269' title='bbox 1379 815 1510 852; x_wconf 82' lang='grc' dir='ltr'>θεότητα·</span> <span class='ocrx_word' id='word_1_270' title='bbox 1529 817 1596 844; x_wconf 86' lang='grc' dir='ltr'><strong><em>ἀλλά</em></strong></span> <span class='ocrx_word' id='word_1_271' title='bbox 1615 819 1704 854; x_wconf 85' lang='grc' dir='ltr'>σάρκα</span> <span class='ocrx_word' id='word_1_272' title='bbox 1724 819 1845 855; x_wconf 84' lang='grc' dir='ltr'>φορέσας</span> 
     </span>
    </p>
   </div>
   <div class='ocr_carea' id='block_1_40' title="bbox 1051 861 1844 901">
    <p class='ocr_par' dir='ltr' id='par_1_40' title="bbox 1051 861 1844 901">
     <span class='ocr_line' id='line_1_40' title="bbox 1051 861 1844 901; baseline 0.005 -13"><span class='ocrx_word' id='word_1_273' title='bbox 1051 862 1081 888; x_wconf 82' lang='grc' dir='ltr'>ὲν</span> <span class='ocrx_word' id='word_1_274' title='bbox 1097 861 1227 898; x_wconf 76' lang='grc' dir='ltr'><strong><em>ἀληθείᾳ,</em></strong></span> <span class='ocrx_word' id='word_1_275' title='bbox 1245 861 1351 889; x_wconf 74' lang='grc' dir='ltr'>τελείαν</span> <span class='ocrx_word' id='word_1_276' title='bbox 1370 871 1399 889; x_wconf 89' lang='grc' dir='ltr'><strong><em>τε</em></strong></span> <span class='ocrx_word' id='word_1_277' title='bbox 1421 863 1628 899; x_wconf 83' lang='grc' dir='ltr'>ὲνανορώπησιν</span> <span class='ocrx_word' id='word_1_278' title='bbox 1645 865 1714 900; x_wconf 72' lang='grc' dir='ltr'>ἔχων</span> <span class='ocrx_word' id='word_1_279' title='bbox 1733 865 1844 901; x_wconf 80' lang='grc' dir='ltr'>περιτέ-</span> 
     </span>
    </p>
   </div>
   <div class='ocr_carea' id='block_1_41' title="bbox 1055 908 1846 947">
    <p class='ocr_par' dir='ltr' id='par_1_41' title="bbox 1055 908 1846 947">
     <span class='ocr_line' id='line_1_41' title="bbox 1055 908 1846 947; baseline 0.005 -13"><span class='ocrx_word' id='word_1_280' title='bbox 1055 917 1168 943; x_wconf 83' lang='grc' dir='ltr'>μνεται,</span> <span class='ocrx_word' id='word_1_281' title='bbox 1189 908 1224 934; x_wconf 80' lang='grc' dir='ltr'><strong><em>τὰ</em></strong></span> <span class='ocrx_word' id='word_1_282' title='bbox 1250 909 1339 936; x_wconf 82' lang='grc' dir='ltr'>πάντα</span> <span class='ocrx_word' id='word_1_283' title='bbox 1366 909 1516 945; x_wconf 80' lang='grc' dir='ltr'>οἰκονομῶν</span> <span class='ocrx_word' id='word_1_284' title='bbox 1535 910 1564 936; x_wconf 80' lang='grc' dir='ltr'>ὲν</span> <span class='ocrx_word' id='word_1_285' title='bbox 1587 910 1710 947; x_wconf 73' lang='grc' dir='ltr'>ἀληθείᾳ,</span> <span class='ocrx_word' id='word_1_286' title='bbox 1730 911 1773 938; x_wconf 82' lang='grc' dir='ltr'>ἵνα</span> <span class='ocrx_word' id='word_1_287' title='bbox 1796 912 1846 938; x_wconf 74' lang='grc' dir='ltr'>καὶ</span> 
     </span>
    </p>
   </div>
   <div class='ocr_carea' id='block_1_42' title="bbox 1060 954 1846 991">
    <p class='ocr_par' dir='ltr' id='par_1_42' title="bbox 1060 954 1846 991">
     <span class='ocr_line' id='line_1_42' title="bbox 1060 954 1846 991; baseline 0.005 -11"><span class='ocrx_word' id='word_1_288' title='bbox 1060 954 1198 986; x_wconf 80' lang='grc' dir='ltr'>Ἰουδαῖοι,</span> <span class='ocrx_word' id='word_1_289' title='bbox 1216 954 1255 985; x_wconf 84' lang='grc' dir='ltr'><strong><em>ὡς</em></strong></span> <span class='ocrx_word' id='word_1_290' title='bbox 1277 956 1407 991; x_wconf 83' lang='grc' dir='ltr'><strong><em>προεῖπον</em></strong></span> <span class='ocrx_word' id='word_1_291' title='bbox 1420 975 1428 987; x_wconf 92' lang='grc'><strong><em>,</em></strong></span> <span class='ocrx_word' id='word_1_292' title='bbox 1452 955 1649 991; x_wconf 76' lang='grc' dir='ltr'>ἀναπολόγητοι</span> <span class='ocrx_word' id='word_1_293' title='bbox 1677 956 1767 989; x_wconf 76' lang='grc' dir='ltr'>ὄντες,</span> <span class='ocrx_word' id='word_1_294' title='bbox 1795 957 1846 984; x_wconf 75' lang='grc' dir='ltr'>καὶ</span> 
     </span>
    </p>
   </div>
   <div class='ocr_carea' id='block_1_43' title="bbox 1053 1001 1847 1039">
    <p class='ocr_par' dir='ltr' id='par_1_43' title="bbox 1053 1001 1847 1039">
     <span class='ocr_line' id='line_1_43' title="bbox 1053 1001 1847 1039; baseline 0.004 -12"><span class='ocrx_word' id='word_1_295' title='bbox 1053 1001 1210 1036; x_wconf 82' lang='grc' dir='ltr'>Μανιχαῖοι,</span> <span class='ocrx_word' id='word_1_296' title='bbox 1230 1001 1277 1027; x_wconf 81' lang='grc' dir='ltr'>καὶ</span> <span class='ocrx_word' id='word_1_297' title='bbox 1299 1001 1373 1028; x_wconf 75' lang='grc' dir='ltr'>ἄλλοι</span> <span class='ocrx_word' id='word_1_298' title='bbox 1390 1001 1617 1037; x_wconf 75' lang='grc' dir='ltr'>ὲλεγχθήσωνται,</span> <span class='ocrx_word' id='word_1_299' title='bbox 1635 1002 1681 1029; x_wconf 76' lang='grc' dir='ltr'>καὶ</span> <span class='ocrx_word' id='word_1_300' title='bbox 1699 1003 1743 1030; x_wconf 78' lang='grc' dir='ltr'>ἵνα</span> <span class='ocrx_word' id='word_1_301' title='bbox 1765 1011 1847 1039; x_wconf 84' lang='grc' dir='ltr'>περι-</span> 
     </span>
    </p>
   </div>
   <div class='ocr_carea' id='block_1_44' title="bbox 1051 1046 1847 1086">
    <p class='ocr_par' dir='ltr' id='par_1_44' title="bbox 1051 1046 1847 1086">
     <span class='ocr_line' id='line_1_44' title="bbox 1051 1046 1847 1086; baseline 0.006 -14"><span class='ocrx_word' id='word_1_302' title='bbox 1051 1046 1167 1082; x_wconf 74' lang='grc' dir='ltr'>τμηθεὶς</span> <span class='ocrx_word' id='word_1_303' title='bbox 1182 1046 1300 1081; x_wconf 85' lang='grc' dir='ltr'>εὐλόγως</span> <span class='ocrx_word' id='word_1_304' title='bbox 1314 1048 1453 1084; x_wconf 81' lang='grc' dir='ltr'><strong><em>καταλύσῃ</em></strong></span> <span class='ocrx_word' id='word_1_305' title='bbox 1465 1048 1514 1084; x_wconf 87' lang='grc' dir='ltr'>τὴν</span> <span class='ocrx_word' id='word_1_306' title='bbox 1530 1049 1689 1086; x_wconf 84' lang='grc' dir='ltr'>περιτομὴν,</span> <span class='ocrx_word' id='word_1_307' title='bbox 1702 1050 1748 1076; x_wconf 76' lang='grc' dir='ltr'>καὶ</span> <span class='ocrx_word' id='word_1_308' title='bbox 1759 1050 1847 1085; x_wconf 83' lang='grc' dir='ltr'>ἄλλην</span> 
     </span>
    </p>
   </div>
   <div class='ocr_carea' id='block_1_45' title="bbox 1054 1092 1847 1130">
    <p class='ocr_par' dir='ltr' id='par_1_45' title="bbox 1054 1092 1847 1130">
     <span class='ocr_line' id='line_1_45' title="bbox 1054 1092 1847 1130; baseline 0.005 -12"><span class='ocrx_word' id='word_1_309' title='bbox 1054 1092 1166 1128; x_wconf 79' lang='grc' dir='ltr'>μείζονα</span> <span class='ocrx_word' id='word_1_310' title='bbox 1179 1093 1267 1129; x_wconf 81' lang='grc' dir='ltr'>δείξῃ·</span> <span class='ocrx_word' id='word_1_311' title='bbox 1283 1093 1333 1128; x_wconf 81' lang='grc' dir='ltr'><strong><em>οὐχ</em></strong></span> <span class='ocrx_word' id='word_1_312' title='bbox 1348 1093 1387 1125; x_wconf 81' lang='grc' dir='ltr'>ὡς</span> <span class='ocrx_word' id='word_1_313' title='bbox 1406 1094 1442 1129; x_wconf 83' lang='grc' dir='ltr'>μὴ</span> <span class='ocrx_word' id='word_1_314' title='bbox 1457 1093 1537 1129; x_wconf 76' lang='grc' dir='ltr'>ἔχων,</span> <span class='ocrx_word' id='word_1_315' title='bbox 1551 1095 1598 1121; x_wconf 74' lang='grc' dir='ltr'><strong><em>καὶ</em></strong></span> <span class='ocrx_word' id='word_1_316' title='bbox 1611 1095 1700 1130; x_wconf 83' lang='grc' dir='ltr'>ἑαυτῷ</span> <span class='ocrx_word' id='word_1_317' title='bbox 1717 1096 1847 1122; x_wconf 83' lang='grc' dir='ltr'>συνιστά-</span> 
     </span>
    </p>
   </div>
   <div class='ocr_carea' id='block_1_46' title="bbox 1055 1139 1849 1178">
    <p class='ocr_par' dir='ltr' id='par_1_46' title="bbox 1055 1139 1849 1178">
     <span class='ocr_line' id='line_1_46' title="bbox 1055 1139 1849 1178; baseline 0.006 -13"><span class='ocrx_word' id='word_1_318' title='bbox 1055 1148 1146 1175; x_wconf 82' lang='grc' dir='ltr'>μενος,</span> <span class='ocrx_word' id='word_1_319' title='bbox 1163 1139 1230 1166; x_wconf 87' lang='grc' dir='ltr'><strong><em>ἀλλά</em></strong></span> <span class='ocrx_word' id='word_1_320' title='bbox 1251 1139 1320 1175; x_wconf 81' lang='grc' dir='ltr'>ἔχων</span> <span class='ocrx_word' id='word_1_321' title='bbox 1339 1140 1398 1176; x_wconf 84' lang='grc' dir='ltr'>μὲν,</span> <span class='ocrx_word' id='word_1_322' title='bbox 1416 1142 1523 1173; x_wconf 85' lang='grc' dir='ltr'>δεικνὺς</span> <span class='ocrx_word' id='word_1_323' title='bbox 1538 1141 1577 1172; x_wconf 80' lang='grc' dir='ltr'>δὲ,</span> <span class='ocrx_word' id='word_1_324' title='bbox 1592 1142 1633 1168; x_wconf 80' lang='grc' dir='ltr'>ὅτι</span> <span class='ocrx_word' id='word_1_325' title='bbox 1650 1141 1753 1178; x_wconf 77' lang='grc' dir='ltr'>ταύτης</span> <span class='ocrx_word' id='word_1_326' title='bbox 1779 1143 1849 1170; x_wconf 77' lang='grc' dir='ltr'>οὑκ-</span> 
     </span>
    </p>
   </div>
   <div class='ocr_carea' id='block_1_47' title="bbox 1054 1186 1560 1222">
    <p class='ocr_par' dir='ltr' id='par_1_47' title="bbox 1054 1186 1560 1222">
     <span class='ocr_line' id='line_1_47' title="bbox 1054 1186 1560 1222; baseline 0.004 -10"><span class='ocrx_word' id='word_1_327' title='bbox 1054 1186 1095 1212; x_wconf 78' lang='grc' dir='ltr'><strong><em>έτι</em></strong></span> <span class='ocrx_word' id='word_1_328' title='bbox 1106 1186 1164 1213; x_wconf 70' lang='grc' dir='ltr'>ἐστὶ</span> <span class='ocrx_word' id='word_1_329' title='bbox 1181 1187 1269 1222; x_wconf 83' lang='grc' dir='ltr'><strong><em>χρεία,</em></strong></span> <span class='ocrx_word' id='word_1_330' title='bbox 1283 1186 1351 1213; x_wconf 81' lang='grc' dir='ltr'>ἀλλὰ</span> <span class='ocrx_word' id='word_1_331' title='bbox 1363 1187 1413 1222; x_wconf 84' lang='grc' dir='ltr'>τῆς</span> <span class='ocrx_word' id='word_1_332' title='bbox 1429 1187 1560 1222; x_wconf 74' lang='grc' dir='ltr'>μείζονος.</span> 
     </span>
    </p>
   </div>
   <div class='ocr_carea' id='block_1_48' title="bbox 208 1234 1850 1272">
    <p class='ocr_par' dir='ltr' id='par_1_48' title="bbox 208 1234 1850 1272">
     <span class='ocr_line' id='line_1_48' title="bbox 208 1234 1850 1272; baseline 0.001 -11"><span class='ocrx_word' id='word_1_333' title='bbox 208 1234 377 1266; x_wconf 82' lang='lat' dir='ltr'><strong><em>coalescens,</em></strong></span> <span class='ocrx_word' id='word_1_334' title='bbox 399 1234 640 1262; x_wconf 80' lang='lat' dir='ltr'><strong><em>circumcisionem</em></strong></span> <span class='ocrx_word' id='word_1_335' title='bbox 659 1235 814 1270; x_wconf 86' lang='lat' dir='ltr'><strong><em>usurpavit.</em></strong></span> <span class='ocrx_word' id='word_1_336' title='bbox 833 1235 911 1268; x_wconf 88' lang='lat' dir='ltr'><strong><em>Quod</em></strong></span> <span class='ocrx_word' id='word_1_337' title='bbox 925 1239 1013 1262; x_wconf 90' lang='lat' dir='ltr'><strong><em>totum</em></strong></span> <span class='ocrx_word' id='word_1_338' title='bbox 1033 1241 1066 1261; x_wconf 80' lang='lat' dir='ltr'><strong><em>ex</em></strong></span> <span class='ocrx_word' id='word_1_339' title='bbox 1088 1234 1127 1261; x_wconf 88' lang='lat' dir='ltr'><strong><em>rei</em></strong></span> <span class='ocrx_word' id='word_1_340' title='bbox 1148 1234 1264 1261; x_wconf 86' lang='lat' dir='ltr'><strong><em>veritate</em></strong></span> <span class='ocrx_word' id='word_1_341' title='bbox 1279 1238 1387 1269; x_wconf 75' lang='lat' dir='ltr'><strong><em>gestum</em></strong></span> <span class='ocrx_word' id='word_1_342' title='bbox 1408 1239 1469 1267; x_wconf 86' lang='lat' dir='ltr'><strong><em>est,</em></strong></span> <span class='ocrx_word' id='word_1_343' title='bbox 1484 1240 1514 1262; x_wconf 91' lang='lat' dir='ltr'><strong><em>ut</em></strong></span> <span class='ocrx_word' id='word_1_344' title='bbox 1532 1239 1560 1262; x_wconf 86' lang='lat' dir='ltr'><strong><em>et</em></strong></span> <span class='ocrx_word' id='word_1_345' title='bbox 1581 1235 1681 1268; x_wconf 70' lang='lat' dir='ltr'><strong><em>Judaei,</em></strong></span> <span class='ocrx_word' id='word_1_346' title='bbox 1712 1236 1850 1272; x_wconf 90' lang='lat' dir='ltr'><strong><em>quemad-</em></strong></span> 
     </span>
    </p>
   </div>
   <div class='ocr_carea' id='block_1_49' title="bbox 209 1280 1848 1318">
    <p class='ocr_par' dir='ltr' id='par_1_49' title="bbox 209 1280 1848 1318">
     <span class='ocr_line' id='line_1_49' title="bbox 209 1280 1848 1318; baseline 0.001 -10"><span class='ocrx_word' id='word_1_347' title='bbox 209 1281 320 1309; x_wconf 89' lang='lat' dir='ltr'><strong><em>modum</em></strong></span> <span class='ocrx_word' id='word_1_348' title='bbox 356 1280 459 1309; x_wconf 84' lang='lat' dir='ltr'><strong><em>dictum</em></strong></span> <span class='ocrx_word' id='word_1_349' title='bbox 473 1286 526 1314; x_wconf 87' lang='lat' dir='ltr'><strong><em>est,</em></strong></span> <span class='ocrx_word' id='word_1_350' title='bbox 546 1286 573 1309; x_wconf 92' lang='lat' dir='ltr'><strong><em>et</em></strong></span> <span class='ocrx_word' id='word_1_351' title='bbox 589 1281 733 1309; x_wconf 67' lang='lat' dir='ltr'><strong><em>Manichai</em></strong></span> <span class='ocrx_word' id='word_1_352' title='bbox 753 1283 830 1309; x_wconf 87' lang='lat' dir='ltr'><strong><em>omni</em></strong></span> <span class='ocrx_word' id='word_1_353' title='bbox 850 1282 1080 1317; x_wconf 77' lang='lat' dir='ltr'><strong><em>tergiversatione</em></strong></span> <span class='ocrx_word' id='word_1_354' title='bbox 1099 1282 1220 1315; x_wconf 87' lang='lat' dir='ltr'><strong><em>sublata,</em></strong></span> <span class='ocrx_word' id='word_1_355' title='bbox 1255 1282 1384 1310; x_wconf 73' lang='lat' dir='ltr'><strong><em>convinci</em></strong></span> <span class='ocrx_word' id='word_1_356' title='bbox 1421 1282 1552 1310; x_wconf 79' lang='lat' dir='ltr'><strong><em>facillime</em></strong></span> <span class='ocrx_word' id='word_1_357' title='bbox 1582 1287 1707 1318; x_wconf 85' lang='lat' dir='ltr'><strong><em>possent,</em></strong></span> <span class='ocrx_word' id='word_1_358' title='bbox 1731 1291 1764 1310; x_wconf 87' lang='lat' dir='ltr'><strong><em>ac</em></strong></span> <span class='ocrx_word' id='word_1_359' title='bbox 1787 1284 1848 1310; x_wconf 89' lang='lat' dir='ltr'><strong><em>cir-</em></strong></span> 
     </span>
    </p>
   </div>
   <div class='ocr_carea' id='block_1_50' title="bbox 210 1327 1849 1366">
    <p class='ocr_par' dir='ltr' id='par_1_50' title="bbox 210 1327 1849 1366">
     <span class='ocr_line' id='line_1_50' title="bbox 210 1327 1849 1366; baseline 0.002 -12"><span class='ocrx_word' id='word_1_360' title='bbox 210 1327 350 1355; x_wconf 87' lang='lat' dir='ltr'><strong><em>cumcisus</em></strong></span> <span class='ocrx_word' id='word_1_361' title='bbox 370 1328 430 1363; x_wconf 83' lang='lat' dir='ltr'><strong><em>ipse</em></strong></span> <span class='ocrx_word' id='word_1_362' title='bbox 454 1328 584 1363; x_wconf 85' lang='lat' dir='ltr'><strong><em>abrogata</em></strong></span> <span class='ocrx_word' id='word_1_363' title='bbox 625 1329 725 1357; x_wconf 90' lang='lat' dir='ltr'><strong><em>merito</em></strong></span> <span class='ocrx_word' id='word_1_364' title='bbox 753 1329 966 1356; x_wconf 87' lang='lat' dir='ltr'><strong><em>circumcisione</em></strong></span> <span class='ocrx_word' id='word_1_365' title='bbox 998 1329 1131 1363; x_wconf 86' lang='lat' dir='ltr'><strong><em>majorem</em></strong></span> <span class='ocrx_word' id='word_1_366' title='bbox 1153 1328 1301 1364; x_wconf 83' lang='lat' dir='ltr'><strong><em>quamdam</em></strong></span> <span class='ocrx_word' id='word_1_367' title='bbox 1321 1329 1474 1357; x_wconf 82' lang='lat' dir='ltr'><strong><em>induceret.</em></strong></span> <span class='ocrx_word' id='word_1_368' title='bbox 1511 1329 1571 1356; x_wconf 83' lang='lat' dir='ltr'><strong><em>Non</em></strong></span> <span class='ocrx_word' id='word_1_369' title='bbox 1583 1331 1663 1365; x_wconf 88' lang='lat' dir='ltr'><strong><em>quasi</em></strong></span> <span class='ocrx_word' id='word_1_370' title='bbox 1683 1331 1775 1366; x_wconf 87' lang='lat' dir='ltr'><strong><em>priore</em></strong></span> <span class='ocrx_word' id='word_1_371' title='bbox 1799 1331 1849 1358; x_wconf 83' lang='lat' dir='ltr'><strong><em>illa</em></strong></span> 
     </span>
    </p>
   </div>
   <div class='ocr_carea' id='block_1_51' title="bbox 210 1375 1848 1412">
    <p class='ocr_par' dir='ltr' id='par_1_51' title="bbox 210 1375 1848 1412">
     <span class='ocr_line' id='line_1_51' title="bbox 210 1375 1848 1412; baseline 0.002 -10"><span class='ocrx_word' id='word_1_372' title='bbox 210 1379 329 1407; x_wconf 79' lang='lat' dir='ltr'><strong><em>careret,</em></strong></span> <span class='ocrx_word' id='word_1_373' title='bbox 348 1375 516 1411; x_wconf 88' lang='lat' dir='ltr'><strong><em>minimeque</em></strong></span> <span class='ocrx_word' id='word_1_374' title='bbox 530 1377 698 1411; x_wconf 87' lang='lat' dir='ltr'><strong><em>suscepisset</em></strong></span> <span class='ocrx_word' id='word_1_375' title='bbox 715 1377 742 1404; x_wconf 95' lang='lat' dir='ltr'><strong><em>in</em></strong></span> <span class='ocrx_word' id='word_1_376' title='bbox 758 1384 837 1410; x_wconf 89' lang='lat' dir='ltr'><strong><em>sese;</em></strong></span> <span class='ocrx_word' id='word_1_377' title='bbox 855 1376 902 1404; x_wconf 89' lang='lat' dir='ltr'><strong><em>sed</em></strong></span> <span class='ocrx_word' id='word_1_378' title='bbox 922 1381 953 1404; x_wconf 89' lang='lat' dir='ltr'><strong><em>ut</em></strong></span> <span class='ocrx_word' id='word_1_379' title='bbox 967 1384 999 1404; x_wconf 85' lang='lat' dir='ltr'><strong><em>ea</em></strong></span> <span class='ocrx_word' id='word_1_380' title='bbox 1020 1376 1183 1412; x_wconf 79' lang='lat' dir='ltr'><strong><em>perfunctus</em></strong></span> <span class='ocrx_word' id='word_1_381' title='bbox 1203 1376 1273 1403; x_wconf 91' lang='lat' dir='ltr'><strong><em>nihil</em></strong></span> <span class='ocrx_word' id='word_1_382' title='bbox 1290 1376 1349 1412; x_wconf 90' lang='lat' dir='ltr'><strong><em>jam</em></strong></span> <span class='ocrx_word' id='word_1_383' title='bbox 1362 1385 1425 1405; x_wconf 84' lang='lat' dir='ltr'><strong><em>esse</em></strong></span> <span class='ocrx_word' id='word_1_384' title='bbox 1456 1378 1642 1406; x_wconf 86' lang='lat' dir='ltr'><strong><em>necessariam</em></strong></span> <span class='ocrx_word' id='word_1_385' title='bbox 1675 1378 1848 1410; x_wconf 88' lang='lat' dir='ltr'><strong><em>ostenderet,</em></strong></span> 
     </span>
    </p>
   </div>
   <div class='ocr_carea' id='block_1_52' title="bbox 210 1421 769 1457">
    <p class='ocr_par' dir='ltr' id='par_1_52' title="bbox 210 1421 769 1457">
     <span class='ocr_line' id='line_1_52' title="bbox 210 1421 769 1457; baseline 0.002 -8"><span class='ocrx_word' id='word_1_386' title='bbox 210 1421 259 1449; x_wconf 66' lang='lat' dir='ltr'><strong><em>Sed</em></strong></span> <span class='ocrx_word' id='word_1_387' title='bbox 279 1422 360 1448; x_wconf 87' lang='lat' dir='ltr'><strong><em>aliam</em></strong></span> <span class='ocrx_word' id='word_1_388' title='bbox 379 1421 459 1456; x_wconf 82' lang='lat' dir='ltr'><strong><em>longe</em></strong></span> <span class='ocrx_word' id='word_1_389' title='bbox 476 1421 520 1449; x_wconf 91' lang='lat' dir='ltr'><strong><em>illa</em></strong></span> <span class='ocrx_word' id='word_1_390' title='bbox 538 1422 769 1457; x_wconf 70' lang='lat' dir='ltr'><strong><em>praestantiorem.</em></strong></span> 
     </span>
    </p>
   </div>
   <div class='ocr_carea' id='block_1_53' title="bbox 248 1466 1001 1501">
    <p class='ocr_par' dir='ltr' id='par_1_53' title="bbox 248 1466 1001 1501">
     <span class='ocr_line' id='line_1_53' title="bbox 248 1466 1001 1501; baseline 0 -7"><span class='ocrx_word' id='word_1_391' title='bbox 248 1466 345 1495; x_wconf 76' lang='lat' dir='ltr'><strong><em>XXIX.</em></strong></span> <span class='ocrx_word' id='word_1_392' title='bbox 359 1467 439 1501; x_wconf 85' lang='lat' dir='ltr'><strong><em>Quod</em></strong></span> <span class='ocrx_word' id='word_1_393' title='bbox 455 1471 546 1494; x_wconf 88' lang='lat' dir='ltr'><strong><em>autem</em></strong></span> <span class='ocrx_word' id='word_1_394' title='bbox 558 1467 677 1495; x_wconf 74' lang='lat' dir='ltr'><strong><em>subindo</em></strong></span> <span class='ocrx_word' id='word_1_395' title='bbox 688 1468 716 1495; x_wconf 90' lang='lat' dir='ltr'><strong>in</strong></span> <span class='ocrx_word' id='word_1_396' title='bbox 726 1467 814 1495; x_wconf 89' lang='lat' dir='ltr'><strong><em>lucem</em></strong></span> <span class='ocrx_word' id='word_1_397' title='bbox 826 1467 917 1495; x_wconf 87' lang='lat' dir='ltr'><strong><em>editus</em></strong></span> <span class='ocrx_word' id='word_1_398' title='bbox 929 1467 1001 1495; x_wconf 87' lang='lat' dir='ltr'><strong><em>Deus</em></strong></span> 
     </span>
    </p>
   </div>
   <div class='ocr_carea' id='block_1_54' title="bbox 211 1511 1002 1548">
    <p class='ocr_par' dir='ltr' id='par_1_54' title="bbox 211 1511 1002 1548">
     <span class='ocr_line' id='line_1_54' title="bbox 211 1511 1002 1548; baseline 0 -10"><span class='ocrx_word' id='word_1_399' title='bbox 211 1512 306 1542; x_wconf 87' lang='lat' dir='ltr'><strong><em>fuerit.</em></strong></span> <span class='ocrx_word' id='word_1_400' title='bbox 327 1519 383 1539; x_wconf 91' lang='lat' dir='ltr'><strong><em>non</em></strong></span> <span class='ocrx_word' id='word_1_401' title='bbox 404 1512 485 1539; x_wconf 86' lang='lat' dir='ltr'><strong><em>homo</em></strong></span> <span class='ocrx_word' id='word_1_402' title='bbox 505 1511 650 1544; x_wconf 76' lang='lat' dir='ltr'><strong><em>duntaxat,</em></strong></span> <span class='ocrx_word' id='word_1_403' title='bbox 673 1519 688 1539; x_wconf 85' lang='lat' dir='ltr'><strong><em>a</em></strong></span> <span class='ocrx_word' id='word_1_404' title='bbox 710 1512 797 1548; x_wconf 85' lang='lat' dir='ltr'><strong><em>magis</em></strong></span> <span class='ocrx_word' id='word_1_405' title='bbox 813 1516 908 1548; x_wconf 85' lang='lat' dir='ltr'><strong><em>aperte</em></strong></span> <span class='ocrx_word' id='word_1_406' title='bbox 926 1519 1002 1539; x_wconf 88' lang='lat' dir='ltr'><strong><em>com-</em></strong></span> 
     </span>
    </p>
   </div>
   <div class='ocr_carea' id='block_1_55' title="bbox 1090 1465 1851 1506">
    <p class='ocr_par' dir='ltr' id='par_1_55' title="bbox 1090 1465 1851 1506">
     <span class='ocr_line' id='line_1_55' title="bbox 1090 1465 1851 1506; baseline 0.008 -14"><span class='ocrx_word' id='word_1_407' title='bbox 1090 1465 1155 1493; x_wconf 73' lang='lat' dir='ltr'><strong><em>KG’.</em></strong></span> <span class='ocrx_word' id='word_1_408' title='bbox 1173 1465 1228 1492; x_wconf 84' lang='lat' dir='ltr'><strong><em>Kal</em></strong></span> <span class='ocrx_word' id='word_1_409' title='bbox 1244 1466 1284 1493; x_wconf 81' lang='grc' dir='ltr'>ὅτι</span> <span class='ocrx_word' id='word_1_410' title='bbox 1311 1466 1360 1502; x_wconf 83' lang='grc' dir='ltr'>μὲν</span> <span class='ocrx_word' id='word_1_411' title='bbox 1376 1467 1458 1499; x_wconf 77' lang='grc' dir='ltr'>εὐθὺς</span> <span class='ocrx_word' id='word_1_412' title='bbox 1479 1468 1622 1503; x_wconf 66' lang='grc' dir='ltr'>γενντρεὶς</span> <span class='ocrx_word' id='word_1_413' title='bbox 1645 1468 1712 1501; x_wconf 85' lang='grc' dir='ltr'>Θεὸς</span> <span class='ocrx_word' id='word_1_414' title='bbox 1730 1467 1781 1506; x_wconf 82' lang='grc' dir='ltr'>ἦν,</span> <span class='ocrx_word' id='word_1_415' title='bbox 1799 1472 1851 1498; x_wconf 79' lang='grc' dir='ltr'>καὶ</span> 
     </span>
    </p>
   </div>
   <div class='ocr_carea' id='block_1_56' title="bbox 1055 1511 1851 1549">
    <p class='ocr_par' dir='ltr' id='par_1_56' title="bbox 1055 1511 1851 1549">
     <span class='ocr_line' id='line_1_56' title="bbox 1055 1511 1851 1549; baseline 0.008 -12"><span class='ocrx_word' id='word_1_416' title='bbox 1055 1511 1085 1538; x_wconf 78' lang='grc' dir='ltr'>οὐ</span> <span class='ocrx_word' id='word_1_417' title='bbox 1100 1511 1177 1546; x_wconf 62' lang='grc' dir='ltr'>ψιλὸς</span> <span class='ocrx_word' id='word_1_418' title='bbox 1193 1511 1346 1548; x_wconf 79' lang='grc' dir='ltr'>ἄνθρωπος,</span> <span class='ocrx_word' id='word_1_419' title='bbox 1364 1512 1390 1539; x_wconf 78' lang='grc' dir='ltr'>οἱ</span> <span class='ocrx_word' id='word_1_420' title='bbox 1409 1514 1492 1548; x_wconf 85' lang='grc' dir='ltr'>μάγοι</span> <span class='ocrx_word' id='word_1_421' title='bbox 1509 1514 1603 1549; x_wconf 76' lang='grc' dir='ltr'>σαφῶς</span> <span class='ocrx_word' id='word_1_422' title='bbox 1622 1515 1749 1547; x_wconf 79' lang='grc' dir='ltr'>δείξουσι.</span> <span class='ocrx_word' id='word_1_423' title='bbox 1769 1517 1851 1544; x_wconf 73' lang='grc' dir='ltr'>Μετὰ</span> 
     </span>
    </p>
   </div>
   <div class='ocr_carea' id='block_1_57' title="bbox 211 1556 1002 1598">
    <p class='ocr_par' dir='ltr' id='par_1_57' title="bbox 211 1556 999 1593">
     <span class='ocr_line' id='line_1_57' title="bbox 211 1556 999 1593; baseline 0 -9"><span class='ocrx_word' id='word_1_424' title='bbox 211 1558 357 1593; x_wconf 90' lang='lat' dir='ltr'><strong><em>probatum</em></strong></span> <span class='ocrx_word' id='word_1_425' title='bbox 371 1561 423 1585; x_wconf 86' lang='lat' dir='ltr'><strong><em>est.</em></strong></span> <span class='ocrx_word' id='word_1_426' title='bbox 442 1557 584 1592; x_wconf 85' lang='lat' dir='ltr'><strong><em>Siquidem</em></strong></span> <span class='ocrx_word' id='word_1_427' title='bbox 600 1557 696 1592; x_wconf 89' lang='lat' dir='ltr'><strong><em>elapso</em></strong></span> <span class='ocrx_word' id='word_1_428' title='bbox 712 1557 768 1592; x_wconf 90' lang='lat' dir='ltr'><strong><em>jam</em></strong></span> <span class='ocrx_word' id='word_1_429' title='bbox 788 1557 911 1589; x_wconf 89' lang='lat' dir='ltr'><strong><em>biennio,</em></strong></span> <span class='ocrx_word' id='word_1_430' title='bbox 926 1556 999 1592; x_wconf 90' lang='lat' dir='ltr'><strong><em>quod</em></strong></span> 
     </span>
    </p>
   </div>
   <div class='ocr_carea' id='block_1_58' title="bbox 1054 1556 1851 1598">
    <p class='ocr_par' dir='ltr' id='par_1_58' title="bbox 1054 1557 1851 1598">
     <span class='ocr_line' id='line_1_58' title="bbox 1054 1557 1851 1598; baseline 0.008 -15"><span class='ocrx_word' id='word_1_431' title='bbox 1054 1558 1105 1594; x_wconf 73' lang='grc' dir='ltr'><strong><em>γὰρ</em></strong></span> <span class='ocrx_word' id='word_1_432' title='bbox 1119 1557 1166 1583; x_wconf 87' lang='grc' dir='ltr'>δύο</span> <span class='ocrx_word' id='word_1_433' title='bbox 1180 1557 1248 1584; x_wconf 76' lang='grc' dir='ltr'>ἑτῶν</span> <span class='ocrx_word' id='word_1_434' title='bbox 1260 1558 1366 1594; x_wconf 86' lang='grc' dir='ltr'>χρόνον,</span> <span class='ocrx_word' id='word_1_435' title='bbox 1381 1559 1420 1591; x_wconf 69' lang='grc' dir='ltr'><strong><em>ὡς</em></strong></span> <span class='ocrx_word' id='word_1_436' title='bbox 1435 1559 1537 1591; x_wconf 79' lang='grc' dir='ltr'>ἔδειξαν</span> <span class='ocrx_word' id='word_1_437' title='bbox 1552 1560 1590 1596; x_wconf 84' lang='grc' dir='ltr'>τῷ</span> <span class='ocrx_word' id='word_1_438' title='bbox 1606 1560 1712 1597; x_wconf 82' lang='grc' dir='ltr'>Ἡρώδῃ</span> <span class='ocrx_word' id='word_1_439' title='bbox 1727 1562 1771 1588; x_wconf 82' lang='grc' dir='ltr'><strong><em>τὸν</em></strong></span> <span class='ocrx_word' id='word_1_440' title='bbox 1783 1563 1851 1598; x_wconf 84' lang='grc' dir='ltr'>χρό-</span> 
     </span>
    </p>
   </div>
   <div class='ocr_carea' id='block_1_59' title="bbox 211 1602 1004 1639">
    <p class='ocr_par' dir='ltr' id='par_1_59' title="bbox 211 1602 1004 1639">
     <span class='ocr_line' id='line_1_59' title="bbox 211 1602 1004 1639; baseline -0.003 -8"><span class='ocrx_word' id='word_1_441' title='bbox 211 1604 302 1638; x_wconf 88' lang='lat' dir='ltr'><strong><em>ipsum</em></strong></span> <span class='ocrx_word' id='word_1_442' title='bbox 320 1603 405 1631; x_wconf 71' lang='lat' dir='ltr'><strong><em>stellae</em></strong></span> <span class='ocrx_word' id='word_1_443' title='bbox 417 1607 524 1638; x_wconf 89' lang='lat' dir='ltr'><strong><em>tempus</em></strong></span> <span class='ocrx_word' id='word_1_444' title='bbox 537 1602 637 1631; x_wconf 89' lang='lat' dir='ltr'><strong><em>Herodi</em></strong></span> <span class='ocrx_word' id='word_1_445' title='bbox 653 1603 852 1639; x_wconf 81' lang='lat' dir='ltr'><strong><em>significarunt,</em></strong></span> <span class='ocrx_word' id='word_1_446' title='bbox 863 1611 878 1630; x_wconf 90' lang='lat' dir='ltr'><strong><em>a</em></strong></span> <span class='ocrx_word' id='word_1_447' title='bbox 892 1603 1004 1631; x_wconf 81' lang='lat' dir='ltr'><strong><em>biennio</em></strong></span> 
     </span>
    </p>
   </div>
   <div class='ocr_carea' id='block_1_60' title="bbox 211 1648 1002 1685">
    <p class='ocr_par' dir='ltr' id='par_1_60' title="bbox 211 1648 1002 1685">
     <span class='ocr_line' id='line_1_60' title="bbox 211 1648 1002 1685; baseline 0 -9"><span class='ocrx_word' id='word_1_448' title='bbox 211 1649 337 1676; x_wconf 89' lang='lat' dir='ltr'><strong><em>videlicet</em></strong></span> <span class='ocrx_word' id='word_1_449' title='bbox 357 1653 439 1684; x_wconf 87' lang='lat' dir='ltr'><strong><em>atque</em></strong></span> <span class='ocrx_word' id='word_1_450' title='bbox 465 1649 573 1683; x_wconf 77' lang='lat' dir='ltr'><strong><em>infra’,</em></strong></span> <span class='ocrx_word' id='word_1_451' title='bbox 598 1648 818 1685; x_wconf 80' lang='lat' dir='ltr'><strong><em>Hierosolymam</em></strong></span> <span class='ocrx_word' id='word_1_452' title='bbox 840 1649 1002 1682; x_wconf 84' lang='lat' dir='ltr'><strong><em>venientes,</em></strong></span> 
     </span>
    </p>
   </div>
   <div class='ocr_carea' id='block_1_61' title="bbox 211 1694 1005 1730">
    <p class='ocr_par' dir='ltr' id='par_1_61' title="bbox 211 1694 1005 1730">
     <span class='ocr_line' id='line_1_61' title="bbox 211 1694 1005 1730; baseline -0.001 -9"><span class='ocrx_word' id='word_1_453' title='bbox 211 1695 470 1730; x_wconf 83' lang='lat' dir='ltr'><strong><em>interrogantesque</em></strong></span> <span class='ocrx_word' id='word_1_454' title='bbox 484 1695 567 1728; x_wconf 85' lang='lat' dir='ltr'><strong><em>magi,</em></strong></span> <span class='ocrx_word' id='word_1_455' title='bbox 582 1702 644 1721; x_wconf 91' lang='lat' dir='ltr'><strong><em>cum</em></strong></span> <span class='ocrx_word' id='word_1_456' title='bbox 658 1694 824 1722; x_wconf 80' lang='lat' dir='ltr'><strong><em>Bethlehemi</em></strong></span> <span class='ocrx_word' id='word_1_457' title='bbox 837 1694 913 1722; x_wconf 89' lang='lat' dir='ltr'><strong><em>nasci</em></strong></span> <span class='ocrx_word' id='word_1_458' title='bbox 925 1694 1005 1721; x_wconf 87' lang='lat' dir='ltr'><strong><em>Chri-</em></strong></span> 
     </span>
    </p>
   </div>
   <div class='ocr_carea' id='block_1_62' title="bbox 211 1739 1002 1775">
    <p class='ocr_par' dir='ltr' id='par_1_62' title="bbox 211 1739 1002 1775">
     <span class='ocr_line' id='line_1_62' title="bbox 211 1739 1002 1775; baseline 0 -9"><span class='ocrx_word' id='word_1_459' title='bbox 211 1746 285 1767; x_wconf 84' lang='lat' dir='ltr'><strong><em>stum</em></strong></span> <span class='ocrx_word' id='word_1_460' title='bbox 310 1744 439 1774; x_wconf 80' lang='lat' dir='ltr'><strong><em>oportere</em></strong></span> <span class='ocrx_word' id='word_1_461' title='bbox 453 1739 627 1771; x_wconf 88' lang='lat' dir='ltr'><strong><em>didicissent,</em></strong></span> <span class='ocrx_word' id='word_1_462' title='bbox 648 1739 682 1767; x_wconf 84' lang='lat' dir='ltr'><strong><em>ab</em></strong></span> <span class='ocrx_word' id='word_1_463' title='bbox 705 1740 771 1767; x_wconf 87' lang='lat' dir='ltr'><strong><em>urbe</em></strong></span> <span class='ocrx_word' id='word_1_464' title='bbox 789 1739 907 1775; x_wconf 80' lang='lat' dir='ltr'><strong><em>digressi</em></strong></span> <span class='ocrx_word' id='word_1_465' title='bbox 925 1743 1002 1772; x_wconf 89' lang='lat' dir='ltr'><strong><em>sunt,</em></strong></span> 
     </span>
    </p>
   </div>
   <div class='ocr_carea' id='block_1_63' title="bbox 211 1785 1003 1821">
    <p class='ocr_par' dir='ltr' id='par_1_63' title="bbox 211 1785 1003 1821">
     <span class='ocr_line' id='line_1_63' title="bbox 211 1785 1003 1821; baseline -0.001 -8"><span class='ocrx_word' id='word_1_466' title='bbox 211 1786 365 1820; x_wconf 88' lang='lat' dir='ltr'><strong><em>eademque</em></strong></span> <span class='ocrx_word' id='word_1_467' title='bbox 380 1786 450 1813; x_wconf 89' lang='lat' dir='ltr'><strong><em>duce</em></strong></span> <span class='ocrx_word' id='word_1_468' title='bbox 462 1786 538 1813; x_wconf 83' lang='lat' dir='ltr'><strong><em>stella</em></strong></span> <span class='ocrx_word' id='word_1_469' title='bbox 550 1785 754 1813; x_wconf 88' lang='lat' dir='ltr'><strong><em>Bethlehemum</em></strong></span> <span class='ocrx_word' id='word_1_470' title='bbox 769 1787 934 1821; x_wconf 74' lang='lat' dir='ltr'><strong><em>aspirarunt.</em></strong></span> <span class='ocrx_word' id='word_1_471' title='bbox 952 1785 1003 1818; x_wconf 88' lang='lat' dir='ltr'><strong><em>lbi,</em></strong></span> 
     </span>
    </p>
   </div>
   <div class='ocr_carea' id='block_1_64' title="bbox 212 1831 1004 1867">
    <p class='ocr_par' dir='ltr' id='par_1_64' title="bbox 212 1831 1004 1867">
     <span class='ocr_line' id='line_1_64' title="bbox 212 1831 1004 1867; baseline 0 -9"><span class='ocrx_word' id='word_1_472' title='bbox 212 1836 393 1867; x_wconf 84' lang='lat' dir='ltr'><strong><em>posteaquam</em></strong></span> <span class='ocrx_word' id='word_1_473' title='bbox 412 1831 576 1867; x_wconf 75' lang='lat' dir='ltr'><strong><em>introgressi</em></strong></span> <span class='ocrx_word' id='word_1_474' title='bbox 593 1835 668 1863; x_wconf 92' lang='lat' dir='ltr'><strong><em>sunt,</em></strong></span> <span class='ocrx_word' id='word_1_475' title='bbox 685 1831 826 1860; x_wconf 90' lang='lat' dir='ltr'><strong><em>Christum</em></strong></span> <span class='ocrx_word' id='word_1_476' title='bbox 840 1839 902 1859; x_wconf 90' lang='lat' dir='ltr'><strong><em>cum</em></strong></span> <span class='ocrx_word' id='word_1_477' title='bbox 919 1831 1004 1859; x_wconf 82' lang='lat' dir='ltr'><strong><em>Maria</em></strong></span> 
     </span>
    </p>
   </div>
   <div class='ocr_carea' id='block_1_65' title="bbox 212 1877 1003 1912">
    <p class='ocr_par' dir='ltr' id='par_1_65' title="bbox 212 1877 1003 1912">
     <span class='ocr_line' id='line_1_65' title="bbox 212 1877 1003 1912; baseline 0.001 -8"><span class='ocrx_word' id='word_1_478' title='bbox 212 1882 301 1904; x_wconf 87' lang='lat' dir='ltr'><strong><em>matre</em></strong></span> <span class='ocrx_word' id='word_1_479' title='bbox 314 1881 477 1912; x_wconf 85' lang='lat' dir='ltr'><strong><em>repererunt</em></strong></span> <span class='ocrx_word' id='word_1_480' title='bbox 490 1886 497 1910; x_wconf 89' lang='lat'>;</span> <span class='ocrx_word' id='word_1_481' title='bbox 508 1881 534 1904; x_wconf 89' lang='lat' dir='ltr'><strong><em>et</em></strong></span> <span class='ocrx_word' id='word_1_482' title='bbox 547 1877 720 1912; x_wconf 88' lang='lat' dir='ltr'><strong><em>procidentes</em></strong></span> <span class='ocrx_word' id='word_1_483' title='bbox 733 1877 917 1905; x_wconf 85' lang='lat' dir='ltr'><strong><em>adoraverunt</em></strong></span> <span class='ocrx_word' id='word_1_484' title='bbox 928 1885 1003 1909; x_wconf 89' lang='lat' dir='ltr'><strong><em>eum,</em></strong></span> 
     </span>
    </p>
   </div>
   <div class='ocr_carea' id='block_1_66' title="bbox 212 1922 1003 1958">
    <p class='ocr_par' dir='ltr' id='par_1_66' title="bbox 212 1922 1003 1958">
     <span class='ocr_line' id='line_1_66' title="bbox 212 1922 1003 1958; baseline 0 -8"><span class='ocrx_word' id='word_1_485' title='bbox 212 1924 430 1958; x_wconf 86' lang='lat' dir='ltr'><strong><em>obtuleruntque</em></strong></span> <span class='ocrx_word' id='word_1_486' title='bbox 456 1931 579 1950; x_wconf 89' lang='lat' dir='ltr'><strong><em>munera.</em></strong></span> <span class='ocrx_word' id='word_1_487' title='bbox 605 1922 788 1956; x_wconf 84' lang='lat' dir='ltr'><strong><em>Quamobrem</em></strong></span> <span class='ocrx_word' id='word_1_488' title='bbox 815 1931 877 1951; x_wconf 88' lang='lat' dir='ltr'><strong><em>cum</em></strong></span> <span class='ocrx_word' id='word_1_489' title='bbox 909 1924 1003 1950; x_wconf 84' lang='lat' dir='ltr'><strong><em>statim</em></strong></span> 
     </span>
    </p>
   </div>
   <div class='ocr_carea' id='block_1_67' title="bbox 211 1970 1003 2005">
    <p class='ocr_par' dir='ltr' id='par_1_67' title="bbox 211 1970 1003 2005">
     <span class='ocr_line' id='line_1_67' title="bbox 211 1970 1003 2005; baseline 0.003 -9"><span class='ocrx_word' id='word_1_490' title='bbox 211 1970 342 1998; x_wconf 83' lang='lat' dir='ltr'><strong><em>adoretur</em></strong></span> <span class='ocrx_word' id='word_1_491' title='bbox 358 1970 404 2005; x_wconf 90' lang='lat' dir='ltr'><strong><em>qui</em></strong></span> <span class='ocrx_word' id='word_1_492' title='bbox 427 1976 510 1998; x_wconf 90' lang='lat' dir='ltr'><strong><em>natus</em></strong></span> <span class='ocrx_word' id='word_1_493' title='bbox 526 1975 579 2002; x_wconf 84' lang='lat' dir='ltr'><strong><em>est,</em></strong></span> <span class='ocrx_word' id='word_1_494' title='bbox 601 1977 656 1997; x_wconf 91' lang='lat' dir='ltr'><strong><em>non</em></strong></span> <span class='ocrx_word' id='word_1_495' title='bbox 676 1970 768 1998; x_wconf 85' lang='lat' dir='ltr'><strong><em>nudus</em></strong></span> <span class='ocrx_word' id='word_1_496' title='bbox 790 1975 831 1998; x_wconf 88' lang='lat' dir='ltr'><strong><em>est</em></strong></span> <span class='ocrx_word' id='word_1_497' title='bbox 845 1971 936 2002; x_wconf 86' lang='lat' dir='ltr'><strong><em>homo,</em></strong></span> <span class='ocrx_word' id='word_1_498' title='bbox 955 1970 1003 1998; x_wconf 84' lang='lat' dir='ltr'><strong><em>sed</em></strong></span> 
     </span>
    </p>
   </div>
   <div class='ocr_carea' id='block_1_68' title="bbox 211 2015 1001 2051">
    <p class='ocr_par' dir='ltr' id='par_1_68' title="bbox 211 2015 1001 2051">
     <span class='ocr_line' id='line_1_68' title="bbox 211 2015 1001 2051; baseline -0.001 -8"><span class='ocrx_word' id='word_1_499' title='bbox 211 2015 305 2043; x_wconf 86' lang='lat' dir='ltr'><strong><em>Deus:</em></strong></span> <span class='ocrx_word' id='word_1_500' title='bbox 324 2023 412 2051; x_wconf 88' lang='lat' dir='ltr'><strong><em>neque</em></strong></span> <span class='ocrx_word' id='word_1_501' title='bbox 436 2020 497 2050; x_wconf 89' lang='lat' dir='ltr'><strong><em>post</em></strong></span> <span class='ocrx_word' id='word_1_502' title='bbox 522 2023 612 2043; x_wconf 90' lang='lat' dir='ltr'><strong><em>annos</em></strong></span> <span class='ocrx_word' id='word_1_503' title='bbox 629 2016 751 2051; x_wconf 89' lang='lat' dir='ltr'><strong><em>triginta,</em></strong></span> <span class='ocrx_word' id='word_1_504' title='bbox 771 2015 813 2043; x_wconf 82' lang='lat' dir='ltr'><strong><em>vel</em></strong></span> <span class='ocrx_word' id='word_1_505' title='bbox 827 2016 1001 2050; x_wconf 88' lang='lat' dir='ltr'><strong><em>baptismum,</em></strong></span> 
     </span>
    </p>
   </div>
   <div class='ocr_carea' id='block_1_69' title="bbox 211 2060 1004 2090">
    <p class='ocr_par' dir='ltr' id='par_1_69' title="bbox 211 2060 1004 2090">
     <span class='ocr_line' id='line_1_69' title="bbox 211 2060 1004 2090; baseline 0.001 -3"><span class='ocrx_word' id='word_1_506' title='bbox 211 2061 341 2089; x_wconf 73' lang='lat' dir='ltr'><strong><em>Christus</em></strong></span> <span class='ocrx_word' id='word_1_507' title='bbox 365 2061 502 2088; x_wconf 73' lang='lat' dir='ltr'><strong><em>edicitur:</em></strong></span> <span class='ocrx_word' id='word_1_508' title='bbox 531 2060 579 2088; x_wconf 90' lang='lat' dir='ltr'><strong><em>sed</em></strong></span> <span class='ocrx_word' id='word_1_509' title='bbox 607 2060 722 2089; x_wconf 90' lang='lat' dir='ltr'><strong><em>subinde</em></strong></span> <span class='ocrx_word' id='word_1_510' title='bbox 738 2061 866 2090; x_wconf 84' lang='lat' dir='ltr'><strong><em>Christus</em></strong></span> <span class='ocrx_word' id='word_1_511' title='bbox 886 2070 900 2089; x_wconf 92' lang='lat' dir='ltr'><strong><em>e</em></strong></span> <span class='ocrx_word' id='word_1_512' title='bbox 919 2061 1004 2089; x_wconf 87' lang='lat' dir='ltr'><strong><em>Maria</em></strong></span> 
     </span>
    </p>
   </div>
   <div class='ocr_carea' id='block_1_70' title="bbox 215 2106 1005 2142">
    <p class='ocr_par' dir='ltr' id='par_1_70' title="bbox 215 2106 1005 2142">
     <span class='ocr_line' id='line_1_70' title="bbox 215 2106 1005 2142; baseline 0.003 -9"><span class='ocrx_word' id='word_1_513' title='bbox 215 2106 415 2142; x_wconf 74' lang='lat' dir='ltr'><strong><em>Virgine&#39;Deus</em></strong></span> <span class='ocrx_word' id='word_1_514' title='bbox 438 2107 541 2142; x_wconf 86' lang='lat' dir='ltr'><strong><em>pariter</em></strong></span> <span class='ocrx_word' id='word_1_515' title='bbox 558 2111 640 2142; x_wconf 85' lang='lat' dir='ltr'><strong><em>atque</em></strong></span> <span class='ocrx_word' id='word_1_516' title='bbox 655 2107 737 2134; x_wconf 90' lang='lat' dir='ltr'><strong><em>homo</em></strong></span> <span class='ocrx_word' id='word_1_517' title='bbox 757 2111 839 2135; x_wconf 89' lang='lat' dir='ltr'><strong><em>natus</em></strong></span> <span class='ocrx_word' id='word_1_518' title='bbox 861 2111 914 2136; x_wconf 88' lang='lat' dir='ltr'><strong><em>est.</em></strong></span> <span class='ocrx_word' id='word_1_519' title='bbox 935 2107 1005 2135; x_wconf 78' lang='lat' dir='ltr'><strong><em>Pro-</em></strong></span> 
     </span>
    </p>
   </div>
   <div class='ocr_carea' id='block_1_71' title="bbox 212 2151 1002 2187">
    <p class='ocr_par' dir='ltr' id='par_1_71' title="bbox 212 2151 1002 2187">
     <span class='ocr_line' id='line_1_71' title="bbox 212 2151 1002 2187; baseline 0.001 -8"><span class='ocrx_word' id='word_1_520' title='bbox 212 2158 306 2187; x_wconf 86' lang='lat' dir='ltr'><strong><em>pterea</em></strong></span> <span class='ocrx_word' id='word_1_521' title='bbox 333 2152 425 2179; x_wconf 87' lang='lat' dir='ltr'><strong><em>statim</em></strong></span> <span class='ocrx_word' id='word_1_522' title='bbox 451 2151 540 2187; x_wconf 80' lang='lat' dir='ltr'><strong><em>angeli</em></strong></span> <span class='ocrx_word' id='word_1_523' title='bbox 561 2151 674 2179; x_wconf 71' lang='lat' dir='ltr'><strong><em>cmleste</em></strong></span> <span class='ocrx_word' id='word_1_524' title='bbox 694 2159 806 2179; x_wconf 85' lang='lat' dir='ltr'><strong><em>carmen</em></strong></span> <span class='ocrx_word' id='word_1_525' title='bbox 833 2153 1002 2180; x_wconf 87' lang='lat' dir='ltr'><strong><em>concinunt:</em></strong></span> 
     </span>
    </p>
   </div>
   <div class='ocr_carea' id='block_1_72' title="bbox 212 2198 1003 2232">
    <p class='ocr_par' dir='ltr' id='par_1_72' title="bbox 212 2198 1003 2232">
     <span class='ocr_line' id='line_1_72' title="bbox 212 2198 1003 2232; baseline 0.001 -6"><span class='ocrx_word' id='word_1_526' title='bbox 212 2199 305 2226; x_wconf 76' lang='lat' dir='ltr'><strong><em>Gloria</em></strong></span> <span class='ocrx_word' id='word_1_527' title='bbox 322 2200 349 2226; x_wconf 82' lang='lat' dir='ltr'><strong><em>in</em></strong></span> <span class='ocrx_word' id='word_1_528' title='bbox 366 2199 477 2226; x_wconf 75' lang='lat' dir='ltr'><strong><em>excelsis</em></strong></span> <span class='ocrx_word' id='word_1_529' title='bbox 493 2198 560 2230; x_wconf 81' lang='lat' dir='ltr'><strong><em>Deo,</em></strong></span> <span class='ocrx_word' id='word_1_530' title='bbox 579 2203 605 2225; x_wconf 88' lang='lat' dir='ltr'><strong><em>et</em></strong></span> <span class='ocrx_word' id='word_1_531' title='bbox 629 2199 656 2225; x_wconf 85' lang='lat' dir='ltr'><strong><em>in</em></strong></span> <span class='ocrx_word' id='word_1_532' title='bbox 674 2202 745 2225; x_wconf 88' lang='lat' dir='ltr'><strong><em>terra</em></strong></span> <span class='ocrx_word' id='word_1_533' title='bbox 766 2206 830 2232; x_wconf 77' lang='lat' dir='ltr'><strong><em>pax,</em></strong></span> <span class='ocrx_word' id='word_1_534' title='bbox 853 2199 1003 2227; x_wconf 79' lang='lat' dir='ltr'><strong><em>hominibus</em></strong></span> 
     </span>
    </p>
   </div>
   <div class='ocr_carea' id='block_1_73' title="bbox 211 2243 1004 2280">
    <p class='ocr_par' dir='ltr' id='par_1_73' title="bbox 211 2243 1004 2280">
     <span class='ocr_line' id='line_1_73' title="bbox 211 2243 1004 2280; baseline 0.001 -9"><span class='ocrx_word' id='word_1_535' title='bbox 211 2253 341 2279; x_wconf 75' lang='lat' dir='ltr'><strong><em>propensa</em></strong></span> <span class='ocrx_word' id='word_1_536' title='bbox 357 2244 479 2271; x_wconf 81' lang='lat' dir='ltr'><strong><em>voluntas</em></strong></span> <span class='ocrx_word' id='word_1_537' title='bbox 491 2244 510 2271; x_wconf 80' lang='grc'><strong><em>⁸.</em></strong></span> <span class='ocrx_word' id='word_1_538' title='bbox 530 2243 582 2271; x_wconf 80' lang='lat' dir='ltr'><strong><em>Sed</em></strong></span> <span class='ocrx_word' id='word_1_539' title='bbox 602 2248 629 2272; x_wconf 91' lang='lat' dir='ltr'><strong><em>et</em></strong></span> <span class='ocrx_word' id='word_1_540' title='bbox 645 2244 719 2271; x_wconf 80' lang='lat' dir='ltr'><strong><em>felici</em></strong></span> <span class='ocrx_word' id='word_1_541' title='bbox 735 2245 782 2272; x_wconf 93' lang='lat' dir='ltr'><strong><em>illo</em></strong></span> <span class='ocrx_word' id='word_1_542' title='bbox 796 2245 892 2272; x_wconf 88' lang='lat' dir='ltr'><strong><em>nuntio</em></strong></span> <span class='ocrx_word' id='word_1_543' title='bbox 910 2249 1004 2280; x_wconf 86' lang='lat' dir='ltr'><strong><em>pasto-</em></strong></span> 
     </span>
    </p>
   </div>
   <div class='ocr_carea' id='block_1_74' title="bbox 212 2289 1004 2326">
    <p class='ocr_par' dir='ltr' id='par_1_74' title="bbox 212 2289 1004 2326">
     <span class='ocr_line' id='line_1_74' title="bbox 212 2289 1004 2326; baseline -0.001 -8"><span class='ocrx_word' id='word_1_544' title='bbox 212 2298 258 2318; x_wconf 80' lang='lat' dir='ltr'><strong><em>res</em></strong></span> <span class='ocrx_word' id='word_1_545' title='bbox 274 2291 471 2326; x_wconf 84' lang='lat' dir='ltr'><strong><em>impertiuntur</em></strong></span> <span class='ocrx_word' id='word_1_546' title='bbox 485 2299 491 2316; x_wconf 90' lang='lat'>:</span> <span class='ocrx_word' id='word_1_547' title='bbox 509 2289 599 2316; x_wconf 85' lang='lat' dir='ltr'><strong><em>Natus</em></strong></span> <span class='ocrx_word' id='word_1_548' title='bbox 618 2293 657 2316; x_wconf 85' lang='lat' dir='ltr'><strong><em>est</em></strong></span> <span class='ocrx_word' id='word_1_549' title='bbox 674 2289 760 2321; x_wconf 85' lang='lat' dir='ltr'><strong><em>nobis,</em></strong></span> <span class='ocrx_word' id='word_1_550' title='bbox 772 2290 910 2325; x_wconf 85' lang='lat' dir='ltr'><strong><em>inquiunt,</em></strong></span> <span class='ocrx_word' id='word_1_551' title='bbox 928 2291 1004 2317; x_wconf 82' lang='lat' dir='ltr'><strong><em>hodie</em></strong></span> 
     </span>
    </p>
   </div>
   <div class='ocr_carea' id='block_1_75' title="bbox 211 2334 1004 2370">
    <p class='ocr_par' dir='ltr' id='par_1_75' title="bbox 211 2334 1004 2370">
     <span class='ocr_line' id='line_1_75' title="bbox 211 2334 1004 2370; baseline 0.001 -9"><span class='ocrx_word' id='word_1_552' title='bbox 211 2334 336 2364; x_wconf 80' lang='lat' dir='ltr'><strong><em>Christus</em></strong></span> <span class='ocrx_word' id='word_1_553' title='bbox 359 2334 489 2362; x_wconf 79' lang='lat' dir='ltr'><strong><em>Dominus</em></strong></span> <span class='ocrx_word' id='word_1_554' title='bbox 512 2335 539 2361; x_wconf 85' lang='lat' dir='ltr'><strong><em>in</em></strong></span> <span class='ocrx_word' id='word_1_555' title='bbox 562 2335 668 2362; x_wconf 83' lang='lat' dir='ltr'><strong><em>civitate</em></strong></span> <span class='ocrx_word' id='word_1_556' title='bbox 692 2334 778 2362; x_wconf 74' lang='lat' dir='ltr'><strong><em>David</em></strong></span> <span class='ocrx_word' id='word_1_557' title='bbox 787 2336 809 2362; x_wconf 85' lang='grc'><strong><em>⁵.</em></strong></span> <span class='ocrx_word' id='word_1_558' title='bbox 834 2335 927 2370; x_wconf 84' lang='lat' dir='ltr'><strong><em>Neque</em></strong></span> <span class='ocrx_word' id='word_1_559' title='bbox 952 2335 1004 2362; x_wconf 89' lang='lat' dir='ltr'><strong><em>hoc</em></strong></span> 
     </span>
    </p>
   </div>
   <div class='ocr_carea' id='block_1_76' title="bbox 212 2380 1003 2417">
    <p class='ocr_par' dir='ltr' id='par_1_76' title="bbox 212 2380 1003 2417">
     <span class='ocr_line' id='line_1_76' title="bbox 212 2380 1003 2417; baseline 0 -9"><span class='ocrx_word' id='word_1_560' title='bbox 212 2382 321 2413; x_wconf 83' lang='lat' dir='ltr'><strong><em>solum,</em></strong></span> <span class='ocrx_word' id='word_1_561' title='bbox 341 2381 437 2408; x_wconf 77' lang='lat' dir='ltr'><strong><em>infelix</em></strong></span> <span class='ocrx_word' id='word_1_562' title='bbox 467 2380 571 2408; x_wconf 85' lang='lat' dir='ltr'><strong><em>Ebtonl</em></strong></span> <span class='ocrx_word' id='word_1_563' title='bbox 604 2380 638 2408; x_wconf 89' lang='lat' dir='ltr'><strong><em>de</em></strong></span> <span class='ocrx_word' id='word_1_564' title='bbox 663 2380 775 2409; x_wconf 89' lang='lat' dir='ltr'><strong><em>Christo</em></strong></span> <span class='ocrx_word' id='word_1_565' title='bbox 798 2381 1003 2417; x_wconf 84' lang='lat' dir='ltr'><strong><em>comprobatur,</em></strong></span> 
     </span>
    </p>
   </div>
   <div class='ocr_carea' id='block_1_77' title="bbox 212 2426 1005 2455">
    <p class='ocr_par' dir='ltr' id='par_1_77' title="bbox 212 2426 1005 2455">
     <span class='ocr_line' id='line_1_77' title="bbox 212 2426 1005 2455; baseline 0.004 -3"><span class='ocrx_word' id='word_1_566' title='bbox 212 2433 309 2454; x_wconf 81' lang='lat' dir='ltr'><strong><em>verum</em></strong></span> <span class='ocrx_word' id='word_1_567' title='bbox 331 2426 413 2453; x_wconf 88' lang='lat' dir='ltr'><strong><em>etiam</em></strong></span> <span class='ocrx_word' id='word_1_568' title='bbox 427 2433 502 2453; x_wconf 90' lang='lat' dir='ltr'><strong><em>anno</em></strong></span> <span class='ocrx_word' id='word_1_569' title='bbox 521 2426 610 2453; x_wconf 68' lang='lat' dir='ltr'><strong><em>aetatis</em></strong></span> <span class='ocrx_word' id='word_1_570' title='bbox 624 2426 789 2454; x_wconf 91' lang='lat' dir='ltr'><strong><em>duodecimo</em></strong></span> <span class='ocrx_word' id='word_1_571' title='bbox 810 2427 910 2455; x_wconf 86' lang='lat' dir='ltr'><strong><em>sedens</em></strong></span> <span class='ocrx_word' id='word_1_572' title='bbox 933 2427 1005 2455; x_wconf 80' lang='lat' dir='ltr'><strong><em>inter</em></strong></span> 
     </span>
    </p>
   </div>
   <div class='ocr_carea' id='block_1_78' title="bbox 212 2471 1004 2506">
    <p class='ocr_par' dir='ltr' id='par_1_78' title="bbox 212 2471 1004 2506">
     <span class='ocr_line' id='line_1_78' title="bbox 212 2471 1004 2506; baseline 0 -6"><span class='ocrx_word' id='word_1_573' title='bbox 212 2471 371 2500; x_wconf 87' lang='lat' dir='ltr'><strong><em>sacerdotes</em></strong></span> <span class='ocrx_word' id='word_1_574' title='bbox 385 2479 418 2499; x_wconf 87' lang='lat' dir='ltr'><strong><em>ac</em></strong></span> <span class='ocrx_word' id='word_1_575' title='bbox 432 2471 557 2500; x_wconf 86' lang='lat' dir='ltr'><strong><em>seniores</em></strong></span> <span class='ocrx_word' id='word_1_576' title='bbox 570 2476 696 2506; x_wconf 90' lang='lat' dir='ltr'><strong><em>repertus</em></strong></span> <span class='ocrx_word' id='word_1_577' title='bbox 708 2476 761 2504; x_wconf 90' lang='lat' dir='ltr'><strong><em>est,</em></strong></span> <span class='ocrx_word' id='word_1_578' title='bbox 776 2481 838 2500; x_wconf 85' lang='lat' dir='ltr'><strong><em>cum</em></strong></span> <span class='ocrx_word' id='word_1_579' title='bbox 855 2480 903 2500; x_wconf 87' lang='lat' dir='ltr'><strong><em>eos</em></strong></span> <span class='ocrx_word' id='word_1_580' title='bbox 917 2472 1004 2500; x_wconf 88' lang='lat' dir='ltr'><strong><em>inter-</em></strong></span> 
     </span>
    </p>
   </div>
   <div class='ocr_carea' id='block_1_79' title="bbox 212 2517 1003 2554">
    <p class='ocr_par' dir='ltr' id='par_1_79' title="bbox 212 2517 1003 2554">
     <span class='ocr_line' id='line_1_79' title="bbox 212 2517 1003 2554; baseline 0.001 -9"><span class='ocrx_word' id='word_1_581' title='bbox 212 2522 337 2554; x_wconf 78' lang='lat' dir='ltr'><strong><em>rogaret,</em></strong></span> <span class='ocrx_word' id='word_1_582' title='bbox 364 2517 443 2553; x_wconf 76' lang='lat'><strong>155</strong></span> <span class='ocrx_word' id='word_1_583' title='bbox 465 2525 498 2545; x_wconf 87' lang='lat' dir='ltr'><strong><em>ac</em></strong></span> <span class='ocrx_word' id='word_1_584' title='bbox 513 2525 575 2545; x_wconf 92' lang='lat' dir='ltr'><strong><em>cum</em></strong></span> <span class='ocrx_word' id='word_1_585' title='bbox 599 2518 654 2546; x_wconf 91' lang='lat' dir='ltr'><strong><em>illis</em></strong></span> <span class='ocrx_word' id='word_1_586' title='bbox 677 2518 850 2554; x_wconf 89' lang='lat' dir='ltr'><strong><em>inquireret:</em></strong></span> <span class='ocrx_word' id='word_1_587' title='bbox 879 2518 949 2546; x_wconf 87' lang='lat' dir='ltr'><strong><em>adeo</em></strong></span> <span class='ocrx_word' id='word_1_588' title='bbox 972 2522 1003 2547; x_wconf 88' lang='lat' dir='ltr'><strong><em>ut</em></strong></span> 
     </span>
    </p>
   </div>
   <div class='ocr_carea' id='block_1_80' title="bbox 213 2564 1004 2600">
    <p class='ocr_par' dir='ltr' id='par_1_80' title="bbox 213 2564 1004 2600">
     <span class='ocr_line' id='line_1_80' title="bbox 213 2564 1004 2600; baseline 0.003 -9"><span class='ocrx_word' id='word_1_589' title='bbox 213 2566 381 2592; x_wconf 83' lang='lat' dir='ltr'><strong><em>mirarentur</em></strong></span> <span class='ocrx_word' id='word_1_590' title='bbox 409 2565 436 2591; x_wconf 93' lang='lat' dir='ltr'><strong><em>in</em></strong></span> <span class='ocrx_word' id='word_1_591' title='bbox 453 2564 537 2591; x_wconf 81' lang='lat' dir='ltr'><strong><em>verbo</em></strong></span> <span class='ocrx_word' id='word_1_592' title='bbox 554 2565 665 2599; x_wconf 62' lang='lat' dir='ltr'><strong><em>gratiae,</em></strong></span> <span class='ocrx_word' id='word_1_593' title='bbox 688 2565 760 2600; x_wconf 92' lang='lat' dir='ltr'><strong><em>quod</em></strong></span> <span class='ocrx_word' id='word_1_594' title='bbox 785 2565 951 2600; x_wconf 87' lang='lat' dir='ltr'><strong><em>procedebat</em></strong></span> <span class='ocrx_word' id='word_1_595' title='bbox 970 2565 1004 2593; x_wconf 87' lang='lat' dir='ltr'><strong><em>de</em></strong></span> 
     </span>
    </p>
   </div>
   <div class='ocr_carea' id='block_1_81' title="bbox 212 2609 1002 2644">
    <p class='ocr_par' dir='ltr' id='par_1_81' title="bbox 212 2609 1002 2644">
     <span class='ocr_line' id='line_1_81' title="bbox 212 2609 1002 2644; baseline 0 -6"><span class='ocrx_word' id='word_1_596' title='bbox 212 2618 261 2638; x_wconf 90' lang='lat' dir='ltr'><strong><em>ore</em></strong></span> <span class='ocrx_word' id='word_1_597' title='bbox 280 2611 351 2643; x_wconf 75' lang='lat' dir='ltr'><strong><em>eius.</em></strong></span> <span class='ocrx_word' id='word_1_598' title='bbox 360 2609 422 2637; x_wconf 82' lang='lat' dir='ltr'><strong><em>Non</em></strong></span> <span class='ocrx_word' id='word_1_599' title='bbox 439 2609 492 2636; x_wconf 84' lang='lat' dir='ltr'><strong><em>hoc</em></strong></span> <span class='ocrx_word' id='word_1_600' title='bbox 505 2617 579 2636; x_wconf 91' lang='lat' dir='ltr'><strong><em>anno</em></strong></span> <span class='ocrx_word' id='word_1_601' title='bbox 593 2610 704 2638; x_wconf 89' lang='lat' dir='ltr'><strong><em>demum</em></strong></span> <span class='ocrx_word' id='word_1_602' title='bbox 720 2611 859 2638; x_wconf 88' lang='lat' dir='ltr'><strong><em>tricesimo</em></strong></span> <span class='ocrx_word' id='word_1_603' title='bbox 875 2610 1002 2644; x_wconf 85' lang='lat' dir='ltr'><strong><em>faciebat,</em></strong></span> 
     </span>
    </p>
   </div>
   <div class='ocr_carea' id='block_1_82' title="bbox 213 2655 1004 2691">
    <p class='ocr_par' dir='ltr' id='par_1_82' title="bbox 213 2655 1004 2691">
     <span class='ocr_line' id='line_1_82' title="bbox 213 2655 1004 2691; baseline 0.003 -8"><span class='ocrx_word' id='word_1_604' title='bbox 213 2661 244 2684; x_wconf 94' lang='lat' dir='ltr'><strong><em>ut</em></strong></span> <span class='ocrx_word' id='word_1_605' title='bbox 257 2656 349 2684; x_wconf 84' lang='lat' dir='ltr'><strong><em>dicere</em></strong></span> <span class='ocrx_word' id='word_1_606' title='bbox 367 2656 474 2691; x_wconf 86' lang='lat' dir='ltr'><strong><em>possis,</em></strong></span> <span class='ocrx_word' id='word_1_607' title='bbox 496 2664 530 2684; x_wconf 91' lang='lat' dir='ltr'><strong><em>ex</em></strong></span> <span class='ocrx_word' id='word_1_608' title='bbox 554 2664 610 2691; x_wconf 89' lang='lat' dir='ltr'><strong><em>quo</em></strong></span> <span class='ocrx_word' id='word_1_609' title='bbox 622 2655 744 2691; x_wconf 88' lang='lat' dir='ltr'><strong><em>Spiritus</em></strong></span> <span class='ocrx_word' id='word_1_610' title='bbox 764 2657 791 2684; x_wconf 87' lang='lat' dir='ltr'><strong><em>in</em></strong></span> <span class='ocrx_word' id='word_1_611' title='bbox 806 2664 868 2684; x_wconf 88' lang='lat' dir='ltr'><strong><em>eum</em></strong></span> <span class='ocrx_word' id='word_1_612' title='bbox 891 2663 1004 2686; x_wconf 87' lang='lat' dir='ltr'><strong><em>sanctus</em></strong></span> 
     </span>
    </p>
   </div>
   <div class='ocr_carea' id='block_1_83' title="bbox 214 2702 1005 2738">
    <p class='ocr_par' dir='ltr' id='par_1_83' title="bbox 214 2702 1005 2738">
     <span class='ocr_line' id='line_1_83' title="bbox 214 2702 1005 2738; baseline 0.003 -10"><span class='ocrx_word' id='word_1_613' title='bbox 214 2703 329 2738; x_wconf 88' lang='lat' dir='ltr'><strong><em>illapsus</em></strong></span> <span class='ocrx_word' id='word_1_614' title='bbox 347 2707 400 2734; x_wconf 88' lang='lat' dir='ltr'><strong><em>est,</em></strong></span> <span class='ocrx_word' id='word_1_615' title='bbox 428 2702 568 2729; x_wconf 87' lang='lat' dir='ltr'><strong><em>Christum</em></strong></span> <span class='ocrx_word' id='word_1_616' title='bbox 585 2709 647 2729; x_wconf 88' lang='lat' dir='ltr'><strong><em>esse</em></strong></span> <span class='ocrx_word' id='word_1_617' title='bbox 663 2702 795 2737; x_wconf 74' lang='lat' dir='ltr'><strong><em>ccepisse;</em></strong></span> <span class='ocrx_word' id='word_1_618' title='bbox 814 2703 862 2730; x_wconf 88' lang='lat' dir='ltr'><strong><em>sed</em></strong></span> <span class='ocrx_word' id='word_1_619' title='bbox 873 2709 888 2728; x_wconf 92' lang='lat' dir='ltr'><strong><em>a</em></strong></span> <span class='ocrx_word' id='word_1_620' title='bbox 901 2702 1005 2730; x_wconf 87' lang='lat' dir='ltr'><strong><em>duode-</em></strong></span> 
     </span>
    </p>
   </div>
   <div class='ocr_carea' id='block_1_84' title="bbox 213 2747 1002 2783">
    <p class='ocr_par' dir='ltr' id='par_1_84' title="bbox 213 2747 1002 2783">
     <span class='ocr_line' id='line_1_84' title="bbox 213 2747 1002 2783; baseline 0.003 -9"><span class='ocrx_word' id='word_1_621' title='bbox 213 2748 286 2775; x_wconf 84' lang='lat' dir='ltr'><strong><em>cimo</em></strong></span> <span class='ocrx_word' id='word_1_622' title='bbox 305 2749 410 2781; x_wconf 83' lang='lat' dir='ltr'><strong><em>statim,</em></strong></span> <span class='ocrx_word' id='word_1_623' title='bbox 424 2748 464 2776; x_wconf 91' lang='lat' dir='ltr'><strong><em>uti</em></strong></span> <span class='ocrx_word' id='word_1_624' title='bbox 481 2747 612 2780; x_wconf 87' lang='lat' dir='ltr'><strong><em>diximus,</em></strong></span> <span class='ocrx_word' id='word_1_625' title='bbox 627 2752 724 2783; x_wconf 87' lang='lat' dir='ltr'><strong><em>estque</em></strong></span> <span class='ocrx_word' id='word_1_626' title='bbox 747 2755 762 2774; x_wconf 86' lang='lat' dir='ltr'><strong><em>a</em></strong></span> <span class='ocrx_word' id='word_1_627' title='bbox 778 2747 852 2775; x_wconf 86' lang='lat' dir='ltr'><strong><em>Luca</em></strong></span> <span class='ocrx_word' id='word_1_628' title='bbox 871 2749 897 2776; x_wconf 90' lang='lat' dir='ltr'><strong><em>in</em></strong></span> <span class='ocrx_word' id='word_1_629' title='bbox 914 2748 1002 2776; x_wconf 85' lang='lat' dir='ltr'><strong><em>Evan-</em></strong></span> 
     </span>
    </p>
   </div>
   <div class='ocr_carea' id='block_1_85' title="bbox 215 2793 1006 2831">
    <p class='ocr_par' dir='ltr' id='par_1_85' title="bbox 215 2793 1006 2831">
     <span class='ocr_line' id='line_1_85' title="bbox 215 2793 1006 2831; baseline 0.001 -10"><span class='ocrx_word' id='word_1_630' title='bbox 215 2794 285 2830; x_wconf 73' lang='lat' dir='ltr'><strong><em>gelio</em></strong></span> <span class='ocrx_word' id='word_1_631' title='bbox 304 2794 442 2831; x_wconf 85' lang='lat' dir='ltr'><strong><em>proditum</em></strong></span> <span class='ocrx_word' id='word_1_632' title='bbox 455 2794 475 2822; x_wconf 79' lang='lat'><strong><em>‘.</em></strong></span> <span class='ocrx_word' id='word_1_633' title='bbox 491 2793 563 2828; x_wconf 85' lang='lat' dir='ltr'><strong><em>Quin</em></strong></span> <span class='ocrx_word' id='word_1_634' title='bbox 578 2794 660 2822; x_wconf 86' lang='lat' dir='ltr'><strong><em>etiam</em></strong></span> <span class='ocrx_word' id='word_1_635' title='bbox 682 2794 764 2829; x_wconf 90' lang='lat' dir='ltr'><strong><em>paulo</em></strong></span> <span class='ocrx_word' id='word_1_636' title='bbox 787 2798 850 2821; x_wconf 90' lang='lat' dir='ltr'><strong><em>ante</em></strong></span> <span class='ocrx_word' id='word_1_637' title='bbox 878 2802 958 2826; x_wconf 80' lang='lat' dir='ltr'><strong><em>cum,</em></strong></span> <span class='ocrx_word' id='word_1_638' title='bbox 976 2799 1006 2822; x_wconf 92' lang='lat' dir='ltr'><strong><em>ut</em></strong></span> 
     </span>
    </p>
   </div>
   <div class='ocr_carea' id='block_1_86' title="bbox 255 2871 802 2907">
    <p class='ocr_par' dir='ltr' id='par_1_86' title="bbox 255 2871 802 2907">
     <span class='ocr_line' id='line_1_86' title="bbox 255 2871 802 2907; baseline -0.002 -7"><span class='ocrx_word' id='word_1_639' title='bbox 255 2871 264 2888; x_wconf 81' lang='grc'>⁸</span> <span class='ocrx_word' id='word_1_640' title='bbox 276 2871 344 2900; x_wconf 85' lang='lat' dir='ltr'><strong><em>Gen.</em></strong></span> <span class='ocrx_word' id='word_1_641' title='bbox 359 2881 425 2906; x_wconf 83' lang='lat' dir='ltr'><strong><em>xvn,</em></strong></span> <span class='ocrx_word' id='word_1_642' title='bbox 445 2873 477 2900; x_wconf 77' lang='lat' dir='ltr'><strong><em>l2</em></strong></span> <span class='ocrx_word' id='word_1_643' title='bbox 526 2874 535 2889; x_wconf 84' lang='lat'>&#39;</span> <span class='ocrx_word' id='word_1_644' title='bbox 554 2871 728 2901; x_wconf 69' lang='lat' dir='ltr'><strong><em>Gen.xv,12</em></strong></span> <span class='ocrx_word' id='word_1_645' title='bbox 742 2879 802 2907; x_wconf 88' lang='lat' dir='ltr'><strong><em>sqq.</em></strong></span> 
     </span>
    </p>
   </div>
   <div class='ocr_carea' id='block_1_87' title="bbox 841 2871 1547 2908">
    <p class='ocr_par' dir='ltr' id='par_1_87' title="bbox 841 2871 1547 2908">
     <span class='ocr_line' id='line_1_87' title="bbox 841 2871 1547 2908; baseline 0.01 -10"><span class='ocrx_word' id='word_1_646' title='bbox 841 2872 851 2887; x_wconf 90' lang='grc'><em>³</em></span> <span class='ocrx_word' id='word_1_647' title='bbox 867 2871 962 2899; x_wconf 80' lang='lat' dir='ltr'><strong><em>Matth.</em></strong></span> <span class='ocrx_word' id='word_1_648' title='bbox 979 2881 1008 2906; x_wconf 82' lang='grc' dir='ltr'><strong><em>ιι,</em></strong></span> <span class='ocrx_word' id='word_1_649' title='bbox 1024 2872 1055 2900; x_wconf 86' lang='lat' dir='ltr'><strong><em>l6</em></strong></span> <span class='ocrx_word' id='word_1_650' title='bbox 1067 2881 1128 2908; x_wconf 82' lang='lat' dir='ltr'><strong><em>sqq.</em></strong></span> <span class='ocrx_word' id='word_1_651' title='bbox 1167 2874 1178 2890; x_wconf 73' lang='grc'><strong>⁸</strong></span> <span class='ocrx_word' id='word_1_652' title='bbox 1192 2873 1258 2902; x_wconf 84' lang='lat' dir='ltr'><strong><em>Luc.</em></strong></span> <span class='ocrx_word' id='word_1_653' title='bbox 1278 2883 1308 2908; x_wconf 92' lang='lat' dir='ltr'><strong><em>II,</em></strong></span> <span class='ocrx_word' id='word_1_654' title='bbox 1329 2877 1370 2904; x_wconf 73' lang='grc' dir='ltr'><strong><em>Η.</em></strong></span> <span class='ocrx_word' id='word_1_655' title='bbox 1402 2877 1413 2893; x_wconf 82' lang='grc'>⁸</span> <span class='ocrx_word' id='word_1_656' title='bbox 1430 2877 1496 2905; x_wconf 88' lang='lat' dir='ltr'><strong><em>ibid.</em></strong></span> <span class='ocrx_word' id='word_1_657' title='bbox 1517 2878 1547 2904; x_wconf 81' lang='lat' dir='ltr'><strong><em>ll</em></strong></span> 
     </span>
    </p>
   </div>
   <div class='ocr_carea' id='block_1_88' title="bbox 1055 1603 1851 1641">
    <p class='ocr_par' dir='ltr' id='par_1_88' title="bbox 1055 1603 1851 1641">
     <span class='ocr_line' id='line_1_88' title="bbox 1055 1603 1851 1641; baseline 0.006 -12"><span class='ocrx_word' id='word_1_658' title='bbox 1055 1611 1100 1630; x_wconf 85' lang='lat' dir='ltr'><strong><em>vov</em></strong></span> <span class='ocrx_word' id='word_1_659' title='bbox 1111 1603 1158 1629; x_wconf 84' lang='grc' dir='ltr'>τοῦ</span> <span class='ocrx_word' id='word_1_660' title='bbox 1172 1603 1298 1639; x_wconf 84' lang='grc' dir='ltr'>ἀστέρος,</span> <span class='ocrx_word' id='word_1_661' title='bbox 1314 1604 1368 1631; x_wconf 79' lang='grc' dir='ltr'><strong><em>ἀπὸ</em></strong></span> <span class='ocrx_word' id='word_1_662' title='bbox 1384 1604 1487 1636; x_wconf 67' lang='grc' dir='ltr'>διετοῦς</span> <span class='ocrx_word' id='word_1_663' title='bbox 1501 1606 1548 1632; x_wconf 82' lang='grc' dir='ltr'>καὶ</span> <span class='ocrx_word' id='word_1_664' title='bbox 1565 1607 1711 1641; x_wconf 80' lang='grc' dir='ltr'><strong><em>κατωτέρω</em></strong></span> <span class='ocrx_word' id='word_1_665' title='bbox 1724 1607 1851 1641; x_wconf 77' lang='grc' dir='ltr'>ἐλθόντες</span> 
     </span>
    </p>
   </div>
   <div class='ocr_carea' id='block_1_89' title="bbox 1054 1648 1849 1689">
    <p class='ocr_par' dir='ltr' id='par_1_89' title="bbox 1054 1648 1849 1689">
     <span class='ocr_line' id='line_1_89' title="bbox 1054 1648 1849 1689; baseline 0.01 -16"><span class='ocrx_word' id='word_1_666' title='bbox 1054 1649 1095 1679; x_wconf 80' lang='grc' dir='ltr'><strong><em>είς</em></strong></span> <span class='ocrx_word' id='word_1_667' title='bbox 1119 1648 1311 1684; x_wconf 84' lang='grc' dir='ltr'>Ἰερουσαλὴμ,</span> <span class='ocrx_word' id='word_1_668' title='bbox 1337 1650 1384 1676; x_wconf 78' lang='grc' dir='ltr'>καὶ</span> <span class='ocrx_word' id='word_1_669' title='bbox 1401 1650 1590 1686; x_wconf 77' lang='grc' dir='ltr'>ἐρωτήσαντες</span> <span class='ocrx_word' id='word_1_670' title='bbox 1605 1653 1630 1679; x_wconf 87' lang='grc' dir='ltr'><strong><em>οί</em></strong></span> <span class='ocrx_word' id='word_1_671' title='bbox 1655 1653 1731 1680; x_wconf 76' lang='grc' dir='ltr'>αὐτοὶ</span> <span class='ocrx_word' id='word_1_672' title='bbox 1751 1654 1849 1689; x_wconf 82' lang='grc' dir='ltr'>μάγοι,</span> 
     </span>
    </p>
   </div>
   <div class='ocr_carea' id='block_1_90' title="bbox 1055 1694 1851 1736">
    <p class='ocr_par' dir='ltr' id='par_1_90' title="bbox 1055 1694 1851 1736">
     <span class='ocr_line' id='line_1_90' title="bbox 1055 1694 1851 1736; baseline 0.01 -17"><span class='ocrx_word' id='word_1_673' title='bbox 1055 1695 1102 1720; x_wconf 78' lang='grc' dir='ltr'>καὶ</span> <span class='ocrx_word' id='word_1_674' title='bbox 1116 1694 1235 1728; x_wconf 82' lang='grc' dir='ltr'>γνόντες,</span> <span class='ocrx_word' id='word_1_675' title='bbox 1251 1695 1293 1721; x_wconf 75' lang='grc' dir='ltr'>ὅτι</span> <span class='ocrx_word' id='word_1_676' title='bbox 1305 1696 1333 1721; x_wconf 76' lang='grc' dir='ltr'>ὲν</span> <span class='ocrx_word' id='word_1_677' title='bbox 1351 1695 1473 1732; x_wconf 79' lang='grc' dir='ltr'>Βηθλεὲμ</span> <span class='ocrx_word' id='word_1_678' title='bbox 1483 1697 1600 1732; x_wconf 81' lang='grc' dir='ltr'>Χριστὸς</span> <span class='ocrx_word' id='word_1_679' title='bbox 1615 1699 1753 1732; x_wconf 81' lang='grc' dir='ltr'>γεννᾶται,</span> <span class='ocrx_word' id='word_1_680' title='bbox 1768 1699 1851 1736; x_wconf 75' lang='grc' dir='ltr'><strong><em>ἐξῆλ-</em></strong></span> 
     </span>
    </p>
   </div>
   <div class='ocr_carea' id='block_1_91' title="bbox 1055 1739 1850 1781">
    <p class='ocr_par' dir='ltr' id='par_1_91' title="bbox 1055 1739 1850 1781">
     <span class='ocr_line' id='line_1_91' title="bbox 1055 1739 1850 1781; baseline 0.009 -15"><span class='ocrx_word' id='word_1_681' title='bbox 1055 1739 1101 1766; x_wconf 89' lang='grc' dir='ltr'><strong><em>θον</em></strong></span> <span class='ocrx_word' id='word_1_682' title='bbox 1116 1740 1197 1768; x_wconf 79' lang='grc' dir='ltr'>πάλιν</span> <span class='ocrx_word' id='word_1_683' title='bbox 1213 1740 1259 1767; x_wconf 78' lang='grc' dir='ltr'>τοῦ</span> <span class='ocrx_word' id='word_1_684' title='bbox 1278 1741 1393 1776; x_wconf 69' lang='grc' dir='ltr'>ἀστέρος</span> <span class='ocrx_word' id='word_1_685' title='bbox 1409 1742 1571 1778; x_wconf 71' lang='grc' dir='ltr'>όδηγοῦντος</span> <span class='ocrx_word' id='word_1_686' title='bbox 1585 1744 1687 1777; x_wconf 79' lang='grc' dir='ltr'>αὐτοῖς,</span> <span class='ocrx_word' id='word_1_687' title='bbox 1705 1747 1751 1772; x_wconf 75' lang='grc' dir='ltr'>καὶ</span> <span class='ocrx_word' id='word_1_688' title='bbox 1764 1744 1850 1781; x_wconf 81' lang='grc' dir='ltr'>ἦλθον</span> 
     </span>
    </p>
   </div>
   <div class='ocr_carea' id='block_1_92' title="bbox 1054 1786 1851 1825">
    <p class='ocr_par' dir='ltr' id='par_1_92' title="bbox 1054 1786 1851 1825">
     <span class='ocr_line' id='line_1_92' title="bbox 1054 1786 1851 1825; baseline 0.01 -13"><span class='ocrx_word' id='word_1_689' title='bbox 1054 1786 1109 1812; x_wconf 85' lang='grc' dir='ltr'><strong><em>ἀπὸ</em></strong></span> <span class='ocrx_word' id='word_1_690' title='bbox 1127 1787 1323 1823; x_wconf 82' lang='grc' dir='ltr'>Ἱεροσολύμων</span> <span class='ocrx_word' id='word_1_691' title='bbox 1336 1788 1376 1820; x_wconf 85' lang='grc' dir='ltr'><strong><em>είς</em></strong></span> <span class='ocrx_word' id='word_1_692' title='bbox 1395 1788 1530 1825; x_wconf 84' lang='grc' dir='ltr'>Βηθλεέμ.</span> <span class='ocrx_word' id='word_1_693' title='bbox 1547 1791 1603 1817; x_wconf 83' lang='lat' dir='ltr'><strong><em>Kal</em></strong></span> <span class='ocrx_word' id='word_1_694' title='bbox 1622 1791 1788 1824; x_wconf 75' lang='grc' dir='ltr'>εἰσελθόντες</span> <span class='ocrx_word' id='word_1_695' title='bbox 1802 1791 1851 1820; x_wconf 75' lang='grc' dir='ltr'>εὗ-</span> 
     </span>
    </p>
   </div>
   <div class='ocr_carea' id='block_1_93' title="bbox 1057 1833 1850 1874">
    <p class='ocr_par' dir='ltr' id='par_1_93' title="bbox 1057 1833 1850 1874">
     <span class='ocr_line' id='line_1_93' title="bbox 1057 1833 1850 1874; baseline 0.01 -15"><span class='ocrx_word' id='word_1_696' title='bbox 1057 1841 1102 1868; x_wconf 88' lang='grc' dir='ltr'><strong><em>ρον</em></strong></span> <span class='ocrx_word' id='word_1_697' title='bbox 1126 1833 1207 1860; x_wconf 85' lang='grc' dir='ltr'>αὐτὸν</span> <span class='ocrx_word' id='word_1_698' title='bbox 1232 1834 1302 1869; x_wconf 87' lang='grc' dir='ltr'><strong><em>μετά</em></strong></span> <span class='ocrx_word' id='word_1_699' title='bbox 1329 1834 1379 1870; x_wconf 79' lang='grc' dir='ltr'>τῆς</span> <span class='ocrx_word' id='word_1_700' title='bbox 1411 1836 1516 1871; x_wconf 75' lang='grc' dir='ltr'>μητρὸς</span> <span class='ocrx_word' id='word_1_701' title='bbox 1540 1837 1623 1864; x_wconf 83' lang='grc' dir='ltr'>αὑτοῦ</span> <span class='ocrx_word' id='word_1_702' title='bbox 1647 1839 1772 1874; x_wconf 79' lang='grc' dir='ltr'>Μαρίας·</span> <span class='ocrx_word' id='word_1_703' title='bbox 1798 1841 1850 1867; x_wconf 65' lang='grc' dir='ltr'>καὶ</span> 
     </span>
    </p>
   </div>
   <div class='ocr_carea' id='block_1_94' title="bbox 1055 1879 1850 1919">
    <p class='ocr_par' dir='ltr' id='par_1_94' title="bbox 1055 1879 1850 1919">
     <span class='ocr_line' id='line_1_94' title="bbox 1055 1879 1850 1919; baseline 0.009 -14"><span class='ocrx_word' id='word_1_704' title='bbox 1055 1879 1185 1912; x_wconf 81' lang='grc' dir='ltr'>πεσόντες</span> <span class='ocrx_word' id='word_1_705' title='bbox 1206 1881 1416 1917; x_wconf 79' lang='grc' dir='ltr'>προσεκύνησαν</span> <span class='ocrx_word' id='word_1_706' title='bbox 1433 1882 1518 1918; x_wconf 84' lang='grc' dir='ltr'>αὐτῷ,</span> <span class='ocrx_word' id='word_1_707' title='bbox 1538 1884 1585 1910; x_wconf 75' lang='grc' dir='ltr'><strong><em>καὶ</em></strong></span> <span class='ocrx_word' id='word_1_708' title='bbox 1606 1885 1796 1919; x_wconf 78' lang='grc' dir='ltr'>προσήνεγκαν</span> <span class='ocrx_word' id='word_1_709' title='bbox 1811 1886 1850 1912; x_wconf 80' lang='grc' dir='ltr'>τὰ</span> 
     </span>
    </p>
   </div>
   <div class='ocr_carea' id='block_1_95' title="bbox 1054 1925 1850 1968">
    <p class='ocr_par' dir='ltr' id='par_1_95' title="bbox 1054 1925 1850 1968">
     <span class='ocr_line' id='line_1_95' title="bbox 1054 1925 1850 1968; baseline 0.01 -17"><span class='ocrx_word' id='word_1_710' title='bbox 1054 1925 1138 1961; x_wconf 86' lang='grc' dir='ltr'>δῶρα.</span> <span class='ocrx_word' id='word_1_711' title='bbox 1152 1926 1184 1952; x_wconf 83' lang='grc' dir='ltr'><strong><em>Εί</em></strong></span> <span class='ocrx_word' id='word_1_712' title='bbox 1200 1926 1291 1953; x_wconf 83' lang='grc' dir='ltr'>τοίνυν</span> <span class='ocrx_word' id='word_1_713' title='bbox 1304 1927 1385 1959; x_wconf 81' lang='grc' dir='ltr'>εὐθὺς</span> <span class='ocrx_word' id='word_1_714' title='bbox 1397 1930 1601 1963; x_wconf 81' lang='grc' dir='ltr'>προσκυνεῖται,</span> <span class='ocrx_word' id='word_1_715' title='bbox 1616 1931 1646 1957; x_wconf 74' lang='grc' dir='ltr'>οὺ</span> <span class='ocrx_word' id='word_1_716' title='bbox 1654 1931 1730 1965; x_wconf 66' lang='grc' dir='ltr'>ψιλὸς</span> <span class='ocrx_word' id='word_1_717' title='bbox 1741 1932 1850 1968; x_wconf 70' lang='grc' dir='ltr'>ἄνθρωο</span> 
     </span>
    </p>
   </div>
   <div class='ocr_carea' id='block_1_96' title="bbox 1055 1972 1849 2014">
    <p class='ocr_par' dir='ltr' id='par_1_96' title="bbox 1055 1972 1849 2014">
     <span class='ocr_line' id='line_1_96' title="bbox 1055 1972 1849 2014; baseline 0.01 -17"><span class='ocrx_word' id='word_1_718' title='bbox 1055 1980 1106 2003; x_wconf 81' lang='grc' dir='ltr'><strong><em>πος</em></strong></span> <span class='ocrx_word' id='word_1_719' title='bbox 1118 1973 1132 1998; x_wconf 88' lang='grc' dir='ltr'><strong><em>ό</em></strong></span> <span class='ocrx_word' id='word_1_720' title='bbox 1148 1972 1300 2007; x_wconf 76' lang='grc' dir='ltr'>γεννηθεὶς,</span> <span class='ocrx_word' id='word_1_721' title='bbox 1320 1974 1390 2001; x_wconf 83' lang='grc' dir='ltr'>ἀλλὰ</span> <span class='ocrx_word' id='word_1_722' title='bbox 1404 1974 1470 2006; x_wconf 85' lang='grc' dir='ltr'>Θεός</span> <span class='ocrx_word' id='word_1_723' title='bbox 1480 1983 1486 1990; x_wconf 90' lang='grc'>·</span> <span class='ocrx_word' id='word_1_724' title='bbox 1503 1975 1552 2002; x_wconf 75' lang='grc' dir='ltr'>καὶ</span> <span class='ocrx_word' id='word_1_725' title='bbox 1567 1977 1597 2002; x_wconf 83' lang='grc' dir='ltr'>οὺ</span> <span class='ocrx_word' id='word_1_726' title='bbox 1617 1977 1686 2012; x_wconf 77' lang='grc' dir='ltr'>μετὰ</span> <span class='ocrx_word' id='word_1_727' title='bbox 1699 1979 1849 2014; x_wconf 75' lang='grc' dir='ltr'>τριάκοντα</span> 
     </span>
    </p>
   </div>
   <div class='ocr_carea' id='block_1_97' title="bbox 1055 2016 1849 2057">
    <p class='ocr_par' dir='ltr' id='par_1_97' title="bbox 1055 2016 1849 2057">
     <span class='ocr_line' id='line_1_97' title="bbox 1055 2016 1849 2057; baseline 0.011 -15"><span class='ocrx_word' id='word_1_728' title='bbox 1055 2016 1115 2052; x_wconf 76' lang='grc' dir='ltr'>ἐτη,</span> <span class='ocrx_word' id='word_1_729' title='bbox 1129 2017 1176 2043; x_wconf 76' lang='grc' dir='ltr'>καὶ</span> <span class='ocrx_word' id='word_1_730' title='bbox 1188 2018 1218 2044; x_wconf 82' lang='grc' dir='ltr'>οὐ</span> <span class='ocrx_word' id='word_1_731' title='bbox 1234 2018 1304 2053; x_wconf 84' lang='grc' dir='ltr'><strong><em>μετά</em></strong></span> <span class='ocrx_word' id='word_1_732' title='bbox 1318 2019 1349 2045; x_wconf 87' lang='grc' dir='ltr'><strong><em>τὸ</em></strong></span> <span class='ocrx_word' id='word_1_733' title='bbox 1365 2019 1507 2055; x_wconf 83' lang='grc' dir='ltr'>βάπτισμα</span> <span class='ocrx_word' id='word_1_734' title='bbox 1521 2021 1637 2056; x_wconf 82' lang='grc' dir='ltr'>Χριστὸς</span> <span class='ocrx_word' id='word_1_735' title='bbox 1654 2023 1766 2057; x_wconf 83' lang='grc' dir='ltr'>γίνεται,</span> <span class='ocrx_word' id='word_1_736' title='bbox 1778 2024 1849 2050; x_wconf 80' lang='grc' dir='ltr'><strong><em>ἀλλά</em></strong></span> 
     </span>
    </p>
   </div>
   <div class='ocr_carea' id='block_1_98' title="bbox 1055 2062 1848 2105">
    <p class='ocr_par' dir='ltr' id='par_1_98' title="bbox 1055 2062 1848 2105">
     <span class='ocr_line' id='line_1_98' title="bbox 1055 2062 1848 2105; baseline 0.011 -17"><span class='ocrx_word' id='word_1_737' title='bbox 1055 2062 1136 2095; x_wconf 78' lang='grc' dir='ltr'>εὐθὺς</span> <span class='ocrx_word' id='word_1_738' title='bbox 1152 2063 1268 2099; x_wconf 81' lang='grc' dir='ltr'>Χριστὸς</span> <span class='ocrx_word' id='word_1_739' title='bbox 1286 2065 1417 2101; x_wconf 79' lang='grc' dir='ltr'>ἐγεννήθη</span> <span class='ocrx_word' id='word_1_740' title='bbox 1437 2066 1491 2093; x_wconf 83' lang='grc' dir='ltr'><strong><em>ἀπὸ</em></strong></span> <span class='ocrx_word' id='word_1_741' title='bbox 1501 2068 1611 2103; x_wconf 78' lang='grc' dir='ltr'>Μαρίας</span> <span class='ocrx_word' id='word_1_742' title='bbox 1626 2069 1764 2105; x_wconf 81' lang='grc' dir='ltr'>Παρθένου</span> <span class='ocrx_word' id='word_1_743' title='bbox 1779 2070 1848 2103; x_wconf 82' lang='grc' dir='ltr'>Θεὸς</span> 
     </span>
    </p>
   </div>
   <div class='ocr_carea' id='block_1_99' title="bbox 1055 2109 1847 2151">
    <p class='ocr_par' dir='ltr' id='par_1_99' title="bbox 1055 2109 1847 2151">
     <span class='ocr_line' id='line_1_99' title="bbox 1055 2109 1847 2151; baseline 0.011 -16"><span class='ocrx_word' id='word_1_744' title='bbox 1055 2109 1103 2135; x_wconf 65' lang='grc' dir='ltr'><strong><em>καὶ¹</em></strong></span> <span class='ocrx_word' id='word_1_745' title='bbox 1127 2109 1281 2145; x_wconf 75' lang='grc' dir='ltr'>ἅνθρωπος.</span> <span class='ocrx_word' id='word_1_746' title='bbox 1305 2111 1352 2137; x_wconf 87' lang='grc' dir='ltr'>Διὸ</span> <span class='ocrx_word' id='word_1_747' title='bbox 1373 2112 1419 2138; x_wconf 79' lang='grc' dir='ltr'>καὶ</span> <span class='ocrx_word' id='word_1_748' title='bbox 1436 2113 1460 2139; x_wconf 89' lang='grc' dir='ltr'>οἱ</span> <span class='ocrx_word' id='word_1_749' title='bbox 1482 2113 1592 2148; x_wconf 77' lang='grc' dir='ltr'>ἄγγελοι</span> <span class='ocrx_word' id='word_1_750' title='bbox 1617 2115 1698 2148; x_wconf 84' lang='grc' dir='ltr'>εὐθὺς</span> <span class='ocrx_word' id='word_1_751' title='bbox 1720 2117 1847 2151; x_wconf 78' lang='grc' dir='ltr'>ὑμνοῦσι,</span> 
     </span>
    </p>
   </div>
   <div class='ocr_carea' id='block_1_100' title="bbox 1055 2155 1848 2199">
    <p class='ocr_par' dir='ltr' id='par_1_100' title="bbox 1055 2155 1848 2199">
     <span class='ocr_line' id='line_1_100' title="bbox 1055 2155 1848 2199; baseline 0.011 -18"><span class='ocrx_word' id='word_1_752' title='bbox 1055 2155 1197 2190; x_wconf 86' lang='grc' dir='ltr'>λέγοντες·</span> <span class='ocrx_word' id='word_1_753' title='bbox 1221 2157 1299 2189; x_wconf 78' lang='grc' dir='ltr'>Δόξα</span> <span class='ocrx_word' id='word_1_754' title='bbox 1323 2158 1359 2184; x_wconf 76' lang='grc' dir='ltr'><strong><em>ἐν</em></strong></span> <span class='ocrx_word' id='word_1_755' title='bbox 1379 2159 1521 2193; x_wconf 75' lang='grc' dir='ltr'>ὑψίστοις</span> <span class='ocrx_word' id='word_1_756' title='bbox 1547 2160 1622 2194; x_wconf 86' lang='grc' dir='ltr'>Θεῷ,</span> <span class='ocrx_word' id='word_1_757' title='bbox 1648 2162 1698 2188; x_wconf 79' lang='grc' dir='ltr'><strong><em>καί</em></strong></span> <span class='ocrx_word' id='word_1_758' title='bbox 1723 2163 1773 2189; x_wconf 74' lang='grc' dir='ltr'><strong><em>ἐπὶ</em></strong></span> <span class='ocrx_word' id='word_1_759' title='bbox 1790 2164 1848 2199; x_wconf 79' lang='grc' dir='ltr'><strong><em>γῆς</em></strong></span> 
     </span>
    </p>
   </div>
   <div class='ocr_carea' id='block_1_101' title="bbox 1055 2202 1847 2242">
    <p class='ocr_par' dir='ltr' id='par_1_101' title="bbox 1055 2202 1847 2242">
     <span class='ocr_line' id='line_1_101' title="bbox 1055 2202 1847 2242; baseline 0.011 -14"><span class='ocrx_word' id='word_1_760' title='bbox 1055 2202 1171 2236; x_wconf 73' lang='grc' dir='ltr'>εἰρήνη,</span> <span class='ocrx_word' id='word_1_761' title='bbox 1184 2202 1219 2229; x_wconf 77' lang='grc' dir='ltr'><strong><em>ὲν</em></strong></span> <span class='ocrx_word' id='word_1_762' title='bbox 1232 2203 1398 2237; x_wconf 78' lang='grc' dir='ltr'>ἀνθρώποις</span> <span class='ocrx_word' id='word_1_763' title='bbox 1408 2205 1540 2232; x_wconf 78' lang='grc' dir='ltr'>εὐδοκία.</span> <span class='ocrx_word' id='word_1_764' title='bbox 1556 2207 1610 2233; x_wconf 87' lang='lat' dir='ltr'><strong><em>Kal</em></strong></span> <span class='ocrx_word' id='word_1_765' title='bbox 1625 2207 1847 2242; x_wconf 74' lang='grc' dir='ltr'>εὐαγγελίζονται</span> 
     </span>
    </p>
   </div>
   <div class='ocr_carea' id='block_1_102' title="bbox 1054 2249 1847 2289">
    <p class='ocr_par' dir='ltr' id='par_1_102' title="bbox 1054 2249 1847 2289">
     <span class='ocr_line' id='line_1_102' title="bbox 1054 2249 1847 2289; baseline 0.011 -16"><span class='ocrx_word' id='word_1_766' title='bbox 1054 2249 1117 2280; x_wconf 68' lang='grc' dir='ltr'>τοὺς</span> <span class='ocrx_word' id='word_1_767' title='bbox 1132 2249 1273 2284; x_wconf 82' lang='grc' dir='ltr'>ποιμένας,</span> <span class='ocrx_word' id='word_1_768' title='bbox 1291 2249 1433 2284; x_wconf 85' lang='grc' dir='ltr'>λέγοντες·</span> <span class='ocrx_word' id='word_1_769' title='bbox 1457 2251 1620 2287; x_wconf 77' lang='grc' dir='ltr'><strong><em>Ἐγεννήθη</em></strong></span> <span class='ocrx_word' id='word_1_770' title='bbox 1635 2254 1708 2288; x_wconf 76' lang='grc' dir='ltr'><strong><em>ἡμῖν</em></strong></span> <span class='ocrx_word' id='word_1_771' title='bbox 1719 2255 1847 2289; x_wconf 79' lang='grc' dir='ltr'>Χριστὸς</span> 
     </span>
    </p>
   </div>
   <div class='ocr_carea' id='block_1_103' title="bbox 1054 2294 1846 2335">
    <p class='ocr_par' dir='ltr' id='par_1_103' title="bbox 1054 2294 1846 2335">
     <span class='ocr_line' id='line_1_103' title="bbox 1054 2294 1846 2335; baseline 0.011 -16"><span class='ocrx_word' id='word_1_772' title='bbox 1054 2294 1163 2328; x_wconf 82' lang='grc' dir='ltr'>Κύριος</span> <span class='ocrx_word' id='word_1_773' title='bbox 1183 2294 1317 2330; x_wconf 79' lang='grc' dir='ltr'>σήμερον</span> <span class='ocrx_word' id='word_1_774' title='bbox 1340 2296 1376 2323; x_wconf 84' lang='grc' dir='ltr'><strong><em>ἐν</em></strong></span> <span class='ocrx_word' id='word_1_775' title='bbox 1396 2298 1484 2324; x_wconf 81' lang='grc' dir='ltr'>πόλει</span> <span class='ocrx_word' id='word_1_776' title='bbox 1507 2298 1605 2325; x_wconf 83' lang='grc' dir='ltr'>Δαϐίδ.</span> <span class='ocrx_word' id='word_1_777' title='bbox 1630 2299 1686 2325; x_wconf 86' lang='lat' dir='ltr'><strong><em>Kal</em></strong></span> <span class='ocrx_word' id='word_1_778' title='bbox 1707 2301 1737 2326; x_wconf 80' lang='grc' dir='ltr'>οὐ</span> <span class='ocrx_word' id='word_1_779' title='bbox 1766 2301 1846 2335; x_wconf 85' lang='grc' dir='ltr'>μόνον</span> 
     </span>
    </p>
   </div>
   <div class='ocr_carea' id='block_1_104' title="bbox 1054 2337 1846 2377">
    <p class='ocr_par' dir='ltr' id='par_1_104' title="bbox 1054 2337 1846 2377">
     <span class='ocr_line' id='line_1_104' title="bbox 1054 2337 1846 2377; baseline 0.01 -11"><span class='ocrx_word' id='word_1_780' title='bbox 1054 2340 1141 2372; x_wconf 77' lang='grc' dir='ltr'>τοῦτο,</span> <span class='ocrx_word' id='word_1_781' title='bbox 1154 2337 1176 2367; x_wconf 81' lang='grc' dir='ltr'><strong>ὦ</strong></span> <span class='ocrx_word' id='word_1_782' title='bbox 1191 2341 1352 2377; x_wconf 78' lang='grc' dir='ltr'>ἡπατημένε</span> <span class='ocrx_word' id='word_1_783' title='bbox 1370 2342 1476 2375; x_wconf 77' lang='grc' dir='ltr'>Ἐὗίων,</span> <span class='ocrx_word' id='word_1_784' title='bbox 1490 2343 1637 2377; x_wconf 86' lang='grc' dir='ltr'>δείκνυται,</span> <span class='ocrx_word' id='word_1_785' title='bbox 1651 2345 1718 2372; x_wconf 82' lang='grc' dir='ltr'>ἀλλὰ</span> <span class='ocrx_word' id='word_1_786' title='bbox 1732 2347 1778 2373; x_wconf 85' lang='grc' dir='ltr'>καὶ</span> <span class='ocrx_word' id='word_1_787' title='bbox 1791 2347 1846 2374; x_wconf 86' lang='grc' dir='ltr'><strong><em>ἀπὸ</em></strong></span> 
     </span>
    </p>
   </div>
   <div class='ocr_carea' id='block_1_105' title="bbox 1055 2385 1845 2426">
    <p class='ocr_par' dir='ltr' id='par_1_105' title="bbox 1055 2385 1845 2426">
     <span class='ocr_line' id='line_1_105' title="bbox 1055 2385 1845 2426; baseline 0.009 -14"><span class='ocrx_word' id='word_1_788' title='bbox 1055 2385 1237 2418; x_wconf 76' lang='grc' dir='ltr'>ειυδεκαετοῦς</span> <span class='ocrx_word' id='word_1_789' title='bbox 1261 2387 1418 2423; x_wconf 81' lang='grc' dir='ltr'>εὑρίσκεται</span> <span class='ocrx_word' id='word_1_790' title='bbox 1447 2388 1602 2424; x_wconf 77' lang='grc' dir='ltr'>καθήμενος</span> <span class='ocrx_word' id='word_1_791' title='bbox 1627 2391 1763 2426; x_wconf 70' lang='grc' dir='ltr'>ἀναμέσον</span> <span class='ocrx_word' id='word_1_792' title='bbox 1790 2393 1845 2419; x_wconf 89' lang='grc' dir='ltr'><strong><em>τῶν</em></strong></span> 
     </span>
    </p>
   </div>
   <div class='ocr_carea' id='block_1_106' title="bbox 1057 2431 1845 2473">
    <p class='ocr_par' dir='ltr' id='par_1_106' title="bbox 1057 2431 1845 2473">
     <span class='ocr_line' id='line_1_106' title="bbox 1057 2431 1845 2473; baseline 0.01 -16"><span class='ocrx_word' id='word_1_793' title='bbox 1057 2431 1151 2468; x_wconf 79' lang='grc' dir='ltr'>ἱερέων</span> <span class='ocrx_word' id='word_1_794' title='bbox 1166 2432 1212 2458; x_wconf 81' lang='grc' dir='ltr'>καὶ</span> <span class='ocrx_word' id='word_1_795' title='bbox 1229 2433 1432 2469; x_wconf 78' lang='grc' dir='ltr'>πρεσϐυτέρων,</span> <span class='ocrx_word' id='word_1_796' title='bbox 1447 2435 1557 2470; x_wconf 74' lang='grc' dir='ltr'>ἐρωτῶν</span> <span class='ocrx_word' id='word_1_797' title='bbox 1566 2436 1674 2469; x_wconf 75' lang='grc' dir='ltr'>αὐτοὺς,</span> <span class='ocrx_word' id='word_1_798' title='bbox 1693 2437 1739 2463; x_wconf 76' lang='grc' dir='ltr'>καὶ</span> <span class='ocrx_word' id='word_1_799' title='bbox 1755 2437 1845 2473; x_wconf 75' lang='grc' dir='ltr'>ζητῶν</span> 
     </span>
    </p>
   </div>
   <div class='ocr_carea' id='block_1_107' title="bbox 1057 2477 1845 2519">
    <p class='ocr_par' dir='ltr' id='par_1_107' title="bbox 1057 2477 1845 2519">
     <span class='ocr_line' id='line_1_107' title="bbox 1057 2477 1845 2519; baseline 0.008 -15"><span class='ocrx_word' id='word_1_800' title='bbox 1057 2478 1115 2512; x_wconf 84' lang='grc' dir='ltr'>μετ’</span> <span class='ocrx_word' id='word_1_801' title='bbox 1132 2477 1222 2505; x_wconf 81' lang='grc' dir='ltr'>αὐτῶν</span> <span class='ocrx_word' id='word_1_802' title='bbox 1232 2487 1240 2495; x_wconf 89' lang='grc'><strong>·</strong></span> <span class='ocrx_word' id='word_1_803' title='bbox 1252 2479 1299 2505; x_wconf 75' lang='grc' dir='ltr'><strong><em>καὶ</em></strong></span> <span class='ocrx_word' id='word_1_804' title='bbox 1316 2480 1509 2512; x_wconf 79' lang='grc' dir='ltr'>ἐξεπλάττοντο</span> <span class='ocrx_word' id='word_1_805' title='bbox 1523 2482 1570 2508; x_wconf 75' lang='grc' dir='ltr'><strong><em>ἐπὶ</em></strong></span> <span class='ocrx_word' id='word_1_806' title='bbox 1584 2482 1623 2516; x_wconf 86' lang='grc' dir='ltr'><strong><em>τῷ</em></strong></span> <span class='ocrx_word' id='word_1_807' title='bbox 1644 2482 1715 2518; x_wconf 82' lang='grc' dir='ltr'>λόγῳ</span> <span class='ocrx_word' id='word_1_808' title='bbox 1729 2484 1779 2519; x_wconf 81' lang='grc' dir='ltr'><strong><em>τῆς</em></strong></span> <span class='ocrx_word' id='word_1_809' title='bbox 1795 2484 1845 2519; x_wconf 84' lang='grc' dir='ltr'>χά-</span> 
     </span>
    </p>
   </div>
   <div class='ocr_carea' id='block_1_108' title="bbox 1058 2524 1844 2563">
    <p class='ocr_par' dir='ltr' id='par_1_108' title="bbox 1058 2524 1844 2563">
     <span class='ocr_line' id='line_1_108' title="bbox 1058 2524 1844 2563; baseline 0.009 -13"><span class='ocrx_word' id='word_1_810' title='bbox 1058 2532 1140 2559; x_wconf 89' lang='grc' dir='ltr'>ριτος,</span> <span class='ocrx_word' id='word_1_811' title='bbox 1151 2524 1191 2560; x_wconf 83' lang='grc' dir='ltr'><strong><em>τῷ</em></strong></span> <span class='ocrx_word' id='word_1_812' title='bbox 1203 2525 1411 2561; x_wconf 79' lang='grc' dir='ltr'>ἐκπορευομένῳ</span> <span class='ocrx_word' id='word_1_813' title='bbox 1424 2527 1456 2553; x_wconf 81' lang='grc' dir='ltr'>ἐκ</span> <span class='ocrx_word' id='word_1_814' title='bbox 1472 2526 1519 2554; x_wconf 83' lang='grc' dir='ltr'>τοῦ</span> <span class='ocrx_word' id='word_1_815' title='bbox 1534 2528 1666 2563; x_wconf 88' lang='grc' dir='ltr'>στόματος</span> <span class='ocrx_word' id='word_1_816' title='bbox 1681 2529 1773 2556; x_wconf 83' lang='grc' dir='ltr'>αὑτοῦ.</span> <span class='ocrx_word' id='word_1_817' title='bbox 1789 2531 1844 2557; x_wconf 86' lang='lat' dir='ltr'><strong><em>Kal</em></strong></span> 
     </span>
    </p>
   </div>
   <div class='ocr_carea' id='block_1_109' title="bbox 1055 2569 1843 2612">
    <p class='ocr_par' dir='ltr' id='par_1_109' title="bbox 1055 2569 1843 2612">
     <span class='ocr_line' id='line_1_109' title="bbox 1055 2569 1843 2612; baseline 0.01 -17"><span class='ocrx_word' id='word_1_818' title='bbox 1055 2569 1116 2609; x_wconf 76' lang='grc' dir='ltr'><strong><em>οὐχὶ</em></strong></span> <span class='ocrx_word' id='word_1_819' title='bbox 1130 2570 1199 2604; x_wconf 88' lang='grc' dir='ltr'>μετὰ</span> <span class='ocrx_word' id='word_1_820' title='bbox 1213 2570 1243 2597; x_wconf 87' lang='grc' dir='ltr'><strong><em>τὸ</em></strong></span> <span class='ocrx_word' id='word_1_821' title='bbox 1255 2573 1416 2606; x_wconf 76' lang='grc' dir='ltr'>τριακοστὸν</span> <span class='ocrx_word' id='word_1_822' title='bbox 1426 2572 1486 2605; x_wconf 77' lang='grc' dir='ltr'>ἔτος</span> <span class='ocrx_word' id='word_1_823' title='bbox 1500 2573 1586 2600; x_wconf 80' lang='grc' dir='ltr'>ἐποίει</span> <span class='ocrx_word' id='word_1_824' title='bbox 1598 2574 1687 2606; x_wconf 83' lang='grc' dir='ltr'>τοῦτο,</span> <span class='ocrx_word' id='word_1_825' title='bbox 1699 2576 1743 2602; x_wconf 82' lang='grc' dir='ltr'>ἵνα</span> <span class='ocrx_word' id='word_1_826' title='bbox 1752 2576 1843 2612; x_wconf 81' lang='grc' dir='ltr'>εἴπῃς,</span> 
     </span>
    </p>
   </div>
   <div class='ocr_carea' id='block_1_110' title="bbox 1055 2612 1843 2654">
    <p class='ocr_par' dir='ltr' id='par_1_110' title="bbox 1055 2612 1843 2654">
     <span class='ocr_line' id='line_1_110' title="bbox 1055 2612 1843 2654; baseline 0 -14"><span class='ocrx_word' id='word_1_827' title='bbox 1055 2613 1107 2646; x_wconf 83' lang='grc' dir='ltr'>ὅτι,</span> <span class='ocrx_word' id='word_1_828' title='bbox 1120 2614 1168 2648; x_wconf 79' lang='grc' dir='ltr'>ἀφ’</span> <span class='ocrx_word' id='word_1_829' title='bbox 1183 2612 1214 2642; x_wconf 73' lang='grc' dir='ltr'><strong><em>οὗ</em></strong></span> <span class='ocrx_word' id='word_1_830' title='bbox 1227 2613 1293 2650; x_wconf 84' lang='grc' dir='ltr'>ἦλθε</span> <span class='ocrx_word' id='word_1_831' title='bbox 1313 2615 1342 2642; x_wconf 88' lang='grc' dir='ltr'><strong><em>τὸ</em></strong></span> <span class='ocrx_word' id='word_1_832' title='bbox 1357 2616 1470 2652; x_wconf 84' lang='grc' dir='ltr'>Πνεῦμα</span> <span class='ocrx_word' id='word_1_833' title='bbox 1486 2618 1526 2650; x_wconf 84' lang='grc' dir='ltr'><strong><em>είς</em></strong></span> <span class='ocrx_word' id='word_1_834' title='bbox 1546 2617 1637 2650; x_wconf 78' lang='grc' dir='ltr'>αὑτὸν,</span> <span class='ocrx_word' id='word_1_835' title='bbox 1654 2619 1771 2654; x_wconf 88' lang='grc' dir='ltr'>Χριστὸς</span> <span class='ocrx_word' id='word_1_836' title='bbox 1784 2620 1843 2654; x_wconf 79' lang='grc' dir='ltr'><strong><em>ἐγέ-</em></strong></span> 
     </span>
    </p>
   </div>
   <div class='ocr_carea' id='block_1_111' title="bbox 1056 2659 1845 2699">
    <p class='ocr_par' dir='ltr' id='par_1_111' title="bbox 1056 2659 1845 2699">
     <span class='ocr_line' id='line_1_111' title="bbox 1056 2659 1845 2699; baseline 0.009 -15"><span class='ocrx_word' id='word_1_837' title='bbox 1056 2667 1126 2691; x_wconf 86' lang='grc' dir='ltr'>νετο,</span> <span class='ocrx_word' id='word_1_838' title='bbox 1141 2659 1209 2686; x_wconf 85' lang='grc' dir='ltr'><strong><em>ἀλλά</em></strong></span> <span class='ocrx_word' id='word_1_839' title='bbox 1223 2659 1304 2692; x_wconf 81' lang='grc' dir='ltr'>εὐθὺς</span> <span class='ocrx_word' id='word_1_840' title='bbox 1320 2661 1374 2688; x_wconf 84' lang='grc' dir='ltr'><strong><em>ἀπὸ</em></strong></span> <span class='ocrx_word' id='word_1_841' title='bbox 1389 2661 1580 2695; x_wconf 59' lang='grc' dir='ltr'>δώεκαετοῦς,</span> <span class='ocrx_word' id='word_1_842' title='bbox 1595 2662 1632 2695; x_wconf 86' lang='grc' dir='ltr'><strong><em>ὡς</em></strong></span> <span class='ocrx_word' id='word_1_843' title='bbox 1648 2665 1788 2699; x_wconf 84' lang='grc' dir='ltr'>προεῖπον,</span> <span class='ocrx_word' id='word_1_844' title='bbox 1807 2664 1845 2696; x_wconf 74' lang='grc' dir='ltr'>ὡς</span> 
     </span>
    </p>
   </div>
   <div class='ocr_carea' id='block_1_112' title="bbox 1055 2704 1844 2744">
    <p class='ocr_par' dir='ltr' id='par_1_112' title="bbox 1055 2704 1844 2744">
     <span class='ocr_line' id='line_1_112' title="bbox 1055 2704 1844 2744; baseline 0.008 -14"><span class='ocrx_word' id='word_1_845' title='bbox 1055 2704 1210 2741; x_wconf 79' lang='grc' dir='ltr'>γέγραπται</span> <span class='ocrx_word' id='word_1_846' title='bbox 1225 2707 1254 2733; x_wconf 85' lang='grc' dir='ltr'>ὲν</span> <span class='ocrx_word' id='word_1_847' title='bbox 1279 2706 1317 2741; x_wconf 83' lang='grc' dir='ltr'>τῷ</span> <span class='ocrx_word' id='word_1_848' title='bbox 1340 2707 1411 2734; x_wconf 86' lang='grc' dir='ltr'><strong><em>κατά</em></strong></span> <span class='ocrx_word' id='word_1_849' title='bbox 1430 2708 1538 2735; x_wconf 79' lang='grc' dir='ltr'>Λουχᾶν</span> <span class='ocrx_word' id='word_1_850' title='bbox 1560 2708 1730 2744; x_wconf 74' lang='grc' dir='ltr'>Εὑαγγελίῳ.</span> <span class='ocrx_word' id='word_1_851' title='bbox 1764 2709 1844 2736; x_wconf 72' lang='grc' dir='ltr'>Ἀλλὰ</span> 
     </span>
    </p>
   </div>
   <div class='ocr_carea' id='block_1_113' title="bbox 1055 2750 1842 2791">
    <p class='ocr_par' dir='ltr' id='par_1_113' title="bbox 1055 2750 1842 2791">
     <span class='ocr_line' id='line_1_113' title="bbox 1055 2750 1842 2791; baseline 0.006 -14"><span class='ocrx_word' id='word_1_852' title='bbox 1055 2751 1102 2777; x_wconf 73' lang='grc' dir='ltr'>καὶ</span> <span class='ocrx_word' id='word_1_853' title='bbox 1122 2750 1162 2777; x_wconf 77' lang='grc' dir='ltr'>ἐτι</span> <span class='ocrx_word' id='word_1_854' title='bbox 1180 2751 1319 2786; x_wconf 82' lang='grc' dir='ltr'>ἀνωτέρω,</span> <span class='ocrx_word' id='word_1_855' title='bbox 1333 2753 1378 2779; x_wconf 83' lang='grc' dir='ltr'>ὅτε</span> <span class='ocrx_word' id='word_1_856' title='bbox 1399 2753 1578 2788; x_wconf 74' lang='grc' dir='ltr'>νηπιάζοντος</span> <span class='ocrx_word' id='word_1_857' title='bbox 1600 2755 1726 2790; x_wconf 82' lang='grc' dir='ltr'>ἀνῆλθον,</span> <span class='ocrx_word' id='word_1_858' title='bbox 1750 2756 1842 2791; x_wconf 81' lang='grc' dir='ltr'>φησὶν,</span> 
     </span>
    </p>
   </div>
   <div class='ocr_carea' id='block_1_114' title="bbox 1055 2796 1843 2838">
    <p class='ocr_par' dir='ltr' id='par_1_114' title="bbox 1055 2796 1843 2838">
     <span class='ocr_line' id='line_1_114' title="bbox 1055 2796 1843 2838; baseline 0.008 -16"><span class='ocrx_word' id='word_1_859' title='bbox 1055 2796 1079 2822; x_wconf 75' lang='lat' dir='ltr'><strong><em>al</em></strong></span> <span class='ocrx_word' id='word_1_860' title='bbox 1094 2796 1158 2832; x_wconf 83' lang='grc' dir='ltr'>περὶ</span> <span class='ocrx_word' id='word_1_861' title='bbox 1172 2797 1270 2833; x_wconf 81' lang='grc' dir='ltr'>Ἰωσὴφ</span> <span class='ocrx_word' id='word_1_862' title='bbox 1285 2798 1333 2824; x_wconf 78' lang='grc' dir='ltr'>καὶ</span> <span class='ocrx_word' id='word_1_863' title='bbox 1343 2799 1460 2834; x_wconf 70' lang='grc' dir='ltr'>Μαριὰμ</span> <span class='ocrx_word' id='word_1_864' title='bbox 1475 2801 1516 2832; x_wconf 86' lang='grc' dir='ltr'><strong><em>είς</em></strong></span> <span class='ocrx_word' id='word_1_865' title='bbox 1530 2801 1707 2836; x_wconf 76' lang='grc' dir='ltr'>Ἰερουσαλὴμ</span> <span class='ocrx_word' id='word_1_866' title='bbox 1721 2810 1843 2838; x_wconf 81' lang='grc' dir='ltr'>προσκυ-</span> 
     </span>
    </p>
   </div>
   <div class='ocr_carea' id='block_1_115' title="bbox 1605 2878 1812 2911">
    <p class='ocr_par' dir='ltr' id='par_1_115' title="bbox 1605 2878 1812 2911">
     <span class='ocr_line' id='line_1_115' title="bbox 1605 2878 1812 2911; baseline 0.01 -6"><span class='ocrx_word' id='word_1_867' title='bbox 1605 2878 1615 2894; x_wconf 84' lang='grc'><strong><em>⁸</em></strong></span> <span class='ocrx_word' id='word_1_868' title='bbox 1631 2878 1698 2906; x_wconf 82' lang='lat' dir='ltr'><strong><em>Luc.</em></strong></span> <span class='ocrx_word' id='word_1_869' title='bbox 1712 2886 1750 2911; x_wconf 85' lang='lat' dir='ltr'><strong><em>tv,</em></strong></span> <span class='ocrx_word' id='word_1_870' title='bbox 1766 2879 1812 2907; x_wconf 75' lang='grc'><strong><em>22.</em></strong></span> 
     </span>
    </p>
   </div>
  </div>
