1961 3046
105 148 157 174 437

472 156 656 186 ADVERSUS
676 154 848 184 HERESES
865 154 885 181 L

950 155 970 182 1.
992 155 1072 183 ΤΟΜ.
1095 156 1128 183 ll.
1148 172 1182 177 —
1201 158 1337 186 H/EBES.
1357 159 1440 189 XXX.

1671 161 1726 190 458

104 210 185 244 νῆσαι
203 211 231 237 ἐν
248 212 280 247 τῇ
293 212 383 249 ἑορτῇ,
398 215 444 242 καὶ
457 217 641 253 ἁνέκαμπτον.
651 218 756 252 ἔμεινεν
769 216 871 252 Ἰησοῦς
883 225 887 232 ·

943 214 1082 242 adorandi
1101 217 1187 251 gratia
1208 217 1424 253 Hierosolymam
1448 219 1517 247 festo
1532 219 1575 248 die
1590 219 1727 255 perrexiso

104 257 152 282 καθ.
168 256 282 292 ἐζήτουν
297 259 377 286 αὐτὸν
394 261 423 287 ἐν
438 263 471 297 τῇ
486 263 634 300 ὁδοιπορίᾳ,
647 265 694 290 καὶ
713 265 741 290 ὲν
755 265 810 294 τοῖς
828 271 892 296 συγ-

103 302 210 335 γενέσιν
229 304 327 336 αὐτῶν,
341 307 387 332 καὶ
401 308 450 342 οὐχ
469 309 605 344 εὕρισκον.
624 308 686 344 Εἶχε
698 308 752 344 γὰρ
769 310 786 344 ἡ
799 309 892 344 Μαρία

105 349 272 382 συγγένειαν.
294 351 490 388 Ἀνακάμψασα
503 355 531 382 δὲ
545 356 593 382 καὶ
609 356 726 392 εὑροῦσα
738 356 827 386 αὑτὸν,
841 355 890 391 ἔφη

104 395 195 430 αὐτῷ’
221 397 250 423 Τι’
268 398 339 432 ἡμῖν
354 399 512 433 ἐποίησας,
526 402 633 428 τέκνον
640 410 649 434 ;
672 402 749 429 Ἰδοὺ
768 401 824 436 ἐμὲ)
842 402 891 428 καὶ

103 442 120 467 ό
139 442 237 476 πατήρ
252 452 309 470 σου
325 445 507 480 ὀδυνώμενοι
521 447 682 482 ἑξητοιῦμέν
697 455 744 475 σε.
762 447 806 474 Ἐν
817 448 891 480 τάξει

102 488 158 523 γὰρ
183 489 285 524 πατρὸς
310 491 324 516 ὁ
346 491 444 526 Ἰωσὴφ
473 493 546 528 αὐτῷ
568 494 705 529 ὑπῆρχεν·
729 493 760 519 οὐ
782 493 836 528 γὰρ
858 491 891 528 ἦν

103 534 178 568 αὐτῷ
192 536 282 570 πατὴρ
298 537 368 563 κατὰ
381 538 471 572 φύσιν.
484 537 550 565 Εἶτα
567 541 581 566 ό
598 540 699 575 Κύριος
711 539 778 574 πρὸς
789 539 873 574 αὐτήν
883 546 889 552 ⁸

104 579 139 605 Τί
160 580 204 606 ὅτι
221 581 347 614 ἐζῆῑεῖτὲ
365 592 421 618 ps;
438 586 493 611 οὐκ
509 585 617 619 ᾔδειτε,
640 585 684 612 ὅτι
708 586 743 612 ὲν
759 585 821 617 τοῖς
839 586 891 611 τοῦ

101 627 218 659 Πατρός
229 636 286 659 μου
305 628 353 654 δεῖ
372 627 449 656 εἶναι
462 638 517 663 με;
532 630 680 665 σημαίνων,
694 630 736 656 ὅτι
752 631 766 656 ὁ
780 629 841 661 ναὸς
853 631 892 661 εἰς

101 672 187 706 ὄνομα
199 672 266 698 Θεοῦ
279 674 386 709 Harpe;
404 675 576 710 ᾠκοδομήθη.
586 676 617 702 Et
629 676 717 702 τοίνυν
729 675 783 702 ἀπὸ
793 675 890 710 νηπίου

100 717 155 743 οἶδε
171 718 215 744 τὸν
230 719 295 745 ναὸν
308 721 355 746 καὶ
369 720 413 746 τὸν
431 722 550 757 Πατέρα,
565 722 615 748 οὐκ
630 722 684 758 ἄρα
697 722 773 757 ψιλὸς
787 722 892 758 ἄνθρω-

101 773 152 796 πος
168 766 182 791 ὁ
199 766 339 800 γεννηθεὶς
365 767 478 802 Ἰησοῦς,
501 768 562 794 οὐδὲ
588 769 657 803 μετὰ
677 769 708 794 τὸ
734 768 892 803 τριακοστὸν

100 810 179 842 ἔτος,
199 812 267 846 μετὰ
283 811 314 838 τὸ
334 812 422 839 ἐλθεῖν
438 814 478 845 εἰς
501 814 583 841 αὐτὸν
602 814 632 840 τὸ
655 813 724 845 εῐδος
747 814 796 849 τῆς
812 823 891 848 περι-

101 857 217 891 στερᾶς,
237 857 298 889 Υἱὸς
314 859 360 884 καὶ
378 859 495 894 Χριστὸς
521 860 653 893 ἐκαλεῖτο,
672 860 740 888 ἀλλὰ
758 861 838 893 εὐθὺς
862 862 890 887 ὲν

99 902 157 932 τοῖς
179 901 225 926 τοῦ
251 903 356 938 Πατρὸς
373 903 455 930 αὑτοῦ
475 903 530 931 δεῖν
550 905 631 931 αὑτὸν
652 903 721 932 εἶναι
739 906 888 933 ἐδίδασκεν.
908 895 927 922 Β

103 947 164 973 Ὅτι
179 947 206 973 δὲ
219 949 232 974 ὁ
247 948 343 984 Ίωςὴφ
360 949 420 984 οὐχ).
436 951 527 986 πατὴρ
542 951 624 977 αὐτοῦ
637 949 681 987 ἦν,
691 951 758 978 ἀλλὰ
773 953 802 978 ὲν
816 952 890 984 τάξει

101 992 214 1027 πατρὸς,
227 993 308 1019 ἄκουε
326 993 372 1020 τοῦ
390 995 470 1021 αὑτοῦ
485 996 677 1030 εὐαγγελιστοῦ
693 997 826 1030 λέγοντος,
842 997 889 1024 τοῦ

99 1037 253 1072 γράψαντος
273 1039 326 1065 ἀπὺ
351 1041 495 1076 προσώπου
518 1042 638 1077 Μαρίας,
657 1042 698 1068 ὅτι
717 1043 789 1077 Ἐγὼ
811 1043 860 1069 καὶ
875 1045 891 1070 ό

99 1082 197 1117 ,πατήρ
216 1092 273 1110 σου
289 1085 468 1120 ὀδυνώμενοι
483 1086 642 1122 ἐζητοῦμέν
661 1096 715 1115 σε·
734 1089 814 1116 πάλιν
833 1089 891 1121 πῶς

99 1129 201 1164 γράφει
232 1131 334 1165 λέγων·
358 1130 412 1159 Ἦν
436 1133 470 1159 δὲ
495 1134 609 1168 Ἰησοῦς
628 1136 793 1170 ἀρχόμενος
814 1134 891 1162 εἶναι

97 1175 142 1208 ὡς
169 1175 244 1202 ἐτῶν
272 1177 448 1210 τριάκοντα,
479 1179 522 1206 ὢν
549 1180 632 1213 υἱὸς.
659 1181 699 1214 ὡς
726 1180 889 1216 ἐνομίζετο,

106 1221 228 1256 Ἰωσήφ.
247 1223 291 1249 Ἐν
309 1224 338 1250 δὲ
366 1224 403 1259 τῷ
424 1226 520 1257 εἰπεῖν,
538 1227 578 1259 ὡς
602 1227 767 1261 ἐνομίζὲτο,
791 1227 889 1260 ἔδειξεν

97 1267 180 1294 αὐτὸν
201 1269 238 1303 μὴ
251 1266 321 1296 εἶναι
339 1270 421 1296 αὑτοῦ
436 1271 503 1304 υἱὸν,
514 1272 582 1299 ἀλλὰ
593 1273 762 1308 νομίζεσθαι.

943 266 1015 294 sent,
1037 262 1214 291 redeuntibus
1236 263 1300 295 illis,
1322 265 1452 291 remansit
1478 264 1577 298 Iesus;
1593 273 1674 300 quem
1699 266 1727 292 in

944 308 1051 340 itinere,
1068 313 1094 334 et
1107 309 1177 343 apud
1198 316 1330 344 cognatos
1349 309 1388 337 illi
1403 311 1594 345 quarritabant,
1618 318 1668 338 nec
1685 318 1728 338 re-

943 354 1035 388 perire
1051 358 1188 388 poterant.
1215 354 1299 381 Maria
1317 355 1418 390 quippe
1434 356 1624 390 cognationem
1645 355 1727 382 babe-

944 399 1002 426 bat.
1028 399 1110 434 Igitur
1127 408 1188 427 cum
1206 401 1239 427 ad
1256 401 1349 428 urbem
1375 401 1542 432 revertisset,
1561 407 1594 427 ac
1618 400 1727 428 tandem

943 445 1018 471 illum
1040 445 1215 477 offendisset,
1236 446 1276 473 sic
1301 453 1363 472 eum
1387 446 1557 480 alloquitur:
1581 445 1647 477 Fili,
1665 445 1727 480 quid

942 490 1029 524 fecisti
1043 490 1137 518 nobis?
1155 490 1221 518 Ecce
1240 499 1285 526 ego
1308 497 1332 518 et
1350 498 1425 526 pater
1442 497 1501 518 tuus
1519 492 1636 518 dolentes
1656 499 1727 526 qua:-

943 536 1062 563 rebamus
1079 541 1112 563 te.
1127 535 1264 571 Iosephus
1278 537 1351 564 enim
1367 537 1426 564 loco
1447 537 1471 564 ei
1488 537 1574 571 patris
1589 540 1658 568 erat,
1671 543 1727 563 non

942 582 1078 610 naturalis
1090 586 1177 618 pater.
1191 583 1231 610 Ad
1248 584 1304 610 lucc
1319 583 1450 611 Dominus
1463 593 1469 610 :
1483 583 1553 617 Quid
1568 588 1616 615 est,
1626 583 1725 618 inquit,

942 628 1010 663 quod
1040 629 1199 664 qua’rebatis
1224 630 1285 657 me?
1310 629 1464 656 nesciebatt‘s
1484 629 1551 664 quod
1571 630 1598 656 in
1623 629 1655 656 iis
1669 637 1728 663 quia

942 675 1035 701 Patris
1059 675 1108 702 mei
1131 680 1192 702 sunt
1220 680 1320 709 oportet
1338 683 1378 702 me
1398 676 1492 702 esse“!
1514 676 1573 708 Quo
1595 683 1727 710 responso

943 721 1126 756 signiﬁcabat,
1149 722 1279 756 templum
1299 722 1326 749 in
1348 722 1406 754 Dei,
1425 722 1477 749 boe
1501 726 1544 749 est
1565 722 1655 749 Patris
1671 722 1726 753 sui,

942 775 1042 794 nomen
1060 767 1148 795 fuisse
1163 771 1365 795 constructum.
1381 767 1564 800 Quamobrem
1582 768 1604 795 si
1619 768 1654 795 ab
1668 767 1726 802 ipsa

943 812 1141 846 propemodum
1157 811 1275 839 infantia
1289 812 1432 847 templum,
1446 811 1610 847 Patremque
1625 820 1728 847 cogno-

942 862 1028 890 verat,
1044 859 1137 892 utique
1153 865 1209 884 non
1223 865 1316 886 merus
1337 858 1417 886 homo
1430 863 1512 886 natus
1525 858 1570 886 ille
1581 858 1662 886 Jesus
1677 866 1741 886 ex-.

943 903 1025 936 stitit,
1040 911 1129 938 neque
1142 907 1205 938 post
1221 910 1323 930 annum
1346 903 1455 931 demum
1479 911 1544 934 xxx,
1561 910 1623 930 cum
1645 911 1675 931 se
1699 904 1726 931 in

943 957 1006 976 enm
1020 948 1155 976 columba:
1174 949 1265 983 specie
1281 947 1399 984 Spiritus
1415 953 1528 976 sanctus
1547 948 1725 980 insinuasset,

943 994 1031 1022 Filius
1047 1002 1079 1021 ac
1093 994 1221 1022 Christus
1237 994 1369 1029 appellari
1384 994 1487 1029 coepit;
1505 993 1552 1022 sed
1568 994 1684 1021 subinde
1698 994 1725 1021 in

943 1040 987 1068 his
1005 1047 1066 1074 quae
1092 1039 1127 1066 ad
1150 1039 1258 1066 Patrem
1286 1046 1365 1066 suum
1393 1039 1552 1071 attinerent,
1576 1039 1679 1067 versari
1697 1047 1726 1067 se

944 1090 1071 1121 oportere
1094 1085 1198 1112 docuit.
1214 1084 1294 1118 Quod
1319 1092 1386 1112 vero
1412 1084 1548 1120 Iosephus
1572 1092 1627 1112 non
1651 1085 1725 1112 illius

943 1137 1021 1168 pater
1035 1136 1120 1165 esset,
1139 1133 1188 1160 sed
1202 1133 1288 1160 vicem
1305 1134 1393 1168 patris
1407 1137 1524 1169 gereret,
1544 1133 1607 1160 audi
1627 1141 1660 1161 ex
1681 1134 1728 1160 illo

941 1179 1037 1206 eodem
1050 1178 1284 1213 evangelista.qui
1297 1178 1408 1205 Mariam
1425 1178 1461 1205 ita
1472 1179 1626 1214 loquentem
1643 1179 1724 1206 facit;

940 1225 996 1260 Ego
1008 1229 1033 1252 et
1045 1229 1122 1259 pater
1136 1229 1196 1251 tuus
1210 1223 1327 1251 dolentes
1343 1224 1525 1259 quazrebamua
1543 1224 1667 1256 te.Audi,
1683 1225 1726 1250 in-

938 1269 1101 1306 quam,quid
1117 1269 1171 1296 alio
1183 1269 1243 1296 loco
1254 1269 1416 1305 scripserit:
1435 1269 1503 1296 Erat
1518 1273 1616 1301 autem,
1626 1269 1725 1304 inquit,

94 1313 177 1342 Jesus
193 1316 318 1350 incipiens
333 1325 389 1344 esse
403 1319 480 1352 quasi
494 1326 624 1345 annorum
640 1327 706 1350 xxx,
718 1319 762 1354 qui
774 1323 842 1350 erat,
854 1323 883 1345 ut
903 1316 1061 1352 putabatur,
1082 1314 1191 1349 ὥσπερήί
1217 1315 1291 1349 ﬁlius
1300 1315 1321 1342 ⁸.
1338 1314 1389 1342 Ubi
1407 1323 1468 1342 cum
1483 1322 1530 1343 eas
1565 1323 1646 1343 voces
1679 1316 1726 1343 ad-

95 1361 180 1394 didit,
191 1366 219 1388 ut
234 1364 390 1396 putabatur,
407 1370 461 1389 non
479 1363 566 1398 ipsius
582 1371 676 1391 revera
691 1363 777 1392 fuisse
790 1364 888 1395 ﬁlium,
909 1361 957 1390 sed
973 1361 1011 1388 ita
1028 1359 1164 1387 duntaxat
1181 1359 1304 1387 habitum
1320 1360 1405 1387 fuisse
1422 1360 1605 1388 demonstrat.

134 1409 174 1434 A'.
197 1407 344 1442 Ἐπιλείψει
372 1408 401 1434 δέ
421 1417 465 1443 μοι
490 1410 504 1435 ὁ
530 1410 625 1445 χρόνος
652 1411 822 1447 διηγουμένῳ
845 1412 885 1442 εἰς

97 1454 271 1489 παράσταςιν
288 1454 337 1488 τῆς
360 1454 501 1489 ἀληθείας,
517 1456 563 1482 καὶ
584 1457 623 1487 εἰς
641 1456 749 1492 ἔλεγχον
768 1458 817 1493 τῆς
834 1466 886 1492 μα-

95 1498 296 1533 ταιοφροσύνης
316 1498 452 1532 Ἐϐίωνος,
469 1501 516 1526 καὶ
534 1500 580 1526 τοῦ
597 1501 678 1528 αὑτοῦ
692 1510 880 1537 παραπεποιη-

98 1545 181 1580 μένου
203 1545 400 1581 ματαιόφρονος
423 1545 609 1574 διδασκαλείου
622 1549 641 1574 ί.
670 1548 753 1575 Πόθεν
779 1549 832 1584 γὰρ
856 1549 885 1576 οὐ
902 1557 923 1586 ο

98 1591 185 1624 σαφὲς
201 1591 233 1617 ἂν
246 1592 300 1626 εἴη,
316 1592 357 1618 ὅτι
373 1592 403 1618 οὐ
418 1592 509 1628 πατὴρ
523 1591 555 1628 ἦν
567 1593 677 1629 Ἰωσὴφ,
695 1594 751 1620 ἀλλ’
768 1595 796 1620 ὲν
811 1594 887 1627 τάξει

96 1637 202 1671 πατρὸς
218 1636 372 1671 ἑνομίζετο;
387 1637 464 1663 Ἰδοὺ
479 1638 543 1672 γὰρ,
559 1640 652 1673 φησὶν,
667 1639 685 1672 ἠ
697 1639 842 1673 παρθένος
853 1640 888 1666 ἑν

95 1683 203 1717 γαστρὶ
229 1683 301 1715 ἕξει,
330 1683 379 1710 καὶ
406 1683 520 1715 τέξεται
541 1686 616 1711 υἱόν.
645 1685 697 1711 Καὶ
721 1686 771 1712 οὐκ
793 1684 885 1712 εἶπεν·

96 1728 172 1755 Ἰδοὺ
196 1729 214 1762 ὴ
243 1729 329 1764 γυνή,
356 1729 410 1756 Καὶ
439 1729 519 1756 πάλιν
534 1731 563 1756 ἐν
591 1730 676 1766 ἑτέρῳ
696 1730 771 1766 τόπῳ
795 1730 885 1764 λέγει·

96 1775 152 1801 Καὶ
171 1775 282 1806 τέξεται
294 1775 312 1808 ἡ
332 1775 468 1810 δάμαλις,
484 1776 533 1802 καὶ
546 1776 685 1810 ἐροῦσιν”
702 1778 742 1804 Οὺ
757 1777 886 1804 τέτοκεν.

104 1821 213 1856 Ἐπειδὴ
228 1822 281 1856 γάρ
293 1830 363 1853 τινες
374 1821 428 1847 τῶν
442 1822 598 1857 Μανιχαίων
613 1823 661 1849 καὶ
672 1823 887 1858 Μαρκιωνιστῶν

96 1867 223 1902 λέγουσιν
240 1868 322 1895 αὐτὸν
337 1868 375 1904 μὴ
391 1869 526 1904 τετέχθαι,
544 1869 588 1896 διὰ
605 1870 684 1896 τοῦτο
697 1871 821 1903 τέξεται,
838 1871 888 1897 καὶ

95 1914 235 1948 ἐροῦσιν·
255 1915 295 1941 Οὐ
319 1914 458 1941 τέτοκενο
482 1915 575 1950 ἐπειδὴ
592 1916 621 1942 οὺ
637 1917 746 1944 τέτοκεν
767 1917 887 1953 ήΜαρία

97 1961 131 1986 ἐκ
156 1960 313 1995 σπέρματος
333 1960 439 1996 ἀνδρός.
460 1961 515 1987 Καὶ
535 1959 607 1988 οὗτοι
633 1961 764 1996 μανέντες
779 1962 886 1996 λέγουσι

95 2006 201 2040 ψευδῶς
223 2007 254 2032 ἐκ
281 2006 438 2042 σπέρματος
464 2007 560 2042 ἀνδρὸς
583 2007 668 2043 αὐτὴν
684 2009 884 2042 γεγεννηκέναι.

99 2053 264 2088 Γεγέννηκεν
287 2051 333 2079 οὖν
350 2054 366 2088 ἡ
388 2053 502 2088 δάμαλις
519 2053 596 2085 Θεὸν,
613 2054 756 2089 ἄνθρωπον
771 2055 799 2081 ἐν
819 2055 885 2089 ἀλη-

97 2098 170 2134 θείᾳ.
188 2099 244 2125 Καὶ
258 2099 358 2134 ὃτι-μὲν
377 2098 491 2134 δάμαλις
511 2099 677 2135 ὴΠαρθὲνος
693 2100 823 2132 καλεῖται,
839 2100 886 2126 καὶ

96 2145 129 2171 τὺ
154 2144 256 2179 ταύτης
277 2144 401 2179 λείψανον
417 2145 585 2181 καθαρισμὸς
599 2144 632 2182 ἦν
648 2146 704 2172 τῶν
720 2147 886 2181 κεκοινωμέ-

96 2200 163 2223 νων,
180 2191 261 2218 ἄκουε
277 2190 323 2217 τοῦ
341 2191 423 2226 νόμου
437 2191 562 2225 λέγοντος
573 2199 581 2208 ⁸
600 2191 677 2218 Λάϐε
692 2201 742 2227 μοι
757 2191 886 2226 δάμαλιν

967 1406 1046 1442 156
1053 1404 1250 1433 XXX.Deliciet
1256 1413 1298 1432 me
1307 1406 1447 1440 tempus.si
1454 1406 1488 1433 ad
1496 1408 1726 1442 comprobandum

938 1454 1091 1485 veritatem,
1103 1460 1134 1479 ac
1144 1459 1199 1479 tam
1210 1451 1334 1484 Ebionis,
1342 1459 1424 1487 quam
1435 1453 1640 1481 absurdissima
1652 1455 1725 1483 illius

939 1499 1041 1527 schola:
1062 1498 1237 1526 refellendam
1260 1499 1418 1530 amentiam,
1438 1499 1565 1534 pluribus
1586 1500 1725 1535 disputare

939 1545 1063 1572 voluero.
1081 1544 1149 1577 Quis
1169 1544 1242 1571 enim
1258 1544 1337 1572 facile
1360 1552 1415 1572 non
1436 1545 1562 1581 intelligit
1576 1544 1724 1582 Josephum

939 1591 1052 1618 minime
1068 1591 1142 1618 illius
1159 1594 1310 1626 parentem,
1332 1591 1379 1619 sed
1393 1591 1513 1626 parentis
1528 1592 1588 1620 loco
1602 1592 1724 1620 habitum

938 1637 1045 1666 fuisse?
1057 1636 1125 1664 Ecce
1139 1637 1220 1669 enim,
1235 1637 1334 1672 inquit,
1353 1638 1426 1672 virgo
1444 1638 1584 1672 concipiet,
1601 1643 1627 1666 et
1640 1640 1725 1674 pariet

921 1709 923 1712 ,
938 1683 1026 1718 ﬁlium
1034 1683 1057 1710 ⁸.
1083 1682 1142 1710 Non
1157 1683 1226 1710 dixit
1242 1692 1248 1710 :
1267 1682 1335 1710 Ecce
1359 1684 1464 1712 mulier.
1481 1684 1521 1711 Ac
1537 1692 1647 1712 rursum
1672 1686 1726 1714 alio

938 1729 1017 1757 loco:
1037 1729 1071 1756 Et
1087 1729 1171 1764 pariet
1185 1729 1278 1761 vitula,
1293 1733 1317 1756 et
1332 1729 1419 1756 dicent
1432 1738 1441 1757 :
1455 1729 1517 1757 Non
1532 1731 1642 1766 peperit.
1657 1730 1724 1759 Nam

938 1783 1000 1802 eum
1013 1775 1225 1803 Manichaeorum
1252 1783 1284 1803 ac
1297 1775 1535 1804 Marcionistarum
1550 1777 1660 1812 quidam
1676 1785 1724 1806 ne-

937 1826 1001 1856 gent
1019 1821 1094 1848 illum
1115 1825 1196 1856 partu
1219 1822 1247 1848 in
1271 1821 1361 1849 lucem
1380 1823 1496 1855 editum,
1513 1822 1548 1851 ob
1565 1823 1604 1856 id,
1626 1824 1723 1858 pariet,

938 1868 1036 1903 inquit,
1048 1873 1074 1895 et
1085 1869 1186 1895 dicent:
1199 1869 1258 1895 Non
1265 1869 1374 1904 peperit,
1383 1870 1511 1904 quoniam
1520 1869 1553 1897 de
1560 1869 1612 1897 viri
1621 1870 1724 1897 semine

939 1913 1022 1940 Maria
1039 1921 1094 1940 non
1114 1914 1228 1949 peperit.
1243 1913 1278 1941 At
1307 1915 1404 1942 furiosi
1431 1915 1478 1942 isti
1501 1914 1535 1942 de
1549 1915 1600 1942 viri
1618 1915 1723 1944 semine

938 1959 1008 1987 falso
1021 1960 1095 1987 illam
1113 1959 1254 1994 peperisse
1274 1959 1411 1986 dictitant.
1431 1960 1514 1995 igitur
1529 1960 1613 1987 vitula
1635 1961 1723 1988 homi-

937 2013 998 2033 nem
1013 2006 1138 2034 eumdem
1157 2013 1190 2033 ac
1214 2005 1299 2032 Deum
1316 2013 1378 2034 vere
1403 2006 1447 2033 illa
1467 2006 1576 2041 quidem
1598 2007 1720 2042 peperit;

939 2052 1030 2079 vitula:
1046 2059 1130 2087 porro
1152 2052 1261 2080 nomine
1281 2051 1419 2088 Virginem
1439 2053 1592 2086 nominari,
1608 2053 1723 2089 ejusque

938 2099 1069 2133 reliquias
1083 2098 1118 2126 ad
1136 2106 1184 2126 eos
1198 2098 1245 2133 qui
1261 2098 1362 2133 impuri
1384 2103 1487 2131 essent,
1505 2100 1656 2135 expiandos
1675 2102 1722 2129 ad-

937 2143 1024 2171 hiberi
1041 2144 1228 2177 consuevisse,
1248 2143 1479 2179 quemadmodum
1501 2146 1542 2172 lex
1564 2146 1621 2181 ipsa
1637 2151 1721 2174 teste-

939 2193 994 2220 tur,
1014 2189 1127 2224 accipe:
1157 2189 1245 2221 Sume,
1263 2189 1364 2224 inquit,
1392 2190 1503 2217 vitulam
1527 2191 1616 2225 rufam
1638 2192 1660 2218 ⁸.
1687 2192 1721 2220 Ut

95 2235 230 2270 πυρῤάν·
248 2236 290 2262 ἵνα
308 2235 383 2272 δείξῃ
395 2236 425 2262 τὸ
442 2236 569 2262 ἐκλεκτὸν
588 2236 684 2268 σκεῦος
704 2237 752 2271 τῆς
766 2236 884 2272 Μαρίας,

939 2235 1053 2262 electum
1069 2242 1117 2262 vas
1133 2234 1223 2262 Mariae
1242 2234 1420 2270 signiﬁcaret,
1436 2240 1544 2270 propter
1560 2236 1667 2271 igneam
1692 2238 1720 2265 in

95 2282 142 2309 διὰ
155 2283 185 2308 τὸ
201 2282 340 2317 πυροειδὲς
353 2282 402 2316 τῆς
415 2281 460 2308 τοῦ
479 2282 604 2318 Σωτῆρος
621 2282 746 2316 θεότητος
762 2282 885 2317 χωρηθὲν

95 2329 127 2355 ἐν
143 2329 176 2363 τῇ
198 2327 338 2364 Παρθένῳ.
354 2327 418 2361 Πῦρ
433 2327 489 2362 γὰρ
515 2330 531 2354 ὁ
551 2328 640 2361 Θεὸς,
671 2328 753 2364 φησὶ,
777 2336 886 2355 καταν-

94 2375 237 2401 αλίσκον.
247 2375 301 2400 Καὶ
316 2374 398 2410 φησὶν
407 2375 420 2400 ὁ
430 2374 511 2409 νόμος
523 2374 653 2409 δάμαλιν
664 2374 792 2408 meper,
805 2374 849 2409 ἐφ’
865 2374 884 2409 ᾗ

94 2420 183 2456 ζυγὸς
207 2421 262 2447 οὐκ
292 2420 476 2454 ἀναϐέϐηκεν
498 2421 546 2447 ἐπὶ
571 2421 625 2447 τὸν
648 2420 815 2454 τράχηλον·
842 2420 885 2446 ἵνα

94 2465 170 2501 δείξῃ
195 2466 243 2499 τὴν
271 2464 409 2499 Παρθένον
434 2464 568 2499 δάμαλιν,
595 2465 632 2501 μὴ
659 2464 776 2500 γνοῦσιν
803 2464 885 2498 ζυγὸν

95 2511 186 2546 γάμου
197 2511 302 2546 ἀνδρός.
323 2510 402 2536 Ἀλλὰ
421 2510 446 2536 τί
467 2519 511 2545 μοι
527 2510 561 2537 τὰ
573 2511 687 2537 πλεῖστα
695 2511 883 2545 διαλέγεσθαις

99 2558 133 2588 ὓς
145 2557 226 2583 πάλιν
247 2556 359 2587 Ἡσαΐας
373 2555 424 2591 ἔφη
439 2557 471 2582 ὲκ
488 2556 633 2591 προσώπου
650 2557 696 2583 τοῦ
709 2557 826 2594 Κυρὶοψ
844 2558 884 2583 ὃτι

99 2603 173 2632 Λάϐε
196 2610 246 2629 σοι
263 2602 354 2637 τόμον
378 2601 489 2636 χάρτου
515 2602 620 2629 καινοῦ
636 2602 787 2637 μεγάλου1
803 2602 885 2638 τόμον

99 2649 139 2677 5ιά
156 2649 187 2675 τὸ
201 2646 270 2674 εἶναι
287 2648 335 2683 μὲν
347 2646 395 2682 τὴν
411 2646 547 2682 Παρθένον
565 2649 597 2674 ὲκ
609 2648 766 2684 σπέρματος
777 2649 883 2684 ἀνδρὸς,

100 2694 246 2730 τετμῆσθαι
269 2694 297 2720 δὲ
318 2693 372 2720 ἀπὸ
388 2694 487 2729 μίξεως
504 2693 618 2729 ἀνδρῶν,
637 2694 685 2721 καὶ
703 2695 732 2720 τὸ
747 2694 883 2730 τμηθῆναι

93 2741 149 2798 ιΞιπὸ
162 2742 213 2777 τῆς
227 2740 282 2768 τῶν
292 2739 442 2776 ἀνθρώπων
458 2740 527 2767 κατὰ
543 2740 624 2775 φύσιν
640 2739 795 2777 συνηθείας.
808 2740 883 2767 ΙΙάν-

130 2833 139 2848 ί
157 2831 392 2868 ματαιοφροσύνης
411 2830 476 2868 δῷ..
499 2829 585 2856 'Luc.
602 2829 678 2868 11δᾶ8
697 2837 760 2865 sqq.
797 2829 808 2845 ³
822 2829 887 2858 Luc.

939 2829 1006 2864 ,23.
1044 2829 1055 2846 ⁸
1073 2828 1126 2859 lsa.
1143 2831 1238 2864 “1,”.

95 2869 138 2895 ἓν.
157 2865 162 2868 ’
179 2870 187 2884 ⁷
204 2865 283 2894 Num;
299 2875 356 2898 XIX,
371 2867 398 2894 2.
438 2866 448 2881 ⁸
469 2865 520 2892 lsa.
538 2872 596 2897 vm,
615 2865 640 2894 i.

256 2915 390 2943 Parnm.
404 2913 462 2943 (in.
483 2912 563 2942 XLI.

938 2280 1080 2309 Salvatore
1089 2282 1143 2308 vim
1155 2281 1316 2313 divinitatis,
1324 2289 1406 2316 quam
1417 2282 1494 2316 virgo
1504 2283 1638 2317 capiebat.
1650 2283 1721 2311 Deus

936 2327 1017 2359 enim,
1030 2327 1129 2362 inquit,
1149 2328 1217 2362 ignis
1232 2335 1388 2354 consumens
1407 2328 1474 2354 est“.
1495 2328 1540 2355 Ait
1566 2329 1650 2364 igitur
1678 2331 1722 2358 lex

936 2373 1047 2400 vitulam
1066 2373 1154 2407 rufam
1167 2392 1174 2404 ,
1199 2372 1274 2407 cujus
1294 2372 1363 2400 collo
1374 2372 1490 2399 nondum
1512 2375 1663 2409 impositum
1682 2381 1721 2403 est

931 2419 1026 2454 jugum
1043 2419 1069 2452 ⁷;
1096 2423 1126 2446 ut
1151 2418 1288 2454 Virginem
1320 2420 1394 2447 illam
1423 2427 1484 2447 esse
1499 2420 1610 2447 vitulam
1633 2422 1720 2457 signi-a

937 2467 1009 2498 licet,
1025 2473 1085 2500 quae
1107 2466 1264 2500 nuptiarum
1280 2466 1347 2501 jugo
1360 2466 1501 2494 cervicem
1517 2467 1638 2494 nondum
1656 2470 1722 2496 sub-

935 2511 1053 2538 miserit.
1064 2510 1163 2538 Verum
1176 2511 1241 2546 quid
1253 2512 1298 2539 hic
1314 2513 1441 2547 pluribus
1453 2512 1594 2548 disputare
1608 2522 1722 2543 necesse

935 2557 993 2584 est?
1009 2560 1056 2583 aut
1075 2557 1142 2584 illud
1157 2557 1247 2592 ipsum
1264 2565 1492 2592 commemorare,
1508 2559 1580 2594 quod
1598 2560 1650 2587 sub
1667 2561 1722 2588 Do—

935 2603 1002 2630 mini
1014 2610 1130 2637 persona
1142 2603 1211 2630 dixit
1226 2603 1311 2631 lsaias
1324 2614 1331 2631 :
1344 2605 1439 2640 Accipe
1453 2612 1614 2641 segmentum
1623 2607 1724 2636 charta:

935 2649 1045 2676 recentis
1063 2657 1094 2676 ac
1108 2649 1220 2683 maioris
1231 2650 1260 2676 ⁸⁸3
1277 2649 1327 2678 Ubi
1343 2653 1475 2686 segmenti
1497 2661 1565 2681 usus
1586 2657 1627 2680 est
1642 2662 1724 2681 voca-

936 2695 1011 2727 bulo,
1027 2695 1101 2730 quod
1115 2695 1168 2723 etsi
1181 2703 1197 2723 e
1211 2696 1283 2723 virili
1295 2697 1400 2724 semine
1414 2703 1562 2733 propagata
1579 2699 1615 2726 sit
1628 2699 1722 2733 Virgo,

936 2740 1031 2768 eadem
1048 2745 1139 2769 tamen
1154 2741 1190 2769 sit
1204 2742 1238 2769 ab
1251 2742 1371 2771 humano
1387 2744 1534 2772 concubitu
1548 2745 1722 2780 naturalique

1284 2831 1294 2848 '
1308 2831 1391 2861 Num.
1407 2841 1464 2867 xix,
1480 2833 1507 2860 2.
1548 2834 1558 2849 ⁸
1574 2833 1654 2862 Hebr.
1675 2841 1721 2868 ut,

1551 2916 1588 2945 15
