1961 3046
235 163 286 192 867

919 161 946 188 8.
968 161 1138 189 EPIPllANll

1807 161 1864 190 468

235 230 362 258 [iungimur
378 227 486 253 vocant,
497 230 547 250 nec
567 230 621 249 non
639 227 666 249 et
682 222 796 249 alterunt
814 222 886 257 quod
906 230 1013 257 parvurr

1073 231 1184 249 πτουσιν
1203 220 1283 250 αὗται
1304 224 1332 250 αἱ
1354 223 1466 258 ἡμέραι,
1486 223 1545 258 ἢτοι
1569 223 1597 250 ὲν
1619 223 1733 258 δεύτερα
1753 223 1862 250 Σαϐϐά-

208 268 213 299 ἷ
233 269 381 304 appellant.
397 269 509 302 Quoties
519 269 603 304 igitur
612 269 670 296 dies
679 268 812 303 ejusmodi
829 270 855 295 in
872 269 1020 296 secundam

233 319 296 351 post
310 315 458 343 Sabbatum
475 315 558 347 diem,
575 315 619 342 vel
636 315 756 346 tertiam,
773 318 820 341 aut
835 318 960 350 quartam
975 315 1019 342 in-

233 359 340 391 cidunt,
367 359 440 387 istud
466 360 555 395 ipsum
579 360 688 388 illorum
716 360 841 388 instituto
870 359 1020 388 Sabbatum

233 411 372 434 censetur.
390 406 482 440 Quare
495 407 647 435 secundum
663 406 829 440 Azymorum
847 407 957 440 festum,
976 407 1021 435 de-

233 451 395 488 ﬁnitumque
410 452 523 481 Sabbati
534 452 617 485 diem,
633 460 666 480 eo
687 453 816 485 Sabbato.
831 456 904 490 quod
918 459 945 482 et
957 463 1020 490 pro-

235 497 293 532 prie
308 499 345 525 ita
367 498 470 526 dictum
492 504 545 531 est,
566 505 593 527 et
609 499 774 534 Azymorum
793 500 865 527 diem
883 501 1018 535 sequitur,

235 551 294 578 qum
303 548 330 571 et
339 544 397 579 ipsa
410 553 460 580 pro
473 544 592 573 Sabbato
602 549 740 577 censetur,
752 545 822 573 forte
835 547 886 574 iter
900 554 948 582 per
960 551 1019 574 sata

234 589 369 624 fecerunt,
382 598 413 618 ac
422 592 514 619 vulsas
529 593 621 627 spicas
633 591 822 624 altricuerunt.
834 599 916 629 atque
930 601 1020 622 come-

233 637 343 671 derunt,
360 642 390 665 ut
409 638 516 666 vincula
534 639 580 665 illa
604 639 716 667 Sabbati
741 640 882 667 sanctione
907 640 1019 667 astricta

235 685 324 713 soluta
349 693 410 713 esse
435 690 623 714 monstrarent
647 687 736 721 magni
764 687 839 714 illius
862 687 1019 714 accessione

234 730 356 765 Sabbati,
381 732 433 759 hoc
449 737 491 760 est
505 732 606 761 Christi
624 733 742 766 Domini,
759 734 805 768 qui
825 737 854 760 ut
869 742 884 760 a
899 734 1020 768 peccatis

232 778 337 806 n03tris
351 778 556 813 quiesceremus
573 779 698 807 indulsit.
719 779 805 813 Cujus
820 779 931 814 insuper
947 779 1018 814 ligu-

231 832 291 852 ram
309 824 427 852 Noemus
441 825 506 852 olim
533 825 663 860 praetulit,
689 826 712 853 is
735 833 814 860 quem
832 830 926 852 natum
943 829 1020 860 pater

231 875 262 898 ut
275 871 353 904 vidit,
369 872 528 907 prophetico
542 872 661 907 quodam
678 872 768 900 alllatu
784 871 914 900 Noemum
928 873 1020 907 appel-

230 917 283 945 lari
296 918 397 945 voluit:
417 917 559 951 Quoniam.
580 919 679 952 inquit,
693 919 748 953 ipse
760 919 874 953 requiem
886 918 960 945 dabit
977 927 1022 945 no-

231 963 270 992 bis
286 972 302 991 a
323 964 436 998 peccatis
458 965 586 995 nostris‘.
612 964 664 991 hoc
686 969 727 992 est
750 964 896 991 laboriosis
918 963 1021 991 nostris

231 1009 371 1044 operibus.
385 1009 467 1044 Atqui
481 1007 601 1037 Noemus
616 1009 720 1036 nullam
736 1017 752 1036 a
768 1009 886 1044 peccatis
899 1009 1020 1044 requiem

231 1054 333 1087 attulit,
358 1059 388 1082 ut
409 1055 545 1091 intelligas
569 1055 603 1082 de
625 1055 736 1083 Christo
758 1055 936 1082 vaticinatum
959 1062 1020 1082 esse

230 1099 407 1133 Lamechum,
423 1101 450 1128 in
466 1108 546 1136 quem
560 1101 642 1128 etiam
657 1100 715 1135 ipsa
732 1101 850 1128 nominis
867 1100 937 1127 ratio
953 1107 1019 1126 con-

229 1147 314 1174 venit.
326 1147 446 1175 Noemus
459 1148 532 1175 enim
544 1147 659 1182 requiem
669 1147 817 1182 signiﬁcat,
829 1152 859 1174 ut
867 1151 895 1174 et
906 1145 1017 1177 Sebeth.

229 1201 291 1229 qua:
310 1202 362 1221 vox
380 1198 435 1221 tam
457 1193 531 1222 istud
547 1194 636 1229 ipsum
658 1201 739 1228 quam
763 1192 910 1221 Sabbatum
926 1194 1018 1228 expri-

229 1239 289 1267 mit.
307 1238 385 1273 Quod
401 1240 524 1275 apprime
539 1239 651 1268 Christo
670 1240 808 1275 congruit,
826 1240 854 1266 in
868 1247 922 1274 quo
936 1238 1017 1266 Pater

229 1293 292 1312 cum
318 1285 423 1320 Spiritu
452 1289 547 1314 sancto
576 1285 742 1320 requiescit;
770 1285 1017 1320 requieveruntque

229 1331 318 1359 sancti
333 1331 367 1359 ad
379 1339 464 1359 unum
483 1339 589 1364 omnes,
615 1335 792 1366 posteaquam
813 1338 828 1357 a
844 1336 956 1366 peccato
970 1330 1017 1358 (ιθ

229 1378 368 1405 stiterunt.
386 1377 436 1405 llic
449 1381 631 1412 estmagnum
644 1377 897 1412 sempiternumque
910 1377 1000 1404 Sabba
1009 1392 1016 1396 -

228 1426 297 1454 tum.
314 1423 393 1458 cujus
407 1431 521 1459 parvum
546 1424 611 1451 illud
637 1424 777 1458 exemplar
797 1423 862 1456 fuit;
885 1423 917 1450 ad
942 1423 1015 1450 illius

228 1471 375 1498 adventum
390 1479 478 1506 usque
489 1471 516 1498 in
528 1478 607 1498 usum
622 1470 785 1503 adhibitum,
799 1475 826 1498 et
837 1470 871 1498 ab
882 1470 943 1504 ipso
958 1475 1015 1504 tege

226 1517 421 1550 constitutum;
442 1517 476 1544 ab
492 1517 643 1552 eodemque
659 1517 789 1549 solutum,
806 1520 833 1543 ct
850 1516 877 1543 in
894 1516 1014 1550 Evange-

1070 277 1124 295 των
1132 268 1198 304 (55),
1211 269 1227 304 ἦ
1240 270 1269 296 ἐν
1279 270 1367 305 τρίτῃ,
1383 270 1398 305 ἢ
1410 271 1439 296 ἐν
1451 269 1569 305 τετράδι,
1585 269 1723 296 Σάϐϐατον
1734 269 1782 295 καὶ
1795 269 1861 296 αὐτο

1071 316 1162 347 αὐτοῖς
1176 315 1305 350 ὁρίζεται.
1319 315 1363 341 Διὸ
1378 315 1446 351 μετὰ
1454 316 1503 351 τὴν
1515 315 1568 342 τῶν
1576 315 1701 350 Ἀζύμων
1711 315 1860 349 γενομένην

1071 363 1186 397 ἡμέραν,
1196 363 1242 388 καὶ
1251 362 1404 398 ὁρισθεῖσαν
1415 363 1520 398 ἡμέραν
1529 362 1676 393 Σαϐϐάτου,
1684 361 1723 397 τῷ
1731 361 1855 397 Σαϐϐάτιι
1873 356 1878 380 ἶ

1071 409 1199 444 φύσειτῷ
1212 409 1280 444 μετὰ
1290 409 1339 445 τὴν
1355 410 1461 445 ἡμέραν
1476 409 1663 444 τῶνἈζύμων
1674 409 1713 440 εἰς
1721 408 1858 434 Σάϐϐατοι
1874 400 1878 413 ί

1070 455 1274 491 λελογισμένην,
1290 455 1439 491 εὑρέθησαν
1450 454 1632 486 διαϐαίνοντες
1646 454 1690 481 διὰ
1701 454 1754 480 τῶν
1766 453 1849 488 σπορί
1876 447 1881 449 ’

1072 511 1140 537 μων,
1153 502 1200 529 καὶ
1217 501 1319 528 ἔτιλλον
1336 501 1465 536 στάχυας,
1489 502 1536 528 καὶ
1559 500 1674 535 ἒψωχον.
1691 500 1739 526 καὶ
1755 499 1859 534 ἤσθιον,

1070 547 1232 579 δεικνύντες,
1259 547 1299 573 ὅτι
1323 546 1432 572 λέλυται
1458 547 1471 572 ὁ
1487 545 1584 580 δεσμὸς
1598 545 1613 570 ὁ
1629 545 1657 570 ἐν
1676 544 1714 579 τῷ
1731 543 1863 578 Σαϐϐάτῳ

1070 594 1236 630 ὁριζόμενος,
1250 594 1372 625 ἐλθόντος
1383 593 1429 620 τοῦ
1443 593 1560 628 μεγάλου
1575 591 1725 623 Σαϐϐάτου,
1737 590 1861 618 τουτέστι

1070 640 1200 676 Χριστοῦ,
1217 641 1264 667 τοῦ
1282 641 1490 672 ἁναπαύσαντος
1509 640 1583 675 ἡμᾶς
1599 639 1653 665 ἀπὸ
1667 637 1720 664 τῶν
1735 638 1860 673 ἁμαρτη-

1073 687 1164 721 μάτων
1179 686 1266 722 ἡμῶν,
1282 684 1312 713 οὗ
1326 686 1411 718 τύπος
1423 684 1457 721 ἦν
1471 687 1485 712 ὁ
1504 685 1576 716 Νῶε,
1590 685 1620 711 ὃν
1640 684 1654 710 ὁ
1671 683 1762 719 πατὴρ
1776 682 1861 710 αὑτοῦ

1070 732 1234 768 γεννηθέντα
1264 732 1396 769 ἑωρακὼς
1430 731 1500 758 κατὰ
1530 731 1713 767 προφητείαν,
1746 729 1861 756 ἐπέθετο

1070 779 1144 814 αύτῷ
1166 779 1252 815 ὖνομα
1275 779 1347 811 Νῶε,
1374 779 1478 814 λέγων’
1505 778 1565 804 Ὅτι
1581 776 1670 811 οὗτος
1689 777 1860 804 ἀναπαύσει

1070 826 1149 861 ἡμᾶς
1161 826 1195 853 ἐκ
1209 826 1269 852 τῶν
1280 825 1429 860 ἁμαρτιῶν
1444 825 1539 860 ἡμῶν,
1551 825 1611 860 ἦτοι
1631 823 1756 858 σκληρῶν
1769 823 1860 858 ἔργων

1071 872 1159 908 ἡμῶν.
1178 873 1207 898 '0
1220 872 1281 899 Νῶε
1294 872 1322 898 δὲ
1335 871 1388 898 ἀπὸ
1398 871 1540 907 ἁμαρτιῶν
1551 871 1600 897 οὐκ
1612 870 1774 901 ἀνέπαυσεν,
1790 869 1859 896 ἁλὶὰ

1071 919 1111 949 εἰς
1123 917 1239 949 Χριστὸν
1255 917 1456 953 προεφήτευσεν
1470 915 1484 941 ὁ
1502 915 1599 951 Λάμεχ
1617 915 1667 949 τὴν
1690 912 1859 948 προφητείαν

1070 963 1108 999 τῷ
1120 964 1130 980 ³
1146 964 1208 990 Νῶε
1222 964 1439 999 ἑρμηνευόμενον
1454 963 1482 988 ὲν
1503 961 1627 997 ἀληθείᾳ.
1644 961 1705 987 Νῶε
1721 959 1774 994 γὰρ
1787 958 1858 986 ἀνή-

1070 1017 1183 1042 παυσις
1197 1009 1388 1044 ἑρμηνεύεται,
1402 1009 1449 1034 καὶ
1461 1007 1544 1034 Σεϐὲθ
1551 1007 1626 1041 ,ὅπερ
1634 1006 1805 1037 ἀνάπαυσις
1812 1004 1857 1030 καῖ

1069 1055 1221 1082 Σάϐϐατον
1232 1054 1423 1091 ἑρμηνεύεται,
1440 1054 1454 1080 ὅ
1468 1052 1657 1088 ἐστιΧριστὺς,
1674 1052 1702 1077 ὲν
1718 1048 1739 1084 ᾧ
1757 1049 1846 1076 ἁναπέ

1070 1111 1173 1129 παυται
1195 1102 1210 1128 ὁ
1231 1102 1336 1137 Πατὴρ.
1352 1100 1444 1127 καὶτὸ
1458 1100 1534 1134 ἅγιον
1555 1098 1668 1133 Πνεῦμα
1689 1096 1781 1127 αὐτοῦ,
1810 1095 1858 1122 καὶ

1070 1148 1171 1180 πάντες
1191 1149 1264 1182 ἅγιοι
1283 1148 1421 1182 ἄνθρωποι
1438 1148 1467 1173 ὲν
1486 1145 1561 1180 αὑτῷ
1575 1144 1774 1174 ἀνεπαύσαντο,
1789 1151 1858 1169 παυ-

1069 1194 1182 1230 σάμενοι
1191 1194 1245 1220 ἀπὸ
1257 1193 1472 1229 ἁμαρτημάτων.
1489 1188 1574 1222 Οὗτός
1587 1191 1645 1216 ἐστι
1659 1190 1690 1216 τὸ
1704 1189 1774 1224 μέγα
1787 1188 1856 1214 Σάδ-

1068 1240 1149 1267 6ατον
1166 1241 1213 1267 καὶ
1227 1240 1320 1271 ἀΐδιον,
1341 1236 1371 1266 οὗ
1394 1239 1477 1270 τύπος
1498 1236 1532 1273 ἦν
1554 1237 1584 1265 τὺ
1607 1237 1702 1272 μικρὸν
1718 1235 1857 1262 Σάϐϐατον

1067 1285 1319 1321 ἐξυπηρετούμενον
1343 1285 1406 1320 ἄχρι
1419 1285 1470 1319 τῆς
1491 1282 1572 1310 αὑτοῦ
1587 1281 1750 1318 παρουσίας,
1767 1289 1855 1316 προσ-

1067 1333 1166 1369 ταχθὲν
1185 1333 1230 1360 ὑπ’
1260 1332 1342 1359 αὑτοῦ
1359 1332 1430 1359 κατὰ
1446 1332 1492 1358 τὸν
1509 1331 1601 1366 νόμον,
1616 1331 1664 1356 καὶ
1679 1331 1707 1356 ὲν
1721 1328 1795 1364 αὐτῷ
1809 1329 1857 1355 λυ-

1067 1378 1124 1410 θὲν,
1151 1379 1198 1405 καὶ
1220 1377 1362 1413 πληρωθὲν
1380 1378 1408 1403 ἐν
1428 1376 1466 1411 τῷ
1492 1375 1661 1411 Εὑαγγελίῳ,
1687 1375 1780 1406 Οὕτως
1799 1375 1856 1410 γὰρ

1066 1422 1153 1454 εἶπεν.
1175 1425 1217 1451 ὅτι
1230 1424 1336 1458 Κύριός
1350 1424 1436 1450 ἐστιν
1449 1424 1465 1449 ὁ
1484 1423 1550 1456 Υἱὸς
1566 1423 1619 1450 τοῦ
1634 1421 1790 1456 ἀνθρώπου
1805 1422 1854 1448 καὶ

1065 1470 1117 1498 τοῦ
1130 1471 1292 1498 Σαϐϐἀτου.
1307 1470 1388 1497 Ὅθεν
1408 1469 1565 1504 θαρσαλέως
1583 1470 1607 1496 οἱ
1624 1469 1744 1504 μαθηταὶ
1760 1468 1854 1495 λύουσι

1065 1517 1095 1543 τὸ
1109 1516 1256 1543 Σάϐϐατον·
1271 1516 1364 1551 ἐπειδὴ
1376 1517 1423 1543 καὶ
1434 1518 1457 1543 οἱ
1474 1515 1526 1551 πρὸ
1537 1516 1626 1542 αὐτῶν
1642 1516 1723 1550 ἱερεῖς
1735 1515 1812 1541 ἔλυον
1825 1514 1855 1541 τὸ

227 1563 264 1590 lio
278 1562 388 1590 demum
403 1563 554 1597 impletum.
571 1562 611 1590 Ita
626 1563 698 1590 enim
714 1562 760 1590 ille
775 1562 845 1589 dixit
860 1571 867 1589 :
884 1561 1013 1588 Dominus

1065 1562 1202 1588 Σάϐὗατον
1215 1562 1332 1594 θύοντες.
1350 1562 1398 1589 καὶ
1409 1562 1468 1596 Θεῷ
1481 1561 1575 1593 θυσίας
1589 1561 1798 1596 προσφέροντες,
1810 1561 1854 1587 ἵνα

225 1613 265 1636 est
281 1608 368 1636 Filius
391 1608 504 1636 hominis
518 1610 598 1636 etiam
618 1609 728 1636 Sabbati
739 1609 761 1636 ι.
779 1608 816 1635 Ex
835 1616 890 1643 quo
912 1608 1014 1636 factum

225 1659 279 1687 est,
295 1659 324 1682 ut
335 1654 466 1682 audacter
476 1654 602 1689 discipuli
619 1653 770 1682 Sabbatum
783 1655 931 1687 solverent,
943 1661 1013 1689 prae-

226 1700 320 1727 sertim
345 1707 407 1728 cum
431 1704 459 1727 et
483 1700 639 1728 sacerdotes
655 1706 718 1728 ante
739 1701 800 1728 illos
820 1700 891 1728 idem
909 1700 1013 1727 sacriﬁ-

226 1745 325 1777 cando,
342 1745 535 1780 oﬂ‘erendoque
553 1745 682 1778 lacerent,
700 1753 733 1772 ne
748 1745 813 1780 juge
836 1744 902 1772 illud
921 1745 1012 1779 quoti-

225 1791 391 1827 dianumque
406 1792 570 1820 sacrilicium
594 1792 816 1819 intermitterent.
837 1791 876 1817 Ac
894 1798 947 1817 non
967 1797 1012 1818 sa-

225 1838 350 1866 cerdotes
367 1839 456 1866 solum
475 1838 526 1865 hoc
541 1839 611 1873 ipso.
627 1836 701 1872 quod
717 1845 752 1864 ne
766 1836 885 1864 Sabbato
901 1836 1009 1871 quidem

224 1888 317 1912 essent
332 1883 433 1916 feriati,
449 1884 568 1911 solutum
584 1883 651 1910 illud
662 1883 695 1910 iri
713 1882 759 1909 diu
770 1886 833 1910 ante
845 1881 1011 1916 praenuntia—

224 1929 308 1961 bant;
327 1928 373 1956 sed
388 1932 415 1956 et.
428 1929 604 1957 circumcisio
619 1929 677 1963 ipsa
696 1928 830 1955 solvebat.
849 1928 927 1963 160
942 1928 1009 1955 Cum

223 1975 297 2002 enim
323 1973 443 2002 Sabbato
469 1983 536 2010 puer
560 1982 747 2010 saepenumero
763 1978 931 2006 nasceretur,
950 1974 1010 2009 ejus

223 2019 277 2047 diei
290 2019 447 2055 religionem
466 2012 641 2047 circumcisio
657 2020 785 2053 tollebat;
801 2023 881 2054 atque
897 2020 932 2046 ita
946 2019 1010 2046 dua-

222 2065 275 2093 bus
295 2066 349 2093 illis
365 2066 447 2093 rebus
468 2065 579 2093 Sabbati
604 2066 746 2101 abrogatio
769 2066 920 2101 signiﬁcata
947 2070 1009 2092 ante

222 2111 341 2139 videtur.
363 2111 419 2139 lloc
435 2113 508 2139 enim
527 2116 652 2144 constat,
666 2119 714 2140 eos
726 2112 771 2147 qui
785 2117 879 2138 natum
895 2112 921 2138 in
939 2112 1007 2138 Sab—

221 2158 287 2185 bato
312 2165 425 2193 puerum
453 2158 693 2190 circumciderent,
721 2158 778 2185 sive
795 2161 921 2184 octavum
936 2158 1007 2184 diem

223 2209 351 2232 accurate
376 2205 524 2233 observare
546 2205 655 2235 vellent.
681 2205 752 2240 quod
775 2205 797 2231 is
814 2205 840 2231 in
859 2203 1006 2231 Sabbatum

1067 1607 1104 1643 μὴ
1130 1608 1240 1644 ἀργήσῃ
1265 1608 1344 1635 θυσία
1367 1609 1383 1644 ἡ
1411 1608 1562 1644 ἐνδελεχὴς,
1590 1608 1637 1634 καὶ
1662 1607 1724 1634 καθ’
1745 1608 1854 1643 ἡμέραν

1065 1655 1282 1690 προσφερομένη.
1297 1655 1334 1681 Οὐ
1352 1655 1430 1690 μόνον
1443 1655 1471 1680 δὲ
1487 1654 1564 1681 αὐτοὶ
1578 1655 1763 1690 προεφήτευον
1774 1654 1797 1680 0!
1813 1655 1853 1681 le-

1065 1702 1120 1735 ρεῖς
1146 1700 1309 1735 λυθήσεσθαι
1336 1701 1366 1727 τὸ
1390 1701 1528 1728 Σάϐϐατον
1550 1701 1594 1728 διὰ
1615 1700 1662 1727 τοῦ
1689 1701 1725 1736 μὴ
1746 1702 1852 1736 ἀργεῖν·

1063 1746 1130 1773 ἀλλὰ
1146 1746 1193 1772 καὶ
1209 1746 1306 1781 αὑτὴὴ
1325 1747 1461 1782 περιτομὴ
1476 1747 1536 1773 ἔλυε
1550 1746 1580 1773 τὸ
1591 1747 1738 1774 Σάϐϐατον.
1753 1747 1853 1773 Γεννω-

1065 1791 1145 1827 μένου
1157 1791 1185 1818 δὲ
1199 1791 1293 1823 παιδὸς
1304 1792 1432 1824 πολλάκις
1443 1793 1471 1818 ὲν
1480 1792 1620 1827 Σαϐϐάτῳ,
1632 1793 1770 1827 ἀναίρεσις
1782 1793 1852 1818 Σαϐ-

1063 1838 1145 1864 ϐάτου
1164 1838 1208 1864 διὰ
1228 1838 1380 1873 περιτομῆς
1391 1838 1504 1872 ἐγίνετο,
1519 1838 1597 1864 Οὕτω
1609 1839 1668 1869 ταῖς
1682 1838 1852 1873 ἀμφοτέραις

1062 1885 1079 1920 ἡ
1093 1884 1168 1916 λύσις
1186 1884 1408 1920 προεθεσπίζετο.
1431 1885 1572 1911 Δείκνυται
1587 1885 1650 1921 γὰρ,
1667 1885 1707 1910 ὅτι
1726 1884 1751 1910 οἱ
1772 1893 1851 1919 περι-

1060 1931 1204 1966 τέμνοντες
1219 1931 1284 1957 αὑτὺ
1303 1932 1334 1958 τὸ
1355 1930 1482 1966 γεννηθὲν
1502 1932 1531 1957 ὲν
1551 1931 1691 1966 Σαϐϐάτῳ,
1707 1930 1754 1957 ἐὰν
1772 1931 1850 1966 θελή-

1063 1984 1144 2002 σωσιν
1168 1975 1431 2012 ἀκριϐολογήσασθαι
1456 1977 1505 2010 τὴν
1526 1977 1621 2011 ὀγδόην
1638 1977 1753 2011 ἡμέραν,
1774 1977 1850 2012 εὑρίν

1062 2029 1172 2051 σκοντες
1187 2021 1376 2056 ἐμπίπτουσαν
1389 2021 1417 2048 ὲν
1431 2021 1570 2055 Σαϐϐάτῳ,
1590 2021 1635 2047 καὶ
1647 2021 1848 2056 περιτεμόντες,

1060 2066 1140 2101 ἔργον
1157 2067 1319 2102 εἰργάσαντο
1346 2068 1392 2093 καὶ
1408 2067 1438 2093 τὸ
1455 2067 1591 2093 Σάϐϐατον
1610 2067 1717 2094 ἔλυσαν.
1742 2068 1804 2094 Ἐὰν
1821 2068 1849 2094 δὲ

1061 2111 1230 2148 ὑπερθωνται
1245 2113 1289 2139 διὰ
1303 2113 1333 2139 τὸ
1349 2113 1386 2148 μὴ
1401 2113 1480 2140 λῦσαι
1493 2114 1522 2139 τὸ
1538 2114 1685 2144 Σάϐϐατον,
1703 2113 1784 2150 ἐνάτῃ
1795 2114 1850 2140 λοι-

1060 2158 1110 2184 πὸν
1136 2159 1330 2194 περιτέμνουσι
1353 2160 1402 2194 τὴν
1428 2161 1590 2196 περιτομὴψ
1615 2161 1663 2187 καὶ
1687 2160 1784 2186 ἔλυσαν
1799 2161 1848 2196 τὴν

1060 2203 1220 2238 περιτομὴν,
1246 2204 1292 2230 καὶ
1315 2204 1361 2231 τὸν
1383 2205 1448 2240 περὶ
1470 2205 1555 2240 αὐτῆς
1574 2205 1627 2231 τῶν
1647 2205 1718 2232 ὀκτὼ
1735 2206 1847 2240 ἡμερῶν

222 2251 394 2282 incurrisset,
408 2251 504 2278 eodem
527 2250 586 2285 ipso
607 2250 824 2280 circumcidisse,
845 2257 877 2276 ac
895 2250 1009 2284 proinde

1065 2250 1122 2284 ἔρον
1134 2249 1181 2275 τοῦ
1196 2250 1416 2285 προστάγματος.

221 2299 311 2333 operis
330 2298 430 2333 aliquid
455 2298 555 2333 egisse.
583 2298 786 2333 Sabbatumque
804 2298 931 2325 violasse.
950 2297 996 2324 Sin
1015 2297 1162 2332 abrogandi
1182 2297 1292 2324 Sabbali
1313 2302 1385 2325 metu
1409 2298 1558 2332 dillerrcnt,
1587 2307 1657 2326 nono
1676 2300 1783 2327 domum
1803 2301 1847 2328 die

220 2347 457 2374 circumcisionem
482 2346 649 2377 adhibuisse,
677 2352 757 2381 atque
791 2345 872 2381 hujus
906 2345 974 2373 adeo
1005 2345 1099 2380 legem.
1127 2346 1361 2380 pra-stitutuutque
1379 2346 1482 2373 dierum
1499 2351 1561 2374 octo
1577 2356 1719 2374 numerum
1735 2349 1847 2376 minitue

219 2393 351 2421 tenuisse.

257 2438 374 2466 XXXIII.
397 2439 449 2467 Sed
467 2448 499 2467 ne
516 2441 574 2474 ipsa
590 2439 700 2474 quidem
715 2440 802 2475 prima
815 2445 873 2467 erat
887 2439 1007 2474 perfecta

219 2485 405 2517 circumcisio,
432 2493 526 2512 verum
556 2486 625 2520 signi
651 2485 739 2512 instar
763 2485 795 2512 ad
826 2493 920 2513 eorum
947 2492 1007 2520 qua:

221 2535 314 2566 postea
340 2531 580 2565 consequebantur
605 2530 821 2558 recordationem
850 2538 1002 2558 concessa:

219 2585 252 2604 nc
269 2576 418 2612 praesertim
434 2576 469 2603 ob
479 2577 638 2607 Abrabami,
653 2577 693 2604 uti
709 2576 839 2607 diximus.
858 2577 1005 2604 lizesitatio-

219 2632 292 2656 neut,
308 2630 370 2649 cum
387 2622 462 2649 illum
486 2622 558 2649 Deus
578 2622 735 2657 redarguit:
761 2626 817 2648 tum
835 2622 869 2649 ad
892 2622 1005 2656 majoris

251 2701 262 2717 ¹
278 2701 346 2729 Gen.
361 2709 387 2732 ν,
404 2700 448 2727 29.
488 2701 497 2716 ²
515 2699 607 2727 Matth.
626 2708 675 2733 xu,
689 2700 714 2726 8.
754 2701 763 2716 '
777 2700 805 2727 F.
823 2701 877 2726 τόν.

251 2778 308 2813 (55)
324 2779 403 2806 Ἤτοι
417 2779 451 2804 ἐν
469 2778 592 2812 δευτέρᾳ
604 2777 768 2805 Σαϐϐάτων.
786 2777 853 2805 Tres
866 2779 998 2805 duntaxat

217 2813 394 2842 hebdomadis
414 2813 495 2840 ferias
515 2814 752 2844 commemoravit,
768 2813 799 2844 ‘2,
817 2814 833 2839 ὅ
850 2813 916 2840 ('14-.
944 2813 995 2840 Sed

217 2856 269 2876 una
280 2850 359 2876 etiam
376 2854 487 2876 (λι-ιθνιιδ
499 2848 692 2882 συνεκδοχικῶς
705 2849 860 2881 complexus
875 2853 922 2875 est.
944 2848 996 2874 Νι·-

215 2891 268 2921 que
284 2884 357 2912 enim
376 2889 415 2912 est
436 2884 490 2912 ulla
506 2884 585 2916 ratio,
601 2892 649 2911 cur
667 2893 680 2910 ιι
697 2885 800 2913 ett-teris
817 2892 852 2911 ere
867 2885 994 2912 solemni-

1094 2438 1154 2465 ΛΡ.
1182 2439 1261 2465 Ἀλλὰ
1277 2439 1339 2465 οὔτε
1363 2437 1397 2474 ἦν
1419 2439 1509 2467 τελεὶα
1536 2442 1552 2476 ὴ
1578 2443 1672 2478 πρώτη
1699 2443 1844 2478 περιτομὴ,

1058 2485 1125 2511 ἀλλὰ
1141 2485 1252 2519 σημείου
1270 2485 1349 2521 χάριν
1364 2486 1450 2522 ἐδόθη,
1475 2489 1515 2518 εἷς
1533 2497 1563 2514 τε
1583 2489 1735 2524 ὑπόμνησιν
1757 2490 1845 2516 αὐτῶν

1059 2531 1128 2566 μετὰ
1140 2531 1235 2558 ταῦτα’
1254 2532 1301 2558 καὶ
1313 2532 1357 2558 διὰ
1368 2533 1413 2559 τὸν
1428 2533 1575 2568 δισταγμὸν
1588 2534 1634 2560 τοῦ
1657 2535 1792 2570 Ἀϐραὰμ,
1806 2535 1845 2567 ὡς

1058 2576 1228 2612 προείρηται,
1246 2578 1463 2613 ἐπιτιμηθέντος,
1481 2580 1527 2605 καὶ
1543 2580 1629 2606 τύπου
1641 2580 1722 2607 ἕνεκα
1735 2581 1783 2615 τῆς
1797 2590 1844 2616 με·

1057 2622 1141 2657 γάλης
1153 2622 1201 2657 τῆς
1215 2623 1248 2649 τὰ
1267 2623 1353 2649 πάντα
1370 2624 1429 2650 κατ’
1448 2625 1559 2660 ἰσότητα
1575 2625 1730 2661 πληρούσης
1746 2626 1843 2658 ἐντοῖς

1051 2781 1120 2818 tates
1136 2779 1380 2818 arccaiittt_r._N.int
1396 2781 1660 2818 certoruquierumr
1681 2783 1842 2818 superstitio

1052 2814 1106 2844 illa,
1121 2821 1210 2853 quam.
1221 2813 1305 2853 .lttdnsi
1323 2817 1479 2853 observant,
1497 2821 1525 2843 et
1540 2816 1566 2853 in
1580 2816 1630 2843 Jatl
1647 2813 1780 2845 Ratit'baut
1793 2827 1841 2844 cv-

1050 2849 1149 2889 posuit,
1174 2849 1242 2876 nihil
1269 2850 1301 2877 ad
1326 2851 1398 2878 hunc
1422 2851 1510 2879 locum
1538 2852 1613 2880 facit.
1637 2853 1674 2881 De
1699 2862 1754 2889 qua
1770 2854 1840 2881 alias

1050 2884 1224 2912 disseremus.
