1961 3046
111 165 164 194 469

483 166 667 196 ADVERSUS
687 167 857 196 [IERESES
875 168 937 198 LIB.
960 169 980 196 l.
1002 169 1085 197 TOM.
1106 168 1137 196 Il.
1158 182 1193 189 —
1212 167 1348 195 ΗΖΕΙίΕᾶ
1369 167 1453 195 XXX.

1681 167 1736 196 4Ἱο

113 222 242 254 καταξιου
247 223 347 258 μένοις.
360 223 466 259 Ἐκείνη
478 225 527 259 μὲν
535 225 589 261 γὰρ
599 226 623 252 εἰ
633 223 667 260 ἦν
674 226 798 260 ἁγιστίας
807 227 899 259 ἕνεκα,
915 255 917 259 Α

973 227 1037 259 lius,
1058 231 1139 262 alque
1156 226 1297 261 aequaliter
1319 227 1347 253 in
1364 227 1409 259 iis,
1431 225 1479 261 qui
1499 225 1608 260 quidem
1632 225 1737 262 dignati

114 270 161 296 καὶ
172 269 354 304 κληρονομίας
369 270 489 304 οὐρανῶν
501 270 640 305 βασιλείας
657 272 746 306 χάριν,
766 273 820 308 ἄρα
832 272 905 299 ἐστέ-

116 324 196 350 ρηται
213 315 305 349 Σάῤῥα
321 316 370 350 τῆς
390 315 537 350 βασιλείας,
553 317 599 343 καὶ
617 317 759 349 Ῥεϐέκκα,
775 317 822 344 καὶ
841 318 903 348 Δία,

116 361 163 387 καὶ
191 361 302 396 Ῥαχὴλ,
323 363 370 388 καὶ
398 362 537 396 Ἰωχαϐὲθ,
563 363 611 389 καὶ
640 363 734 399 Μαρία
760 365 776 399 ἡ
804 363 905 398 ἀδελφὴ

116 406 268 437 Μιυῦσὲως,
286 407 333 432 καὶ
346 407 429 433 πᾶσαι
441 408 469 433 αἱ
483 407 557 441 ἅγιαι
569 409 710 442 γυναῖκες,
727 409 774 435 καὶ
787 409 818 435 οὐ
829 408 907 443 δυνή-

117 460 209 478 σονται
220 452 398 487 κληρονομεῖν
411 451 547 486 βασιλείαν
558 452 690 486 οὐρανῶν,
704 452 741 488 μὴ
752 452 906 488 δυνηθεῖσαι

117 497 167 531 τὴν
189 496 341 531 περιτομὴν
361 496 407 522 τοῦ
437 496 563 531 Ἀὃραὰμ
588 496 672 531 ἔχειν,
698 497 731 532 ἢν
751 497 815 528 Θεὸς
834 495 906 531 αὐτῷ

117 540 279 576 δεδώρηται,
301 541 371 567 κατὰ
386 541 432 567 τὸν
454 541 556 567 τούτων
580 541 668 576 λόγον·
686 542 710 568 εἰ
725 541 753 568 δὲ
769 542 819 568 οὐκ
833 542 908 568 ἐστέ-

118 593 216 620 ρηνται
231 582 311 612 αὗται
327 586 375 621 τῆς
393 586 529 620 βασιλείας
543 586 597 613 τῶν
613 587 745 622 οὐρανῶν,
766 587 854 613 καίτοι
877 588 906 613 οὐ

121 632 317 666 μετεσχηκυὴι
334 632 495 666 περιτομῆς,
524 632 601 658 οὐδὲν
627 632 681 666 ἄρα
708 633 793 668 ἰσχύει
817 634 833 667 ἡ
860 633 907 660 νῦν

119 675 252 710 ἒνσαρκος
271 677 416 712 περιτομή.
436 677 468 702 Τί
483 677 511 702 δὲ
525 679 659 712 καυχᾶται
687 678 783 704 Ἐϐίων
798 686 907 713 περιτο-

121 722 185 757 μὴν,
201 722 281 748 ὁπότε
301 722 347 748 καὶ
363 723 388 748 οἱ
405 722 596 758 εἰδωλολάτραι
620 722 674 758 (:36)
695 723 741 749 καὶ
767 725 886 758 μιαιρεῖς
899 724 907 738 ¹

119 769 174 795 τῶν
189 768 345 803 Αἰγυπτίων
361 769 511 804 περιτομὴν
527 768 649 804 ἔχουσιν;
668 769 748 796 Ἀλλὰ
761 770 808 796 καὶ
822 771 846 796 οἱ
857 771 909 796 Σα-

121 814 247 850 ρακηνοὶ,
270 814 294 840 οἳ
316 815 362 840 καὶ
385 814 564 849 Ίσμαηλῖτιιι,
583 814 732 850 περιτομὴν
744 814 844 850 ἔχουσι,
862 815 908 841 καὶ

120 862 298 896 Σαμαρεῖται,
312 861 359 887 καὶ
377 860 508 894 Ἰουδαῖοι,
524 861 570 887 καὶ
592 861 744 895 Ἰδουμαῖοι,
760 861 806 887 καὶ
823 861 909 896 Ὁμη-

957 273 1066 305 fuerint,
1085 273 1176 300 omnia
1201 272 1378 307 perficientis.
1403 271 1618 299 adumbrandam
1642 272 1738 307 imagi-

956 325 1027 344 nem.
1042 316 1146 344 Etenim
1162 317 1186 343 si
1198 317 1388 351 ingenerandaz
1405 316 1571 348 sanctitatis.
1586 316 1739 344 ctelestisve

955 362 1032 397 regni
1044 361 1117 389 velut
1131 361 1306 388 haereditario
1318 361 1381 395 jure
1395 360 1554 387 conferendi
1568 362 1654 396 gratia
1667 364 1740 388 esset

957 408 1090 440 instituta,
1108 415 1281 442 consequens
1300 411 1384 438 esset,
1406 406 1501 432 Saram
1529 413 1562 433 ac
1576 405 1739 438 Rebeccam,

956 457 983 480 et
996 452 1070 480 Liam
1087 460 1119 480 ac
1132 452 1293 486 Rachelem,
1315 456 1342 480 et
1363 451 1543 480 Jochabetam
1576 459 1608 479 ac
1626 452 1740 478 Mariam

957 497 1058 533 Moysis
1084 505 1219 531 sororem,
1242 502 1409 532 czeterasquc
1434 501 1544 524 sanctas
1563 496 1691 524 mulieres
1709 504 1742 523 eo

957 551 1018 572 csse
1037 551 1120 579 regno
1141 543 1273 579 privatas,
1289 551 1339 570 nec
1353 543 1492 571 cmlestem
1509 543 1583 569 illam
1599 542 1743 569 haeredita.
1761 556 1764 558 λ

957 594 1011 617 tem
1028 597 1110 625 posse
1135 597 1281 624 capessere
1303 599 1310 616 :
1336 593 1479 624 propterea
1505 588 1577 623 quod
1596 587 1747 614 Abrahami

958 635 1195 662 circumcisionem
1207 642 1340 670 usurpare
1350 634 1535 670 nequiverint,
1546 641 1640 669 quam,
1653 637 1684 660 ut
1699 633 1747 660 isti
1784 660 1787 663 ,

959 681 1063 712 volunt,
1088 680 1161 708 Deus
1180 680 1218 707 illi
1236 680 1352 716 largitus
1369 685 1422 708 est.
1440 680 1517 713 Quod
1534 680 1555 707 si
1574 679 1680 707 caelesti
1693 678 1747 706 illae

959 733 1053 760 regno,
1077 726 1186 753 tametsi
1212 726 1383 753 circumcisae
1410 734 1464 752 non
1493 725 1606 757 fuerint,
1634 723 1748 753 minime

960 774 1117 802 caruerunt,
1132 770 1200 797 nihil
1216 770 1300 806 igitur
1315 771 1397 798 modo
1409 771 1500 798 carnis
1512 771 1559 798 illa
1571 769 1751 798 circumcisio.

960 817 1080 851 prodest.
1096 817 1129 842 Et
1143 824 1206 844 vero
1222 816 1288 852 quid
1304 821 1355 850 est,
1372 817 1444 852 quod
1461 816 1548 844 Ebion
1566 816 1635 843 adeo
1646 816 1680 843 de
1692 815 1747 842 cir-

960 863 1128 890 cumcisione
1139 870 1187 890 sua
1200 862 1341 898 glorietur,
1354 869 1416 889 cum
1428 866 1456 889 et
1469 862 1605 890 idolorum
1616 853 1747 893 cultores,

123 908 205 942 ρῖται.
220 907 327 933 Τούτων
341 906 368 932 δὲ
384 907 408 932 οἱ
421 906 528 937 πλείους
540 906 570 932 οὺ
583 906 626 933 διὰ
636 906 715 941 νόμον
727 905 805 933 τοῦτο
817 906 908 933 ποιοῦ-

970 913 985 935 :t
997 909 1152 936 sacerdotes
1165 907 1285 944 Egyptii
1296 909 1402 943 seipsos
1411 916 1518 944 quoque
1530 907 1748 936 circumcidant?

122 962 175 986 σιν,
192 953 259 980 ἀλλὰ
275 953 364 988 ἀλόγῳ
377 954 429 979 τινὶ
444 953 582 988 συνηθείᾳ.

961 955 1038 988 Quod
1069 960 1096 982 et
1124 955 1262 988 Saraceni,
1289 960 1316 984 et
1339 955 1497 988 lsmaelitze,
1518 963 1551 982 ac
1568 953 1749 986 Samaritani,

120 997 218 1030 Judxi,
243 998 350 1026 Idumaei
375 1003 402 1025 et
426 998 572 1025 llonusritze
598 998 711 1025 faciunt.
737 998 858 1030 Quorum
876 998 904 1025 id
924 1000 1046 1036 plerique
1058 1010 1113 1029 non
1125 1002 1216 1036 aliqua
1233 1002 1301 1038 lege,
1320 1002 1368 1031 sed
1401 1001 1600 1030 consuetudine
1627 1000 1756 1036 quadam.

121 1047 192 1075 citra
208 1048 290 1074 ullam
306 1045 439 1073 rationem
454 1046 618 1081 suscipiunt.

158 1094 214 1120 Καὶ
228 1092 321 1124 ἁπλῶς
335 1092 417 1118 πολὺν
430 1092 526 1128 χρόνον
538 1091 670 1119 ἁναλώσω
681 1092 912 1127 κατατριϐόμενος

125 1140 165 1171 εἰς
181 1139 230 1174 τὴν
245 1137 340 1164 τούτου
357 1138 503 1174 ληρῳδίαν,
524 1137 568 1164 διὰ
582 1137 613 1164 τὸ
631 1137 817 1172 ὲπερεὶδεσοαι
831 1138 912 1165 αὑτὸν

125 1185 214 1221 μάτην
227 1184 266 1219 τῷ
282 1184 355 1220 ρητῷ
377 1180 400 1218 ᾧ
421 1183 531 1218 εἴρηκεν
556 1183 569 1208 ὁ
591 1183 696 1218 Σωτήρ·
723 1183 857 1217 Ἀρκετὸν
875 1182 915 1216 τῷ

121 1229 240 1265 μαθητῇ
256 1227 331 1256 εἶναι
344 1229 384 1261 ὡς
397 1230 413 1255 ό
428 1228 622 1261 διδασκαλος⁵
640 1227 683 1254 ἵνα
703 1228 748 1254 καὶ
773 1228 852 1260 αὐτὸς
875 1237 916 1255 σε·

126 1276 259 1312 μνύνηται
276 1275 324 1310 τὴν
342 1275 409 1301 ἰδίαν
429 1274 583 1310 περιτομὴν
602 1273 645 1300 διὰ
661 1273 709 1309 τὴν
729 1273 776 1300 τοῦ
796 1275 915 1310 Χριστοῦ

125 1321 276 1357 περιτομὴν
288 1321 337 1356 τὴν
348 1322 376 1347 ὲν
390 1320 463 1356 αὐτῷ
477 1320 566 1352 καλῶς
582 1320 806 1356 περιτμηθεῖσαν.
820 1321 915 1356 Ὅμως

125 1367 219 1402 ἐπειδὴ
232 1367 354 1401 βούλεται
367 1367 382 1392 ὁ
392 1367 531 1402 κτηνώδης
542 1366 585 1393 διὰ
598 1367 647 1400 τὴν
660 1366 728 1402 πρὸς
741 1367 785 1393 τὸν
801 1367 917 1402 Χριστὸν

127 1413 243 1450 μίμησιν
265 1413 412 1448 λαμΰάνειν
439 1413 533 1439 τοῦτον
557 1413 603 1439 τὸν
627 1413 716 1447 λόγον,
741 1413 790 1439 οὐκ
811 1413 918 1448 ὀκνήσω

125 1460 222 1492 δεῖξαι,
239 1460 280 1486 ὃτι
296 1459 326 1486 οὐ
343 1459 387 1486 διὰ
404 1459 481 1487 τοῦτο
500 1459 618 1496 εἴρηται.
637 1459 724 1491 Εὐθὺς
743 1459 798 1495 γὰρ
821 1459 918 1498 φρᾲζει

127 1507 144 1533 ὅ
156 1506 267 1541 Κύριος,
291 1507 389 1540 λέγων,
409 1507 449 1533 ὅτι
471 1507 502 1532 οὐ
524 1507 568 1533 διὰ
585 1505 665 1532 τοῦτο
680 1504 766 1539 εἶπεν,
789 1505 859 1532 ἀλλὰ
873 1506 917 1533 διὰ

1001 1094 1122 1131 Denique
1136 1096 1283 1132 plurimum
1299 1104 1314 1123 a
1330 1103 1374 1124 me
1383 1095 1514 1131 temporis
1525 1094 1626 1122 insumi
1637 1099 1752 1121 necesse

967 1141 1011 1173 sit,
1028 1142 1051 1169 si
1067 1142 1094 1169 in
1108 1141 1264 1170 refellendis
1286 1142 1361 1170 illius
1382 1141 1461 1177 nugis
1477 1140 1610 1168 inhaerere
1626 1139 1751 1171 voluero,

968 1188 1013 1222 qui
1028 1188 1080 1216 hoc
1091 1196 1147 1216 uno
1158 1188 1311 1216 Salvatoris
1325 1188 1400 1215 dicto
1410 1187 1515 1215 frustra
1525 1187 1637 1214 nititur:
1653 1185 1753 1220 Suﬁicit

968 1233 1096 1268 discipulo
1118 1234 1141 1260 si
1163 1234 1200 1260 sit
1225 1234 1294 1260 sicut
1317 1233 1443 1267 magister
1466 1231 1556 1264 eius“;
1582 1234 1612 1257 ut
1637 1234 1666 1257 et
1694 1229 1754 1264 ipse

968 1284 1077 1316 propter
1088 1288 1158 1314 eam,
1170 1287 1253 1315 quam
1266 1279 1293 1306 in
1307 1287 1337 1307 se
1351 1277 1451 1305 merito
1466 1276 1593 1304 Christus
1607 1275 1753 1310 expressit.

968 1327 1207 1355 circumcisionem
1223 1333 1300 1353 suam
1319 1327 1481 1360 arroganter
1496 1325 1626 1350 ostentet.
1642 1320 1755 1349 Verum-

968 1377 1058 1400 tamen
1073 1372 1203 1407 quoniam
1221 1371 1257 1399 ob
1274 1369 1375 1398 Christi
1393 1369 1573 1397 imitationem
1596 1375 1628 1396 ea
1648 1375 1678 1396 se
1691 1374 1755 1396 sen-

968 1418 1054 1446 tentia
1069 1425 1152 1453 pecus
1164 1417 1212 1444 illa
1228 1416 1362 1449 defendit,
1378 1416 1471 1443 dicere
1486 1415 1559 1442 haud
1575 1413 1689 1441 verebor
1703 1420 1755 1442 n3-

969 1470 1105 1499 quaquam
1132 1462 1206 1490 illam
1233 1470 1266 1490 eo
1294 1462 1440 1497 pertinere.
1470 1460 1546 1495 161
1566 1458 1662 1486 Statim
1681 1458 1755 1486 enim

969 1510 1101 1538 Dominus
1119 1509 1227 1544 adjecit,
1255 1516 1311 1536 non
1336 1515 1366 1536 se
1388 1507 1450 1535 ideo
1464 1508 1502 1534 ita
1519 1506 1635 1537 dixisse,
1657 1504 1703 1533 sed
1720 1503 1755 1531 ob

127 1553 189 1584 τοὺς
207 1553 351 1588 διωγμοὺς,
367 1553 414 1579 καὶ
428 1553 477 1588 τὴν
492 1552 545 1579 τῶν
553 1553 684 1579 Ἰουδαίων
699 1553 738 1584 εἰς
753 1552 833 1578 αὐτὸν
847 1560 916 1586 παρ‹

970 1560 1126 1591 ingruentes
1140 1554 1351 1590 exagitationes,
1374 1552 1585 1589 Judgeorumque
1601 1553 1628 1578 in
1645 1558 1675 1578 se
1688 1557 1756 1576 con--

128 1598 224 1625 οινὶαν.
238 1598 293 1624 Καί
308 1607 399 1633 φησιν·
415 1599 449 1625 ΕΙ
465 1598 516 1633 ἐμὲ
539 1598 674 1630 ἐδίωξαν,
696 1597 746 1624 καὶ
762 1596 839 1632 ὑμᾶς
851 1597 916 1623 61d)-

131 1644 248 1676 ξουσιν·
262 1645 286 1670 εἰ
300 1644 350 1679 ἐμὲ
366 1645 513 1679 ἐμίσησαν,
528 1645 575 1671 καὶ
588 1645 660 1680 ὑμᾶς
676 1645 846 1680 μισήσουσιν.
860 1645 920 1670 Οὐκ

129 1691 181 1724 ἐμὲ
205 1691 307 1725 λέγετε
327 1691 430 1725 κύριον
451 1690 499 1717 καὶ
524 1690 725 1723 διδάσκαλον;
746 1690 800 1718 Καὶ
822 1690 921 1722 καλῶς

130 1737 242 1771 λέγετε·
261 1737 318 1771 εἰμὶ
334 1736 399 1771 γάρ.
415 1738 449 1763 El
464 1733 521 1763 οὖν
534 1735 587 1763 τὸν
600 1736 818 1770 οὶκοδεσπότην
832 1737 921 1762 Βεελ-

131 1783 234 1813 ζεϐοὺλ
250 1782 411 1813 ἐκάλεσαν,
430 1783 513 1816 πόσῳ
529 1791 561 1817 γε
580 1781 701 1817 μᾶλλον
721 1782 793 1815 τοὺς
815 1783 922 1808 οἰκεια-

132 1829 206 1861 κοὺς
219 1829 331 1861 αὐτοῦ;
350 1829 407 1860 καὶ,
425 1830 465 1855 Οὺ
486 1828 608 1855 δύναται
619 1828 729 1861 δοῦλος
753 1827 828 1855 εἶναι
847 1827 922 1862 ὑπὲρ

132 1875 186 1902 τὸν
199 1875 303 1909 κύριον
318 1875 410 1901 αὐτοῦ
422 1895 429 1906 ,
445 1874 516 1901 οὐδὲ
527 1874 664 1907 μαθητὴς
686 1874 763 1908 ὑπὲρ
777 1874 829 1900 τὸν
842 1872 924 1900 διδά-

133 1922 252 1947 σκαλον
264 1920 367 1947 αὑτοῦ.
384 1921 457 1946 Ἠτω
472 1919 506 1946 δὲ
519 1919 753 1953 κατηρτισμένος
764 1919 838 1947 κατὰ
849 1918 924 1945 πάν-

133 1974 169 1992 τα
183 1967 199 1992 ό
210 1965 356 2000 μαθητὴς,
373 1965 412 1998 ὡς
424 1967 440 1992 ό
452 1965 645 1997 διδάσκαλος,
659 1964 799 1990 τουτέστιν
815 1963 923 1999 ἕτοιμος

134 2011 173 2042 εις
191 2010 320 2045 διωγμὸν,
339 2010 387 2036 καὶ
402 2009 573 2043 κακολογίαν,
594 2009 641 2035 καὶ
658 2009 712 2035 πᾶν
724 2008 813 2035 ὁτιοῦν
830 2010 924 2043 ἐπιφε-

135 2056 259 2092 ρόμενον.
278 2055 359 2082 Ὅθεν
384 2056 430 2082 καὶ
451 2057 465 2082 ὁ
486 2056 562 2090 ἅγιος
583 2054 705 2086 Παῦλος·
725 2055 855 2089 Μιμηταί
864 2063 924 2089 μου

134 2101 265 2136 γίνεσθε,
283 2100 381 2132 καθὼς
392 2100 472 2135 κάγὼ
486 2099 622 2135 Χριστοῦ.
637 2100 692 2126 Καὶ
705 2100 754 2134 οὐχ
767 2099 807 2125 ὅτι
822 2099 925 2130 ἐκεῖνος

135 2148 261 2182 ἐμιμεῖτο
277 2147 323 2173 τὸν
340 2146 422 2173 αὑτοῦ
437 2147 569 2182 δεσπότην
585 2146 622 2178 ὡς
638 2146 688 2172 οὐκ
705 2145 769 2172 ἔδει.
786 2145 854 2172 Οὐδὲ
870 2145 925 2181 γὰρ

137 2193 239 2228 ἔλεγεν,
255 2193 296 2220 ὅτι
312 2193 377 2224 Θεός
401 2193 472 2228 εἰμι,
495 2192 511 2228 ἢ
535 2193 599 2224 Υἱὸς
619 2192 686 2218 Θεοῦ
708 2192 776 2227 εἰμι,
801 2191 817 2226 ἦ
840 2191 925 2226 Λόγος

969 1601 1105 1629 tumelias.
1123 1601 1170 1633 Ae,
1184 1599 1214 1627 Si
1242 1608 1291 1633 nte,
1309 1599 1410 1634 inquit,
1428 1598 1555 1633 persecuti
1580 1601 1651 1628 sum,
1673 1600 1697 1622 et
1712 1603 1756 1622 vos

969 1645 1187 1681 persequentur“;
1207 1645 1230 1672 si
1259 1652 1300 1672 me
1321 1644 1448 1676 oderunt,
1473 1647 1499 1670 ct
1522 1650 1570 1670 vos
1589 1641 1653 1668 odio
1674 1640 1758 1667 liabe-

970 1692 1038 1719 bunt
1048 1692 1068 1718 ⁵.
1086 1691 1180 1718 Nonne
1196 1699 1235 1717 me
1255 1689 1397 1716 Dominum
1421 1689 1509 1715 dicitis
1531 1695 1562 1714 ac
1584 1685 1758 1720 magistrum?

972 1737 1005 1764 Et
1021 1743 1088 1764 recte
1107 1737 1207 1767 dicitis,
1232 1743 1290 1762 sum
1311 1734 1405 1761 etenim
1418 1734 1438 1760 ⁵.
1465 1732 1493 1760 Si
1509 1733 1592 1768 igitur
1610 1730 1757 1766 patremfa-

972 1782 1058 1809 milias
1070 1781 1212 1808 Beelzebub
1224 1785 1389 1812 vocaverunt,
1401 1783 1498 1814 quanto
1509 1778 1592 1812 magis
1603 1776 1758 1804 domesticos
1792 1804 1798 1808 ν

971 1827 1027 1862 ejus
1041 1827 1071 1853 °?
1095 1826 1139 1860 Et,
1162 1825 1223 1852 Non
1246 1831 1330 1860 potest
1356 1833 1444 1852 servus
1467 1824 1554 1858 major
1574 1831 1628 1850 esse
1652 1822 1758 1848 domino

973 1873 1038 1900 suo7
1052 1882 1058 1899 2
1074 1880 1154 1907 neque
1171 1871 1318 1906 discipulus
1335 1871 1478 1904 magistro;
1498 1869 1542 1895 sed
1561 1873 1615 1895 esto
1628 1868 1762 1902 perfectus

973 1919 999 1944 iu
1015 1918 1134 1944 omnibus
1150 1916 1295 1951 discipulus
1321 1916 1388 1942 sicut
1411 1916 1536 1949 magister
1548 1914 1570 1946 ⁸,
1594 1914 1643 1940 hoc,
1667 1911 1760 1940 estad

974 1970 1081 1990 omnem
1101 1962 1283 1994 vexatioriem,
1300 1969 1330 1989 ac
1351 1960 1580 1991 maledicentiam,
1599 1963 1625 1986 et
1645 1959 1764 1986 adversa.

974 2009 1102 2044 quaelibet
1120 2008 1282 2036 sustinenda
1296 2012 1481 2042 comparatus.
1500 2005 1577 2033 Unde
1593 2010 1620 2033 et
1634 2004 1734 2032 Paulus
1750 2013 1757 2031 :

976 2054 1142 2087 Imilatores,
1166 2054 1266 2088 inquit,
1284 2055 1334 2080 mei
1349 2057 1441 2086 estote,
1454 2053 1524 2079 sicut
1535 2055 1559 2078 et
1571 2059 1616 2086 ego
1627 2051 1758 2077 Christi“;

975 2100 1068 2136 Neque
1087 2108 1151 2128 vero
1168 2107 1221 2135 qua
1238 2108 1292 2127 non
1309 2100 1423 2127 decebat
1438 2099 1544 2126 ratione
1559 2097 1701 2124 dominum
1715 2096 1763 2124 ille

976 2155 1059 2174 suum
1072 2147 1194 2174 imitatus
1212 2151 1264 2174 est.
1295 2138 1354 2173 Non
1368 2146 1440 2174 enim
1456 2145 1539 2172 Deum
1554 2151 1616 2172 esse
1634 2151 1664 2171 se
1678 2142 1758 2174 dixit,

981 2197 1029 2220 aut
1043 2192 1090 2219 Dei
1105 2192 1215 2224 Filium,
1232 2197 1279 2220 aut
1291 2191 1375 2219 Deum
1390 2190 1520 2218 Verbum.
1541 2188 1604 2222 Sed,
1620 2188 1674 2223 Ego
1690 2196 1758 2218 sum,

137 2241 201 2271 θεός
213 2240 280 2274 ειμι.
301 2239 382 2273 Λέγει
399 2238 464 2274 γὰρ,
486 2239 526 2265 ὅτι
553 2238 625 2272 Ἐγώ
646 2239 704 2272 ειμι
724 2238 740 2263 ό
763 2236 917 2271 ἐλάχιστος

978 2239 1075 2274 inquit.
1096 2239 1220 2265 minimus
1238 2237 1464 2272 apostolorum”;
1482 2235 1662 2269 et,Tanquam
1683 2233 1761 2260 obor-

137 2283 195 2311 τῶν
204 2284 393 2311 ἀποστόλων·
405 2283 462 2316 καὶ,
471 2283 605 2317 Ὡσπερει
619 2290 659 2316 τῳ
669 2281 829 2316 ἐκτρώματι
839 2282 921 2317 ὤφθη

138 2330 238 2365 κᾴμοί.

173 2377 231 2402 ΛΔ¹.
252 2376 284 2402 Et
295 2375 321 2401 δὲ
334 2375 376 2406 σὺ,
391 2375 496 2406 Ἐὁίων,
509 2374 656 2410 λαμϐάνεις
667 2375 697 2401 τὸ
710 2373 873 2411 ρητὺντοῦτο
881 2373 926 2399 ἐπὶ

140 2423 254 2458 μιμήσει
276 2420 394 2456 Χριστοῦ
422 2421 468 2447 καὶ
491 2420 544 2447 ἀπὸ
568 2421 617 2455 τῆς
639 2420 800 2455 περιτομῆς,
819 2416 852 2455 ἦς
874 2427 926 2453 μα-

138 2466 222 2498 ταίως
236 2466 344 2502 φρονεῖς
353 2485 360 2497 ,
378 2465 462 2497 θέλεις
474 2463 542 2492 εἶναι
559 2465 596 2497 ὡς
608 2466 622 2492 ὁ
634 2465 809 2496 διδάσκαλος,
827 2464 926 2499 μᾶλλον

139 2512 167 2538 δὲ
180 2512 217 2544 ὡς
233 2513 246 2538 ὁ
265 2511 376 2546 Κύριος,
394 2511 430 2546 μὴ
448 2512 476 2537 ὲν
492 2513 524 2546 τῇ
542 2512 676 2547 περιτομῇ
691 2510 764 2545 αὑτῷ
778 2509 881 2545 ὁμοί-οῦ·
895 2510 926 2535 οὐ

139 2559 194 2594 γάρ
211 2566 240 2584 σε
256 2558 401 2593 ὠφελήσει.
418 2558 576 2593 Παρῆνεγκε
592 2558 646 2592 γὰρ
659 2558 672 2583 ὁ
688 2557 788 2592 Κύριος
803 2556 847 2582 τὸν
861 2555 926 2581 ταύ-

145 2613 190 2639 της
202 2604 311 2640 χρόνον,
324 2603 361 2635 ὼς
375 2604 420 2630 διὰ
433 2603 538 2629 πολλῶν
552 2603 698 2638 μαρτύρων
714 2602 807 2638 σαφῶς
823 2601 927 2628 ἐπεδεί-

178 2683 185 2698 ¹
202 2681 232 2708 F.
249 2682 341 2717 ἱερεῖς.
379 2682 390 2698 ¹
407 2681 501 2708 Matth.
514 2688 541 2717 ξ,
556 2681 600 2717 25.
639 2680 649 2696 ³
662 2679 739 2717 Joan.
756 2678 862 2717 xu,_‘29.
900 2678 910 2693 ‘
928 2677 995 2717 ibid.
1012 2677 1054 2717 iii.

145 2725 188 2749 xv,
200 2718 247 2744 ‘20.
284 2718 294 2732 ⁸
310 2716 376 2743 Luc.
390 2724 427 2748 vr,
441 2717 486 2743 40.
524 2716 534 2731 '
548 2717 555 2742 I
570 2716 633 2744 Cor.
645 2723 685 2747 ιι,
700 2716 724 2742 l.

181 2776 237 2811 (56)
263 2775 438 2811 'OJdreiual
461 2776 488 2801 oi
510 2773 726 2811 clomlolﬁtpm.
753 2771 866 2811 llirron.
893 2770 926 2796 ad

145 2807 204 2846 cap.
222 2807 278 2838 Jer.
314 2820 347 2838 xz
374 2809 707 2846 MultarumnitiquitLea;
726 2807 840 2846 quadam
854 2810 928 2839 parte

146 2843 271 2882 gentium.
286 2850 311 2874 et
326 2847 449 2876 maxime,
463 2853 521 2879 qum
533 2843 635 2882 luditur:
651 2843 851 2882 ΠηΙσιδιίιιωιιιιρ
867 2849 928 2867 cou-

148 2879 211 2915 ﬁues
232 2886 312 2914 sunt,
336 2889 414 2916 usque
435 2881 510 2908 hodie
539 2879 627 2914 populi
653 2879 886 2909 cirruzrlciduulur,
908 2882 932 2903 et

978 2284 1028 2311 tivo
1045 2284 1115 2311 visus
1130 2290 1165 2310 est
1180 2289 1203 2310 et
1221 2284 1283 2310 mihi
1298 2284 1327 2309 ι’.

1015 2370 1132 2398 XXXIV.
1151 2371 1228 2404 Quod
1242 2371 1264 2398 si
1283 2375 1326 2404 tu,
1344 2370 1429 2397 Ebion
1440 2390 1447 2401 ,
1467 2369 1567 2395 Christi
1584 2367 1617 2393 ad
1634 2366 1763 2393 imitatio-

978 2425 1039 2445 nem
1054 2418 1156 2445 dictum
1179 2417 1245 2444 illud
1266 2415 1393 2451 usurpds,
1415 2420 1441 2443 et
1463 2415 1497 2441 ob
1515 2413 1761 2442 circumcisionem,

979 2471 1033 2498 qua
1049 2467 1078 2490 tu
1096 2463 1197 2490 frustra
1212 2467 1239 2490 te
1252 2462 1372 2497 jactitas,
1391 2460 1512 2496 magistri
1529 2467 1590 2487 esse
1606 2458 1702 2486 similis
1723 2458 1764 2484 νυι

980 2508 1088 2536 Domini
1113 2508 1205 2544 potius
1227 2508 1346 2539 affectas,
1375 2507 1429 2534 noli
1452 2505 1663 2534 circumcisione
1685 2504 1708 2530 ei
1732 2503 1766 2530 si-

980 2554 1052 2582 milis
1077 2562 1152 2587 esse;
1180 2561 1268 2588 neque
1289 2554 1360 2580 enim
1384 2553 1431 2579 tibi
1453 2551 1583 2587 proderit,
1608 2557 1670 2577 cum
1694 2549 1765 2576 illius

981 2605 1088 2636 tempus
1112 2600 1243 2628 Dominus
1269 2601 1326 2634 ipse
1351 2598 1610 2632 circumscripserit,
1637 2595 1766 2631 quemad-

1107 2678 1117 2694 ⁵
1130 2677 1210 2705 Joan.
1225 2685 1283 2710 xui,
1299 2678 1325 2704 3.
1366 2677 1375 2689 "
1390 2675 1485 2703 Matth.
1501 2683 1529 2707 ι,
1558 2674 1603 2701 25.
1660 2673 1669 2688 τ
1685 2671 1765 2699 Ιυιιιι.

766 2715 789 2730 ¹⁰
804 2714 812 2740 Ι
830 2713 893 2740 Cor.
912 2721 956 2744 xv,
973 2714 1000 2740 9.
1039 2713 1059 2728 “
1075 2712 1140 2740 ibid.
1157 2713 1185 2742 8.

982 2772 1112 2805 prwcipue
1130 2770 1252 2805 lEgyplii'
1266 2777 1292 2797 ει
1302 2769 1421 2805 ΔΙι1ιιηιιιξί
1432 2789 1438 2800 ,
1466 2767 1622 2805 Ammonilg
1638 2770 1663 2792 et
1689 2764 1768 2805 ilco:

983 2799 1089 2838 imwa
1105 2799 1276 2832 omnisnmur
1296 2801 1512 2831 Sarracenorum.
1535 2802 1572 2830 De
1587 2801 1722 2838 ngyptiis
1736 2799 1768 2838 id

985 2834 1098 2870 testatur
1115 2841 1276 2870 Herodotus.
1298 2839 1417 2867 Meminit
1438 2844 1464 2866 et
1479 2838 1552 2872 Orig.
1577 2845 1583 2864 ι
1609 2834 1677 2862 eam.
1696 2834 1775 2864 Cels.
