1961 3046
186 109 234 136 471

886 108 915 136 S.
936 110 1106 139 EPlPiiANil

1750 109 1810 137 472

186 165 295 192 modum
321 164 427 191 idoneis
452 163 544 191 multis
570 164 685 192 testibus
713 165 852 193 evidenter
878 171 970 195 osten-

1040 178 1117 204 αμεν.
1126 167 1222 201 Ἶὶλθε,
1235 169 1282 195 καί
1290 168 1431 204 ἐπλήρωσε
1445 168 1506 200 δοὺς
1518 169 1566 203 τὴν
1578 167 1682 193 τελείαν
1699 175 1811 202 περιτο-

185 211 286 238 dimus.
305 210 382 237 Venit
396 209 479 241 cnim,
494 213 666 244 veteremque
682 210 835 245 complevit.
852 211 970 246 perfecta

186 257 295 284 demum
318 264 367 291 per
387 263 436 283 sua
455 257 583 291 mysteria
605 256 814 283 circumcisione
833 265 975 285 concessa.

187 301 274 335 Quam
294 309 348 328 non
367 309 420 328 una
437 302 560 336 corporis
580 305 657 337 parte
680 301 788 329 deliniri
809 303 903 334 voluit,
929 303 975 330 sed

187 347 281 374 eadem
306 351 393 374 totum
417 355 517 382 corpus
541 347 706 382 ohsignavit,
731 351 811 382 atque
831 355 846 374 a
866 352 976 383 peccato

188 393 359 420 circumcidit
375 401 382 419 :
398 400 485 427 neque
504 400 584 419 unam
605 393 739 420 duntaxat
755 393 845 428 populi
860 397 973 427 partem,

188 443 253 473 puta
267 438 371 465 virilem
390 446 495 470 sexum,
516 438 563 466 sed
579 438 734 465 universam
755 438 974 466 Christianorum

188 488 296 520 gentem
322 483 411 517 reipsa
440 483 572 511 servavit:
592 484 670 515 viris,
690 483 809 518 inquam,
828 488 855 511 et
879 484 975 511 mulie-

188 530 267 558 ribus
284 530 391 565 signum
411 529 478 556 illud
497 529 638 564 impertiit.
656 529 761 564 Quippe
776 529 809 556 ad
826 530 902 564 regni
919 537 977 556 caa-

189 575 266 602 lestis
295 575 447 603 adeundam
471 575 655 602 hmreditatem
683 575 819 602 cumulate
839 576 975 606 omnibus.

190 628 245 647 non
260 624 373 656 anguste
384 621 505 648 virorum
522 621 568 647 uni
581 620 684 656 generi,
698 620 771 647 illam
786 620 871 655 ipsam
886 625 977 647 notam

190 666 304 701 imponi,
321 666 396 693 velut
408 666 580 697 imbecillam,
597 665 701 692 statuit.
716 665 844 700 Adeoque
858 669 912 692 tam
930 673 978 700 per

190 719 260 743 eam,
276 719 357 746 quam
375 719 422 746 per
441 711 569 738 mandata
586 716 651 743 sua,
668 712 857 746 egregiamque
874 711 978 738 doctri-

190 764 254 784 nam
270 757 380 785 cmleste
393 764 505 791 regnum
520 756 675 784 Christiano
695 757 742 783 toti
761 753 861 791 populo
876 756 977 791 patefe-

1027 215 1080 250 μὴν
1099 214 1153 241 τῶν
1170 214 1252 240 αὐτοῦ
1270 213 1440 249 μυστηρίων,
1456 213 1505 240 οὐκ
1521 214 1550 239 ὲν
1574 212 1614 239 ἐνὶ
1630 212 1703 247 μέλει
1721 212 1814 247 μόνῳ,

1025 261 1082 287 ἀλλ’
1095 260 1154 287 ὅλον
1168 259 1247 294 σῶμα
1257 259 1420 294 σφραγίσας,
1434 259 1480 284 καὶ
1491 257 1645 293 περιτεμὼν
1654 257 1707 283 ἀπὸ
1719 258 1816 292 ἁμαρ-

1024 305 1084 336 τίας
1095 313 1102 319 ³
1113 305 1159 331 καὶ
1167 305 1215 339 οὺχ
1230 304 1259 330 ἓν
1273 303 1354 338 μέρος
1367 303 1432 329 λαοῦ
1447 302 1549 335 σώζων,
1562 301 1696 328 τουτέστιν
1712 301 1816 336 ἄνδρας

1027 351 1132 385 μόνους,
1146 350 1213 376 ἀλλὰ
1225 349 1271 376 καί
1287 349 1345 375 ὅλον
1360 348 1423 375 λαὸν
1435 348 1481 374 τὸν
1496 347 1548 374 τῶν
1561 346 1729 383 Χριστιανῶν
1740 345 1817 372 κατὰ

1025 396 1162 432 ἀλήθειαν,
1183 396 1281 430 ἄνδρας
1295 403 1324 421 τε
1341 395 1388 421 καὶ
1409 395 1537 428 γυναῖκας
1556 393 1623 428 ὁμοῦ
1643 391 1814 427 σφραγίζων,

1024 442 1072 469 καὶ
1096 442 1135 473 εἰς
1155 440 1277 476 οὐρανῶν
1302 439 1438 474 βασιλείας
1467 437 1647 474 κληρονομίαν
1678 436 1816 471 ἀφθόνως,

1024 487 1072 513 καὶ
1087 487 1137 513 οὐκ
1150 486 1266 517 ἐλλιπῶς
1279 485 1319 512 ἐνὶ
1335 485 1454 519 τάγματι
1465 484 1518 510 τῶν
1534 483 1638 518 ἀνδρῶν
1651 482 1728 518 μόνον
1743 481 1818 508 κατὰ

1025 532 1166 559 ἀσθένειαν
1190 531 1238 567 τὴν
1263 531 1398 567 σφραγῖδα
1422 530 1559 565 παρέχων,
1586 528 1654 555 ἀλλὰ
1676 527 1732 563 λαῷ
1757 527 1818 554 ὁλο-

1025 578 1098 604 τελεῖ
1120 578 1164 604 διὰ
1189 577 1237 612 τῆς
1264 576 1410 612 σφραγῖδος
1434 577 1480 602 καὶ
1505 575 1617 602 ἐντολῶν
1641 574 1688 601 καὶ
1709 573 1818 608 ἀγαθῆς

1026 623 1198 655 διδασκαλίας
1228 623 1276 657 τὴν
1306 622 1443 657 βασιλείαν
1471 621 1525 647 τῶν
1554 619 1676 655 οὐρανῶν
1708 620 1817 646 ἀποκα-

1027 668 1144 695 λύπτων.
1164 668 1195 694 El
1212 667 1240 694 δὲ
1259 668 1295 699 ὠς
1315 669 1328 694 6
1351 666 1452 702 Κύριος
1471 666 1559 701 βούλει
1579 663 1663 696 εἶναι,
1683 664 1697 690 6
1715 663 1816 693 E6iwv,

1026 713 1163 739 τουτέστιν
1184 712 1222 744 ὡς
1243 714 1256 739 6
1268 712 1442 744 Διδάσκαλος,
1466 711 1533 738 πολὺ
1552 710 1701 745 ὴπάτησαι.
1720 708 1767 742 Μὴ
1786 708 1818 734 ἐν

1027 761 1060 794 τῇ
1076 760 1210 795 περιτομῇ
1224 758 1385 790 ἀπεικάζοι).

191 803 238 830 cit.
252 803 290 830 Ae
305 802 327 830 si
343 806 373 829 tu
391 802 498 830 Domini
515 802 613 830 similis
632 810 704 835 esse,
725 802 776 830 hoc
795 806 838 830 est
857 802 977 838 Magistri
996 805 1049 838 vis,
1062 806 1165 833 Ebionl
1181 806 1356 834 vehementer
1370 805 1493 833 alteri-as.
1508 803 1567 831 Noli
1596 804 1670 831 enim
1698 801 1819 828 circum-

191 849 297 878 cisione
313 849 364 877 ista
380 849 584 877 similitudinem
600 849 673 876 illius
687 850 849 884 exprimere.

229 894 328 922 Verum
348 894 462 930 agedum
479 902 493 920 a
511 899 687 921 monumento
703 893 835 921 Lazarum
853 901 977 927 arcesse,

1065 893 1145 920 Ἀλλὰ
1172 894 1285 920 κάλεσον
1313 893 1358 920 τὸν
1389 893 1514 930 Λάζαρον
1542 892 1597 919 ἀπὸ
1628 892 1772 928 μνημείου,
1798 892 1818 929 ἢ

193 945 240 968 aut
251 940 334 967 alium
348 940 502 975 quempiam
519 945 655 967 mortuum
672 940 790 968 excitato
808 949 814 967 :
834 940 912 976 162
932 944 980 967 aut

194 986 310 1013 inlectos
334 989 408 1020 lepra
430 993 564 1020 repurgat;
592 986 671 1013 cmeis
700 986 807 1017 visum,
834 994 981 1013 nervorum

193 1031 360 1058 resolutione
386 1030 574 1058 laborantibus
599 1031 753 1063 sanitatem,
770 1031 792 1058 si
813 1036 906 1066 potes,
936 1039 981 1059 re-

194 1077 287 1104 stitue.
302 1076 356 1103 Sed
366 1076 428 1104 ideo
442 1083 496 1104 non
509 1081 598 1112 potes,
613 1077 684 1112 quod
698 1077 865 1110 inlidelitate,
881 1077 984 1104 carnis-

195 1130 248 1157 que
267 1121 393 1154 vinculis,
417 1129 449 1148 ac
469 1121 535 1156 legis
556 1121 722 1156 imperfectis
742 1122 911 1149 caeremoniis
936 1121 984 1148 illi-

195 1171 276 1203 gatus
293 1166 430 1194 contraria
450 1167 489 1194 illi
506 1167 598 1194 omnia
616 1166 694 1194 facis.
711 1167 799 1202 Atque
812 1171 843 1194 ut
856 1171 985 1202 praestare

196 1213 315 1240 maxime
330 1220 436 1247 posses,
453 1212 481 1240 id
496 1212 568 1248 quod
587 1219 697 1248 propter
713 1213 888 1249 depravatam
906 1213 984 1240 ﬁdem

197 1264 270 1285 tuam
297 1259 408 1286 minime
436 1263 513 1294 potes
542 1260 664 1293 assequi,
689 1267 744 1286 non
773 1259 860 1286 instar
882 1258 985 1286 Christi

198 1304 261 1332 dico
301 1304 401 1340 (neque
432 1305 504 1332 enim
538 1305 708 1339 corruptioni
743 1305 878 1332 obnoxius
907 1310 987 1338 atque

198 1358 292 1378 errore
307 1351 461 1386 implicatus
478 1351 626 1378 homuncio
641 1350 760 1378 conferri
780 1359 841 1378 cum
862 1350 916 1377 Deo
937 1359 984 1386 po-

198 1396 269 1430 tes),
287 1395 334 1423 sed
348 1403 437 1431 neque
457 1395 560 1423 Christi
575 1404 673 1424 nomen
691 1395 725 1422 ad
741 1396 846 1423 edenda
865 1396 988 1431 prodigia

201 1445 281 1476 potes
299 1442 440 1475 invocare;
461 1445 508 1468 aut
525 1441 550 1468 si
572 1445 664 1468 tamen
686 1441 867 1472 invocaveris.
889 1441 988 1468 ellicies

203 1487 362 1522 quidquam.
388 1486 442 1515 Sed
460 1487 511 1515 etsi
533 1487 682 1522 paralytico
706 1487 865 1515 suscitando
888 1486 989 1521 aliquid

201 1532 332 1565 eliiceres,
347 1532 418 1559 idem
434 1533 536 1567 utique,
549 1533 596 1568 qui
612 1541 660 1567 per
670 1531 735 1560 Jesu
751 1540 850 1560 nomen
864 1540 990 1567 exsurge-

202 1581 255 1610 ret,
271 1577 306 1605 ab
322 1585 355 1604 eo
371 1577 432 1612 ipso
448 1578 564 1612 quadam
581 1582 674 1612 posset
691 1578 832 1613 sapientiae
847 1579 907 1605 luce
924 1585 987 1612 per-
1001 1570 1022 1599 ο

204 1621 292 1653 fundi,
307 1629 342 1649 ne
360 1629 390 1649 se
405 1626 479 1649 tuam
504 1623 537 1650 ad
566 1621 678 1650 Sabbati
702 1623 920 1650 observationem
944 1630 990 1649 ac—

204 1667 408 1701 commodaret;
428 1675 460 1694 ac
475 1675 523 1702 per
538 1667 598 1702 ejus
615 1675 629 1694 a
647 1676 702 1703 quo
715 1673 788 1696 esset
805 1672 927 1700 sanatus,
943 1677 993 1696 no-

205 1720 267 1739 men
282 1712 334 1740 hoc
347 1711 465 1740 disceret
482 1721 489 1739 :
503 1712 576 1740 Tolle
586 1713 727 1748 grabatum
744 1719 827 1745 tuum,
847 1719 871 1741 et
888 1714 951 1741 vade
965 1714 993 1741 in

205 1759 313 1785 (tantum
330 1762 401 1784 tuam
418 1758 535 1786 Sabbato
547 1760 568 1786 ¹.
583 1759 716 1786 Caeterum
730 1759 781 1786 hoc
796 1767 811 1786 a
826 1759 904 1786 nobis
915 1763 993 1786 antea

206 1808 447 1831 commemoratum
473 1809 525 1836 est,
553 1805 600 1839 qui
626 1812 659 1832 cz
686 1805 732 1832 illa
759 1809 833 1832 secta
853 1809 927 1836 sunt,
942 1812 990 1832 eos

206 1851 282 1878 varie
311 1851 344 1878 de
371 1850 481 1878 Christo
505 1851 616 1879 sentire.
632 1850 700 1877 Nam
717 1850 789 1886 quod
810 1850 843 1877 ad
861 1850 989 1878 Ehionem

207 1898 297 1932 ipsum
314 1897 440 1931 pertinet,
458 1905 562 1924 merum
580 1897 654 1924 illum
672 1897 808 1925 hominem
825 1905 858 1924 ex
874 1897 991 1924 humano

209 1942 353 1970 concubitu
368 1946 443 1977 putat
459 1950 518 1970 esse
531 1947 702 1978 prognatum.
713 1943 747 1969 At
762 1942 808 1977 qui
824 1941 944 1969 Ebionzei
958 1942 991 1969 de

1032 939 1110 966 ἄλλον
1138 939 1231 975 νεκρὸν
1255 939 1369 974 ἐγειρον,
1394 938 1512 974 λεπροὺς
1537 937 1703 974 καθάρισον,
1726 938 1742 974 ἢ
1772 946 1822 964 τυ-

1031 987 1107 1020 φλοῖς
1125 987 1234 1022 χάρισαι
1257 985 1287 1012 τὸ
1309 985 1428 1021 βλέπειν,
1451 986 1468 1020 ἢ
1488 985 1670 1020 παραλυτικὸν
1689 984 1773 1016 ἴασαι,
1795 985 1821 1012 εἰ

1031 1033 1107 1068 δύνῃ.
1122 1033 1158 1059 Οὺ
1172 1032 1237 1067 δύνῃ
1251 1032 1289 1063 δὲ,
1303 1032 1342 1058 ὅτι
1355 1031 1484 1063 ἐναντίως
1493 1031 1622 1066 πράττεις
1633 1031 1747 1065 ἀπιστίᾳ
1754 1039 1822 1057 κατ-

1033 1079 1179 1114 εχόμενος,
1213 1079 1260 1105 καὶ
1289 1078 1397 1113 δεσμοῖς
1428 1077 1546 1112 σαρκὸς,
1575 1077 1622 1103 καὶ
1655 1076 1823 1111 δικαιώμασι

1033 1125 1115 1160 νόμου
1138 1123 1319 1160 ἀπληρώτοις.
1342 1124 1373 1150 Εἰ
1394 1123 1423 1150 δὲ
1441 1123 1524 1150 ταῦτα
1541 1122 1674 1158 ὴδυνήθης
1698 1122 1822 1158 ποιῆσαι,

1033 1171 1101 1206 ὅπερ
1117 1171 1147 1197 οὐ
1163 1171 1229 1207 δύνῃ
1241 1170 1283 1197 διὰ
1298 1170 1346 1205 τὴν
1359 1170 1538 1196 κακοπιστίαν
1551 1177 1610 1201 σου,
1627 1169 1657 1195 οὺ
1675 1168 1745 1202 λέγω
1756 1168 1793 1200 ὼς
1808 1169 1825 1194 6

1034 1217 1152 1252 Χριστὸς
1164 1218 1204 1252 (οὐ
1219 1217 1272 1252 γὰρ
1285 1216 1350 1253 δύνῃ
1364 1215 1563 1250 ἁπεικασθῆναι
1574 1214 1642 1249 Θεῷ,
1656 1214 1771 1249 φθαρτὸς
1785 1214 1824 1240 ὢν

1035 1261 1176 1297 ἄνθρωπος
1195 1262 1241 1288 καὶ
1271 1261 1477 1295 ὴπατημένος),
1506 1259 1564 1285 ἀλλ’
1594 1258 1655 1285 οὔτε
1683 1258 1712 1284 τὸ
1738 1257 1825 1293 δνομα

1035 1307 1153 1343 Χριστοῦ
1167 1307 1213 1333 ἐπὶ
1225 1306 1395 1341 θεοσημείοις
1409 1305 1521 1332 δύνασαι
1536 1303 1756 1331 ἐπικαλέσασθαι·
1773 1303 1825 1330 κᾶν

1035 1362 1066 1380 τε
1078 1352 1237 1388 ἐπικαλέσῃ,
1246 1352 1296 1378 οὐκ
1309 1352 1476 1387 ἐνεργήσεις.
1488 1350 1520 1376 Εἰ
1531 1350 1558 1376 δὲ
1569 1350 1615 1376 καὶ
1626 1350 1692 1380 ὅλως
1704 1349 1826 1383 ἐνεργεῖς

1037 1398 1221 1434 παραλυτικὸν
1241 1397 1405 1432 ἀναστῆσαι,
1422 1394 1494 1431 εἶχεν
1511 1396 1559 1428 ἂν,
1575 1395 1619 1422 διὰ
1632 1395 1679 1421 τοῦ
1695 1395 1827 1429 ὀνόματος

1037 1444 1083 1471 τοῦ
1097 1445 1184 1479 Ἰησοῦ
1202 1444 1336 1475 ἀναστὰς,
1354 1444 1400 1470 καὶ
1420 1443 1525 1469 σύνεσιν
1542 1443 1605 1477 παρ’
1622 1441 1701 1468 αὑτοῦ
1718 1440 1826 1467 λαϐεῖν’

1039 1492 1082 1517 ἵνα
1107 1499 1154 1517 σου
1179 1490 1215 1526 μὴ
1239 1490 1388 1524 ἀνάσχηται
1413 1488 1596 1520 σαϐϐατίξειν,
1622 1487 1689 1514 ἀλλὰ
1713 1487 1756 1513 διὰ
1778 1486 1826 1512 τοῦ

1039 1536 1170 1570 ὀνόματος
1199 1535 1244 1561 τοῦ
1272 1534 1417 1569 ἱασαμὲνον
1448 1533 1558 1568 μαθεῖν,
1589 1533 1630 1559 ὅτι
1657 1530 1749 1565 Ἀμογ
1775 1531 1828 1557 τὸν·

1038 1581 1202 1615 κράϐϐατόν·
1214 1587 1282 1612 σου,
1295 1579 1344 1606 καὶ
1357 1579 1486 1613 πορεύου
1499 1580 1543 1610 εὶς
1558 1578 1610 1604 τὸν
1624 1575 1708 1604 οἶκόν
1723 1585 1780 1603 σου
1793 1575 1829 1601 ἐν

1039 1623 1187 1656 Σαϐϐάτῳ.
1204 1623 1273 1658 Ἤδη
1285 1623 1312 1649 δέ
1327 1631 1371 1658 μοι
1387 1623 1504 1657 εἴρηται,
1518 1622 1554 1653 ὡς
1565 1621 1699 1657 διαφόρως
1715 1621 1828 1651 ἕκαστος

1041 1669 1131 1696 αὐτῶν
1150 1670 1214 1705 περὶ
1232 1668 1350 1704 Χριστοῦ
1373 1668 1526 1695 ὑποϐάλλει·
1552 1667 1616 1693 ποτὲ
1642 1667 1689 1702 μὲν
1713 1667 1727 1693 6
1748 1666 1829 1697 αὐτὸς

1047 1715 1146 1741 Ἐϐίων
1162 1715 1249 1749 λέγων
1266 1716 1299 1741 ἐκ
1315 1714 1487 1750 παρατριϐῆς
1506 1714 1582 1748 ψιλὸν
1590 1714 1731 1748 ἄνθρωπον
1749 1711 1829 1738 αὑτὸν

1041 1760 1219 1795 γεγενῆσθαι·
1241 1761 1334 1787 ἄλλοτε
1349 1761 1378 1786 δὲ
1394 1761 1417 1786 οἱ
1435 1760 1482 1786 ἀπ’
1499 1760 1580 1786 αὑτοῦ
1595 1760 1758 1790 Ἐειωναῖοι,
1774 1758 1830 1784 ἄνω

1042 1805 1155 1839 δύναμιν
1175 1806 1207 1831 ἐκ
1225 1804 1292 1831 Θεοῦ
1312 1805 1461 1840 κεκτῆσθαι
1480 1805 1553 1835 Υἱὸν,
1577 1805 1622 1831 καὶ
1643 1804 1736 1830 τοῦτον
1761 1802 1830 1828 κατὰ

1043 1851 1137 1886 καιρὸν
1159 1851 1203 1877 τὸν
1223 1851 1310 1886 Ἀδὰμ
1336 1851 1476 1878 ἐνδύεσθαί
1499 1860 1528 1877 τε
1544 1851 1589 1877 καὶ
1607 1849 1759 1877 ἐκδύεσθαι.
1781 1845 1830 1874 Ὧν

1043 1897 1093 1928 τὰς
1117 1897 1262 1931 διαφόρους
1288 1896 1401 1932 γνώμας
1431 1897 1460 1923 ὲν
1490 1896 1602 1930 δυνάμει
1628 1893 1694 1920 Θεοῦ
1723 1892 1830 1928 ἀνετρέ-

1043 1943 1145 1977 φαμεν.

209 1989 257 2016 illo
269 1989 358 2016 vocati
375 1993 449 2022 sunt,
467 1989 559 2017 nescio
587 1997 669 2024 quam
692 1989 720 2016 in
754 1989 823 2017 crelo
841 1989 968 2016 virtutem
1001 1987 1132 2016 divinitus
1158 1989 1310 2016 obtinuisse
1328 1988 1423 2019 lilium,
1443 1988 1621 2021 eumdcmque
1642 1994 1691 2013 suo
1707 1993 1735 2012 se
1764 1988 1826 2010 tem-

209 2043 275 2070 pore
301 2035 328 2062 in
351 2035 483 2062 Adamum
508 2035 671 2069 insinuasse,
699 2036 862 2071 exuisseque
887 2038 990 2070 postea.
1011 2035 1132 2068 Quorum
1146 2035 1269 2062 omnium
1285 2035 1471 2069 discrepantes
1487 2034 1635 2061 sententias
1666 2032 1756 2059 divina
1782 2037 1831 2064 ope

210 2081 273 2108 l'reti
290 2081 422 2108 hactenus
439 2081 598 2109 evertimus.

246 2127 427 2160 Quamobrem
441 2127 506 2162 quid
523 2135 573 2163 ego
585 2128 687 2156 diutius
705 2128 880 2163 importuosis
896 2127 950 2155 illis
965 2127 994 2154 in

1082 2124 1138 2151 Καὶ
1152 2123 1178 2149 τί
1196 2131 1240 2158 μοι
1255 2122 1448 2159 ἒτιδιατρίϐειν
1471 2122 1500 2148 ἒν
1513 2120 1649 2156 ἀλιμένοις
1668 2120 1714 2146 καὶ
1735 2118 1831 2154 ἀμπώ-

211 2174 280 2202 locis
297 2181 329 2201 ac
348 2174 420 2201 velut
439 2174 575 2201 aestuariis
593 2181 758 2206 commoror,
780 2181 840 2208 qua:
867 2172 984 2200 inundar

1047 2178 1104 2196 τεσι
1128 2169 1227 2200 τόποις,
1249 2168 1286 2204 πὴ
1311 2168 1359 2203 μὲν
1380 2167 1609 2202 ὲπικλυζομένοις,
1678 2166 1705 2192 δὲ
1717 2164 1832 2201 καταξη-

212 2220 290 2251 alias,
314 2220 381 2247 alias
402 2220 534 2246 exsiccari
559 2219 663 2252 solent;
689 2227 721 2246 ac
749 2219 862 2254 piscium
889 2218 995 2252 copiam

213 2266 314 2300 sapius
328 2265 356 2292 in
368 2265 446 2292 littus
458 2265 571 2299 ejicere.
583 2265 653 2292 inter
664 2273 732 2300 quos
743 2264 866 2292 venenati
875 2258 994 2298 quidam,

214 2310 367 2344 cujusmodi
378 2314 441 2337 sunt
452 2310 608 2344 pastinacae,
625 2310 768 2341 dracaanze,
784 2309 924 2340 caniculae,
942 2316 998 2334 mu-

214 2363 305 2388 raenae,
325 2363 418 2383 eorum
438 2355 485 2390 qui
506 2356 539 2382 ad
559 2363 634 2382 oram
657 2355 731 2381 illaut
753 2355 893 2382 ambulant
917 2354 998 2389 pedes

215 2401 318 2429 exitiali
348 2409 467 2434 veneno,
504 2401 543 2428 uti
576 2401 706 2431 diximus,
740 2400 888 2428 infestant?
921 2398 1000 2426 Hunc

215 2447 298 2482 igitur
313 2447 401 2474 locum
420 2447 541 2482 ingentes
558 2447 612 2474 Deo
632 2447 733 2482 gratias
749 2454 831 2481 agens
845 2446 999 2481 praeteribo,

217 2493 289 2529 quod
309 2493 366 2520 haec
385 2493 497 2528 insuper
516 2501 532 2520 a
551 2494 629 2522 nobis
648 2493 805 2528 propulsata
824 2493 859 2520 sit
879 2492 1003 2525 lateres-is,

252 2575 261 2590 ι
275 2573 354 2601 Joan.
371 2581 389 2600 v
413 2571 439 2599 8.

257 2653 313 2689 (57)
338 2653 487 2689 Τρυγᾴνας
501 2651 542 2689 ῥέ
564 2651 722 2689 φημιτ-καὶ
743 2650 914 2689 δρακαίγας.
935 2649 1005 2676 Plin.

220 2686 268 2730 lib}
284 2686 405 2730 ti,'cap‘.'
416 2687 465 2724 48:
484 2686 571 2730 Eque
584 2687 736 2730 pestiferum
757 2686 859 2730 paint'al
874 2691 1008 2730 aranea-sm;

223 2725 306 2758 apinae
328 2724 355 2750 in
374 2721 456 2750 dorso
472 2722 563 2749 aculeo
583 2724 689 2749 noxius.
713 2721 764 2748 Sed
781 2721 883 2748 nullum
897 2727 1008 2754 usquam

222 2759 412 2786 arsecrabilius
425 2779 432 2790 ,
447 2766 527 2792 quam
550 2757 641 2794 radius
668 2764 744 2790 super
767 2756 878 2794 caudam
891 2755 1007 2794 eminens

225 2795 352 2828 lrygom’s,
374 2791 457 2829 quanti
472 2793 555 2829 nostri
570 2793 740 2829 pastinacam
760 2791 891 2829 appellant
904 2811 911 2824 ,
925 2791 1008 2829 quin:-

226 2824 337 2857 ειῗιῖσίαιὶ
353 2824 542 2866 magnitudine.
559 2824 682 2855 A‘Zlianus
698 2827 716 2854 1.
729 2834 749 2854 υ
767 2826 805 2853 De
820 2827 946 2859 anim.,c.
962 2825 1010 2855 50..

1050 2215 1227 2251 ραινομένοις·
1243 2213 1272 2246 ἐξ
1286 2211 1376 2249 ὦνπερ
1395 2213 1492 2248 ἰχθύων
1512 2212 1691 2249 ἐκϐράσματα
1708 2211 1831 2242 πολλάκις

1049 2261 1163 2295 γίνεται,
1185 2261 1231 2287 καὶ
1252 2261 1307 2291 τοῖς
1329 2260 1391 2286 ποσὶ
1412 2260 1467 2290 τοῖς
1491 2258 1538 2290 τὰς
1561 2257 1642 2293 ὄχθας
1662 2256 1762 2282 τούτων
1774 2264 1832 2291 μετ-

1052 2309 1121 2333 ιοῦσι
1140 2306 1193 2333 τῶν
1207 2307 1307 2337 τόπων,
1324 2307 1356 2332 ὲκ
1371 2305 1417 2332 τοῦ
1446 2305 1583 2340 ἀναμέσον
1597 2304 1650 2330 τῶν
1667 2302 1763 2337 ἰχθύων
1776 2302 1832 2328 τινὰ

1052 2353 1141 2378 ἰοῦόλα
1159 2350 1242 2382 εἶναι,
1259 2351 1391 2386 τρυγόνας
1407 2350 1435 2377 δέ
1453 2358 1523 2384 φημι
1540 2349 1585 2375 καὶ
1604 2347 1752 2383 δρακαίνας
1769 2346 1831 2380 (57),

1052 2399 1099 2426 καὶ
1112 2398 1277 2433 καρχαρίας,
1296 2397 1343 2423 καὶ
1363 2396 1523 2431 σμυραίνας,
1541 2395 1577 2426 ὡς
1594 2394 1642 2429 ¹ἤδη
1660 2393 1832 2429 προείρηται,

1055 2445 1155 2480 βλάϐην
1184 2444 1290 2478 ἐμποιεῖ
1307 2451 1313 2475 ;
1332 2442 1537 2477 Παρελεύσομαι
1568 2440 1655 2466 τοίνυν
1681 2439 1727 2466 τὸν
1757 2439 1833 2464 τόπον

1055 2490 1142 2522 αὖθις,
1156 2489 1215 2525 Θεῷ
1230 2488 1415 2524 εὐχαριστῶν,
1435 2488 1475 2514 ὅτι
1488 2487 1534 2513 καὶ
1550 2485 1651 2521 ταύτην
1670 2485 1718 2520 τὴν
1734 2485 1833 2520 αἵρεσιν

1057 2651 1205 2675 venenatos
1221 2647 1311 2682 pisces
1329 2647 1532 2675 commemorat,
1547 2643 1665 2682 gobium,
1681 2641 1833 2682 draconem.

1059 2674 1231 2711 hirundinem
1246 2702 1253 2712 ,
1268 2689 1384 2716 quorum
1423 2684 1515 2716 tamen
1532 2674 1607 2705 virus
1630 2678 1742 2716 minime
1761 2674 1834 2716 letale

1058 2708 1327 2752 siit-.Wittwpastinacae
1352 2714 1592 2752 praesentissimum
1613 2720 1675 2740 esse
1693 2712 1783 2738 docet.
1802 2708 1834 2735 De

1059 2749 1188 2780 niuraanis'
1203 2752 1272 2779 Plin.
1298 2749 1449 2779 lihfxmi.
1467 2757 1527 2782 cap.
1543 2749 1570 2782 4,
1594 2755 1719 2775 murwuw
1737 2751 1834 2773 manus

1060 2790 1177 2824 ipsarum
1194 2788 1288 2822 capitis
1305 2788 1389 2814 cinere
1403 2789 1540 2813 sanantur.
