  <div class='ocr_page' id='page_1' title='image "/cluster/home/n/w/nwhite01/storage/ocr_20150623/41/njp.32101007805813/256.png"; bbox 0 0 1961 3046; ppageno 0'>
   <div class='ocr_carea' id='block_1_1' title="bbox 98 167 157 195">
    <p class='ocr_par' dir='ltr' id='par_1_1' title="bbox 98 167 157 195">
     <span class='ocr_line' id='line_1_1' title="bbox 98 167 157 195; baseline -0.034 0"><span class='ocrx_word' id='word_1_1' title='bbox 98 167 157 195; x_wconf 66' lang='grc'><strong>473</strong></span> 
     </span>
    </p>
   </div>
   <div class='ocr_carea' id='block_1_2' title="bbox 481 158 1450 194">
    <p class='ocr_par' dir='ltr' id='par_1_2' title="bbox 481 158 1450 194">
     <span class='ocr_line' id='line_1_2' title="bbox 481 158 1450 194; baseline -0.004 -1"><span class='ocrx_word' id='word_1_2' title='bbox 481 164 667 194; x_wconf 77' lang='lat' dir='ltr'><strong>ADVERSUS</strong></span> <span class='ocrx_word' id='word_1_3' title='bbox 685 161 858 191; x_wconf 58' lang='lat' dir='ltr'><strong>HERESES</strong></span> <span class='ocrx_word' id='word_1_4' title='bbox 875 158 942 188; x_wconf 75' lang='lat' dir='ltr'><strong>LIB.</strong></span> <span class='ocrx_word' id='word_1_5' title='bbox 960 158 982 186; x_wconf 82' lang='grc' dir='ltr'><strong>Ι.</strong></span> <span class='ocrx_word' id='word_1_6' title='bbox 1003 159 1085 188; x_wconf 79' lang='grc' dir='ltr'><strong>ΤΟΜ.</strong></span> <span class='ocrx_word' id='word_1_7' title='bbox 1104 159 1137 188; x_wconf 88' lang='lat' dir='ltr'><strong>ll.</strong></span> <span class='ocrx_word' id='word_1_8' title='bbox 1149 177 1184 181; x_wconf 94' lang='lat'><strong><em>—</em></strong></span> <span class='ocrx_word' id='word_1_9' title='bbox 1201 160 1338 189; x_wconf 61' lang='lat' dir='ltr'><strong>HIERES.</strong></span> <span class='ocrx_word' id='word_1_10' title='bbox 1356 161 1450 189; x_wconf 71' lang='lat' dir='ltr'><strong>XXXI.</strong></span> 
     </span>
    </p>
   </div>
   <div class='ocr_carea' id='block_1_3' title="bbox 1684 159 1739 189">
    <p class='ocr_par' dir='ltr' id='par_1_3' title="bbox 1684 159 1739 189">
     <span class='ocr_line' id='line_1_3' title="bbox 1684 159 1739 189; baseline -0.036 0"><span class='ocrx_word' id='word_1_11' title='bbox 1684 159 1739 189; x_wconf 63' lang='grc' dir='ltr'><strong>Ιᾰῗιὶι</strong></span> 
     </span>
    </p>
   </div>
   <div class='ocr_carea' id='block_1_4' title="bbox 97 222 901 262">
    <p class='ocr_par' dir='ltr' id='par_1_4' title="bbox 97 224 894 262">
     <span class='ocr_line' id='line_1_4' title="bbox 97 224 894 262; baseline -0.003 -11"><span class='ocrx_word' id='word_1_12' title='bbox 97 226 143 257; x_wconf 83' lang='grc' dir='ltr'>εἰς</span> <span class='ocrx_word' id='word_1_13' title='bbox 157 224 280 252; x_wconf 80' lang='grc' dir='ltr'>τούπίσω</span> <span class='ocrx_word' id='word_1_14' title='bbox 293 225 457 262; x_wconf 76' lang='grc' dir='ltr'>ἐτρέψαμεν,</span> <span class='ocrx_word' id='word_1_15' title='bbox 472 227 502 252; x_wconf 75' lang='grc' dir='ltr'>οὐ</span> <span class='ocrx_word' id='word_1_16' title='bbox 515 226 672 262; x_wconf 81' lang='grc' dir='ltr'><strong>παρέργως,</strong></span> <span class='ocrx_word' id='word_1_17' title='bbox 694 225 762 252; x_wconf 79' lang='grc' dir='ltr'>ἀλλὰ</span> <span class='ocrx_word' id='word_1_18' title='bbox 776 224 823 251; x_wconf 68' lang='grc' dir='ltr'>καὶ</span> <span class='ocrx_word' id='word_1_19' title='bbox 834 225 894 250; x_wconf 83' lang='grc' dir='ltr'>ὲπι-</span> 
     </span>
    </p>
   </div>
   <div class='ocr_carea' id='block_1_5' title="bbox 956 222 1739 262">
    <p class='ocr_par' dir='ltr' id='par_1_5' title="bbox 956 222 1739 258">
     <span class='ocr_line' id='line_1_5' title="bbox 956 222 1739 258; baseline 0 -8"><span class='ocrx_word' id='word_1_20' title='bbox 956 230 1031 258; x_wconf 73' lang='grc' dir='ltr'>ιιιιιιιι</span> <span class='ocrx_word' id='word_1_21' title='bbox 1049 231 1104 251; x_wconf 88' lang='grc' dir='ltr'>ιιοιι</span> <span class='ocrx_word' id='word_1_22' title='bbox 1120 223 1208 251; x_wconf 86' lang='lat' dir='ltr'><strong>obiter</strong></span> <span class='ocrx_word' id='word_1_23' title='bbox 1222 223 1322 256; x_wconf 84' lang='lat' dir='ltr'><strong>solum,</strong></span> <span class='ocrx_word' id='word_1_24' title='bbox 1338 223 1385 251; x_wconf 86' lang='lat' dir='ltr'><strong>sed</strong></span> <span class='ocrx_word' id='word_1_25' title='bbox 1400 231 1507 252; x_wconf 86' lang='lat' dir='ltr'><strong>summa</strong></span> <span class='ocrx_word' id='word_1_26' title='bbox 1521 230 1582 250; x_wconf 93' lang='lat' dir='ltr'><strong>eum</strong></span> <span class='ocrx_word' id='word_1_27' title='bbox 1598 222 1739 258; x_wconf 74' lang='lat' dir='ltr'><strong>diligentia</strong></span> 
     </span>
    </p>
   </div>
   <div class='ocr_carea' id='block_1_6' title="bbox 101 270 899 307">
    <p class='ocr_par' dir='ltr' id='par_1_6' title="bbox 101 270 899 307">
     <span class='ocr_line' id='line_1_6' title="bbox 101 270 899 307; baseline 0 -11"><span class='ocrx_word' id='word_1_28' title='bbox 101 270 195 306; x_wconf 69' lang='grc' dir='ltr'>μελῶνς</span> <span class='ocrx_word' id='word_1_29' title='bbox 216 271 385 306; x_wconf 80' lang='grc' dir='ltr'>ὲλέγξαντες.</span> <span class='ocrx_word' id='word_1_30' title='bbox 407 272 466 298; x_wconf 81' lang='grc' dir='ltr'><strong>Ἐπ’</strong></span> <span class='ocrx_word' id='word_1_31' title='bbox 487 271 569 304; x_wconf 77' lang='grc' dir='ltr'>ἄλλας</span> <span class='ocrx_word' id='word_1_32' title='bbox 590 272 617 298; x_wconf 84' lang='grc' dir='ltr'>δὲ</span> <span class='ocrx_word' id='word_1_33' title='bbox 641 271 759 307; x_wconf 80' lang='grc' dir='ltr'><strong>καθεξῆς</strong></span> <span class='ocrx_word' id='word_1_34' title='bbox 787 270 899 301; x_wconf 79' lang='grc' dir='ltr'>ἑαυτοὺς</span> 
     </span>
    </p>
   </div>
   <div class='ocr_carea' id='block_1_7' title="bbox 99 316 899 353">
    <p class='ocr_par' dir='ltr' id='par_1_7' title="bbox 99 316 899 353">
     <span class='ocr_line' id='line_1_7' title="bbox 99 316 899 353; baseline 0 -11"><span class='ocrx_word' id='word_1_35' title='bbox 99 316 252 351; x_wconf 78' lang='grc' dir='ltr'>ὲπιδῶμεν,</span> <span class='ocrx_word' id='word_1_36' title='bbox 261 318 408 353; x_wconf 81' lang='grc' dir='ltr'>ἀγαπητοὶ,</span> <span class='ocrx_word' id='word_1_37' title='bbox 418 318 483 344; x_wconf 82' lang='grc' dir='ltr'>Θεὸν</span> <span class='ocrx_word' id='word_1_38' title='bbox 493 317 649 353; x_wconf 68' lang='grc' dir='ltr'>αἰτούμενοι</span> <span class='ocrx_word' id='word_1_39' title='bbox 657 317 842 353; x_wconf 76' lang='grc' dir='ltr'>βοηθὸν,ὅπως</span> <span class='ocrx_word' id='word_1_40' title='bbox 850 316 899 350; x_wconf 83' lang='grc' dir='ltr'>τῆς</span> 
     </span>
    </p>
   </div>
   <div class='ocr_carea' id='block_1_8' title="bbox 101 361 846 399">
    <p class='ocr_par' dir='ltr' id='par_1_8' title="bbox 101 361 846 399">
     <span class='ocr_line' id='line_1_8' title="bbox 101 361 846 399; baseline 0.003 -11"><span class='ocrx_word' id='word_1_41' title='bbox 101 362 274 396; x_wconf 71' lang='grc' dir='ltr'>ἐπαγγελίας</span> <span class='ocrx_word' id='word_1_42' title='bbox 286 363 317 390; x_wconf 83' lang='grc' dir='ltr'>τὸ</span> <span class='ocrx_word' id='word_1_43' title='bbox 326 363 462 399; x_wconf 84' lang='grc' dir='ltr'>πλήρωμα</span> <span class='ocrx_word' id='word_1_44' title='bbox 474 364 553 396; x_wconf 78' lang='grc' dir='ltr'>αὐτὸς</span> <span class='ocrx_word' id='word_1_45' title='bbox 570 363 604 390; x_wconf 81' lang='grc' dir='ltr'>δι’</span> <span class='ocrx_word' id='word_1_46' title='bbox 619 362 696 398; x_wconf 78' lang='grc' dir='ltr'>ήμιῖιν</span> <span class='ocrx_word' id='word_1_47' title='bbox 705 361 846 399; x_wconf 83' lang='grc' dir='ltr'><strong>τελειώσῃ.</strong></span> 
     </span>
    </p>
   </div>
   <div class='ocr_carea' id='block_1_9' title="bbox 103 430 898 466">
    <p class='ocr_par' dir='ltr' id='par_1_9' title="bbox 103 430 898 466">
     <span class='ocr_line' id='line_1_9' title="bbox 103 430 898 466; baseline 0 -9"><span class='ocrx_word' id='word_1_48' title='bbox 103 431 201 458; x_wconf 76' lang='grc' dir='ltr'><strong>ΚΑΤΑ</strong></span> <span class='ocrx_word' id='word_1_49' title='bbox 209 431 454 458; x_wconf 77' lang='grc' dir='ltr'><strong>ΟΥΛΛΕΝΤΙΝΩΝ</strong></span> <span class='ocrx_word' id='word_1_50' title='bbox 463 431 530 466; x_wconf 78' lang='grc'><strong>(58),</strong></span> <span class='ocrx_word' id='word_1_51' title='bbox 538 431 607 458; x_wconf 88' lang='grc' dir='ltr'><strong>ΤΩΝ</strong></span> <span class='ocrx_word' id='word_1_52' title='bbox 624 432 684 458; x_wconf 68' lang='grc' dir='ltr'><strong>ΚΑΙ</strong></span> <span class='ocrx_word' id='word_1_53' title='bbox 694 430 898 463; x_wconf 80' lang='grc' dir='ltr'><strong>ΓΝΩΣΤΙΚΩΝ,</strong></span> 
     </span>
    </p>
   </div>
   <div class='ocr_carea' id='block_1_10' title="bbox 352 489 640 524">
    <p class='ocr_par' dir='ltr' id='par_1_10' title="bbox 352 489 640 524">
     <span class='ocr_line' id='line_1_10' title="bbox 352 489 640 524; baseline 0 -8"><span class='ocrx_word' id='word_1_54' title='bbox 352 489 515 523; x_wconf 77' lang='grc' dir='ltr'>Τριακοστὴ</span> <span class='ocrx_word' id='word_1_55' title='bbox 530 489 640 524; x_wconf 82' lang='grc' dir='ltr'>πρώτη.</span> 
     </span>
    </p>
   </div>
   <div class='ocr_carea' id='block_1_11' title="bbox 142 546 899 582">
    <p class='ocr_par' dir='ltr' id='par_1_11' title="bbox 142 546 899 582">
     <span class='ocr_line' id='line_1_11' title="bbox 142 546 899 582; baseline -0.001 -9"><span class='ocrx_word' id='word_1_56' title='bbox 142 547 182 574; x_wconf 79' lang='lat' dir='ltr'><strong>A&#39;.</strong></span> <span class='ocrx_word' id='word_1_57' title='bbox 204 546 282 574; x_wconf 77' lang='grc' dir='ltr'>Μετὰ</span> <span class='ocrx_word' id='word_1_58' title='bbox 297 546 409 578; x_wconf 83' lang='grc' dir='ltr'>τούτους</span> <span class='ocrx_word' id='word_1_59' title='bbox 423 547 487 579; x_wconf 81' lang='grc' dir='ltr'>τοὺς</span> <span class='ocrx_word' id='word_1_60' title='bbox 501 546 688 578; x_wconf 74' lang='grc' dir='ltr'>Ἐϐιωναιους,</span> <span class='ocrx_word' id='word_1_61' title='bbox 705 546 899 582; x_wconf 78' lang='grc' dir='ltr'><strong>καλουμένους,</strong></span> 
     </span>
    </p>
   </div>
   <div class='ocr_carea' id='block_1_12' title="bbox 104 589 900 629">
    <p class='ocr_par' dir='ltr' id='par_1_12' title="bbox 104 589 900 629">
     <span class='ocr_line' id='line_1_12' title="bbox 104 589 900 629; baseline -0.001 -10"><span class='ocrx_word' id='word_1_62' title='bbox 104 589 144 619; x_wconf 78' lang='grc' dir='ltr'>ὧν</span> <span class='ocrx_word' id='word_1_63' title='bbox 163 593 212 629; x_wconf 84' lang='grc' dir='ltr'>τὴν</span> <span class='ocrx_word' id='word_1_64' title='bbox 236 593 384 628; x_wconf 77' lang='grc' dir='ltr'><strong>μοχθηρίαν</strong></span> <span class='ocrx_word' id='word_1_65' title='bbox 406 592 602 625; x_wconf 84' lang='grc' dir='ltr'>διοδεύσαντες,</span> <span class='ocrx_word' id='word_1_66' title='bbox 625 592 853 627; x_wconf 79' lang='grc' dir='ltr'>ἐπαγγειλάμενοι</span> <span class='ocrx_word' id='word_1_67' title='bbox 871 601 900 618; x_wconf 84' lang='grc' dir='ltr'><strong>τε</strong></span> 
     </span>
    </p>
   </div>
   <div class='ocr_carea' id='block_1_13' title="bbox 104 638 901 674">
    <p class='ocr_par' dir='ltr' id='par_1_13' title="bbox 104 638 901 674">
     <span class='ocr_line' id='line_1_13' title="bbox 104 638 901 674; baseline -0.003 -8"><span class='ocrx_word' id='word_1_68' title='bbox 104 639 176 666; x_wconf 79' lang='grc' dir='ltr'>Θεοῦ</span> <span class='ocrx_word' id='word_1_69' title='bbox 195 639 308 673; x_wconf 77' lang='grc' dir='ltr'><strong>δυνάμει</strong></span> <span class='ocrx_word' id='word_1_70' title='bbox 325 639 376 670; x_wconf 85' lang='grc' dir='ltr'>τὰς</span> <span class='ocrx_word' id='word_1_71' title='bbox 392 639 456 673; x_wconf 77' lang='grc' dir='ltr'><strong>ἑξῆς</strong></span> <span class='ocrx_word' id='word_1_72' title='bbox 476 638 577 674; x_wconf 80' lang='grc' dir='ltr'>ἐτέρων</span> <span class='ocrx_word' id='word_1_73' title='bbox 601 638 692 674; x_wconf 85' lang='grc' dir='ltr'>θηρῶν</span> <span class='ocrx_word' id='word_1_74' title='bbox 718 638 835 674; x_wconf 72' lang='grc' dir='ltr'>μορφὰς,</span> <span class='ocrx_word' id='word_1_75' title='bbox 856 638 901 664; x_wconf 77' lang='grc' dir='ltr'>καὶ</span> 
     </span>
    </p>
   </div>
   <div class='ocr_carea' id='block_1_14' title="bbox 107 684 901 721">
    <p class='ocr_par' dir='ltr' id='par_1_14' title="bbox 107 684 901 721">
     <span class='ocr_line' id='line_1_14' title="bbox 107 684 901 721; baseline -0.004 -8"><span class='ocrx_word' id='word_1_76' title='bbox 107 686 166 717; x_wconf 77' lang='grc' dir='ltr'>ἰοὺς</span> <span class='ocrx_word' id='word_1_77' title='bbox 177 685 310 721; x_wconf 80' lang='grc' dir='ltr'><strong>ἑρπετῶν,</strong></span> <span class='ocrx_word' id='word_1_78' title='bbox 324 685 450 720; x_wconf 80' lang='grc' dir='ltr'>δήγματά</span> <span class='ocrx_word' id='word_1_79' title='bbox 461 693 491 711; x_wconf 88' lang='grc' dir='ltr'><strong>τε</strong></span> <span class='ocrx_word' id='word_1_80' title='bbox 506 685 552 711; x_wconf 81' lang='grc' dir='ltr'><strong>καὶ</strong></span> <span class='ocrx_word' id='word_1_81' title='bbox 565 685 715 720; x_wconf 81' lang='grc' dir='ltr'>δηλητήρια</span> <span class='ocrx_word' id='word_1_82' title='bbox 727 685 851 719; x_wconf 75' lang='grc' dir='ltr'>ἐχούσας.</span> <span class='ocrx_word' id='word_1_83' title='bbox 864 684 901 715; x_wconf 88' lang='grc' dir='ltr'>ὡς</span> 
     </span>
    </p>
   </div>
   <div class='ocr_carea' id='block_1_15' title="bbox 107 731 901 766">
    <p class='ocr_par' dir='ltr' id='par_1_15' title="bbox 107 731 901 766">
     <span class='ocr_line' id='line_1_15' title="bbox 107 731 901 766; baseline -0.003 -7"><span class='ocrx_word' id='word_1_84' title='bbox 107 733 138 760; x_wconf 80' lang='grc' dir='ltr'>ἑν</span> <span class='ocrx_word' id='word_1_85' title='bbox 152 734 212 763; x_wconf 87' lang='grc' dir='ltr'>ταῖς</span> <span class='ocrx_word' id='word_1_86' title='bbox 228 732 317 759; x_wconf 77' lang='grc' dir='ltr'>αὐτῶν</span> <span class='ocrx_word' id='word_1_87' title='bbox 337 731 521 763; x_wconf 75' lang='grc' dir='ltr'><strong>διδασκαλίαις</strong></span> <span class='ocrx_word' id='word_1_88' title='bbox 532 752 539 764; x_wconf 87' lang='lat'><strong>,</strong></span> <span class='ocrx_word' id='word_1_89' title='bbox 560 732 597 763; x_wconf 83' lang='grc' dir='ltr'>ὡς</span> <span class='ocrx_word' id='word_1_90' title='bbox 616 731 669 758; x_wconf 77' lang='grc' dir='ltr'>ἀπὸ</span> <span class='ocrx_word' id='word_1_91' title='bbox 683 732 822 766; x_wconf 78' lang='grc' dir='ltr'><strong>χάσματος</strong></span> <span class='ocrx_word' id='word_1_92' title='bbox 838 731 901 758; x_wconf 80' lang='grc' dir='ltr'>ἰδεῖν</span> 
     </span>
    </p>
   </div>
   <div class='ocr_carea' id='block_1_16' title="bbox 109 776 900 813">
    <p class='ocr_par' dir='ltr' id='par_1_16' title="bbox 109 776 900 813">
     <span class='ocr_line' id='line_1_16' title="bbox 109 776 900 813; baseline -0.005 -7"><span class='ocrx_word' id='word_1_93' title='bbox 109 780 216 810; x_wconf 72' lang='grc' dir='ltr'>ἔνεστι,</span> <span class='ocrx_word' id='word_1_94' title='bbox 233 778 367 813; x_wconf 71' lang='grc' dir='ltr'>πυρϐὁλον</span> <span class='ocrx_word' id='word_1_95' title='bbox 389 778 405 813; x_wconf 85' lang='grc' dir='ltr'><strong>ἢ</strong></span> <span class='ocrx_word' id='word_1_96' title='bbox 431 777 546 813; x_wconf 76' lang='grc' dir='ltr'>ἑρπετοῦ</span> <span class='ocrx_word' id='word_1_97' title='bbox 566 777 652 803; x_wconf 81' lang='grc' dir='ltr'>δεινοῦ</span> <span class='ocrx_word' id='word_1_98' title='bbox 669 778 715 803; x_wconf 78' lang='grc' dir='ltr'>καὶ</span> <span class='ocrx_word' id='word_1_99' title='bbox 743 776 900 812; x_wconf 75' lang='grc' dir='ltr'>βασιλίσκω)</span> 
     </span>
    </p>
   </div>
   <div class='ocr_carea' id='block_1_17' title="bbox 109 824 901 861">
    <p class='ocr_par' dir='ltr' id='par_1_17' title="bbox 109 824 901 861">
     <span class='ocr_line' id='line_1_17' title="bbox 109 824 901 861; baseline -0.005 -8"><span class='ocrx_word' id='word_1_100' title='bbox 109 825 306 861; x_wconf 78' lang='grc' dir='ltr'>κεκυημένας,</span> <span class='ocrx_word' id='word_1_101' title='bbox 338 825 384 851; x_wconf 73' lang='grc' dir='ltr'><strong>ἐπὶ</strong></span> <span class='ocrx_word' id='word_1_102' title='bbox 415 824 463 860; x_wconf 80' lang='grc' dir='ltr'><strong>τὴν</strong></span> <span class='ocrx_word' id='word_1_103' title='bbox 495 824 549 850; x_wconf 85' lang='grc' dir='ltr'><strong>τῶν</strong></span> <span class='ocrx_word' id='word_1_104' title='bbox 582 824 764 851; x_wconf 80' lang='grc' dir='ltr'>Οὑαλεντίνων</span> <span class='ocrx_word' id='word_1_105' title='bbox 796 824 901 858; x_wconf 77' lang='grc' dir='ltr'>αἵρεσιν</span> 
     </span>
    </p>
   </div>
   <div class='ocr_carea' id='block_1_18' title="bbox 109 871 901 908">
    <p class='ocr_par' dir='ltr' id='par_1_18' title="bbox 109 871 901 908">
     <span class='ocr_line' id='line_1_18' title="bbox 109 871 901 908; baseline -0.003 -9"><span class='ocrx_word' id='word_1_106' title='bbox 109 873 236 908; x_wconf 78' lang='grc' dir='ltr'>διέξειμι,</span> <span class='ocrx_word' id='word_1_107' title='bbox 262 872 306 898; x_wconf 75' lang='grc' dir='ltr'>τὶιν</span> <span class='ocrx_word' id='word_1_108' title='bbox 329 872 437 907; x_wconf 77' lang='grc' dir='ltr'>ἔλεγχον</span> <span class='ocrx_word' id='word_1_109' title='bbox 459 871 548 898; x_wconf 81' lang='grc' dir='ltr'>αὐτῶν</span> <span class='ocrx_word' id='word_1_110' title='bbox 576 871 647 898; x_wconf 81' lang='grc' dir='ltr'>κατὰ</span> <span class='ocrx_word' id='word_1_111' title='bbox 669 871 782 907; x_wconf 85' lang='grc' dir='ltr'>δύναμιν</span> <span class='ocrx_word' id='word_1_112' title='bbox 808 871 901 898; x_wconf 84' lang='grc' dir='ltr'>ποιού-</span> 
     </span>
    </p>
   </div>
   <div class='ocr_carea' id='block_1_19' title="bbox 112 917 902 954">
    <p class='ocr_par' dir='ltr' id='par_1_19' title="bbox 112 917 902 954">
     <span class='ocr_line' id='line_1_19' title="bbox 112 917 902 954; baseline -0.001 -9"><span class='ocrx_word' id='word_1_113' title='bbox 112 927 210 954; x_wconf 80' lang='grc' dir='ltr'>μενος,</span> <span class='ocrx_word' id='word_1_114' title='bbox 233 918 288 944; x_wconf 81' lang='grc' dir='ltr'><strong>τῶν</strong></span> <span class='ocrx_word' id='word_1_115' title='bbox 311 917 344 954; x_wconf 85' lang='grc' dir='ltr'>δὴ</span> <span class='ocrx_word' id='word_1_116' title='bbox 371 918 416 945; x_wconf 81' lang='grc' dir='ltr'><strong>καὶ</strong></span> <span class='ocrx_word' id='word_1_117' title='bbox 440 917 599 944; x_wconf 75' lang='grc' dir='ltr'>Γνωστικῶν</span> <span class='ocrx_word' id='word_1_118' title='bbox 624 918 730 949; x_wconf 77' lang='grc' dir='ltr'><strong>ἑαυτοῖς</strong></span> <span class='ocrx_word' id='word_1_119' title='bbox 756 918 902 944; x_wconf 81' lang='grc' dir='ltr'>ἐπιθέντων</span> 
     </span>
    </p>
   </div>
   <div class='ocr_carea' id='block_1_20' title="bbox 108 960 902 998">
    <p class='ocr_par' dir='ltr' id='par_1_20' title="bbox 108 960 902 998">
     <span class='ocr_line' id='line_1_20' title="bbox 108 960 902 998; baseline -0.003 -8"><span class='ocrx_word' id='word_1_120' title='bbox 108 964 194 998; x_wconf 73' lang='grc' dir='ltr'>ὄνομα</span> <span class='ocrx_word' id='word_1_121' title='bbox 204 984 211 996; x_wconf 86' lang='grc'><strong>,</strong></span> <span class='ocrx_word' id='word_1_122' title='bbox 226 960 264 990; x_wconf 85' lang='grc' dir='ltr'>ὦν</span> <span class='ocrx_word' id='word_1_123' title='bbox 276 963 402 998; x_wconf 66' lang='grc' dir='ltr'>διαφοραὶ</span> <span class='ocrx_word' id='word_1_124' title='bbox 417 962 465 998; x_wconf 77' lang='grc' dir='ltr'><strong>μέν</strong></span> <span class='ocrx_word' id='word_1_125' title='bbox 481 963 533 989; x_wconf 84' lang='grc' dir='ltr'>εἰσι</span> <span class='ocrx_word' id='word_1_126' title='bbox 553 963 619 989; x_wconf 77' lang='grc' dir='ltr'>δέκα</span> <span class='ocrx_word' id='word_1_127' title='bbox 636 963 664 989; x_wconf 84' lang='grc' dir='ltr'>ἐν</span> <span class='ocrx_word' id='word_1_128' title='bbox 682 963 730 998; x_wconf 80' lang='grc' dir='ltr'>μιᾷ</span> <span class='ocrx_word' id='word_1_129' title='bbox 747 963 837 998; x_wconf 82' lang='grc' dir='ltr'>πληγῇ</span> <span class='ocrx_word' id='word_1_130' title='bbox 852 963 902 997; x_wconf 81' lang='grc' dir='ltr'>τῆς</span> 
     </span>
    </p>
   </div>
   <div class='ocr_carea' id='block_1_21' title="bbox 108 1009 902 1045">
    <p class='ocr_par' dir='ltr' id='par_1_21' title="bbox 108 1009 902 1045">
     <span class='ocr_line' id='line_1_21' title="bbox 108 1009 902 1045; baseline -0.001 -8"><span class='ocrx_word' id='word_1_131' title='bbox 108 1010 200 1037; x_wconf 74' lang='grc' dir='ltr'>αὐτῶν</span> <span class='ocrx_word' id='word_1_132' title='bbox 220 1010 405 1045; x_wconf 81' lang='grc' dir='ltr'>ὀνειροπολίας</span> <span class='ocrx_word' id='word_1_133' title='bbox 426 1009 561 1044; x_wconf 82' lang='grc' dir='ltr'>συζυγιῶν</span> <span class='ocrx_word' id='word_1_134' title='bbox 582 1018 612 1036; x_wconf 85' lang='grc' dir='ltr'><strong>τε</strong></span> <span class='ocrx_word' id='word_1_135' title='bbox 631 1009 677 1036; x_wconf 77' lang='grc' dir='ltr'><strong>καὶ</strong></span> <span class='ocrx_word' id='word_1_136' title='bbox 696 1009 840 1044; x_wconf 80' lang='grc' dir='ltr'>ὁγδοάδων,</span> <span class='ocrx_word' id='word_1_137' title='bbox 856 1010 902 1036; x_wconf 73' lang='grc' dir='ltr'>καὶ</span> 
     </span>
    </p>
   </div>
   <div class='ocr_carea' id='block_1_22' title="bbox 107 1055 903 1092">
    <p class='ocr_par' dir='ltr' id='par_1_22' title="bbox 107 1055 903 1092">
     <span class='ocr_line' id='line_1_22' title="bbox 107 1055 903 1092; baseline 0 -10"><span class='ocrx_word' id='word_1_138' title='bbox 107 1055 325 1092; x_wconf 75' lang='grc' dir='ltr'>ἀρρενοθηλειῶν</span> <span class='ocrx_word' id='word_1_139' title='bbox 342 1055 458 1082; x_wconf 70' lang='grc' dir='ltr'>αἰωνίων</span> <span class='ocrx_word' id='word_1_140' title='bbox 478 1056 486 1071; x_wconf 82' lang='grc'>¹</span> <span class='ocrx_word' id='word_1_141' title='bbox 504 1055 674 1090; x_wconf 85' lang='grc' dir='ltr'>ἁλληνάλλως</span> <span class='ocrx_word' id='word_1_142' title='bbox 691 1056 843 1092; x_wconf 65' lang='grc' dir='ltr'>ἰσορρόπως</span> <span class='ocrx_word' id='word_1_143' title='bbox 856 1065 903 1082; x_wconf 85' lang='grc' dir='ltr'>πε-</span> 
     </span>
    </p>
   </div>
   <div class='ocr_carea' id='block_1_23' title="bbox 109 1101 902 1137">
    <p class='ocr_par' dir='ltr' id='par_1_23' title="bbox 109 1101 902 1137">
     <span class='ocr_line' id='line_1_23' title="bbox 109 1101 902 1137; baseline 0.001 -10"><span class='ocrx_word' id='word_1_144' title='bbox 109 1101 285 1137; x_wconf 58' lang='grc' dir='ltr'>πληγμένων</span> <span class='ocrx_word' id='word_1_145' title='bbox 297 1101 388 1128; x_wconf 79' lang='grc' dir='ltr'>οὐκέτι</span> <span class='ocrx_word' id='word_1_146' title='bbox 402 1101 450 1136; x_wconf 82' lang='grc' dir='ltr'><strong>μὲν</strong></span> <span class='ocrx_word' id='word_1_147' title='bbox 460 1101 531 1128; x_wconf 81' lang='grc' dir='ltr'>κατὰ</span> <span class='ocrx_word' id='word_1_148' title='bbox 540 1101 651 1137; x_wconf 83' lang='grc' dir='ltr'>χρόνους</span> <span class='ocrx_word' id='word_1_149' title='bbox 661 1102 766 1128; x_wconf 76' lang='grc' dir='ltr'>τάττων</span> <span class='ocrx_word' id='word_1_150' title='bbox 776 1102 902 1137; x_wconf 77' lang='grc' dir='ltr'><strong>διαδοχῆς</strong></span> 
     </span>
    </p>
   </div>
   <div class='ocr_carea' id='block_1_24' title="bbox 108 1147 902 1184">
    <p class='ocr_par' dir='ltr' id='par_1_24' title="bbox 108 1147 902 1184">
     <span class='ocr_line' id='line_1_24' title="bbox 108 1147 902 1184; baseline 0.001 -10"><span class='ocrx_word' id='word_1_151' title='bbox 108 1149 158 1183; x_wconf 76' lang='grc' dir='ltr'><strong>τὴν</strong></span> <span class='ocrx_word' id='word_1_152' title='bbox 175 1148 311 1180; x_wconf 72' lang='grc' dir='ltr'>σύνταξιν,</span> <span class='ocrx_word' id='word_1_153' title='bbox 329 1147 396 1174; x_wconf 81' lang='grc' dir='ltr'>ἀλλὰ</span> <span class='ocrx_word' id='word_1_154' title='bbox 415 1147 486 1174; x_wconf 79' lang='grc' dir='ltr'>κατὰ</span> <span class='ocrx_word' id='word_1_155' title='bbox 508 1147 658 1183; x_wconf 74' lang='grc' dir='ltr'>πρόσϐασιν</span> <span class='ocrx_word' id='word_1_156' title='bbox 678 1149 724 1182; x_wconf 79' lang='grc' dir='ltr'><strong>ἀφ’</strong></span> <span class='ocrx_word' id='word_1_157' title='bbox 751 1148 846 1184; x_wconf 76' lang='grc' dir='ltr'>ἐτέρας</span> <span class='ocrx_word' id='word_1_158' title='bbox 862 1150 902 1180; x_wconf 76' lang='grc' dir='ltr'>εἰς</span> 
     </span>
    </p>
   </div>
   <div class='ocr_carea' id='block_1_25' title="bbox 108 1191 902 1230">
    <p class='ocr_par' dir='ltr' id='par_1_25' title="bbox 108 1191 902 1230">
     <span class='ocr_line' id='line_1_25' title="bbox 108 1191 902 1230; baseline 0 -9"><span class='ocrx_word' id='word_1_159' title='bbox 108 1195 207 1229; x_wconf 80' lang='grc' dir='ltr'>ἑτέραν</span> <span class='ocrx_word' id='word_1_160' title='bbox 219 1194 401 1230; x_wconf 84' lang='grc' dir='ltr'>διερχόμενος.</span> <span class='ocrx_word' id='word_1_161' title='bbox 420 1193 464 1219; x_wconf 82' lang='grc' dir='ltr'>Ἐν</span> <span class='ocrx_word' id='word_1_162' title='bbox 483 1194 524 1220; x_wconf 68' lang='grc' dir='ltr'>ἑνὶ</span> <span class='ocrx_word' id='word_1_163' title='bbox 540 1193 594 1229; x_wconf 79' lang='grc' dir='ltr'><strong>γὰρ</strong></span> <span class='ocrx_word' id='word_1_164' title='bbox 612 1194 699 1229; x_wconf 81' lang='grc' dir='ltr'>χρόνῳ</span> <span class='ocrx_word' id='word_1_165' title='bbox 716 1191 787 1220; x_wconf 71' lang='grc' dir='ltr'>οὗτοι</span> <span class='ocrx_word' id='word_1_166' title='bbox 802 1195 902 1226; x_wconf 82' lang='grc' dir='ltr'>πάντες</span> 
     </span>
    </p>
   </div>
   <div class='ocr_carea' id='block_1_26' title="bbox 108 1239 902 1275">
    <p class='ocr_par' dir='ltr' id='par_1_26' title="bbox 108 1239 902 1275">
     <span class='ocr_line' id='line_1_26' title="bbox 108 1239 902 1275; baseline -0.001 -8"><span class='ocrx_word' id='word_1_167' title='bbox 108 1240 147 1272; x_wconf 84' lang='grc' dir='ltr'>ὡς</span> <span class='ocrx_word' id='word_1_168' title='bbox 163 1240 283 1275; x_wconf 79' lang='grc' dir='ltr'>μύκητες</span> <span class='ocrx_word' id='word_1_169' title='bbox 299 1241 331 1265; x_wconf 79' lang='grc' dir='ltr'><strong>ἐκ</strong></span> <span class='ocrx_word' id='word_1_170' title='bbox 344 1240 395 1274; x_wconf 76' lang='grc' dir='ltr'>γῆς</span> <span class='ocrx_word' id='word_1_171' title='bbox 409 1239 612 1274; x_wconf 75' lang='grc' dir='ltr'>ἀνεϐλάστησαν</span> <span class='ocrx_word' id='word_1_172' title='bbox 624 1261 630 1271; x_wconf 84' lang='grc'><strong>,</strong></span> <span class='ocrx_word' id='word_1_173' title='bbox 649 1240 696 1266; x_wconf 79' lang='grc' dir='ltr'><strong>καὶ</strong></span> <span class='ocrx_word' id='word_1_174' title='bbox 709 1239 803 1275; x_wconf 77' lang='grc' dir='ltr'>ὥσπερ</span> <span class='ocrx_word' id='word_1_175' title='bbox 817 1241 902 1266; x_wconf 83' lang='grc' dir='ltr'>κακό-</span> 
     </span>
    </p>
   </div>
   <div class='ocr_carea' id='block_1_27' title="bbox 111 1285 902 1322">
    <p class='ocr_par' dir='ltr' id='par_1_27' title="bbox 111 1285 902 1322">
     <span class='ocr_line' id='line_1_27' title="bbox 111 1285 902 1322; baseline 0.001 -10"><span class='ocrx_word' id='word_1_176' title='bbox 111 1295 196 1322; x_wconf 86' lang='grc' dir='ltr'>ρεκτα</span> <span class='ocrx_word' id='word_1_177' title='bbox 212 1287 258 1312; x_wconf 75' lang='grc' dir='ltr'><strong>καὶ</strong></span> <span class='ocrx_word' id='word_1_178' title='bbox 273 1285 378 1321; x_wconf 73' lang='grc' dir='ltr'>δυσώδη</span> <span class='ocrx_word' id='word_1_179' title='bbox 400 1285 518 1320; x_wconf 77' lang='grc' dir='ltr'>βοτανῶν</span> <span class='ocrx_word' id='word_1_180' title='bbox 534 1285 710 1321; x_wconf 72' lang='grc' dir='ltr'><strong>βλαστήματα</strong></span> <span class='ocrx_word' id='word_1_181' title='bbox 721 1306 728 1318; x_wconf 94' lang='grc'><strong>,</strong></span> <span class='ocrx_word' id='word_1_182' title='bbox 744 1287 791 1313; x_wconf 76' lang='grc' dir='ltr'>καὶ</span> <span class='ocrx_word' id='word_1_183' title='bbox 806 1287 902 1322; x_wconf 78' lang='grc' dir='ltr'>χόρτος</span> 
     </span>
    </p>
   </div>
   <div class='ocr_carea' id='block_1_28' title="bbox 109 1331 904 1367">
    <p class='ocr_par' dir='ltr' id='par_1_28' title="bbox 109 1331 904 1367">
     <span class='ocr_line' id='line_1_28' title="bbox 109 1331 904 1367; baseline 0 -8"><span class='ocrx_word' id='word_1_184' title='bbox 109 1331 280 1367; x_wconf 77' lang='grc' dir='ltr'><strong>ἀκανθώδης,</strong></span> <span class='ocrx_word' id='word_1_185' title='bbox 294 1332 340 1358; x_wconf 70' lang='grc' dir='ltr'><strong>καὶ</strong></span> <span class='ocrx_word' id='word_1_186' title='bbox 355 1332 392 1363; x_wconf 86' lang='grc' dir='ltr'>ὼς</span> <span class='ocrx_word' id='word_1_187' title='bbox 407 1332 508 1366; x_wconf 69' lang='grc' dir='ltr'>φωλεὸς</span> <span class='ocrx_word' id='word_1_188' title='bbox 520 1331 625 1358; x_wconf 66' lang='grc' dir='ltr'>πολλῶν</span> <span class='ocrx_word' id='word_1_189' title='bbox 641 1332 788 1367; x_wconf 76' lang='grc' dir='ltr'>σκορπίων,</span> <span class='ocrx_word' id='word_1_190' title='bbox 801 1332 830 1365; x_wconf 77' lang='grc' dir='ltr'><strong>ἐξ</strong></span> <span class='ocrx_word' id='word_1_191' title='bbox 845 1333 904 1364; x_wconf 78' lang='grc' dir='ltr'>ἐνὸς</span> 
     </span>
    </p>
   </div>
   <div class='ocr_carea' id='block_1_29' title="bbox 110 1377 901 1413">
    <p class='ocr_par' dir='ltr' id='par_1_29' title="bbox 110 1377 901 1413">
     <span class='ocr_line' id='line_1_29' title="bbox 110 1377 901 1413; baseline 0 -9"><span class='ocrx_word' id='word_1_192' title='bbox 110 1378 211 1409; x_wconf 80' lang='grc' dir='ltr'>πάντες</span> <span class='ocrx_word' id='word_1_193' title='bbox 221 1377 317 1412; x_wconf 87' lang='grc' dir='ltr'>καιροῦ</span> <span class='ocrx_word' id='word_1_194' title='bbox 329 1377 368 1412; x_wconf 81' lang='grc' dir='ltr'>τῷ</span> <span class='ocrx_word' id='word_1_195' title='bbox 384 1377 433 1412; x_wconf 86' lang='grc' dir='ltr'><strong>βίῳ</strong></span> <span class='ocrx_word' id='word_1_196' title='bbox 448 1377 618 1412; x_wconf 72' lang='grc' dir='ltr'>ὲὸλάστησαν</span> <span class='ocrx_word' id='word_1_197' title='bbox 634 1378 691 1408; x_wconf 76' lang='grc' dir='ltr'>καὶ,</span> <span class='ocrx_word' id='word_1_198' title='bbox 707 1378 744 1409; x_wconf 86' lang='grc' dir='ltr'>ὡς</span> <span class='ocrx_word' id='word_1_199' title='bbox 762 1380 901 1413; x_wconf 83' lang='grc' dir='ltr'>προεῖπον,</span> 
     </span>
    </p>
   </div>
   <div class='ocr_carea' id='block_1_30' title="bbox 109 1423 902 1460">
    <p class='ocr_par' dir='ltr' id='par_1_30' title="bbox 109 1423 902 1460">
     <span class='ocr_line' id='line_1_30' title="bbox 109 1423 902 1460; baseline 0.001 -10"><span class='ocrx_word' id='word_1_200' title='bbox 109 1424 188 1459; x_wconf 83' lang='grc' dir='ltr'>δίκην</span> <span class='ocrx_word' id='word_1_201' title='bbox 199 1425 326 1459; x_wconf 74' lang='grc' dir='ltr'>μυκήτων</span> <span class='ocrx_word' id='word_1_202' title='bbox 338 1425 371 1459; x_wconf 82' lang='grc' dir='ltr'>τῇ</span> <span class='ocrx_word' id='word_1_203' title='bbox 385 1424 509 1460; x_wconf 67' lang='grc' dir='ltr'>ἀμορφία</span> <span class='ocrx_word' id='word_1_204' title='bbox 520 1424 572 1450; x_wconf 79' lang='grc' dir='ltr'>ὑπὸ</span> <span class='ocrx_word' id='word_1_205' title='bbox 585 1424 649 1460; x_wconf 81' lang='grc' dir='ltr'>μίαν</span> <span class='ocrx_word' id='word_1_206' title='bbox 660 1423 728 1456; x_wconf 78' lang='grc' dir='ltr'>θίξιν</span> <span class='ocrx_word' id='word_1_207' title='bbox 740 1425 902 1460; x_wconf 72' lang='grc' dir='ltr'>πεφήνασιν,</span> 
     </span>
    </p>
   </div>
   <div class='ocr_carea' id='block_1_31' title="bbox 111 1470 903 1506">
    <p class='ocr_par' dir='ltr' id='par_1_31' title="bbox 111 1470 903 1506">
     <span class='ocr_line' id='line_1_31' title="bbox 111 1470 903 1506; baseline 0 -10"><span class='ocrx_word' id='word_1_208' title='bbox 111 1471 149 1502; x_wconf 82' lang='grc' dir='ltr'>ὡς</span> <span class='ocrx_word' id='word_1_209' title='bbox 175 1472 222 1497; x_wconf 85' lang='grc' dir='ltr'><strong>χαί</strong></span> <span class='ocrx_word' id='word_1_210' title='bbox 250 1471 288 1506; x_wconf 82' lang='grc' dir='ltr'><strong>τῷ</strong></span> <span class='ocrx_word' id='word_1_211' title='bbox 312 1470 455 1505; x_wconf 78' lang='grc' dir='ltr'>ἁγιωτάτῳ</span> <span class='ocrx_word' id='word_1_212' title='bbox 480 1471 617 1506; x_wconf 71' lang='grc' dir='ltr'>Εἰρηναίῳ</span> <span class='ocrx_word' id='word_1_213' title='bbox 644 1471 694 1506; x_wconf 70' lang='grc' dir='ltr'>ἤδη</span> <span class='ocrx_word' id='word_1_214' title='bbox 724 1471 787 1506; x_wconf 82' lang='grc' dir='ltr'>περὶ</span> <span class='ocrx_word' id='word_1_215' title='bbox 815 1471 903 1497; x_wconf 78' lang='grc' dir='ltr'>αὐτῶν</span> 
     </span>
    </p>
   </div>
   <div class='ocr_carea' id='block_1_32' title="bbox 112 1514 902 1553">
    <p class='ocr_par' dir='ltr' id='par_1_32' title="bbox 112 1514 902 1553">
     <span class='ocr_line' id='line_1_32' title="bbox 112 1514 902 1553; baseline 0.001 -11"><span class='ocrx_word' id='word_1_216' title='bbox 112 1517 283 1552; x_wconf 77' lang='grc' dir='ltr'>προείρηται.</span> <span class='ocrx_word' id='word_1_217' title='bbox 303 1517 449 1552; x_wconf 69' lang='grc' dir='ltr'>Σὺγχρονοι</span> <span class='ocrx_word' id='word_1_218' title='bbox 465 1517 518 1553; x_wconf 76' lang='grc' dir='ltr'><strong>γὰρ</strong></span> <span class='ocrx_word' id='word_1_219' title='bbox 535 1517 678 1551; x_wconf 77' lang='grc' dir='ltr'>γεγόνασιν</span> <span class='ocrx_word' id='word_1_220' title='bbox 700 1514 772 1544; x_wconf 81' lang='grc' dir='ltr'>οῦτοι</span> <span class='ocrx_word' id='word_1_221' title='bbox 792 1518 902 1548; x_wconf 73' lang='grc' dir='ltr'>πάντες·</span> 
     </span>
    </p>
   </div>
   <div class='ocr_carea' id='block_1_33' title="bbox 952 268 1738 302">
    <p class='ocr_par' dir='ltr' id='par_1_33' title="bbox 952 268 1738 302">
     <span class='ocr_line' id='line_1_33' title="bbox 952 268 1738 302; baseline -0.003 -5"><span class='ocrx_word' id='word_1_222' title='bbox 952 270 1110 298; x_wconf 84' lang='lat' dir='ltr'><strong>refellimus.</strong></span> <span class='ocrx_word' id='word_1_223' title='bbox 1121 270 1199 298; x_wconf 85' lang='lat' dir='ltr'><strong>Nunc</strong></span> <span class='ocrx_word' id='word_1_224' title='bbox 1213 270 1246 297; x_wconf 85' lang='lat' dir='ltr'><strong>ad</strong></span> <span class='ocrx_word' id='word_1_225' title='bbox 1258 270 1326 297; x_wconf 85' lang='lat' dir='ltr'><strong>alias</strong></span> <span class='ocrx_word' id='word_1_226' title='bbox 1338 273 1522 302; x_wconf 86' lang='lat' dir='ltr'><strong>transeamus,</strong></span> <span class='ocrx_word' id='word_1_227' title='bbox 1533 269 1636 299; x_wconf 90' lang='lat' dir='ltr'><strong>dilecti.</strong></span> <span class='ocrx_word' id='word_1_228' title='bbox 1649 276 1681 296; x_wconf 86' lang='lat' dir='ltr'><strong>ac</strong></span> <span class='ocrx_word' id='word_1_229' title='bbox 1690 268 1738 295; x_wconf 80' lang='lat' dir='ltr'><strong>Dei</strong></span> 
     </span>
    </p>
   </div>
   <div class='ocr_carea' id='block_1_34' title="bbox 951 316 1738 352">
    <p class='ocr_par' dir='ltr' id='par_1_34' title="bbox 951 316 1738 352">
     <span class='ocr_line' id='line_1_34' title="bbox 951 316 1738 352; baseline -0.001 -8"><span class='ocrx_word' id='word_1_230' title='bbox 951 317 1110 352; x_wconf 60' lang='lat' dir='ltr'><strong>prasidium</strong></span> <span class='ocrx_word' id='word_1_231' title='bbox 1125 317 1315 352; x_wconf 86' lang='lat' dir='ltr'><strong>imploremus,</strong></span> <span class='ocrx_word' id='word_1_232' title='bbox 1330 321 1360 344; x_wconf 91' lang='lat' dir='ltr'><strong>ut</strong></span> <span class='ocrx_word' id='word_1_233' title='bbox 1370 317 1442 351; x_wconf 90' lang='lat' dir='ltr'><strong>quod</strong></span> <span class='ocrx_word' id='word_1_234' title='bbox 1459 317 1510 344; x_wconf 87' lang='lat' dir='ltr'><strong>hoc</strong></span> <span class='ocrx_word' id='word_1_235' title='bbox 1523 324 1606 352; x_wconf 82' lang='lat' dir='ltr'><strong>opere</strong></span> <span class='ocrx_word' id='word_1_236' title='bbox 1614 316 1738 350; x_wconf 88' lang='lat' dir='ltr'><strong>suscepi-</strong></span> 
     </span>
    </p>
   </div>
   <div class='ocr_carea' id='block_1_35' title="bbox 949 362 1737 398">
    <p class='ocr_par' dir='ltr' id='par_1_35' title="bbox 949 362 1737 398">
     <span class='ocr_line' id='line_1_35' title="bbox 949 362 1737 398; baseline -0.004 -8"><span class='ocrx_word' id='word_1_237' title='bbox 949 371 1012 391; x_wconf 88' lang='lat' dir='ltr'><strong>mus</strong></span> <span class='ocrx_word' id='word_1_238' title='bbox 1020 364 1156 391; x_wconf 85' lang='lat' dir='ltr'><strong>cumulate</strong></span> <span class='ocrx_word' id='word_1_239' title='bbox 1170 371 1217 398; x_wconf 86' lang='lat' dir='ltr'><strong>per</strong></span> <span class='ocrx_word' id='word_1_240' title='bbox 1226 366 1276 391; x_wconf 77' lang='lat' dir='ltr'><strong>nes</strong></span> <span class='ocrx_word' id='word_1_241' title='bbox 1291 363 1325 390; x_wconf 87' lang='lat' dir='ltr'><strong>ad</strong></span> <span class='ocrx_word' id='word_1_242' title='bbox 1339 364 1440 390; x_wconf 80' lang='lat' dir='ltr'><strong>exitum</strong></span> <span class='ocrx_word' id='word_1_243' title='bbox 1448 364 1583 396; x_wconf 81' lang='lat' dir='ltr'><strong>finemque</strong></span> <span class='ocrx_word' id='word_1_244' title='bbox 1597 362 1737 397; x_wconf 85' lang='lat' dir='ltr'><strong>perducat.</strong></span> 
     </span>
    </p>
   </div>
   <div class='ocr_carea' id='block_1_36' title="bbox 993 429 1696 465">
    <p class='ocr_par' dir='ltr' id='par_1_36' title="bbox 993 429 1696 465">
     <span class='ocr_line' id='line_1_36' title="bbox 993 429 1696 465; baseline -0.004 -5"><span class='ocrx_word' id='word_1_245' title='bbox 993 432 1133 460; x_wconf 79' lang='lat' dir='ltr'><strong>CONTRA</strong></span> <span class='ocrx_word' id='word_1_246' title='bbox 1151 432 1377 465; x_wconf 74' lang='lat' dir='ltr'><strong>VALENTINOS,</strong></span> <span class='ocrx_word' id='word_1_247' title='bbox 1399 431 1476 459; x_wconf 85' lang='lat' dir='ltr'><strong>SlVE</strong></span> <span class='ocrx_word' id='word_1_248' title='bbox 1495 429 1696 462; x_wconf 80' lang='lat' dir='ltr'><strong>GNOSTICOS,</strong></span> 
     </span>
    </p>
   </div>
   <div class='ocr_carea' id='block_1_37' title="bbox 1166 488 1527 524">
    <p class='ocr_par' dir='ltr' id='par_1_37' title="bbox 1166 488 1527 524">
     <span class='ocr_line' id='line_1_37' title="bbox 1166 488 1527 524; baseline -0.006 -7"><span class='ocrx_word' id='word_1_249' title='bbox 1166 490 1232 524; x_wconf 79' lang='lat' dir='ltr'><strong>Quw</strong></span> <span class='ocrx_word' id='word_1_250' title='bbox 1245 495 1284 518; x_wconf 77' lang='lat' dir='ltr'><strong>est</strong></span> <span class='ocrx_word' id='word_1_251' title='bbox 1300 489 1406 517; x_wconf 74' lang='lat' dir='ltr'><strong>hwresis</strong></span> <span class='ocrx_word' id='word_1_252' title='bbox 1419 488 1527 516; x_wconf 82' lang='lat' dir='ltr'><strong><em>XXXI.</em></strong></span> 
     </span>
    </p>
   </div>
   <div class='ocr_carea' id='block_1_38' title="bbox 988 543 1740 584">
    <p class='ocr_par' dir='ltr' id='par_1_38' title="bbox 988 543 1740 584">
     <span class='ocr_line' id='line_1_38' title="bbox 988 543 1740 584; baseline -0.005 -10"><span class='ocrx_word' id='word_1_253' title='bbox 988 548 1066 584; x_wconf 72' lang='lat'><strong>163</strong></span> <span class='ocrx_word' id='word_1_254' title='bbox 1076 548 1094 577; x_wconf 92' lang='grc'><strong>1.</strong></span> <span class='ocrx_word' id='word_1_255' title='bbox 1104 546 1283 582; x_wconf 80' lang='lat' dir='ltr'><strong>Posteaquam</strong></span> <span class='ocrx_word' id='word_1_256' title='bbox 1291 545 1477 573; x_wconf 83' lang='lat' dir='ltr'><strong>Ebionitarum</strong></span> <span class='ocrx_word' id='word_1_257' title='bbox 1486 544 1632 580; x_wconf 82' lang='lat' dir='ltr'><strong>nequitiam</strong></span> <span class='ocrx_word' id='word_1_258' title='bbox 1640 543 1740 580; x_wconf 90' lang='lat' dir='ltr'><strong>impro-</strong></span> 
     </span>
    </p>
   </div>
   <div class='ocr_carea' id='block_1_39' title="bbox 953 591 1740 630">
    <p class='ocr_par' dir='ltr' id='par_1_39' title="bbox 953 591 1740 630">
     <span class='ocr_line' id='line_1_39' title="bbox 953 591 1740 630; baseline -0.006 -7"><span class='ocrx_word' id='word_1_259' title='bbox 953 596 1120 630; x_wconf 85' lang='lat' dir='ltr'><strong>bitatemque</strong></span> <span class='ocrx_word' id='word_1_260' title='bbox 1132 593 1327 630; x_wconf 81' lang='lat' dir='ltr'><strong>percurrimus,</strong></span> <span class='ocrx_word' id='word_1_261' title='bbox 1340 600 1400 620; x_wconf 89' lang='lat' dir='ltr'><strong>cum</strong></span> <span class='ocrx_word' id='word_1_262' title='bbox 1412 595 1525 619; x_wconf 81' lang='lat' dir='ltr'><strong>caeteras</strong></span> <span class='ocrx_word' id='word_1_263' title='bbox 1544 591 1660 618; x_wconf 83' lang='lat' dir='ltr'><strong>aliorum</strong></span> <span class='ocrx_word' id='word_1_264' title='bbox 1679 597 1740 618; x_wconf 88' lang='lat' dir='ltr'><strong>ser-</strong></span> 
     </span>
    </p>
   </div>
   <div class='ocr_carea' id='block_1_40' title="bbox 952 636 1740 678">
    <p class='ocr_par' dir='ltr' id='par_1_40' title="bbox 952 636 1740 678">
     <span class='ocr_line' id='line_1_40' title="bbox 952 636 1740 678; baseline -0.009 -9"><span class='ocrx_word' id='word_1_265' title='bbox 952 642 1073 678; x_wconf 89' lang='lat' dir='ltr'><strong>pentium</strong></span> <span class='ocrx_word' id='word_1_266' title='bbox 1091 642 1204 673; x_wconf 80' lang='lat' dir='ltr'><strong>formas,</strong></span> <span class='ocrx_word' id='word_1_267' title='bbox 1220 648 1252 667; x_wconf 85' lang='lat' dir='ltr'><strong>ac</strong></span> <span class='ocrx_word' id='word_1_268' title='bbox 1271 647 1376 667; x_wconf 86' lang='lat' dir='ltr'><strong>venena</strong></span> <span class='ocrx_word' id='word_1_269' title='bbox 1393 639 1542 665; x_wconf 88' lang='lat' dir='ltr'><strong>tradituros</strong></span> <span class='ocrx_word' id='word_1_270' title='bbox 1560 644 1612 664; x_wconf 88' lang='lat' dir='ltr'><strong>nos</strong></span> <span class='ocrx_word' id='word_1_271' title='bbox 1625 643 1686 664; x_wconf 85' lang='lat' dir='ltr'><strong>esse</strong></span> <span class='ocrx_word' id='word_1_272' title='bbox 1700 636 1740 663; x_wconf 83' lang='lat' dir='ltr'><strong>si-</strong></span> 
     </span>
    </p>
   </div>
   <div class='ocr_carea' id='block_1_41' title="bbox 953 685 1740 722">
    <p class='ocr_par' dir='ltr' id='par_1_41' title="bbox 953 685 1740 722">
     <span class='ocr_line' id='line_1_41' title="bbox 953 685 1740 722; baseline -0.009 -7"><span class='ocrx_word' id='word_1_273' title='bbox 953 696 1013 715; x_wconf 89' lang='lat' dir='ltr'><strong>mus</strong></span> <span class='ocrx_word' id='word_1_274' title='bbox 1028 687 1157 722; x_wconf 83' lang='lat' dir='ltr'><strong>polliciti,</strong></span> <span class='ocrx_word' id='word_1_275' title='bbox 1175 693 1292 721; x_wconf 90' lang='lat' dir='ltr'><strong>quorum</strong></span> <span class='ocrx_word' id='word_1_276' title='bbox 1310 689 1337 713; x_wconf 89' lang='lat' dir='ltr'><strong>et</strong></span> <span class='ocrx_word' id='word_1_277' title='bbox 1351 685 1474 712; x_wconf 75' lang='lat' dir='ltr'><strong>exitiales</strong></span> <span class='ocrx_word' id='word_1_278' title='bbox 1490 686 1554 710; x_wconf 86' lang='lat' dir='ltr'><strong>sunt</strong></span> <span class='ocrx_word' id='word_1_279' title='bbox 1569 690 1676 710; x_wconf 89' lang='lat' dir='ltr'><strong>morsus</strong></span> <span class='ocrx_word' id='word_1_280' title='bbox 1686 702 1693 713; x_wconf 87' lang='lat'><strong>,</strong></span> <span class='ocrx_word' id='word_1_281' title='bbox 1710 685 1740 708; x_wconf 85' lang='lat' dir='ltr'><strong>ut</strong></span> 
     </span>
    </p>
   </div>
   <div class='ocr_carea' id='block_1_42' title="bbox 951 729 1772 768">
    <p class='ocr_par' dir='ltr' id='par_1_42' title="bbox 951 729 1772 768">
     <span class='ocr_line' id='line_1_42' title="bbox 951 729 1772 768; baseline -0.01 -7"><span class='ocrx_word' id='word_1_282' title='bbox 951 743 984 762; x_wconf 80' lang='lat' dir='ltr'><strong>ex</strong></span> <span class='ocrx_word' id='word_1_283' title='bbox 999 735 1106 761; x_wconf 89' lang='lat' dir='ltr'><strong>illorum</strong></span> <span class='ocrx_word' id='word_1_284' title='bbox 1122 732 1296 768; x_wconf 77' lang='lat' dir='ltr'><strong>dogmatibus</strong></span> <span class='ocrx_word' id='word_1_285' title='bbox 1309 732 1383 759; x_wconf 75' lang='lat' dir='ltr'><strong>velut</strong></span> <span class='ocrx_word' id='word_1_286' title='bbox 1397 731 1467 758; x_wconf 82' lang='lat' dir='ltr'><strong>rictu</strong></span> <span class='ocrx_word' id='word_1_287' title='bbox 1477 729 1595 765; x_wconf 84' lang='lat' dir='ltr'><strong>quodam</strong></span> <span class='ocrx_word' id='word_1_288' title='bbox 1610 736 1740 763; x_wconf 77' lang='lat' dir='ltr'><strong>apparere</strong></span> <span class='ocrx_word' id='word_1_289' title='bbox 1762 742 1772 750; x_wconf 71' lang='lat'><strong>~</strong></span> 
     </span>
    </p>
   </div>
   <div class='ocr_carea' id='block_1_43' title="bbox 953 775 1740 816">
    <p class='ocr_par' dir='ltr' id='par_1_43' title="bbox 953 775 1740 816">
     <span class='ocr_line' id='line_1_43' title="bbox 953 775 1740 816; baseline -0.009 -8"><span class='ocrx_word' id='word_1_290' title='bbox 953 785 1052 816; x_wconf 82' lang='lat' dir='ltr'><strong>potest,</strong></span> <span class='ocrx_word' id='word_1_291' title='bbox 1069 784 1095 808; x_wconf 87' lang='lat' dir='ltr'><strong>et</strong></span> <span class='ocrx_word' id='word_1_292' title='bbox 1111 780 1186 815; x_wconf 76' lang='lat' dir='ltr'><strong>igniti</strong></span> <span class='ocrx_word' id='word_1_293' title='bbox 1202 778 1355 813; x_wconf 84' lang='lat' dir='ltr'><strong>cujusdam,</strong></span> <span class='ocrx_word' id='word_1_294' title='bbox 1370 777 1557 811; x_wconf 84' lang='lat' dir='ltr'><strong>teterrimique</strong></span> <span class='ocrx_word' id='word_1_295' title='bbox 1572 775 1668 810; x_wconf 81' lang='lat' dir='ltr'><strong>anguis</strong></span> <span class='ocrx_word' id='word_1_296' title='bbox 1694 779 1740 801; x_wconf 89' lang='lat' dir='ltr'><strong>aut</strong></span> 
     </span>
    </p>
   </div>
   <div class='ocr_carea' id='block_1_44' title="bbox 953 821 1741 856">
    <p class='ocr_par' dir='ltr' id='par_1_44' title="bbox 953 821 1741 856">
     <span class='ocr_line' id='line_1_44' title="bbox 953 821 1741 856; baseline -0.009 -2"><span class='ocrx_word' id='word_1_297' title='bbox 953 827 1074 855; x_wconf 89' lang='lat' dir='ltr'><strong>basilisci</strong></span> <span class='ocrx_word' id='word_1_298' title='bbox 1092 827 1177 854; x_wconf 84' lang='lat' dir='ltr'><strong>instar</strong></span> <span class='ocrx_word' id='word_1_299' title='bbox 1195 825 1260 852; x_wconf 84' lang='lat' dir='ltr'><strong>editi</strong></span> <span class='ocrx_word' id='word_1_300' title='bbox 1281 829 1355 856; x_wconf 89' lang='lat' dir='ltr'><strong>sunt,</strong></span> <span class='ocrx_word' id='word_1_301' title='bbox 1375 823 1408 850; x_wconf 81' lang='lat' dir='ltr'><strong>ad</strong></span> <span class='ocrx_word' id='word_1_302' title='bbox 1427 822 1632 849; x_wconf 81' lang='lat' dir='ltr'><strong>Valentinorum</strong></span> <span class='ocrx_word' id='word_1_303' title='bbox 1648 821 1696 856; x_wconf 89' lang='lat' dir='ltr'><strong>qui</strong></span> <span class='ocrx_word' id='word_1_304' title='bbox 1711 829 1741 848; x_wconf 82' lang='lat' dir='ltr'><strong>se</strong></span> 
     </span>
    </p>
   </div>
   <div class='ocr_carea' id='block_1_45' title="bbox 953 869 1741 908">
    <p class='ocr_par' dir='ltr' id='par_1_45' title="bbox 953 869 1741 908">
     <span class='ocr_line' id='line_1_45' title="bbox 953 869 1741 908; baseline -0.01 -7"><span class='ocrx_word' id='word_1_305' title='bbox 953 874 1099 901; x_wconf 86' lang='lat' dir='ltr'><strong>Gnosticos</strong></span> <span class='ocrx_word' id='word_1_306' title='bbox 1113 873 1265 908; x_wconf 83' lang='lat' dir='ltr'><strong>appellant,</strong></span> <span class='ocrx_word' id='word_1_307' title='bbox 1282 870 1452 898; x_wconf 85' lang='lat' dir='ltr'><strong>rel&#39;utaudam</strong></span> <span class='ocrx_word' id='word_1_308' title='bbox 1472 869 1596 896; x_wconf 73' lang='lat' dir='ltr'><strong>lueresim</strong></span> <span class='ocrx_word' id='word_1_309' title='bbox 1612 875 1655 894; x_wconf 91' lang='lat' dir='ltr'><strong>me</strong></span> <span class='ocrx_word' id='word_1_310' title='bbox 1674 875 1741 894; x_wconf 91' lang='lat' dir='ltr'><strong>con-</strong></span> 
     </span>
    </p>
   </div>
   <div class='ocr_carea' id='block_1_46' title="bbox 919 910 1741 955">
    <p class='ocr_par' dir='ltr' id='par_1_46' title="bbox 919 910 1741 955">
     <span class='ocr_line' id='line_1_46' title="bbox 919 910 1741 955; baseline -0.011 -6"><span class='ocrx_word' id='word_1_311' title='bbox 919 910 939 937; x_wconf 76' lang='grc' dir='ltr'><strong>Β</strong></span> <span class='ocrx_word' id='word_1_312' title='bbox 955 921 1049 953; x_wconf 82' lang='lat' dir='ltr'><strong>feram,</strong></span> <span class='ocrx_word' id='word_1_313' title='bbox 1067 920 1139 955; x_wconf 90' lang='lat' dir='ltr'><strong>quod</strong></span> <span class='ocrx_word' id='word_1_314' title='bbox 1158 919 1267 954; x_wconf 79' lang='lat' dir='ltr'><strong>quidem</strong></span> <span class='ocrx_word' id='word_1_315' title='bbox 1290 925 1337 952; x_wconf 89' lang='lat' dir='ltr'><strong>pro</strong></span> <span class='ocrx_word' id='word_1_316' title='bbox 1362 917 1434 945; x_wconf 81' lang='lat' dir='ltr'><strong>virili</strong></span> <span class='ocrx_word' id='word_1_317' title='bbox 1453 919 1530 951; x_wconf 88' lang='lat' dir='ltr'><strong>parte</strong></span> <span class='ocrx_word' id='word_1_318' title='bbox 1549 915 1671 942; x_wconf 86' lang='lat' dir='ltr'><strong>conabor</strong></span> <span class='ocrx_word' id='word_1_319' title='bbox 1689 914 1741 941; x_wconf 86' lang='lat' dir='ltr'><strong>elli-</strong></span> 
     </span>
    </p>
   </div>
   <div class='ocr_carea' id='block_1_47' title="bbox 953 961 1740 999">
    <p class='ocr_par' dir='ltr' id='par_1_47' title="bbox 953 961 1740 999">
     <span class='ocr_line' id='line_1_47' title="bbox 953 961 1740 999; baseline -0.01 -5"><span class='ocrx_word' id='word_1_320' title='bbox 953 975 1024 995; x_wconf 86' lang='lat' dir='ltr'><strong>cere.</strong></span> <span class='ocrx_word' id='word_1_321' title='bbox 1042 966 1143 993; x_wconf 84' lang='lat' dir='ltr'><strong>Horum</strong></span> <span class='ocrx_word' id='word_1_322' title='bbox 1163 965 1255 999; x_wconf 86' lang='lat' dir='ltr'><strong>itaque</strong></span> <span class='ocrx_word' id='word_1_323' title='bbox 1276 963 1368 991; x_wconf 86' lang='lat' dir='ltr'><strong>decem</strong></span> <span class='ocrx_word' id='word_1_324' title='bbox 1393 962 1505 989; x_wconf 88' lang='lat' dir='ltr'><strong>omnino</strong></span> <span class='ocrx_word' id='word_1_325' title='bbox 1526 961 1642 988; x_wconf 77' lang='lat' dir='ltr'><strong>divortia</strong></span> <span class='ocrx_word' id='word_1_326' title='bbox 1666 965 1740 987; x_wconf 85' lang='lat' dir='ltr'><strong>sunt.</strong></span> 
     </span>
    </p>
   </div>
   <div class='ocr_carea' id='block_1_48' title="bbox 955 1006 1742 1042">
    <p class='ocr_par' dir='ltr' id='par_1_48' title="bbox 955 1006 1742 1042">
     <span class='ocr_line' id='line_1_48' title="bbox 955 1006 1742 1042; baseline -0.009 -3"><span class='ocrx_word' id='word_1_327' title='bbox 955 1012 1007 1039; x_wconf 82' lang='lat' dir='ltr'><strong>Sed</strong></span> <span class='ocrx_word' id='word_1_328' title='bbox 1022 1019 1118 1039; x_wconf 88' lang='lat' dir='ltr'><strong>omnes</strong></span> <span class='ocrx_word' id='word_1_329' title='bbox 1136 1014 1227 1037; x_wconf 87' lang='lat' dir='ltr'><strong>tamen</strong></span> <span class='ocrx_word' id='word_1_330' title='bbox 1243 1017 1298 1036; x_wconf 92' lang='lat' dir='ltr'><strong>uno</strong></span> <span class='ocrx_word' id='word_1_331' title='bbox 1317 1008 1390 1036; x_wconf 88' lang='lat' dir='ltr'><strong>velut</strong></span> <span class='ocrx_word' id='word_1_332' title='bbox 1407 1008 1461 1034; x_wconf 90' lang='lat' dir='ltr'><strong>ictu</strong></span> <span class='ocrx_word' id='word_1_333' title='bbox 1479 1006 1628 1042; x_wconf 82' lang='lat' dir='ltr'><strong>proﬂigatis</strong></span> <span class='ocrx_word' id='word_1_334' title='bbox 1648 1007 1742 1033; x_wconf 77' lang='lat' dir='ltr'><strong>nescio</strong></span> 
     </span>
    </p>
   </div>
   <div class='ocr_carea' id='block_1_49' title="bbox 953 1051 1743 1094">
    <p class='ocr_par' dir='ltr' id='par_1_49' title="bbox 953 1051 1743 1094">
     <span class='ocr_line' id='line_1_49' title="bbox 953 1051 1743 1094; baseline -0.008 -9"><span class='ocrx_word' id='word_1_335' title='bbox 953 1059 1053 1094; x_wconf 87' lang='lat' dir='ltr'><strong>quibus</strong></span> <span class='ocrx_word' id='word_1_336' title='bbox 1067 1057 1185 1092; x_wconf 87' lang='lat' dir='ltr'><strong>parium,</strong></span> <span class='ocrx_word' id='word_1_337' title='bbox 1200 1059 1227 1084; x_wconf 83' lang='lat' dir='ltr'><strong>ct</strong></span> <span class='ocrx_word' id='word_1_338' title='bbox 1246 1054 1411 1090; x_wconf 78' lang='lat' dir='ltr'><strong>ogdoadum.</strong></span> <span class='ocrx_word' id='word_1_339' title='bbox 1429 1058 1509 1088; x_wconf 83' lang='lat' dir='ltr'><strong>atque</strong></span> <span class='ocrx_word' id='word_1_340' title='bbox 1522 1053 1637 1080; x_wconf 90' lang='lat' dir='ltr'><strong>marium</strong></span> <span class='ocrx_word' id='word_1_341' title='bbox 1653 1057 1679 1080; x_wconf 88' lang='lat' dir='ltr'><strong>et</strong></span> <span class='ocrx_word' id='word_1_342' title='bbox 1707 1051 1743 1079; x_wconf 82' lang='lat' dir='ltr'><strong>fe-</strong></span> 
     </span>
    </p>
   </div>
   <div class='ocr_carea' id='block_1_50' title="bbox 953 1101 1743 1136">
    <p class='ocr_par' dir='ltr' id='par_1_50' title="bbox 953 1101 1743 1136">
     <span class='ocr_line' id='line_1_50' title="bbox 953 1101 1743 1136; baseline -0.008 -4"><span class='ocrx_word' id='word_1_343' title='bbox 953 1107 1089 1133; x_wconf 88' lang='lat' dir='ltr'><strong>minarum</strong></span> <span class='ocrx_word' id='word_1_344' title='bbox 1101 1112 1207 1132; x_wconf 61' lang='lat' dir='ltr'><strong>menum</strong></span> <span class='ocrx_word' id='word_1_345' title='bbox 1223 1108 1324 1131; x_wconf 87' lang='lat' dir='ltr'><strong>temere</strong></span> <span class='ocrx_word' id='word_1_346' title='bbox 1337 1103 1462 1130; x_wconf 87' lang='lat' dir='ltr'><strong>coniictis</strong></span> <span class='ocrx_word' id='word_1_347' title='bbox 1473 1102 1589 1129; x_wconf 88' lang='lat' dir='ltr'><strong>somniis</strong></span> <span class='ocrx_word' id='word_1_348' title='bbox 1602 1101 1743 1136; x_wconf 69' lang='lat' dir='ltr'><strong>mqualiter</strong></span> 
     </span>
    </p>
   </div>
   <div class='ocr_carea' id='block_1_51' title="bbox 955 1147 1743 1186">
    <p class='ocr_par' dir='ltr' id='par_1_51' title="bbox 955 1147 1743 1186">
     <span class='ocr_line' id='line_1_51' title="bbox 955 1147 1743 1186; baseline -0.009 -6"><span class='ocrx_word' id='word_1_349' title='bbox 955 1153 1098 1180; x_wconf 89' lang='lat' dir='ltr'><strong>feriuntur.</strong></span> <span class='ocrx_word' id='word_1_350' title='bbox 1116 1151 1208 1186; x_wconf 87' lang='lat' dir='ltr'><strong>Neque</strong></span> <span class='ocrx_word' id='word_1_351' title='bbox 1227 1158 1290 1178; x_wconf 82' lang='lat' dir='ltr'><strong>vero</strong></span> <span class='ocrx_word' id='word_1_352' title='bbox 1307 1151 1334 1177; x_wconf 91' lang='lat' dir='ltr'><strong>in</strong></span> <span class='ocrx_word' id='word_1_353' title='bbox 1352 1150 1459 1176; x_wconf 89' lang='lat' dir='ltr'><strong>illorum</strong></span> <span class='ocrx_word' id='word_1_354' title='bbox 1475 1147 1650 1176; x_wconf 86' lang='lat' dir='ltr'><strong>confutandis</strong></span> <span class='ocrx_word' id='word_1_355' title='bbox 1666 1155 1743 1174; x_wconf 89' lang='lat' dir='ltr'><strong>erro—</strong></span> 
     </span>
    </p>
   </div>
   <div class='ocr_carea' id='block_1_52' title="bbox 954 1192 1743 1233">
    <p class='ocr_par' dir='ltr' id='par_1_52' title="bbox 954 1192 1743 1233">
     <span class='ocr_line' id='line_1_52' title="bbox 954 1192 1743 1233; baseline -0.01 -6"><span class='ocrx_word' id='word_1_356' title='bbox 954 1200 1031 1227; x_wconf 88' lang='lat' dir='ltr'><strong>ribus</strong></span> <span class='ocrx_word' id='word_1_357' title='bbox 1052 1204 1204 1233; x_wconf 86' lang='lat' dir='ltr'><strong>temporum</strong></span> <span class='ocrx_word' id='word_1_358' title='bbox 1226 1201 1268 1224; x_wconf 87' lang='lat' dir='ltr'><strong>est</strong></span> <span class='ocrx_word' id='word_1_359' title='bbox 1290 1194 1432 1223; x_wconf 86' lang='lat' dir='ltr'><strong>retinenda</strong></span> <span class='ocrx_word' id='word_1_360' title='bbox 1454 1194 1611 1226; x_wconf 84' lang='lat' dir='ltr'><strong>successio;</strong></span> <span class='ocrx_word' id='word_1_361' title='bbox 1639 1192 1688 1220; x_wconf 88' lang='lat' dir='ltr'><strong>sed</strong></span> <span class='ocrx_word' id='word_1_362' title='bbox 1709 1192 1743 1219; x_wconf 92' lang='lat' dir='ltr'><strong>ab</strong></span> 
     </span>
    </p>
   </div>
   <div class='ocr_carea' id='block_1_53' title="bbox 954 1241 1743 1280">
    <p class='ocr_par' dir='ltr' id='par_1_53' title="bbox 954 1241 1743 1280">
     <span class='ocr_line' id='line_1_53' title="bbox 954 1241 1743 1280; baseline -0.009 -7"><span class='ocrx_word' id='word_1_363' title='bbox 954 1254 1008 1273; x_wconf 87' lang='lat' dir='ltr'><strong>una</strong></span> <span class='ocrx_word' id='word_1_364' title='bbox 1024 1245 1148 1280; x_wconf 78' lang='lat' dir='ltr'><strong>progredi</strong></span> <span class='ocrx_word' id='word_1_365' title='bbox 1163 1243 1196 1270; x_wconf 88' lang='lat' dir='ltr'><strong>ad</strong></span> <span class='ocrx_word' id='word_1_366' title='bbox 1213 1243 1325 1270; x_wconf 88' lang='lat' dir='ltr'><strong>alteram</strong></span> <span class='ocrx_word' id='word_1_367' title='bbox 1340 1241 1456 1268; x_wconf 71' lang='lat' dir='ltr'><strong>lueresin</strong></span> <span class='ocrx_word' id='word_1_368' title='bbox 1472 1248 1584 1268; x_wconf 84' lang='lat' dir='ltr'><strong>necesse</strong></span> <span class='ocrx_word' id='word_1_369' title='bbox 1598 1244 1639 1267; x_wconf 89' lang='lat' dir='ltr'><strong>est</strong></span> <span class='ocrx_word' id='word_1_370' title='bbox 1653 1248 1659 1273; x_wconf 89' lang='lat'><strong>;</strong></span> <span class='ocrx_word' id='word_1_371' title='bbox 1675 1247 1743 1274; x_wconf 92' lang='lat' dir='ltr'><strong>quo-</strong></span> 
     </span>
    </p>
   </div>
   <div class='ocr_carea' id='block_1_54' title="bbox 954 1287 1744 1323">
    <p class='ocr_par' dir='ltr' id='par_1_54' title="bbox 954 1287 1744 1323">
     <span class='ocr_line' id='line_1_54' title="bbox 954 1287 1744 1323; baseline -0.01 -4"><span class='ocrx_word' id='word_1_372' title='bbox 954 1293 1027 1319; x_wconf 87' lang='lat' dir='ltr'><strong>niam</strong></span> <span class='ocrx_word' id='word_1_373' title='bbox 1043 1291 1137 1318; x_wconf 81' lang='lat' dir='ltr'><strong>eodem</strong></span> <span class='ocrx_word' id='word_1_374' title='bbox 1150 1298 1164 1317; x_wconf 90' lang='lat' dir='ltr'><strong>e</strong></span> <span class='ocrx_word' id='word_1_375' title='bbox 1178 1294 1250 1317; x_wconf 83' lang='lat' dir='ltr'><strong>terra</strong></span> <span class='ocrx_word' id='word_1_376' title='bbox 1265 1295 1386 1323; x_wconf 84' lang='lat' dir='ltr'><strong>tempore</strong></span> <span class='ocrx_word' id='word_1_377' title='bbox 1396 1296 1491 1315; x_wconf 89' lang='lat' dir='ltr'><strong>omnes</strong></span> <span class='ocrx_word' id='word_1_378' title='bbox 1501 1287 1644 1322; x_wconf 79' lang='lat' dir='ltr'><strong>fungorum</strong></span> <span class='ocrx_word' id='word_1_379' title='bbox 1658 1287 1744 1312; x_wconf 82' lang='lat' dir='ltr'><strong>instar</strong></span> 
     </span>
    </p>
   </div>
   <div class='ocr_carea' id='block_1_55' title="bbox 954 1333 1745 1374">
    <p class='ocr_par' dir='ltr' id='par_1_55' title="bbox 954 1333 1745 1374">
     <span class='ocr_line' id='line_1_55' title="bbox 954 1333 1745 1374; baseline -0.009 -8"><span class='ocrx_word' id='word_1_380' title='bbox 954 1343 1113 1374; x_wconf 62' lang='lat' dir='ltr'><strong>eruperunt.</strong></span> <span class='ocrx_word' id='word_1_381' title='bbox 1134 1337 1221 1372; x_wconf 84' lang='lat' dir='ltr'><strong>Atque</strong></span> <span class='ocrx_word' id='word_1_382' title='bbox 1236 1340 1266 1363; x_wconf 88' lang='lat' dir='ltr'><strong>ut</strong></span> <span class='ocrx_word' id='word_1_383' title='bbox 1282 1336 1362 1363; x_wconf 76' lang='lat' dir='ltr'><strong>noxia</strong></span> <span class='ocrx_word' id='word_1_384' title='bbox 1380 1335 1528 1368; x_wconf 71' lang='lat' dir='ltr'><strong>lintidaque</strong></span> <span class='ocrx_word' id='word_1_385' title='bbox 1543 1333 1666 1369; x_wconf 80' lang='lat' dir='ltr'><strong>qtuedam</strong></span> <span class='ocrx_word' id='word_1_386' title='bbox 1683 1334 1745 1360; x_wconf 70' lang='lat' dir='ltr'><strong>her~</strong></span> 
     </span>
    </p>
   </div>
   <div class='ocr_carea' id='block_1_56' title="bbox 953 1378 1745 1419">
    <p class='ocr_par' dir='ltr' id='par_1_56' title="bbox 953 1378 1745 1419">
     <span class='ocr_line' id='line_1_56' title="bbox 953 1378 1745 1419; baseline -0.011 -7"><span class='ocrx_word' id='word_1_387' title='bbox 953 1386 1049 1412; x_wconf 87' lang='lat' dir='ltr'><strong>barum</strong></span> <span class='ocrx_word' id='word_1_388' title='bbox 1064 1383 1197 1419; x_wconf 80' lang='lat' dir='ltr'><strong>germina.</strong></span> <span class='ocrx_word' id='word_1_389' title='bbox 1215 1382 1255 1409; x_wconf 78' lang='lat' dir='ltr'><strong>vel</strong></span> <span class='ocrx_word' id='word_1_390' title='bbox 1272 1381 1361 1408; x_wconf 88' lang='lat' dir='ltr'><strong>dumis</strong></span> <span class='ocrx_word' id='word_1_391' title='bbox 1375 1387 1407 1407; x_wconf 87' lang='lat' dir='ltr'><strong>ac</strong></span> <span class='ocrx_word' id='word_1_392' title='bbox 1419 1380 1542 1407; x_wconf 89' lang='lat' dir='ltr'><strong>sentibus</strong></span> <span class='ocrx_word' id='word_1_393' title='bbox 1552 1378 1670 1405; x_wconf 85' lang='lat' dir='ltr'><strong>obsitum</strong></span> <span class='ocrx_word' id='word_1_394' title='bbox 1683 1386 1745 1413; x_wconf 78' lang='lat' dir='ltr'><strong>gra-</strong></span> 
     </span>
    </p>
   </div>
   <div class='ocr_carea' id='block_1_57' title="bbox 954 1422 1742 1462">
    <p class='ocr_par' dir='ltr' id='par_1_57' title="bbox 954 1422 1742 1462">
     <span class='ocr_line' id='line_1_57' title="bbox 954 1422 1742 1462; baseline -0.011 -5"><span class='ocrx_word' id='word_1_395' title='bbox 954 1438 1027 1461; x_wconf 83' lang='lat' dir='ltr'><strong>men,</strong></span> <span class='ocrx_word' id='word_1_396' title='bbox 1044 1429 1085 1456; x_wconf 87' lang='lat' dir='ltr'><strong>vel</strong></span> <span class='ocrx_word' id='word_1_397' title='bbox 1100 1429 1217 1462; x_wconf 87' lang='lat' dir='ltr'><strong>denique</strong></span> <span class='ocrx_word' id='word_1_398' title='bbox 1233 1428 1271 1453; x_wconf 88' lang='lat' dir='ltr'><strong>uti</strong></span> <span class='ocrx_word' id='word_1_399' title='bbox 1286 1426 1378 1461; x_wconf 86' lang='lat' dir='ltr'><strong>plures</strong></span> <span class='ocrx_word' id='word_1_400' title='bbox 1391 1432 1423 1452; x_wconf 77' lang='lat' dir='ltr'><strong>ex</strong></span> <span class='ocrx_word' id='word_1_401' title='bbox 1437 1425 1532 1452; x_wconf 82' lang='lat' dir='ltr'><strong>eodem</strong></span> <span class='ocrx_word' id='word_1_402' title='bbox 1549 1431 1616 1451; x_wconf 82' lang='lat' dir='ltr'><strong>cavo</strong></span> <span class='ocrx_word' id='word_1_403' title='bbox 1630 1422 1742 1458; x_wconf 83' lang='lat' dir='ltr'><strong>scorpii,</strong></span> 
     </span>
    </p>
   </div>
   <div class='ocr_carea' id='block_1_58' title="bbox 956 1470 1745 1508">
    <p class='ocr_par' dir='ltr' id='par_1_58' title="bbox 956 1470 1745 1508">
     <span class='ocr_line' id='line_1_58' title="bbox 956 1470 1745 1508; baseline -0.011 -4"><span class='ocrx_word' id='word_1_404' title='bbox 956 1477 993 1504; x_wconf 85' lang='lat' dir='ltr'><strong>ita</strong></span> <span class='ocrx_word' id='word_1_405' title='bbox 1004 1477 1043 1503; x_wconf 85' lang='lat' dir='ltr'><strong>illi</strong></span> <span class='ocrx_word' id='word_1_406' title='bbox 1055 1484 1150 1503; x_wconf 86' lang='lat' dir='ltr'><strong>onmes</strong></span> <span class='ocrx_word' id='word_1_407' title='bbox 1163 1475 1258 1502; x_wconf 85' lang='lat' dir='ltr'><strong>eodem</strong></span> <span class='ocrx_word' id='word_1_408' title='bbox 1270 1479 1391 1508; x_wconf 86' lang='lat' dir='ltr'><strong>tempore</strong></span> <span class='ocrx_word' id='word_1_409' title='bbox 1403 1473 1429 1499; x_wconf 93' lang='lat' dir='ltr'><strong>in</strong></span> <span class='ocrx_word' id='word_1_410' title='bbox 1446 1473 1515 1498; x_wconf 90' lang='lat' dir='ltr'><strong>hanc</strong></span> <span class='ocrx_word' id='word_1_411' title='bbox 1530 1471 1612 1498; x_wconf 86' lang='lat' dir='ltr'><strong>vitam</strong></span> <span class='ocrx_word' id='word_1_412' title='bbox 1625 1470 1745 1498; x_wconf 82' lang='lat' dir='ltr'><strong>elllorue-</strong></span> 
     </span>
    </p>
   </div>
   <div class='ocr_carea' id='block_1_59' title="bbox 955 1519 1744 1556">
    <p class='ocr_par' dir='ltr' id='par_1_59' title="bbox 955 1519 1744 1556">
     <span class='ocr_line' id='line_1_59' title="bbox 955 1519 1744 1556; baseline -0.01 -6"><span class='ocrx_word' id='word_1_413' title='bbox 955 1528 1038 1556; x_wconf 86' lang='lat' dir='ltr'><strong>runt;</strong></span> <span class='ocrx_word' id='word_1_414' title='bbox 1065 1530 1107 1552; x_wconf 84' lang='lat' dir='ltr'><strong>ac.</strong></span> <span class='ocrx_word' id='word_1_415' title='bbox 1130 1522 1202 1556; x_wconf 91' lang='lat' dir='ltr'><strong>quod</strong></span> <span class='ocrx_word' id='word_1_416' title='bbox 1225 1521 1306 1556; x_wconf 84' lang='lat' dir='ltr'><strong>paulo</strong></span> <span class='ocrx_word' id='word_1_417' title='bbox 1331 1525 1392 1546; x_wconf 90' lang='lat' dir='ltr'><strong>ante</strong></span> <span class='ocrx_word' id='word_1_418' title='bbox 1414 1519 1517 1546; x_wconf 85' lang='lat' dir='ltr'><strong>dictum</strong></span> <span class='ocrx_word' id='word_1_419' title='bbox 1536 1521 1588 1548; x_wconf 80' lang='lat' dir='ltr'><strong>est,</strong></span> <span class='ocrx_word' id='word_1_420' title='bbox 1614 1520 1744 1551; x_wconf 87' lang='lat' dir='ltr'><strong>tanquam</strong></span> 
     </span>
    </p>
   </div>
   <div class='ocr_carea' id='block_1_60' title="bbox 111 1563 901 1609">
    <p class='ocr_par' dir='ltr' id='par_1_60' title="bbox 111 1563 901 1599">
     <span class='ocr_line' id='line_1_60' title="bbox 111 1563 901 1599; baseline 0 -9"><span class='ocrx_word' id='word_1_421' title='bbox 111 1564 226 1595; x_wconf 73' lang='grc' dir='ltr'>ἕκαστος</span> <span class='ocrx_word' id='word_1_422' title='bbox 252 1564 280 1590; x_wconf 76' lang='grc' dir='ltr'>δὲ</span> <span class='ocrx_word' id='word_1_423' title='bbox 304 1563 358 1590; x_wconf 84' lang='grc' dir='ltr'>ἀπὸ</span> <span class='ocrx_word' id='word_1_424' title='bbox 383 1563 429 1590; x_wconf 79' lang='grc' dir='ltr'><strong>τοῦ</strong></span> <span class='ocrx_word' id='word_1_425' title='bbox 458 1564 551 1599; x_wconf 79' lang='grc' dir='ltr'>ἑτέρου</span> <span class='ocrx_word' id='word_1_426' title='bbox 578 1564 626 1599; x_wconf 84' lang='grc' dir='ltr'><strong>τὴν</strong></span> <span class='ocrx_word' id='word_1_427' title='bbox 653 1564 740 1599; x_wconf 82' lang='grc' dir='ltr'>κακὴν</span> <span class='ocrx_word' id='word_1_428' title='bbox 768 1564 901 1599; x_wconf 62' lang='grc' dir='ltr'>πρόφασιν</span> 
     </span>
    </p>
   </div>
   <div class='ocr_carea' id='block_1_61' title="bbox 956 1563 1746 1609">
    <p class='ocr_par' dir='ltr' id='par_1_61' title="bbox 957 1563 1746 1604">
     <span class='ocr_line' id='line_1_61' title="bbox 957 1563 1746 1604; baseline -0.013 -7"><span class='ocrx_word' id='word_1_429' title='bbox 957 1570 1031 1604; x_wconf 75' lang='lat' dir='ltr'><strong>fungi</strong></span> <span class='ocrx_word' id='word_1_430' title='bbox 1058 1568 1188 1595; x_wconf 88' lang='lat' dir='ltr'><strong>inusitata</strong></span> <span class='ocrx_word' id='word_1_431' title='bbox 1212 1566 1329 1601; x_wconf 88' lang='lat' dir='ltr'><strong>quadam</strong></span> <span class='ocrx_word' id='word_1_432' title='bbox 1349 1564 1471 1592; x_wconf 72' lang='lat' dir='ltr'><strong>fmditate</strong></span> <span class='ocrx_word' id='word_1_433' title='bbox 1491 1563 1585 1590; x_wconf 88' lang='lat' dir='ltr'><strong>eodetn</strong></span> <span class='ocrx_word' id='word_1_434' title='bbox 1608 1565 1746 1588; x_wconf 89' lang='lat' dir='ltr'><strong>momento</strong></span> 
     </span>
    </p>
   </div>
   <div class='ocr_carea' id='block_1_62' title="bbox 113 1610 904 1646">
    <p class='ocr_par' dir='ltr' id='par_1_62' title="bbox 113 1610 904 1646">
     <span class='ocr_line' id='line_1_62' title="bbox 113 1610 904 1646; baseline 0.001 -9"><span class='ocrx_word' id='word_1_435' title='bbox 113 1610 320 1646; x_wconf 72' lang='grc' dir='ltr'>ἐρανισάμενοι,</span> <span class='ocrx_word' id='word_1_436' title='bbox 351 1610 429 1642; x_wconf 77' lang='grc' dir='ltr'>ἄλλος</span> <span class='ocrx_word' id='word_1_437' title='bbox 455 1611 509 1637; x_wconf 81' lang='grc' dir='ltr'>ἀπὸ</span> <span class='ocrx_word' id='word_1_438' title='bbox 539 1610 618 1637; x_wconf 78' lang='grc' dir='ltr'>ἄλλου</span> <span class='ocrx_word' id='word_1_439' title='bbox 645 1610 683 1637; x_wconf 80' lang='grc' dir='ltr'>ἔτι</span> <span class='ocrx_word' id='word_1_440' title='bbox 713 1611 904 1646; x_wconf 78' lang='grc' dir='ltr'>περισσότερον</span> 
     </span>
    </p>
   </div>
   <div class='ocr_carea' id='block_1_63' title="bbox 113 1656 906 1693">
    <p class='ocr_par' dir='ltr' id='par_1_63' title="bbox 113 1656 906 1693">
     <span class='ocr_line' id='line_1_63' title="bbox 113 1656 906 1693; baseline 0 -9"><span class='ocrx_word' id='word_1_441' title='bbox 113 1657 260 1690; x_wconf 78' lang='grc' dir='ltr'>ἐπιδειξίας</span> <span class='ocrx_word' id='word_1_442' title='bbox 274 1657 433 1692; x_wconf 75' lang='grc' dir='ltr'>βουλόμενος</span> <span class='ocrx_word' id='word_1_443' title='bbox 449 1657 540 1693; x_wconf 83' lang='grc' dir='ltr'>χάριν,</span> <span class='ocrx_word' id='word_1_444' title='bbox 557 1656 646 1692; x_wconf 80' lang='grc' dir='ltr'>ἐαυτῷ</span> <span class='ocrx_word' id='word_1_445' title='bbox 663 1657 839 1692; x_wconf 85' lang='grc' dir='ltr'>προετύπωσε</span> <span class='ocrx_word' id='word_1_446' title='bbox 850 1658 906 1684; x_wconf 87' lang='grc' dir='ltr'>δια-</span> 
     </span>
    </p>
   </div>
   <div class='ocr_carea' id='block_1_64' title="bbox 113 1703 905 1740">
    <p class='ocr_par' dir='ltr' id='par_1_64' title="bbox 113 1703 905 1740">
     <span class='ocr_line' id='line_1_64' title="bbox 113 1703 905 1740; baseline 0.001 -10"><span class='ocrx_word' id='word_1_447' title='bbox 113 1704 200 1740; x_wconf 77' lang='grc' dir='ltr'>φορὰν</span> <span class='ocrx_word' id='word_1_448' title='bbox 225 1704 314 1738; x_wconf 81' lang='grc' dir='ltr'>κακῆς</span> <span class='ocrx_word' id='word_1_449' title='bbox 339 1703 514 1738; x_wconf 75' lang='grc' dir='ltr'>ἐξευρέσεως.</span> <span class='ocrx_word' id='word_1_450' title='bbox 533 1704 588 1730; x_wconf 83' lang='grc' dir='ltr'><strong>Καὶ</strong></span> <span class='ocrx_word' id='word_1_451' title='bbox 614 1704 713 1735; x_wconf 78' lang='grc' dir='ltr'>πάντες</span> <span class='ocrx_word' id='word_1_452' title='bbox 736 1703 905 1736; x_wconf 77' lang='grc' dir='ltr'>Γνωστικοὺς</span> 
     </span>
    </p>
   </div>
   <div class='ocr_carea' id='block_1_65' title="bbox 112 1741 905 1785">
    <p class='ocr_par' dir='ltr' id='par_1_65' title="bbox 112 1741 905 1785">
     <span class='ocr_line' id='line_1_65' title="bbox 112 1741 905 1785; baseline -0.001 -7"><span class='ocrx_word' id='word_1_453' title='bbox 112 1751 226 1782; x_wconf 79' lang='grc' dir='ltr'>ἑαυτοὺς</span> <span class='ocrx_word' id='word_1_454' title='bbox 252 1750 408 1785; x_wconf 73' lang='grc' dir='ltr'>ὠνόμασαν.</span> <span class='ocrx_word' id='word_1_455' title='bbox 437 1750 610 1782; x_wconf 80' lang='grc' dir='ltr'>Οὐαλεντῖνός</span> <span class='ocrx_word' id='word_1_456' title='bbox 627 1759 673 1782; x_wconf 84' lang='grc' dir='ltr'><strong>τε,</strong></span> <span class='ocrx_word' id='word_1_457' title='bbox 700 1741 788 1785; x_wconf 66' lang='grc' dir='ltr'>φημὶ,</span> <span class='ocrx_word' id='word_1_458' title='bbox 812 1751 860 1777; x_wconf 74' lang='grc' dir='ltr'><strong>καὶ</strong></span> <span class='ocrx_word' id='word_1_459' title='bbox 881 1751 905 1778; x_wconf 80' lang='grc' dir='ltr'>οἱ</span> 
     </span>
    </p>
   </div>
   <div class='ocr_carea' id='block_1_66' title="bbox 114 1796 905 1832">
    <p class='ocr_par' dir='ltr' id='par_1_66' title="bbox 114 1796 905 1832">
     <span class='ocr_line' id='line_1_66' title="bbox 114 1796 905 1832; baseline 0 -8"><span class='ocrx_word' id='word_1_460' title='bbox 114 1797 166 1832; x_wconf 76' lang='grc' dir='ltr'>πρὸ</span> <span class='ocrx_word' id='word_1_461' title='bbox 184 1797 265 1823; x_wconf 68' lang='grc' dir='ltr'>αὑτοῦ</span> <span class='ocrx_word' id='word_1_462' title='bbox 284 1796 441 1823; x_wconf 73' lang='grc' dir='ltr'>Γνωστικοί·</span> <span class='ocrx_word' id='word_1_463' title='bbox 461 1796 528 1823; x_wconf 78' lang='grc' dir='ltr'>ἀλλὰ</span> <span class='ocrx_word' id='word_1_464' title='bbox 549 1797 595 1823; x_wconf 79' lang='grc' dir='ltr'><strong>καὶ</strong></span> <span class='ocrx_word' id='word_1_465' title='bbox 614 1796 780 1832; x_wconf 76' lang='grc' dir='ltr'>Βασιλείδης,</span> <span class='ocrx_word' id='word_1_466' title='bbox 794 1798 839 1824; x_wconf 75' lang='grc' dir='ltr'><strong>καὶ</strong></span> <span class='ocrx_word' id='word_1_467' title='bbox 854 1798 905 1824; x_wconf 79' lang='grc' dir='ltr'><strong>Σα-</strong></span> 
     </span>
    </p>
   </div>
   <div class='ocr_carea' id='block_1_67' title="bbox 113 1843 905 1880">
    <p class='ocr_par' dir='ltr' id='par_1_67' title="bbox 113 1843 905 1880">
     <span class='ocr_line' id='line_1_67' title="bbox 113 1843 905 1880; baseline -0.001 -9"><span class='ocrx_word' id='word_1_468' title='bbox 113 1844 243 1880; x_wconf 81' lang='grc' dir='ltr'>τορνῖλος,</span> <span class='ocrx_word' id='word_1_469' title='bbox 273 1846 320 1870; x_wconf 74' lang='grc' dir='ltr'>καὶ</span> <span class='ocrx_word' id='word_1_470' title='bbox 343 1843 523 1878; x_wconf 77' lang='grc' dir='ltr'>Κολορὸασὸς,</span> <span class='ocrx_word' id='word_1_471' title='bbox 549 1843 715 1877; x_wconf 80' lang='grc' dir='ltr'>Πτολεμαῖός</span> <span class='ocrx_word' id='word_1_472' title='bbox 737 1852 766 1869; x_wconf 89' lang='grc' dir='ltr'><strong>τε</strong></span> <span class='ocrx_word' id='word_1_473' title='bbox 789 1845 835 1870; x_wconf 71' lang='grc' dir='ltr'><strong>καὶ</strong></span> <span class='ocrx_word' id='word_1_474' title='bbox 856 1844 905 1870; x_wconf 83' lang='grc' dir='ltr'>Σε-</span> 
     </span>
    </p>
   </div>
   <div class='ocr_carea' id='block_1_68' title="bbox 114 1889 905 1925">
    <p class='ocr_par' dir='ltr' id='par_1_68' title="bbox 114 1889 905 1925">
     <span class='ocr_line' id='line_1_68' title="bbox 114 1889 905 1925; baseline -0.001 -8"><span class='ocrx_word' id='word_1_475' title='bbox 114 1891 234 1922; x_wconf 74' lang='grc' dir='ltr'>κοῦνδος,</span> <span class='ocrx_word' id='word_1_476' title='bbox 261 1890 440 1925; x_wconf 75' lang='grc' dir='ltr'>Καρποκρᾶς,</span> <span class='ocrx_word' id='word_1_477' title='bbox 458 1890 504 1915; x_wconf 78' lang='grc' dir='ltr'><strong>καὶ</strong></span> <span class='ocrx_word' id='word_1_478' title='bbox 527 1889 600 1915; x_wconf 84' lang='grc' dir='ltr'>ἄλλοι</span> <span class='ocrx_word' id='word_1_479' title='bbox 616 1889 733 1921; x_wconf 82' lang='grc' dir='ltr'>πλείους.</span> <span class='ocrx_word' id='word_1_480' title='bbox 759 1889 837 1915; x_wconf 75' lang='grc' dir='ltr'>Ἀλλὰ</span> <span class='ocrx_word' id='word_1_481' title='bbox 857 1890 905 1921; x_wconf 73' lang='grc' dir='ltr'>τὰς</span> 
     </span>
    </p>
   </div>
   <div class='ocr_carea' id='block_1_69' title="bbox 115 1935 905 1972">
    <p class='ocr_par' dir='ltr' id='par_1_69' title="bbox 115 1935 905 1972">
     <span class='ocr_line' id='line_1_69' title="bbox 115 1935 905 1972; baseline -0.003 -8"><span class='ocrx_word' id='word_1_482' title='bbox 115 1938 204 1968; x_wconf 74' lang='grc' dir='ltr'>πάσας</span> <span class='ocrx_word' id='word_1_483' title='bbox 227 1936 342 1963; x_wconf 83' lang='grc' dir='ltr'>ἐνταῦθα</span> <span class='ocrx_word' id='word_1_484' title='bbox 363 1935 544 1970; x_wconf 76' lang='grc' dir='ltr'>ὀνομάσαντες</span> <span class='ocrx_word' id='word_1_485' title='bbox 567 1935 610 1961; x_wconf 78' lang='grc' dir='ltr'>διὰ</span> <span class='ocrx_word' id='word_1_486' title='bbox 631 1935 680 1970; x_wconf 85' lang='grc' dir='ltr'>τὴν</span> <span class='ocrx_word' id='word_1_487' title='bbox 702 1936 731 1962; x_wconf 80' lang='grc' dir='ltr'>ἐν</span> <span class='ocrx_word' id='word_1_488' title='bbox 755 1936 794 1962; x_wconf 74' lang='grc' dir='ltr'>ἑνὶ</span> <span class='ocrx_word' id='word_1_489' title='bbox 818 1936 905 1972; x_wconf 80' lang='grc' dir='ltr'>καιρῴ</span> 
     </span>
    </p>
   </div>
   <div class='ocr_carea' id='block_1_70' title="bbox 115 1981 904 2019">
    <p class='ocr_par' dir='ltr' id='par_1_70' title="bbox 115 1981 904 2019">
     <span class='ocr_line' id='line_1_70' title="bbox 115 1981 904 2019; baseline -0.001 -9"><span class='ocrx_word' id='word_1_490' title='bbox 115 1984 242 2019; x_wconf 72' lang='grc' dir='ltr'>σύσχεσιν</span> <span class='ocrx_word' id='word_1_491' title='bbox 260 1983 369 2009; x_wconf 83' lang='grc' dir='ltr'>πάντων</span> <span class='ocrx_word' id='word_1_492' title='bbox 389 1982 438 2016; x_wconf 81' lang='grc' dir='ltr'>τῆς</span> <span class='ocrx_word' id='word_1_493' title='bbox 461 1981 624 2014; x_wconf 79' lang='grc' dir='ltr'>ἀναδύσεως,</span> <span class='ocrx_word' id='word_1_494' title='bbox 647 1982 694 2008; x_wconf 74' lang='grc' dir='ltr'><strong>καὶ</strong></span> <span class='ocrx_word' id='word_1_495' title='bbox 719 1982 904 2009; x_wconf 77' lang='grc' dir='ltr'>κακοϐλάστου</span> 
     </span>
    </p>
   </div>
   <div class='ocr_carea' id='block_1_71' title="bbox 114 2027 904 2064">
    <p class='ocr_par' dir='ltr' id='par_1_71' title="bbox 114 2027 904 2064">
     <span class='ocr_line' id='line_1_71' title="bbox 114 2027 904 2064; baseline -0.001 -8"><span class='ocrx_word' id='word_1_496' title='bbox 114 2030 181 2064; x_wconf 80' lang='grc' dir='ltr'>ὁμοῦ</span> <span class='ocrx_word' id='word_1_497' title='bbox 205 2029 253 2064; x_wconf 81' lang='grc' dir='ltr'><strong>τὴν</strong></span> <span class='ocrx_word' id='word_1_498' title='bbox 272 2029 387 2055; x_wconf 76' lang='grc' dir='ltr'>ἑκάστου</span> <span class='ocrx_word' id='word_1_499' title='bbox 406 2028 509 2063; x_wconf 76' lang='grc' dir='ltr'>σπορᾶς</span> <span class='ocrx_word' id='word_1_500' title='bbox 527 2027 671 2054; x_wconf 79' lang='grc' dir='ltr'>κακονοὶαν</span> <span class='ocrx_word' id='word_1_501' title='bbox 694 2028 747 2055; x_wconf 76' lang='grc' dir='ltr'>ἰδία</span> <span class='ocrx_word' id='word_1_502' title='bbox 765 2029 904 2064; x_wconf 65' lang='grc' dir='ltr'>ἀφηγησό-</span> 
     </span>
    </p>
   </div>
   <div class='ocr_carea' id='block_1_72' title="bbox 117 2072 904 2109">
    <p class='ocr_par' dir='ltr' id='par_1_72' title="bbox 117 2072 904 2109">
     <span class='ocr_line' id='line_1_72' title="bbox 117 2072 904 2109; baseline 0.001 -9"><span class='ocrx_word' id='word_1_503' title='bbox 117 2073 194 2109; x_wconf 85' lang='grc' dir='ltr'>μεθα.</span> <span class='ocrx_word' id='word_1_504' title='bbox 212 2073 286 2104; x_wconf 83' lang='grc' dir='ltr'>Τέως</span> <span class='ocrx_word' id='word_1_505' title='bbox 304 2072 332 2098; x_wconf 77' lang='grc' dir='ltr'>δὲ</span> <span class='ocrx_word' id='word_1_506' title='bbox 347 2073 392 2098; x_wconf 70' lang='grc' dir='ltr'>ἐπὶ</span> <span class='ocrx_word' id='word_1_507' title='bbox 410 2072 453 2098; x_wconf 78' lang='grc' dir='ltr'>τὸν</span> <span class='ocrx_word' id='word_1_508' title='bbox 470 2073 648 2108; x_wconf 81' lang='grc' dir='ltr'>προκείμενον</span> <span class='ocrx_word' id='word_1_509' title='bbox 663 2074 840 2108; x_wconf 75' lang='grc' dir='ltr'>αἰρεσιάρχην</span> <span class='ocrx_word' id='word_1_510' title='bbox 857 2075 904 2101; x_wconf 77' lang='grc' dir='ltr'><strong>καὶ</strong></span> 
     </span>
    </p>
   </div>
   <div class='ocr_carea' id='block_1_73' title="bbox 115 2118 904 2154">
    <p class='ocr_par' dir='ltr' id='par_1_73' title="bbox 115 2118 904 2154">
     <span class='ocr_line' id='line_1_73' title="bbox 115 2118 904 2154; baseline 0.001 -8"><span class='ocrx_word' id='word_1_511' title='bbox 115 2119 313 2154; x_wconf 77' lang='grc' dir='ltr'>τραγῳδοποιὸν</span> <span class='ocrx_word' id='word_1_512' title='bbox 335 2118 509 2153; x_wconf 76' lang='grc' dir='ltr'>ὲλευσόμεθα-</span> <span class='ocrx_word' id='word_1_513' title='bbox 528 2119 599 2154; x_wconf 72' lang='grc' dir='ltr'>φημὶ</span> <span class='ocrx_word' id='word_1_514' title='bbox 615 2119 643 2145; x_wconf 78' lang='grc' dir='ltr'>δὲ</span> <span class='ocrx_word' id='word_1_515' title='bbox 659 2119 843 2152; x_wconf 80' lang='grc' dir='ltr'>Οὑαλεντῖνον,</span> <span class='ocrx_word' id='word_1_516' title='bbox 857 2122 904 2147; x_wconf 75' lang='grc' dir='ltr'>καὶ</span> 
     </span>
    </p>
   </div>
   <div class='ocr_carea' id='block_1_74' title="bbox 115 2165 903 2202">
    <p class='ocr_par' dir='ltr' id='par_1_74' title="bbox 115 2165 903 2202">
     <span class='ocr_line' id='line_1_74' title="bbox 115 2165 903 2202; baseline 0.004 -11"><span class='ocrx_word' id='word_1_517' title='bbox 115 2167 162 2200; x_wconf 80' lang='grc' dir='ltr'><strong>τὴν</strong></span> <span class='ocrx_word' id='word_1_518' title='bbox 175 2165 258 2192; x_wconf 79' lang='grc' dir='ltr'>αὑτοῦ</span> <span class='ocrx_word' id='word_1_519' title='bbox 274 2165 457 2194; x_wconf 81' lang='grc' dir='ltr'>διδασκαλίαν.</span> <span class='ocrx_word' id='word_1_520' title='bbox 469 2165 519 2200; x_wconf 78' lang='grc' dir='ltr'>τὴν</span> <span class='ocrx_word' id='word_1_521' title='bbox 532 2165 586 2191; x_wconf 72' lang='grc' dir='ltr'>ἀπὸ</span> <span class='ocrx_word' id='word_1_522' title='bbox 601 2166 650 2200; x_wconf 79' lang='grc' dir='ltr'><strong>τῆς</strong></span> <span class='ocrx_word' id='word_1_523' title='bbox 666 2166 785 2201; x_wconf 79' lang='grc' dir='ltr'>μεγάλης</span> <span class='ocrx_word' id='word_1_524' title='bbox 803 2167 903 2202; x_wconf 82' lang='grc' dir='ltr'>ταύτης</span> 
     </span>
    </p>
   </div>
   <div class='ocr_carea' id='block_1_75' title="bbox 114 2211 904 2249">
    <p class='ocr_par' dir='ltr' id='par_1_75' title="bbox 114 2211 904 2249">
     <span class='ocr_line' id='line_1_75' title="bbox 114 2211 904 2249; baseline 0.003 -11"><span class='ocrx_word' id='word_1_525' title='bbox 114 2211 269 2247; x_wconf 85' lang='grc' dir='ltr'>Γνωστικὴν</span> <span class='ocrx_word' id='word_1_526' title='bbox 286 2211 452 2245; x_wconf 76' lang='grc' dir='ltr'>ἐπαγγελίας</span> <span class='ocrx_word' id='word_1_527' title='bbox 469 2211 659 2246; x_wconf 72' lang='grc' dir='ltr'>ὑπάρχουσαν,</span> <span class='ocrx_word' id='word_1_528' title='bbox 678 2214 904 2249; x_wconf 79' lang='grc' dir='ltr'>καταγνωστικῆς</span> 
     </span>
    </p>
   </div>
   <div class='ocr_carea' id='block_1_76' title="bbox 956 1607 1745 1649">
    <p class='ocr_par' dir='ltr' id='par_1_76' title="bbox 956 1607 1745 1649">
     <span class='ocr_line' id='line_1_76' title="bbox 956 1607 1745 1649; baseline -0.014 -6"><span class='ocrx_word' id='word_1_529' title='bbox 956 1615 1076 1643; x_wconf 80' lang='lat' dir='ltr'><strong>universi</strong></span> <span class='ocrx_word' id='word_1_530' title='bbox 1096 1616 1295 1649; x_wconf 78' lang='lat' dir='ltr'><strong>proruperunt.</strong></span> <span class='ocrx_word' id='word_1_531' title='bbox 1313 1610 1542 1646; x_wconf 80' lang='lat' dir='ltr'><strong>quemadmodum</strong></span> <span class='ocrx_word' id='word_1_532' title='bbox 1561 1608 1594 1635; x_wconf 90' lang='lat' dir='ltr'><strong>de</strong></span> <span class='ocrx_word' id='word_1_533' title='bbox 1612 1608 1664 1635; x_wconf 90' lang='lat' dir='ltr'><strong>illis</strong></span> <span class='ocrx_word' id='word_1_534' title='bbox 1682 1607 1745 1633; x_wconf 78' lang='lat' dir='ltr'><strong>olim</strong></span> 
     </span>
    </p>
   </div>
   <div class='ocr_carea' id='block_1_77' title="bbox 956 1653 1748 1696">
    <p class='ocr_par' dir='ltr' id='par_1_77' title="bbox 956 1653 1748 1696">
     <span class='ocr_line' id='line_1_77' title="bbox 956 1653 1748 1696; baseline -0.013 -8"><span class='ocrx_word' id='word_1_535' title='bbox 956 1662 1074 1690; x_wconf 80' lang='lat' dir='ltr'><strong>lremcus</strong></span> <span class='ocrx_word' id='word_1_536' title='bbox 1085 1662 1212 1696; x_wconf 44' lang='lat' dir='ltr'><strong>praeclara</strong></span> <span class='ocrx_word' id='word_1_537' title='bbox 1226 1659 1265 1686; x_wconf 85' lang='lat' dir='ltr'><strong>vir</strong></span> <span class='ocrx_word' id='word_1_538' title='bbox 1276 1658 1423 1685; x_wconf 79' lang='lat' dir='ltr'><strong>sanctitate</strong></span> <span class='ocrx_word' id='word_1_539' title='bbox 1436 1655 1632 1691; x_wconf 80' lang='lat' dir='ltr'><strong>pronuntiavit.</strong></span> <span class='ocrx_word' id='word_1_540' title='bbox 1647 1653 1748 1687; x_wconf 68' lang='lat' dir='ltr'><strong>ASqua-</strong></span> 
     </span>
    </p>
   </div>
   <div class='ocr_carea' id='block_1_78' title="bbox 956 1700 1748 1736">
    <p class='ocr_par' dir='ltr' id='par_1_78' title="bbox 956 1700 1748 1736">
     <span class='ocr_line' id='line_1_78' title="bbox 956 1700 1748 1736; baseline -0.014 0"><span class='ocrx_word' id='word_1_541' title='bbox 956 1710 995 1736; x_wconf 83' lang='lat' dir='ltr'><strong>les</strong></span> <span class='ocrx_word' id='word_1_542' title='bbox 1021 1708 1093 1736; x_wconf 90' lang='lat' dir='ltr'><strong>enim</strong></span> <span class='ocrx_word' id='word_1_543' title='bbox 1121 1707 1159 1734; x_wconf 87' lang='lat' dir='ltr'><strong>illi</strong></span> <span class='ocrx_word' id='word_1_544' title='bbox 1185 1713 1281 1733; x_wconf 79' lang='lat' dir='ltr'><strong>omnes</strong></span> <span class='ocrx_word' id='word_1_545' title='bbox 1303 1704 1476 1732; x_wconf 80' lang='lat' dir='ltr'><strong>exstiterunt.</strong></span> <span class='ocrx_word' id='word_1_546' title='bbox 1506 1702 1555 1733; x_wconf 79' lang='lat' dir='ltr'><strong>sic,</strong></span> <span class='ocrx_word' id='word_1_547' title='bbox 1579 1705 1607 1728; x_wconf 90' lang='lat' dir='ltr'><strong>ut</strong></span> <span class='ocrx_word' id='word_1_548' title='bbox 1633 1700 1748 1734; x_wconf 76' lang='lat' dir='ltr'><strong>quilibet</strong></span> 
     </span>
    </p>
   </div>
   <div class='ocr_carea' id='block_1_79' title="bbox 955 1750 1748 1790">
    <p class='ocr_par' dir='ltr' id='par_1_79' title="bbox 955 1750 1748 1790">
     <span class='ocr_line' id='line_1_79' title="bbox 955 1750 1748 1790; baseline -0.013 -7"><span class='ocrx_word' id='word_1_549' title='bbox 955 1755 1102 1790; x_wconf 83' lang='lat' dir='ltr'><strong>pessimam</strong></span> <span class='ocrx_word' id='word_1_550' title='bbox 1114 1754 1148 1780; x_wconf 87' lang='lat' dir='ltr'><strong>ab</strong></span> <span class='ocrx_word' id='word_1_551' title='bbox 1162 1753 1247 1780; x_wconf 81' lang='lat' dir='ltr'><strong>altero</strong></span> <span class='ocrx_word' id='word_1_552' title='bbox 1262 1751 1432 1786; x_wconf 85' lang='lat' dir='ltr'><strong>disciplinam</strong></span> <span class='ocrx_word' id='word_1_553' title='bbox 1446 1758 1478 1777; x_wconf 89' lang='lat' dir='ltr'><strong>ae</strong></span> <span class='ocrx_word' id='word_1_554' title='bbox 1492 1750 1591 1784; x_wconf 75' lang='lat' dir='ltr'><strong>dogma</strong></span> <span class='ocrx_word' id='word_1_555' title='bbox 1608 1752 1748 1774; x_wconf 87' lang='lat' dir='ltr'><strong>mutuatus</strong></span> 
     </span>
    </p>
   </div>
   <div class='ocr_carea' id='block_1_80' title="bbox 956 1795 1748 1833">
    <p class='ocr_par' dir='ltr' id='par_1_80' title="bbox 956 1795 1748 1833">
     <span class='ocr_line' id='line_1_80' title="bbox 956 1795 1748 1833; baseline -0.011 -6"><span class='ocrx_word' id='word_1_556' title='bbox 956 1801 1052 1833; x_wconf 86' lang='lat' dir='ltr'><strong>fuerit;</strong></span> <span class='ocrx_word' id='word_1_557' title='bbox 1071 1800 1151 1833; x_wconf 87' lang='lat' dir='ltr'><strong>alius,</strong></span> <span class='ocrx_word' id='word_1_558' title='bbox 1167 1800 1289 1833; x_wconf 88' lang='lat' dir='ltr'><strong>inquam,</strong></span> <span class='ocrx_word' id='word_1_559' title='bbox 1308 1799 1382 1824; x_wconf 82' lang='lat' dir='ltr'><strong>velut</strong></span> <span class='ocrx_word' id='word_1_560' title='bbox 1399 1801 1512 1824; x_wconf 85' lang='lat' dir='ltr'><strong>exortus</strong></span> <span class='ocrx_word' id='word_1_561' title='bbox 1529 1796 1563 1822; x_wconf 83' lang='lat' dir='ltr'><strong>ab</strong></span> <span class='ocrx_word' id='word_1_562' title='bbox 1578 1795 1674 1824; x_wconf 82' lang='lat' dir='ltr'><strong>altero.</strong></span> <span class='ocrx_word' id='word_1_563' title='bbox 1693 1800 1748 1827; x_wconf 88' lang='lat' dir='ltr'><strong>quo</strong></span> 
     </span>
    </p>
   </div>
   <div class='ocr_carea' id='block_1_81' title="bbox 956 1840 1748 1882">
    <p class='ocr_par' dir='ltr' id='par_1_81' title="bbox 956 1840 1748 1882">
     <span class='ocr_line' id='line_1_81' title="bbox 956 1840 1748 1882; baseline -0.011 -8"><span class='ocrx_word' id='word_1_564' title='bbox 956 1855 986 1875; x_wconf 92' lang='lat' dir='ltr'><strong>se</strong></span> <span class='ocrx_word' id='word_1_565' title='bbox 1001 1847 1118 1882; x_wconf 87' lang='lat' dir='ltr'><strong>amplius</strong></span> <span class='ocrx_word' id='word_1_566' title='bbox 1133 1849 1300 1877; x_wconf 78' lang='lat' dir='ltr'><strong>ostentaret,</strong></span> <span class='ocrx_word' id='word_1_567' title='bbox 1317 1843 1507 1872; x_wconf 84' lang='lat' dir='ltr'><strong>seclestissimi</strong></span> <span class='ocrx_word' id='word_1_568' title='bbox 1526 1841 1672 1868; x_wconf 88' lang='lat' dir='ltr'><strong>commenti</strong></span> <span class='ocrx_word' id='word_1_569' title='bbox 1692 1840 1748 1866; x_wconf 72' lang='lat' dir='ltr'><strong>dis~</strong></span> 
     </span>
    </p>
   </div>
   <div class='ocr_carea' id='block_1_82' title="bbox 956 1885 1749 1929">
    <p class='ocr_par' dir='ltr' id='par_1_82' title="bbox 956 1885 1749 1929">
     <span class='ocr_line' id='line_1_82' title="bbox 956 1885 1749 1929; baseline -0.014 -8"><span class='ocrx_word' id='word_1_570' title='bbox 956 1898 1114 1929; x_wconf 81' lang='lat' dir='ltr'><strong>crepantem</strong></span> <span class='ocrx_word' id='word_1_571' title='bbox 1135 1892 1280 1928; x_wconf 81' lang='lat' dir='ltr'><strong>quamdam</strong></span> <span class='ocrx_word' id='word_1_572' title='bbox 1302 1890 1417 1917; x_wconf 87' lang='lat' dir='ltr'><strong>formam</strong></span> <span class='ocrx_word' id='word_1_573' title='bbox 1442 1897 1473 1915; x_wconf 87' lang='lat' dir='ltr'><strong>ae</strong></span> <span class='ocrx_word' id='word_1_574' title='bbox 1493 1888 1626 1914; x_wconf 87' lang='lat' dir='ltr'><strong>rationem</strong></span> <span class='ocrx_word' id='word_1_575' title='bbox 1642 1885 1749 1919; x_wconf 79' lang='lat' dir='ltr'><strong>excogi-</strong></span> 
     </span>
    </p>
   </div>
   <div class='ocr_carea' id='block_1_83' title="bbox 956 1930 1749 1971">
    <p class='ocr_par' dir='ltr' id='par_1_83' title="bbox 956 1930 1749 1971">
     <span class='ocr_line' id='line_1_83' title="bbox 956 1930 1749 1971; baseline -0.013 -6"><span class='ocrx_word' id='word_1_576' title='bbox 956 1939 1029 1965; x_wconf 88' lang='lat' dir='ltr'><strong>tarit.</strong></span> <span class='ocrx_word' id='word_1_577' title='bbox 1043 1937 1093 1971; x_wconf 87' lang='lat' dir='ltr'><strong>Qui</strong></span> <span class='ocrx_word' id='word_1_578' title='bbox 1107 1945 1136 1965; x_wconf 89' lang='lat' dir='ltr'><strong>se</strong></span> <span class='ocrx_word' id='word_1_579' title='bbox 1149 1945 1245 1964; x_wconf 86' lang='lat' dir='ltr'><strong>omnes</strong></span> <span class='ocrx_word' id='word_1_580' title='bbox 1256 1935 1402 1963; x_wconf 82' lang='lat' dir='ltr'><strong>Gnoslicos</strong></span> <span class='ocrx_word' id='word_1_581' title='bbox 1414 1933 1551 1960; x_wconf 87' lang='lat' dir='ltr'><strong>communi</strong></span> <span class='ocrx_word' id='word_1_582' title='bbox 1567 1930 1749 1965; x_wconf 83' lang='lat' dir='ltr'><strong>appellatione</strong></span> 
     </span>
    </p>
   </div>
   <div class='ocr_carea' id='block_1_84' title="bbox 955 1977 1749 2015">
    <p class='ocr_par' dir='ltr' id='par_1_84' title="bbox 955 1977 1749 2015">
     <span class='ocr_line' id='line_1_84' title="bbox 955 1977 1749 2015; baseline -0.01 -4"><span class='ocrx_word' id='word_1_583' title='bbox 955 1984 1009 2011; x_wconf 87' lang='lat' dir='ltr'><strong>dici</strong></span> <span class='ocrx_word' id='word_1_584' title='bbox 1032 1984 1188 2010; x_wconf 79' lang='lat' dir='ltr'><strong>voluerunt.</strong></span> <span class='ocrx_word' id='word_1_585' title='bbox 1208 1981 1369 2015; x_wconf 89' lang='lat' dir='ltr'><strong>Cujusmodi</strong></span> <span class='ocrx_word' id='word_1_586' title='bbox 1391 1979 1552 2006; x_wconf 75' lang='lat' dir='ltr'><strong>Valentinus</strong></span> <span class='ocrx_word' id='word_1_587' title='bbox 1572 1977 1635 2007; x_wconf 86' lang='lat' dir='ltr'><strong>fuit,</strong></span> <span class='ocrx_word' id='word_1_588' title='bbox 1654 1980 1680 2002; x_wconf 82' lang='lat' dir='ltr'><strong>et</strong></span> <span class='ocrx_word' id='word_1_589' title='bbox 1700 1978 1749 2009; x_wconf 85' lang='lat' dir='ltr'><strong>qui</strong></span> 
     </span>
    </p>
   </div>
   <div class='ocr_carea' id='block_1_85' title="bbox 956 2021 1749 2062">
    <p class='ocr_par' dir='ltr' id='par_1_85' title="bbox 956 2021 1749 2062">
     <span class='ocr_line' id='line_1_85' title="bbox 956 2021 1749 2062; baseline -0.013 -5"><span class='ocrx_word' id='word_1_590' title='bbox 956 2030 1031 2056; x_wconf 85' lang='lat' dir='ltr'><strong>illum</strong></span> <span class='ocrx_word' id='word_1_591' title='bbox 1050 2028 1172 2056; x_wconf 87' lang='lat' dir='ltr'><strong>Gnostici</strong></span> <span class='ocrx_word' id='word_1_592' title='bbox 1188 2029 1398 2062; x_wconf 69' lang='lat' dir='ltr'><strong>prtecesserunt.</strong></span> <span class='ocrx_word' id='word_1_593' title='bbox 1417 2025 1536 2058; x_wconf 87' lang='lat' dir='ltr'><strong>Itemque</strong></span> <span class='ocrx_word' id='word_1_594' title='bbox 1553 2021 1684 2048; x_wconf 67' lang='lat' dir='ltr'><strong>Basilides</strong></span> <span class='ocrx_word' id='word_1_595' title='bbox 1695 2041 1701 2051; x_wconf 89' lang='lat'><strong>.</strong></span> <span class='ocrx_word' id='word_1_596' title='bbox 1717 2028 1749 2047; x_wconf 83' lang='lat' dir='ltr'><strong>ac</strong></span> 
     </span>
    </p>
   </div>
   <div class='ocr_carea' id='block_1_86' title="bbox 956 2070 1750 2108">
    <p class='ocr_par' dir='ltr' id='par_1_86' title="bbox 956 2070 1750 2108">
     <span class='ocr_line' id='line_1_86' title="bbox 956 2070 1750 2108; baseline -0.014 -3"><span class='ocrx_word' id='word_1_597' title='bbox 956 2077 1124 2108; x_wconf 86' lang='lat' dir='ltr'><strong>Salurnilus,</strong></span> <span class='ocrx_word' id='word_1_598' title='bbox 1138 2081 1164 2103; x_wconf 91' lang='lat' dir='ltr'><strong>et</strong></span> <span class='ocrx_word' id='word_1_599' title='bbox 1184 2075 1361 2105; x_wconf 83' lang='lat' dir='ltr'><strong>Colorbasus,</strong></span> <span class='ocrx_word' id='word_1_600' title='bbox 1378 2082 1408 2099; x_wconf 81' lang='lat' dir='ltr'><strong>ae</strong></span> <span class='ocrx_word' id='word_1_601' title='bbox 1422 2072 1583 2099; x_wconf 68' lang='lat' dir='ltr'><strong>Ptolemzeus</strong></span> <span class='ocrx_word' id='word_1_602' title='bbox 1610 2070 1750 2097; x_wconf 72' lang='lat' dir='ltr'><strong>ctSct-un-</strong></span> 
     </span>
    </p>
   </div>
   <div class='ocr_carea' id='block_1_87' title="bbox 956 2115 1750 2156">
    <p class='ocr_par' dir='ltr' id='par_1_87' title="bbox 956 2115 1750 2156">
     <span class='ocr_line' id='line_1_87' title="bbox 956 2115 1750 2156; baseline -0.011 -6"><span class='ocrx_word' id='word_1_603' title='bbox 956 2123 1018 2153; x_wconf 88' lang='lat' dir='ltr'><strong>dus,</strong></span> <span class='ocrx_word' id='word_1_604' title='bbox 1033 2122 1225 2156; x_wconf 71' lang='lat' dir='ltr'><strong>Carpocrates,</strong></span> <span class='ocrx_word' id='word_1_605' title='bbox 1242 2120 1342 2155; x_wconf 84' lang='lat' dir='ltr'><strong>aliique</strong></span> <span class='ocrx_word' id='word_1_606' title='bbox 1357 2119 1522 2153; x_wconf 77' lang='lat' dir='ltr'><strong>complures.</strong></span> <span class='ocrx_word' id='word_1_607' title='bbox 1540 2117 1646 2150; x_wconf 86' lang='lat' dir='ltr'><strong>Quibus</strong></span> <span class='ocrx_word' id='word_1_608' title='bbox 1661 2115 1750 2142; x_wconf 89' lang='lat' dir='ltr'><strong>omni-</strong></span> 
     </span>
    </p>
   </div>
   <div class='ocr_carea' id='block_1_88' title="bbox 955 2162 1748 2202">
    <p class='ocr_par' dir='ltr' id='par_1_88' title="bbox 955 2162 1748 2202">
     <span class='ocr_line' id='line_1_88' title="bbox 955 2162 1748 2202; baseline -0.011 -5"><span class='ocrx_word' id='word_1_609' title='bbox 955 2169 1007 2197; x_wconf 93' lang='lat' dir='ltr'><strong>bus</strong></span> <span class='ocrx_word' id='word_1_610' title='bbox 1028 2168 1121 2200; x_wconf 88' lang='lat' dir='ltr'><strong>sectis,</strong></span> <span class='ocrx_word' id='word_1_611' title='bbox 1145 2167 1217 2202; x_wconf 89' lang='lat' dir='ltr'><strong>quod</strong></span> <span class='ocrx_word' id='word_1_612' title='bbox 1240 2166 1335 2193; x_wconf 87' lang='lat' dir='ltr'><strong>eodem</strong></span> <span class='ocrx_word' id='word_1_613' title='bbox 1359 2165 1485 2200; x_wconf 84' lang='lat' dir='ltr'><strong>prodiere</strong></span> <span class='ocrx_word' id='word_1_614' title='bbox 1511 2168 1643 2198; x_wconf 90' lang='lat' dir='ltr'><strong>tempore,</strong></span> <span class='ocrx_word' id='word_1_615' title='bbox 1666 2162 1748 2189; x_wconf 92' lang='lat' dir='ltr'><strong>simul</strong></span> 
     </span>
    </p>
   </div>
   <div class='ocr_carea' id='block_1_89' title="bbox 958 2211 1752 2248">
    <p class='ocr_par' dir='ltr' id='par_1_89' title="bbox 958 2211 1752 2248">
     <span class='ocr_line' id='line_1_89' title="bbox 958 2211 1752 2248; baseline -0.011 -4"><span class='ocrx_word' id='word_1_616' title='bbox 958 2216 1113 2247; x_wconf 82' lang='lat' dir='ltr'><strong>recensitis,</strong></span> <span class='ocrx_word' id='word_1_617' title='bbox 1129 2222 1202 2242; x_wconf 88' lang='lat' dir='ltr'><strong>nunc</strong></span> <span class='ocrx_word' id='word_1_618' title='bbox 1214 2213 1348 2248; x_wconf 90' lang='lat' dir='ltr'><strong>cujusque</strong></span> <span class='ocrx_word' id='word_1_619' title='bbox 1357 2213 1430 2239; x_wconf 85' lang='lat' dir='ltr'><strong>velut</strong></span> <span class='ocrx_word' id='word_1_620' title='bbox 1446 2215 1522 2239; x_wconf 87' lang='lat' dir='ltr'><strong>satus</strong></span> <span class='ocrx_word' id='word_1_621' title='bbox 1539 2211 1624 2237; x_wconf 86' lang='lat' dir='ltr'><strong>labem</strong></span> <span class='ocrx_word' id='word_1_622' title='bbox 1641 2217 1672 2236; x_wconf 87' lang='lat' dir='ltr'><strong>ac</strong></span> <span class='ocrx_word' id='word_1_623' title='bbox 1687 2217 1752 2244; x_wconf 91' lang='lat' dir='ltr'><strong>per-</strong></span> 
     </span>
    </p>
   </div>
   <div class='ocr_carea' id='block_1_90' title="bbox 114 2252 901 2295">
    <p class='ocr_par' dir='ltr' id='par_1_90' title="bbox 114 2256 901 2294">
     <span class='ocr_line' id='line_1_90' title="bbox 114 2256 901 2294; baseline 0.003 -10"><span class='ocrx_word' id='word_1_624' title='bbox 114 2257 142 2284; x_wconf 80' lang='grc' dir='ltr'>δὲ</span> <span class='ocrx_word' id='word_1_625' title='bbox 154 2257 304 2292; x_wconf 77' lang='grc' dir='ltr'>ληρωδίας,</span> <span class='ocrx_word' id='word_1_626' title='bbox 321 2256 359 2287; x_wconf 80' lang='grc' dir='ltr'>ὡς</span> <span class='ocrx_word' id='word_1_627' title='bbox 378 2257 432 2287; x_wconf 77' lang='grc' dir='ltr'>τοῖς</span> <span class='ocrx_word' id='word_1_628' title='bbox 450 2257 567 2288; x_wconf 82' lang='grc' dir='ltr'>συνετοῐς</span> <span class='ocrx_word' id='word_1_629' title='bbox 587 2258 845 2294; x_wconf 76' lang='grc' dir='ltr'>καταγινωσκομένη</span> <span class='ocrx_word' id='word_1_630' title='bbox 861 2260 901 2286; x_wconf 85' lang='grc' dir='ltr'><strong>εὑ-</strong></span> 
     </span>
    </p>
   </div>
   <div class='ocr_carea' id='block_1_91' title="bbox 956 2252 1753 2295">
    <p class='ocr_par' dir='ltr' id='par_1_91' title="bbox 960 2255 1753 2295">
     <span class='ocr_line' id='line_1_91' title="bbox 960 2255 1753 2295; baseline -0.01 -6"><span class='ocrx_word' id='word_1_631' title='bbox 960 2262 1058 2289; x_wconf 87' lang='lat' dir='ltr'><strong>niciem</strong></span> <span class='ocrx_word' id='word_1_632' title='bbox 1082 2261 1238 2295; x_wconf 76' lang='lat' dir='ltr'><strong>singillatim</strong></span> <span class='ocrx_word' id='word_1_633' title='bbox 1258 2267 1400 2294; x_wconf 78' lang='lat' dir='ltr'><strong>exponam.</strong></span> <span class='ocrx_word' id='word_1_634' title='bbox 1427 2258 1478 2284; x_wconf 81' lang='lat' dir='ltr'><strong>Sed</strong></span> <span class='ocrx_word' id='word_1_635' title='bbox 1503 2257 1591 2291; x_wconf 87' lang='lat' dir='ltr'><strong>ipsum</strong></span> <span class='ocrx_word' id='word_1_636' title='bbox 1617 2256 1643 2282; x_wconf 94' lang='lat' dir='ltr'><strong>in</strong></span> <span class='ocrx_word' id='word_1_637' title='bbox 1655 2255 1753 2290; x_wconf 82' lang='lat' dir='ltr'><strong>primis</strong></span> 
     </span>
    </p>
   </div>
   <div class='ocr_carea' id='block_1_92' title="bbox 118 2302 523 2338">
    <p class='ocr_par' dir='ltr' id='par_1_92' title="bbox 118 2302 523 2338">
     <span class='ocr_line' id='line_1_92' title="bbox 118 2302 523 2338; baseline -0.002 -9"><span class='ocrx_word' id='word_1_638' title='bbox 118 2303 238 2338; x_wconf 76' lang='grc' dir='ltr'>ρίσκεται</span> <span class='ocrx_word' id='word_1_639' title='bbox 252 2303 298 2329; x_wconf 78' lang='grc' dir='ltr'><strong>καὶ</strong></span> <span class='ocrx_word' id='word_1_640' title='bbox 312 2302 523 2336; x_wconf 78' lang='grc' dir='ltr'>καταγέλαστος.</span> 
     </span>
    </p>
   </div>
   <div class='ocr_carea' id='block_1_93' title="bbox 960 2301 1749 2341">
    <p class='ocr_par' dir='ltr' id='par_1_93' title="bbox 960 2301 1749 2341">
     <span class='ocr_line' id='line_1_93' title="bbox 960 2301 1749 2341; baseline -0.011 -6"><span class='ocrx_word' id='word_1_641' title='bbox 960 2309 1095 2335; x_wconf 70' lang='grc' dir='ltr'>Ιιωιοεθοε</span> <span class='ocrx_word' id='word_1_642' title='bbox 1114 2311 1195 2341; x_wconf 86' lang='lat' dir='ltr'><strong>caput</strong></span> <span class='ocrx_word' id='word_1_643' title='bbox 1214 2314 1245 2333; x_wconf 91' lang='lat' dir='ltr'><strong>ac</strong></span> <span class='ocrx_word' id='word_1_644' title='bbox 1265 2304 1405 2339; x_wconf 72' lang='lat' dir='ltr'><strong>tragmdire</strong></span> <span class='ocrx_word' id='word_1_645' title='bbox 1427 2307 1565 2330; x_wconf 81' lang='lat' dir='ltr'><strong>auctorem</strong></span> <span class='ocrx_word' id='word_1_646' title='bbox 1587 2301 1749 2336; x_wconf 75' lang='lat' dir='ltr'><strong>aggrediar;</strong></span> 
     </span>
    </p>
   </div>
   <div class='ocr_carea' id='block_1_94' title="bbox 116 2348 1755 2400">
    <p class='ocr_par' dir='ltr' id='par_1_94' title="bbox 116 2348 1755 2400">
     <span class='ocr_line' id='line_1_94' title="bbox 116 2348 1755 2400; baseline 0.001 -25"><span class='ocrx_word' id='word_1_647' title='bbox 116 2348 287 2400; x_wconf 73' lang='lat' dir='ltr'><strong>Valentinum</strong></span> <span class='ocrx_word' id='word_1_648' title='bbox 318 2348 454 2383; x_wconf 82' lang='lat' dir='ltr'><strong>intelligo.</strong></span> <span class='ocrx_word' id='word_1_649' title='bbox 490 2348 732 2400; x_wconf 74' lang='lat' dir='ltr'><strong>Valentiuianaquo</strong></span> <span class='ocrx_word' id='word_1_650' title='bbox 759 2352 901 2388; x_wconf 80' lang='lat' dir='ltr'><strong>dogmata,</strong></span> <span class='ocrx_word' id='word_1_651' title='bbox 922 2364 983 2391; x_wconf 67' lang='lat' dir='ltr'><strong>quae</strong></span> <span class='ocrx_word' id='word_1_652' title='bbox 999 2356 1033 2383; x_wconf 91' lang='lat' dir='ltr'><strong>ab</strong></span> <span class='ocrx_word' id='word_1_653' title='bbox 1049 2356 1172 2391; x_wconf 70' lang='lat' dir='ltr'><strong>speciosa</strong></span> <span class='ocrx_word' id='word_1_654' title='bbox 1188 2355 1232 2381; x_wconf 90' lang='lat' dir='ltr'><strong>illa</strong></span> <span class='ocrx_word' id='word_1_655' title='bbox 1265 2353 1457 2380; x_wconf 88' lang='lat' dir='ltr'><strong>Gnosticorum</strong></span> <span class='ocrx_word' id='word_1_656' title='bbox 1483 2350 1652 2386; x_wconf 88' lang='lat' dir='ltr'><strong>professione</strong></span> <span class='ocrx_word' id='word_1_657' title='bbox 1673 2348 1755 2384; x_wconf 65' lang='grc'><strong>164</strong></span> 
     </span>
    </p>
   </div>
   <div class='ocr_carea' id='block_1_95' title="bbox 116 2395 1753 2436">
    <p class='ocr_par' dir='ltr' id='par_1_95' title="bbox 116 2395 1753 2436">
     <span class='ocr_line' id='line_1_95' title="bbox 116 2395 1753 2436; baseline 0.001 -15"><span class='ocrx_word' id='word_1_658' title='bbox 116 2395 285 2429; x_wconf 78' lang='lat' dir='ltr'><strong>prodierunt,</strong></span> <span class='ocrx_word' id='word_1_659' title='bbox 304 2403 372 2430; x_wconf 90' lang='lat' dir='ltr'><strong>quas</strong></span> <span class='ocrx_word' id='word_1_660' title='bbox 391 2396 591 2430; x_wconf 76' lang='lat' dir='ltr'><strong>catagnosticas</strong></span> <span class='ocrx_word' id='word_1_661' title='bbox 613 2398 704 2432; x_wconf 87' lang='lat' dir='ltr'><strong>potius</strong></span> <span class='ocrx_word' id='word_1_662' title='bbox 731 2407 829 2434; x_wconf 81' lang='lat' dir='ltr'><strong>nugas,</strong></span> <span class='ocrx_word' id='word_1_663' title='bbox 854 2402 905 2429; x_wconf 84' lang='lat' dir='ltr'><strong>bOr</strong></span> <span class='ocrx_word' id='word_1_664' title='bbox 924 2409 966 2431; x_wconf 88' lang='lat' dir='ltr'><strong>est</strong></span> <span class='ocrx_word' id='word_1_665' title='bbox 980 2403 1133 2432; x_wconf 83' lang='lat' dir='ltr'><strong>damnatas.</strong></span> <span class='ocrx_word' id='word_1_666' title='bbox 1157 2401 1295 2436; x_wconf 82' lang='lat' dir='ltr'><strong>appellare</strong></span> <span class='ocrx_word' id='word_1_667' title='bbox 1312 2401 1391 2431; x_wconf 85' lang='lat' dir='ltr'><strong>licet,</strong></span> <span class='ocrx_word' id='word_1_668' title='bbox 1420 2399 1458 2425; x_wconf 87' lang='lat' dir='ltr'><strong>uti</strong></span> <span class='ocrx_word' id='word_1_669' title='bbox 1484 2398 1588 2433; x_wconf 84' lang='lat' dir='ltr'><strong>pridem</strong></span> <span class='ocrx_word' id='word_1_670' title='bbox 1615 2397 1753 2431; x_wconf 80' lang='lat' dir='ltr'><strong>sapientes</strong></span> 
     </span>
    </p>
   </div>
   <div class='ocr_carea' id='block_1_96' title="bbox 116 2441 877 2478">
    <p class='ocr_par' dir='ltr' id='par_1_96' title="bbox 116 2441 877 2478">
     <span class='ocr_line' id='line_1_96' title="bbox 116 2441 877 2478; baseline 0.008 -11"><span class='ocrx_word' id='word_1_671' title='bbox 116 2449 162 2469; x_wconf 82' lang='lat' dir='ltr'><strong>eas</strong></span> <span class='ocrx_word' id='word_1_672' title='bbox 177 2441 405 2472; x_wconf 79' lang='lat' dir='ltr'><strong>condemnarunt,</strong></span> <span class='ocrx_word' id='word_1_673' title='bbox 419 2449 450 2468; x_wconf 90' lang='lat' dir='ltr'><strong>ac</strong></span> <span class='ocrx_word' id='word_1_674' title='bbox 469 2442 584 2469; x_wconf 87' lang='lat' dir='ltr'><strong>ludibrio</strong></span> <span class='ocrx_word' id='word_1_675' title='bbox 602 2443 699 2478; x_wconf 78' lang='lat' dir='ltr'><strong>dignas</strong></span> <span class='ocrx_word' id='word_1_676' title='bbox 715 2444 877 2475; x_wconf 82' lang='lat' dir='ltr'><strong>habuerunt.</strong></span> 
     </span>
    </p>
   </div>
   <div class='ocr_carea' id='block_1_97' title="bbox 150 2484 906 2527">
    <p class='ocr_par' dir='ltr' id='par_1_97' title="bbox 150 2484 906 2527">
     <span class='ocr_line' id='line_1_97' title="bbox 150 2484 906 2527; baseline 0.011 -16"><span class='ocrx_word' id='word_1_677' title='bbox 150 2486 187 2513; x_wconf 87' lang='lat' dir='ltr'><strong>B&#39;.</strong></span> <span class='ocrx_word' id='word_1_678' title='bbox 208 2486 383 2517; x_wconf 74' lang='grc' dir='ltr'>Οὐαλεντῖνος</span> <span class='ocrx_word' id='word_1_679' title='bbox 400 2486 449 2522; x_wconf 77' lang='grc' dir='ltr'><strong>μὲν</strong></span> <span class='ocrx_word' id='word_1_680' title='bbox 471 2484 516 2513; x_wconf 71' lang='grc' dir='ltr'>οὖν</span> <span class='ocrx_word' id='word_1_681' title='bbox 547 2485 623 2519; x_wconf 73' lang='grc' dir='ltr'>οὗτος</span> <span class='ocrx_word' id='word_1_682' title='bbox 653 2489 740 2525; x_wconf 84' lang='grc' dir='ltr'>χρόνῳ</span> <span class='ocrx_word' id='word_1_683' title='bbox 756 2490 906 2527; x_wconf 77' lang='grc' dir='ltr'>διαδέχεται</span> 
     </span>
    </p>
   </div>
   <div class='ocr_carea' id='block_1_98' title="bbox 116 2532 907 2571">
    <p class='ocr_par' dir='ltr' id='par_1_98' title="bbox 116 2532 907 2571">
     <span class='ocr_line' id='line_1_98' title="bbox 116 2532 907 2571; baseline 0.004 -13"><span class='ocrx_word' id='word_1_684' title='bbox 116 2533 178 2564; x_wconf 85' lang='grc' dir='ltr'>τοῦς</span> <span class='ocrx_word' id='word_1_685' title='bbox 197 2532 249 2568; x_wconf 84' lang='grc' dir='ltr'>πρὸ</span> <span class='ocrx_word' id='word_1_686' title='bbox 265 2532 348 2558; x_wconf 81' lang='grc' dir='ltr'>αὐτοῦ</span> <span class='ocrx_word' id='word_1_687' title='bbox 368 2533 616 2569; x_wconf 76' lang='grc' dir='ltr'>προτεταγμένους,</span> <span class='ocrx_word' id='word_1_688' title='bbox 637 2534 795 2571; x_wconf 78' lang='grc' dir='ltr'>Βασιλείδην</span> <span class='ocrx_word' id='word_1_689' title='bbox 812 2546 841 2564; x_wconf 82' lang='grc' dir='ltr'><strong>τε</strong></span> <span class='ocrx_word' id='word_1_690' title='bbox 860 2539 907 2565; x_wconf 68' lang='grc' dir='ltr'><strong>καὶ</strong></span> 
     </span>
    </p>
   </div>
   <div class='ocr_carea' id='block_1_99' title="bbox 116 2578 905 2618">
    <p class='ocr_par' dir='ltr' id='par_1_99' title="bbox 116 2578 905 2618">
     <span class='ocr_line' id='line_1_99' title="bbox 116 2578 905 2618; baseline 0.005 -12"><span class='ocrx_word' id='word_1_691' title='bbox 116 2579 284 2614; x_wconf 80' lang='grc' dir='ltr'>Σατορνῖλον,</span> <span class='ocrx_word' id='word_1_692' title='bbox 302 2578 418 2606; x_wconf 78' lang='grc' dir='ltr'>Ἐϐίωνά</span> <span class='ocrx_word' id='word_1_693' title='bbox 434 2587 463 2605; x_wconf 82' lang='grc' dir='ltr'><strong>τε</strong></span> <span class='ocrx_word' id='word_1_694' title='bbox 479 2580 525 2606; x_wconf 71' lang='grc' dir='ltr'><strong>καὶ</strong></span> <span class='ocrx_word' id='word_1_695' title='bbox 543 2581 679 2616; x_wconf 84' lang='grc' dir='ltr'>Κήρινθον</span> <span class='ocrx_word' id='word_1_696' title='bbox 694 2582 741 2607; x_wconf 73' lang='grc' dir='ltr'>καὶ</span> <span class='ocrx_word' id='word_1_697' title='bbox 755 2583 905 2618; x_wconf 79' lang='grc' dir='ltr'>Μήρινθον,</span> 
     </span>
    </p>
   </div>
   <div class='ocr_carea' id='block_1_100' title="bbox 117 2621 908 2665">
    <p class='ocr_par' dir='ltr' id='par_1_100' title="bbox 117 2621 908 2665">
     <span class='ocr_line' id='line_1_100' title="bbox 117 2621 908 2665; baseline 0.008 -16"><span class='ocrx_word' id='word_1_698' title='bbox 117 2624 234 2656; x_wconf 76' lang='grc' dir='ltr'>καὶτοὺς</span> <span class='ocrx_word' id='word_1_699' title='bbox 246 2624 314 2658; x_wconf 75' lang='grc' dir='ltr'>ἀμφ’</span> <span class='ocrx_word' id='word_1_700' title='bbox 329 2623 436 2655; x_wconf 76' lang='grc' dir='ltr'>αὐτούς.</span> <span class='ocrx_word' id='word_1_701' title='bbox 451 2621 530 2650; x_wconf 74' lang='grc' dir='ltr'>Οὗτοι</span> <span class='ocrx_word' id='word_1_702' title='bbox 544 2624 597 2661; x_wconf 80' lang='grc' dir='ltr'>γὰρ</span> <span class='ocrx_word' id='word_1_703' title='bbox 611 2627 710 2658; x_wconf 81' lang='grc' dir='ltr'>πάντες</span> <span class='ocrx_word' id='word_1_704' title='bbox 721 2627 750 2653; x_wconf 84' lang='grc' dir='ltr'>ὲν</span> <span class='ocrx_word' id='word_1_705' title='bbox 765 2627 804 2653; x_wconf 80' lang='grc' dir='ltr'>ἑνὶ</span> <span class='ocrx_word' id='word_1_706' title='bbox 819 2629 908 2665; x_wconf 84' lang='grc' dir='ltr'>καιρῷ</span> 
     </span>
    </p>
   </div>
   <div class='ocr_carea' id='block_1_101' title="bbox 118 2669 907 2708">
    <p class='ocr_par' dir='ltr' id='par_1_101' title="bbox 118 2669 907 2708">
     <span class='ocr_line' id='line_1_101' title="bbox 118 2669 907 2708; baseline 0.008 -13"><span class='ocrx_word' id='word_1_707' title='bbox 118 2669 152 2704; x_wconf 77' lang='grc' dir='ltr'>τῷ</span> <span class='ocrx_word' id='word_1_708' title='bbox 168 2669 217 2704; x_wconf 87' lang='grc' dir='ltr'><strong>βίῳ</strong></span> <span class='ocrx_word' id='word_1_709' title='bbox 233 2669 467 2705; x_wconf 81' lang='grc' dir='ltr'>κακῶςὲφύησαν,</span> <span class='ocrx_word' id='word_1_710' title='bbox 484 2670 565 2706; x_wconf 73' lang='grc' dir='ltr'>ὀλίγῳ</span> <span class='ocrx_word' id='word_1_711' title='bbox 579 2671 607 2698; x_wconf 82' lang='grc' dir='ltr'><strong>δὲ</strong></span> <span class='ocrx_word' id='word_1_712' title='bbox 624 2672 741 2707; x_wconf 83' lang='grc' dir='ltr'>πρόσθεν</span> <span class='ocrx_word' id='word_1_713' title='bbox 760 2673 859 2708; x_wconf 86' lang='grc' dir='ltr'>μᾶλλον</span> <span class='ocrx_word' id='word_1_714' title='bbox 881 2676 907 2701; x_wconf 81' lang='grc' dir='ltr'>οἱ</span> 
     </span>
    </p>
   </div>
   <div class='ocr_carea' id='block_1_102' title="bbox 116 2715 907 2754">
    <p class='ocr_par' dir='ltr' id='par_1_102' title="bbox 116 2715 907 2754">
     <span class='ocr_line' id='line_1_102' title="bbox 116 2715 907 2754; baseline 0.006 -13"><span class='ocrx_word' id='word_1_715' title='bbox 116 2715 180 2751; x_wconf 71' lang='grc' dir='ltr'>περὶ</span> <span class='ocrx_word' id='word_1_716' title='bbox 197 2715 331 2751; x_wconf 81' lang='grc' dir='ltr'>Κήρινθον</span> <span class='ocrx_word' id='word_1_717' title='bbox 347 2716 394 2742; x_wconf 70' lang='grc' dir='ltr'><strong>καὶ</strong></span> <span class='ocrx_word' id='word_1_718' title='bbox 407 2716 544 2751; x_wconf 83' lang='grc' dir='ltr'>Μήρινθον</span> <span class='ocrx_word' id='word_1_719' title='bbox 557 2717 604 2743; x_wconf 83' lang='grc' dir='ltr'><strong>καὶ</strong></span> <span class='ocrx_word' id='word_1_720' title='bbox 618 2717 743 2746; x_wconf 81' lang='grc' dir='ltr'>Ἐὸίωνα.</span> <span class='ocrx_word' id='word_1_721' title='bbox 762 2719 838 2754; x_wconf 77' lang='grc' dir='ltr'><strong>Ἅμα</strong></span> <span class='ocrx_word' id='word_1_722' title='bbox 853 2719 907 2754; x_wconf 86' lang='grc' dir='ltr'>γὰρ</span> 
     </span>
    </p>
   </div>
   <div class='ocr_carea' id='block_1_103' title="bbox 120 2762 906 2802">
    <p class='ocr_par' dir='ltr' id='par_1_103' title="bbox 120 2762 906 2802">
     <span class='ocr_line' id='line_1_103' title="bbox 120 2762 906 2802; baseline 0.006 -14"><span class='ocrx_word' id='word_1_723' title='bbox 120 2764 170 2794; x_wconf 75' lang='grc' dir='ltr'>τοῖς</span> <span class='ocrx_word' id='word_1_724' title='bbox 196 2763 247 2798; x_wconf 69' lang='grc' dir='ltr'>ἤδη</span> <span class='ocrx_word' id='word_1_725' title='bbox 270 2771 314 2797; x_wconf 90' lang='grc' dir='ltr'><strong>μοι</strong></span> <span class='ocrx_word' id='word_1_726' title='bbox 336 2762 388 2798; x_wconf 80' lang='grc' dir='ltr'><strong>πρὸ</strong></span> <span class='ocrx_word' id='word_1_727' title='bbox 410 2763 499 2790; x_wconf 83' lang='grc' dir='ltr'>αὐτῶν</span> <span class='ocrx_word' id='word_1_728' title='bbox 522 2763 716 2799; x_wconf 82' lang='grc' dir='ltr'>δεδηλωμένοις</span> <span class='ocrx_word' id='word_1_729' title='bbox 738 2765 906 2802; x_wconf 75' lang='grc' dir='ltr'>ἀνεφύησαν.</span> 
     </span>
    </p>
   </div>
   <div class='ocr_carea' id='block_1_104' title="bbox 153 2810 375 2838">
    <p class='ocr_par' dir='ltr' id='par_1_104' title="bbox 153 2810 375 2838">
     <span class='ocr_line' id='line_1_104' title="bbox 153 2810 375 2838; baseline 0.005 -1"><span class='ocrx_word' id='word_1_730' title='bbox 153 2812 162 2826; x_wconf 81' lang='grc'>¹</span> <span class='ocrx_word' id='word_1_731' title='bbox 180 2810 244 2838; x_wconf 72' lang='lat' dir='ltr'><strong>For.</strong></span> <span class='ocrx_word' id='word_1_732' title='bbox 261 2810 375 2838; x_wconf 73' lang='grc' dir='ltr'>αἰώνων.</span> 
     </span>
    </p>
   </div>
   <div class='ocr_carea' id='block_1_105' title="bbox 992 2487 1755 2526">
    <p class='ocr_par' dir='ltr' id='par_1_105' title="bbox 992 2487 1755 2526">
     <span class='ocr_line' id='line_1_105' title="bbox 992 2487 1755 2526; baseline -0.004 -8"><span class='ocrx_word' id='word_1_733' title='bbox 992 2491 1023 2518; x_wconf 88' lang='lat' dir='ltr'><strong>ll.</strong></span> <span class='ocrx_word' id='word_1_734' title='bbox 1051 2491 1136 2526; x_wconf 79' lang='lat' dir='ltr'><strong>igitur</strong></span> <span class='ocrx_word' id='word_1_735' title='bbox 1161 2490 1323 2517; x_wconf 78' lang='lat' dir='ltr'><strong>Valentinus</strong></span> <span class='ocrx_word' id='word_1_736' title='bbox 1350 2489 1402 2516; x_wconf 90' lang='lat' dir='ltr'><strong>iste</strong></span> <span class='ocrx_word' id='word_1_737' title='bbox 1425 2487 1565 2523; x_wconf 88' lang='lat' dir='ltr'><strong>prioribus</strong></span> <span class='ocrx_word' id='word_1_738' title='bbox 1590 2487 1644 2514; x_wconf 90' lang='lat' dir='ltr'><strong>illis</strong></span> <span class='ocrx_word' id='word_1_739' title='bbox 1669 2496 1683 2514; x_wconf 89' lang='lat' dir='ltr'><strong>a</strong></span> <span class='ocrx_word' id='word_1_740' title='bbox 1711 2496 1755 2515; x_wconf 88' lang='lat' dir='ltr'><strong>me</strong></span> 
     </span>
    </p>
   </div>
   <div class='ocr_carea' id='block_1_106' title="bbox 957 2533 1754 2569">
    <p class='ocr_par' dir='ltr' id='par_1_106' title="bbox 957 2533 1754 2569">
     <span class='ocr_line' id='line_1_106' title="bbox 957 2533 1754 2569; baseline -0.004 -5"><span class='ocrx_word' id='word_1_741' title='bbox 957 2543 1035 2564; x_wconf 88' lang='lat' dir='ltr'><strong>antea</strong></span> <span class='ocrx_word' id='word_1_742' title='bbox 1049 2535 1275 2564; x_wconf 87' lang='lat' dir='ltr'><strong>commemoratis</strong></span> <span class='ocrx_word' id='word_1_743' title='bbox 1290 2540 1410 2569; x_wconf 90' lang='lat' dir='ltr'><strong>tempore</strong></span> <span class='ocrx_word' id='word_1_744' title='bbox 1421 2539 1460 2561; x_wconf 88' lang='lat' dir='ltr'><strong>est</strong></span> <span class='ocrx_word' id='word_1_745' title='bbox 1472 2533 1619 2569; x_wconf 87' lang='lat' dir='ltr'><strong>posterior,</strong></span> <span class='ocrx_word' id='word_1_746' title='bbox 1636 2533 1754 2561; x_wconf 79' lang='lat' dir='ltr'><strong>Basilide</strong></span> 
     </span>
    </p>
   </div>
   <div class='ocr_carea' id='block_1_107' title="bbox 955 2579 1754 2614">
    <p class='ocr_par' dir='ltr' id='par_1_107' title="bbox 955 2579 1754 2614">
     <span class='ocr_line' id='line_1_107' title="bbox 955 2579 1754 2614; baseline -0.008 -3"><span class='ocrx_word' id='word_1_747' title='bbox 955 2584 1096 2614; x_wconf 89' lang='lat' dir='ltr'><strong>nimirum,</strong></span> <span class='ocrx_word' id='word_1_748' title='bbox 1113 2590 1145 2610; x_wconf 84' lang='lat' dir='ltr'><strong>ac</strong></span> <span class='ocrx_word' id='word_1_749' title='bbox 1163 2582 1315 2613; x_wconf 86' lang='lat' dir='ltr'><strong>Saturnilo,</strong></span> <span class='ocrx_word' id='word_1_750' title='bbox 1332 2581 1447 2613; x_wconf 87' lang='lat' dir='ltr'><strong>Ebione,</strong></span> <span class='ocrx_word' id='word_1_751' title='bbox 1460 2580 1592 2611; x_wconf 75' lang='lat' dir='ltr'><strong>Cerintho</strong></span> <span class='ocrx_word' id='word_1_752' title='bbox 1606 2587 1638 2607; x_wconf 87' lang='lat' dir='ltr'><strong>ae</strong></span> <span class='ocrx_word' id='word_1_753' title='bbox 1652 2579 1754 2606; x_wconf 81' lang='lat' dir='ltr'><strong>Merin-</strong></span> 
     </span>
    </p>
   </div>
   <div class='ocr_carea' id='block_1_108' title="bbox 958 2626 1753 2663">
    <p class='ocr_par' dir='ltr' id='par_1_108' title="bbox 958 2626 1753 2663">
     <span class='ocr_line' id='line_1_108' title="bbox 958 2626 1753 2663; baseline -0.006 -8"><span class='ocrx_word' id='word_1_754' title='bbox 958 2629 1015 2661; x_wconf 86' lang='lat' dir='ltr'><strong>tho,</strong></span> <span class='ocrx_word' id='word_1_755' title='bbox 1028 2635 1180 2663; x_wconf 84' lang='lat' dir='ltr'><strong>eorumque</strong></span> <span class='ocrx_word' id='word_1_756' title='bbox 1193 2627 1289 2655; x_wconf 83' lang='lat' dir='ltr'><strong>sociis.</strong></span> <span class='ocrx_word' id='word_1_757' title='bbox 1304 2626 1446 2661; x_wconf 83' lang='lat' dir='ltr'><strong>Siquidem</strong></span> <span class='ocrx_word' id='word_1_758' title='bbox 1459 2634 1554 2654; x_wconf 82' lang='lat' dir='ltr'><strong>omnes</strong></span> <span class='ocrx_word' id='word_1_759' title='bbox 1566 2633 1621 2653; x_wconf 89' lang='lat' dir='ltr'><strong>uno</strong></span> <span class='ocrx_word' id='word_1_760' title='bbox 1633 2630 1753 2660; x_wconf 84' lang='lat' dir='ltr'><strong>tempore</strong></span> 
     </span>
    </p>
   </div>
   <div class='ocr_carea' id='block_1_109' title="bbox 961 2673 1752 2709">
    <p class='ocr_par' dir='ltr' id='par_1_109' title="bbox 961 2673 1752 2709">
     <span class='ocr_line' id='line_1_109' title="bbox 961 2673 1752 2709; baseline -0.008 -7"><span class='ocrx_word' id='word_1_761' title='bbox 961 2675 994 2702; x_wconf 91' lang='lat' dir='ltr'><strong>ad</strong></span> <span class='ocrx_word' id='word_1_762' title='bbox 1011 2675 1122 2702; x_wconf 88' lang='lat' dir='ltr'><strong>humani</strong></span> <span class='ocrx_word' id='word_1_763' title='bbox 1140 2674 1248 2709; x_wconf 77' lang='lat' dir='ltr'><strong>generis</strong></span> <span class='ocrx_word' id='word_1_764' title='bbox 1262 2673 1376 2701; x_wconf 77' lang='lat' dir='ltr'><strong>exiliunt</strong></span> <span class='ocrx_word' id='word_1_765' title='bbox 1388 2673 1492 2707; x_wconf 81' lang='lat' dir='ltr'><strong>profusi</strong></span> <span class='ocrx_word' id='word_1_766' title='bbox 1505 2676 1584 2704; x_wconf 80' lang='lat' dir='ltr'><strong>sunt;</strong></span> <span class='ocrx_word' id='word_1_767' title='bbox 1597 2678 1752 2707; x_wconf 88' lang='lat' dir='ltr'><strong>quanquam</strong></span> 
     </span>
    </p>
   </div>
   <div class='ocr_carea' id='block_1_110' title="bbox 960 2719 1745 2754">
    <p class='ocr_par' dir='ltr' id='par_1_110' title="bbox 960 2719 1745 2754">
     <span class='ocr_line' id='line_1_110' title="bbox 960 2719 1745 2754; baseline -0.008 -6"><span class='ocrx_word' id='word_1_768' title='bbox 960 2720 1109 2748; x_wconf 84' lang='lat' dir='ltr'><strong>Corinthus</strong></span> <span class='ocrx_word' id='word_1_769' title='bbox 1136 2728 1168 2747; x_wconf 88' lang='lat' dir='ltr'><strong>ac</strong></span> <span class='ocrx_word' id='word_1_770' title='bbox 1197 2719 1349 2747; x_wconf 83' lang='lat' dir='ltr'><strong>Merinthus</strong></span> <span class='ocrx_word' id='word_1_771' title='bbox 1369 2724 1395 2746; x_wconf 85' lang='lat' dir='ltr'><strong>et</strong></span> <span class='ocrx_word' id='word_1_772' title='bbox 1417 2719 1503 2746; x_wconf 81' lang='lat' dir='ltr'><strong>Ebion</strong></span> <span class='ocrx_word' id='word_1_773' title='bbox 1522 2719 1660 2754; x_wconf 82' lang='lat' dir='ltr'><strong>paululum</strong></span> <span class='ocrx_word' id='word_1_774' title='bbox 1678 2721 1745 2743; x_wconf 70' lang='lat' dir='ltr'><strong>ante-</strong></span> 
     </span>
    </p>
   </div>
   <div class='ocr_carea' id='block_1_111' title="bbox 960 2762 1751 2803">
    <p class='ocr_par' dir='ltr' id='par_1_111' title="bbox 960 2762 1751 2803">
     <span class='ocr_line' id='line_1_111' title="bbox 960 2762 1751 2803; baseline -0.009 -8"><span class='ocrx_word' id='word_1_775' title='bbox 960 2767 1047 2803; x_wconf 77' lang='lat' dir='ltr'><strong>gressi</strong></span> <span class='ocrx_word' id='word_1_776' title='bbox 1064 2770 1146 2800; x_wconf 88' lang='lat' dir='ltr'><strong>sunt;</strong></span> <span class='ocrx_word' id='word_1_777' title='bbox 1168 2774 1199 2794; x_wconf 91' lang='lat' dir='ltr'><strong>ac</strong></span> <span class='ocrx_word' id='word_1_778' title='bbox 1218 2773 1280 2793; x_wconf 89' lang='lat' dir='ltr'><strong>cum</strong></span> <span class='ocrx_word' id='word_1_779' title='bbox 1299 2766 1421 2801; x_wconf 89' lang='lat' dir='ltr'><strong>iis,quos</strong></span> <span class='ocrx_word' id='word_1_780' title='bbox 1440 2769 1504 2793; x_wconf 82' lang='lat' dir='ltr'><strong>ante</strong></span> <span class='ocrx_word' id='word_1_781' title='bbox 1521 2765 1582 2792; x_wconf 93' lang='lat' dir='ltr'><strong>illos</strong></span> <span class='ocrx_word' id='word_1_782' title='bbox 1599 2762 1751 2799; x_wconf 83' lang='lat' dir='ltr'><strong>percensui,</strong></span> 
     </span>
    </p>
   </div>
   <div class='ocr_carea' id='block_1_112' title="bbox 153 2855 1755 2897">
    <p class='ocr_par' dir='ltr' id='par_1_112' title="bbox 153 2855 1755 2897">
     <span class='ocr_line' id='line_1_112' title="bbox 153 2855 1755 2897; baseline -0.001 -15"><span class='ocrx_word' id='word_1_783' title='bbox 153 2857 209 2897; x_wconf 54' lang='grc' dir='ltr'><strong>(βε)</strong></span> <span class='ocrx_word' id='word_1_784' title='bbox 234 2857 451 2897; x_wconf 54' lang='grc' dir='ltr'>ριξαπειςζίνων.</span> <span class='ocrx_word' id='word_1_785' title='bbox 469 2857 521 2897; x_wconf 62' lang='lat' dir='ltr'><strong>De</strong></span> <span class='ocrx_word' id='word_1_786' title='bbox 543 2857 794 2897; x_wconf 65' lang='lat' dir='ltr'><strong>Valentinianorum</strong></span> <span class='ocrx_word' id='word_1_787' title='bbox 823 2861 903 2897; x_wconf 74' lang='lat' dir='ltr'><strong>nugis</strong></span> <span class='ocrx_word' id='word_1_788' title='bbox 924 2865 1022 2896; x_wconf 63' lang='grc' dir='ltr'>ιιι-αξιοι·</span> <span class='ocrx_word' id='word_1_789' title='bbox 1037 2861 1179 2894; x_wconf 69' lang='lat' dir='ltr'><strong>Irenaeum,</strong></span> <span class='ocrx_word' id='word_1_790' title='bbox 1199 2860 1323 2897; x_wconf 86' lang='lat' dir='ltr'><strong>aliosque</strong></span> <span class='ocrx_word' id='word_1_791' title='bbox 1337 2864 1454 2893; x_wconf 78' lang='lat' dir='ltr'><strong>veteres,</strong></span> <span class='ocrx_word' id='word_1_792' title='bbox 1487 2867 1520 2887; x_wconf 77' lang='lat' dir='ltr'><strong>ex</strong></span> <span class='ocrx_word' id='word_1_793' title='bbox 1551 2855 1755 2886; x_wconf 81' lang='lat' dir='ltr'><strong>recentioribus</strong></span> 
     </span>
    </p>
   </div>
   <div class='ocr_carea' id='block_1_113' title="bbox 121 2891 850 2929">
    <p class='ocr_par' dir='ltr' id='par_1_113' title="bbox 121 2891 850 2929">
     <span class='ocr_line' id='line_1_113' title="bbox 121 2891 850 2929; baseline 0.001 -9"><span class='ocrx_word' id='word_1_794' title='bbox 121 2891 327 2929; x_wconf 73' lang='lat' dir='ltr'><strong>diligentissime</strong></span> <span class='ocrx_word' id='word_1_795' title='bbox 341 2893 488 2928; x_wconf 80' lang='lat' dir='ltr'><strong>disputavit</strong></span> <span class='ocrx_word' id='word_1_796' title='bbox 504 2893 673 2922; x_wconf 77' lang='lat' dir='ltr'><strong>Pammelius</strong></span> <span class='ocrx_word' id='word_1_797' title='bbox 691 2895 725 2922; x_wconf 84' lang='lat' dir='ltr'><strong>ad</strong></span> <span class='ocrx_word' id='word_1_798' title='bbox 738 2895 850 2922; x_wconf 79' lang='lat' dir='ltr'><strong>Tertull.</strong></span> 
     </span>
    </p>
   </div>
  </div>
