1961 3046
233 161 284 191 467

917 160 944 187 S.
966 160 1137 188 EPIPIIANII

1805 159 1859 188 £68

233 228 361 256 IIIﬂgﬂlllIl
377 225 484 251 νοοοιιι,
496 229 545 248 nec
565 228 619 247 IIOII
638 226 664 248 et
681 221 795 248 alterum
812 220 884 255 IIIIOtI
904 228 1011 256 parvun

1071 229 1182 248 πτουσιν
1201 219 1281 248 αὗται
1302 222 1330 248 αἱ
1352 221 1464 257 ἡμέραι,
1484 222 1542 257 ἦτοι
1566 221 1595 248 ἐν
1616 221 1731 256 δεύτερα
1751 221 1858 247 Σαϐϐά-

207 265 211 298 ﬁ
232 267 380 302 appellant.
396 267 508 300 Quoties
517 267 601 302 igitur
610 268 668 295 dies
677 267 810 302 ejusmodi
827 268 853 294 in
870 267 1018 295 secundam

231 317 294 349 post
308 313 457 341 Sabbatum
473 314 557 346 diem,
574 313 618 341 vel
634 313 754 345 tertiam,
771 317 818 340 aut
833 317 958 349 quartam
973 314 1018 340 in-

232 357 338 390 cidunt,
366 358 439 386 istud
464 358 554 393 ipsum
578 359 686 386 illorum
714 358 840 387 instituto
868 358 1018 387 Sabbatum

232 409 371 432 censetur.
389 405 480 438 Quare
494 405 645 433 secundum
662 405 827 439 Azymorum
845 406 956 438 festum,
974 406 1019 434 de-

231 450 393 486 ﬁnitumque
409 451 522 479 Sabbati
533 451 615 484 diem,
631 459 664 478 co
685 451 814 484 Sabbato,
829 454 902 488 quod
916 457 944 481 et
956 461 1019 489 pro-

233 496 291 531 prie
307 497 344 523 ita
365 496 469 524 dictum
491 503 544 528 est,
564 504 591 525 et
608 498 772 533 Azymorum
792 498 864 526 diem
881 499 1016 534 sequitur,

233 549 292 576 quae
301 546 328 570 ct
338 543 396 577 ipsa
409 551 459 578 pro
471 543 591 572 Sabbato
600 548 738 575 censetur,
751 544 820 572 forte
834 545 885 572 iter
898 553 946 580 per
958 549 1017 573 sata

233 588 368 622 fecerunt,
380 597 412 617 ac
421 591 513 618 vulsas
527 591 619 625 spicas
631 590 821 623 ali'ricuerunt,
832 597 914 628 atque
928 600 1019 620 come—

232 636 342 670 derunt,
359 641 389 664 ut
407 637 515 664 vincula
533 638 578 664 illa
602 638 714 666 Salibati
739 639 881 666 sanctione
905 639 1017 666 astricta

233 684 323 712 soluta
347 691 409 712 esse
434 689 621 712 monstrarent
645 686 735 720 magni
762 685 837 713 illius
861 686 1018 713 accessione

232 729 355 764 Sabbati,
380 731 432 758 hoc
448 736 490 759 est
504 732 605 760 CIII'ISli
622 732 741 765 Domini,
758 733 804 767 qui
823 736 852 759 ut
867 741 882 759 a
898 732 1018 767 peccatis

231 777 335 805 nostris
350 777 555 812 quiesceremus
572 777 696 806 indulsit.
717 778 803 812 Cujus
818 779 929 812 insuper
946 778 1017 814 ligu-

230 831 290 851 ram
307 823 426 852 Noemus
439 824 505 851 olim
531 824 661 859 praetulit,
687 825 711 852 is
733 832 813 859 quem
831 829 925 851 natum
941 828 1018 859 pater

230 874 261 898 ut
274 870 352 902 vidit,
367 871 526 906 prophetico
541 871 659 906 quodam
677 871 767 899 amatu
782 870 912 899 Noemum
927 871 1018 906 appel-

229 916 282 944 Iari
295 917 395 944 voluit:
415 916 557 950 Quoniam,
579 917 677 951 inquit,
692 918 746 952 ipse
759 917 872 952 requiem
885 917 959 944 dabit
976 925 1020 943 no-

230 962 269 990 bis
284 971 301 990 a
322 963 435 997 peccatis
457 963 585 993 nostris‘,
611 963 663 990 hoc
684 967 726 990 est
749 962 895 990 laboriosis
916 962 1019 990 nostris

229 1008 370 1043 operibus.
383 1007 466 1043 Atqui
480 1006 600 1036 Nocmus
615 1008 718 1035 nullam
735 1015 750 1034 a
766 1007 884 1042 peccatis
897 1007 1019 1042 requiem

229 1053 332 1086 attulit,
357 1058 387 1081 ut
408 1054 543 1089 intelligas
568 1054 601 1081 de
623 1054 734 1081 Christo
756 1053 934 1080 vaticinatum
957 1061 1019 1080 esse

229 1097 406 1131 Lamechum,
422 1100 449 1126 in
465 1107 545 1134 quem
559 1099 640 1127 etiam
656 1099 714 1134 ipsa
731 1099 849 1126 nominis
865 1099 935 1126 ratio
951 1106 1018 1125 con—

228 1146 313 1173 venit.
325 1145 445 1174 Noemus
457 1146 530 1174 enim
542 1146 657 1181 requiem
668 1145 816 1181 signiﬁcat,
827 1150 857 1172 ut
866 1149 894 1172 ct
904 1144 1016 1176 Scbeth,

228 1200 290 1227 qua:
309 1200 361 1220 vox
379 1197 434 1220 tam
456 1192 530 1220 istud
546 1192 635 1227 ipsum
656 1199 738 1227 quam
762 1191 909 1220 Sabbatum
924 1192 1016 1226 expri-

228 1238 288 1265 mit.
305 1237 384 1271 Quod
400 1239 523 1274 apprime
537 1238 650 1266 Christo
669 1239 807 1273 congruit,
825 1238 852 1265 in
866 1246 921 1273 quo
935 1237 1015 1264 Pater

227 1291 291 1311 cum
317 1283 421 1319 Spiritu
450 1288 546 1312 sancto
575 1284 740 1319 requiescit;
769 1283 1016 1318 requieveruntquc

228 1330 317 1358 sancti
332 1330 365 1357 ad
378 1338 463 1358 unum
482 1337 587 1363 omnes,
614 1333 790 1365 posteaquam
811 1336 827 1356 a
843 1335 955 1364 peccato
969 1329 1016 1356 de-

228 1377 367 1404 stiterunt.
384 1375 435 1403 Hic
448 1380 490 1404 est
501 1383 630 1411 magnum
643 1375 896 1411 sempiternumque
909 1375 1014 1402 Sabba-

227 1424 297 1452 tu‘m.
313 1422 393 1457 cujus
406 1430 519 1458 parvum
545 1422 609 1450 illud
636 1422 776 1457 exemplar
795 1422 861 1454 fuit;
883 1422 916 1449 ad
940 1422 1014 1450 illius

227 1470 374 1497 adventum
389 1477 476 1504 usque
487 1470 515 1496 in
526 1477 606 1496 usum
621 1469 784 1502 adhibitum,
797 1474 824 1497 et
836 1469 870 1496 ab
881 1469 941 1503 ipso
957 1474 1014 1503 lege

225 1516 420 1549 constitutum;
441 1516 475 1543 ab
491 1515 642 1551 eodemque
658 1516 788 1547 solutum,
804 1519 831 1542 et
848 1515 876 1542 in
892 1514 1013 1549 Evange-

1068 276 1122 294 των
1130 267 1196 303 (55),
1209 268 1225 302 ἤ
1238 269 1267 294 ἐν
1277 268 1365 304 τρίτῃ,
1380 268 1396 304 ἢ
1408 269 1437 294 ἐν
1448 267 1567 304 τετράδι,
1583 267 1721 293 Σαϐϐατον
1733 267 1780 293 καὶ
1792 267 1858 294 αὐτὸ

1069 314 1160 345 αὐτοῖς
1174 313 1303 348 ὁρίζεται.
1317 314 1361 340 Διὸ
1376 314 1444 350 μετὰ
1452 314 1501 350 τὴν
1512 313 1566 340 τῶν
1574 313 1698 348 Ἀζύμων
1710 313 1856 347 γενομένην

1069 361 1184 396 ἡμέραν,
1194 361 1240 387 καὶ
1250 360 1402 396 ὁρισθεῖσαν
1413 361 1518 397 ἡμέραν
1526 360 1674 390 Σαϐϐάτου,
1683 359 1721 394 τῷ
1729 359 1852 395 sweet“,
1869 354 1873 377 ἶ

1069 407 1149 442 φύσει
1159 407 1197 443 τῷ
1210 408 1278 443 μετὰ
1288 408 1337 444 τὴν
1354 408 1459 444 ἡμέραν
1474 407 1528 434 τῶν
1536 407 1661 442 Ἂζύμων
1672 407 1711 438 εἰς
1719 406 1855 432 Σάϐϐατοί
1870 398 1873 411 ²

1068 454 1272 490 λελογισμένην,
1288 454 1438 490 εὑρέθησαν
1449 453 1630 484 διαϐαίνοντες
1644 452 1688 479 διὰ
1699 452 1752 479 τῶν
1764 452 1846 486 σπορί
1871 444 1873 447 λ

1071 510 1138 535 μων,
1152 501 1199 527 καὶ
1216 500 1318 527 ἔτιλλον
1334 501 1464 534 στάχυας,
1488 500 1535 526 καὶ
1557 498 1672 533 ἔψωχον.
1690 498 1737 524 καὶ
1753 497 1856 532 ἤσθιον,

1068 546 1230 577 δεικνύντες,
1257 545 1297 571 ὅτι
1322 544 1430 571 λέλυται
1456 545 1470 570 6
1485 543 1582 578 δεσμὸς
1596 543 1611 568 6
1627 543 1656 568 ἐν
1673 542 1712 577 τῷ
1729 542 1860 576 Σαὸὃάτῳ

1068 593 1235 629 ὁριζόμενος,
1249 593 1370 624 ἐλθόντος
1381 591 1428 618 τοῦ
1441 591 1558 626 μεγάλου
1574 590 1724 622 Σαδδάτου,
1735 589 1859 616 τουτέστι

1069 639 1199 674 Χριστοῦ,
1216 639 1263 666 τοῦ
1280 639 1489 670 ἀναπαύσαντος
1507 639 1582 673 ἡμᾶς
1597 637 1651 663 ἀπὸ
1665 636 1718 662 τῶν
1733 636 1858 670 ἁμαρτη-

1071 686 1163 720 μάτων
1177 685 1265 721 ἡμῶν,
1280 682 1311 712 οὗ
1325 685 1410 716 τύπος
1422 682 1456 719 ἦν
1470 685 1484 710 6
1502 683 1574 714 Νῶε,
1589 683 1618 709 ὃν
1638 683 1652 708 ὁ
1669 681 1760 717 πατὴρ
1774 680 1858 708 αὐτοῦ

1069 731 1233 766 γεννηθέντα
1263 730 1394 767 ἑωρακὼς
1428 730 1498 757 κατὰ
1528 729 1712 765 προφητείαν,
1745 727 1859 754 ἐπέθετο

1068 777 1143 813 αὐτῷ
1165 777 1250 813 ὄνομα
1273 777 1345 809 Νῶε,
1373 778 1476 812 λέγων·
1503 777 1563 803 Ὅτι
1579 775 1669 809 οὗτος
1688 775 1857 802 ἀναπαύσει

1068 824 1148 860 ἡμᾶς
1160 825 1194 851 ἐκ
1208 825 1267 851 τῶν
1279 823 1427 858 ἁμαρτιῶν
1443 823 1538 858 ἡμῶν,
1549 823 1610 859 ἤτοι
1629 822 1755 857 σκληρῶν
1768 821 1858 856 ἔργων

1069 871 1158 907 ἡμῶν.
1177 871 1206 897 Ὀ
1219 871 1279 897 Νῶε
1293 870 1322 897 δὲ
1334 870 1387 896 ἀπὸ
1397 869 1539 905 ἁμαρτιῶν
1550 869 1599 896 οὐκ
1611 869 1772 900 ἀνέπαυσεν,
1789 867 1857 894 ἀλὶὰ

1069 917 1110 948 είς
1121 916 1238 947 Χριστὸν
1253 915 1455 951 προεφήτευσεν
1469 914 1483 940 6
1501 913 1597 949 Λάμεχ
1616 913 1665 947 τὴν
1689 911 1858 947 προφητείαν

1069 962 1106 998 τῷ
1119 962 1129 978 ³
1144 962 1207 989 Νῶε
1221 962 1437 998 ἑρμηνευόμενον
1453 961 1481 986 ὲν
1502 959 1626 995 ἀληθείᾳ.
1643 959 1704 985 Νῶε
1719 958 1773 992 γὰρ
1785 957 1857 984 dmi-

1069 1016 1181 1041 παυσις
1196 1007 1387 1043 ἑρμηνεύεται,
1400 1007 1448 1033 καὶ
1460 1005 1624 1040 Σε6ὲο,ὅπερ
1633 1003 1856 1036 ἀνάπαυσιςκαῖ

1068 1054 1219 1081 Σάϐϐατον
1231 1053 1422 1089 ἑρμηνεύεται,
1439 1053 1452 1078 ὃ
1467 1050 1656 1086 ὲστιΧριστδς,
1673 1051 1701 1075 ἐν
1717 1046 1738 1082 ᾧ
1756 1048 1845 1075 ἁναπέ

1069 1109 1172 1127 παυται
1193 1100 1208 1126 6
1230 1099 1334 1135 Πατὴρ.
1351 1099 1398 1126 καὶ
1412 1099 1443 1125 τὸ
1457 1098 1533 1132 ἅγιον
1554 1096 1667 1132 Πνεῦμα
1688 1094 1780 1126 αὐτοῦ,
1809 1094 1857 1120 καὶ

1068 1147 1169 1178 πάντες
1190 1147 1262 1180 ἅγιοι
1282 1146 1420 1181 ἄνθρωποι
1436 1145 1466 1172 ὲν
1485 1143 1559 1179 αὐτῴ
1574 1142 1773 1171 ἀνεπαύσαντο.
1787 1150 1857 1167 παυ-

1068 1193 1180 1228 σάμενοι
1189 1192 1244 1219 ἀπὸ
1255 1191 1471 1227 ἁμαρτημάτων.
1489 1186 1573 1221 Οὗτός
1586 1190 1644 1215 ὲστι
1658 1189 1689 1214 τὸ
1703 1187 1773 1222 μέγα
1786 1186 1854 1213 Σάϐ-

1067 1239 1148 1266 ϐατον
1165 1239 1211 1266 καὶ
1225 1239 1319 1270 ἀΐδιον,
1339 1234 1370 1264 οὗ
1392 1237 1476 1268 τύπος
1497 1234 1531 1272 ἦν
1553 1235 1582 1262 τὺ
1606 1235 1701 1270 μικρὸν
1717 1233 1856 1260 Σάϐϐατον

1065 1283 1318 1319 ἐξυπηρετούμενον
1341 1283 1405 1318 ἄχρι
1418 1283 1468 1318 τῆς
1490 1281 1570 1309 αὑτοῦ
1586 1280 1749 1316 παρουσίας,
1766 1287 1854 1314 προσ-

1066 1331 1165 1367 ταχθὲν
1183 1331 1228 1358 ὑπ’
1258 1331 1340 1357 αὑτοῦ
1358 1330 1429 1357 κατὰ
1445 1330 1490 1357 τὸν
1508 1330 1600 1364 νόμον,
1615 1329 1663 1355 καὶ
1678 1329 1706 1354 ἐν
1720 1327 1794 1362 αὺτῷ
1808 1327 1856 1353 λυ-

1065 1376 1123 1409 θὲν,
1149 1377 1196 1403 καὶ
1219 1375 1361 1412 πληρωθὲν
1379 1376 1407 1401 ὲν
1426 1374 1465 1410 τῷ
1490 1374 1660 1409 Εὐαγγελίῳ.
1687 1373 1780 1404 Οὕτως
1798 1374 1854 1408 γὰρ

1064 1420 1152 1453 εἶπεν,
1174 1423 1216 1450 ὅτι
1229 1423 1335 1456 Κύριός
1349 1422 1434 1448 ἐστιν
1447 1422 1464 1448 ό
1483 1422 1549 1454 ΥΙὸς
1565 1421 1618 1448 τοῦ
1633 1419 1789 1454 ἀνθρώπου
1804 1420 1854 1446 καὶ

1064 1469 1116 1497 τοῦ
1129 1469 1290 1496 Σαΰϐἁτου.
1307 1468 1387 1495 Ὅθεν
1407 1467 1564 1503 θαρσαλέως
1582 1469 1606 1494 οἱ
1622 1467 1743 1502 μαθηταὶ
1759 1467 1854 1493 λύουσι

1063 1515 1094 1541 τὸ
1107 1515 1255 1542 Σάϐϐατον·
1270 1515 1363 1549 ἐπειδὴ
1375 1515 1421 1541 καὶ
1433 1516 1456 1541 οἱ
1472 1514 1525 1550 πρὸ
1536 1513 1625 1540 αὐτῶν
1640 1514 1722 1549 ἱερεῖς
1735 1513 1812 1540 ἔλυον
1824 1512 1854 1539 τδ

226 1561 263 1588 lio
277 1561 387 1588 domum
401 1561 552 1596 impletum.
570 1561 610 1588 Ita
625 1561 697 1589 enim
713 1561 759 1588 ille
773 1561 843 1588 dixit
859 1569 865 1587 :
882 1559 1011 1587 Dominus

1064 1560 1200 1587 Σάδϐατον
1214 1561 1331 1592 θύοντες.
1349 1561 1396 1588 καὶ
1407 1560 1468 1595 Θεῷ
1480 1560 1574 1592 θυσίας
1588 1559 1797 1594 προσφέροντες,
1810 1559 1853 1585 ἵνα

224 1612 263 1634 est
280 1607 368 1634 Filius
390 1607 503 1634 hominis
517 1609 597 1634 etiam
617 1607 760 1635 Sabbati‘.
778 1607 814 1634 Ex
834 1614 889 1642 quo
910 1607 1013 1634 factum

225 1658 278 1685 est,
293 1657 323 1680 ut
334 1653 465 1680 audacter
475 1653 601 1688 discipuli
618 1652 768 1681 Sabbatum
781 1653 930 1686 solverent,
942 1660 1012 1687 prie-

225 1699 319 1726 sertim
343 1706 406 1726 cum
430 1703 458 1726 et
482 1699 638 1727 sacerdotes
654 1705 717 1727 ante
737 1699 799 1727 illos
819 1699 889 1726 idem
907 1698 1012 1726 sacrifi-

225 1743 325 1776 cando.
341 1744 534 1779 oilkrendoque
551 1744 681 1777 facerent,
698 1752 732 1771 nc
747 1744 812 1778 juge
835 1743 901 1771 illud
920 1744 1010 1778 quoti-

224 1791 390 1826 dianumque
404 1791 569 1818 sacriﬁcium
592 1790 814 1817 intermitterent.
835 1790 874 1816 Ac
892 1797 946 1816 non
966 1796 1010 1816 sa-

224 1837 349 1865 cerdotes
366 1838 454 1865 solum
474 1837 526 1864 hoc
540 1838 610 1872 ipso.
626 1835 699 1871 quod
716 1843 750 1863 ne
764 1835 884 1863 Sabbato
900 1835 1008 1870 quidem

223 1887 317 1911 essent
331 1881 432 1915 feriati,
448 1883 567 1910 solutum
583 1882 650 1910 illud
661 1882 694 1908 iri
711 1881 758 1908 diu
769 1885 832 1908 ante
844 1880 1009 1915 praznuntia-

223 1927 307 1960 bant;
326 1927 373 1955 sed
387 1932 414 1955 ct
427 1928 603 1955 circumcisio
618 1928 676 1962 ipsa
695 1926 829 1954 solvebat.
847 1927 926 1962 160
940 1927 1008 1954 Cum

222 1974 296 2001 enim
322 1973 442 2001 Sabbato
468 1982 535 2009 puer
559 1981 746 2009 schenumero
762 1977 930 2004 nasceretur,
949 1973 1008 2008 ejus

223 2018 276 2046 diei
290 2017 447 2054 religionem
465 2011 640 2046 circumcisio
655 2019 784 2052 tollebat;
799 2022 880 2053 atque
895 2019 932 2044 ila
945 2018 1009 2045 dua-

221 2065 274 2091 bus
295 2064 348 2092 illis
364 2065 447 2092 rebus
468 2064 578 2092 Sabbati
603 2065 744 2100 abrogatio
768 2065 919 2099 signiﬁcata
946 2068 1008 2091 ante

221 2110 340 2138 videtur.
362 2110 419 2137 lIoc
435 2112 507 2137 enim
526 2115 651 2142 constat,
665 2118 712 2138 cos
725 2110 770 2146 qui
784 2115 877 2137 natum
893 2111 920 2137 in
937 2111 1006 2137 Sab-

221 2157 287 2184 bato
311 2164 424 2192 puerum
453 2156 692 2188 circrrmcidcrcnt,
720 2157 777 2184 sive
794 2160 920 2183 octavum
935 2156 1006 2183 diem

222 2208 350 2231 accurate
375 2204 523 2231 observare
545 2204 654 2234 vellem.
680 2204 751 2238 quod
774 2204 796 2230 is
814 2205 839 2230 in
857 2202 1005 2230 Sabbatum

1065 1605 1103 1641 μὴ
1129 1606 1238 1643 ἁργὴσῃ
1264 1606 1343 1634 θυσία
1366 1607 1382 1642 ὴ
1410 1606 1562 1642 ἐνδελεχὴς,
1589 1606 1636 1633 καὶ
1661 1605 1722 1633 καθ’
1744 1606 1853 1641 ἡμέραν

1063 1653 1281 1688 προσφερομένη.
1296 1653 1332 1680 Οὐ
1351 1653 1429 1688 μόνον
1442 1653 1470 1679 δὲ
1486 1653 1562 1680 αὐτοὶ
1577 1653 1762 1688 προεφήτευον
1773 1652 1797 1678 οἱ
1813 1653 1852 1679 ίε-

1064 1700 1119 1734 ρεῖς
1145 1699 1307 1734 λυθήσεσθαι
1335 1699 1364 1726 τὺ
1389 1699 1527 1726 Σάϐϐατον
1549 1699 1593 1726 διὰ
1614 1699 1661 1725 τοῦ
1687 1699 1724 1734 μὴ
1745 1700 1852 1734 ἀργεῖν*

1062 1744 1129 1771 ἀλλὰ
1145 1744 1192 1771 καὶ
1208 1744 1277 1779 αὑτὴ
1289 1746 1306 1779 ἡ
1325 1745 1460 1780 περιτομὴ
1475 1745 1535 1771 ἔλυε
1549 1745 1579 1771 τὸ
1590 1745 1738 1772 Σάϐϐατον.
1752 1745 1853 1771 Γεννω-

1064 1790 1144 1825 μένου
1156 1790 1184 1816 δὲ
1198 1790 1292 1821 παιδὸς
1303 1790 1431 1822 πολλάκις
1442 1791 1470 1816 ὲν
1479 1790 1619 1825 Σαϐϐάτῳ,
1631 1790 1770 1826 ἀναίρεσις
1782 1790 1852 1816 Σαϐ-

1061 1836 1144 1863 ϐἀτου
1163 1836 1206 1862 διὰ
1227 1837 1379 1872 περιτομῆς
1390 1836 1502 1870 ἐγίνετο.
1518 1836 1595 1863 Οὕτω
1608 1837 1668 1867 ταῖς
1682 1836 1851 1871 ἀμφοτέραις

1061 1882 1167 1918 ήλὺσις
1185 1882 1406 1918 προεθεσπίςετο.
1431 1883 1571 1909 Δείκνυται
1585 1882 1649 1920 γὰρ,
1666 1883 1706 1909 ὃτι
1726 1882 1750 1908 οἱ
1771 1891 1850 1917 περι-

1059 1930 1203 1964 τέμνοντες
1217 1930 1283 1956 αὺτὺ
1302 1930 1332 1956 τὸ
1354 1929 1481 1965 γεννηθὲν
1501 1930 1530 1955 ἐν
1550 1929 1690 1964 Σαϐϐάτῳ,
1706 1929 1754 1955 ἐὰν
1771 1929 1849 1964 θελή-

1061 1983 1143 2000 σωσιν
1166 1974 1430 2011 ἀχριόολογήσασθαι
1455 1975 1504 2009 τὴν
1525 1975 1620 2009 ὀγδόην
1637 1975 1753 2009 ἡμέραν,
1773 1975 1850 2010 εὑρί-

1061 2028 1171 2050 σκοντες
1186 2019 1375 2054 ἐμπίπτουσαν
1388 2020 1416 2046 ἐν
1430 2019 1570 2054 Σαϐϐάτῳ,
1588 2019 1635 2045 καὶ
1646 2019 1849 2054 περιτεμόντες,

1059 2065 1139 2100 ἔργον
1156 2065 1318 2101 εἰργάσαντο
1345 2066 1391 2092 καὶ
1407 2066 1437 2091 τὸ
1454 2065 1590 2092 Σάϐϐατον
1609 2065 1717 2092 ἔλυσαν.
1741 2066 1803 2092 Ἐὰν
1820 2066 1849 2092 δὲ

1059 2110 1229 2146 ὑπέρθωνται
1244 2111 1288 2138 διὰ
1303 2111 1332 2137 τὸ
1348 2111 1385 2147 μὴ
1400 2111 1479 2138 λῦσαι
1493 2112 1522 2138 τὸ
1537 2112 1684 2143 Σάϐϐατον,
1702 2112 1783 2148 ἐνάτῃ
1794 2112 1850 2138 λοι-

1059 2156 1109 2183 πὸν
1135 2157 1329 2193 περιτέμνουσι
1352 2158 1401 2193 τὴν
1427 2159 1589 2194 περιτομήν·
1615 2159 1663 2185 καὶ
1686 2158 1783 2185 ἔλυσαν
1798 2160 1848 2194 τὴν

1059 2202 1219 2237 περιτομὴν,
1245 2203 1291 2229 καὶ
1314 2203 1360 2229 τὸν
1382 2203 1447 2239 περὶ
1469 2204 1554 2239 αὐτῆς
1572 2203 1626 2230 τῶν
1646 2203 1717 2230 ὀκτὼ
1733 2204 1846 2239 ἡμερῶν

221 2249 394 2281 incurrisset,
407 2249 503 2276 eodem
526 2249 585 2284 ipso
605 2249 823 2280 circutncidissc,
844 2256 876 2275 ac
894 2248 1008 2283 proinde

1064 2248 1072 2274 Ξ
1076 2256 1120 2282 ρον
1133 2247 1180 2274 τοῦ
1195 2249 1416 2284 προστάγματος.

220 2297 311 2332 operis
330 2297 430 2332 aliquid
455 2297 554 2332 egisse.
583 2297 785 2332 Sabbatumquc
803 2297 930 2324 violasse.
949 2295 995 2323 Sin
1014 2296 1162 2331 abrogandi
1181 2295 1291 2323 Sabbali
1312 2301 1384 2324 metu
1408 2297 1557 2330 diiierrcnt,
1585 2305 1656 2325 nono
1675 2298 1782 2325 domum
1802 2299 1847 2326 die

220 2345 456 2373 circumcisionem
481 2345 648 2376 adhibuisse,
675 2351 756 2380 atque
790 2344 871 2380 hujus
905 2345 972 2372 adeo
1004 2344 1098 2379 legem,
1126 2345 1360 2379 prarstitutumque
1378 2345 1482 2372 diorum
1498 2350 1560 2372 octo
1577 2354 1718 2373 ruliucruln
1734 2347 1847 2375 minimc

219 2392 350 2420 tenuisse.

257 2437 373 2465 XXXIII.
397 2438 448 2466 Sed
466 2447 498 2466 ne
515 2439 573 2473 ipsa
589 2438 699 2473 quidem
714 2439 801 2474 prima
813 2443 872 2466 crat
885 2438 1006 2473 perfecta

218 2484 405 2516 circumcisio,
431 2492 525 2511 verum
556 2485 625 2518 signi
651 2484 738 2511 instar
762 2484 795 2511 ad
825 2492 920 2511 eorum
945 2492 1006 2518 qua:

221 2533 313 2566 postea
339 2530 580 2563 consequebantur
605 2529 819 2557 recordationem
850 2537 1001 2557 concessa:

219 2583 251 2604 ac
268 2575 418 2610 przesertim
433 2575 468 2601 ob
479 2575 638 2606 Abraliami,
653 2575 692 2602 uti
708 2575 838 2607 diximus,
856 2575 1005 2603 haesitatio-

217 2630 291 2654 nem,
307 2629 369 2648 cum
386 2621 462 2647 illum
486 2620 557 2648 Deus
577 2621 735 2656 redarguit:
760 2625 816 2647 tum
834 2621 867 2647 ad
891 2621 1004 2654 majoris

250 2699 261 2716 ¹
277 2699 346 2728 Gen.
360 2708 387 2731 ν,
403 2699 448 2726 29.
487 2700 497 2714 ²
515 2698 607 2726 Matth.
626 2707 674 2732 xu,
688 2699 713 2725 8.
753 2699 762 2714 ³
776 2698 804 2725 1³.
822 2699 876 2725 τήν.

251 2777 308 2812 (55)
324 2778 403 2804 Ἤτοι
416 2777 451 2803 ἐν
469 2776 592 2810 δευτέρῃ
604 2776 767 2803 Σαϐῧάτων.
785 2776 852 2803 Tres
865 2777 997 2803 duntaxat

216 2812 394 2840 hebdomadis
414 2812 494 2839 ferias
514 2812 751 2842 commemoravit,
767 2812 798 2842 2,
816 2812 832 2838 Z’i
849 2816 875 2838 et
889 2812 915 2837 «I.
943 2811 995 2838 Sed

216 2855 269 2875 una
279 2849 358 2875 etiam
375 2854 486 2874 cn-leras
499 2847 691 2881 συνεκδοχικῶς
705 2847 859 2880 complexus
873 2851 922 2873 est.
943 2846 996 2872 Ne-

215 2891 268 2920 que
284 2883 356 2911 enim
375 2887 415 2911 est
436 2883 490 2910 ulla
505 2883 584 2916 ratio,
601 2890 649 2910 cur
667 2890 680 2908 a
696 2883 799 2911 uelutis
815 2890 852 2909 cu:
867 2882 993 2910 solemni-

1093 2437 1153 2464 AI“.
1181 2437 1261 2464 ’Λλλὰ
1277 2438 1338 2464 οὔτε
1362 2436 1396 2473 ἦν
1418 2439 1508 2466 τελεία
1535 2441 1551 2475 ὴ
1577 2441 1671 2476 πρώτη
1698 2441 1844 2476 περιτομὴ,

1057 2483 1124 2510 ἀλλὰ
1140 2483 1252 2518 σημείου
1270 2484 1348 2519 χάριν
1363 2485 1449 2520 ἐδόθη,
1474 2487 1514 2517 είς
1532 2495 1562 2512 τε
1583 2487 1734 2522 ὑπόμνησιν
1756 2488 1845 2514 αὐτῶν

1059 2530 1127 2565 μετὰ
1140 2530 1234 2556 ταῦτα·
1253 2531 1300 2557 καὶ
1312 2531 1356 2556 διὰ
1367 2531 1412 2557 τὸν
1427 2531 1575 2567 δισταγμὸν
1587 2533 1634 2559 τοῦ
1656 2533 1791 2568 ’Λϐραὰμ,
1806 2534 1845 2566 ὡς

1057 2575 1227 2611 προείρηται,
1246 2576 1462 2612 ὲπιτιμηθὲντος,
1480 2578 1527 2604 καὶ
1543 2578 1628 2604 τύπου
1641 2579 1721 2606 ἕνεκα
1735 2580 1782 2614 τῆς
1797 2589 1844 2614 με-

1056 2620 1140 2656 γάλης
1152 2621 1201 2656 τῆς
1214 2621 1248 2648 τὰ
1266 2621 1352 2648 πάντα
1370 2622 1429 2648 κατ’
1447 2623 1558 2659 ἰσότητα
1574 2623 1730 2659 πληρούσης
1746 2625 1775 2651 ἐν
1787 2626 1843 2657 τοῖς

1050 2779 1119 2816 tates
1135 2778 1379 2816 arceantu_r._Nam
1395 2780 1654 2816 ccrtorumrdiurum
1681 2781 1842 2816 superstitio

1051 2812 1106 2843 illa,
1120 2820 1210 2852 quant
1220 2812 1304 2852 Iudae
1321 2815 1478 2852 observant,
1497 2819 1524 2842 et
1539 2815 1565 2852 in
1580 2815 1630 2842 .Iad
1640 2812 1780 2852 limit-bam
1794 2825 1842 2843 ι’(-

1049 2848 1149 2908 Ηοςιιὶι,
1173 2848 1241 2875 nillil
1268 2849 1300 2876 ad
1325 2849 1397 2877 hunc
1421 2850 1510 2878 locum
1537 2851 1612 2878 facit.
1637 2851 1674 2879 Dc
1699 2860 1753 2887 qua
1770 2853 1842 2880 alias

1068 2890 1223 2911 issercmus.
