1961 3046
104 157 158 186 469

475 159 659 190 ADVERSUS
679 161 848 190 llAIRESES
867 162 905 190 Lll

958 163 972 191 l.
994 163 1076 192 TOM.
1098 163 1129 190 ll.
1149 177 1185 184 —
1204 162 1340 190 IIIERES.
1361 162 1446 191 XXX.

1673 163 1727 192 470

105 215 338 250 καταξιουμένοις.
352 215 458 252 Ἑκείνη
470 218 518 252 μὲν
527 218 581 254 γὰρ
590 220 614 245 εἰ
625 215 659 254 ἦν
666 220 790 253 ἁγιστίας
800 220 890 253 ἕνεκα,

958 221 1028 254 llius,
1050 227 1131 257 atque
1148 222 1289 256 mqualiter
1312 222 1338 249 in
1357 222 1402 255 iis,
1423 221 1471 257 qui
1491 221 1600 256 quidem
1624 222 1728 258 dignati

106 262 154 288 καὶ
165 261 346 296 κληρονομίας
361 263 481 298 οὐρανῶν
492 263 631 298 βασιλείας
648 265 738 300 χάριν,
758 267 811 301 ἄρα
823 267 896 293 ἐστέ-

108 315 188 342 ρηται
205 308 296 342 Σάῤῥα
313 308 362 342 τῆς
382 308 529 342 βασιλείας,
544 311 590 336 καὶ
609 311 751 343 Ῥεϐέκκα,
767 311 813 337 καὶ
833 312 894 343 Δία,

108 352 156 379 καὶ
184 353 293 388 Ῥαχὴλ,
315 355 361 380 καὶ
389 355 528 389 Ἰωχαϐὲθ,
555 357 602 383 καὶ
631 357 725 393 Μαρία
752 358 768 392 ἡ
796 357 897 392 ἀδελφὴ

108 398 259 430 Μωῦσέως,
278 399 324 424 καὶ
337 400 421 426 πᾶσαι
432 400 460 426 αἱ
474 400 548 434 ἆγιαι
560 402 701 434 γυναῖκες,
718 403 765 428 καὶ
779 403 809 428 οὐ
820 402 898 437 δυνή-

109 452 200 470 σονται
212 443 389 480 κληρονομεῖν
402 444 538 479 βασιλείαν
549 446 681 480 οὐρανῶν,
696 446 732 482 μὴ
743 447 897 482 δυνηθεῖσαι

109 489 159 523 τὴν
181 488 332 523 περιτομὴν
352 489 398 514 τοῦ
428 489 554 524 ’Λὸραὰμ
579 489 662 524 ἔχειν,
689 490 722 525 ἢν
742 490 806 522 Θεὸς
825 490 897 525 αὐτῷ

109 532 270 567 δεδώρηται,
293 533 362 560 κατὰ
377 533 423 560 τὸν
445 534 546 561 τούτων
571 535 659 569 λόγον·
677 536 701 562 εἰ
716 535 744 562 δὲ
760 536 810 562 οὐκ
824 536 898 562 ἐστέ-

110 585 207 612 ρηνται
222 574 302 604 αὗται
318 578 366 613 τῆς
383 578 519 613 βασιλείας
533 579 588 606 τῶν
604 581 736 616 οὐρανῶν,
757 581 844 607 καίτοι
867 582 897 608 οὐ

112 625 308 658 μετεσχηκυὴιι
325 625 485 659 περιτομῆς,
515 625 591 652 οὐδὲν
618 626 671 660 ἄρα
698 627 784 661 ἰςχύει
808 627 824 662 ὴ
850 627 898 653 νῦν

111 667 243 703 ἑνσαρκος
262 669 407 704 περιτομή.
426 669 458 695 Τί
474 669 502 696 δὲ
515 672 650 705 καυχᾶται
678 672 774 698 Ἐϐίων
789 680 898 707 περιτο-

112 713 175 748 μὴν,
191 714 271 740 ὁπότε
291 714 337 740 καὶ
354 716 378 741 οἱ
396 715 586 751 εἰδωλολάτραι
610 715 665 751 (56)
685 717 732 742 καὶ
757 718 876 752 μιαιρεῖς
889 718 897 732 ¹

110 761 165 787 τῶν
178 761 336 795 Αἰγυπτίων
351 762 502 797 περιτομὴν
518 761 640 797 ἐχουσιν;
659 763 738 790 Ἀλλὰ
751 764 798 790 καὶ
812 765 836 790 οἱ
848 765 899 790 Σα-

112 807 237 842 ρακηνοὶ,
260 806 284 833 οἳ
306 807 353 833 καὶ
375 807 554 842 Ἰσμαηλῖται,
573 808 722 844 περιτομὴν
734 808 834 844 ἔχουσι,
852 809 899 835 καὶ

112 853 289 888 Σαμαρεῖται,
302 853 349 879 καὶ
367 853 498 887 Ἰουδαῖοι,
514 854 561 880 καὶ
583 854 734 889 Ἰδουμαῖοι,
749 855 796 881 καὶ
813 856 899 891 Ὁμη-

113 900 195 934 ρῖται.
209 899 317 926 Τούτων
331 899 358 925 δὲ
375 900 398 925 οἱ
411 899 518 930 πλείους
530 899 560 926 οὺ
573 899 616 926 διὰ
626 899 705 935 νόμον
717 900 795 927 τοῦτο
806 900 898 927 ποιοῦ-
913 893 935 922 Β

113 954 165 978 σιν,
182 945 249 972 ἀλλὰ
264 946 354 981 ἀλόγῳ
367 946 419 972 τινὶ
434 945 572 981 συνηθείᾳ.

948 267 1057 300 fuerint,
1077 268 1167 295 omnia
1192 267 1369 303 perﬁcientis,
1395 267 1610 295 adumbrandam
1634 268 1730 303 imagi-

947 319 1019 338 nem.
1033 311 1138 338 Etenim
1154 312 1177 338 si
1189 312 1379 346 ingenerandae
1397 312 1563 344 sanctitatis,
1578 312 1731 340 coelestisve

947 356 1024 391 regni
1035 356 1108 384 velut
1123 356 1297 383 hereditario
1309 357 1372 390 jure
1387 356 1546 383 conferendi
1560 358 1646 392 gratia
1658 361 1731 384 esset

949 402 1081 434 instituta,
1099 409 1272 437 consequens
1291 406 1376 434 esset,
1397 402 1492 428 Saram
1520 409 1552 429 ac
1567 401 1730 434 Rebeccam,

948 451 974 474 et
987 447 1062 474 Liam
1077 455 1109 475 ac
1123 447 1284 480 Rachelem,
1307 451 1334 475 et
1354 447 1534 475 Jochabetam
1567 455 1599 475 ac
1617 448 1731 474 Mariam

948 492 1049 527 Moysis
1075 500 1210 526 sororem,
1233 498 1400 528 cazterasquc
1425 497 1535 520 sanctas
1554 493 1682 520 mulieres
1700 500 1733 520 eo

948 546 1008 566 esse
1027 546 1111 573 regno
1131 539 1263 574 privatas,
1280 546 1330 566 nec
1344 539 1483 567 cmlestem
1499 539 1573 566 illam
1590 538 1734 565 lueredita-
1752 552 1754 555 ~

948 588 1002 611 tem
1019 592 1101 619 posse
1126 592 1271 619 capessere
1295 594 1301 612 :
1327 589 1470 620 propterea
1495 584 1567 619 quod
1587 584 1738 611 Abrahami

949 630 1186 657 circumcisionem
1198 638 1330 665 usurpare
1341 630 1525 666 nequiverint,
1537 637 1630 665 quam,
1644 634 1674 656 ut
1689 629 1735 657 isti

950 675 1054 706 volunt,
1078 674 1151 702 Deus
1171 675 1209 702 illi
1227 676 1342 710 largitus
1360 681 1412 704 est.
1430 676 1508 709 Quod
1524 676 1545 703 si
1564 675 1670 703 celesti
1684 675 1738 702 illa:

950 727 1043 754 regno,
1068 721 1177 748 tametsi
1202 721 1374 749 circumcisae
1400 730 1455 748 non
1483 721 1596 754 fuerint,
1624 720 1738 750 minime

950 768 1107 797 caruerunt,
1122 766 1190 792 nihil
1206 765 1290 801 igitur
1306 766 1387 793 modo
1399 767 1491 794 carnis
1502 767 1549 794 illa
1561 765 1741 797 circumcisio.

951 811 1070 845 prodest.
1086 812 1119 838 Et
1132 819 1196 839 vero
1212 811 1278 847 quid
1295 817 1346 846 est,
1362 813 1434 847 quod
1451 812 1541 840 Ebion.
1556 812 1624 840 adeo
1636 812 1670 839 de
1683 811 1737 839 cir-

950 857 1118 885 cumcisione
1129 865 1177 885 sua
1189 858 1331 893 glorietur,
1344 865 1406 885 cuin
1418 862 1446 885 et
1458 858 1594 886 idolorum
1606 849 1737 890 cultores,

949 908 975 930 et
987 904 1142 932 sacerdotes
1155 903 1275 939 Egyptii
1286 904 1391 939 seipsos
1400 911 1508 939 quoque
1520 903 1738 931 circumcidant?

950 949 1028 982 Quod
1059 954 1085 978 et
1114 950 1252 983 Saraceni,
1279 956 1305 979 et
1329 951 1486 984 lsmaelitm,
1508 958 1541 978 ac
1558 950 1738 982 Samaritani,

110 988 208 1023 Judaei,
232 991 340 1018 ldumwi
365 996 392 1018 et
416 991 562 1018 llomcrita:
588 991 701 1019 faciunt.
727 992 848 1024 Quorum
866 993 893 1020 id
913 995 1036 1031 plerique
1048 1004 1102 1023 non
1115 997 1205 1032 aliqua
1223 997 1290 1033 lege,
1309 997 1358 1026 sed
1390 997 1589 1026 consuetudine
1616 997 1746 1032 quadam.

112 1039 181 1067 citra
197 1040 279 1066 ullam
297 1039 429 1066 rationem
444 1039 608 1074 suscipiunt.

147 1086 204 1112 Καὶ
218 1085 310 1116 ἁπλῶς
325 1084 407 1111 πολὺν
420 1085 515 1120 χρόνον
528 1085 660 1112 ἀναλώσω
671 1086 901 1122 κατατριὸόμενος

115 1132 155 1163 εἰς
171 1131 219 1166 τὴν
235 1130 330 1157 τούτου
347 1130 493 1166 ληρῳδίαν,
514 1130 558 1157 διὰ
572 1130 603 1157 τὸ
621 1131 806 1165 ὲπερείδεσοαι
820 1132 901 1158 αὐτὸν

115 1177 203 1212 μάτην
217 1176 255 1212 τῷ
271 1176 344 1212 ῥητῷ
367 1173 389 1211 ᾧ
411 1176 520 1211 εἴρηκεν
545 1176 559 1202 ὁ
581 1176 685 1212 Σωτήρ·
712 1177 846 1210 Ἀρκετὸν
864 1177 904 1210 τῷ

111 1221 229 1257 μαθητῇ
245 1219 321 1248 εἶναι
334 1222 374 1253 ὡς
387 1223 402 1248 ό
417 1221 611 1253 διδάσκαλος·
630 1221 672 1247 ἵνα
692 1221 738 1247 καὶ
762 1222 841 1254 αὐτὸς
864 1231 905 1249 σε-

115 1267 249 1303 μνύνηται
265 1267 313 1303 τὴν
331 1268 398 1294 ἰδίαν
418 1267 572 1302 περιτομὴν
591 1267 634 1294 διὰ
650 1267 699 1302 τὴν
718 1267 764 1294 τοῦ
785 1269 903 1304 Χριστοῦ

115 1313 265 1349 περιτομὴν
277 1313 325 1349 τὴν
337 1315 365 1339 ὲν
379 1313 452 1348 αὐτῷ
466 1313 555 1345 καλῶς
571 1313 794 1349 περιτμηθεῐσαν.
809 1314 903 1350 Ὅμως

114 1359 208 1394 ἐπειδὴ
221 1359 343 1393 βούλεται
356 1360 370 1385 ὁ
382 1359 520 1395 κτηνώδης
530 1359 574 1386 διὰ
587 1360 636 1394 τὴν
650 1359 716 1395 πρὸς
729 1360 774 1386 τὸν
790 1360 905 1395 Χριστὸν

116 1405 231 1442 μίμησιν
253 1405 401 1440 λαμϐάνειν
427 1406 521 1432 τοῦτον
545 1405 592 1432 τὸν
616 1406 704 1440 λόγον,
729 1407 779 1432 οὐκ
799 1406 906 1442 ὀκνήσω

115 1452 210 1485 δεῖξαι,
228 1452 268 1479 ὅτι
285 1451 314 1479 οὐ
331 1451 375 1479 διὰ
392 1452 469 1479 τοῦτο
489 1452 606 1489 εἴρηται.
626 1451 712 1485 Εὐθὺς
731 1452 786 1489 γὰρ
809 1452 906 1491 φρᾴζει

116 1499 132 1524 ὃ
144 1498 255 1534 Κύριος,
279 1498 377 1531 λέγων,
397 1499 437 1525 ὅτι
459 1500 489 1525 οὐ
512 1499 556 1526 διὰ
573 1499 653 1525 τοῦτο
668 1497 754 1531 εἶπεν,
777 1499 846 1526 ἀλλὰ
861 1499 905 1526 διὰ

990 1089 1112 1126 Denique
1125 1091 1273 1126 plurimum
1288 1099 1304 1119 a
1320 1099 1363 1119 me
1373 1091 1503 1126 temporis
1514 1090 1741 1118 insuminecesse

955 1136 1000 1167 sit,
1017 1137 1041 1163 si
1056 1137 1083 1164 in
1097 1137 1253 1165 refellendis
1275 1137 1349 1165 illius
1370 1137 1451 1172 nugis
1466 1137 1599 1164 inlmrere
1615 1136 1740 1168 voluero,

956 1183 1002 1217 qui
1017 1183 1068 1210 hoc
1079 1191 1135 1211 uno
1147 1183 1300 1212 Salvatoris
1314 1183 1389 1211 dicto
1399 1183 1503 1211 frustra
1514 1183 1626 1210 nititur:
1642 1181 1742 1216 Su/ﬁcit

956 1228 1085 1262 discipulo
1107 1229 1130 1255 εἰ
1152 1229 1188 1255 sit
1214 1229 1283 1255 sicut
1305 1228 1431 1262 magister
1455 1227 1545 1260 eius';
1571 1230 1601 1253 ut
1626 1230 1654 1254 et
1683 1225 1743 1260 ipse

956 1279 1066 1310 propter
1076 1282 1147 1309 eam,
1159 1282 1242 1310 qnam
1255 1274 1282 1302 in
1296 1282 1325 1302 se
1340 1273 1440 1301 merito
1455 1272 1582 1300 Christus
1596 1271 1741 1307 expressit,

956 1321 1195 1350 circumcisionem
1211 1328 1289 1348 suam
1307 1323 1469 1355 arroganter
1485 1321 1614 1346 ostentet.
1630 1317 1743 1345 Verum-

956 1371 1046 1394 tamen
1061 1367 1191 1402 quoniam
1209 1366 1245 1394 ob
1262 1365 1363 1393 Christi
1381 1365 1561 1392 imitationem
1584 1371 1616 1392 ca
1636 1371 1666 1392 se
1679 1370 1743 1392 sen-

956 1412 1042 1440 tentia
1057 1420 1141 1447 pecus
1152 1412 1200 1439 illa
1217 1411 1351 1444 defendit,
1367 1411 1459 1439 dicere
1473 1411 1547 1438 haud
1564 1410 1678 1438 verebor
1691 1417 1743 1438 n9-

957 1465 1094 1494 quaquam
1120 1457 1194 1485 illam
1222 1465 1255 1485 eo
1281 1457 1428 1492 pertinere.
1458 1456 1534 1491 161
1554 1454 1650 1482 Statim
1669 1454 1743 1482 enim

957 1504 1089 1532 Dominus
1107 1504 1215 1539 adjecit,
1243 1511 1299 1531 non
1324 1511 1354 1531 se
1376 1502 1438 1530 ideo
1452 1503 1490 1529 ita
1507 1502 1623 1534 dixisse,
1644 1501 1691 1529 sed
1708 1500 1743 1528 ob

116 1545 177 1576 τοὺς
194 1545 339 1580 διωγμοὺς,
355 1545 402 1572 καὶ
417 1545 465 1580 τὴν
480 1545 533 1572 τῶν
542 1545 672 1572 Ἰουδαίων
687 1547 726 1577 εἰς
741 1546 821 1572 αὐτὸν
834 1554 904 1580 παρ-

958 1554 1114 1585 ingrucntes
1128 1549 1339 1585 exagitationes,
1362 1547 1573 1585 Judazorumqne
1589 1549 1616 1574 in
1633 1555 1663 1575 se
1675 1553 1744 1573 con--

117 1590 212 1617 οινίαν.
227 1590 281 1617 Καί
296 1599 387 1625 φησιν·
404 1592 437 1617 ΕΙ
452 1591 504 1625 ἐμὲ
527 1591 662 1624 ἐδίωξαν,
685 1591 734 1618 καὶ
750 1590 827 1626 ὑμᾶς
839 1591 904 1617 διώ-

119 1636 236 1668 ξουσιν·
250 1637 273 1662 εἰ
288 1637 339 1672 ἐμὲ
354 1637 501 1672 ἐμίσησαν,
516 1638 563 1664 καὶ
576 1639 648 1673 ὑμᾶς
663 1638 834 1673 μισήσουσιν.
847 1639 908 1664 Οὐκ

117 1683 169 1715 ἐμὲ
193 1683 295 1718 λέγετε
315 1683 418 1717 κύριον
438 1683 487 1710 καὶ
512 1683 713 1716 διδάσκωλον;
733 1684 788 1711 Καὶ
810 1684 909 1716 καλῶς

118 1728 230 1763 λέγετε-
248 1729 306 1764 εἰμὶ
322 1728 386 1763 γάρ.
402 1730 436 1756 Εὶ
451 1727 509 1756 οὗν
521 1729 575 1756 τὸν
588 1729 806 1764 οἰκοδεσπότην
819 1731 909 1757 Βεελ-

119 1775 221 1805 ζεϐοὺλ
237 1774 398 1806 ἐκάλεσαν,
417 1776 501 1808 πόσῳ
516 1784 548 1810 γε
567 1775 688 1810 μᾶλλον
708 1775 780 1808 τοὺς
803 1777 909 1802 οἰκεια-

120 1821 193 1853 κο-ὺς
206 1821 318 1854 αὑτοῦ;
338 1822 394 1853 καὶ,
412 1822 452 1848 Οὐ
472 1821 596 1848 δύναται
606 1821 716 1855 δοῦλος
739 1820 815 1849 εἶναι
834 1822 910 1856 ὑπὲρ

120 1866 173 1893 τὸν
187 1867 290 1901 κύριον
305 1868 397 1894 αὐτοῦ
409 1888 416 1898 ,
432 1867 503 1894 οὐδὲ
514 1867 651 1900 μαθητὴς
673 1867 750 1902 ὑπὲρ
764 1867 817 1894 τὸν
829 1867 910 1894 διδά-

120 1914 238 1939 σκαλον
251 1913 353 1939 αὐτοῦ.
371 1914 444 1942 Ἡτω
459 1912 493 1938 δὲ
506 1912 739 1947 κατηρτισμένος
751 1913 825 1941 κατὰ
835 1913 910 1939 πάν-

120 1966 156 1984 τα
171 1959 187 1984 ὁ
197 1958 343 1992 μαθητὴς,
359 1958 401 1990 ὡς
411 1960 426 1984 ό
439 1958 632 1990 διδάσκαλος,
646 1957 785 1984 τουτέστιν
802 1957 910 1993 ἕτοιμος

121 2003 160 2034 εις
178 2002 308 2037 διωγμὸν,
326 2003 373 2028 καὶ
389 2002 560 2037 κακολογίαν,
581 2002 627 2028 καὶ
645 2002 699 2029 πᾶν
711 2002 800 2029 ὁτιοῦν
817 2004 911 2037 ἐπιφε-

122 2048 245 2084 ρόμενον.
264 2047 346 2074 Ὅθεν
371 2049 417 2075 καὶ
438 2049 452 2075 ὁ
472 2049 549 2082 ἅγιος
571 2048 692 2079 Παῦλος·
712 2049 841 2083 Μιμηται
851 2058 910 2083 μου

121 2093 252 2128 γίνεσθε,
270 2093 367 2124 καθὼς
378 2093 459 2128 κάγὼ
471 2093 609 2128 Χριστοῦ.
623 2093 678 2119 Καὶ
691 2093 740 2128 οὐχ
753 2093 794 2119 ὅτι
809 2094 911 2124 ἐκεῖνος

122 2140 247 2174 ἐμιμεῖτο
264 2139 310 2165 τὸν
326 2139 408 2166 αὑτοῦ
423 2140 556 2175 δεσπότην
571 2139 609 2171 ὡς
625 2139 674 2166 οὐκ
692 2139 756 2165 ἔδει.
772 2139 840 2166 Οὐδὲ
856 2139 912 2174 γὰρ

123 2185 226 2219 ἔλεγεν,
242 2185 363 2217 ὅτιθεὸς
386 2186 458 2221 ειμι,
481 2186 497 2221 ἦ
521 2185 585 2217 Υἱὸς
605 2185 672 2212 Θεοῦ
694 2186 763 2221 εἰμι,
787 2185 803 2220 ἢ
826 2185 911 2219 Λόγος

957 1595 1096 1625 tumelias.
1110 1595 1158 1628 Ae,
1172 1594 1202 1622 Si
1230 1603 1278 1628 me,
1297 1594 1397 1629 inquit,
1415 1593 1542 1628 persecuti
1567 1597 1638 1624 sunt,
1660 1596 1684 1619 et
1699 1599 1743 1618 vos

956 1640 1174 1675 persequemur';
1194 1640 1218 1667 si
1246 1647 1288 1667 me
1308 1639 1435 1672 oderunt,
1460 1643 1487 1665 et
1509 1646 1557 1665 vos
1576 1637 1640 1665 odio
1661 1636 1745 1663 habe-

958 1686 1025 1713 bunt
1036 1687 1055 1713 δ.
1074 1685 1167 1713 Nonne
1184 1694 1223 1712 me
1243 1685 1384 1712 Dominum
1408 1684 1496 1710 dicitis
1518 1691 1549 1710 ac
1571 1681 1745 1716 magistrum?

959 1731 993 1758 Et
1008 1737 1075 1758 recte
1094 1731 1194 1762 dicitis,
1220 1738 1278 1757 sunt
1299 1729 1425 1756 etenim‘.
1452 1727 1480 1755 Si
1497 1729 1579 1764 igitur
1598 1726 1744 1762 patremfa-

960 1777 1045 1803 milias
1057 1775 1199 1803 Beelzebub
1211 1780 1375 1807 vocaverunt,
1388 1779 1485 1809 quanto
1496 1774 1579 1808 magis
1590 1773 1745 1800 domesticos
1779 1801 1784 1805 ,

959 1822 1058 1856 ejus‘?
1083 1821 1126 1854 Et,
1149 1821 1210 1848 Non
1233 1827 1317 1855 potest
1343 1829 1430 1848 servus
1454 1819 1541 1854 major
1560 1827 1615 1846 esse
1639 1818 1745 1844 domino
1791 1842 1793 1847 ,

960 1868 1025 1894 suo’
1039 1877 1045 1894 :
1061 1875 1141 1902 neque
1159 1866 1305 1901 discipulus
1322 1867 1464 1900 nragistro;
1484 1865 1529 1891 sed
1547 1869 1601 1891 esto
1615 1864 1749 1898 perfectus

960 1913 987 1939 in
1002 1912 1121 1939 omnibus
1137 1912 1282 1946 discipulus
1308 1912 1374 1938 sicut
1398 1911 1523 1945 magister
1535 1910 1557 1942 ⁸,
1581 1910 1631 1937 hoc
1654 1909 1747 1936 estad

961 1965 1068 1984 omnem
1088 1957 1269 1989 vexationem,
1286 1964 1317 1984 ac
1337 1956 1567 1987 maledicentiam,
1585 1959 1612 1983 et
1632 1955 1751 1982 adversa.

961 2003 1089 2038 qumlibct
1106 2003 1269 2031 sustinenda
1283 2007 1467 2038 comparatus.
1487 2001 1563 2030 Unde
1579 2006 1606 2029 et
1620 2001 1721 2029 Paulus
1737 2010 1743 2028 :

963 2048 1128 2082 Imitatores,
1153 2048 1253 2083 inquit,
1270 2050 1320 2075 mei
1335 2053 1427 2081 estote,
1440 2049 1510 2075 sicut
1521 2052 1545 2075 et
1557 2055 1601 2082 ego
1613 2047 1744 2074 Clu-isti“.

962 2095 1054 2130 Neque
1073 2103 1138 2123 vero
1154 2102 1208 2130 qua
1224 2103 1278 2122 non
1295 2095 1409 2122 decebat
1425 2095 1530 2122 ratione
1546 2094 1687 2121 dominum
1700 2093 1747 2120 ille

962 2150 1044 2169 suum
1058 2142 1180 2169 imitatus
1198 2146 1249 2169 est.
1281 2133 1340 2169 Non
1354 2142 1426 2170 enim
1442 2141 1525 2169 Deum
1540 2148 1602 2168 esse
1621 2148 1650 2168 se
1664 2139 1743 2171 dixit,

967 2191 1015 2214 aut
1029 2187 1076 2214 Dei
1091 2187 1201 2219 Filium,
1217 2193 1265 2215 aut
1276 2186 1360 2214 Deum
1376 2186 1506 2214 Verbum.
1527 2185 1590 2218 Sed,
1606 2185 1660 2220 Ego
1675 2193 1744 2214 sum,

123 2233 188 2263 Θεὸς
199 2232 266 2265 εἶμι.
288 2231 368 2265 Λέγει
385 2232 449 2266 γὰρ,
471 2232 512 2258 ὅτι
539 2231 611 2266 Ἐγιὶ)
633 2233 690 2265 εἰμι
710 2232 726 2257 o'
749 2230 905 2265 ἐλάχιστος

963 2233 1061 2268 inquit,
1082 2233 1206 2260 minimus
1224 2233 1402 2267 apostolorum
1415 2233 1450 2265 ¹⁰;
1468 2231 1648 2265 et,Tauquam
1668 2230 1746 2256 abor—

124 2276 181 2303 τῶν
190 2276 379 2303 ἀποστόλων·
391 2276 448 2309 καὶ,
457 2276 591 2310 Ὠσπερεί
606 2284 645 2310 τῳ
654 2275 814 2310 ἐκτρώματι
824 2276 907 2311 ὤφθη

125 2322 224 2357 κᾴμοΙ.

158 2369 216 2394 ΛΔν.
238 2367 269 2394 Εἰ
280 2367 307 2393 δὲ
319 2367 362 2398 σὺ,
377 2367 482 2399 Ἐϐίων,
495 2367 642 2403 λαμϐάνεις
653 2368 682 2394 τὺ
695 2367 858 2404 ρητδντοῦτο
866 2366 912 2393 ἐπὶ

127 2414 239 2450 μιμήσει
262 2413 379 2449 Χριστοῦ
408 2413 454 2440 καὶ
477 2413 530 2439 ἀπὸ
554 2414 603 2449 τῆς
624 2414 785 2449 περιτομῆς,
804 2410 837 2449 ἧς
860 2421 911 2448 μα-

124 2458 207 2489 ταίως
221 2458 329 2493 φρονεῖς
338 2477 345 2489 ,
363 2458 448 2489 θέλεις
459 2455 527 2484 εἶναι
545 2458 581 2490 ὡς
593 2459 607 2484 ό
620 2458 794 2490 διδάσκαλος,
812 2458 911 2493 μᾶλλον

125 2503 152 2530 δὲ
165 2504 202 2536 ὡς
218 2505 231 2530 ὁ
251 2504 361 2538 Κύριος,
379 2504 416 2539 μὴ
433 2505 461 2530 ὲν
477 2506 509 2540 τῇ
527 2505 661 2540 περιτομῇ
676 2504 750 2539 αὐτῷ
763 2503 866 2539 ὁμοιοῦ-
880 2504 911 2529 οὐ

125 2550 179 2586 γάρ
196 2558 225 2576 σε
241 2550 386 2585 ὠφελήσει.
404 2551 561 2586 Παρήνεγκε
577 2551 631 2586 γὰρ
643 2551 658 2577 ὁ
673 2550 773 2585 Κύριος
788 2549 832 2575 τὸν
846 2549 911 2575 ταύ-

130 2604 174 2631 της
186 2596 296 2631 χρόνον,
309 2595 346 2628 ὡς
359 2596 404 2622 διὰ
418 2596 523 2622 πολλῶν
537 2596 683 2632 μαρτύρων
698 2595 792 2631 σαφῶς
808 2595 911 2622 ἐπεδεί-

163 2675 169 2690 ¹
186 2673 217 2701 F.
234 2674 325 2708 ἱερεῖς.
364 2675 374 2690 ²
391 2673 486 2700 Matth.
498 2681 526 2705 x,
541 2674 585 2701 25.
623 2673 634 2689 ³
646 2672 724 2701 Joan.
740 2681 785 2702 xv.
800 2672 846 2699 20.
884 2671 895 2687 ⁸
913 2671 980 2698 ibid.
997 2671 1040 2699 18.

130 2717 172 2741 xv,
185 2710 231 2737 20.
268 2710 279 2725 ³
294 2709 360 2736 Luc.
373 2717 411 2740 vr,
426 2709 470 2736 40.
509 2709 519 2724 ⁸
533 2709 540 2735 ι
555 2709 617 2737 Cor.
630 2709 708 2740 x1,i.

165 2768 221 2803 (56)
248 2769 352 2795 Ὀπότε
375 2768 422 2794 καὶ
446 2768 473 2794 al
494 2766 711 2803 εἰδωλολάτραι.
738 2765 850 2803 Ilieron.
877 2764 910 2790 ad

130 2801 187 2837 cup.
206 2803 262 2830 Jer.
298 2812 331 2830 χε
358 2802 646 2837 Μιιιιανιιηικίιιψιίι,
659 2810 691 2828 ea:
710 2801 824 2836 quatiant
838 2804 912 2834 parte

131 2836 255 2874 gentium,
270 2842 296 2865 et
310 2839 433 2869 maxime,
447 2846 505 2872 qum
517 2836 619 2874 ,Ιυαιιτφ
636 2836 834 2874 Palo'stittwque
851 2843 911 2861 con—

133 2872 196 2907 ﬁnes
215 2879 275 2900 sunt
289 2893 296 2906 ,
320 2882 398 2909 usque
420 2873 494 2900 hodie
523 2873 611 2906 populi
637 2872 869 2902 cina-inciduntur,
891 2875 915 2896 ct

964 2279 1014 2305 tivo
1030 2279 1101 2305 visus
1116 2284 1151 2305 cst
1166 2284 1190 2305 et
1206 2279 1268 2305 milli
1284 2279 1313 2305 “.

1000 2364 1118 2393 XXXIV.
1136 2366 1213 2399 Quod
1228 2367 1249 2394 si
1268 2371 1312 2398 tu,
1329 2366 1414 2392 Ebion
1425 2385 1432 2396 ,
1452 2365 1552 2391 (lliristi
1569 2362 1602 2389 ad
1619 2362 1748 2389 imitatio-

964 2420 1025 2439 nem
1040 2412 1141 2439 dictum
1164 2412 1231 2439 illud
1251 2410 1378 2446 usurpas,
1401 2416 1427 2438 et
1448 2411 1482 2437 ob
1500 2409 1746 2439 circumcisionem.

964 2465 1018 2492 quo
1035 2462 1064 2484 tu
1081 2457 1182 2485 frustra
1197 2462 1224 2485 te
1237 2457 1358 2492 jactitas,
1377 2456 1497 2491 magistri
1514 2463 1576 2484 esse
1592 2455 1687 2482 similis
1708 2456 1749 2481 rrl

965 2502 1073 2530 Domini
1098 2503 1190 2538 potius
1211 2503 1332 2534 alfectas,
1360 2502 1415 2529 noli
1437 2501 1648 2529 circumcisione
1670 2501 1693 2527 ei
1717 2500 1751 2527 si-

965 2549 1038 2576 milis
1062 2557 1137 2582 esse;
1165 2557 1253 2583 neque
1273 2549 1345 2576 enim
1369 2548 1417 2575 tibi
1438 2547 1568 2583 proderit,
1593 2554 1655 2573 cum
1679 2546 1750 2572 illius

965 2599 1073 2630 tempus
1097 2595 1228 2622 Dominus
1253 2596 1311 2630 ipse
1337 2594 1595 2628 circumscripserit,
1622 2592 1750 2627 quemad—

1092 2673 1102 2688 "
1115 2672 1194 2700 Joan.
1210 2681 1268 2705 xm,
1283 2673 1310 2699 '5.
1351 2672 1360 2684 "
1376 2671 1470 2698 Matth.
1487 2679 1514 2702 Χ,
1543 2670 1588 2697 25.
1645 2670 1653 2684 τ
1669 2667 1750 2695 Joan.

751 2709 774 2724 ¹⁰
789 2708 796 2734 l
815 2708 878 2734 Cor.
896 2714 941 2738 xv,
958 2708 984 2734 9.
1024 2708 1044 2723 “
1060 2707 1124 2735 ibid.
1142 2708 1170 2737 8.

966 2767 1097 2800 prwcipue
1115 2765 1236 2800 Egyptii‘
1250 2772 1276 2792 el
1287 2764 1423 2800 _ldumwi,
1450 2763 1606 2800 Ammonitg;
1623 2766 1647 2788 et
1673 2760 1752 2800 μοᾳτ

967 2795 1073 2832 Μαρὰν
1089 2795 1260 2827 οηιιιῖὲὶαωικ
1281 2797 1497 2826 Sarracenorum.
1519 2797 1556 2825 De
1571 2796 1706 2832 Egyptiis
1721 2795 1751 2832 id

969 2830 1083 2864 testatur
1099 2836 1261 2864 Herodotus,
1282 2835 1401 2862 Meminit
1422 2839 1448 2861 et
1463 2834 1536 2868 Orig.
1561 2841 1568 2859 t
1593 2830 1660 2858 eam.
1680 2830 1755 2860 Cels.
