1961 3046
227 129 275 155 471

927 142 956 171 S.
977 145 1147 176 EPIPHANII

1791 161 1846 189 472

226 186 335 213 modum
361 187 466 215 idoneis
492 190 584 218 multis
611 193 725 221 testibus
753 196 892 226 evidenter
917 205 1002 230 osten‘

226 231 324 253 dinam,
344 231 420 253 Vnnit
435 234 506 253 nnim
533 239 705 253 vnlnrnmnnn
722 242 864 253 ,ιλ-...μνη
898 252 903 253 ,
942 245 953 253 ρ
986 252 989 253 ,

1063 206 1156 242 ξαμεν.
1166 206 1262 242 Ἦλθε,
1274 210 1322 237 καὶ
1330 211 1471 247 ἐπλήρωσε
1484 213 1546 246 δοὺς
1558 216 1606 249 τὴν
1618 215 1722 243 τελείαν
1739 225 1846 253 περιτο-

224 231 325 259 diu.us.
344 231 421 260 Venit
435 234 518 266 enim,
533 239 705 272 veteremque
721 242 874 276 complevit.
891 245 1009 279 perlecta

224 277 333 305 demum
357 287 405 313 per
425 287 473 307 sua
493 284 621 317 mysteria
643 285 852 315 circumcisione
871 297 1013 319 concessa.

224 321 311 355 Quam
331 331 385 351 non
404 333 457 353 una
474 329 597 362 corporis
617 334 694 364 parte
717 331 824 361 deliniri
846 336 940 368 voluit,
966 339 1012 365 sed

223 367 317 395 eadem
343 374 429 397 totum
453 379 553 407 corpus
578 374 742 410 obsignavit,
767 382 847 413 atque
867 388 882 407 a
902 367 1012 416 peccato

223 413 394 442 circumcidit
411 425 417 443 :
433 424 520 452 neque
539 426 620 446 unam
640 421 774 449 duntaxat
790 425 880 460 populi
895 431 1009 461 partem,

223 463 288 493 puta
302 460 405 487 virilem
424 470 529 496 sexum,
550 465 597 492 sed
614 466 768 495 universam
789 470 1008 500 Christianorum

222 509 330 539 gentem
357 506 445 541 reipsa
474 510 605 539 servavit:
626 512 703 545 viris,
723 513 842 549 inquam,
862 521 889 544 et
912 519 1009 546 mulie-

221 550 300 578 ribus
317 552 424 587 signum
445 553 511 581 illud
529 555 670 591 impertiit.
689 558 793 594 Quippe
809 561 842 588 ad
859 564 934 598 regni
952 571 1009 592 cm—

221 595 298 623 lestis
328 597 479 627 adeundam
502 601 686 631 hmreditatem
714 606 850 634 cumulate
871 595 1007 642 omnibus,

221 648 276 668 non
290 647 403 678 anguste
414 645 536 672 virorum
553 647 599 674 uni
611 649 714 683 generi,
728 650 801 678 illam
816 651 902 687 ipsam
916 659 1008 682 notam

220 685 334 722 imponi,
352 689 426 716 velut
438 690 610 724 imbecillam,
626 695 731 722 statuit.
746 685 873 732 Adeoque
888 702 942 726 tam
960 708 1008 735 per

219 738 290 764 eam,
305 741 386 768 quam
403 743 451 770 per
470 737 597 764 mandata
616 745 680 771 sua,
697 742 886 778 egregiamque
903 744 1006 773 doctri-

219 785 282 804 nam
298 779 408 808 cmleste
421 788 533 816 regnum
548 782 703 812 Christiano
723 787 770 813 toti
789 787 889 823 populo
904 791 1005 824 patefe-

1066 253 1119 287 μὴν
1138 253 1192 280 τῶν
1209 255 1291 281 αὐτοῦ
1309 257 1478 292 μυστηρίων,
1494 259 1544 285 οὐκ
1560 261 1589 286 ὲν
1613 261 1653 288 ἑνὶ
1668 261 1742 296 μέλει
1760 263 1848 299 μόνῳ,

1063 298 1120 324 ἀλλ’
1133 299 1192 325 ὅλον
1206 300 1285 335 σῶμα
1295 302 1458 336 σφραγίσας,
1472 304 1518 330 καὶ
1529 305 1683 340 περιτεμὼν
1692 307 1745 333 ἀπὸ
1756 308 1849 343 ἁμαρ-ν

1061 343 1121 374 τίας
1132 351 1138 357 ·
1150 344 1196 370 καὶ
1205 345 1252 379 οὐχ
1267 345 1296 370 ἓν
1310 345 1391 382 μέρος
1404 347 1468 373 λαοῦ
1484 347 1586 382 σώζων,
1599 350 1733 377 τουτέστιν
1749 352 1849 387 ἄνδρας

1062 388 1168 422 μόνους,
1183 389 1249 417 ἀλλὰ
1261 391 1307 417 καὶ
1323 391 1381 418 ὅλον
1396 392 1459 419 λαὸν
1472 393 1517 419 τὸν
1533 394 1585 420 τῶν
1597 396 1765 430 Χριστιανῶν
1777 398 1849 424 κατὰ

1060 433 1197 469 ἀλήθειαν,
1218 436 1316 471 ἄνδρας
1331 446 1359 463 τε
1377 438 1423 464 καὶ
1444 441 1573 472 γυναῖκας
1591 441 1658 476 ὁμοῦ
1678 443 1846 476 σφραγίζων,

1058 480 1106 506 καὶ
1130 481 1169 511 είς
1189 481 1311 516 οὐρανῶν
1336 482 1473 516 βασιλείας
1501 485 1681 521 κληρονομίαν
1712 487 1846 521 ἀφθόνως,

1058 524 1105 550 καὶ
1121 525 1170 551 οὐκ
1184 525 1300 558 ἐλλιπῶς
1312 527 1352 553 ἐνὶ
1368 529 1488 564 τάγματι
1498 530 1552 556 τῶν
1568 531 1671 566 ἀνδρῶν
1684 532 1762 567 μόνον
1776 533 1847 560 κατά

1057 569 1199 598 ἀσθένειαν
1222 571 1271 607 τὴν
1295 574 1430 609 σφραγῖδα
1455 575 1591 611 παρέχων,
1619 577 1686 604 ἀλλὰ
1708 578 1765 613 λαῷ
1789 579 1847 606 ὁλο-

1056 615 1129 641 τελεῖ
1152 616 1196 643 διὰ
1221 617 1269 653 τῆς
1296 619 1442 654 σφραγῖδος
1466 622 1512 647 καὶ
1536 623 1649 649 ἐντολῶν
1673 624 1719 650 καὶ
1740 624 1846 660 ἀγαθῆς

1057 660 1229 694 διδασκαλίας
1258 663 1307 698 τὴν
1337 664 1474 699 βασιλείαν
1502 667 1556 693 τῶν
1585 668 1707 704 οὐρανῶν
1739 670 1844 696 ἀποκα-

1056 705 1173 733 λύπτων.
1194 707 1225 734 El
1241 708 1270 734 δὲ
1288 709 1325 741 ὼς
1344 711 1358 736 ὁ
1380 710 1482 746 Κύριος
1501 711 1589 746 βούλει
1609 711 1693 745 εἶναι,
1712 714 1726 740 ό
1745 714 1842 744 Εὸίων,

1055 750 1192 778 τουτέστιν
1213 752 1250 785 ὡς
1272 754 1471 788 ὸΔιδάσχαλος,
1495 757 1561 783 πολὺ
1581 758 1730 794 ἡπάτησαι.
1749 759 1795 794 Μὴ
1815 760 1844 786 ἐν

1054 797 1087 831 τῇ
1104 800 1237 835 περιτομῇ
1252 800 1413 832 ἀπεικάζοι).

218 823 266 850 cit.
280 824 318 851 Ac
332 825 354 853 si
370 829 400 852 tu
418 826 525 854 Domini
543 829 640 858 similis
659 837 739 865 esse,
752 832 803 860 hoc
822 839 864 862 est
884 835 1004 872 Magistri
1024 823 1174 874 vis,lEbion
1186 823 1382 875 !.vi;hementer
1397 849 1519 878 abem-as.
1534 849 1594 878 Noli
1623 852 1696 879 enim
1725 851 1843 878 circum-

218 870 323 898 cisione
339 871 390 899 ista
406 873 610 903 similitudinem
627 877 699 905 illius
713 881 874 914 exprimere.

254 915 353 943 Verum
373 918 487 953 agedum
504 927 518 946 a
536 927 712 950 monumento
728 924 860 953 Lazarum
879 935 1002 962 arcesse,
1019 934 1040 961 B

217 965 264 988 aut
276 962 358 989 alium
373 965 526 999 quempiam
544 973 679 995 mortuum
696 971 814 998 excitato
832 981 838 999 :
858 973 936 1009 162
956 980 1005 1002 aut

217 1006 334 1035 inlectos
358 1011 431 1043 lepra
453 1017 587 1046 repurga;
615 1015 694 1042 caecis
724 1016 830 1049 visum,
858 1027 1004 1048 nervorum

216 1052 382 1080 resolutione
409 1054 596 1085 laborantibus
621 1060 775 1093 sanitatem,
792 1063 815 1089 si
835 1069 928 1098 potes,
959 1074 1003 1093 re-

215 1097 309 1124 stitue.
324 1098 377 1125 Sed
389 1099 449 1128 ideo
463 1108 518 1129 non
531 1107 620 1138 potes,
635 1106 706 1140 quod
719 1097 886 1143 infidelitate,
903 1112 1005 1139 carnis-

216 1150 269 1177 que
287 1143 414 1177 vinculis,
438 1153 469 1172 ac
490 1147 556 1182 legis
577 1148 743 1184 iu'iperlectis
763 1155 932 1182 caeremoniis
957 1156 1005 1183 illi-

214 1191 296 1222 gatus
313 1191 450 1218 contraria
470 1192 508 1219 illi
525 1194 618 1221 omnia
635 1194 713 1223 facis.
730 1197 819 1233 Atque
832 1203 862 1226 ut
876 1206 1004 1234 prmstare

215 1233 334 1261 maxime
348 1243 455 1269 posses,
472 1238 499 1265 id
515 1239 586 1274 quod
605 1248 716 1276 propter
732 1233 906 1280 depravataim
924 1247 1003 1274 lidem

215 1283 288 1306 tuam
315 1281 426 1310 minime
453 1288 531 1318 potes
560 1289 681 1321 assequi,
708 1297 762 1316 non
790 1290 878 1318 instar
900 1291 1003 1320 Christi

215 1323 278 1352 dico
318 1326 418 1362 (neque
449 1330 521 1356 enim
555 1334 725 1368 corruptioni
760 1337 894 1365 obnoxius
923 1344 1004 1373 atque

214 1378 308 1399 errore
323 1372 477 1408 implicatus
495 1376 642 1406 homuncio
657 1380 775 1408 conferri
796 1390 857 1410 cum
878 1383 932 1411 Deo
953 1394 1000 1420 po-

214 1416 284 1450 tes),
302 1417 349 1444 sed
364 1426 452 1454 neque
473 1420 576 1450 Christi
590 1431 688 1452 nomen
707 1425 740 1452 ad
757 1427 861 1455 edenda
880 1416 1003 1465 prodigia

216 1465 295 1496 potes
313 1463 454 1498 invocare;
474 1470 523 1493 aut
540 1468 564 1494 si
586 1472 678 1497 tamen
701 1470 880 1505 invocaveris,
903 1475 1002 1503 ellicies

216 1507 376 1543 quidquam.
402 1510 455 1538 Sed
474 1513 525 1540 etsi
546 1515 695 1550 paralytico
719 1519 878 1546 suscitando
901 1521 1002 1556 aliquid

213 1552 345 1587 eﬂiceres,
359 1554 431 1583 idem
446 1557 549 1592 utique,
562 1560 608 1594 qui
625 1569 672 1596 per
682 1560 747 1590 Jesu
763 1571 862 1592 nomen
877 1573 1002 1602 exsurge-

214 1602 267 1630 ret,
283 1599 317 1626 ab
333 1607 367 1627 eo
383 1601 443 1636 ipso
459 1603 576 1637 quadam
593 1612 686 1640 posset
703 1609 843 1643 sapientiae
859 1612 919 1639 luce
935 1599 998 1646 per-
1013 1606 1034 1634 ε

213 1641 302 1675 fundi,
318 1651 352 1671 ne
370 1652 401 1672 se
416 1649 490 1673 tuam
515 1649 548 1675 ad
577 1648 689 1678 Sabbati
713 1641 1000 1684 observationem-ac-

213 1689 418 1724 commodaret;
438 1699 469 1718 ac
485 1700 533 1727 per
548 1694 608 1728 ejus
625 1703 639 1722 a
657 1705 712 1731 quo
725 1704 797 1727 esset
814 1706 936 1734 sanatus,
953 1711 1002 1731 no-

213 1740 275 1759 men
291 1733 343 1761 hoc
356 1734 474 1764 disceret
491 1747 497 1764 :
512 1738 585 1767 Tolle
595 1742 736 1775 grabatum
752 1750 835 1777 tuum,
855 1752 880 1773 et
896 1748 959 1774 vade
974 1749 1001 1776 in

213 1778 321 1805 domum
338 1785 409 1807 tuam
426 1783 543 1811 Sabbato
555 1786 575 1813 ¹.
591 1786 724 1815 Caeterum
738 1789 788 1817 hoc
803 1799 818 1817 a
834 1793 912 1820 nobis
923 1798 1001 1821 antea

213 1831 454 1855 commemoratum
480 1834 532 1862 est,
560 1832 607 1866 qui
633 1841 666 1860 cz
694 1834 739 1861 illa
766 1841 840 1863 secta
860 1843 934 1871 sunt,
949 1847 996 1866 eos

212 1872 287 1899 varie
317 1873 350 1900 de
377 1873 487 1902 Christo
511 1878 622 1906 sentire.
639 1879 706 1906 Nam
723 1882 795 1916 quod
815 1883 848 1910 ad
867 1883 995 1913 Ebionem

212 1917 302 1952 ipsum
319 1920 445 1953 pertinet,
463 1930 568 1951 merum
586 1925 659 1952 illum
677 1926 813 1955 hominem
830 1937 863 1956 ex
878 1930 996 1959 humano

213 1964 357 1991 concubitu
371 1970 447 1999 putat
463 1975 522 1995 csse
535 1975 706 2005 prognatum.
717 1972 752 1999 At
766 1974 812 2008 qui
828 1973 948 2003 Ebionaai
962 1977 995 2004 de

1090 931 1170 958 Ἀλλά
1198 933 1310 961 κάλεσον
1338 936 1383 963 τὸν
1414 938 1539 975 Λάζαρον
1567 940 1622 966 ἀπὸ
1652 942 1796 978 μνημείου,
1822 945 1840 982 ἢ

1056 976 1134 1003 ἄλλον
1162 979 1256 1014 νεκρὸν
1279 980 1393 1016 ἔγειραν,
1419 982 1536 1019 λεπροὺς
1561 976 1727 1021 καθάρισον,
1751 988 1766 1024 ἢ
1796 976 1843 1016 τυλ

1055 1024 1130 1057 φλοῖς
1148 1025 1257 1061 χάρισαι
1280 1027 1310 1053 τὺ
1333 1028 1452 1063 βλέπειν,
1474 1031 1490 1065 ἢ
1511 1032 1694 1067 παραλυτικὸν
1712 1034 1796 1068 ἴασαι,
1817 1037 1842 1064 εί

1054 1069 1129 1106 δύνῃ.
1145 1071 1181 1097 Οὐ
1195 1071 1259 1108 δύνῃ
1274 1073 1311 1104 δὲ,
1325 1074 1365 1100 ὅτι
1376 1075 1507 1108 ἐναντίως
1515 1078 1644 1113 πράττεις
1655 1079 1769 1116 ἀπιστίᾳ
1777 1091 1843 1109 κατ-

1054 1117 1200 1151 εχόμενος,
1234 1120 1281 1145 καὶ
1310 1120 1419 1155 δεσμοῖς
1450 1123 1567 1158 σαρκὸς,
1597 1125 1643 1151 καὶ
1677 1126 1842 1162 δικαιώμασι

1053 1162 1135 1197 νόμου
1158 1163 1339 1200 ἁπληρώτοις.
1362 1167 1394 1193 Εἰ
1415 1167 1443 1194 δὲ
1462 1169 1544 1196 ταῦτα
1562 1170 1695 1206 ἠδυνήθης
1719 1173 1841 1209 ποιῆσαι,

1053 1208 1120 1244 ὅπερ
1136 1209 1166 1235 οὑ
1182 1210 1248 1247 δύνῃ
1260 1211 1303 1238 διὰ
1318 1213 1365 1248 τὴν
1379 1216 1557 1242 κακοπιστίαν
1571 1225 1629 1249 σου,
1646 1218 1676 1244 οὐ
1694 1218 1764 1252 λέγω
1775 1208 1812 1251 ὧς
1827 1221 1843 1246 ό

1052 1255 1170 1289 Χριστὸς
1183 1257 1222 1291 (οὐ
1237 1257 1291 1294 γὰρ
1304 1258 1369 1295 δύνῃ
1383 1260 1581 1296 ἀπεικασθῆναι
1593 1263 1661 1297 Θεῷ,
1674 1264 1790 1300 φθαρτὸς
1803 1266 1842 1292 ὢν

1053 1299 1193 1334 ἄνθρωπος
1213 1302 1260 1328 καὶ
1290 1304 1495 1338 ὴπατημένος),
1524 1306 1581 1332 ἀλλ’
1611 1306 1673 1333 οὔτε
1700 1308 1730 1334 τὸ
1756 1309 1842 1344 δνομα

1052 1344 1170 1380 Χριστοῦ
1184 1347 1230 1373 ἐπὶ
1243 1347 1412 1383 θεοσῃμείοις
1425 1350 1538 1377 δύνασαι
1553 1352 1773 1380 ὲπικαλέσασθαι’
1790 1355 1841 1381 κᾶν

1051 1399 1082 1417 τε
1094 1391 1253 1428 ἐπικαλέσῃ,
1263 1393 1312 1420 οὐκ
1324 1395 1366 1420 ὲνε
1372 1395 1492 1431 ργήσεις.
1504 1396 1535 1422 Εἰ
1547 1397 1574 1423 δὲ
1585 1398 1631 1424 καὶ
1642 1398 1709 1430 ὅλως
1720 1400 1841 1434 ἐνεργεῖς

1052 1437 1237 1472 παραλυτικὸν
1255 1439 1420 1474 ἀναστῆσαι,
1436 1438 1509 1476 εἶχεν
1526 1442 1573 1475 ἂν,
1590 1443 1634 1470 διὰ
1648 1444 1694 1470 τοῦ
1710 1445 1841 1480 ὀνόματος

1051 1482 1097 1508 τοῦ
1111 1484 1198 1517 Ἰησοῦ
1216 1485 1350 1517 ἀναστὰς,
1367 1487 1414 1513 καὶ
1434 1487 1539 1515 σύνεσιν
1556 1491 1620 1525 παρ’
1636 1491 1716 1517 αὑτοῦ
1732 1491 1839 1518 λαϐεῖν·

1052 1528 1095 1554 ἵνα
1121 1538 1167 1555 σου
1191 1530 1228 1564 μὴ
1252 1531 1401 1567 ἀνάσχηται
1427 1534 1609 1567 σαϐϐατίζειν,
1635 1536 1702 1563 ἀλλὰ
1726 1537 1768 1564 διὰ
1791 1538 1839 1564 τοῦ

1051 1573 1182 1607 ὀνόματος
1211 1575 1256 1601 τοῦ
1283 1577 1429 1611 ἰασαμένου
1460 1579 1570 1613 μαθεῖν,
1601 1581 1641 1606 ὅτι
1670 1579 1761 1615 Ἀρον
1787 1583 1841 1608 τὸν

1049 1618 1214 1651 κράϐϐατόν
1225 1627 1293 1652 σου,
1306 1622 1356 1647 καὶ
1368 1623 1497 1656 πορεύου
1511 1625 1555 1657 εὶς
1569 1625 1622 1651 τὸν
1636 1623 1719 1652 οἷλιόιτ·
1735 1635 1791 1653 σου
1805 1627 1841 1653 ἐν

1049 1662 1197 1695 Σαϐϐάτῳ.
1215 1664 1283 1699 Ἤδη
1295 1664 1322 1690 δέ
1337 1674 1381 1700 μοι
1398 1666 1514 1701 εἴρηται,
1528 1668 1565 1699 ὡς
1575 1669 1709 1706 διαφόρως
1725 1671 1838 1703 ἕκαστος

1050 1707 1141 1733 αὐτῶν
1160 1709 1223 1744 περὶ
1241 1710 1359 1745 Χριστοῦ
1382 1712 1536 1740 ὑποϐάλλει·
1562 1715 1626 1741 ποτὲ
1651 1716 1699 1750 μὲν
1723 1717 1736 1742 ὁ
1757 1717 1839 1749 αὐτὸς

1056 1751 1155 1780 Ἐϐίων
1171 1754 1257 1789 λέγων
1275 1758 1307 1783 ἐκ
1324 1758 1495 1794 παρατριϐἦς
1515 1760 1590 1794 ψιλὸν
1599 1762 1740 1796 ἄνθρωπον
1757 1763 1838 1788 αὑτὸν

1049 1799 1226 1834 γεγενῆσθαι·
1248 1802 1341 1829 ἄλλοτε
1357 1804 1385 1829 δὲ
1401 1805 1424 1830 οἱ
1442 1805 1489 1831 ἀπ’
1506 1806 1587 1833 αὑτοῦ
1603 1808 1766 1841 Ἔϐιωναῖοι,
1782 1809 1838 1835 ἄνω

1049 1842 1162 1877 δύναμιν
1182 1845 1214 1870 ὲκ
1232 1846 1299 1872 Θεοῦ
1319 1848 1467 1883 κεκτῆσθαι
1487 1851 1559 1881 Υἰὸν,
1583 1852 1629 1878 καὶ
1649 1853 1742 1879 τοῦτον
1768 1854 1838 1880 κατὰ

1049 1889 1143 1924 καιρὸν
1165 1890 1210 1917 τὸν
1230 1892 1316 1928 Ἀδὰμ
1342 1895 1481 1922 ἐνδύεσθαί
1505 1906 1533 1923 τε
1549 1899 1595 1924 καὶ
1613 1899 1764 1925 ἐκδύεσθαι.
1787 1896 1838 1926 Ἦν

1047 1934 1098 1965 τὰς
1122 1935 1267 1971 διαφόρους
1293 1939 1405 1974 γνώμας
1435 1941 1464 1968 ὲν
1495 1942 1606 1977 δυνάμει
1633 1943 1699 1970 Θεοῦ
1727 1944 1838 1979 ἀνετρέ-

1047 1980 1149 2014 φαμεν.

213 2008 260 2036 illo
273 2011 361 2038 vocati
378 2017 452 2046 sunt,
471 2015 563 2042 nescio
590 2024 672 2051 quam
696 2018 724 2046 in
757 2021 826 2048 crelo
844 2022 971 2049 virtutem
1004 2023 1135 2054 divinitus
1161 2028 1314 2058 obtinuisse
1331 2031 1425 2063 lilium,
1446 2033 1624 2069 cumdemque
1644 2043 1693 2062 suo
1709 2043 1738 2062 se
1767 2039 1832 2062 ιρηι.

213 2062 277 2069 ,ιηκμι
304 2056 330 2069 ἰ...
359 2058 369 2069 Δ
386 2058 456 2069 l___,.
469 2067 481 2069 η
511 2061 516 2066 -
555 2062 561 2067 -
757 2067 762 2069 .

211 2062 278 2090 pore
304 2056 330 2084 in
354 2058 485 2086 Atlamum
510 2061 674 2098 insinuasse,

211 2101 274 2128 l'reti
292 2102 423 2132 hactenus
440 2107 599 2136 evertimus.

247 2148 427 2181 Quamobrem
442 2153 506 2187 quid
523 2161 573 2189 ego
585 2155 688 2185 diutius
706 2157 881 2193 importuosis
897 2161 950 2189 illis
966 2162 993 2189 in

701 2067 864 2102 exuisseque
889 2073 992 2104 postea.
1013 2071 1134 2104 Quorum
1148 2075 1271 2103 omnium
1287 2076 1473 2112 discrepantes
1488 2081 1636 2108 sententias
1667 2081 1758 2108 divina
1784 2089 1836 2116 ope

1082 2161 1138 2188 Καὶ
1152 2162 1178 2188 τί
1195 2171 1239 2197 μοι
1255 2163 1295 2190 ἔτι
1303 2164 1448 2201 διατρίϐειν
1472 2167 1500 2193 ἐν
1513 2167 1649 2202 ἀλιμένοις
1668 2169 1714 2195 καὶ
1735 2169 1834 2205 ἀμπώ-

211 2194 280 2222 locis
296 2203 328 2222 ac
347 2197 419 2224 velut
439 2200 575 2228 :estuariis
593 2209 757 2236 commoror,
780 2212 839 2240 quae
866 2206 992 2234 inundari

211 2241 277 2253 ΑΗ...-
313 2242 378 2253 -Ιῖ--
403 2244 471 2253 Αμαεγ
485 2252 488 2253 ν
526 2245 530 2250 -
590 2247 596 2253 ι
638 2252 642 2253 ν
765 2250 771 2253 .
807 2251 811 2253 .

1054 2215 1103 2233 τεσι
1127 2194 1226 2240 τόποίς,
1248 2209 1286 2245 πὴ
1310 2194 1608 2248 μὲνιὲπικλυζομένοις,
1677 2215 1704 2241 δὲ
1716 2194 1835 2253 καταξη-

211 2241 289 2272 alias,
312 2242 380 2270 alias
400 2244 533 2272 exsiccari
558 2247 662 2280 solent;
688 2256 719 2275 ac
747 2250 861 2284 piscium
887 2253 993 2286 copiam

211 2287 311 2321 saepius
326 2287 353 2314 in
366 2288 443 2316 littus
456 2290 569 2324 ejicere,
581 2292 652 2320 inter
662 2302 730 2328 quos
741 2297 864 2323 venenati
872 2291 991 2332 quidam,

211 2332 364 2365 cuiusmodi
375 2338 438 2361 sunt
448 2335 605 2369 pastinacae,
622 2338 765 2372 dracaenze,
781 2342 921 2373 caniculae,
939 2350 995 2369 mu-

210 2383 300 2409 raenae,
321 2386 414 2405 eorum
434 2380 481 2414 qui
503 2382 536 2408 ad
554 2390 630 2409 oram
653 2384 727 2411 illam
750 2386 888 2413 ambulant
912 2388 993 2422 pedes

209 2423 313 2449 exitiali
343 2432 462 2458 veneno,
499 2428 538 2454 uti
570 2428 701 2461 diximus,
735 2431 883 2459 infestant?
916 2433 994 2460 Hunc

209 2467 292 2501 igitur
306 2469 395 2496 locum
414 2471 535 2506 ingentes
553 2474 606 2501 Dco
626 2476 727 2510 gratias
744 2484 825 2512 agens
839 2480 992 2513 przeteribo,

210 2514 282 2548 quod
302 2515 359 2542 haec
378 2516 491 2553 insuper
509 2527 525 2546 a
544 2521 622 2549 nobis
641 2523 798 2558 propulsata
817 2524 852 2551 sit
872 2524 994 2560 haeresis,

243 2595 253 2610 ί
267 2594 346 2622 Joan.
363 2603 380 2623 v
405 2595 431 2623 8.

247 2674 303 2710 (57)
328 2676 477 2716 Τρυγίξζας
490 2677 532 2716 -ῥέ
553 2687 637 2714 φημι,
651 2681 712 2716 νκαὶ
733 2681 904 2716 ὃρακαίνας.
925 2683 996 2711 Plin.

209 2709 257 2750 lib.
273 2709 562 2751 ix,.cap‘.'1l‘8:'1Equé
574 2709 725 2749 ρὲδιίίρτιιηι
748 2709 848 2744 animal
863 2709 996 2751 aianieus";

211 2746 294 2777 apium
317 2746 445 2787 inndor'so
461 2747 551 2774 aculeo
572 2746 677 2787 ilosius.
701 2751 752 2778 Sed
770 2753 871 2779 nullum
886 2746 996 2787 usquani

211 2781 420 2813 eIsecrabilius,
435 2791 515 2816 quant
538 2784 629 2812 radius
656 2794 732 2819 super
755 2788 866 2814 caudam
878 2781 995 2816 eminens

212 2816 339 2857 trygonis,
361 2825 439 2857 quant
459 2819 543 2857 nostri
557 2816 727 2857 germinavit":
747 2823 898 2857 appellant,
912 2824 996 2857 quin—

212 2851 325 2877 cunciali
340 2852 528 2888 magnitudine.
544 2851 669 2883 Elianus
685 2856 703 2883 l.
716 2865 736 2884 u
754 2851 791 2884 DL»
806 2851 932 2892 anim.;c.
948 2859 995 2891 50,

1048 2253 1225 2287 ραινομένοις·
1241 2254 1270 2287 ἐξ
1285 2252 1374 2292 ὦνπερ
1393 2258 1491 2292 ἰχθύων
1509 2259 1689 2295 ὲκὸράσματα
1706 2261 1834 2294 πολλάκις

1046 2298 1160 2331 γίνεται,
1182 2301 1228 2326 καὶ
1249 2302 1305 2333 τοῖς
1326 2303 1389 2329 ποσὶ
1410 2304 1465 2335 τοῖς
1488 2304 1535 2336 τὰς
1558 2305 1639 2340 ὅχθας
1659 2306 1759 2332 τούτων
1771 2316 1834 2342 μετ-

1048 2346 1117 2370 ιοῦσι
1136 2345 1190 2371 τῶν
1203 2347 1304 2380 τόπων,
1321 2349 1353 2374 ἐκ
1367 2349 1414 2376 τοῦ
1443 2351 1579 2386 ἀναμέσον
1593 2351 1646 2377 τῶν
1663 2352 1760 2387 ἰχθύων
1773 2353 1833 2380 τινὰ

1048 2389 1137 2416 ίοὸόλα
1154 2389 1238 2422 εἶναι,
1255 2394 1386 2428 τρυγόνας
1403 2394 1430 2420 δέ
1449 2403 1518 2430 φημι
1536 2395 1580 2421 καὶ
1600 2395 1748 2431 δρακαίνας
1764 2397 1831 2431 (57),

1047 2436 1093 2462 καὶ
1107 2438 1272 2472 καρχαρίας,
1291 2440 1338 2465 καὶ
1357 2441 1517 2475 σμυραίνας,
1535 2441 1572 2472 ὡς
1588 2441 1637 2477 ἤδη
1655 2443 1832 2478 προείρηται,

1048 2481 1148 2517 βλάϐην
1177 2483 1307 2518 ἐμποιεῖ;
1326 2485 1530 2522 Παρελεύσομαι
1561 2487 1649 2514 τοίνυν
1675 2489 1720 2515 τὸν
1751 2490 1833 2516 τόπον

1048 2526 1134 2560 αὖθις,
1149 2529 1208 2564 Θεῷ
1223 2530 1408 2565 εὐχαριστῶν,
1427 2532 1467 2558 ὅτι
1481 2533 1527 2559 καὶ
1542 2532 1644 2569 ταύτην
1662 2534 1711 2570 τὴν
1727 2535 1832 2571 αἵρεσιν

1048 2690 1194 2713 venenatos
1210 2687 1300 2722 pisces
1318 2693 1522 2721 commemorat,
1537 2690 1655 2724 gobium.
1671 2691 1830 2720 draconem.

1048 2721 1220 2749 hirundinem
1234 2742 1241 2752 .
1257 2731 1372 2757 quarunt
1412 2728 1500 2751 tamen
1522 2721 1596 2753 virus
1620 2727 1731 2753 minime
1751 2726 1831 2753 letale

1048 2756 1093 2784 sit.
1118 2757 1152 2783 At
1169 2756 1315 2792 pastinacae
1339 2760 1581 2792 praesentissimum
1602 2768 1663 2788 esse
1681 2762 1771 2788 docet.
1794 2761 1831 2787 De

1047 2793 1173 2819 muraenis
1190 2792 1259 2820 Plin.
1285 2794 1331 2820 lib.
1349 2802 1436 2824 xu”.
1455 2802 1515 2829 cap.
1531 2796 1558 2829 4,
1582 2803 1708 2824 murteum
1725 2803 1830 2824 morsus

1047 2827 1164 2861 ipsarum
1181 2829 1274 2862 capitis
1291 2830 1375 2856 cinere
1389 2827 1527 2857 sanantur.
