1961 3046
111 157 169 186 473

492 156 678 186 ADVERSUS
696 155 869 185 HAZRESES
886 153 906 183 L

972 152 992 181 Ι.
1015 154 1097 182 ΤΟΜ.
1116 154 1195 183 11.--
1212 156 1349 185 ΗᾸΞΒΕΞ.
1367 157 1461 186 XXXI.

1696 157 1750 186 474

110 217 155 247 εἰς
169 215 291 243 τούπίσω
303 217 468 254 ἐτρέψαμεν,
483 218 513 244 οὐ
526 218 684 254 παρέργως,
705 218 773 245 ἀλλὰ
787 218 834 245 καὶ
844 219 906 244 ὲπι-

961 225 1042 252 quam
1060 226 1115 245 non
1131 218 1219 246 obiter
1233 219 1333 252 solum,
1349 219 1396 247 sed
1412 228 1517 248 sumuta
1532 227 1594 247 cum
1609 219 1750 255 diligentia

113 261 206 296 μλῶς
227 262 395 297 ὲλέγξαντες.
417 264 477 290 Ἐπ’
498 264 580 296 ἄλλας
600 264 628 291 δὲ
651 264 769 300 καθεξῆς
797 264 909 295 ἑαυτοὺς

111 307 263 342 ὲπιδῶμεν,
272 308 417 345 ἀγαπητοὶ,
429 310 494 337 Θεὸν
504 310 659 345 αἰτούμενοι
668 309 853 346 βοηθὸν,ὅπως
861 309 910 344 τῆς

113 352 284 387 ἒπαγγελίας
297 354 328 381 τὸ
337 355 472 391 πλήρωμα
484 355 564 388 αὐτὸς
581 355 615 382 δι’
629 355 706 391 ἡμῶν
716 355 857 392 τελειώσῃ.

115 422 211 448 ΚΑΤΑ
219 422 464 449 υΥΑΛΕΝΤΙΝΩΝ
474 423 540 458 (58),
548 424 617 450 ΤΩΝ
634 425 694 451 ΚΑΙ
704 424 908 457 ΓΝΩΣἹΊΚΩΝ,

361 481 525 515 Τριακοστὴ
540 481 650 517 πρώτη.

152 538 192 564 Α’.
213 538 291 565 Μετὰ
306 538 419 570 τούτους
433 539 496 570 τοὺς
510 539 698 572 Ἐἦιωναιους,
714 539 909 575 καλουμένους,

115 580 154 610 ὧν
172 583 221 620 τὴν
245 584 394 620 μοχθηρίαν
416 584 611 618 διοδεύσαντες,
634 585 862 621 ἐπαγγειλάμενοι
880 594 910 612 τε

116 629 185 657 Θεοῦ
204 630 317 665 δυνάμει
335 630 385 662 τὰς
401 630 465 665 ἑξῆς
485 631 586 666 ἐτέρων
610 631 701 667 θηρῶν
728 631 844 667 μορφὰς,
865 632 910 658 καὶ

118 677 175 708 ἰοὺς
187 676 318 712 ἑρπετῶν,
332 677 459 712 δήγματα
469 685 500 703 τε
515 677 561 704 καὶ
574 677 724 713 δηλητήρια
736 678 860 713 ἐχούσας,
873 678 910 710 ὡς

117 724 147 750 ὲν
161 724 220 754 ταῖς
237 723 326 750 αὐτῶν
345 723 548 756 διδασκαλίαις,
568 724 606 756 ὡς
624 724 677 750 ἀπὸ
691 725 830 760 χάσματος
847 725 910 752 ἰδεῖν

119 770 224 801 ἔνεστι.
242 769 375 804 πυρϐὁλου
398 770 414 805 ἢ
439 770 554 805 ἑρπετοῦ
574 770 661 796 δεινοῦ
678 771 723 796 καὶ
752 770 909 805 βασιλίσκου

120 817 314 852 κεκυημένας,
347 817 392 842 ἐπὶ
423 816 472 852 τὴν
504 816 557 843 τῶν
590 817 773 843 Οὺαλεντίνων
805 817 909 852 αἵρεσιν

119 864 244 898 διέξειμι,
270 863 315 890 τδν
336 863 445 898 ἔλεγχον
468 863 556 890 αὐτῶν
584 864 655 891 κατὰ
677 864 791 900 δύναμιν
816 865 909 892 ποιού-

121 918 217 944 μενος,
241 909 296 936 τῶν
319 909 351 945 δὴ
378 910 425 936 καὶ
448 909 606 936 Γνωστικῶν
632 911 738 942 ἑαυτοῖς
764 911 909 938 ἑπιθέντων

118 954 201 989 ὖνομα
212 975 218 986 ,
234 951 272 981 ὧν
283 954 410 990 διαφοραὶ
424 954 473 990 μέν
488 955 541 981 εἰσι
561 955 626 982 δέκα
643 956 672 983 ἐν
690 957 737 991 μιᾷ
754 956 844 991 πληγῇ
860 957 910 992 τῆς

118 1001 208 1028 αὐτῶν
227 1001 412 1036 ὀνειροπολῐας
433 1001 569 1035 συζυγιῶν
589 1011 619 1028 τε
638 1002 685 1028 καὶ
703 1003 847 1037 ὀγδοάδων,
864 1004 910 1030 καὶ

117 1046 332 1082 ἀῤῥενοθηλειῶν
349 1047 466 1074 αἰωνίων
485 1048 493 1062 ¹
511 1047 682 1082 ἁλληνάλλως
698 1049 850 1085 ἰσορρόπως
863 1059 910 1076 πε-

118 1092 292 1128 πληγμένων·
304 1093 395 1119 οὐκέτι
409 1093 456 1128 μὲν
468 1093 538 1120 κατὰ
546 1093 658 1130 χρόνους
668 1095 773 1122 τάττων
783 1095 909 1131 διαδοχῆς

117 1139 165 1174 τὴν
183 1139 318 1172 σύνταξιν,
336 1139 403 1166 ἀλλὰ
421 1139 493 1166 κατὰ
515 1140 664 1175 πρόσϐασιν
685 1142 731 1176 ἀφ’
757 1141 853 1178 ἐτέρας
869 1143 909 1174 εἰς

117 1185 214 1220 ἑτέραν
227 1185 407 1221 διερχόμενος.
426 1185 470 1212 Ἐν
490 1186 530 1212 ἑνὶ
547 1185 601 1222 γὰρ
618 1187 705 1222 χρόνῳ
723 1185 793 1214 οὗτοι
809 1188 909 1220 πάντες

117 1231 154 1263 ὡς
170 1230 290 1266 μύκητες
306 1232 338 1257 ὲκ
351 1231 402 1265 γῆς
414 1231 619 1267 ἀνεϐλάστησαν
630 1253 636 1264 ,
655 1233 702 1259 καὶ
716 1233 810 1269 ὥσπερ
823 1234 908 1260 xand-

119 1285 203 1312 ρεκτα
219 1277 265 1303 καὶ
279 1277 384 1312 δυσώδη
406 1277 524 1312 βοτανῶν
540 1278 716 1314 βλαστήματα
727 1300 734 1312 ,
751 1280 797 1306 καὶ
813 1281 909 1315 χόρτος

117 1322 286 1358 ἀκανθώδης,
300 1323 346 1350 καὶ
362 1324 398 1355 ὡς
412 1324 514 1358 φωλεὸς
526 1323 630 1350 πολλῶν
647 1325 794 1360 σκορπίων,
807 1325 836 1358 ἐξ
851 1326 910 1358 ἑνὸς

118 1368 218 1400 πάντες
227 1368 324 1404 καιροῦ
335 1369 373 1404 τῷ
390 1369 439 1404 βίῳ
454 1369 623 1405 ἐϐλάστησαν
640 1371 696 1401 καὶ,
712 1371 750 1402 ὼς
767 1373 907 1406 προεῖπον,

117 1414 194 1450 δίκην
205 1416 332 1450 μυκήτων
345 1417 376 1451 τῇ
391 1416 515 1452 ἀμορφία
525 1416 577 1442 ὑπὸ
590 1417 655 1452 μίαν
666 1417 734 1449 θίξιν
745 1419 908 1453 πεφήνασιν,

118 1461 155 1492 ὡς
181 1462 228 1488 καὶ
256 1461 294 1497 τῷ
318 1462 460 1497 ἁγιωτάτῳ
486 1463 622 1498 Εἰρηναίῳ
649 1464 700 1499 ἤδη
729 1465 792 1499 περὶ
820 1465 909 1491 αὐτῶν

119 1508 288 1543 προεῖρηται.
309 1508 454 1543 Σύγχρονοι
471 1510 524 1544 γὰρ
540 1510 683 1543 γεγόνασιν
706 1508 778 1537 οὗτοι
797 1511 907 1542 πάντες·

962 265 1121 292 refellimus.
1132 265 1210 293 Nune
1224 266 1258 293 ad
1269 266 1336 294 alias
1349 270 1532 299 transeamus,
1544 266 1647 295 dilecti.
1660 273 1691 293 ac
1702 266 1749 293 Dei

961 312 1120 348 praesidium
1136 313 1326 347 imploremus,
1341 318 1371 340 ut
1381 313 1453 348 quod
1469 314 1520 340 hoc
1534 321 1616 349 opere
1625 314 1749 350 suscepi-

960 366 1022 386 mus
1030 359 1166 386 cumulate
1180 367 1227 394 per
1237 362 1287 387 nes
1301 359 1335 387 ad
1349 360 1450 386 exitum
1459 359 1594 394 linemque
1607 359 1747 394 perducat.

1002 427 1143 455 CONTRA
1161 427 1388 461 VALENTINOS,
1409 428 1486 455 SlVE
1505 427 1706 460 GNOSTICOS,

1176 486 1242 519 Quw
1255 490 1293 513 est
1310 485 1416 513 hwresis
1428 485 1536 513 XXXI.

997 543 1104 579 1631.
1114 542 1293 577 Posteaquam
1301 541 1487 569 Ebionitarum
1496 541 1642 577 nequitiam
1649 541 1750 577 impro-

962 590 1129 625 hitatemque
1141 589 1336 624 percurrimus,
1349 597 1410 616 eum
1421 592 1535 615 caeteras
1553 588 1668 615 aliorum
1689 595 1749 615 ser-

962 637 1082 672 pentium
1100 636 1213 668 formas,
1229 644 1262 663 ac
1280 643 1386 663 venena
1402 635 1551 662 tradituros
1569 641 1621 661 nos
1634 641 1695 661 esse
1709 634 1748 661 si-

962 691 1022 710 mus
1037 682 1165 717 polliciti,
1183 689 1301 717 quorum
1319 685 1346 708 et
1360 681 1483 708 exitiales
1499 683 1562 707 sunt
1578 687 1702 711 morsus,
1719 683 1750 706 ut

960 737 992 757 ex
1008 729 1115 756 illorum
1131 727 1304 763 dogmatibus
1318 728 1391 754 velut
1406 727 1475 754 rictu
1486 726 1603 762 quodam
1619 733 1749 761 apparere
1771 740 1781 748 -

961 780 1061 810 potest,
1077 779 1104 802 et
1119 775 1195 810 igniti
1210 773 1363 809 cujusdam,
1376 774 1566 808 teterrimique
1580 773 1677 808 anguis
1702 777 1749 799 aut

961 821 1082 849 basilisci
1100 822 1185 848 instar
1203 820 1268 848 editi
1289 824 1363 852 sunt,
1383 819 1416 846 ad
1435 819 1640 846 Valentinorum
1657 819 1704 854 qui
1720 826 1749 846 se

961 868 1107 895 Gnosticos
1122 868 1273 903 appellant,
1291 866 1460 894 rel'utandam
1480 866 1604 893 haeresim
1620 873 1663 892 me
1682 873 1749 892 con-

927 904 947 932 B
963 915 1057 947 feram,
1075 915 1147 950 quod
1165 914 1275 950 quidem
1297 921 1345 949 pro
1369 913 1442 941 virili
1461 916 1538 947 parte
1558 912 1679 939 conabor
1697 912 1749 939 elli-

961 970 1032 989 cere.
1050 960 1150 988 Horum
1171 961 1262 994 itaque
1283 959 1376 986 decem
1400 959 1512 985 omnino
1534 958 1649 985 divortia
1674 963 1748 985 sunt.

963 1006 1015 1034 Sed
1030 1014 1125 1034 omnes
1143 1009 1235 1033 tamen
1251 1013 1305 1031 uno
1325 1004 1397 1032 velut
1415 1004 1468 1031 ictu
1486 1003 1635 1039 proﬂigatis
1655 1004 1749 1031 nescio

960 1053 1060 1088 quibus
1074 1052 1192 1087 parium,
1207 1055 1235 1078 et
1253 1050 1418 1086 ogdoadum,
1436 1055 1517 1085 atque
1530 1051 1644 1076 marium
1660 1055 1686 1078 et
1714 1049 1750 1077 te-

961 1101 1095 1127 miuarum
1108 1107 1215 1127 asouum
1229 1104 1331 1128 temere
1344 1099 1468 1126 contlctis
1480 1099 1596 1126 somniis
1609 1098 1750 1132 aequaliter

961 1147 1105 1175 feriuntur.
1123 1146 1215 1182 Neque
1233 1154 1297 1174 vero
1314 1147 1341 1173 in
1358 1146 1466 1172 illorum
1483 1145 1657 1173 confutandis
1673 1153 1750 1172 erro-

961 1195 1038 1222 ribus
1059 1199 1210 1228 temporum
1233 1196 1275 1220 est
1296 1191 1439 1219 retinenda
1461 1191 1618 1223 successio;
1646 1191 1695 1218 sed
1716 1190 1750 1217 ab

960 1249 1014 1268 una
1029 1239 1155 1275 progredi
1169 1239 1203 1266 ad
1219 1239 1332 1266 alteram
1347 1238 1462 1265 hazresiu
1478 1245 1590 1264 necesse
1604 1241 1646 1264 est
1659 1246 1666 1270 ;
1681 1244 1750 1271 quo-

961 1287 1033 1314 niam
1049 1286 1143 1313 eodem
1156 1294 1170 1312 e
1184 1290 1256 1312 terra
1271 1290 1392 1319 tempore
1402 1291 1497 1311 Omnes
1507 1284 1650 1319 fungorum
1664 1284 1750 1310 instar

959 1337 1119 1369 eruperunt.
1140 1332 1227 1367 Atque
1243 1336 1272 1358 ut
1288 1332 1368 1358 noxia
1386 1331 1534 1365 laetitiaque
1549 1330 1672 1366 quaedam
1689 1331 1751 1357 lier—

960 1380 1055 1406 barum
1070 1379 1203 1413 germina,
1221 1377 1262 1404 vel
1278 1377 1367 1404 dumis
1381 1384 1412 1403 ac
1424 1376 1548 1404 sentibus
1558 1376 1676 1403 obsitum
1689 1383 1751 1410 gra~

960 1433 1032 1455 men,
1049 1424 1090 1451 vel
1106 1424 1222 1457 denique
1238 1423 1276 1448 uti
1292 1422 1384 1456 plures
1397 1429 1429 1448 ex
1443 1421 1538 1448 eodem
1555 1428 1622 1448 cavo
1636 1420 1747 1455 scorpii.

961 1472 998 1498 ita
1009 1471 1048 1498 illi
1061 1479 1155 1498 oumes
1168 1470 1263 1497 eodem
1275 1475 1396 1504 tempore
1409 1470 1435 1495 in
1451 1469 1520 1495 hanc
1535 1468 1617 1495 vitam
1630 1467 1750 1495 efﬂorue-

960 1522 1043 1551 runt;
1070 1525 1113 1547 ae.
1135 1517 1207 1551 quod
1231 1516 1312 1551 paulo
1336 1521 1398 1542 ante
1419 1515 1522 1542 dictum
1541 1518 1593 1545 est.
1620 1518 1749 1548 tanquam

118 1555 232 1586 ἕκαστος
257 1555 286 1581 δὲ
310 1555 363 1581 ἀπὺ
389 1555 435 1581 τοῦ
463 1556 556 1591 ἑτέρου
582 1556 631 1592 ’τὴν
658 1557 745 1591 κακὴν
773 1558 906 1593 πρόφασιν

962 1565 1036 1599 [ιιιιεί
1063 1563 1193 1590 inusitata
1217 1562 1334 1597 quadam
1354 1560 1476 1589 fmditate
1496 1559 1590 1587 eodem
1613 1563 1751 1586 momento

119 1601 326 1636 ἑρανισάμενοι,
355 1601 433 1634 ἄλλος
460 1602 514 1629 ἀπὸ
543 1603 623 1630 ἄλλου
649 1603 688 1630 ἔτι
718 1605 909 1640 περισσότερον

119 1648 265 1681 ὲπιδειξζας
279 1648 438 1683 βουλόμενος
454 1649 544 1685 χάριν,
562 1649 651 1685 ἑαυτῷ
668 1651 844 1685 προετύπωσε
854 1652 910 1678 δια-

119 1695 205 1730 φορὰν
230 1695 318 1729 κακῆς
343 1695 518 1730 ὲξευρέσεως.
537 1696 592 1722 Καὶ
619 1697 718 1728 πάντες
740 1697 910 1730 Γνωστικοὺς

118 1742 230 1773 ἑαυτοὺς
257 1742 412 1776 ὠνόμασαν.
442 1742 615 1774 Οὐαλεντῖνός
631 1752 677 1776 τε,
704 1745 792 1779 φημὶ,
817 1745 864 1771 καὶ
885 1745 909 1771 οἰ

119 1787 170 1823 πρὸ
188 1787 269 1814 αὐτοῦ
288 1788 445 1815 Γνωστικοί·
466 1788 532 1816 ἀλλὰ
553 1790 599 1815 καὶ
617 1789 784 1826 Βασιλείδης,
797 1792 842 1817 καὶ
857 1792 909 1818 Σα-

118 1835 247 1870 τορνῖλος,
277 1837 324 1861 καὶ
346 1835 527 1870 Κολορῦασὺς,
553 1835 719 1870 Πτολεμαῖός
741 1846 770 1863 τε
793 1838 839 1864 καὶ
859 1838 908 1864 Σεσ

119 1881 237 1912 κοῦνδος,
264 1882 443 1916 Καρποκρᾶς,
461 1882 508 1908 καὶ
530 1881 604 1908 ἄλλοι
620 1882 736 1914 πλείους,
762 1883 840 1909 Ἀλλὰ
860 1884 908 1915 τὰς

119 1928 208 1959 πάσας
231 1927 345 1954 ἐνταῦθα
366 1928 548 1962 ὀνομάσαντες
570 1927 613 1954 διὰ
634 1928 683 1963 τὴν
705 1929 734 1955 ἐν
759 1930 797 1955 ἐνί
821 1930 908 1965 καιρῷ

120 1974 245 2009 σύσχεσιν
263 1973 371 2000 πάντων
391 1974 441 2009 τῆς
464 1973 627 2006 avus-55510;,
649 1975 697 2001 καὶ
722 1976 907 2002 κακοϐλάστου

118 2020 184 2055 ὁμοῦ
208 2020 257 2055 τὴν
276 2020 389 2046 ἑκάστου
409 2020 511 2055 σπορᾶς
530 2020 674 2047 κακονοῖαν
697 2021 750 2048 ἰδία
767 2022 907 2058 ἀφηγησό-

120 2064 196 2099 μεθα.
215 2063 289 2095 Τέως
307 2063 334 2089 δὲ
349 2064 394 2090 ἐπὶ
412 2064 456 2090 τὸν
472 2065 651 2100 προκείμενον
666 2067 842 2102 αἱρεσιάρχην
860 2069 906 2095 καὶ

118 2110 316 2145 τραγῳδοποιὸν
337 2110 511 2146 ἐλευσόμεθα·
530 2111 601 2146 φημὶ
617 2112 645 2138 δὲ
661 2112 846 2145 Οὐαλεντῖνον,
860 2115 906 2141 καὶ

118 2157 164 2191 τὴν
178 2156 260 2183 αὐτοῦ
276 2156 459 2187 διδασκαλίαν,
471 2157 520 2192 τὴν
534 2157 588 2183 ἀπὸ
604 2158 652 2193 τῆς
668 2159 787 2194 μεγάλης
805 2160 905 2196 ταύτης

117 2202 271 2238 Γνωστικὴν
288 2203 454 2236 ἐπαγγελίας
471 2203 660 2238 ὑπάρχουσαν,
679 2208 906 2242 καταγνωστικῆς

961 1610 1081 1637 universi
1100 1612 1300 1644 proruperunt.
1318 1607 1547 1642 quemadmodum
1566 1606 1599 1633 de
1616 1606 1669 1632 illis
1686 1605 1751 1631 olim

961 1657 1079 1684 Irenzcus
1089 1657 1217 1691 pneclara
1230 1655 1269 1681 vir
1280 1654 1427 1681 sanctitate
1440 1652 1637 1688 pronuntiavit.
1651 1651 1753 1685 {Equa-

960 1704 999 1730 les
1025 1703 1097 1730 enim
1125 1703 1163 1729 illi
1189 1709 1285 1728 omnes
1307 1701 1481 1729 exstiterunt,
1510 1699 1559 1730 sic,
1583 1703 1611 1725 ut
1637 1697 1752 1732 quilibet

959 1749 1106 1784 pessimam
1118 1749 1152 1776 ah
1166 1749 1252 1775 altero
1266 1748 1436 1782 disciplinam
1450 1754 1482 1773 ac
1497 1746 1596 1780 dogma
1612 1750 1752 1772 mutuatus

960 1796 1056 1828 fuerit;
1076 1795 1155 1828 alius,
1171 1795 1293 1829 inquam,
1312 1795 1386 1821 velut
1403 1797 1515 1820 exortus
1533 1793 1567 1819 ab
1582 1792 1678 1822 altero.
1697 1798 1752 1824 quo

960 1850 989 1869 se
1004 1842 1122 1876 amplius
1137 1844 1303 1872 ostentaret,
1321 1839 1510 1867 seclestissimi
1530 1838 1675 1865 commenti
1695 1837 1752 1864 dis-

960 1893 1117 1923 crepantem
1139 1887 1284 1923 quamdam
1306 1886 1420 1913 fortnam
1445 1893 1477 1912 ac
1497 1885 1629 1911 rationem
1645 1883 1752 1917 excogi-

959 1933 1032 1960 tarit.
1047 1932 1096 1965 Qui
1110 1940 1140 1959 se
1153 1940 1249 1959 omnes
1259 1931 1405 1958 Guosticos
1418 1929 1555 1956 eouummi
1571 1928 1752 1962 appellatione

958 1978 1013 2005 dici
1035 1979 1191 2004 voluerunt.
1211 1977 1372 2011 Cujusmodi
1395 1975 1555 2002 Valentinus
1576 1974 1638 2003 fuit,
1657 1977 1683 1999 et
1703 1975 1752 2007 qui

958 2025 1034 2051 liilllll
1053 2023 1175 2050 Gnostici
1191 2025 1401 2058 prmcesserunt.
1420 2021 1539 2055 Itemque
1557 2019 1687 2047 Basilides
1698 2039 1705 2049 .
1720 2026 1752 2045 ac

959 2072 1127 2102 Saturnilus,
1140 2076 1166 2098 et
1187 2070 1363 2101 Colorbasus,
1380 2078 1411 2095 ac
1424 2069 1586 2095 Ptoleuueus
1613 2068 1753 2094 ctSecun-

957 2118 1021 2148 dus,
1035 2116 1227 2151 tlarpocrates,
1245 2116 1345 2150 aliique
1359 2116 1525 2150 complures.
1543 2114 1648 2146 Quibus
1664 2113 1753 2140 omni-

957 2164 1009 2191 bus
1030 2163 1123 2195 sectis,
1147 2162 1219 2197 quod
1242 2161 1338 2189 eodem
1361 2161 1487 2196 prodiere
1514 2165 1645 2194 tempore,
1668 2159 1750 2186 simul

959 2211 1115 2242 recensitis,
1131 2218 1204 2237 nunc
1216 2209 1350 2244 cujusque
1359 2209 1432 2235 velut
1448 2212 1524 2235 satus
1541 2207 1626 2233 labem
1644 2215 1675 2233 ac
1689 2214 1754 2241 per-

117 2247 144 2274 δὲ
156 2247 306 2283 ληρωὸίας,
324 2247 361 2278 ὡς
379 2249 434 2279 τοῖς
451 2250 569 2281 συνετοίς
588 2252 847 2287 καταγινωσκομένη
862 2254 906 2279 εὑ-

962 2257 1060 2283 niciem
1083 2256 1239 2291 singillatim
1260 2263 1402 2289 exponam.
1429 2254 1480 2281 Sed
1505 2254 1592 2288 ipsum
1619 2253 1756 2288 inprimis

120 2294 240 2328 ρίσκεται
254 2295 300 2320 καὶ
315 2294 525 2328 καταγέλαστος.

961 2303 1096 2330 haereseos
1115 2306 1197 2336 caput
1215 2309 1246 2328 ac
1266 2300 1407 2335 tragoedia:
1429 2303 1567 2326 auctorem
1589 2298 1751 2333 aggrediar;

118 2339 289 2366 Valentinum
319 2340 455 2375 intelligo,
491 2340 734 2378 Valentinianaquo
760 2345 902 2382 dogmata,
923 2359 984 2386 qum
999 2351 1034 2378 ab
1050 2351 1173 2386 speciosa
1190 2350 1234 2376 illa
1266 2349 1458 2376 Gnosticorum
1485 2346 1654 2383 professione
1675 2345 1757 2382 164.

117 2385 286 2419 prodierunt,
305 2394 373 2421 quas
392 2388 592 2422 catagnoslieas
614 2391 705 2424 potius
733 2400 830 2427 nugas,
855 2396 906 2423 hoc

117 2439 163 2459 eas
179 2432 405 2464 condemnarunt,
419 2441 451 2460 ac
469 2434 585 2462 ludibrio
603 2436 699 2471 dignas
715 2437 878 2469 habuerunt.

151 2477 188 2503 B’.
209 2477 383 2509 Οὑαλεντῖνος
401 2478 450 2514 μὲν
471 2477 517 2505 οὖν
549 2478 623 2512 οὗτος
653 2482 740 2518 χρόνῳ
757 2483 906 2521 διαδέχεται

116 2523 179 2555 τοῦς
197 2523 250 2558 πρὸ
266 2523 349 2550 αὑτοῦ
369 2526 616 2561 προτεταγμένους,
637 2527 795 2565 Βασιλείδην
813 2540 841 2558 τε
860 2533 908 2559 καὶ

116 2569 285 2605 Σατορνῖλον,
302 2569 419 2598 Ἐϐίωνά
434 2580 463 2597 τε
480 2573 526 2598 καὶ
544 2573 679 2608 Κήρινθον
694 2575 741 2601 καὶ
756 2576 905 2612 Μήρινθον,

116 2615 161 2641 καὶ
171 2615 234 2646 τοὺς
247 2615 315 2650 ἀμφ’
329 2615 436 2647 αὐτούς.
451 2613 530 2643 Οὗτοι
545 2617 597 2654 γὰρ
611 2619 710 2651 πάντες
722 2621 750 2646 ὲν
765 2621 804 2647 ἐνὶ
819 2623 908 2659 καιρῷ

118 2659 152 2694 τῷ
167 2660 217 2695 βίῳ
233 2660 326 2692 κακῶς
334 2661 467 2696 ἐφύησαν,
484 2662 565 2698 ὀλίγῳ
579 2663 607 2690 δὲ
624 2665 741 2700 πρόσθεν
759 2667 859 2702 μᾶλλον
881 2670 907 2695 οἱ

115 2706 180 2741 περὶ
197 2706 331 2742 Κήρινθον
347 2708 394 2734 καὶ
407 2708 544 2743 Μηρινοον
557 2709 603 2735 καὶ
618 2709 742 2739 Ἐϐίωνα.
762 2712 838 2747 "Atta
852 2713 906 2749 γὰρ

119 2754 170 2785 τοῖς
195 2753 246 2789 ἤδη
269 2762 314 2789 μοι
335 2754 387 2790 πρὸ
410 2755 498 2782 αὐτῶν
522 2756 716 2792 δεδηλωμένοις
738 2758 905 2795 ἀνεφύησαν.

153 2803 162 2816 ³
179 2801 243 2829 For.
259 2801 374 2830 αῑὼνων.

925 2403 967 2426 est
981 2398 1134 2428 damnatas,
1158 2397 1295 2432 appellare
1313 2396 1392 2427 licet,
1421 2395 1459 2422 uti
1486 2394 1589 2429 pridem
1615 2395 1754 2428 sapientes

992 2485 1024 2512 ll.
1051 2486 1136 2521 Igitur
1161 2485 1323 2512 Valentinus
1351 2486 1403 2512 iste
1426 2484 1565 2519 prioribus
1591 2484 1645 2511 illis
1670 2493 1684 2511 ιι
1711 2493 1756 2513 me

957 2538 1035 2559 antea
1049 2531 1276 2558 commemoratis
1290 2536 1411 2565 tempore
1421 2536 1460 2558 est
1472 2530 1619 2565 posterior,
1637 2531 1754 2558 Basilide

956 2578 1096 2609 nimirum,
1113 2586 1145 2605 ae
1163 2577 1315 2610 Saturnilo,
1332 2577 1446 2610 Ebione,
1460 2577 1592 2604 Cerintho
1606 2584 1638 2604 ac
1653 2577 1754 2604 Merin-

957 2623 1015 2655 tho,
1028 2630 1180 2658 eorumque
1193 2622 1289 2650 sociis.
1304 2622 1446 2658 Siquidem
1459 2630 1554 2651 omnes
1566 2630 1621 2650 uno
1633 2627 1754 2657 tempore

961 2669 993 2696 ad
1010 2669 1122 2696 humani
1139 2670 1248 2705 generis
1261 2669 1375 2696 exitium
1388 2669 1491 2704 profusi
1505 2674 1583 2701 sunt;
1597 2677 1752 2704 quanquam

960 2714 1108 2742 Corinthus
1136 2723 1168 2742 ac
1197 2715 1348 2743 Mer-inthus
1369 2720 1395 2743 et
1417 2715 1502 2743 ΕΙιίοη
1521 2716 1660 2750 paululum
1678 2719 1745 2741 ante-

959 2762 1047 2797 gressi
1063 2765 1145 2795 sunt;
1166 2770 1198 2790 ac
1217 2768 1279 2788 cum
1298 2761 1420 2797 iis,quos
1440 2765 1503 2789 ante
1520 2762 1581 2789 illos
1598 2760 1751 2796 percensui,

152 2847 208 2888 (58)
222 2849 450 2892 ‘Qéttlsﬁrlrwr.
468 2849 522 2892 .De
542 2849 794 2892 Valentinianogim
822 2855 902 2892 nugis
923 2860 1021 2891 praeter
1036 2856 1178 2889 Irenzeum,
1198 2855 1322 2892 aliosque
1336 2860 1452 2890 veteres,
1486 2864 1519 2884 ex
1550 2853 1754 2884 recentioribus

119 2882 326 2919 diligentissime
340 2884 488 2920 disputavit
503 2885 672 2916 Pamznelius
690 2889 724 2915 ad
736 2889 849 2916 Tertull.
