1961 3046
234 145 289 177 675

937 160 966 188 S.
985 160 1156 190 EPlPllANll

1815 159 1867 189 4Ἰο

235 205 345 241 prodire
360 214 512 244 cmperunt.
531 211 666 242 Valentini
682 223 764 251 porro
781 218 897 252 patriam
912 227 945 247 ac
959 221 1011 248 stir

1076 221 1132 257 Τὴν
1149 220 1198 257 μὲν
1214 219 1260 247 οὖν
1277 220 1358 247 αὑτοῦ
1376 220 1508 256 πατρίδα,
1525 220 1542 255 ἦ
1560 219 1642 246 πόθεν
1659 226 1736 250 ουτος
1755 218 1867 254 γεγένη-

236 260 296 287 pem
325 254 446 290 plerique
471 259 607 287 nesciunt.
633 261 692 289 Non
717 264 788 290 enim
811 265 901 292 locum
923 266 1022 301 ipsum.

237 299 308 326 unde
331 301 464 330 oriundus
484 309 568 337 esset.
593 307 757 342 scriptorum
784 311 855 338 ullus
879 313 1022 346 expressit.

236 342 335 372 Verum
350 346 383 373 ad
404 355 454 375 nos
467 349 605 379 auditione
618 353 675 379 sola
690 355 811 388 quaedam
824 356 884 391 ejus
900 357 938 384 rei
953 357 1022 385 fama

235 392 374 426 pervenit;
388 401 468 428 quant
484 397 593 430 quidem
608 401 836 434 prmtereundam,
852 403 1024 439 patriamque

233 437 346 464 omnino
365 439 590 470 dissimulandam
612 452 667 472 non
687 446 822 480 arbitror;
848 449 956 476 tametsi
978 457 1024 476 ve-

233 481 302 530 ritas
314 483 340 510 in
354 485 481 520 ambiguo
491 490 577 522 posita
592 490 708 519 videtur.
724 492 779 521 Nos
797 495 929 530 quidquid
944 503 1022 523 acce-

234 527 322 576 pimus
338 537 369 557 ea
382 531 416 559 de
430 541 469 566 re,
481 535 660 568 proferemus.
681 538 748 568 Sunt
768 527 814 576 qui
829 527 1021 570 Plirebonitem

232 573 309 601 illum
325 575 426 604 faciant
439 587 471 605 ex
484 580 592 616 Algypti
609 584 726 618 quadam
740 573 805 619 ora;
821 587 892 615 unde
905 589 1022 616 Alexan—

231 619 319 647 driam
332 624 472 657 profectus
486 626 531 657 sit,
547 628 637 663 ibique
651 630 807 660 Graecorum
825 634 929 662 artibus
945 635 1022 662 iusti-

232 671 316 694 tutus.
343 668 367 694 Λ
386 671 484 704 quibus
507 677 534 699 et
558 673 692 703 llesiodite
714 677 887 714 Theogonia‘,
912 689 943 708 ac
967 690 1021 709 xxx

232 711 340 740 illorum
356 715 479 750 deorum,
495 727 564 753 quos
577 721 675 749 ibidem
689 723 733 751 ille
745 727 892 758 recensuit,
909 734 940 754 ac
953 736 1020 762 gen-

231 759 318 786 tilium
343 761 496 790 fabularum
519 765 546 792 in
569 767 660 796 animo
683 777 733 797 suo
755 772 908 807 exemplum
934 773 1020 800 infor-

230 805 323 833 mavit.
343 806 411 835 Tum
432 809 466 836 ab
486 810 529 844 iis.
545 813 590 847 qui
612 814 653 841 vel
672 822 723 842 suo
741 805 872 852 tempore,
895 819 938 846 vel
957 824 1020 847 ante

229 858 260 877 se
274 858 289 877 a
303 853 417 881 veritate
432 863 613 890 recesserant,
629 866 768 889 mutuatus
780 871 912 897 errorem,
923 866 1017 893 eadem

1075 276 1130 299 ται,
1145 268 1169 294 οἱ
1184 267 1275 294 πολλοὶ¹
1286 267 1436 301 ἀγνοοῦσιν.
1447 267 1484 293 Οὐ
1496 267 1549 302 γάρ
1557 275 1608 292 τινι
1623 265 1676 291 τῶν
1687 265 1866 300 συγγραφέων

1078 312 1228 348 μεμέληται
1248 312 1343 339 τούτου
1356 312 1442 345 δεῖξαι
1459 312 1505 338 τὸν
1521 311 1611 338 τόπον.
1631 311 1678 342 Εἰς
1695 311 1767 345 ἡμᾶς
1783 310 1812 336 δὲ
1827 310 1866 342 ὡς

1075 359 1203 394 ὲνηχήσει
1213 368 1254 390 τις
1268 358 1378 394 ἐλήλυθε
1390 359 1425 393 φή
1431 366 1478 393 μιν
1491 357 1531 384 διὸ
1541 357 1571 383 οὐ
1584 355 1807 392 παρελευσόμεοα
1818 355 1865 382 καὶ

1074 405 1118 431 τὸν
1138 405 1219 432 τόπον
1241 404 1336 431 τούτου
1359 405 1396 440 μὴ
1418 403 1633 435 ὺποδεικνύντες,
1656 403 1684 429 ὲν
1706 402 1865 437 ἁμφιλέκτῳ

1076 450 1124 485 μὲν
1151 451 1200 486 ἤδη
1222 450 1257 477 τὰ
1282 450 1394 486 ἀληθῆ¹
1423 450 1529 484 λέγειν,
1552 449 1626 485 ὅμως
1651 449 1700 484 τὴν
1725 449 1764 479 εἰς
1790 448 1865 483 ἡμᾶς

1073 495 1202 523 ἐλθοῦσαν
1223 497 1303 530 φασιν
1321 496 1351 523 οὐ
1375 496 1558 531 σιωπήσομεν.
1573 495 1698 529 Ἔφασαν
1714 493 1768 529 γὰρ
1782 492 1864 519 αὐτόν

1072 551 1143 573 τινες
1156 542 1210 577 (59)
1219 543 1379 577 γεγενῆσθαι
1396 541 1565 577 Φρεῦωνίτην
1579 541 1626 575 τῆς
1642 539 1778 574 Αἰγύπτου
1795 547 1865 574 παρ-

1072 586 1199 622 αλιώτην-
1225 589 1253 614 ὲν
1268 587 1455 622 ’Δλεξανδρείᾳ
1471 587 1500 613 δὲ
1525 585 1721 612 πεπαιδεῦσθαι
1745 584 1794 620 τὴν
1809 583 1863 610 τῶν

1078 633 1210 667 Ἐλλήνων
1231 633 1365 660 παιδείαν.
1385 632 1465 659 Ὅθεν
1484 631 1531 658 καὶ
1550 631 1580 657 τὸ
1601 632 1711 666 μίμημα
1725 630 1776 664 τῆς
1791 629 1862 656 κατὰ

1071 679 1116 705 τὸν
1139 679 1258 706 Ἡσίοδον
1275 679 1418 713 Θεογονίας
1434 678 1488 704 τῶν
1514 677 1577 712 παρ’
1596 676 1669 712 αὐτῷ
1686 676 1726 711 τῷ
1748 675 1862 710 Ἡσιόδῳ

1070 726 1217 761 τριάκοντα
1229 725 1298 751 θεῶν
1314 725 1478 759 λεγομένων.
1496 724 1543 750 καὶ
1557 723 1637 754 αὐτὸς
1651 723 1699 757 τὴν
1715 721 1861 756 ὲθνόμυοον

1072 772 1179 806 ποίησιν
1196 773 1235 803 είς
1253 771 1297 797 τὸν
1313 770 1408 797 ἑαυτοῦ
1425 770 1487 796 νοῦν
1505 769 1603 800 λαϐὼν,
1617 769 1664 796 καὶ
1679 769 1731 795 ἀπὸ
1743 768 1796 794 τῶν
1812 767 1861 794 σὺν

1072 817 1147 852 αὐτῷ
1164 817 1212 844 καὶ
1241 817 1294 852 πρὸ
1319 816 1402 843 αὐτοῦ
1426 817 1474 852 τῆς
1495 815 1623 851 ἀληθείας
1645 815 1860 863 ἐκπεπτωκότων

1070 863 1118 898 τὴν
1144 863 1270 889 ὑπόνοιαν
1295 862 1484 898 κτησάμενος,
1514 861 1559 888 καὶ
1587 860 1667 891 αὐτὸς
1689 860 1724 886 τὰ.
1750 860 1794 886 ἴσα
1821 860 1860 893 τῷ

229 903 291 923 cum
309 897 435 933 Hesiodo,
457 903 568 931 mutatis
583 905 714 934 duntaxat
732 909 899 943 nominibus,
910 912 1013 947 excogi-

1078 897 1189 945 Ἡσιόδῳ
1215 909 1397 944 ἀπὺ’ὲτέρων
1430 908 1569 943 ὀνομάτων
1599 908 1637 938 είς
1666 907 1748 942 ἕτερα
1781 914 1860 940 μετα-

228 946 285 969 tata
300 943 333 970 ad
352 946 621 978 circumveniendum
639 953 787 982 humanum
803 964 889 991 genus
904 958 1016 986 invexit.

228 987 334 1016 Etenim
357 991 422 1019 deos
445 993 489 1020 ille
511 1003 564 1022 xxx
583 1000 610 1022 et
632 1005 733 1031 :eonas,
753 987 932 1037 cmlestesque
946 1004 1018 1031 toti-—

227 1035 288 1062 dem
314 1036 394 1064 orbes
411 1040 561 1067 constituit.
581 1041 702 1074 Quorum
724 1046 828 1080 primus
845 1035 1015 1084 estVBythus,

227 1085 257 1107 ut
273 1080 336 1108 huic
351 1082 447 1110 insano
472 1085 593 1119 videtur;
612 1090 840 1124 quemadmodum
865 1093 947 1121 etiam
968 1103 1017 1122 au-

226 1129 287 1152 ctor
300 1127 360 1162 ejus
380 1129 517 1163 opinionis
533 1140 564 1159 ac
580 1135 704 1162 conditor
719 1136 852 1167 Hesiodus
868 1140 944 1174 prius
958 1148 1016 1168 om-

228 1172 309 1200 nibus
323 1173 375 1202 diis
389 1175 479 1204 Chaos
499 1186 559 1206 esse
575 1180 652 1208 dixit.
671 1184 751 1217 Atqui
764 1184 853 1213 Chaos
868 1172 898 1213 et
910 1186 1015 1222 Bython

226 1217 296 1244 idem
311 1219 424 1247 omnino
438 1222 592 1256 significare
608 1234 688 1254 nemo
702 1232 745 1255 est
764 1230 810 1264 qui
827 1217 941 1260 nesciat:
962 1233 1015 1261 Sed

225 1263 434 1294 circumforanei
455 1269 598 1298 nebulonis
616 1274 718 1308 tragice
742 1263 914 1304 decantatam
937 1278 1015 1306 l'abu-

224 1309 289 1341 iam,
317 1318 349 1338 ac
370 1312 501 1340 nefariam
525 1315 675 1344 doctrinam
704 1321 857 1349 considera.
891 1322 1014 1358 Triginta

222 1357 312 1390 enim,
335 1362 365 1386 ut
383 1364 424 1388 est
452 1361 572 1395 dictum,
600 1372 690 1393 :eones
714 1368 820 1399 statuit,
841 1378 910 1404 quos
932 1357 1013 1398 etiam

223 1404 288 1432 deos
303 1406 436 1449 appellat,
455 1409 611 1443 quindecim
630 1420 730 1445 mares,
749 1415 915 1451 totidemque
934 1417 1013 1445 femi-

224 1457 285 1478 nas.
303 1443 355 1478 Sed
376 1461 479 1481 agonem
500 1457 647 1490 quemlibet
665 1467 714 1493 par
731 1461 813 1488 maris
838 1470 870 1489 ac
894 1462 1011 1495 feminae.

223 1501 278 1523 tam
299 1498 357 1532 ipse
381 1507 462 1533 quam
486 1501 546 1536 ejus
569 1503 696 1537 discipuli
721 1512 836 1540 vocant,
863 1513 889 1535 ut
914 1509 1012 1536 binarii

221 1542 277 1570 sint
302 1551 347 1576 xv,
360 1553 428 1580 quas
453 1549 587 1582 syzygias,
609 1549 660 1576 hoc
683 1555 724 1577 est
744 1552 860 1579 duorum
886 1555 1010 1587 collegia,

223 1590 374 1617 nominant.
400 1591 469 1619 Ilinc
493 1600 583 1620 moues
619 1603 671 1622 xxx
695 1605 810 1625 numero
830 1606 1010 1636 consurgunt,

221 1643 338 1670 quorum
356 1636 456 1664 femina
472 1640 597 1673 qmelihet
613 1649 628 1667 e
646 1649 722 1669 mare
742 1650 794 1670 suo
814 1650 1012 1680 consequentes

221 1689 314 1709 mones
328 1689 499 1718 progenerat.
517 1684 637 1717 Quorum
654 1689 775 1716 ouiniurr.
793 1691 901 1717 nomina
918 1691 1012 1725 subje-

221 1725 310 1754 cimus
321 1735 419 1762 ;caque
428 1733 491 1755 sunt
498 1730 642 1764 ejusmodi,
655 1732 732 1767 165
739 1738 767 1759 ut
774 1735 919 1770 unicuique
929 1737 1011 1764 maris

222 1773 395 1808 appellationi
407 1783 487 1802 suum
501 1777 605 1803 femina:
617 1786 714 1804 nomen
725 1787 756 1805 ex
770 1780 884 1808 adverso
899 1789 1010 1816 respon-

222 1819 294 1848 deat.
315 1820 440 1856 Ampsiu.
458 1824 566 1850 Auraan
581 1833 588 1856 ;
605 1824 707 1856 Bucua,
725 1825 866 1859 Thartuu;
888 1826 1009 1861 Uhucua,

222 1865 415 1900 Thardeadie;
435 1867 553 1901 Merexa,
577 1870 737 1903 Atarbaba;
765 1871 854 1904 Udua,
889 1874 1008 1907 Ceste”;

223 1910 293 1942 lldu,
311 1911 382 1945 Vae;
411 1913 503 1945 Eslen.
521 1914 672 1950 Amphain;
702 1916 847 1951 Essumen,
866 1918 1007 1953 Vanauin;

221 1956 330 1990 Lamer.
344 1958 447 1992 Tarde;
461 1961 602 1994 Athames,
621 1961 718 1995 Susin,
739 1963 842 1997 Allora,
861 1964 1007 1999 Bueiatha;

222 2004 404 2037 Danaddaria,
414 2007 522 2040 Allora;
536 2007 658 2042 Dantmo,
670 2009 757 2042 Oren;
771 2010 945 2046 Lanapheeh,
958 2014 1010 2039 Au-

220 2049 391 2085 damphech;
412 2051 671 2087 Emphibochcbaud
685 2064 692 2087 ;
707 2056 886 2089 Assiovachc,
914 2058 1007 2092 Belin;

221 2095 382 2128 Dexariehe,
399 2098 528 2126 Masenio.
545 2099 594 2126 llic
610 2101 718 2128 illorum
734 2103 802 2130 ordo
819 2109 870 2136 est,
884 2104 948 2131 dum
961 2113 1009 2140 per

221 2143 337 2169 niarium
352 2143 568 2180 feminarumque
581 2148 709 2182 conjugia
726 2155 915 2177 recensentur.
933 2151 1008 2178 Alio-

217 2189 285 2224 quin
301 2190 357 2217 lucc
373 2190 480 2218 illorum
508 2193 657 2221 secundum
686 2196 891 2224 successionem
921 2199 1008 2226 series

1071 954 1200 989 ποιήσας,
1221 954 1336 989 ἠθέλησε
1358 954 1491 988 φαντάσαι
1508 953 1553 978 τὸν
1575 952 1686 987 κόσμον.
1707 951 1858 986 Τριάκοντα

1070 998 1124 1035 γὰρ
1144 999 1191 1025 καὶ
1211 997 1286 1030 οὗτος
1305 998 1382 1030 Θεοὺς
1397 999 1445 1024 καὶ
1461 998 1572 1029 αἰῶνας,
1587 998 1633 1023 καὶ
1647 997 1778 1031 οὐρανοὺς
1795 995 1858 1031 βού-

1070 1045 1145 1073 λεται
1158 1045 1345 1081 παρεισάγειψ
1362 1041 1398 1071 ὧν
1414 1045 1428 1071 ὁ
1445 1044 1492 1079 μὲν
1512 1043 1618 1079 πρῶτος
1635 1044 1692 1069 ἐστι
1704 1043 1785 1074 Boebe
1798 1063 1805 1075 ,
1821 1042 1859 1074 ὡς

1070 1092 1116 1118 καὶ
1128 1091 1208 1123 αὐτὸς
1221 1091 1271 1126 ἔφη
1284 1091 1423 1126 ἁφραίνων
1436 1092 1468 1126 τῇ
1481 1089 1594 1124 διανοίᾳ’
1610 1090 1690 1116 ὁποῖα
1700 1089 1797 1124 ἀμέλει
1811 1089 1858 1114 καὶ

1069 1137 1083 1164 ὁ
1098 1137 1180 1165 αὑτοῦ
1198 1137 1346 1173 προϐολεὺς
1365 1137 1414 1172 τῆς
1430 1137 1532 1168 ἑννοίας
1555 1136 1674 1168 Ἠσίοδος
1693 1136 1764 1167 Χάος
1781 1135 1858 1166 πρώ-

1069 1193 1146 1210 τιστα
1158 1185 1226 1210 θεῶν
1241 1184 1304 1220 ἔφη.
1317 1185 1388 1216 Χάος
1402 1184 1430 1210 δὲ
1446 1185 1492 1211 καὶ
1505 1184 1587 1215 Βυοὺς
1601 1184 1653 1210 τίνι
1666 1183 1716 1210 οὐκ
1726 1183 1760 1210 ἂν
1774 1184 1858 1217 σαφὲς

1069 1230 1122 1265 εἴη,
1147 1230 1184 1262 ὡς
1209 1229 1239 1256 τὸ
1264 1230 1407 1265 ὁμώνυμον
1431 1230 1576 1265 κέκτηται;
1602 1230 1673 1263 Ὅρα
1694 1229 1721 1255 δὲ
1743 1229 1790 1264 τὴν
1810 1228 1858 1255 τοῦ

1068 1276 1119 1310 ἁγὺ
1125 1285 1186 1311 ρτου
1202 1284 1248 1302 τετ
1252 1276 1358 1312 ραγῳδη
1363 1276 1446 1311 μένην
1465 1276 1531 1311 μυοο
1536 1275 1623 1302 ποιίαν
1631 1296 1638 1308 ,
1656 1276 1700 1302 καὶ
1718 1275 1802 1310 μοχθη
1807 1275 1858 1310 pitu

1067 1321 1249 1349 διδασκαλίαν.
1268 1323 1420 1358 Τριάκοντα
1434 1322 1489 1358 γὰρ
1501 1320 1588 1354 οὗτος,
1607 1322 1645 1354 ὡς
1663 1322 1740 1356 ἔφην,
1756 1321 1857 1354 αἰῶνας

1069 1367 1192 1402 βούλεται
1218 1369 1369 1404 παριστᾷν,
1389 1367 1434 1399 οὓς
1454 1368 1501 1395 καὶ
1524 1369 1598 1400 θεοὺς
1622 1368 1758 1403 ὀνομάζει,
1778 1368 1857 1395 δεκα-

1067 1413 1146 1441 πέντε
1162 1414 1293 1450 ,ἇρρενας,
1313 1415 1359 1441 καὶ
1381 1414 1491 1450 θήλειας
1516 1414 1650 1446 τοσαύτας
1670 1412 1738 1440 εἶναι
1758 1414 1855 1449 λέγων.

1067 1461 1201 1487 Ἔκαστον
1221 1461 1248 1487 δὲ
1270 1461 1355 1488 αἰῶνα
1373 1461 1571 1497 ὰρῥενόθηλυν,
1592 1461 1639 1487 καὶ
1659 1461 1755 1495 ζεῦγός
1773 1469 1857 1496 φησιν

1066 1507 1146 1538 αὐτὸς
1159 1507 1205 1533 καὶ
1219 1507 1244 1532 οἱ
1259 1506 1351 1533 αὐτοῦ.
1365 1507 1516 1533 Δεκαπέντε
1530 1507 1558 1533 δὲ
1569 1507 1666 1538 δυάδας
1683 1508 1762 1541 φασὶν
1775 1505 1856 1540 εἷναι,

1066 1552 1099 1584 ἃς
1112 1553 1241 1586 συζυγίας
1256 1553 1378 1580 καλοῦσι·
1392 1553 1437 1580 τὸν
1459 1553 1572 1589 ἀριθμὸν
1584 1553 1611 1579 δὲ
1628 1551 1696 1580 εἶναι
1710 1553 1857 1589 τριάκοντα

1065 1599 1175 1631 αἰῶνας,
1192 1599 1310 1635 ἑκάστην
1325 1599 1352 1626 δὲ
1373 1600 1482 1635 θήλειαν
1497 1601 1593 1635 γεννᾷν
1613 1600 1666 1627 ἀπὸ
1679 1600 1726 1626 τοῦ
1743 1601 1857 1636 ᾶρρενος

1063 1647 1126 1678 τοὺς
1147 1646 1263 1682 κατεξῆς
1282 1647 1391 1678 αἰῶνας.
1415 1644 1490 1672 Εἶναι
1511 1646 1539 1672 δὲ
1558 1646 1686 1678 τούτους,
1703 1646 1740 1678 ὡς
1757 1647 1857 1673 ὐποτὲ-

1062 1701 1161 1719 τακται
1179 1693 1248 1719 κατὰ
1266 1692 1480 1728 ἀντιπαράθεσιν
1501 1693 1616 1718 ἑκάστου
1638 1692 1781 1728 ἀρῥενικοῦ
1795 1692 1855 1718 ὀνό-

1065 1748 1147 1775 ματος
1163 1740 1329 1774 τεταγμένου
1347 1740 1475 1775 ἄντικρυς
1494 1739 1540 1764 τοῦ
1565 1738 1682 1774 θηλυκοῦ
1704 1738 1835 1773 ὀνόματος
1847 1759 1854 1767 ,

1062 1786 1108 1812 καὶ
1122 1786 1203 1811 ἔστιν·
1217 1785 1344 1820 ’Δμψιοῦ,
1358 1786 1465 1820 Λὺραάν
1480 1784 1545 1820 (60)·
1562 1784 1691 1814 Βουκούα,
1705 1783 1855 1819 Θαρδουοῦ·

1061 1832 1227 1861 Οὐϐουκούκ.
1248 1831 1423 1866 θαρὸεαδεέη’
1454 1832 1580 1867 Μερεξᾶ,
1606 1831 1772 1866 ’Δταρῦχϐἲ
1800 1831 1854 1856 (ιὺ-

1061 1875 1141 1907 δοῦα,
1164 1877 1283 1911 Κέστην·
1302 1877 1401 1908 Οὺδοῦ,
1419 1877 1505 1904 υὺἀκ·
1523 1877 1629 1912 Ἐσλὴν,
1649 1877 1775 1911 ’Λμφαίν-
1792 1877 1854 1902 Ἐσ-

1062 1923 1171 1958 σουμὲν.
1188 1924 1334 1950 Οὺαναυῖν·
1351 1924 1457 1958 Λάμερ,
1475 1924 1572 1959 Τάρδε¹
1596 1924 1724 1959 ’Λοαμὲς,
1746 1924 1853 1951 Σουσίν·

1061 1968 1192 2004 Ἀλλωρᾱ,
1217 1969 1361 1996 Βουκιαοάν
1390 1970 1565 2006 Δαναδδαρία,
1592 1970 1721 2004 Ἀλλωρᾶ·
1737 1970 1852 2005 Δαμμῶ,

1061 2013 1151 2049 Ὠρήν·
1173 2015 1319 2050 Λαναςρὲχ,
1349 2016 1507 2050 Αὒδαμφέχ·
1534 2015 1761 2050 Ἐμφιὸοχεϐαύδ-
1791 2016 1854 2041 Ἀσ-

1061 2060 1178 2095 σιουαχὲ,
1200 2061 1294 2096 Βελίμ·
1318 2061 1456 2096 Δεξαριχὲ,
1475 2061 1607 2096 Μασεμῶ.
1629 2062 1681 2087 Καὶ
1698 2061 1783 2092 οὕτως
1802 2062 1854 2096 μὲν

1061 2109 1216 2143 σύγκεινται
1226 2110 1263 2141 (τις
1278 2110 1348 2136 κατὰ
1364 2109 1493 2144 συζυγίαν
1511 2109 1713 2144 ἀρρενροήλεος·
1734 2110 1763 2134 ἐν
1776 2108 1803 2134 δὲ
1820 2110 1852 2145 τῇ

1059 2154 1205 2189 ἀκολουθίᾳ
1226 2154 1296 2181 κατὰ
1315 2154 1439 2190 διαδοχὴν
1460 2154 1554 2186 οὕτως·
1580 2153 1707 2188 ’Λμῲιοῦ,
1732 2153 1852 2188 Δὺραὰν,

1060 2200 1192 2230 Βουκούα,
1207 2200 1352 2235 Θαρδουοῦ,
1364 2200 1533 2231 Οὐὸουκούα,
1547 2200 1720 2235 Θαρδεαδεὶη,
1730 2199 1851 2233 Μερεξᾶ,

218 2239 262 2263 est
280 2244 286 2263 :
303 2237 427 2271 Ampsiu,
443 2238 563 2272 Auraan,
582 2239 684 2272 Bucua,
715 2241 857 2275 Tharduu,
881 2242 1005 2278 Ubucua,

1066 2247 1250 2281 Mquapb’i,
1278 2247 1400 2279 υὺδοῦα,
1427 2248 1544 2281 Κέστην,
1570 2245 1716 2276 Οὐδουοῦα1
1743 2244 1850 2280 Ἐσλὴν,

220 2281 403 2316 Thardeadie,
429 2283 548 2318 Mercxa,
575 2286 744 2318 Autaharba,
773 2287 871 2320 Udua,
900 2289 1010 2323 Ceston,

222 2327 330 2361 Uduua,
357 2328 450 2361 Eslen,
474 2331 629 2365 Amphaim,
651 2331 797 2366 Essumen,
815 2333 949 2367 Vanauin,
964 2335 1012 2362 La-

217 2375 349 2409 mertade,
364 2376 594 2410 Athamessumin,
607 2379 710 2411 Allora,
726 2380 873 2412 Cubiatha,
891 2381 1010 2409 Thamo-

216 2420 282 2452 dan,
297 2420 455 2454 Saddarias.
473 2423 556 2454 Oren,
580 2424 878 2461 Lanaphecudaphcch,
897 2428 1008 2463 Emphi-

217 2466 314 2498 hochc,
343 2467 431 2499 Bara,
460 2468 526 2501 Asi,
553 2469 682 2504 Uchabe,
714 2471 811 2505 Belin,
845 2471 1005 2506 Dexariehe,

254 2543 262 2558 -‘
277 2552 320 2578 rp.
336 2546 387 2580 τὴν
403 2545 499 2582 ἀληθῆ.

250 2631 307 2668 (59)
321 2633 458 2671 'Egaaa'mf
471 2634 526 2669 γὰρ
541 2636 635 2664 αὐτόν
647 2645 736 2671 τινες.
753 2637 946 2667 Phrebonitem
959 2647 1009 2667 no-

216 2675 290 2694 nium
314 2672 361 2695 aut
383 2669 574 2708 prgefecturam
606 2680 694 2707 neque
715 2669 788 2708 apud
813 2674 1006 2706 Ptolemaeum,

217 2677 290 2694 mum
314 2677 361 2695 aut
403 2677 574 2698 rzelecturam
606 2680 694 2707 neque
718 2677 788 2708 apud
814 2677 1006 2706 Ptolelmeum,

217 2711 306 2738 neque
321 2677 400 2740 apud)
409 2704 566 2740 diligentem
584 2715 677 2734 earum
697 2717 788 2736 rerum
806 2709 940 2737 Orlelium
964 2718 1008 2737 re-

234 2740 307 2772 erio;
326 2739 373 2766 sed
385 2759 392 2770 ,
408 2739 613 2774 qui’vocabulo
629 2744 770 2778 proximus
781 2764 789 2776 ,
812 2745 1005 2778 Pharbwtiten,

216 2746 287 2801 iiaud
308 2776 401 2801 procul
419 2777 498 2801 mari.

236 2774 287 2800 aud
308 2776 401 2809 procul
419 2777 498 2804 mari.

253 2809 308 2844 (60)
334 2810 471 2845 Ὰμψιοῦ,
488 2812 619 2846 Αὐραάν.
647 2813 766 2842 Barbara
785 2814 842 2841 haec
864 2819 928 2843 sunt
952 2823 1006 2842 mo-

216 2851 281 2885 num
298 2846 408 2872 nomina
425 2856 430 2873 ε
448 2847 519 2874 haud
533 2849 591 2875 scio
608 2856 641 2875 an
655 2857 689 2876 ex
705 2849 894 2884 Aﬂgyptiorum
911 2851 1002 2885 lingua

218 2878 353 2914 profecta;
372 2889 404 2907 an
423 2885 541 2916 temere,
567 2888 648 2919 atque
670 2885 702 2911 ad
722 2878 853 2912 teri-orem
873 2878 1000 2913 conﬁcta.

1062 2293 1190 2326 Ἄμφειαν,
1216 2292 1376 2328 Ἐσσουμὲν,
1403 2292 1548 2325 Οὑαναυῒν,
1576 2291 1744 2327 Λαμερτάδε,
1773 2291 1852 2318 Ἀθα-

1063 2338 1222 2373 μεσσουμὶν,
1246 2338 1377 2374 ’Λλλωρᾶ,
1409 2338 1559 2369 Κουῧιαϐὰ,
1581 2337 1725 2373 Λαμωδάν,
1752 2337 1852 2363 suam-

1062 2383 1139 2418 ρίας,
1168 2384 1259 2419 Ὠρὴν.
1290 2384 1544 2419 Λαναφεκουδαφὲχ,
1574 2383 1732 2419 Ἐμφιϐοχὲ,
1764 2383 1850 2418 Rapit,

1059 2430 1128 2460 ‘Aa‘t,
1154 2429 1269 2465 Οὐχαϐὲ,
1299 2431 1392 2465 nemp,
1415 2431 1555 2466 Δεξαριχὲ,
1580 2430 1726 2465 Μασεμὼν.
1744 2430 1776 2456 Ai
1795 2430 1851 2455 τῶν

1057 2475 1197 2510 ὀνομάτων
1219 2477 1361 2512 ἐρμηνεῖαί
1385 2478 1454 2503 εἰσιν
1476 2477 1544 2503 αῖδε’
1570 2477 1664 2509 Βυοὶς,
1692 2477 1758 2512 Σιγὴ
1782 2476 1849 2511 (61),

1060 2639 1165 2677 Duplex
1180 2640 1277 2677 horum
1293 2640 1378 2677 series
1395 2645 1446 2677 est.
1469 2640 1497 2667 ιιι
1515 2641 1605 2676 priore
1619 2641 1705 2676 paria.
1720 2651 1751 2670 ac
1767 2645 1850 2677 tngo—

1061 2675 1124 2710 γίας
1139 2676 1284 2710 eapulasse
1297 2676 1421 2708 videtur;
1437 2676 1464 2702 in
1480 2675 1632 2711 posteriore
1651 2678 1710 2705 sine
1726 2680 1780 2706 ulla
1802 2675 1849 2706 eo-

1061 2711 1124 2746 pula
1149 2711 1306 2745 singillatim
1332 2712 1531 2745 percensuisse.
1563 2712 1686 2747 Cumque
1719 2716 1849 2742 nonnulla

1061 2747 1096 2773 sit
1119 2747 1265 2785 utrobique
1287 2752 1424 2785 certorum
1452 2748 1592 2785 nominum
1606 2748 1777 2785 diﬁ‘crentia,
1805 2759 1840 2785 po

1060 2781 1203 2809 steriorem
1218 2782 1279 2809 ideo
1296 2782 1428 2809 veriorem
1455 2782 1585 2811 arbitror,
1609 2784 1681 2817 quod
1703 2793 1755 2811 xxx
1780 2781 1847 2812 dlin-

1062 2821 1136 2843 taxat
1152 2817 1293 2847 voeabula,
1309 2822 1377 2850 quot
1395 2818 1521 2844 videlicet
1535 2817 1638 2846 Eones
1661 2825 1734 2851 sunt,
1758 2822 1841 2848 conti-

1059 2857 1138 2883 neat;
1159 2852 1243 2878 altera
1262 2859 1359 2879 xxxur.

1092 2887 1147 2922 (ﬁl)
1168 2888 1273 2920 Buﬂoq,
1289 2887 1371 2922 Σιγὴ.
1388 2887 1543 2921 Legenaum
1560 2889 1671 2915 omnino
1689 2889 1782 2922 Βυθὺς,
1800 2892 1846 2917 καὶ
