1961 3046
202 132 257 160 e79

906 132 935 161 S.
957 132 1130 160 EPIPHANH

1774 134 1828 162 480

203 189 321 221 Ublivlo.
340 190 469 223 Somnus,
492 189 597 225 Pugna,
623 190 784 226 Lysimeles.
811 190 991 225 Contumelia,

1049 193 1092 218 καὶ
1111 192 1254 229 βουληθείη
1278 195 1390 228 γνῶναι,
1406 194 1444 226 ὡς
1460 195 1513 221 ἀπὸ
1534 193 1588 220 τῶν
1609 193 1760 228 κοσμικῶν,
1779 194 1828 219 καὶ

204 234 388 270 Euphronios,
404 235 547 270 Splendor,
575 236 710 264 Curarum
736 237 873 269 solatium,
890 237 988 268 Fraus,

204 280 383 316 Hedymeles,
414 281 469 309 Lis.
496 282 535 309 Ac
559 283 716 318 quicunque
745 283 779 310 ad
800 283 861 311 illas
885 282 990 311 fabulas

203 327 323 354 animum
342 327 484 362 adjecerit,
505 337 536 356 ac
560 336 725 364 cognoscere
751 329 824 357 istud
855 329 988 362 voluerit;

203 373 432 408 quemadmodum
449 375 483 401 ab
494 375 605 408 exteris,
618 383 650 401 ac
667 375 832 402 Gmcanicis
848 382 989 402 commen-

1049 238 1212 274 Ἑλληνικῶν
1229 241 1363 274 ποιήσεων
1374 241 1393 272 ¹,
1405 240 1434 272 ἐξ
1445 237 1481 267 ὧν
1494 237 1566 267 οὗτοι
1582 238 1825 275 ὲνεϐροντήθησαν,

1045 284 1133 318 μάτην
1149 285 1341 317 ἐνθουσιῶντες
1364 286 1382 312 ἃ
1404 285 1441 322 μὴ
1459 286 1509 318 δεῖ,
1529 287 1570 316 είς
1590 284 1783 320 ματαιοπονίαν
1799 293 1828 310 τε

1043 329 1090 355 καὶ
1107 330 1229 365 κάματον
1253 332 1394 368 ἀνωφελῆ,
1423 332 1497 368 εὕροι
1524 332 1557 359 ἂν
1586 331 1683 363 αὐτοὺς
1709 330 1828 364 τοσούτῳ

1044 374 1145 408 μᾶλλον
1162 377 1396 413 πεπλανημένους.

204 419 249 451 tis,
264 419 335 447 unde
344 420 382 446 illi
395 420 497 447 frustra
510 420 628 447 fanatico
642 421 715 448 velut
742 420 834 448 furore
848 420 881 447 ad
897 420 1007 455 indigna
1022 420 1146 454 quaedam
1164 421 1269 449 incitati
1283 428 1357 455 sunt,
1378 423 1405 450 in
1438 423 1532 450 irritos
1561 426 1686 454 conatus,
1714 422 1830 449 vanissi-

204 473 330 500 mamque
349 467 431 493 animi
443 467 645 494 contentionem
661 466 818 499 inciderint,
830 466 909 501 longe
920 473 968 493 eos
987 465 1090 493 Graecis
1105 467 1172 501 ipsis
1192 469 1299 502 turpius
1316 469 1459 496 aberrasse
1472 469 1589 503 reperiet

238 523 284 551 ιν.
300 523 340 550 Ab
358 524 390 551 iis
408 524 564 558 primordiis
590 523 672 551 altius
696 522 851 558 indaganda
878 522 991 553 sublati.

204 569 276 595 aliud
292 568 428 603 quoddam
461 576 547 603 genus
577 568 649 603 quod
681 567 852 603 llysterema,
876 567 928 594 hoc
951 571 994 594 est

203 615 332 650 defectum
348 616 389 642 vel
401 616 539 649 penuriam
554 618 663 645 vocant,
674 614 786 641 furiosis
800 614 858 641 suis
875 613 992 648 ingeniis

203 662 341 689 invenisse
357 669 386 688 se
402 665 577 696 putaverunt.
598 661 676 687 llunc
686 660 824 688 defectum
841 661 910 687 alias
925 659 991 687 0m-

203 708 385 742 nipotentem,
401 711 483 740 atque
501 706 632 741 Opiﬁcem
650 712 759 738 vocant.
776 713 991 741 naturarumque

205 753 376 780 conditorem
392 759 399 778 :
417 759 431 778 a
443 760 497 786 quo
512 757 538 779 et
556 753 734 787 posteriorem
755 753 904 788 ogdoadem
932 755 993 787 post

205 803 332 834 septenos
349 798 429 825 orbes
444 799 505 824 cwli
525 798 557 825 ad
579 799 678 833 prioris
705 799 837 834 ogdoadis
855 798 989 832 exemplar

1079 522 1115 549 A'.
1135 523 1216 551 Ὅθεν
1240 525 1286 552 καὶ
1301 524 1340 551 ἔτι
1356 525 1528 560 ὑψηλοτέρως
1543 524 1737 560 ἐξερευνῶντες
1749 524 1829 559 δῆθεν

1044 568 1191 604 ᾠήθησαν,
1215 571 1262 597 καὶ
1281 571 1438 607 Ὑστέρημα
1456 571 1494 606 τῷ
1519 571 1575 606 ἰδίῳ
1599 571 1688 597 αὐτῶν
1707 571 1828 605 δαιμονι-

1044 614 1134 641 σθέντι
1159 615 1318 651 διανοήματι
1344 616 1483 651 ἐξευρεῖν,
1504 616 1571 650 ὅπερ
1598 615 1754 650 Ὑστέρημα
1782 615 1829 641 καὶ

1044 661 1256 697 Παντοκράτορα
1271 662 1318 688 καὶ
1336 661 1506 697 Δημιουργὸν
1521 661 1644 693 καλοῦσι,
1657 661 1703 687 καὶ
1717 661 1829 695 κτίστην

1043 707 1157 734 οὐσιῶν·
1171 708 1216 742 ἀφ’
1233 705 1317 743 οὗπερ
1333 708 1413 734 πάλιν
1429 708 1476 734 καὶ
1489 708 1604 742 ὑστέραν
1625 706 1737 741 ὀγδοάδα
1761 706 1830 741 μετὰ

1044 753 1115 780 ἑπτὰ
1137 754 1269 790 οὐρανοὺς
1290 754 1401 780 καλοῦσι
1419 754 1489 780 κατά
1508 754 1555 788 τὴν
1579 752 1687 789 πρώτην
1700 752 1830 786 Ὀγδοάἰα

1044 800 1260 835 ἁφομοιωθεῖσαν
1300 800 1443 827 ἐκτίσθαι¹
1458 820 1466 832 ,
1500 800 1582 826 αὑτοῦ
1621 800 1696 830 δντος
1737 799 1765 825 ἐν
1795 799 1829 833 τῇ

202 845 320 873 ellictam
335 848 478 876 asserunt;
499 845 578 880 167
590 853 651 872 cum
669 845 695 872 in
709 845 831 880 ogdoadc
849 847 994 872 censeatur

1049 847 1177 881 Ὀγδοάδι,
1190 847 1236 874 καὶ
1245 847 1314 874 ἑπτὰ
1330 847 1460 883 οὐρανοὺς
1471 847 1529 882 μετ’
1543 846 1624 873 αὐτὸν
1637 845 1828 879 πεποιηκότος.

204 893 272 927 ipse.
286 899 317 919 ac
329 895 430 926 septem
438 897 498 925 post.
513 900 541 919 se
552 892 620 919 alios
632 892 713 919 orbes
724 891 892 926 produxerit.
901 891 993 918 Eidem

203 939 385 974 Hysteremati
406 941 542 967 sincerum
559 938 741 972 nescioquem
753 945 867 970 aconem,
883 945 915 964 ac
925 937 995 964 dcte-

205 985 287 1012 rioris
301 993 382 1012 sexus
396 989 535 1020 expertem
553 989 689 1012 conantur
710 985 877 1020 adjungerc;
898 983 944 1018 qui
961 991 994 1011 eo

205 1030 239 1057 ad
255 1032 483 1066 complementum
502 1031 616 1063 venerit,
636 1034 665 1057 ut
682 1031 801 1057 animam
828 1029 990 1064 requireret,

204 1085 266 1112 qua:
281 1085 296 1104 ιι
309 1081 429 1104 materna
448 1076 586 1112 Sapiemia
602 1084 634 1103 ex
651 1077 705 1103 alto
721 1076 910 1103 descenderat.
932 1074 992 1101 Iam

205 1129 271 1148 vero
287 1121 370 1148 etiam
387 1121 540 1148 Achamoth
555 1121 617 1147 ﬁcto
628 1120 739 1147 nomine
755 1121 902 1147 commenti
918 1124 992 1151 sunt,

205 1175 285 1201 quem
301 1171 328 1194 et
346 1167 524 1199 Salvatoreln,
544 1170 570 1193 ct
588 1165 758 1197 Terminum,
775 1169 801 1193 et
818 1165 934 1192 Crucem
946 1186 952 1196 .
967 1170 994 1192 et

205 1211 365 1245 Finitorcm,
380 1216 407 1239 et
421 1211 664 1244 Trausduclorem,
685 1215 712 1238 et
729 1211 822 1238 Jesum
844 1211 992 1245 appellant,

205 1258 252 1289 qui
265 1265 313 1292 per
326 1257 438 1284 Mariam
450 1258 522 1284 velut
540 1257 634 1284 tubum
644 1257 817 1290 listulamque
831 1256 992 1290 permearit.

206 1303 284 1330 llunc
299 1311 360 1331 esse
373 1304 464 1330 lumen
485 1311 499 1330 a
519 1303 661 1337 superiore
672 1302 783 1329 Christo
800 1302 940 1333 dlll'usum,
959 1301 994 1327 ob

207 1350 288 1384 idque
314 1350 403 1385 patrio
428 1350 539 1377 nomine
559 1349 662 1376 Lumen
688 1349 722 1376 ob
745 1348 811 1375 illud
827 1348 995 1375 cmlesteno-

206 1395 315 1428 minari,
333 1403 365 1422 ac
381 1395 414 1422 de
431 1396 574 1430 superiore
597 1394 725 1425 Christo.
744 1393 889 1428 Verboque
913 1392 994 1419 Chri-

208 1445 279 1469 stuln
291 1442 384 1469 itidem
405 1447 432 1469 et
451 1441 580 1473 Verbum,
607 1441 654 1469 sed
674 1446 701 1468 ct
724 1440 839 1467 Mentem
851 1443 992 1474 praetcrea,

207 1496 239 1515 ac
261 1488 429 1514 Salvatorem
455 1487 558 1515 vocari.
584 1486 714 1514 Eumdem
742 1493 823 1520 porro
847 1485 991 1512 Parentem

208 1542 306 1565 suum,
326 1535 377 1561 hoc
394 1538 435 1561 est
453 1534 627 1560 Conditorem
655 1532 870 1559 transcendere:
895 1538 926 1557 ac
949 1531 995 1564 qui
1011 1530 1031 1558 C

208 1580 259 1608 sibi
282 1580 360 1607 ﬁdem
388 1580 523 1611 habeant,
549 1579 582 1605 ad
610 1586 738 1613 suprema
765 1578 810 1604 illa
838 1577 996 1611 pleromatis

208 1627 321 1661 collegia
334 1633 425 1653 secum
442 1626 566 1652 evehere.
583 1625 605 1651 Ο
617 1632 703 1658 nugas
713 1624 854 1658 anilesque
871 1622 994 1649 fabulas!

208 1671 265 1707 Ego
282 1680 346 1699 vero
362 1672 540 1698 nihilominus
550 1678 592 1701 ea,
608 1671 646 1697 uti
663 1678 723 1698 sum
737 1669 890 1704 pollicitus,
909 1676 996 1703 expo—

208 1726 288 1751 nam;
303 1722 386 1751 nique
409 1718 461 1752 ipsi
488 1717 521 1743 ad
544 1721 686 1751 poetarum
699 1723 731 1742 ac
751 1715 896 1750 gentilium
922 1722 997 1741 com—

210 1768 301 1791 menta
322 1764 416 1790 dcliria
435 1771 483 1790 sua
501 1763 613 1798 propius
630 1761 875 1789 accommodat-int.
894 1759 997 1787 Prmtcr

210 1810 278 1841 haec,
300 1809 449 1837 secundum
470 1808 659 1836 ’l‘ricenarium
690 1807 777 1840 illum,
795 1807 916 1833 medium
938 1805 997 1832 uni-

211 1864 272 1882 cum
293 1864 390 1882 nomen
419 1863 450 1882 ac
473 1856 531 1882 sine
552 1854 658 1880 (ulninae
675 1855 817 1880 consortio
843 1851 997 1879 solitarium

210 1905 413 1936 excogitatum;
429 1906 484 1928 tum
507 1902 589 1927 aliam
622 1907 733 1928 rursum
747 1907 762 1926 ιι
776 1899 925 1926 Conditore
940 1905 1000 1932 pro-

211 1948 331 1980 ductam,
347 1955 378 1974 ac
396 1948 507 1983 perinde
530 1947 556 1973 in
579 1946 655 1981 paria
678 1946 810 1980 digestam
828 1944 997 1979 Ogdoadem.

211 1994 297 2029 Cujus
315 1994 373 2021 haec
385 1998 450 2021 sunt
463 1994 614 2020 vocabula:
637 1991 813 2026 Excpaphus,
832 1990 998 2025 Porphyrio,

211 2040 329 2070 Clotho.
353 2039 489 2070 llhuaces,
516 2039 657 2070 Lachesis,
684 2037 845 2072 Epiphaon,
870 2036 998 2070 Atropos,

213 2088 359 2124 Ilypcriou.
383 2088 524 2120 Asteropc.
552 2084 692 2120 Ejusmodi
720 2088 861 2118 poetarum
885 2083 998 2109 istorum

211 2140 254 2162 est
269 2142 360 2165 scena,
374 2140 434 2168 qua:
451 2136 478 2159 et
493 2133 560 2159 alias
580 2130 797 2166 quamplurimas
816 2128 943 2160 deorum,
971 2133 1000 2156 ut

212 2185 322 2210 vocant,
344 2179 540 2214 appellationes
557 2177 690 2208 continet,
706 2176 824 2203 marium
841 2183 874 2202 ac
889 2175 1000 2202 femina-

213 2234 285 2258 rum,
303 2234 363 2261 qua:
382 2226 459 2252 aliter
474 2225 507 2250 ab
525 2224 585 2250 aliis
602 2226 742 2257 concepta!
761 2222 795 2249 ad
819 2229 921 2248 cccuv
940 2229 1000 2256 pcr-

213 2273 335 2299 vcniunt.
350 2272 420 2304 Quin
433 2271 513 2298 etiam
535 2270 567 2296 ad
584 2270 699 2295 aliarum
718 2268 859 2295 luereseon
872 2275 931 2301 quae
948 2267 999 2294 sibi

214 2318 346 2351 tragicam
365 2314 518 2342 istiusmodi
537 2322 662 2349 pompam
681 2314 832 2345 asciscant,
849 2321 1001 2348 propagan-

213 2363 264 2390 das
278 2363 408 2397 origines,
427 2369 495 2388 nova
509 2361 633 2396 quadam
646 2360 775 2387 addidere
793 2359 910 2388 somnia.

243 2421 347 2447 Etenim
354 2421 559 2454 postsuperiora
566 2418 610 2445 illa
618 2418 725 2445 nomina
732 2415 1001 2451 liesiodus.0rpheus

215 2465 424 2494 etStesichorus
433 2469 577 2492 uatosesse
592 2463 796 2491 diculltleum
807 2466 833 2489 et
844 2461 1000 2494 Tartarum,

217 2512 365 2539 Saturnum
381 2518 414 2538 ac
423 2510 538 2544 Rheam,
560 2510 653 2537 Jovem
676 2512 703 2535 et
720 2508 853 2535 Iunonem
866 2528 872 2539 ,
892 2508 1003 2542 Apollo-

218 2564 288 2584 nem.
307 2555 472 2590 Neptunum,
496 2561 575 2589 atque
591 2554 747 2585 Plutonem,
766 2553 906 2587 aliosque.
931 2559 1001 2586 quos

217 2602 374 2636 singillatim
391 2606 543 2633 recensent,
568 2600 737 2627 innumeros.
756 2599 901 2626 Fecundus
927 2598 1000 2624 enim

219 2648 326 2674 illorum
344 2654 422 2674 error
436 2651 488 2676 est,
505 2654 536 2673 ac
553 2646 704 2680 multiplex,
715 2645 761 2680 qni
773 2644 893 2672 absurda
907 2643 1002 2670 nescio

219 2702 279 2729 qua:
290 2693 483 2720 vocabulorum
500 2696 622 2719 monstra
637 2691 803 2726 parturiens,
818 2695 900 2724 atque
919 2696 1003 2716 exco-

219 2739 320 2773 gitans,
333 2736 466 2764 inﬁnitam
490 2737 641 2764 fabularum
655 2742 772 2772 segetem
788 2734 918 2771 profudit.
931 2733 996 2767 Quae.

261 2840 267 2854 '
285 2846 326 2873 γρ.
343 2837 470 2873 ποιητῶν.
507 2839 517 2853 ¹
533 2837 563 2866 ν.
585 2838 674 2865 Codex
691 2837 811 2864 ἐκτίσθαι
829 2838 946 2873 λέγουσι.

1047 894 1150 928 Ὥσπερ
1171 893 1353 929 Ὑστερήματι
1369 893 1508 928 βούλονται
1523 893 1666 919 συνάπτειν
1680 892 1727 926 μὲν
1742 891 1828 926 ἀμιγῆ

1043 948 1103 966 τινα
1118 939 1203 966 αἰῶνα
1222 940 1268 966 καὶ
1285 939 1448 975 ἀθήλυντον’
1465 940 1505 970 εἰς
1521 938 1656 973 πλήρωμα
1669 938 1697 964 δὲ
1714 936 1830 963 ἐνταῦθα

1043 987 1170 1019 ἐλθόντα,
1186 987 1233 1013 καὶ
1262 986 1428 1021 ἀναζήτησιν
1443 985 1452 1001 ³
1474 985 1523 1020 τῆς
1548 984 1633 1020 ψυχῆς
1662 984 1710 1019 τῆς
1727 982 1830 1010 ἄνωθεν

1043 1033 1097 1059 ἀπὸ
1111 1034 1160 1068 τῆς
1178 1032 1313 1068 μητρυιῆς
1335 1033 1434 1066 Σοφίας
1451 1031 1590 1066 ἐλθούσης.
1605 1031 1675 1065 Ἤδη
1689 1030 1735 1056 καὶ
1750 1029 1830 1065 Ἀχα-

1045 1078 1103 1113 μὼθ
1122 1078 1260 1114 βούλονται
1275 1078 1304 1104 τὸ
1317 1078 1401 1113 ὄνομα
1414 1077 1615 1108 ἀνα-τυποῦντες
1629 1076 1675 1103 καὶ
1691 1076 1829 1106 πλάττειν,

1043 1124 1072 1151 ὂν
1089 1124 1120 1159 δὴ
1136 1124 1183 1151 καὶ
1197 1123 1312 1159 Σωτῆρα
1333 1123 1426 1154 καλεῖ,
1444 1123 1491 1150 καὶ
1509 1122 1609 1156 Ὀρον,
1631 1123 1678 1148 καὶ
1698 1121 1829 1156 Σταυρὸν.

1044 1170 1091 1196 καὶ
1109 1169 1263 1205 Ὀροθέτην,
1281 1169 1328 1195 καὶ
1343 1169 1523 1202 Μεταγιυγέα,
1541 1169 1588 1194 καὶ
1608 1168 1712 1202 Ἰησοῦν
1726 1168 1770 1193 τὸν
1786 1167 1831 1193 διὰ

1044 1216 1162 1251 Μαρίας,
1173 1215 1210 1247 ὼς
1223 1215 1267 1242 διὰ
1282 1215 1410 1250 σωλῆνος,
1429 1214 1607 1250 παρελθόντα.
1625 1212 1699 1241 Εἶναι
1711 1213 1738 1239 δὲ
1749 1213 1831 1239 αὐτὸν

1045 1262 1102 1296 φῶς
1118 1261 1171 1288 ἀπὺ
1187 1260 1234 1288 τοῦ
1265 1261 1321 1288 ἄνω
1342 1261 1474 1297 Χριστοῦὶ
1489 1261 1536 1288 καὶ
1559 1260 1602 1287 διὰ
1624 1259 1702 1286 τοῦτο
1718 1268 1831 1293 πατρω-

1044 1307 1167 1343 νυμικῶς
1190 1307 1330 1335 καλεῖσθαι
1350 1307 1410 1339 Φῶς
1429 1307 1473 1334 διὰ
1489 1307 1519 1334 τὺ
1536 1307 1592 1334 ἄνω
1615 1306 1682 1341 φῶς,
1698 1306 1745 1332 καὶ.
1761 1306 1829 1340 Χρι-

1046 1354 1106 1380 στὸν
1120 1353 1164 1380 διὰ
1181 1353 1227 1379 τὸν
1242 1353 1298 1380 ἅνω
1316 1353 1442 1389 Χριστὸν,
1467 1353 1514 1380 καὶ
1537 1352 1622 1386 Λόγον
1641 1351 1685 1377 διὰ
1708 1351 1754 1377 τὸν
1776 1351 1832 1377 ἄνω

1045 1398 1140 1432 Λόγον,
1156 1399 1202 1425 καὶ
1215 1398 1286 1425 Νοῦν
1299 1399 1429 1430 ὡσαύτως
1444 1399 1557 1433 Σωτῆρα
1577 1397 1714 1431 λέγεσθαι.
1733 1396 1788 1422 ’Λεὶ
1802 1395 1833 1422 δὲ

1045 1444 1220 1479 ὑπερϐαίνειν
1232 1444 1277 1471 τὴν
1292 1444 1374 1471 αὑτοῦ
1387 1443 1502 1479 πατέρα⁷
1514 1444 1560 1470 τὸν
1572 1443 1741 1479 Δημιουργόν
1752 1452 1758 1457 ·
1771 1451 1833 1468 συν-

1045 1490 1190 1524 αναφέρειν
1202 1490 1229 1515 δὲ
1242 1491 1305 1521 τοὺς
1318 1489 1392 1524 αὐτῷ
1406 1489 1583 1525 πειθομένους
1598 1489 1655 1524 ἅμα
1673 1487 1748 1522 αὐτῷ
1765 1487 1832 1522 πρὸς

1048 1535 1099 1566 τὰς
1107 1536 1163 1562 ἄνω
1181 1535 1311 1570 συζυγίας
1326 1535 1373 1562 τοῦ
1391 1535 1582 1571 πληρώματος.
1598 1536 1652 1561 Καὶ
1664 1532 1687 1561 ὦ
1704 1534 1754 1568 τῆς
1769 1533 1833 1560 τοὺ-

1046 1589 1099 1607 των
1114 1581 1248 1616 ληρῳδίας
1262 1583 1308 1608 καὶ
1321 1582 1455 1617 τοσαύτης
1477 1582 1684 1617 ματαιολογίαςί
1704 1580 1834 1616 Παραθή-

1047 1636 1129 1662 σομαι
1143 1627 1182 1657 δὲ,
1194 1627 1233 1659 ὡς
1250 1629 1388 1663 προεῖπον.
1402 1628 1447 1654 καὶ
1462 1628 1499 1660 ὡς
1512 1629 1587 1655 αὐτοὶ
1605 1626 1766 1659 συνέζευξαν
1776 1628 1834 1658 τοῖς

1048 1675 1199 1708 ποιητικοῖς
1231 1674 1278 1700 καὶ
1313 1674 1470 1709 ὲθνομύθοις
1499 1673 1639 1708 πλάσμασι
1672 1673 1721 1708 τὴν
1745 1672 1835 1699 αὐτῶν

1047 1719 1218 1754 ληρολογίαν.
1238 1719 1315 1746 Μετὰ
1330 1719 1378 1755 τὴν
1402 1720 1586 1756 Τριακοντάδα
1602 1719 1630 1745 δὲ
1649 1719 1679 1745 τὸ
1695 1718 1724 1744 ἓν
1749 1718 1837 1752 ὄνομα.

1050 1765 1132 1800 μέσον
1154 1765 1200 1791 καὶ
1227 1765 1390 1800 ἁθήλυντον,
1420 1765 1468 1792 καὶ
1502 1766 1559 1799 μετ’
1586 1764 1667 1791 αὑτὸν
1689 1764 1738 1799 τὴν
1763 1763 1837 1790 κατὰ

1049 1810 1179 1843 συζυγίαν
1209 1810 1289 1836 πάλιν
1304 1810 1425 1844 Ογδοάδα
1445 1811 1601 1846 εὑρεθεῖσαν
1626 1810 1680 1837 ἀπὸ
1707 1809 1754 1837 τοῦ
1782 1811 1836 1845 Δη-

1051 1854 1179 1890 μιουργοῦ
1206 1854 1286 1881 πάλιν
1311 1855 1463 1890 δυναμένην
1487 1855 1534 1881 καὶ
1559 1855 1629 1881 οὕτω
1652 1854 1835 1883 συντίθεσθαι.

1049 1901 1104 1928 Καὶ
1118 1901 1175 1926 ἐστι
1195 1900 1230 1926 τὰ
1240 1900 1358 1935 ὀνόματα
1372 1900 1444 1927 τάδε·
1463 1901 1570 1936 πρῶτος
1586 1901 1748 1936 Ἐξέπαφος,
1766 1901 1838 1936 Πορ-

1050 1947 1163 1983 φυρίων,
1177 1946 1288 1978 Κλωθὼ,
1303 1946 1428 1978 Ῥύακος,
1441 1947 1567 1982 Λάχεσις,
1577 1947 1726 1982 Ἐπιφάων,
1740 1947 1838 1983 Ἀτρο-

1051 2001 1118 2023 πος,
1148 1991 1297 2027 Ὑπερίων,
1314 1991 1477 2027 Ἀστεροπή.
1508 1993 1563 2019 Καὶ
1583 1993 1651 2028 αὕτη
1674 1993 1722 2027 μὲν
1746 1994 1762 2027 ἡ
1782 1993 1838 2019 τῶν

1051 2037 1171 2073 ποιητῶν
1187 2038 1290 2064 τούτων
1315 2037 1421 2073 σκηνὴ,
1440 2038 1538 2073 ἔχουσα
1555 2038 1602 2064 καὶ
1629 2038 1712 2070 ἄλλας
1737 2038 1839 2070 πολλὰς

1050 2084 1208 2119 ὀνομασίας,
1221 2083 1288 2110 θεῶν
1306 2084 1368 2120 παρ’
1385 2083 1477 2115 αὐτοῖς
1492 2083 1700 2119 ὀνομαζομένων
1715 2085 1838 2120 ἀρρένων

1050 2138 1080 2155 τε
1097 2130 1144 2156 καὶ
1159 2129 1283 2164 θηλειῶν,
1302 2129 1387 2160 ἄλλως
1402 2129 1477 2164 ποιρά
1495 2137 1551 2155 τισι
1572 2129 1736 2165 λεγομένων,
1759 2130 1840 2156 δυνα-

1054 2175 1143 2210 μένων
1158 2175 1270 2210 ποιῆσαι
1294 2176 1341 2202 καὶ
1359 2176 1523 2210 τριακοσίων
1540 2175 1755 2211 ἐξηκονταπέντε
1778 2177 1839 2212 ἀρι-

1055 2221 1133 2256 θμὸν,
1148 2222 1194 2248 καὶ
1207 2221 1246 2247 ἔτι
1262 2222 1302 2253 εἰς
1315 2221 1449 2256 πρόφασιν
1461 2221 1515 2247 τῶν
1535 2221 1623 2248 ἄλλων
1639 2222 1769 2257 αἱρέσεων
1785 2222 1839 2249 τῶν

1054 2267 1155 2302 ταύτην
1170 2267 1249 2293 πάλιν
1264 2266 1311 2302 τὴν
1324 2267 1457 2302 τραγικὴν
1479 2266 1606 2293 ὑπόθεσιν
1627 2266 1839 2303 ἐνστησαμένων

1054 2312 1097 2338 ove
1102 2312 1278 2347 ιρωττόντων.

1090 2411 1166 2438 Μετὰ
1184 2412 1237 2447 γὰρ
1256 2412 1289 2438 τὰ
1304 2411 1488 2447 προειρημένα
1510 2411 1630 2446 ὀνόματα
1644 2419 1725 2446 φασιν
1738 2412 1762 2438 οἱ
1777 2412 1842 2447 περὶ

1061 2458 1181 2484 Ἡσίοδον
1190 2458 1236 2484 καὶ
1245 2457 1346 2493 Ὀρφέα
1362 2458 1407 2483 καὶ
1416 2457 1579 2493 Στησίχορον
1588 2457 1768 2492 γεγεννῆσθαι
1787 2457 1842 2484 Οὐ-

1057 2503 1137 2540 ρανόν
1151 2512 1181 2529 τε
1195 2504 1242 2530 καὶ
1257 2503 1407 2538 Τάρταρον,
1417 2503 1519 2538 Κρόνον
1534 2511 1564 2529 τε
1579 2503 1626 2529 καὶ
1645 2504 1733 2536 Ῥέαν,
1748 2504 1797 2530 Δία
1811 2513 1842 2531 τε

1056 2550 1103 2577 καὶ
1118 2550 1215 2584 Ἥραν,
1230 2550 1276 2576 καὶ
1291 2549 1455 2581 Ἀπόλλωνα,
1472 2549 1625 2576 Ποσειδῶνά
1643 2558 1672 2576 τε
1694 2550 1739 2576 καὶ
1757 2551 1843 2577 Πλου-

1057 2604 1140 2626 τωνα.
1156 2596 1203 2622 καὶ
1221 2595 1332 2632 μυρίους
1351 2595 1443 2622 λοιπὸν
1464 2596 1527 2627 τοὺς
1549 2596 1612 2631 παρ’
1635 2597 1726 2628 αὐτοῖς
1743 2597 1844 2631 ὀνομα-

1058 2641 1196 2677 ζομένους.
1214 2642 1301 2677 Πολλὴ
1317 2642 1370 2677 γὰρ
1383 2641 1484 2668 τούτων
1501 2644 1516 2677 ἡ
1531 2642 1657 2678 ἀπατηλὴ
1672 2643 1701 2675 ἐξ
1716 2643 1844 2675 ὑπονοίας

1059 2688 1157 2724 πλάνη,
1175 2688 1192 2723 ἦ
1209 2697 1251 2719 τις
1272 2688 1437 2722 κενοφωνίαν
1454 2688 1650 2723 ὲγκισσήσασα,
1668 2689 1714 2714 καὶ
1730 2688 1844 2724 ἑξευρα-

1052 2735 1120 2770 μένη
1138 2734 1252 2766 πολλοὺς
1274 2734 1374 2769 μύθους
1392 2734 1594 2770 ὲποιητεύσατο.
1611 2735 1665 2760 Καὶ
1684 2734 1754 2769 αὕτη
1769 2734 1845 2762 ἐστὶν

985 2837 995 2853 ³
1012 2836 1041 2863 F.
1060 2836 1112 2863 ἀπὸ
1128 2835 1310 2872 πληρώματος
1326 2835 1365 2868 δέ,
1382 2839 1408 2863 ct
1423 2836 1482 2862 κατ’
1502 2835 1675 2871 ἀναζήτησιν.
