1961 3046
112 132 162 158 Mil

486 131 667 159 ADVERSUS
686 130 858 159 “ERESES
877 130 941 157 LIB.
964 130 984 157 Ι.
1006 129 1088 157 ΤΟΜ.
1111 130 1141 156 ll.
1164 145 1197 149 —
1217 129 1353 157 llx’ERES.
1375 129 1470 156 XXXI.

1687 127 1742 156 4-82

114 191 129 224 ἡ
148 189 264 215 δοκοῦσα
281 190 426 223 φαντάζειν
448 189 494 225 τὴν
517 190 572 217 τῶν
592 191 779 226 ἁπατωμένων
801 190 899 216 τούτων

956 195 1009 215 nna
1023 196 1067 215 res
1082 187 1163 224 168
1173 188 1334 215 miserorum
1350 188 1458 215 illorum
1473 186 1580 214 animos
1596 185 1662 213 falsa
1680 193 1742 221 spe-

111 235 242 261 διάνοιαν.

149 280 254 306 Γελοὶὀν
270 280 298 307 δὲ
310 281 389 312 εὐθὺς
405 281 487 307 πᾶσιν
501 281 656 316 εὑρίσκεται
670 282 755 308 ταῦτα
766 282 821 312 τοῖς
833 284 902 307 κατὰ

113 325 180 352 Θεὸν
203 326 249 352 τὸν
270 326 332 352 νοῦν
355 327 581 362 πεφωτισμένοις.
601 327 746 364 Παρελθὼν
766 328 794 354 δὲ
817 327 902 354 ταῦτα

113 369 202 402 αὖθις,
217 372 274 401 ταῖς
288 370 341 397 ἀπὸ
353 371 408 397 τῶν
424 371 532 405 βιϐλίων
545 371 633 399 αὐτῶν
649 372 820 404 ἀκολουθίαις
835 372 903 407 πρὸς

114 417 180 447 ἔπος
193 417 240 442 καὶ
257 416 325 444 κατὰ
337 417 408 449 λέξιν
422 417 471 452 τὴν
488 418 638 454 παράθεσιν
657 419 707 453 τῆς
729 419 794 453 ’τιταρ1
811 419 902 449 αὐτοῖς

115 462 311 496 ἀναγνώσεως,
337 463 409 497 λέγω
428 463 462 498 δὴ
484 463 532 498 τῆς
556 463 646 490 αὐτῶν
671 463 774 498 βίϐλου,
787 463 902 490 ἐνταῦθα

115 510 274 544 ποιήσομαι,
292 509 339 535 καὶ
352 509 419 536 ἔστι.

327 564 393 590 Ἀπὸ
410 562 470 590 τῶν
482 564 695 592 Οὐαλεντίνου.

151 610 189 636 E'.
206 609 276 636 Τάδε
292 609 368 643 παρά
385 609 526 644 φρονίμοις
544 610 599 644 (65)
611 618 617 624 ·
634 609 710 644 παρὰ
726 609 755 636 δὲ
766 609 901 644 ψυχικοῖς,

115 656 191 691 παρά
204 656 233 682 δὲ
251 656 400 691 σαρκικοῖς,
419 655 494 690 παρὰ
510 656 538 682 δὲ
558 658 708 691 κοσμικοῖς,
731 657 804 692 παρὰ
820 657 848 683 δὲ
864 656 903 692 τῷ

117 702 226 738 μεγέθει
246 701 317 733 Νοῦς
338 701 527 737 ἀκατάργητος
549 703 604 733 τοῖς
618 703 818 737 ἀκαταργήτοις
843 702 902 738 χαί-

116 755 184 782 ρειν.
212 747 416 781 ’Λνονομάστων
440 746 496 780 ἐγὼ
517 747 564 773 καὶ
584 746 788 782 ὑπερουρανίων
809 747 903 782 μνείαν

115 792 245 826 ποιοῦμαι
255 792 324 827 πρὸς
339 792 410 827 ὑμᾶς
425 792 445 824 ¹,
456 791 517 817 οὔτε
544 791 652 826 ἀρχαῖς,
675 791 737 818 οὗτε
757 791 901 824 ἐξουσίαις,

115 837 176 863 οὗτε
191 838 352 871 ὑποταγαῖς,
367 836 430 863 οὔτε
445 838 512 863 πᾶσι
531 837 722 872 περινοηθῆναι
736 836 901 872 δυναμένων,

118 883 186 920 μόνῃ
209 884 237 910 δὲ
259 885 291 919 τῇ
311 883 358 910 τοῦ
380 883 527 919 Ἀτρέπτον
549 883 638 918 ἐννοίᾳ
656 883 899 919 πεφανερωμὲνων.
920 873 940 901 Β

116 929 184 956 Οὔτε
202 929 257 965 γὰρ
278 929 366 965 ἀρχῆς
387 930 401 956 ὁ
417 930 583 965 Αὑτοπάτωρ
597 929 652 964 (64)
671 929 750 960 αὐτὸς
769 930 797 955 ὲν
813 929 902 965 ἑαυτῷ

117 978 236 1011 περιεῖχε
257 976 291 1003 τὰ
310 976 398 1003 πάντα
420 975 484 1003 ὄντα
507 976 536 1002 ὲν
560 975 650 1010 ἑαυτῷ
673 976 702 1001 ἐν
719 975 854 1011 ἀγνωσία,
873 975 902 1002 ὃν

116 1021 226 1048 καλοῦσί
241 1029 313 1053 τινες
326 1021 415 1048 Αἱῶνα
431 1022 567 1057 ἀγήρατον
577 1041 584 1053 ,
599 1021 641 1046 ἀεὶ
669 1019 806 1052 νεάζοντα,
821 1021 904 1055 ὰρῤε-

116 1066 240 1101 νόθηλυν,
262 1066 290 1098 ὃς
316 1066 430 1092 πάντοτε
456 1066 576 1101 περιέχει
598 1064 632 1091 τὰ
653 1065 757 1096 πάντα,
781 1065 829 1091 καὶ
853 1065 903 1091 οὐκ

115 1110 318 1145 ἐμπεριέχεται.
343 1111 408 1137 Τότε
435 1111 450 1146 ἡ
477 1111 506 1137 ὲν
530 1110 604 1145 αὐτῷ
627 1111 743 1137 Ἐννοια’
761 1110 903 1146 (ἠθέλησεν

115 1156 233 1191 ἐκείνην,
247 1156 280 1190 ἥν
300 1165 372 1188 τινες
388 1156 510 1183 Ἐννοιαν
525 1155 636 1190 ἔφασαν,
658 1155 745 1192 ἕτεροι
765 1156 851 1192 Χάριν
865 1157 903 1183 οὶ-

116 1200 197 1231 κείως
207 1200 251 1226 διὰ
269 1200 298 1226 τὸ
313 1201 577 1236 ὲπικεχορηγηκέναι
594 1201 678 1235 αὐτὴν
693 1201 902 1238 θησαυρίσματα

114 1245 161 1271 τοῦ
173 1245 312 1279 Μεγέθους
330 1247 385 1278 τοῖς
409 1247 440 1273 ἐκ
461 1247 509 1274 τοῦ
523 1247 679 1281 Μεγέθους·
696 1248 720 1273 οἱ
740 1247 769 1274 δὲ
789 1247 903 1283 ἀληθεύ-

116 1299 212 1322 σαντες
234 1291 316 1326 Σιγὴν
341 1292 582 1327 προσηγόρευσαν,
604 1293 644 1318 ὅτι
671 1292 704 1319 δι’
727 1292 902 1328 ἐνθυμήσεως

115 1336 199 1370 χωρὶς
215 1335 293 1369 λόγου
317 1336 350 1362 τὰ
374 1337 461 1363 πάντα
476 1337 506 1364 τὸ
521 1337 643 1371 Μέγεθος
665 1338 820 1364 ἐτελείωσεν
834 1339 851 1373 -)
865 1338 903 1369 ὡς

114 1380 162 1408 οὖν
177 1384 318 1418 προεῖπον,
341 1383 357 1418 ἡ
378 1383 514 1418 ἄφθαρτος
534 1383 629 1410 αἰωνία
653 1384 726 1419 (65),
744 1384 903 1420 βουληθεῖσα

114 1428 201 1463 δεσμὰ
215 1429 305 1464 ῥῆξαι,
323 1428 434 1464 ἑθήλυνε
449 1429 479 1456 τὸ
491 1429 614 1463 Μέγεθος
626 1429 669 1455 ἐπ’
681 1429 770 1465 ὀρέξει
784 1430 903 1457 ἀναπαύ-

116 1483 183 1505 σεως
203 1475 294 1501 αὑτοῦ.
312 1475 366 1501 Καὶ
382 1474 450 1510 αὕτη
474 1474 548 1510 αὐτῷ
573 1476 699 1509 μιγεῖσα,
723 1475 840 1508 ἀνέδειξε
856 1475 902 1502 τὸν

115 1521 226 1556 Πατέρα
241 1520 287 1555 17].,
302 1519 440 1555 ἀληθείας,
461 1519 490 1546 ὃν
505 1520 611 1551 οἰκείως
629 1521 654 1546 οἱ
670 1520 767 1547 τέλειοι
782 1521 903 1557 ’Ἄνθρω-

115 1575 164 1592 πον
181 1566 335 1600 ὠνόμασαν,
349 1566 390 1592 ὅτι
402 1563 436 1601 ἦν
449 1565 592 1596 ἀντίτυπος
604 1565 651 1591 τοῦ
666 1566 795 1601 πρώντος
811 1567 903 1600 Ἀγεν-

114 1612 206 1646 νήτου.
225 1611 302 1638 Μετὰ
317 1611 395 1638 τοῦτο
413 1611 441 1637 δὲ
458 1612 475 1647 ὴ
492 1611 558 1646 Σιγὴ
576 1612 630 1647 (66)
650 1612 766 1648 φυσικὴν
790 1612 903 1647 ἑνότητα

114 1658 203 1691 φωτὸς
216 1657 438 1692 προενεγκαμένη
471 1658 518 1683 σὺν
532 1657 572 1691 τῷ
594 1657 741 1693 Ἀνθρώπῳ
758 1655 801 1693 (ἦν
815 1657 843 1684 δὲ
857 1659 904 1684 αὑ-

114 1703 167 1729 τιῖιν
189 1704 206 1738 ἡ
224 1703 378 1734 συνέλευσις
401 1704 432 1729 τὸ
453 1703 562 1736 θέλειν),
587 1703 633 1729 καὶ
657 1704 827 1730 ἀναδείκνυσι
853 1704 903 1738 τὴν

114 1748 265 1783 Ἀλήθειαν.
279 1748 406 1784 Ἀλήθεια
420 1748 448 1775 δὲ
465 1749 516 1775 ὑπὸ
529 1748 582 1775 τῶν
596 1749 704 1775 τελείων
718 1749 824 1781 οἰκείως
837 1749 904 1776 ὠνο-

115 1794 217 1830 μάσθη,
234 1795 275 1821 ὃτι
291 1794 399 1830 ἀληθῶς
416 1795 495 1830 ὁμοία
511 1793 545 1830 ἦν
559 1796 590 1830 τῇ
609 1795 707 1829 ἑαυτῆς
723 1795 806 1830 μητρὶ
823 1795 900 1830 Σιγῇ,

113 1840 162 1874 τῆς
178 1839 261 1874 Σιγῆς
275 1839 353 1866 τοῦτο
371 1839 534 1875 βουλομένης
545 1841 568 1871 ³,
585 1840 638 1866 ἀπὸ
652 1840 792 1875 μερισμῶν
806 1839 902 1874 φώτων

113 1883 160 1910 τοῦ
178 1893 208 1910 τε
224 1884 336 1919 ἄρρενος
353 1884 401 1910 καὶ
422 1885 472 1920 τῆς
488 1884 596 1919 θηλείας
609 1885 666 1910 ἴσον
684 1882 763 1915 εἶναι,
781 1885 855 1916 ὅπως
869 1884 901 1910 δι’

113 1929 217 1955 ἑαυτῶν
238 1929 285 1956 καὶ
308 1929 324 1964 ή
340 1929 369 1955 ἐν
384 1929 476 1960 αὐτοῖς
498 1929 640 1964 φανερωθῇ
655 1930 710 1960 τοῖς
727 1928 758 1961 ἐξ
774 1929 857 1956 αὐτοῦ
873 1930 902 1956 ἐν

113 1975 187 2010 αὐτῷ
201 1976 242 2006 εἰς
258 1975 402 2010 αἰσθητικά
416 1975 493 2010 φῶτα
511 1975 678 2010 μερισθεῖσα.
699 1975 775 2002 Μετὰ
790 1975 868 2002 τοῦτο
883 1977 900 2011 ἡ

113 2021 249 2056 ’Δλήθεια,
263 2021 399 2056 μητρικὴν
410 2021 631 2056 προενεγκαμένη
644 2020 821 2056 Προυνεικίαν
833 2021 900 2055 (67),

113 2065 224 2101 ἐθήλυνε
249 2066 294 2092 τὸν
316 2066 423 2102 πατέρα
445 2067 543 2101 ἑαυτῆς
567 2067 607 2098 είς
628 2067 742 2102 ἑαυτήν·
768 2067 814 2093 καὶ
839 2075 901 2093 συν-

113 2112 195 2148 ῄεσαν
211 2113 317 2143 ἑαυτοῖς
330 2112 460 2148 ἀφθάρτῳ
479 2112 560 2148 μίξει,
576 2113 623 2139 καὶ
640 2113 770 2149 ἀγηράτῳ
781 2114 899 2150 συγκρά-

114 2165 165 2183 σει.
180 2157 235 2183 Καὶ
251 2157 421 2183 ἀναδείκνυσι
440 2158 556 2192 τετράδα
576 2159 764 2194 πνευματικὴν
787 2159 898 2195 ἀῤῥενό-

152 2235 160 2250 ¹
181 2233 212 2261 ν.
229 2235 297 2262 Cod.
316 2235 461 2270 μυστήριον
481 2234 549 2270 πρὸς
565 2235 647 2270 ὑμᾶς.

955 234 997 261 cie
1009 234 1122 261 deludit.

990 279 1042 306 Sed
1068 279 1102 306 iis
1116 285 1229 314 quorum
1262 278 1354 306 divina
1386 278 1447 305 luce
1474 278 1634 305 collustrala
1663 285 1741 305 mens

953 329 1004 358 est,
1021 325 1112 360 inepta
1128 325 1185 352 lucc
1194 325 1287 352 statim
1309 332 1341 352 ac
1357 324 1471 351 ridicula
1488 324 1624 351 videnlur.
1636 323 1741 357 Quibus

953 370 1034 397 modo
1055 371 1261 406 praetermissis,
1280 378 1341 405 quae
1371 371 1486 398 illorum
1506 370 1582 397 libris
1598 370 1741 396 continen-

954 419 1009 446 tur,
1028 420 1109 450 prout
1134 416 1167 442 ad
1186 416 1299 442 verbum
1317 415 1419 450 scripta
1439 416 1584 450 leguntur,
1611 414 1664 441 hoc
1681 414 1741 440 loco

954 469 1114 496 proponam.
1133 461 1203 488 Sunt
1217 461 1275 488 haec
1289 461 1436 496 ejusmodi.

1178 559 1220 586 Em
1238 559 1424 587 Valentiniano
1439 560 1516 587 libro.

988 604 1021 630 V.
1037 604 1100 632 Haec
1117 606 1187 640 apud
1199 606 1354 641 sapientes;
1369 607 1416 633 sed
1426 607 1496 641 apud
1515 606 1657 638 animales,
1670 606 1740 641 apud

953 651 1087 683 carnales,
1103 652 1175 686 apud
1192 653 1355 683 nmndanos.
1374 653 1443 686 apud
1457 658 1643 687 exaggeratam
1658 653 1741 685 animi

954 697 1018 727 vim,
1034 696 1090 724 Nus
1105 705 1244 732 nunquam
1263 697 1390 725 desinens
1404 700 1538 733 perpetuis
1556 707 1588 726 ac
1602 705 1741 732 nunquanl

953 741 1142 770 desinentibus
1154 762 1160 773 ,
1179 743 1304 770 salutem.
1320 742 1450 778 Equidem
1464 752 1558 771 eorum
1577 752 1637 779 qua:
1654 751 1742 778 nequc

954 789 1099 820 nominari,
1115 796 1165 816 nec
1179 789 1309 824 explicari
1330 791 1454 817 oratione
1471 795 1595 826 possunt,
1624 798 1741 826 quaeque

954 833 1111 860 cmlcstibus
1129 834 1195 868 ipsis
1220 835 1360 868 superiora
1385 839 1459 866 sunt,
1475 837 1639 863 mentionem
1668 835 1740 871 apud

954 886 1002 906 vos
1019 879 1176 906 instituam:
1194 887 1255 914 qua:
1276 888 1363 914 neque
1378 881 1558 915 principatus,
1585 890 1673 916 neque
1689 889 1738 916 po-

953 928 1077 957 testates,
1089 932 1140 952 nec
1163 933 1223 960 qua:
1252 926 1305 953 illis
1318 927 1440 959 subjecta
1468 931 1542 958 sunt.
1559 935 1647 962 neque
1666 927 1740 954 aliud

952 970 1100 1005 quidquam
1109 971 1283 1006 intelligentia
1297 977 1384 1007 potest
1399 973 1540 1007 consequi,
1553 974 1657 1008 solique
1668 974 1738 1008 ejus,

953 1016 999 1050 qui
1014 1020 1056 1043 est
1071 1017 1257 1049 immutabilis,
1271 1022 1335 1045 sunt
1346 1019 1494 1053 cognitioni
1505 1019 1649 1053 patefacta.
1661 1019 1739 1047 Prin-

952 1063 1025 1097 cipio
1041 1063 1175 1097 siquidem
1194 1071 1284 1090 rerum
1309 1065 1429 1091 omnium
1446 1065 1469 1092 is
1482 1066 1526 1099 qni
1543 1073 1591 1100 per
1606 1073 1634 1093 se
1651 1066 1740 1100 ipsum

953 1109 1032 1136 Pater
1048 1113 1100 1141 est,
1113 1109 1238 1136 universa
1252 1109 1279 1137 in
1295 1110 1441 1145 semetipso
1460 1111 1576 1138 obseura
1592 1111 1739 1146 ignotaque

953 1155 1123 1188 continebat;
1165 1162 1245 1188 quem
1278 1155 1401 1181 nonnulli
1429 1154 1546 1182 Eoncm
1592 1156 1741 1183 senectutis

953 1205 1102 1235 expertem,
1131 1208 1293 1235 semperque
1319 1201 1472 1231 ﬂorentem,
1489 1206 1515 1229 et
1534 1210 1635 1229 marem
1663 1202 1741 1230 femi-

953 1253 1072 1281 namque
1086 1251 1194 1278 vocant,
1211 1247 1256 1281 qui
1276 1248 1366 1274 omnia
1378 1248 1536 1282 complexus
1551 1249 1622 1275 nulla
1635 1256 1663 1275 re
1682 1249 1741 1283 ipse

953 1291 1203 1326 comprehenditur.
1222 1291 1299 1319 Tunc
1319 1301 1380 1327 qua:
1408 1294 1434 1320 in
1458 1294 1504 1320 illo
1533 1294 1620 1321 inerat
1639 1294 1714 1322 Mens
1731 1303 1738 1322 :

953 1337 1002 1373 (ita
1033 1338 1104 1365 enim
1123 1338 1231 1372 quidam
1252 1339 1399 1373 appellant.
1425 1339 1469 1366 alii
1489 1341 1600 1374 proprio
1632 1342 1741 1369 nomine

953 1383 1082 1413 Gratiam.
1101 1384 1174 1419 quod
1191 1384 1387 1418 Magnitudinis
1403 1386 1558 1417 thesauros,
1582 1386 1609 1413 in
1629 1394 1676 1413 cos
1691 1387 1738 1422 qni

953 1436 987 1456 ex
1007 1428 1190 1463 Magnitudine
1206 1433 1284 1456 erant
1315 1429 1509 1464 insumpserit;
1523 1431 1570 1458 sed
1591 1431 1687 1458 melius
1705 1432 1739 1458 ab

954 1475 1014 1502 aliis
1029 1475 1171 1502 Silentium
1205 1479 1328 1507 vocatur,
1350 1476 1478 1511 quoniam
1506 1476 1574 1503 citra
1605 1477 1740 1504 sermonis

955 1528 1033 1548 usum
1051 1520 1142 1547 omnia
1159 1519 1316 1556 Magnitudo
1338 1522 1501 1556 cogitatione
1513 1522 1570 1549 sola
1593 1522 1704 1557 perfecit
1719 1522 1740 1558 ε)

954 1565 1011 1596 sed,
1029 1570 1057 1591 ut
1080 1566 1147 1598 dixi,
1163 1573 1225 1593 cum
1255 1567 1412 1602 incorrupta
1446 1567 1502 1594 hate
1517 1576 1548 1595 ex
1564 1575 1674 1596 monum
1687 1576 1740 1596 nu-

953 1618 1029 1638 mero
1040 1612 1150 1643 l'emina.
1167 1612 1284 1640 vinculis
1297 1613 1426 1647 expedire
1445 1621 1506 1641 sese
1522 1614 1614 1647 vellet,
1634 1614 1740 1650 Magni—

953 1657 1075 1684 tudinem
1090 1658 1212 1686 libidinis
1234 1659 1370 1687 illecebris
1382 1660 1417 1686 ad
1440 1660 1482 1687 sui
1511 1660 1739 1689 consuetudinem

952 1703 1064 1731 inﬂexit.
1081 1703 1119 1731 Ex
1135 1712 1188 1739 qua
1202 1705 1324 1732 veritatis
1336 1705 1417 1733 Pater
1431 1711 1589 1740 procreatus
1598 1711 1649 1739 est,
1659 1714 1741 1742 quem

953 1750 998 1784 qui
1008 1750 1120 1784 perfecti
1136 1755 1199 1778 sunt
1217 1753 1326 1787 proprie
1338 1751 1479 1779 Hominem
1498 1754 1645 1789 appellant,
1663 1754 1738 1790 quod

951 1796 1011 1830 ejus
1029 1797 1074 1831 qui
1088 1797 1163 1831 prior
1175 1801 1227 1831 est,
1249 1805 1299 1826 nec
1313 1799 1348 1826 ab
1359 1798 1414 1825 ullo
1425 1801 1591 1834 estgenitus,
1612 1800 1741 1828 similitu-

951 1842 1042 1870 dinem
1057 1843 1167 1871 referat.
1188 1843 1290 1872 Deinde
1309 1844 1371 1880 Sige
1385 1846 1537 1872 naturalem
1551 1847 1664 1873 lmninis
1678 1847 1739 1873 uni-

952 1893 1032 1916 tatem
1058 1896 1119 1916 cum
1149 1889 1263 1917 Homine
1287 1891 1441 1925 producens
1471 1892 1578 1927 (horum
1593 1899 1657 1919 vero
1673 1899 1738 1920 con-

950 1934 1055 1969 junctio
1084 1935 1224 1964 voluntate
1257 1937 1315 1964 sola
1349 1937 1467 1972 perfecta
1509 1939 1561 1972 est)
1592 1938 1739 1966 Veritatem

954 1981 1049 2008 edidit.
1067 1980 1132 2013 Qua:
1151 1989 1183 2009 eo
1198 1983 1309 2010 nomine
1325 1984 1422 2010 merito
1445 1992 1459 2010 ιι
1481 1983 1606 2018 perfectis
1638 1984 1739 2012 donata

954 2028 1002 2056 est,
1018 2025 1088 2059 quod
1109 2026 1189 2053 matri
1203 2035 1260 2054 suae
1276 2028 1338 2062 Sige
1361 2028 1451 2063 reipsa
1469 2029 1566 2056 similis
1579 2033 1661 2060 esset,
1678 2037 1739 2064 qua!

953 2078 985 2097 ex
1006 2070 1186 2100 divisionibus
1207 2072 1351 2104 luminum,
1376 2078 1431 2100 tam
1458 2075 1542 2102 maris
1562 2083 1642 2110 qnam
1659 2075 1738 2102 femi-

953 2123 1005 2146 nae,
1021 2115 1138 2150 idipsnm
1153 2117 1258 2152 aequale
1286 2125 1348 2145 esse
1373 2119 1507 2150 voluerat,
1525 2123 1554 2144 ut
1569 2119 1595 2144 in
1610 2117 1738 2145 sensibus

952 2161 1075 2196 exposita
1091 2162 1194 2189 lumina
1206 2162 1340 2198 dispersa,
1357 2170 1406 2198 per
1429 2163 1474 2190 illa
1487 2164 1556 2198 ipsa,
1573 2167 1600 2190 et
1619 2163 1646 2190 in
1658 2163 1738 2198 ipsis,

692 2236 702 2250 ¹
717 2235 746 2263 ν.
766 2235 951 2272 βουληθείσης.

150 2313 205 2347 (65)
228 2312 298 2349 Τάδε
319 2313 398 2347 παρὰ
410 2313 573 2349 φρονίμοις.
587 2311 708 2339 Obscura
725 2313 896 2349 ctrintricata

954 2314 1076 2349 genuisse
1090 2314 1231 2345 Veritatis,
1253 2318 1310 2349 tum
1327 2321 1392 2341 vero
1406 2321 1468 2340 cum
1489 2313 1584 2341 eodem
1599 2313 1645 2340 illo
1657 2321 1737 2348 quem

114 2347 250 2375 Valentini
267 2348 323 2374 haec
337 2352 378 2375 est
389 2352 486 2374 oratio.
502 2347 594 2374 Priora
610 2348 720 2381 quidem
738 2348 782 2375 illa
797 2349 896 2374 inscri-

114 2384 214 2418 ptionis
236 2383 376 2410 formulam
402 2383 558 2418 praeterunt.
576 2383 710 2409 Caeterum
735 2383 787 2410 hoc
807 2383 895 2417 ipsum

116 2417 296 2452 fragmentum
321 2426 408 2452 neque
433 2425 447 2444 a
470 2417 613 2445 Valentino
633 2418 786 2452 scriptum,
808 2425 897 2453 neque

115 2461 210 2488 purum
225 2460 256 2478 ac
267 2456 363 2487 putum
380 2453 451 2480 illius
467 2453 563 2487 dogma
578 2453 782 2488 complectitur;
800 2453 846 2480 sed
863 2454 897 2480 ab

114 2487 172 2522 i-jus
188 2487 332 2522 discipulis
353 2488 562 2523 interpolatum,
585 2491 616 2514 ut
633 2496 666 2515 ex
681 2487 795 2515 Tertull.
820 2489 898 2515 colli-

133 2526 197 2550 itur.

115 2532 204 2594 sutili?)
221 2557 295 2594 Οὔτε
309 2557 364 2593 γὰρ
386 2557 482 2594 (ὶρχῆς
494 2559 510 2585 ὁ
530 2558 719 2592 Αὑτοπάτωρ.
741 2557 896 2594 Legendum

115 2593 242 2628 arbitror.
253 2593 297 2628 δῖε
309 2593 362 2628 γάρ
374 2593 402 2625 ἐξ
413 2594 509 2628 ἀρχῆς·

148 2627 203 2663 (65)
222 2627 252 2653 Ἠ
266 2627 629 2664 ἄφθαρτος-ᾲὶωνίαντγιιεεθ
643 2627 710 2655 αἰών
725 2635 774 2662 pro
788 2629 893 2656 αίωνία.

114 2661 235 2689 Νιιιιιει
257 2663 376 2689 {eminus
406 2662 508 2690 {Eones
532 2661 692 2691 Valentinus
724 2661 892 2690 nominabat.

115 2697 226 2733 Tertull.
252 2703 346 2724 contra
362 2696 476 2733 VValent.
504 2706 564 2733 cap.
586 2700 622 2725 9:
648 2697 803 2725 Nouissima
829 2705 894 2726 nam

115 2732 204 2760 (Eon:
220 2733 312 2760 viderit
326 2732 496 2763 solacium“,
513 2732 611 2767 sep/tia
627 2734 696 2760 enim
705 2741 796 2760 nonten
808 2738 856 2760 est.

149 2768 204 2801 (66)
224 2768 302 2794 Μετὰ
319 2767 406 2794 τοῦτο
426 2767 461 2794 δὲ
479 2768 498 2802 ἡ
519 2768 602 2803 Σιγὴ.
624 2769 759 2801 Quantum
779 2769 806 2795 in
823 2773 893 2796 tene

116 2802 230 2830 bricosis
255 2803 453 2837 implicatisque
473 2802 572 2838 fabulis
592 2804 689 2838 diepici
709 2807 814 2838 potest,
840 2804 892 2830 hoc

115 2837 201 2872 ipsum
223 2838 376 2874 signiﬁcare
395 2838 512 2871 videtur,
537 2837 619 2874 Sigea
640 2837 657 2867 e
678 2837 763 2874 Bitho
786 2843 890 2874 patrem

951 2348 1080 2383 genuerat
1095 2350 1248 2384 copulatam
1263 2369 1270 2381 ,
1290 2348 1436 2376 Veritatem
1454 2349 1582 2376 edidisse.
1597 2349 1674 2381 Quod
1689 2349 1740 2375 ali-

951 2388 992 2410 ter
1006 2384 1076 2419 apud
1090 2384 1161 2412 lren.
1181 2389 1208 2411 et
1221 2384 1335 2419 Tertull.
1353 2385 1468 2418 legitur;
1482 2391 1544 2410 nam
1559 2392 1591 2419 ex
1609 2384 1696 2419 Bytho
1706 2387 1739 2419 et

951 2419 1014 2453 Sige
1026 2418 1129 2446 ambos
1147 2419 1208 2447 illos
1222 2418 1336 2451 Bonas,
1351 2419 1470 2452 Patrem,
1487 2420 1545 2446 sive
1559 2418 1638 2451 Nun,’
1645 2423 1672 2446 et
1691 2418 1739 2447 Ve-

950 2455 1060 2481 ritatem
1075 2459 1217 2489 susceptos
1231 2459 1367 2481 asserunt.

987 2489 1042 2525 (67)
1073 2488 1227 2524 Μητρὶκὴν
1252 2488 1494 2524 προενεγκαμένη
1527 2489 1736 2523 Προυνεικίαν.

951 2523 1205 2560 ῈοτιιέΠρουνικίαν
1221 2531 1270 2558 pro
1284 2525 1406 2552 libidinis
1418 2524 1555 2552 illecebris
1568 2525 1696 2559 sumpsit,
1710 2531 1738 2552 ut

951 2560 1071 2595 μητρικὴ
1085 2560 1138 2586 ἀπὸ
1149 2559 1199 2594 τῆς
1209 2560 1326 2595 μήτρας,
1341 2559 1487 2587 deductum
1504 2560 1550 2587 sit.
1564 2560 1696 2594 Origenes
1710 2560 1739 2587 in

949 2594 1070 2626 Celsum,
1083 2599 1150 2622 tom.
1164 2603 1189 2622 vr
1208 2602 1214 2620 :
1242 2594 1393 2630 Προυνικὴν
1413 2595 1441 2621 δέ
1461 2603 1521 2621 τινα
1534 2595 1631 2629 σοφίαν
1647 2596 1671 2621 οι
1684 2595 1738 2621 ἀπὸ

948 2629 1327 2666 Οὐαλεντίνουωόνομάςουσι,
1351 2629 1423 2666 κατά
1448 2630 1497 2666 τὴν
1512 2630 1738 2666 ηπεπλανημένην

947 2665 1050 2705 έαυτιῖέν
1064 2662 1173 2705 σοφίᾶν·
1189 2662 1377 2705 ἦς-σύμϐολον.
1387 2664 1457 2705 εξναι
1472 2662 1612 2700 βούλονται
1688 2662 1738 2690 δώ-

946 2700 1012 2737 δεκα
1025 2701 1113 2728 ἔτεσιν
1134 2700 1414 2737 αἱμορῤοῦσανκξθιι
1433 2701 1683 2737 unam‘quamdam
1704 2706 1737 2726 ac

946 2736 1111 2771 singularem
1134 2735 1282 2772 Προῦνικον
1307 2744 1321 2762 a
1348 2735 1547 2763 Valentinianis
1572 2735 1736 2770 appellatam

943 2778 999 2798 non
1015 2777 1089 2806 puto,
1102 2771 1165 2798 cum
1181 2771 1347 2807 ιιρουνίκους
1364 2779 1455 2800 teones
1480 2778 1575 2799 omnes
1597 2777 1737 2804 nuncupa-

943 2807 1022 2839 verit,
1039 2807 1089 2835 hoc
1102 2807 1212 2835 ouidein
1229 2809 1256 2834 in
1271 2807 1350 2835 libro.
