1961 3046
205 122 258 148 4ἕῶ

900 122 929 149 S.
951 121 1121 149 EPIPIIANII

1765 121 1820 151 484

205 178 238 204 iis
259 177 304 212 qui
320 185 364 219 ex.
379 177 438 212 ipso
455 181 482 205 et
507 178 534 204 in
556 185 615 212 ipso
636 185 709 208 sunt,
725 185 784 204 sese
811 177 983 212 patefaceret.

1037 178 1119 214 θηλυν
1133 178 1276 205 ἀντίτυπον
1290 187 1339 214 της
1353 179 1505 214 προσούσης
1521 179 1529 194 ¹
1544 178 1686 214 Τετράδος,
1708 178 1768 213 ἥτις
1784 177 1820 216 ἦν

203 223 300 249 Postea
330 222 457 250 Veritatis
482 229 631 250 maternam
663 223 814 257 pruniciam
841 222 984 257 proferens

202 274 342 303 parentem
372 277 452 295 suum
476 269 509 295 ad
531 269 611 304 169
632 270 674 295 sui
705 276 824 296 antorem
841 269 983 304 pertraxit.

202 313 292 346 Quare
306 313 386 340 ambo
415 314 572 348 incorrttpta
598 314 783 348 copulatione,
797 321 829 340 ac
843 321 984 348 nunquam

203 364 360 388 senescente
377 361 570 395 conjunctione
587 361 723 387 commisti
748 366 824 388 sunt.
841 361 917 388 Unde
928 361 986 395 spi-

203 407 291 432 ritalis
314 406 428 432 marium
460 414 491 432 ac
513 406 673 433 feminarum
713 407 843 441 quadriga
873 407 984 441 prodiit,

203 452 303 486 prioris
327 452 439 478 alterius
467 452 581 485 similis,
607 460 667 487 qua:
696 453 730 479 iis
744 457 870 487 quatuor,
888 453 983 488 Bytho,

203 495 275 530 Sigc,
291 496 380 527 Patre,
401 504 431 522 ac
446 496 565 524 Vcritate
586 497 742 524 constabat.
761 497 901 524 Posterior
920 506 985 524 vero

204 543 248 568 illa
274 550 307 568 ex
330 542 408 569 Patre
434 550 466 569 ac
495 543 558 578 Sige
580 543 711 578 producta
730 543 786 570 lucc
808 547 865 570 est:
887 543 983 576 ilomo,

202 587 341 619 Ecclesia,
366 587 483 620 Sermo,
512 588 584 615 Vita.
617 588 693 614 Tunc
725 589 984 623 comprehendentis

201 634 292 659 omnia
309 633 385 668 llytlti
400 635 538 661 voluntate
553 634 638 660 Homo
664 639 745 668 atque
766 634 886 661 Ecclesia
895 640 984 669 pater-

201 686 298 705 norum
313 687 470 706 sermonum
501 687 634 706 memores
657 680 828 714 invicemque
843 680 983 715 congressi

200 724 380 751 Prunicorum
405 726 522 753 marium
554 733 585 751 ac
623 725 783 752 feminarum
813 725 982 754 Dodecadem

199 773 379 804 procrearunt
394 779 400 796 :
418 778 507 797 mares
532 770 658 797 videlicet
697 770 776 799 istos.
804 769 982 802 Parat-lettnn,

200 814 364 846 Paternum,
399 815 561 844 Maternum.
588 816 696 845 Ainnm.
729 814 882 847 Tlteletum,
912 817 983 851 quod

1034 225 1137 256 Βυθὸς,
1160 225 1240 260 Σιγὴ,
1256 225 1365 260 Πατὴρ,
1381 225 1515 260 Ἀλήθεια.
1540 224 1613 259 Δῢτη
1635 225 1662 250 δὲ
1680 225 1696 259 ή
1721 226 1752 251 ἐκ
1771 224 1820 252 τοῦ

1035 271 1141 306 Πατρὸς
1160 271 1206 297 καὶ
1221 271 1270 306 τῆς
1290 272 1372 306 Σιγῆς
1394 271 1507 307 Τετρὰς,
1523 270 1691 305 Ἀνθρωπος,
1707 270 1821 306 Ἐκκλη-

1036 317 1090 349 σία,
1108 317 1202 351 Λόγος,
1220 318 1291 352 Ζωή.
1306 317 1372 343 Τότε
1385 317 1431 343 τοῦ
1450 317 1537 343 πάντα
1551 317 1721 352 περιέχοντος
1734 317 1819 343 Βυθοῦ

1036 362 1165 398 θελήματι
1187 364 1202 390 ὁ
1220 363 1377 398 Ἀνθρωπος
1399 363 1446 389 καὶ
1468 364 1484 398 ὴ
1508 362 1655 397 Ἐκκλησία
1679 361 1820 397 πατρικῶν

1037 409 1200 444 μνησθέντες
1214 409 1300 442 λόγων
1313 409 1444 443 συνῄεσαν
1456 409 1571 439 ἑαυτοῖς,
1586 408 1633 434 καὶ
1647 408 1819 434 ἁναδεικνῦσι

1035 455 1175 481 Δωδεκὰδα
1198 455 1366 490 Προυνείκων
1386 454 1574 490 ἁρῤενόθηλυν.
1592 455 1623 480 Οἱ
1647 452 1692 480 οὖν
1707 454 1820 490 ἇρῤενές

1035 501 1088 526 εἰσι
1114 499 1304 534 Παράκλητος,
1330 499 1484 534 Πατρικὸς,
1506 498 1660 534 Μητρικὸς.
1686 498 1818 530 ’Δείνους,

1035 545 1160 580 Θελητὸς,
1179 545 1192 570 ὃ
1207 546 1264 570 ἐστι
1276 545 1345 576 Φῶς,
1361 544 1610 579 Ἐκκλησιαστικός.
1627 544 1660 570 Αἱ
1674 543 1702 570 δὲ
1715 543 1820 578 θήλειαι

1035 591 1146 623 Πίστις,
1161 591 1253 620 Ἐλπὶς
1264 612 1270 624 ,
1286 591 1391 626 ’Λγάπη
1402 612 1409 622 ,
1429 591 1554 622 Σύνεσις,
1574 590 1708 625 Μακαρία,
1724 590 1818 624 Σοφία,

1037 637 1181 671 μετέπειτα
1197 637 1225 663 δὲ
1250 637 1334 670 Λόγος
1357 637 1404 663 καὶ
1427 638 1498 670 Ζωή.
1525 636 1579 662 Καὶ
1603 636 1688 667 αὐτοὶ,
1716 635 1745 661 τὸ
1769 635 1819 668 τῆς

1034 683 1162 714 αἰνέσεως
1184 683 1388 714 ἀναπλάσαντες
1411 682 1540 717 δώρημα,
1557 683 1662 712 ἑαυτοῖς
1679 680 1819 715 ἐκοινώνη-

1035 737 1094 754 σαν.
1108 726 1161 755 Ἶιν
1180 728 1207 754 δὲ
1224 730 1239 763 ὴ
1259 728 1384 754 κοινωνία
1406 727 1494 754 αὐτῶν
1513 728 1543 754 τὸ
1557 727 1671 762 θέλημα.
1690 727 1741 752 Καὶ
1758 734 1820 750 συν-

1034 771 1154 803 ελθόντες
1171 772 1337 805 ἀνεδείξαντο
1350 772 1454 798 Δεχάδα
1474 773 1655 806 Προυνείκων,
1670 771 1716 797 καὶ
1730 769 1820 796 αὐτῶν

1035 817 1257 852 ἀρῤενοθηλειῶν.
1286 815 1335 844 Ὧν
1360 819 1383 843 οἱ
1409 817 1458 852 μὲν
1482 817 1609 852 ἆρῤενές,
1624 817 1677 842 είσι
1705 815 1817 847 Βύθιος,

200 861 270 887 idem
288 865 329 888 est
352 868 383 887 ac
400 861 514 893 Lumen,
528 861 766 891 Ecclesiasticnm;
782 861 894 888 feminas
911 870 982 895 vero,

1036 864 1200 898 ’Δγήρατος,
1225 864 1366 898 Αὑτοςρυὴς
1376 884 1383 895 ,
1399 864 1562 898 Μονογενὴς,
1576 863 1724 898 ’Δκίνητος.
1739 858 1819 888 Οὗτοι

200 906 305 938 Fidem,
317 907 407 942 Spem,
424 907 602 937 Cltarilatetn,
615 907 832 941 Intelligentiam,
850 906 982 934 Fortuna—

200 955 265 984 tam,
283 952 459 987 Sapientiam.
477 953 578 980 Deinde
595 951 690 979 Sermo
706 960 738 978 ac
754 951 812 978 Vita
828 953 910 980 etiam
930 954 981 988 ipsi

200 999 288 1025 laudis
302 1007 401 1025 munus
412 999 579 1033 ellingentcs,
593 1006 685 1025 secum
698 998 813 1025 invicem
830 1000 982 1026 consociati

200 1049 274 1071 sunt.
284 1044 349 1076 Quae
360 1045 469 1078 quidem
478 1045 646 1072 consociatio
657 1045 796 1071 voluntate
805 1045 862 1072 sola
872 1050 982 1080 peracta

1035 910 1084 944 τὴν
1098 909 1288 945 προσωνυμίαν
1305 909 1353 944 τὴν
1368 911 1378 924 ¹
1392 909 1469 942 δόξαν
1485 909 1531 935 τοῦ
1547 909 1635 935 πάντα
1650 907 1819 944 περιέχοντος

1037 956 1206 990 ἐποιήσαντο.
1225 957 1257 982 Αἱ
1274 956 1302 982 δὲ
1322 956 1435 990 θήλειαι,
1451 955 1541 986 Μίξις,
1554 955 1679 986 Ἔνωσις,
1695 953 1820 989 Σύγκρα-

1038 1010 1090 1033 σις,
1109 1001 1234 1036 Ἐνότης,
1259 1001 1365 1036 Ἡδονή·
1379 1001 1425 1027 καὶ
1449 998 1526 1027 αὗται
1553 1000 1601 1035 τὴν
1628 999 1820 1035 προσωνυμίαν

1036 1047 1076 1077 εἰς
1093 1047 1171 1079 δόξαν
1185 1047 1235 1081 τῆς
1248 1047 1329 1081 Σιγῆς
1346 1047 1580 1082 περιεποιήσαντο.

199 1095 248 1117 est.
261 1089 331 1124 Ergo
347 1089 417 1116 inter
430 1097 489 1116 sese
505 1090 642 1116 commisti
655 1089 834 1117 Prunieorum
850 1090 980 1117 decadein
1000 1099 1031 1117 ex
1061 1092 1182 1119 maribus
1195 1099 1318 1126 peraaque
1337 1099 1367 1119 ac
1385 1092 1493 1119 feminis
1516 1096 1687 1119 constantem
1720 1099 1820 1127 genue-

200 1142 273 1164 runt.
301 1137 386 1171 Cujus
415 1137 442 1163 hi
467 1140 532 1164 sunt
559 1145 666 1164 mares:
686 1137 810 1172 Bythius,
839 1138 983 1173 Ageratus,
1004 1139 1320 1174 Autophyes,Unigena,
1346 1137 1551 1166 lmmobilisJii
1589 1139 1622 1166 ad
1655 1138 1820 1166 continentis

199 1184 288 1210 omnia
307 1182 512 1210 contestandam
528 1183 641 1217 gloriam
668 1183 777 1209 sibimet
804 1183 864 1218 ejus
892 1185 1100 1218 appellationem
1115 1185 1282 1212 indiderunt.
1299 1185 1418 1212 Femina:
1432 1193 1495 1212 vero
1509 1190 1571 1212 sunt
1604 1185 1693 1212 Mistio
1711 1194 1717 1211 :
1738 1185 1819 1218 Unio,

200 1227 505 1264 Temperatio,Unitas,
522 1228 664 1263 Voluptas.
695 1229 763 1261 Qua:
792 1237 887 1257 omnes
917 1231 950 1257 ad
976 1231 1108 1258 bono-“em
1141 1231 1217 1267 Siges
1247 1233 1410 1267 pertinentia
1433 1232 1563 1259 vocabula
1587 1233 1712 1260 similiter
1740 1239 1821 1260 usur-

200 1281 309 1311 parum.

237 1323 278 1351 Vl.
297 1323 365 1350 Cum
377 1324 459 1358 igitur
475 1324 616 1352 absolutus
631 1325 683 1352 hoc
700 1325 781 1354 modo
798 1325 927 1352 Veritatis
941 1331 987 1359 pa-

201 1370 286 1397 rentis
316 1369 492 1398 Triccnarius
516 1371 603 1403 foret,
628 1379 707 1406 quem
741 1371 841 1398 terreni
864 1371 987 1398 homines

202 1417 357 1450 ignorantes
379 1420 523 1443 munerant
536 1436 543 1448 ,
564 1421 669 1444 etcum
695 1417 727 1443 ad
751 1417 839 1452 ipsum
858 1423 987 1451 pervene-

200 1461 265 1492 rint,
281 1461 356 1488 nullo
374 1462 490 1497 amplius
505 1467 613 1496 reperto
633 1470 757 1494 nttmero,
779 1463 875 1489 iterato
888 1462 914 1488 in
928 1469 988 1489 sese

200 1511 336 1534 retexunt.
359 1507 498 1541 Ejusmodi
515 1513 604 1535 autem
629 1508 673 1535 ille
691 1513 750 1535 est:
767 1508 886 1543 Bytltus,
908 1507 987 1542 Sige,

200 1551 290 1584 Pater,
311 1553 430 1586 Veritas,
454 1553 549 1582 llomo.
571 1554 703 1586 Ecclesia,
720 1554 825 1586 Sermo,
843 1553 913 1585 Vita,
936 1553 988 1580 Pa-

201 1602 306 1628 ternus.
321 1599 471 1629 Maternus,
489 1598 656 1632 Paracletus,
676 1598 923 1632 Ainus,Theletus,
943 1599 989 1626 Ee-

201 1644 372 1671 elesiasticus
382 1663 389 1675 ,
406 1644 485 1671 Fides
496 1664 503 1676 ,
520 1644 604 1679 Spes,
624 1645 750 1671 Charitas
762 1664 769 1676 ,
791 1644 969 1680 luteiligentia
979 1667 986 1677 ,

201 1689 371 1723 Fortunata,
398 1690 552 1724 Sapientia,
575 1690 699 1725 Bythius,
725 1690 873 1725 Agerattts,
905 1691 988 1718 Auto—

201 1735 295 1771 pltyes.
313 1731 623 1770 Unigenaplmmobilis,
642 1735 741 1768 Mistio,
757 1735 892 1769 Cognitio,
908 1736 988 1763 Tem-

201 1782 314 1816 peratio.
329 1780 436 1813 Unitas,
453 1780 594 1816 Voluptas.
605 1781 673 1808 Tum
684 1781 731 1816 qui
742 1781 868 1808 universa
881 1788 985 1808 summa

200 1835 250 1855 sua
261 1827 393 1862 sapientia
410 1828 530 1854 continet
546 1827 699 1862 Ogdoadem
714 1827 826 1854 alteram
842 1827 901 1854 loco
915 1828 987 1861 prio-

200 1872 239 1899 ris
254 1872 327 1899 illius
349 1879 381 1898 ac
402 1872 536 1906 primariae
561 1871 749 1907 appellandam
767 1879 828 1899 esse
846 1875 984 1901 statuens.

200 1925 261 1952 qua)
276 1917 301 1943 in
319 1916 478 1944 Tricenario
501 1921 640 1951 permanet
660 1918 758 1951 (neque
781 1918 851 1943 enim
865 1917 986 1951 ingentes

201 1961 397 1997 Magnitudinis
414 1962 526 1996 spiritus
542 1962 660 1988 coerceri
678 1962 733 1988 ullo
747 1969 776 1988 se
788 1969 901 1989 ntnnero
913 1962 986 1989 sine-

201 2009 287 2041 bant).
305 2015 354 2042 pro
368 2008 489 2034 maribus
509 2015 597 2034 mares
611 2008 679 2034 alios
701 2007 857 2040 substituit,
879 2007 984 2038 Unum,

201 2055 331 2086 Tertium,
347 2053 666 2088 Quintttm,Scptintum:
681 2054 847 2088 totidemque
860 2053 984 2083 feminas.

202 2099 356 2131 Binarium,
392 2098 574 2130 Ternaritttn,
605 2099 768 2129 Senarium,
796 2099 983 2126 Octonarium.

1073 1325 1117 1357 ς’.
1133 1324 1350 1359 Τετελειωμένης
1360 1321 1406 1350 οὖν
1421 1323 1469 1358 τῆς
1482 1324 1550 1351 κατὰ
1562 1324 1669 1360 Πατέρα
1681 1324 1822 1360 Ἀληθείας

1038 1369 1196 1405 Τριακάδος,
1215 1371 1248 1405 ἦν
1261 1370 1285 1396 οἱ
1298 1369 1411 1403 ἐπίγειοι
1426 1369 1461 1404 μὴ
1474 1370 1648 1404 ἐπιστάμενοι
1665 1370 1821 1406 ἀριθμοῦσι,

1038 1415 1085 1441 καὶ
1107 1416 1204 1441 ὁπόταν
1223 1415 1335 1441 ἔλθωσιν
1353 1415 1395 1441 ἐπ’
1409 1415 1508 1449 αὐτὴν,
1527 1415 1625 1450 μηκέτι
1644 1415 1758 1450 ἀριθμὸν
1778 1415 1823 1442 εὑ-

1041 1460 1196 1495 ρίσκοντες,
1219 1460 1399 1486 ἁνακυκλοῦσι
1423 1460 1503 1487 πάλιν
1522 1460 1701 1496 ἀριθμοῦντες
1726 1461 1820 1496 αὐτήν.

1042 1506 1119 1532 Ἔστι
1131 1505 1158 1532 δὲ
1174 1505 1268 1537 Βυθὸς,
1283 1505 1359 1541 Σιγὴ,
1381 1506 1484 1541 Πατὴρ,
1498 1505 1633 1541 Ἀλήθεια,
1652 1506 1820 1542 Ἀνθρωπος,

1039 1551 1195 1587 Ἐκκλησία,
1207 1552 1303 1586 Λόγος,
1320 1551 1390 1587 Ζωὴ,
1407 1551 1552 1586 Πατρικὸς,
1565 1552 1715 1587 Μητρικὺς,
1730 1553 1823 1587 Παρά-

1039 1598 1147 1633 κλητος,
1160 1598 1288 1630 Ἀείνους,
1303 1597 1428 1632 Θελητὺς,
1445 1597 1698 1632 Ἐκκλησιαστικὸς,
1716 1598 1821 1631 Πίστις,

1039 1643 1143 1675 Ἐλπὶς,
1161 1643 1278 1679 ’Λγάπη,
1299 1643 1420 1674 Σύνεσις,
1442 1643 1587 1678 Μακαρία,
1606 1643 1700 1677 Σοφία,
1714 1643 1820 1675 Βὺθιος,

1039 1689 1198 1724 ’Λγήρατος,
1215 1689 1365 1723 Αὐτοφυὴς,
1380 1688 1521 1722 Ὀλογενὴς
1532 1688 1552 1720 ³,
1567 1687 1715 1722 ’Δκίνητος,
1729 1688 1821 1721 Μίξις,

1038 1732 1150 1763 Γνῶσις,
1172 1732 1335 1766 Σύγκρασις,
1357 1732 1476 1767 Ἐνότης,
1500 1732 1605 1767 Ἡδονή.
1623 1732 1688 1758 Τότε
1707 1733 1722 1758 ὀ
1734 1733 1822 1760 πάντα

1038 1779 1172 1814 περιέχων
1194 1779 1299 1804 συνέσει
1323 1780 1355 1813 τῇ
1379 1779 1583 1814 ἀνυπερϐλήτῳ,
1606 1778 1771 1814 δογματίσας
1791 1788 1822 1806 τε

1037 1823 1170 1857 κληθῆναι
1184 1824 1280 1858 ἑτέραν
1295 1824 1425 1857 Ὀγδοάδα
1442 1825 1502 1850 ἀντὶ
1513 1824 1564 1858 τῆς
1577 1824 1714 1860 προούσης
1726 1825 1822 1852 αὐθεν-

1036 1870 1114 1904 τικῆς
1128 1869 1279 1903 Ὀγδοάδος,
1294 1870 1352 1905 ἥτις
1373 1871 1401 1895 ἐν
1423 1870 1461 1904 τῷ
1485 1871 1594 1905 ἀριθμῷ
1612 1871 1661 1905 τῆς
1673 1870 1822 1904 Τριακάδος

1039 1915 1113 1950 μένει
1137 1916 1177 1950 (οὐ
1203 1916 1257 1952 γὰρ
1278 1914 1313 1951 ἦν
1333 1916 1472 1950 Μεγέθους
1494 1917 1620 1952 φρόνημα
1644 1918 1684 1946 εἰς
1706 1917 1823 1952 ἀριθμὸν

1037 1961 1167 1995 πίπτειν)·
1185 1962 1347 1996 ἁντέστησεν
1372 1962 1431 1988 ἀντὶ
1453 1962 1506 1988 τῶν
1530 1962 1650 1998 ἀρσένων
1664 1963 1728 1994 τοὺς
1742 1963 1823 1998 ἄρσε-

1036 2015 1099 2038 νας,
1122 2007 1209 2033 Μόνον
1218 2026 1226 2036 ,
1249 2006 1344 2042 Τρίτον
1354 2027 1361 2037 ,
1383 2007 1511 2041 Πέμπτον
1521 2027 1528 2038 ,
1549 2007 1680 2041 Ἕϐδομον
1689 2016 1697 2022 ’
1711 2007 1757 2033 καὶ
1771 2007 1822 2039 τὰς

1037 2051 1155 2086 θηλείας,
1176 2053 1273 2083 Δυάδα,
1294 2052 1430 2088 Τετρὰδα,
1454 2053 1565 2085 Ἐξάδα,
1588 2052 1724 2086 Ὀγδοάδα.
1746 2053 1822 2089 Αὕτη

1036 2096 1082 2124 οὖν
1097 2099 1113 2133 ἡ
1134 2099 1244 2132 Ὀγδοάς
1260 2099 1333 2125 ἐστιν
1347 2100 1363 2135 ἡ
1381 2099 1571 2133 ἁντικληθεῖσα
1585 2099 1645 2125 ἀντὶ
1658 2100 1708 2134 τῆς
1723 2100 1822 2135 προσύ-

202 2145 281 2179 170
296 2143 357 2171 Haec
370 2148 412 2170 est
434 2143 540 2179 Ogdoas
559 2145 615 2177 illa,
633 2152 693 2177 qua":
712 2144 862 2179 superioris
878 2144 983 2179 Ogdoa-

1038 2152 1086 2178 σης
1105 2143 1260 2177 Ὀγδοάδος·
1280 2144 1375 2176 Βυθοῦ,
1397 2144 1512 2179 Πατρός,
1535 2143 1706 2179 Ἀνθρώπου,
1722 2145 1821 2179 Λόγου,

199 2192 241 2216 «tis
255 2198 353 2216 nomen
368 2190 401 2216 ad
423 2197 483 2217 sese
496 2190 653 2216 transtulit:
669 2189 758 2225 Bythi,
774 2189 874 2222 Patris,
889 2189 983 2216 Homi-

199 2236 252 2267 nis,
274 2235 425 2267 Sermonis,
451 2235 542 2270 Siges,
568 2235 711 2269 Veritatis,
736 2235 880 2268 Ecclesiat,
905 2235 980 2262 Vitae.

197 2281 264 2315 Quae
280 2282 387 2316 quidem
409 2282 554 2316 conjuncta
569 2281 729 2309 Ltnninibus
745 2287 802 2314 est,
827 2287 853 2309 et
870 2282 980 2309 absolu-

199 2335 242 2356 tus
257 2329 433 2357 Tricenarins
452 2330 549 2361 evasit,
573 2336 604 2355 ac
624 2328 697 2363 prior
719 2327 882 2355 Octonarius
904 2328 981 2362 quie-

198 2384 288 2406 scens,
298 2384 360 2403 cum
372 2380 399 2403 et
415 2376 516 2411 Bytlius
529 2383 576 2410 per
587 2374 778 2410 Magnitttdinis
793 2374 980 2401 fulcimentum

196 2422 271 2452 exiit,
291 2426 322 2448 ut
342 2430 403 2448 etttn
419 2413 576 2449 Triccnario
590 2429 651 2448 sese
662 2421 811 2455 copularet.
826 2420 895 2448 Vere
909 2421 982 2448 enim

195 2471 222 2493 et
235 2466 362 2493 Veritatis
378 2467 458 2494 Pater
482 2475 544 2494 cum
565 2467 686 2493 Ecclesia
700 2474 865 2501 congressus
880 2470 938 2497 est,
955 2471 979 2494 c'

196 2512 336 2539 Maternus
350 2511 438 2538 Vitam
462 2512 576 2538 sortitus
597 2517 655 2543 est,
672 2515 699 2538 ct
711 2511 868 2538 Paracletus
883 2511 965 2538 Unita

195 2563 259 2588 teut,
279 2561 307 2583 et
326 2557 424 2584 Unitas
440 2564 501 2584 cum
513 2557 640 2584 Veritatis
654 2556 768 2584 Parente
782 2557 907 2592 copulata
927 2562 978 2586 est.

194 2608 220 2631 et
239 2610 301 2629 cum
318 2601 379 2637 Sigc
397 2601 527 2629 Veritatis
545 2603 588 2629 ille
604 2602 705 2630 Parens
721 2603 781 2630 fuit.
797 2603 831 2629 At
845 2603 976 2637 spiritalis

235 2693 242 2707 ‘
260 2691 289 2718 F.
306 2691 452 2727 προούσης.
489 2692 499 2706 ε
518 2690 547 2718 F.
566 2692 606 2723 εἰς
621 2692 681 2726 τήν.
719 2691 729 2706 ³
742 2691 805 2718 Cor.
823 2691 986 2727 Μονογενής.

1035 2189 1083 2215 καὶ
1095 2189 1188 2223 Σιγῆς,
1201 2189 1352 2224 ’Λληθεὶας,
1368 2189 1542 2224 Ἐκκλησίας,
1557 2190 1642 2224 Ζωῆς·
1656 2190 1716 2225 ἥτις
1729 2190 1820 2226 ἡνώθη

1034 2237 1090 2267 τοῖς
1103 2236 1175 2262 Φωσὶ
1194 2237 1266 2270 (68),
1287 2237 1333 2262 καὶ
1352 2236 1460 2269 ἐγένετο
1481 2235 1602 2270 Τριακὰς
1617 2236 1819 2271 ἀπηρτισμένη,

1034 2282 1081 2309 καὶ
1098 2283 1114 2317 ή
1132 2283 1252 2318 προοῦσα
1276 2282 1386 2316 Ὀγδοὰς
1409 2282 1620 2317 ἀναπαυομένη,
1644 2281 1658 2307 ὅ
1680 2291 1708 2307 τε
1736 2282 1821 2313 Βυθὺς

1034 2327 1128 2362 ἐξῆλθε
1149 2327 1286 2361 Μεγέθους
1309 2327 1472 2362 στηρίγματι
1489 2327 1619 2361 ἐνωθῆναι
1635 2327 1668 2361 τῇ
1689 2326 1820 2362 Τριακάδι

1034 2373 1102 2409 αὑτὴ
1123 2371 1156 2408 ἦν
1170 2374 1190 2399 ⁸.
1208 2374 1247 2409 Τῇ
1263 2373 1317 2409 γὰρ
1340 2373 1453 2408 ἀληθείᾳ
1475 2373 1521 2399 καὶ
1537 2374 1551 2399 ὁ
1565 2373 1658 2408 Πατὴρ
1680 2374 1727 2408 τῆς
1742 2373 1820 2408 Ἀλη-

1032 2418 1106 2450 θείας
1125 2419 1274 2454 συνήρχετο
1290 2420 1323 2454 τῇ
1338 2418 1486 2454 Ἐκκλησία
1496 2439 1502 2449 ,
1519 2419 1566 2444 καὶ
1579 2419 1592 2444 ό
1608 2417 1748 2453 Μητρικὺς
1763 2415 1819 2452 εἶχε

1030 2465 1079 2500 τὴν
1094 2465 1179 2500 Ζωὴν,
1193 2466 1240 2491 καὶ
1251 2465 1264 2490 ὁ
1276 2465 1455 2500 Παρὰκλητος
1468 2465 1516 2500 τὴν
1533 2464 1639 2495 Ἐνὰδα,
1652 2464 1698 2490 καὶ
1710 2464 1727 2499 ἡ
1741 2463 1819 2494 Ἐνὰς

1029 2511 1124 2546 ήνοῦτο
1141 2510 1178 2545 τῷ
1202 2511 1289 2545 Πατρὶ
1311 2511 1363 2545 τῆς
1374 2511 1534 2546 Ἀληθείας,
1556 2511 1630 2536 καὶὸ
1651 2509 1744 2544 Πατὴρ
1768 2508 1819 2543 τῆς

1028 2556 1166 2591 Ἀληθείας
1180 2555 1213 2592 ἦν
1227 2557 1295 2592 μετὰ
1307 2557 1356 2591 τῆς
1364 2557 1456 2591 Σιγῆς.
1466 2557 1495 2583 Ὀ
1508 2557 1592 2591 Λόγος
1601 2554 1629 2582 δὲ
1642 2557 1656 2582 ό
1671 2563 1818 2590 πνευματια

1028 2604 1074 2635 κὸς
1080 2603 1216 2630 ἐκοινώνει
1229 2602 1376 2637 Πνεὺματι,
1385 2603 1431 2629 καὶ
1441 2603 1570 2638 ἀφθάρτῳ
1580 2602 1727 2637 συγκράσει
1735 2599 1818 2626 ποιῶν

1025 2692 1036 2706 ⁸
1051 2691 1082 2718 F.
1100 2693 1117 2726 ἡ
1135 2691 1257 2726 Τριακάς
1276 2691 1346 2726 αὕτη
1357 2689 1402 2727 ἦν,
1415 2691 1463 2719 sed
1476 2691 1534 2718 haec
1550 2693 1689 2724 corrupta.

228 2779 282 2813 (68)
296 2779 375 2816 Ἠτις
392 2777 492 2812 ’ἰδνώθη
506 2778 567 2816 τοῖς
584 2779 675 2806 Φωσί.
695 2779 766 2813 Quid
792 2781 814 2808 si
833 2779 912 2807 αἱῶσι
933 2784 982 2815 pro

1036 2781 1071 2807 )St
1094 2781 1236 2816 legendum
1255 2781 1305 2809 Sit?
1327 2780 1382 2808 Sed
1417 2789 1477 2816 qua:
1508 2784 1660 2816 sequuntur
1686 2777 1814 2813 perplexa

194 2819 260 2843 sunt
277 2815 432 2846 adtnodum,
449 2818 475 2841 et
493 2815 618 2841 obscura.
