1961 3046
87 133 145 161 487i

465 129 649 157 ADVERSUS
669 129 840 157 11ᾸὶῐῖΕὲΕὸ
861 128 890 155 LI

947 128 964 156 I.
985 128 1068 156 ΤΟΜ.
1090 129 1122 156 ΙΙ.
1143 143 1178 149 ——
1198 128 1335 156 IL’EIlES.
1354 128 1450 156 XXXI.

1691 124 1743 154 43ίί

93 192 127 218 τὺ
139 191 218 223 τέλος
235 190 284 217 τοῦ
297 191 473 225 Λύτομήτρος
486 190 506 222 ¹,
525 190 717 225 ἀδιχοτόμητον
735 190 783 225 τὴν
795 189 892 215 ἑαυτοῦ

947 189 1042 216 Sermo
1067 197 1129 217 cum
1165 189 1267 224 Spiritu
1296 189 1453 223 incorrupta
1478 186 1594 223 quadam
1622 185 1740 213 commi-

93 237 263 264 ἀνάπαυσιν.
273 237 304 262 'H
317 233 362 262 οὖν
374 235 505 270 Τριακὰς,
518 235 692 270 ἀπαρτίσασα
706 234 784 269 βύθια
793 235 895 269 μυστή-

93 291 151 318 ρια,
171 282 283 313 τελείως
303 282 408 317 ἄγαμον
423 282 433 296 ³
455 282 485 308 ὲν
503 281 651 316 ἀφθάρτοις
671 281 796 314 ἀπέδειξε
818 279 895 315 φῶτα

95 327 238 362 ἄφθαρτα,
263 327 342 353 ᾶτινα
358 325 467 361 Ἐνότης
479 326 489 341 ³
509 326 706 362 ὠνομάσθησαν
725 326 824 358 τέκνα,
848 326 895 352 καὶ

93 374 334 408 ἁχαραχτήριστα.
348 370 438 399 Ἱισαν
454 370 500 399 οὖν
519 372 617 408 μικροῦ
637 373 673 408 μὴ
690 372 894 407 παρακειμένου

94 420 173 449 ἐκτὸς
192 420 350 454 φρονήσεως
363 419 556 454 ἁναπαυόμενα
579 420 662 454 χωρὶς
677 418 806 450 Ἐννοίας.
827 419 896 452 Περὶ

94 467 149 502 γὰρ
160 464 191 493 οὗ
202 475 243 498 τις
252 467 379 501 πράσσει,
391 467 437 492 ἐὰν
450 467 487 501 μὴ
497 467 542 500 νοῇ
551 465 712 497 καθολικῶς,
723 466 754 491 οὐ
768 465 893 500 πράσσει.

96 513 162 540 Τότε
174 513 328 548 γενομένων
336 513 390 538 τῶν
401 513 507 546 φώτων,
516 509 553 539 ὧν
560 513 608 547 τὴν
617 512 816 547 πολυπλήθειαν
827 512 896 546 πρὸς

95 559 158 595 ἀριο
162 559 212 594 μὴν
224 557 341 590 ἐξειπεῖν
349 558 398 584 οὐκ
407 558 564 591 ἀναγκαῖον,
574 557 709 592 περινοεῖν
717 556 756 582 δέ·
768 556 895 590 (ἕκαστον

96 605 150 640 γὰρ
159 605 190 631 τὸ
210 604 274 630 ἴδιον
288 604 373 638 ὄνομα
384 603 555 639 κεκλήρωται
570 603 602 630 δι’
611 603 759 636 ἐπίγνωσιν
768 602 895 637 ἀρρήτων

99 651 281 686 μυστηρίων)
295 651 311 684 ἡ
328 643 373 676 οὖν
388 649 465 684 Σιγὴ,
480 649 640 684 βουληθεῖσα
650 649 690 680 εἰς
701 647 815 682 ἐκλογὴν
826 646 897 681 γνώ-

99 706 166 728 σεως
180 697 302 727 ἅπαντας
316 692 398 725 ὦσαι,
419 694 519 729 συνῆγε
542 695 574 728 τῇ
592 693 705 729 δευτέρᾳ
725 692 894 727 ἁντιτεθείσῃ

99 742 219 776 ’(ὶγδοέιδι
242 741 373 776 ἀφθάρτῳ
396 740 486 775 μίξει,
507 740 582 774 νοῖχῇ
598 739 625 765 δὲ
644 738 779 774 βουλήσει.
797 735 851 764 Ἷίν
867 737 895 763 δὲ

100 789 187 823 αὐτῆς
202 789 219 823 ὴ
235 787 311 822 νοῖχὴ
326 786 449 822 βοέλησις
461 785 572 820 Πνεῦμα
582 785 612 810 τὸ
626 785 714 818 ἅγιον,
730 784 760 810 τὸ
775 785 803 810 ὲν
819 783 893 818 μέσῳ

100 836 152 862 τῶν
168 835 253 868 ἁγίων
271 833 449 867 Ἐκκλησιῶν.
473 831 559 857 Ίόὖτο
579 828 624 857 οὖν
639 831 679 862 εἰς
696 830 745 865 τὴν
763 829 893 864 δευτέραν

949 235 1038 262 stionc
1055 235 1218 270 coniunctus
1242 239 1299 265 est,
1321 238 1347 261 et
1364 233 1547 260 Autometoris
1568 233 1666 264 linem,
1692 231 1744 259 hoc

950 286 992 309 est
1013 289 1169 316 perennem,
1183 289 1233 308 nec
1253 281 1432 315 interruptam
1447 280 1564 314 quietem
1581 286 1658 306 suam
1675 277 1741 305 eli'e-

946 327 993 354 cit.
1012 327 1193 360 Quamobrem
1209 326 1255 353 ubi
1270 325 1445 353 Tricenarius
1462 324 1596 359 profunda
1614 324 1658 350 illa
1683 331 1743 359 my-

947 372 1032 398 steria
1050 373 1153 406 peregit
1165 392 1173 403 .
1196 372 1256 398 sine
1274 372 1337 397 ullis
1352 371 1464 397 omnino
1482 369 1594 404 nuptiis,
1613 369 1742 396 utincor-

947 423 1027 453 rupto
1050 421 1269 453 scrupiternoquc
1294 417 1386 451 generi
1413 417 1558 447 convenit,
1582 417 1741 450 incorrupta

946 463 1039 490 itidem
1054 464 1164 496 lumina,
1181 472 1241 498 quae
1258 462 1354 489 Uuitas
1374 462 1554 496 appellantur,
1571 466 1699 496 tanquam
1715 462 1743 487 li-

946 509 998 537 lios
1014 510 1153 545 produxit,
1171 515 1197 537 et
1214 510 1323 544 quidem
1346 509 1486 535 informes.
1509 507 1640 534 Jac-ebant.
1657 508 1741 542 igitur

946 556 1142 591 propemodum
1166 555 1344 589 intelligentia
1359 555 1434 582 omni
1458 554 1589 581 destituta
1603 575 1610 587 ,
1633 561 1664 580 ac
1681 553 1741 581 sine

947 603 1001 630 ulla
1025 603 1108 629 animi
1133 603 1242 629 notione
1266 602 1452 636 quiescebant.
1472 600 1609 635 Quidquid
1632 600 1705 627 enim
1724 608 1739 627 a

946 649 1072 684 quopiam
1096 649 1202 683 agitur,
1230 648 1265 675 ab
1295 656 1347 677 eo,
1370 647 1423 674 nisi
1448 648 1576 674 universe
1595 647 1739 682 intelligat,

945 695 1035 730 agitur
1048 694 1129 721 nihil.
1150 693 1229 720 lluuc
1246 694 1273 720 in
1287 693 1398 720 modum
1414 694 1566 728 procreatis
1579 693 1739 724 luminibus.

945 748 1062 776 quorum
1077 739 1281 766 multitudinem
1297 739 1468 766 numerando
1488 747 1653 773 percensere
1668 740 1738 766 nihil

946 793 1059 814 necesse
1084 791 1140 818 est,
1166 786 1259 813 animo
1281 793 1346 812 vero
1375 785 1609 820 comprehendere
1632 789 1741 820 oportet.

946 833 1019 867 (nam
1037 832 1251 867 unumquodque
1277 839 1354 858 suam
1381 831 1589 866 appellationem
1614 832 1739 859 sortitum

101 881 228 914 Ὄγόοέιδα
242 879 352 914 πέμψας
362 879 382 910 ³,
395 878 487 904 ἔπεισε
503 877 550 903 καὶ
566 877 650 912 αὐτὴν
667 876 798 911 ὲνωθῆναι
810 877 890 912 αὐτῇ.

947 883 995 909 est,
1009 886 1070 913 quae
1085 886 1118 906 ex
1132 885 1298 905 arcanorum
1314 878 1505 913 mysteriorum
1529 878 1685 913 cognitione
1704 878 1739 906 de

101 927 189 961 Γάμος
205 923 252 953 οὖν
269 924 418 951 ἐτελειοῦτο
433 925 460 950 ὲν
475 925 531 954 τοῖς
545 923 595 958 τῆς
616 922 755 957 ὐγδοάδος
770 923 891 958 μέρεσιν,

101 971 245 1006 ὲνουμένου
266 970 312 996 τοῦ
338 969 414 1003 ἁγίου
438 968 597 1003 Πνεύματος
618 968 656 1003 τῷ
672 968 763 1002 Μόνῳ,
781 968 828 994 καὶ
844 968 894 1003 τῆς

101 1017 200 1049 Δυάδος
214 1017 252 1052 τῷ
269 1016 370 1051 Τρίτῳ,
386 1015 432 1041 καὶ
445 1015 492 1041 τοῦ
508 1014 606 1050 Τρίτου
620 1015 652 1049 τῇ
674 1013 773 1046 Ἐξάδι,
787 1014 831 1040 καὶ
845 1014 893 1049 τῆς

103 1063 243 1097 Ὸγδοάδος
260 1062 299 1097 τῷ
321 1062 460 1097 Ἐδῶμῳ,
476 1061 522 1088 καὶ
539 1061 585 1087 τοῦ
605 1060 734 1096 Ἐϐὄόμου
750 1061 782 1096 τῇ
800 1060 891 1091 Δυὰδι,

102 1111 148 1136 καὶ
175 1109 352 1144 τῆςἙξάδος
376 1109 414 1144 τῷ
438 1109 569 1143 Πέμπτῳ.
596 1108 664 1142 Ὂλη
691 1108 719 1134 δὲ
742 1107 758 1142 ἡ
784 1106 894 1140 Ὀγόοὰς

103 1155 216 1191 συνῆλθε
231 1156 299 1190 μετὰ
312 1155 409 1190 ἡδονῆς
428 1154 566 1190 ἁγηρὰτου
577 1154 623 1180 καὶ
632 1153 769 1188 ἀφθάρτου
784 1153 893 1187 μίξεως.

102 1203 139 1228 Οὐ
156 1202 211 1238 γὰρ
227 1199 260 1237 ἦν
273 1201 413 1237 χωρισμὸς
430 1201 560 1235 ἀλλήλων·
575 1198 609 1234 ἧν
623 1199 650 1226 δὲ
668 1199 818 1234 σύγκρασις
834 1198 892 1233 μεθ’

101 1248 196 1283 ἡδονῆς
219 1247 346 1282 ἀμώμου,
370 1248 416 1274 καὶ
438 1246 556 1278 ἀνέδειξε
581 1245 701 1272 Πεντάδα
723 1244 894 1280 Προυνείκων

102 1293 271 1329 ἀθηλὺντων,
286 1289 323 1319 ὧν
340 1293 374 1319 τὰ
388 1293 507 1328 ὀνόματά
523 1292 580 1318 ἐστι
598 1291 701 1318 ταῦτα·
722 1290 894 1325 Καρπιστὴς,

108 1339 262 1376 Ὁροθέτης,
278 1339 470 1374 Χαριστήριος,
489 1339 604 1372 Ἀφετος
615 1357 622 1369 ,
637 1335 831 1371 Μεταγιυγεύς.
845 1333 895 1362 Οὗ-

103 1395 142 1412 τοι
164 1387 213 1422 τῆς
234 1386 390 1420 Μεσότητος
415 1384 613 1420 ὠνομάσθησαν
639 1383 700 1410 υἱοί.
717 1382 851 1418 Βούλομαι
867 1381 894 1408 δὲ

105 1433 177 1468 ὑμᾶς
194 1432 353 1467 γινώσκειν,
380 1432 511 1467 Ἀμψίου,
535 1431 641 1466 Αὐρὰν,
663 1429 799 1461 Κουκουὰ,
822 1429 893 1463 Θαρ-

103 1479 190 1511 ὁεοοῦ,
209 1478 378 1511 υύσουκουὰ,
394 1478 561 1513 Θαρδεόδείν,
575 1477 695 1512 Μερεξὰ,
718 1475 811 1511 Ἀτάρ.
824 1475 895 1511 Βαρ-

105 1523 138 1550 ϐὰ
154 1523 180 1555 ³,
206 1523 346 1555 Οὺδουκᾶ,
368 1522 486 1557 Κέστην,
508 1521 639 1556 Οὺδουὰχ,
661 1521 768 1556 Ἐσλὴν,
795 1521 893 1556 Ἀμφὲ,

104 1568 271 1604 Ναισουμὲν,
304 1569 449 1600 Οὑανανὶν,
468 1568 636 1604 Λαμεταρδὲ,
653 1567 890 1602 Ἀθαμεσσουμὴν,

104 1615 238 1650 Ἂλλωρὰ,
260 1615 415 1647 Κοιιϐιαθὰ,
434 1614 582 1650 Ναδδαρία,
602 1613 716 1649 Δαμμὰ,
734 1613 824 1648 Ὠρὴν,
841 1613 894 1639 Aa.

103 1662 200 1696 ναφὲκ,
222 1661 371 1696 Οὐδανφὲχ,
399 1660 592 1695 Ἑνφοιθιϐοχὲ,
607 1659 711 1695 saepe,
726 1659 893 1694 Ἀσσιουαχὲ,

104 1707 198 1742 Βελὶμ,
213 1707 374 1742 Δεξαριχὲμ,
389 1706 502 1742 Μασέμ.

944 924 1088 960 promitur)
1108 932 1114 950 :
1135 925 1168 951 ad
1193 924 1314 952 scientia:
1339 923 1474 951 delectum
1501 924 1650 958 perpellere
1676 925 1745 951 uni-.

945 978 1038 997 versos
1053 970 1116 1005 Sige
1130 970 1253 1005 cupiens,
1279 971 1312 997 ad
1338 971 1487 997 secundam
1504 971 1739 1005 substitutamque

945 1015 1020 1043 illam
1042 1016 1100 1043 loco
1118 1016 1229 1043 alterius
1246 1015 1403 1051 Ogdoadein
1427 1016 1569 1050 adiunxit,
1585 1017 1739 1050 corruptela

945 1062 1035 1090 omnis
1051 1067 1161 1097 experte
1180 1061 1396 1097 conjunctione,
1427 1062 1474 1090 sed
1499 1063 1639 1090 voluntate
1665 1063 1739 1098 ejus-

947 1108 1020 1135 modi
1047 1116 1108 1144 quaa
1130 1108 1181 1136 sub
1208 1108 1417 1144 intelligentiam
1442 1108 1561 1136 caderet.
1578 1108 1739 1143 Cujusrnodi

945 1154 1093 1180 voluntatis
1109 1153 1228 1188 impetus
1246 1153 1367 1189 Spiritus
1383 1158 1496 1180 sanctus
1516 1157 1568 1185 est,
1581 1154 1629 1188 qui
1645 1154 1671 1180 iu
1686 1161 1741 1181 me-

945 1200 990 1227 dio
1007 1205 1164 1227 sanctarum
1184 1199 1367 1226 Ecclesiaruin
1384 1199 1496 1226 residet.
1515 1199 1602 1232 Quem
1619 1207 1681 1226 cum
1697 1207 1741 1227 se-

945 1245 1064 1272 cundam
1081 1245 1114 1271 ad
1126 1244 1282 1279 Ogdoadem
1298 1244 1485 1279 allegassct,ei
1498 1246 1634 1279 persuasit
1645 1253 1738 1273 secum

945 1295 976 1318 ut
991 1291 1048 1326 ipsa
1065 1292 1250 1326 copularetur.
1270 1290 1405 1324 Quocirca
1429 1291 1455 1318 iu
1475 1291 1590 1326 singulis
1604 1291 1741 1327 Ogdoadis

946 1336 1070 1370 partibus
1084 1336 1230 1363 celebratm
1240 1337 1342 1370 nuptize
1357 1340 1432 1363 sunt.
1444 1334 1584 1371 Siquidem
1598 1343 1660 1363 cum
1679 1336 1741 1365 Uno

946 1381 1066 1417 Spiritus
1081 1385 1192 1409 sanctus
1207 1382 1371 1416 conjunctus
1384 1386 1426 1409 est
1444 1391 1450 1408 :
1467 1390 1529 1409 cum
1545 1382 1638 1409 Tertio
1653 1382 1737 1418 Dyas,

946 1428 1054 1456 Tertius
1068 1436 1130 1456 cum
1148 1427 1257 1456 chade
1268 1448 1276 1460 .
1295 1432 1323 1456 et
1338 1436 1399 1456 cum
1414 1427 1537 1462 Septimo
1552 1428 1672 1463 Ogdoas,
1691 1429 1741 1457 Se-

945 1476 1048 1510 ptimus
1066 1482 1127 1501 cum
1148 1474 1249 1510 Dyade,
1267 1481 1329 1502 cum
1342 1475 1444 1508 Quinto
1461 1474 1560 1502 llcxas.
1575 1475 1614 1502 Ita
1632 1476 1741 1510 Ogdoas

947 1521 1075 1548 universa
1090 1528 1230 1556 nunquam
1243 1525 1429 1548 marcescente
1444 1522 1593 1556 voluptate,
1605 1526 1686 1557 atque
1699 1523 1741 1549 in-

947 1573 1021 1602 tegra
1051 1567 1264 1602 incorruptaque
1288 1567 1417 1595 mistione
1445 1569 1632 1603 conjungitur.
1661 1568 1741 1596 Nulla

948 1614 1046 1648 quippe
1071 1612 1106 1638 ab
1125 1613 1242 1640 invicem
1266 1613 1404 1647 separatio
1419 1612 1489 1640 fuit:
1507 1614 1555 1641 sed
1571 1619 1663 1641 mutua
1681 1622 1741 1642 om-

947 1658 1021 1685 nium
1035 1665 1096 1685 cum
1108 1657 1301 1685 honestissima
1315 1658 1455 1692 voluptate
1472 1659 1641 1694 temperatio.
1661 1660 1737 1695 171

946 1703 984 1730 Er
1005 1711 1058 1738 qua
1080 1703 1260 1730 Prunicorum
1277 1703 1401 1730 muliebri
1415 1709 1482 1731 seu
1502 1705 1653 1732 carentium
1671 1706 1741 1739 Qui.

105 1755 199 1782 uarius
213 1755 354 1785 exoritur,
372 1754 451 1788 cujus
475 1753 532 1780 bzcc
547 1756 612 1780 sunt
643 1751 776 1779 vocabula
794 1761 800 1778 :
821 1750 971 1786 Carpistcs.
1007 1750 1188 1778 llorothctes.
1216 1749 1416 1781 Charisterius,
1437 1750 1576 1786 Aphetus,
1603 1752 1740 1789 Methago-

105 1810 183 1835 gens.
200 1801 231 1829 Hi
257 1801 452 1829 Mediocritatis
466 1801 511 1827 lilii
527 1801 613 1828 vocati
626 1804 700 1828 sunt.
714 1799 800 1827 Velim
813 1803 903 1826 autem
925 1806 939 1824 a
951 1798 1027 1825 vobis
1041 1797 1181 1832 cognoui,
1195 1797 1319 1832 Ampsiu,
1338 1798 1440 1829 Auran,
1471 1799 1575 1832 Cucua,
1602 1800 1740 1840 ’l'hardus,

106 1847 231 1880 Ubucua,
248 1847 433 1878 Thardeddin,
450 1847 568 1877 Mercxa,
583 1846 660 1876 Atar,
682 1845 779 1875 Barba.
795 1845 899 1874 Uduca,
923 1843 1032 1874 Ceston,
1049 1842 1180 1874 Udnach,
1212 1842 1309 1874 Eslen.
1333 1843 1448 1878 Amplie,
1473 1844 1627 1878 Nagsumen,
1649 1846 1740 1873 Vana-

106 1898 162 1927 uin,
176 1895 346 1927 Lamctarde,
370 1895 599 1922 Athamessumen
610 1913 618 1924 ,
634 1893 738 1924 Allora,
754 1892 899 1924 Cubiatha,
919 1891 1066 1923 Naddaria,
1086 1890 1196 1917 Damma
1207 1911 1214 1924 ,
1244 1889 1316 1918 Oren
1329 1910 1336 1922 ,
1374 1890 1535 1926 Lanuphec,
1557 1893 1738 1928 Udanpbcch,

106 1943 356 1979 lmpbmthiboche,
383 1942 479 1973 Barra,
497 1940 675 1973 Assiovache,
696 1939 792 1971 Bcl'un,
809 1938 998 1970 Dcxarichem,
1015 1937 1128 1965 lllasem.

186 2002 378 2036 Πεπλήρωται
394 2002 429 2028 τὰ
445 2001 503 2028 ἀπὸ
516 2000 575 2028 τῶν
594 2000 814 2028 Οἰιιιλεντίνων.

142 2060 178 2086 Z’.
196 2060 250 2086 Καὶ
268 2058 354 2085 ταῐτα
373 2058 420 2093 μὲν
442 2057 495 2084 ἀπὸ
518 2057 620 2094 μέρους
640 2057 694 2083 τῶν
721 2056 830 2092 βιϐλίων
846 2056 895 2082 αὺ-

104 2106 157 2133 τῶν
173 2105 360 2141 παρατεθέντα
380 2105 433 2136 ἕως
450 2101 500 2130 ὧδέ
524 2113 568 2140 μοι
586 2103 715 2138 εἰρήσθω.
733 2103 895 2138 Ἑποιήσατο

104 2151 132 2178 δὲ
154 2147 231 2181 οὗτος
252 2150 282 2176 τὸ
305 2150 435 2185 κήρυγμα
451 2149 497 2176 καὶ
513 2149 541 2174 ὲν
564 2147 704 2183 Αἰγύπτῳ,
720 2147 781 2174 ὅθεν
802 2147 834 2183 δὴ
848 2148 895 2174 καὶ

982 1999 1116 2026 Hactenus
1136 2007 1168 2026 ex
1191 1999 1300 2026 illorum
1330 1999 1405 2027 libris
1422 2009 1453 2027 ea
1480 2000 1700 2034 deprompsimus.

980 2055 1037 2082 Vll.
1050 2055 1184 2083 Prarterca
1196 2056 1222 2082 in
1232 2055 1350 2092 Egypto
1365 2065 1473 2092 quoque
1486 2057 1613 2092 dogmata
1626 2058 1671 2085 illa
1687 2067 1738 2087 sua

946 2103 1111 2138 prorogavit.
1133 2102 1170 2129 Ex
1190 2110 1245 2138 quo
1270 2107 1409 2138 tempore,
1429 2103 1469 2130 sic
1486 2107 1617 2138 tanquam
1636 2105 1740 2139 viperi-

946 2156 1044 2175 norum
1061 2148 1166 2175 ossium
1190 2147 1332 2182 reliquiae.
1354 2148 1478 2183 quendam
1504 2149 1560 2175 illic
1580 2150 1686 2176 semina
1704 2150 1739 2177 il-

105 2197 142 2228 ὡς
155 2196 268 2230 λείψανα
287 2195 392 2231 ἐχίδνης
407 2194 508 2221 ὀστέων
524 2193 563 2220 ἔτι
580 2195 609 2220 ἐν
627 2193 757 2229 Αἰγύπτῳ
774 2193 893 2229 περιλεί-

947 2195 1000 2221 lius
1017 2194 1112 2221 relicta
1128 2197 1207 2226 sunt,
1225 2194 1378 2228 przesertim
1395 2195 1420 2220 in
1442 2194 1625 2228 Athribitide,
1638 2195 1739 2224 Proso-

105 2251 185 2269 πεται
198 2242 294 2268 τούτου
307 2242 323 2276 ὴ
339 2241 438 2276 σπορὰ,
453 2240 480 2267 ἐν
490 2249 520 2267 τε
534 2240 573 2275 τῷ
583 2240 733 2276 Ἀθριϐίτῃ,
747 2240 793 2266 καὶ
808 2240 894 2275 Προσ-

105 2287 205 2322 ωπίτῃ,
224 2286 271 2312 καὶ
285 2285 454 2321 Ἀρσενοῖτῃ,
473 2285 520 2311 καὶ
535 2284 667 2321 Θηιῖαῖδῃ,
682 2284 729 2311 καὶ
743 2286 798 2316 τοῖς
819 2284 894 2311 κάτω

107 2332 201 2368 μέρεσι
219 2331 268 2366 τῆς
283 2331 434 2366 παραλίας,
447 2330 494 2356 καὶ
506 2329 798 2366 ’Λλεξανδρειοπολίτῃ.
814 2330 894 2358 Ἀλλὰ

105 2377 150 2403 καὶ
168 2377 196 2403 ἐν
223 2375 317 2412 Ῥώμῃ
338 2375 456 2402 ἀνελθὼν
480 2375 642 2411 κεκήρυχεν.
668 2375 714 2407 Εἰς
737 2375 849 2411 Κύπρον
866 2375 894 2402 δὲ

105 2421 251 2457 ἐληλυθὼς,
273 2421 310 2452 ὡς
333 2421 461 2455 ναυάγιον
483 2421 603 2452 ὑποστὰς
626 2421 705 2455 φύσει
720 2422 892 2456 σωματικῶς,

104 2468 152 2503 τῆς
168 2468 286 2498 πίστεως
301 2467 412 2503 ἐξέστη,
427 2468 474 2494 καὶ
487 2467 533 2494 τὸν
548 2466 611 2493 νοῦν
625 2467 774 2503 ἐξετράπη.
788 2468 894 2503 Ἐνομί-

103 2514 164 2545 ζετο
181 2513 235 2548 γὰρ
249 2513 300 2548 πρὸ
311 2513 405 2539 τούτου
421 2514 502 2548 μέρος
513 2512 585 2547 ἔχειν
597 2512 738 2544 εὐσεϐείας
750 2513 796 2539 καὶ
811 2513 894 2548 ὀρθῆς

104 2559 220 2590 πίστεως
246 2559 274 2585 ἐν
299 2560 354 2590 τοῖς
382 2559 591 2595 προειρημένοις
613 2558 716 2590 τόποις.
746 2559 789 2585 Ἐν
812 2558 840 2585 δὲ
860 2560 892 2594 τῇ

105 2606 208 2641 Κύπρῳ
230 2605 323 2632 λοιπὸν
345 2606 386 2637 εἰς
409 2604 521 2640 ἔσχατον
546 2605 674 2637 ἀσεϐείας
695 2604 819 2640 ὲλήλακε,
847 2606 894 2632 καὶ

104 2651 232 2677 ἐϐάθυνεν
250 2652 346 2678 ἑαυτὸν
369 2653 398 2678 ὲν
420 2651 505 2687 ταύτῃ
529 2653 562 2687 τῇ
585 2652 823 2689 καταγγελλομένῃ
847 2653 892 2679 ὑπ’

104 2697 184 2723 αὐτοῦ
204 2697 350 2734 μοχθηρίᾳ.

136 2743 217 2776 Λέγει
232 2743 260 2769 δὲ
275 2743 356 2775 αὑτός
373 2752 402 2770 τε
418 2743 464 2770 καὶ
481 2744 506 2770 οἱ
530 2743 613 2770 αὑτοῦ
629 2743 675 2770 τὸν
694 2743 796 2780 Κύριον
814 2745 892 2780 ἡμῶν

103 2788 206 2823 Ἰησοῦν
219 2789 345 2825 Χριστὸν,
358 2790 395 2821 ὡς
411 2789 488 2825 ἔφην,
509 2790 554 2816 καὶ
568 2789 681 2826 Σωτῆρα
697 2791 744 2817 καὶ
761 2791 890 2826 Χριστὸν,

137 2868 146 2885 ³
159 2866 190 2895 F.
206 2867 409 2903 Λύτομήτορος.
450 2868 460 2883 ¹
478 2866 507 2894 Ρ.
524 2867 689 2895 τελειώσασα
707 2868 803 2904 γᾶμεν,

845 2871 854 2885 ⁵
870 2869 898 2897 F.
920 2870 1069 2906 Ἐνότητος.

947 2238 1046 2274 pitide.
1065 2238 1257 2269 Arsenoitide.
1276 2246 1308 2265 ac
1321 2238 1459 2266 Thebaide
1486 2239 1667 2274 praefectura;
1685 2249 1738 2269 nec

947 2292 1000 2311 non
1013 2285 1040 2311 in
1052 2285 1175 2311 inferiori
1193 2292 1225 2311 ac
1242 2285 1389 2315 maritima,
1405 2286 1528 2320 adeoque
1554 2286 1738 2314 Alexandrina

945 2330 1066 2365 regione.
1098 2330 1170 2363 Quin
1195 2331 1277 2358 etiam
1307 2330 1421 2358 Romam
1448 2330 1589 2366 proiectus
1615 2341 1736 2361 errorem

946 2385 1026 2405 suum
1046 2378 1074 2404 in
1091 2385 1123 2404 ca
1140 2378 1206 2405 urbe
1221 2377 1377 2413 dissipavit.
1394 2377 1447 2405 Sed
1463 2379 1497 2406 ad
1519 2378 1640 2415 Cyprum
1662 2380 1738 2408 dela-

944 2428 1002 2455 tus,
1016 2423 1076 2451 fidei
1091 2423 1281 2459 naufragium,
1300 2424 1374 2451 velut
1391 2425 1517 2460 corporis
1540 2425 1667 2458 fecisset,
1686 2427 1738 2454 ibi-

943 2470 1004 2498 dem
1018 2477 1129 2504 passus,
1146 2470 1267 2496 animum
1286 2469 1398 2496 omnino
1414 2470 1583 2505 depravavit.
1596 2471 1736 2506 Siquidem

944 2517 1076 2543 hactenus
1092 2519 1196 2550 partem
1217 2515 1327 2550 pietatis
1347 2515 1483 2550 aliquam,
1496 2516 1663 2552 sincerteque
1675 2517 1735 2545 ﬁdei

944 2560 1060 2587 retinere
1078 2559 1133 2586 illis
1155 2559 1182 2586 in
1203 2559 1270 2587 locis
1291 2559 1443 2588 videbatur.
1467 2561 1494 2587 lu
1510 2561 1600 2596 Cypro
1618 2569 1683 2588 vero
1702 2563 1735 2589 ad

944 2610 1095 2634 extremum
1115 2606 1262 2640 impietatis
1279 2607 1424 2641 prolapsus
1443 2611 1502 2638 est,
1528 2615 1612 2642 seque
1630 2608 1658 2634 in
1675 2616 1734 2634 eam

945 2659 1027 2687 quam
1055 2655 1145 2678 tuetur
1176 2651 1339 2686 ﬂagitiorum
1365 2652 1539 2688 disciplinam
1570 2653 1654 2680 altius
1682 2653 1734 2679 iiii-

946 2698 1050 2726 mersit.

982 2745 1029 2772 Est
1045 2749 1134 2773 autem
1147 2745 1205 2772 haec
1229 2746 1336 2772 illorum
1355 2746 1447 2780 opinio
1465 2755 1471 2773 :
1487 2745 1579 2774 Jcsum
1596 2747 1734 2773 Christum

948 2791 1092 2819 Dominum
1119 2796 1242 2819 nostrum
1268 2791 1437 2820 Salvatorem
1456 2801 1527 2822 esse.
1542 2793 1580 2819 uti
1593 2793 1714 2820 diximus
1726 2813 1733 2824 .

1110 2871 1119 2886 ‘
1135 2870 1164 2897 F.
1190 2870 1330 2906 πέμψασα.
1369 2873 1378 2888 ⁵
1397 2871 1428 2900 V.
1451 2871 1615 2908 ‘Atzpﬁaﬁi.
