1961 3046
238 122 290 148 437

946 128 974 155 S.
996 127 1164 157 EPIPHANII

1812 131 1868 160 438

238 189 270 208 ac
281 181 467 216 Christum,ct
482 182 617 217 Verbum;
633 194 664 213 ac
677 186 890 221 Traluctorem;
905 192 932 216 et
948 188 1019 216 Finit

1077 191 1123 217 καὶ
1138 190 1233 224 Λόγον,
1250 191 1296 218 καὶ
1317 191 1445 226 Σταυρδν,
1460 191 1507 217 καὶ
1524 190 1708 225 Μεταγωγέα,
1722 190 1768 216 καὶ
1790 190 1867 226 Ὀρο-

238 229 324 253 torem
334 235 366 254 ac
382 227 551 256 Terminmu.
568 229 697 259 Euindem
710 241 810 267 curpus
832 241 847 261 e
859 234 930 261 cmlo
949 234 1027 262 detu-

238 271 312 304 lisse,
328 280 359 299 ac
373 277 502 308 tanquam
519 283 588 309 aqua
607 284 655 310 per
670 278 808 309 ﬁstulam,
826 279 866 306 sic
885 280 960 306 illum
979 288 1028 315 per

236 316 350 344 Mariam
370 320 502 348 transisse
530 321 684 357 Virginem,
711 332 800 359 neque
824 326 972 360 quidquam
994 334 1026 353 ex

235 365 296 398 ejus
319 370 397 393 utero
417 368 584 402 sumpsisse,
603 369 650 397 sed
666 378 681 397 e
696 371 766 398 caelo
783 372 901 399 traxisse
912 380 1023 408 corpus.

235 409 329 445 Neque
349 420 413 439 vero
430 414 546 448 primum
568 415 642 443 illum
664 416 782 444 Verbum
814 427 876 445 esse
899 423 1024 450 censent,

236 465 324 492 neque
339 460 490 493 proximum
505 462 539 488 ab
549 470 580 489 eo
599 463 755 495 Christum.
775 466 820 500 qui
836 465 865 492 in
889 466 960 493 coelo
975 474 1024 493 su-

236 511 346 537 preums
359 504 430 532 inter
440 513 530 534 :eones
551 508 667 542 residet;
688 510 735 536 sed
761 511 820 545 ejus
841 511 924 539 unius
940 519 1024 539 causa

235 549 415 584 productum,
433 555 461 578 ut
488 553 515 579 in
536 557 624 582 terras
642 555 770 591 delapsus
785 557 907 592 spiritale
919 566 1023 594 genus,

235 595 306 629 quod
327 605 341 623 e
358 597 428 623 coelo
445 598 522 625 duxit
537 600 670 635 originem
681 621 689 633 ,
703 602 840 630 liberaret.
856 603 1023 630 Mortuorum

234 643 464 671 resurrectionem
477 645 652 675 iniiciautur:
666 648 698 676 de
708 657 761 684 qua
777 649 920 676 ridiculam
930 659 1024 684 quam-

234 687 295 714 dam
313 688 432 717 fabulam
453 695 565 725 texunt;
591 694 668 728 172
687 702 740 722 non
756 695 807 722 hoc
824 696 912 730 ipsum
929 704 1022 724 resur-

234 740 298 768 gere
320 741 436 769 corpus,
452 736 499 763 sed
521 738 638 765 alterum
655 747 688 766 ex
709 741 805 767 eodem
826 746 932 774 ortum,
948 743 1022 778 quod

234 780 356 814 spiritale
381 787 557 818 nuncupant:
583 793 670 820 neque
693 790 784 814 tamen
807 789 948 820 omnium,
973 790 1021 817 sed

233 832 327 852 eorum
352 826 501 861 duntaxat,
525 837 594 864 quos
615 831 652 857 illi
680 832 817 866 spiritales
842 840 1020 870 nuncupant,

233 875 316 905 atque
329 879 423 899 eorum
440 874 537 906 ctiam,
551 883 620 910 quos
631 877 763 905 animales
774 883 882 911 vocant,
895 879 1021 908 dummo-

233 917 267 943 do
282 917 355 951 juste
376 919 543 955 honesteque
560 930 589 949 se
601 928 705 958 gerant.
721 925 857 958 Czeteros,
876 927 921 962 qui
938 933 1022 956 male-

234 963 314 990 riales
336 963 371 991 ab
390 965 443 997 iis,
473 970 500 993 et
523 975 584 994 cum
612 976 694 997 carne
716 972 838 999 concreti
863 981 894 1000 ac
921 975 1022 1001 terreni

233 1010 414 1044 appellantur,
434 1012 546 1040 interire
563 1014 697 1047 funditus,
716 1025 805 1052 neque
821 1018 874 1045 ulla
890 1020 931 1046 sui
945 1024 1022 1054 parte

232 1055 345 1082 servari.
360 1056 447 1083 Porro
455 1062 580 1086 naturam
596 1069 742 1096 quamque,
752 1070 784 1090 eo
797 1064 868 1091 unde
878 1065 1020 1099 prodierit,

232 1101 342 1127 reverti.
369 1101 447 1129 Velut
467 1111 527 1138 qua:
548 1113 610 1132 cum
627 1107 741 1134 materia
763 1114 892 1136 concreta
914 1114 974 1143 est,
994 1112 1021 1138 in

231 1152 291 1171 eam
315 1145 400 1180 ipsam
423 1148 548 1179 refundi;
573 1158 607 1178 ex
625 1159 707 1180 carne
723 1161 787 1180 vero
805 1159 932 1190 terraque
947 1165 1022 1184 com-

231 1194 337 1225 pactam
351 1192 377 1219 in
390 1197 488 1220 terram
500 1196 636 1224 recedere.
645 1197 749 1225 Etenim
764 1203 818 1227 tres
832 1200 868 1227 illi
883 1201 1021 1229 hominum

229 1237 340 1266 ordines
358 1241 539 1274 constituunt,
558 1243 720 1277 spiritalium
732 1265 739 1273 .
752 1246 925 1280 animalium,
942 1253 1022 1283 atque

229 1287 391 1313 carnalium.
415 1287 451 1314 Ex
471 1289 571 1322 quibus
593 1291 710 1325 primum
738 1300 766 1320 se
788 1293 910 1321 ordinem
934 1295 1022 1324 facere

229 1330 365 1364 dictitant,
378 1333 418 1359 uli
433 1338 459 1360 et
471 1333 635 1368 Gno~ticos,
657 1337 702 1371 qui
719 1346 808 1373 neque
824 1339 925 1368 laboris
941 1342 1022 1370 ullius

229 1375 384 1411 indigeant,
407 1384 588 1415 praeterquam
610 1383 793 1417 cognitionis,
815 1387 1021 1421 appellationis—

228 1429 281 1457 que
297 1425 489 1458 mysteriorum
501 1447 508 1458 ,
521 1435 581 1462 quae
602 1437 686 1463 penes
703 1431 764 1458 illos
777 1438 858 1464 sunt,
874 1437 901 1460 et
913 1435 1023 1469 quidvis

228 1468 340 1504 impune
352 1470 441 1499 facere
460 1480 509 1507 pro
528 1475 642 1502 arbitrio
661 1476 776 1510 possint.
794 1477 865 1505 Fieri
879 1480 951 1507 enim
967 1489 1020 1508 non

1078 235 1171 271 Οέτην,
1189 237 1235 262 καὶ
1250 236 1342 272 Ὄρον.
1357 236 1426 262 Φασὶ
1446 236 1474 262 δὲ
1490 235 1594 263 ἄνωθεν
1613 235 1820 270 κατενηνοχέναι
1837 235 1868 262 τὸ

1079 283 1168 317 σῶμα,
1186 283 1234 309 καὶ
1255 282 1292 314 ὡς
1314 283 1357 310 διὰ
1383 283 1502 317 σωλῆνος
1526 282 1608 317 ὕδωρ,
1630 281 1673 308 διὰ
1695 281 1804 316 Μαρίας
1817 282 1867 316 τῆς

1077 328 1216 364 Παρθένου
1232 328 1428 363 διεληλυθέναι.
1453 328 1544 363 Μηδὲν
1569 328 1597 354 δὲ
1620 328 1674 354 άπὸ
1694 328 1743 362 τῆς
1765 326 1859 362 παροέ

1077 374 1154 409 νικῆς
1171 375 1277 409 μήτρας
1289 374 1440 409 εἰληφέναι,
1454 373 1520 400 ἀλλὰ
1534 373 1635 400 ἄνωθεν
1650 373 1680 398 τὸ
1692 372 1771 407 σῶμα
1782 372 1839 407 ἔχει

1076 421 1114 452 ὡς
1130 422 1268 456 προεῖπον.
1286 421 1330 456 Μὴ
1352 418 1420 447 εἶναι
1437 420 1466 446 δὲ
1482 420 1562 446 αὐτὸν
1574 420 1619 446 τὸν
1642 420 1749 454 πρῶτον
1767 420 1831 453 Λόγν

1078 467 1145 503 μηδὲ
1161 467 1205 494 τὸν
1220 467 1289 503 μετὰ
1307 467 1352 493 τὸν
1374 467 1458 501 Λόγον
1478 466 1594 502 Χριστὸν
1604 487 1611 498 ,
1625 467 1668 492 τὸν
1684 466 1739 492 ἅνω
1753 466 1837 492 ἧνται·

1075 515 1130 545 τοῖς
1153 514 1209 541 ἄνω
1226 513 1317 539 αἰῶσι.
1339 513 1438 539 Τοῦτον
1459 512 1487 538 δὲ
1507 512 1639 546 φάσκουσι
1660 511 1821 547 προϐεϐλῆτῑ

1075 559 1107 585 δι’
1126 559 1200 585 οὐδὲν
1224 559 1316 594 ἕτερον
1333 558 1349 593 ἢ
1368 559 1445 593 μόνον
1469 559 1509 589 εἰς
1526 558 1556 584 τὸ
1579 557 1665 583 ἐλθεῖν
1688 558 1734 584 καὶ
1757 558 1785 583 ἀι
1811 579 1814 582 .

1076 606 1172 632 σασθαι
1188 606 1195 620 ¹
1211 605 1241 631 τὸ
1265 605 1342 639 γένος
1364 605 1394 630 τὸ
1419 604 1520 630 ἄνωθεν
1544 603 1735 639 πνευματικόν.
1761 603 1777 628 Ἰ
1806 627 1808 631 ,

1074 651 1127 677 τῶν
1150 650 1253 686 νεκρῶν
1278 650 1426 677 ἀνάστασιν
1446 648 1646 684 ἀπαρνοῦνται,
1666 648 1773 682 φάσκον
1809 658 1813 661 τ

1076 697 1197 732 μυθῶδες
1210 697 1256 722 καὶ
1268 696 1398 731 ληρῶδες,
1413 695 1450 731 μὴ
1463 695 1492 721 τὸ
1508 694 1588 729 σῶμα
1601 694 1679 720 τοῦτο
1690 693 1772 719 ἀνίστι

1073 743 1130 770 ἀλλ’
1143 743 1236 778 ἓτερον
1253 743 1302 777 μὲν
1314 742 1344 774 ἐξ
1360 741 1451 772 αὑτοῦ,
1464 741 1478 767 ὃ
1492 741 1523 776 δὴ
1541 740 1723 775 πνευματικὸν
1739 749 1773 766 κα

1075 791 1153 826 μόνον
1168 790 1196 816 δὲ
1213 790 1323 816 ἐκείνων
1342 789 1397 815 τῶν
1412 789 1476 823 παρ’
1493 788 1584 819 αὐτοῖς
1601 786 1776 821 πνευματικῶ

1072 838 1125 865 τῶν
1147 838 1236 865 ἄλλων
1249 836 1372 872 ψυχικῶν
1389 835 1580 871 καλουμένων,
1593 835 1640 861 ἐάν
1658 843 1690 868 γε
1707 835 1731 860 οἱ

1073 885 1345 920 δικαιοπραγήσειαν.
1370 883 1438 914 Τοὺς
1459 882 1488 908 δὲ
1513 882 1620 912 ὑλικοὺς
1643 880 1690 908 καὶ
1715 889 1802 915 σαρκε

1074 931 1122 959 καὶ
1141 931 1253 966 γηίνους
1279 929 1462 964 καλουμένους
1490 928 1663 955 παντάπασιν
1683 926 1802 953 ἀπόλλυε

1074 977 1121 1004 καὶ
1136 977 1196 1012 μηδ’
1212 977 1279 1008 ὅλως
1298 975 1443 1007 σώζεσθαι,
1457 974 1563 1009 Χωρεῖν
1586 973 1614 1000 δὲ
1636 973 1753 1008 ἑκάστην
1767 973 1814 999 οὺς

1074 1024 1142 1059 πρὸς
1154 1024 1216 1054 τοὺς
1234 1022 1315 1053 ἰδίους
1337 1021 1423 1055 αὐτῆς
1437 1019 1595 1056 προϐολέας,
1614 1019 1662 1055 τὴν
1693 1018 1742 1054 μὲν
1766 1019 1822 1049 ὑλιξ

1073 1072 1105 1106 τῇ
1123 1069 1172 1105 ὕλῃ
1190 1068 1374 1103 ἐκδιδομένην,
1395 1067 1442 1093 καὶ
1460 1067 1490 1093 τὸ
1506 1065 1634 1101 σαρκικὺν
1656 1065 1748 1100 γήινον
1766 1065 1799 1099 τῇ
1813 1073 1848 1101 γγ,

1073 1116 1142 1152 Τρία
1159 1115 1213 1150 γὰρ
1228 1114 1356 1149 τάγματα
1374 1112 1502 1139 καλοῦσιν
1516 1110 1585 1137 εἶναι
1601 1110 1764 1163 ἁνΟρώπωνῚ·
1780 1118 1851 1140 πνευ

1075 1161 1207 1197 ματικῶν,
1225 1159 1357 1195 ψυχικῶν,
1373 1157 1521 1193 σαρκικῶν.
1536 1157 1572 1182 Τὸ
1586 1155 1614 1181 δὲ
1632 1156 1724 1190 τάγμα
1737 1155 1767 1180 τὸ
1781 1162 1866 1208 πνευ-ι,

1075 1206 1188 1243 ματικὸν
1205 1206 1318 1236 ἑαυτοὺς
1340 1204 1475 1238 λέγουσιν,
1493 1203 1587 1238 ὥσπερ
1608 1202 1655 1228 καὶ
1680 1202 1859 1254 Γνωστικοὺς,

1073 1253 1120 1280 καὶ
1138 1253 1206 1288 μήτε
1228 1251 1352 1286 καμάτου
1369 1248 1574 1284 ὲπιδεομένους,
1590 1247 1605 1282 ἢ
1626 1247 1705 1282 μόνον
1722 1246 1771 1280 τῆς
1791 1246 1862 1280 γνὼ-

1073 1307 1151 1331 σεως,
1169 1298 1216 1324 καὶ
1230 1297 1283 1323 τῶν
1305 1295 1502 1331 ἐπιρρημάτων
1517 1294 1570 1320 τῶν
1584 1293 1673 1320 αὐτῶν
1691 1292 1858 1328 μυστηρίων.

1073 1347 1131 1372 Πᾶν
1145 1344 1173 1371 δὲ
1188 1343 1277 1370 ὁτιοῦν
1295 1344 1380 1369 ποιεῖν
1395 1341 1479 1373 ἀδεῶς
1496 1341 1609 1367 ἕκαστον
1628 1339 1727 1370 αὐτῶν,
1743 1338 1790 1365 καὶ
1808 1347 1861 1373 μη-

1071 1391 1115 1418 δὲν
1133 1389 1351 1426 πεφροντικέναι.
1367 1388 1532 1420 Ἐξάπαντος
1546 1386 1599 1420 γάρ
1615 1394 1679 1420 φασι
1692 1384 1860 1437 σωθήσεσθαι

1072 1436 1255 1472 πνευματικὸν
1274 1435 1314 1468 ὃν,
1328 1435 1359 1461 τὸ
1375 1433 1464 1461 αὐτῶν
1481 1433 1584 1468 τάγμα.
1603 1431 1682 1482 Teia:
1702 1431 1861 1482 ETEPOV‘Tf-

1072 1492 1131 1519 γμα
1143 1483 1197 1510 τῶν
1212 1481 1363 1518 ἀνθρώπων
1378 1482 1406 1507 ἐν
1428 1480 1521 1515 κόσμῳ
1531 1500 1538 1511 ,
1552 1479 1619 1514 ὅπερ
1632 1477 1744 1513 ψυχικὸν
1761 1477 1871 1517 καλοῦ-Α

227 1522 327 1549 posse,
338 1517 403 1552 quin
420 1519 532 1546 omnino
551 1527 645 1547 eorum
660 1521 739 1554 ordo,
757 1526 852 1558 utpote
871 1525 1002 1559 spiritalis
1013 1545 1019 1557 .

1075 1517 1126 1562 σιν,
1142 1529 1188 1563 ἀφ’
1202 1527 1298 1554 ἑαυτοῦ
1312 1526 1445 1558 σώζεσθαι
1464 1524 1501 1560 μὴ
1515 1524 1672 1559 δυνάμενον,
1687 1524 1711 1549 εἰ
1729 1522 1765 1557 μή

227 1561 342 1589 salutem
358 1564 491 1591 obtineat.
510 1564 666 1594 Secundum
680 1568 820 1596 hominum
836 1571 882 1605 qui
895 1571 922 1598 in
938 1580 1019 1599 mun-

227 1607 262 1634 do
280 1612 344 1635 sunt
359 1609 500 1641 ordinem,
516 1619 597 1646 quem
613 1613 759 1641 animalem
771 1622 880 1648 vocant,
896 1625 945 1652 per
959 1626 1020 1646 sese

227 1655 344 1681 salutem
363 1657 473 1691 assequi
494 1665 576 1692 posse
596 1663 715 1693 negant,
735 1661 787 1688 nisi
807 1662 961 1694 laboribus.
975 1673 1018 1692 re-

226 1705 324 1735 cteque
341 1700 419 1728 factis
435 1703 487 1729 sibi
511 1711 571 1730 eam
587 1704 718 1732 vindicet.
737 1707 772 1732 At
796 1708 843 1742 qui
869 1710 1019 1738 materialis

227 1745 368 1773 hominum
391 1747 459 1775 ordo
475 1748 587 1781 dicitur,
602 1758 664 1777 eum
678 1759 764 1786 neque
775 1760 902 1788 capacem
922 1758 1018 1790 cogni-

226 1790 310 1817 tionis
321 1799 383 1818 esse
409 1797 521 1826 putant;
548 1802 636 1829 neque
660 1797 769 1823 tametsi
793 1798 874 1831 velit,
896 1801 1018 1835 recipere

226 1843 286 1863 eam
306 1844 385 1871 posse
397 1838 442 1873 qui
459 1847 490 1865 ex
517 1840 563 1867 illo
587 1849 685 1875 genere
703 1842 737 1869 slt
753 1852 759 1869 :
778 1844 949 1880 proindeque
963 1851 1017 1875 tam

226 1882 316 1909 anima
338 1891 420 1918 quam
438 1892 552 1919 corpore
569 1887 678 1920 penitus
698 1888 822 1916 interire.
846 1890 923 1922 Quod
952 1899 1017 1920 vero

225 1934 326 1955 cauum
345 1929 379 1956 ad
395 1938 475 1957 suum
490 1933 626 1966 pertinet,
646 1941 707 1960 eum
732 1935 863 1969 spiritalis
884 1937 939 1970 sit,
962 1946 1018 1966 una

225 1981 289 2001 cum
313 1975 401 2002 altero
423 1978 542 2011 quodam
559 1978 681 2006 interiori
697 1988 813 2016 corpore
835 1983 940 2010 servari
955 1992 1018 2012 sen-

223 2019 306 2053 tiunt,
325 2021 397 2055 quod
424 2022 476 2057 ipsi
501 2023 623 2058 spiritale
645 2033 745 2061 corpus
763 2027 837 2054 inani
854 2031 1018 2063 peruasione

224 2072 395 2102 nuncupant.
415 2069 556 2097 Animales
574 2079 657 2105 porro
680 2077 741 2107 post
763 2074 922 2103 diuturnam
939 2085 1018 2104 exer-

225 2113 402 2146 citationem,
424 2115 469 2142 ubi
492 2115 670 2144 Conditorem
689 2121 931 2154 transcenderint,
953 2131 1016 2150 sur-

224 2167 284 2186 sum
313 2165 422 2189 eveetos
449 2163 553 2198 angelis
580 2164 682 2192 Christi
703 2167 851 2196 comitibus
882 2171 1014 2205 attribui,

1071 1576 1187 1611 καμάτῳ
1203 1574 1251 1601 xui
1272 1571 1466 1608 δικαιοπραγὶᾳ
1491 1569 1571 1597 ἑαυτὸ
1594 1568 1752 1596 ἀνασώσειε.
1775 1567 1812 1593 Τὸ
1831 1567 1860 1593 δὲ

1071 1603 1161 1650 ὑλικὸν
1173 1603 1270 1655 ’τάγμα
1284 1619 1337 1645 τῶν
1352 1620 1379 1645 ἐν
1400 1617 1440 1652 τῷ
1455 1617 1548 1652 κόσμῳ
1568 1615 1716 1651 ἀνθρώπων
1732 1615 1800 1650 μήτε
1815 1614 1860 1666 δυ-

1070 1667 1167 1695 νασθαι
1183 1667 1282 1702 χωρεῖν
1296 1664 1345 1699 τὴν
1357 1663 1456 1698 γνῶσίν
1476 1670 1552 1697 φασι,
1570 1662 1638 1697 μήτε
1656 1660 1780 1714 δέχεσθιιι
1793 1660 1844 1686 ταύ
1854 1674 1860 1679 -

1069 1723 1128 1750 την,
1145 1713 1197 1740 κᾶν
1210 1711 1281 1738 οέλοι
1295 1711 1310 1736 ὁ
1324 1712 1356 1736 ὲκ
1369 1708 1464 1735 τούτου
1477 1708 1524 1734 τοῦ
1537 1708 1675 1742 τάγματος
1689 1708 1857 1741 ὁρμώμενος·

1070 1758 1236 1786 ἀπόλλυσθαι
1259 1756 1288 1783 δὲ
1311 1756 1368 1791 ἅμα
1393 1755 1442 1782 σὺν
1463 1753 1535 1789 ψυχῇ
1562 1754 1609 1780 καὶ
1630 1752 1746 1787 σώματι.
1771 1751 1807 1777 Τὸ
1829 1751 1858 1777 δὲ

1071 1805 1174 1832 ἑαυτῶν
1196 1804 1301 1839 τάγμα,
1321 1801 1505 1837 πνευματικὸν
1520 1800 1563 1832 ὃν,
1585 1799 1718 1831 σώζεσϐαι
1741 1799 1788 1825 σὺν
1799 1797 1858 1850 ρώ-

1071 1859 1136 1886 ματι
1160 1850 1231 1884 ἄλλῳ
1255 1848 1387 1884 ὲνδοτέρῳ
1409 1848 1464 1874 τινὶ
1488 1847 1559 1879 ὄντι,
1585 1847 1653 1881 ὅπερ
1677 1845 1753 1872 αὐτοὶ
1778 1845 1858 1880 σῶμα

1070 1896 1254 1931 πνευματικὸν
1276 1893 1387 1921 καλοῦσι
1411 1893 1618 1927 φανταζόμενοι.
1636 1892 1704 1923 Τοὺς
1726 1891 1755 1917 δὲ
1778 1890 1857 1926 ψυχι-

1068 1942 1149 1974 κοὺς,
1169 1940 1345 1975 κεκμηκότας
1361 1938 1428 1965 πολὺ
1453 1938 1499 1964 καὶ
1522 1937 1796 1972 ὑπεραναϐεϐηκότας
1812 1937 1857 1963 τὸν

1068 1988 1255 2025 Δημιουργὸν,
1279 1987 1334 2014 ἄνω
1353 1985 1470 2012 δίδοσθαι
1494 1986 1549 2016 τοῖς
1573 1985 1698 2019 ἀγγέλοις
1718 1985 1775 2016 τοῖς
1799 1984 1858 2020 ἅμα

1069 2035 1180 2071 Χριστῷ
1195 2033 1282 2066 οὖσιν,
1303 2033 1378 2059 οὐδέν
1392 2032 1485 2058 τιτῶν
1501 2031 1633 2066 σωμάτων
1651 2030 1855 2066 κομιζομένους,

1068 2082 1137 2109 ἀλλὰ
1153 2081 1231 2117 μόνον
1244 2081 1295 2112 τὰς
1309 2079 1398 2114 ψυχὰς
1414 2080 1442 2105 ἐν
1456 2078 1618 2113 πληρώματι
1635 2078 1792 2114 εὑρεθείσας
1807 2078 1857 2113 τῆς

1068 2127 1156 2153 αὐτῶν
1176 2126 1313 2161 γνώσεως,
1329 2125 1377 2151 καὶ
1390 2125 1435 2151 τὸν
1451 2124 1620 2159 Δημιουργὸν
1636 2124 1857 2160 ὑπερϐεϐηκυῑας

1067 2172 1186 2198 δίδοσθαι
1202 2172 1258 2202 τοῖς
1273 2169 1341 2207 μετὰ
1354 2169 1401 2196 τοῦ
1413 2169 1530 2205 Χριστοῦ
1543 2168 1670 2203 ἀγγέλοις
1686 2170 1725 2200 εἰς
1736 2169 1856 2205 νύμφας.

223 2216 312 2242 neque
350 2209 497 2245 quidquam
525 2219 637 2239 suorum
663 2213 759 2242 eﬂ'erre
783 2223 947 2251 corporum,
974 2220 1022 2247 sed
1043 2220 1149 2247 animas
1175 2219 1248 2247 solas
1274 2218 1429 2246 absolutum
1458 2221 1560 2244 statum
1596 2216 1760 2251 cognitionis
1793 2217 1857 2244 ade-

223 2260 301 2291 ptas,
320 2255 467 2285 Conditore
478 2264 624 2294 superato,
640 2261 740 2289 Christi
762 2264 941 2298 stipatoribus
962 2268 1069 2303 angelis
1086 2269 1113 2294 in
1132 2267 1307 2294 matrimonio
1317 2264 1456 2293 collocari.

259 2302 326 2329 Vlll.
344 2303 482 2337 Ejusmodi
504 2305 559 2333 fere
573 2311 615 2333 est
631 2307 739 2335 illorum
754 2309 863 2345 fabula;
879 2313 930 2340 etsi
952 2302 1012 2348 plu;

1101 2314 1142 2340 H’.
1160 2314 1278 2347 Τοιαυτη
1295 2312 1368 2338 ἐστὶν
1381 2312 1397 2346 ὴ
1408 2310 1468 2337 κατ’
1483 2309 1581 2341 αὐτοὺς
1593 2310 1741 2345 τραγῳδία,
1756 2309 1855 2345 ἔχουσα

223 2347 299 2374 uibus
324 2347 437 2382 insuper
465 2350 545 2384 nugis
574 2356 700 2378 contexta
733 2353 778 2381 sit.
808 2354 863 2390 Ego
892 2347 959 2384 vero
981 2366 1014 2385 ea

221 2393 354 2419 duntaxat
368 2395 513 2429 proposui,
528 2404 589 2432 qua:
612 2397 639 2424 in
654 2398 773 2427 medium
798 2401 914 2435 proferri
934 2411 1015 2438 opor-

221 2442 278 2465 tere
291 2437 368 2470 duxi,
378 2447 495 2474 quorum
507 2441 540 2468 ad
560 2450 611 2469 nos
626 2443 723 2470 notitia
742 2447 917 2479 pervenerit,
934 2449 1015 2476 nimi-

222 2492 282 2511 rum
305 2485 442 2513 undenam
466 2487 600 2516 oriundus
625 2489 677 2517 iste
696 2491 791 2524 fuerit,
815 2501 869 2527 quo
890 2497 1014 2530 tempore

221 2529 336 2563 vixerit;
350 2531 422 2558 unde
432 2534 535 2560 erroris
553 2531 711 2570 argumenta
728 2539 886 2573 sumpserit,
903 2529 965 2574 qua:
978 2541 1014 2567 sit

221 2576 294 2604 illius
312 2576 454 2612 doctrina,
469 2587 522 2614 qua
545 2580 572 2608 in
594 2590 624 2609 re
638 2587 744 2610 tantum
764 2585 865 2612 malum
877 2590 1014 2614 terrarum

220 2622 279 2649 orbi
298 2623 451 2658 pullularit,
470 2626 548 2662 173
570 2628 619 2655 sed
637 2630 710 2664 quod
728 2632 761 2658 ad
780 2631 934 2660 doctrinam
948 2641 1013 2668 spe-

220 2672 287 2701 ctat,
301 2677 372 2703 eam,
385 2675 415 2698 ut
431 2671 534 2701 dictum
549 2679 608 2708 est,
625 2676 757 2705 duntaxat
772 2687 804 2706 ex
820 2685 896 2714 parte
919 2680 1013 2707 decla-

219 2717 359 2748 ravimus;
376 2722 474 2747 caztera
492 2728 540 2756 per
557 2729 600 2750 me
618 2723 746 2752 subtilius
762 2725 900 2760 explicare
916 2727 993 2754 nolui
1005 2749 1012 2760 ,

219 2770 281 2791 cum
303 2765 435 2794 adversus
453 2766 610 2796 haereticum
631 2770 757 2800 eumdem
780 2772 969 2801 clucubratam
995 2781 1011 2801 a

255 2841 263 2856 ί
275 2849 320 2876 τυ).
335 2842 482 2873 ἀνασῶσαι.

1066 2359 1115 2395 μὲν
1139 2359 1185 2386 καὶ
1210 2359 1295 2385 πλείω
1316 2357 1428 2384 τούτων·
1453 2356 1508 2391 ἐγὼ
1524 2356 1552 2382 δὲ
1575 2357 1653 2391 μόνον
1675 2356 1754 2382 ἆτινα
1775 2356 1854 2391 φύσει

1064 2406 1211 2440 ἀναγκαῖον
1236 2403 1304 2431 εἶναι
1329 2403 1476 2440 ἡγησάμην
1502 2403 1540 2434 εἰς
1568 2402 1721 2437 τούμφανὲς
1748 2402 1851 2434 ἐλθεῖν,

1063 2451 1141 2478 ταῦθ’
1157 2451 1346 2487 ὑπηγόρευσα,
1361 2450 1399 2482 ὡς
1417 2450 1434 2485 ἡ
1455 2450 1493 2481 εἰς
1508 2450 1581 2484 ἡμᾶς
1597 2449 1696 2483 γνῶσις
1715 2447 1790 2484 ἦλθε,
1807 2448 1852 2475 τοῦ

1064 2497 1145 2524 πόθεν
1170 2497 1292 2532 ὡρμᾶτο,
1318 2498 1346 2523 ὲν
1370 2495 1456 2526 ποίοις
1481 2495 1509 2521 δὲ
1527 2496 1631 2529 καιροῖς
1655 2494 1772 2530 ὑπῆρχε,
1807 2495 1853 2521 καὶ

1065 2543 1119 2570 ἀπὸ
1136 2542 1221 2569 ποίων
1241 2543 1290 2574 τὰς
1315 2541 1465 2578 προφάσεις
1487 2540 1597 2575 εἴληφε,
1621 2540 1667 2566 καὶ
1681 2539 1722 2570 τίς
1735 2540 1818 2566 αὐτοῦ
1835 2541 1851 2575 ἡ

1062 2588 1221 2615 διδασκαλία
1232 2609 1239 2620 ,
1262 2588 1320 2623 ἅμα
1339 2597 1369 2614 τε
1388 2588 1457 2613 τίσιν
1472 2587 1622 2622 ἐϐλάστησε
1635 2587 1673 2622 τῷ
1687 2586 1736 2621 βίῳ
1757 2587 1851 2619 κακὸν,

1062 2634 1116 2661 ἀπὸ
1142 2634 1240 2669 μέρους
1258 2642 1305 2665 τε,
1331 2633 1368 2665 ὠς
1391 2633 1472 2668 ἔφην,
1495 2633 1544 2668 τῆς
1563 2632 1658 2659 τούτου
1681 2632 1852 2663 διδασκαλίας

1061 2681 1263 2716 ἐμνημόνευσα.
1287 2679 1327 2706 Τὰ
1353 2680 1380 2706 δὲ
1403 2679 1482 2706 λοιπά
1500 2680 1549 2714 τῆς
1571 2678 1653 2705 αὐτοῦ
1675 2679 1852 2713 λεπτοληγίας

1060 2728 1111 2753 οὐκ
1125 2725 1280 2762 ἠϐουλήθην
1301 2726 1347 2752 ἀπ’
1371 2726 1489 2762 ἐμαυτοῦ
1513 2724 1652 2758 συντάξαι,
1673 2723 1761 2760 εὑρὼν
1777 2725 1851 2776 παρὲ

1059 2773 1099 2809 τῷ
1118 2773 1262 2808 ἁγιωτάτῳ
1278 2773 1416 2808 Εἰρηναίῳ
1438 2772 1477 2808 τῷ
1496 2771 1602 2809 ἀρχαίῳ
1618 2771 1666 2807 τὴν
1687 2771 1747 2798 κατ’
1766 2771 1850 2799 αὑτοῦ
