1961 3046
101 117 156 145 489

457 116 643 145 ADVERSUS
662 115 833 144 HERESES
852 116 896 143 LII

949 116 962 143 ι.
983 116 1063 145 'rou.
1086 116 1120 145 n.
1137 106 1174 138 ὲ-
1193 117 1330 146 limes.
1348 116 1444 145 xxxi.

1675 116 1728 143 Διῦῦ

101 175 295 212 πραγματείαν
312 175 508 211 γεγενημένην.
525 176 596 208 Ἕως
609 176 636 202 δὲ
651 175 746 202 τούτου
763 176 798 202 τὰ
814 175 890 211 ὀλίγα

949 177 1120 204 sanctissimo
1140 176 1242 204 Irenzeo
1259 177 1479 212 disputationem'
1495 176 1641 204 inveniam.
1661 175 1732 208 Quo-

101 221 190 248 ταῦτα
209 221 363 254 διεξελθὼν,
381 221 414 247 τὰ
438 222 500 256 ἑξῆς
515 222 568 248 ἀπὸ
587 222 641 248 τῶν
656 222 703 248 τοῦ
725 223 892 259 προειρημέσ

102 275 150 293 νου
164 267 259 302 ἀνδρὸς
273 267 366 293 δούλου
380 267 458 297 Θεοῦ,
473 267 619 302 Εἱρηναίου
635 267 662 293 δέ
683 277 765 303 φημι,
778 267 827 304 τὴν
843 276 893 294 πα-

122 312 214 339 άθεσιν
227 313 377 348 ὁλοσχερῶς
388 313 545 349 ποιήσομαι.
561 314 637 348 Ἔχει
650 313 677 340 δὲ
691 313 786 345 οὕτως·

222 412 269 439 ‘Ex
287 411 347 439 τῶν
360 412 413 440 τοῦ
429 413 516 448 ἁγίου
531 413 586 448 (69)
603 414 774 447 Εἰρηγαίου.

151 474 175 496 ν’.
187 471 246 496 Ἐπὶ
257 471 307 506 τὴν
314 471 442 506 ἀλήθειαν
453 472 699 507 παραπεμπόμενοί
708 481 788 505 τινες,
799 474 892 502 ἐπεισ-

171 524 197 541 τι
223 515 317 550 λόγους
339 516 446 551 ψευδεῖς
462 518 508 544 καὶ
521 517 694 552 γενεαλογίας
709 520 836 554 ματαίας,
852 522 893 548 αἴ-

186 561 312 597 ἴητήσεις
328 563 427 598 μᾶλλον
441 564 598 598 παρέχουσι,
612 564 702 596 καθὼς
712 566 893 599 ὁἊπόστολός

213 607 228 642 ἢ
245 607 388 642 οἰκοδομὴν
403 607 470 634 Θεοῦ
487 608 535 642 τὴν
552 609 580 634 ἐν
595 608 703 634 πίστει-
725 609 771 635 καὶ
787 609 830 636 διὰ
844 611 892 646 τῆς

200 661 267 686 ὶγως
279 653 535 689 συγκεκροτημένης
550 653 727 689 πιθανότητος
741 655 894 690 παράγουσι

198 700 223 726 ὶν
238 699 293 730 τῶν
310 700 504 736 ἀπειροτέρων,
523 700 569 726 καὶ
583 701 831 735 αἱχμαλωτίζουσιν
847 703 895 728 αὑ-

200 747 412 784 -ᾳδιουργοῦντες
427 749 461 775 τὰ
476 749 553 783 λόγια
568 749 680 785 Κυρίου,
698 749 828 785 ἐξηγηταὶ
843 760 894 778 κα-

196 794 224 820 ὐν
249 795 339 826 καλῶς
360 795 512 830 εἰρημένων
534 796 682 830 γινόμενοι,
712 797 759 823 καὶ
782 797 895 829 πολλοὺς

191 840 299 866 έπουσιν
323 841 474 874 ἀπάγοντες
496 841 594 872 αὐτοὺς
617 842 752 878 προφάσει
768 842 895 877 γνώσεως

188 887 218 914 οὗ
240 888 299 914 τόδε
315 888 346 914 τὸ
362 889 416 914 πᾶν
432 889 637 923 συστησαμένου
663 891 709 916 καὶ
725 890 895 925 κεκοσμηκό-

174 934 213 965 ὡς
229 934 394 970 ὑψηλότερον
411 943 447 965 τι,
464 934 510 961 καὶ
528 934 619 969 μεῖζον
639 934 746 970 ἔχοντες
763 936 894 968 ἐπιδεῖξαι

163 977 210 1003 τὸν
223 978 349 1013 οὐρανὸν,
367 978 413 1005 καὶ
426 979 475 1013 τὴν
486 979 548 1013 γῆν,
561 979 607 1005 καὶ
618 979 706 1006 πάντα
716 980 750 1006 τὰ
765 981 793 1006 ὲν
804 981 895 1013 αὐτοῖς

158 1023 280 1058 οιηκότος
291 1024 357 1050 Θεοῦ
367 1033 373 1039 ·
388 1024 508 1056 πιθανῶς
523 1026 570 1059 μὲν
579 1026 744 1061 ἐπαγόμενοι
754 1027 798 1054 διὰ
809 1027 895 1062 λόγων

140 1078 198 1104 ςνης
208 1070 271 1100 τοὺς
281 1070 427 1105 ἀκεραίους
438 1071 477 1102 εἰς
489 1070 533 1097 τὸν
541 1071 588 1097 τοῦ
601 1071 691 1107 ζητεῖν
703 1072 814 1107 τρόπον,
829 1075 894 1100 ἁπι-

125 1123 189 1146 ινως
208 1115 237 1141 δὲ
255 1116 420 1148 ἀπολλύντες
442 1117 540 1148 αὐτοὺς
560 1119 588 1145 ἐν
612 1119 650 1154 τῷ
672 1119 828 1155 βλάσφημον
849 1121 895 1147 καὶ

111 1160 187 1195 ισεῦῆ
203 1161 252 1196 τὴν
268 1161 382 1197 γνώμην
401 1162 490 1189 αὐτῶν
501 1164 714 1197 κατασκευάζειν
729 1167 767 1197 είς
783 1165 828 1193 τὸν
842 1167 894 1201 Δη-

103 1208 241 1243 μιουργὸν,
253 1208 319 1243 μηδὲ
330 1209 359 1234 ἐν
369 1209 407 1243 τῷ
415 1209 576 1244 διακρίνεινί
590 1210 746 1246 δυναμένων
759 1211 788 1238 τὸ
797 1211 896 1246 ψεῦδος

101 1253 153 1279 ἀπὸ
165 1253 212 1280 τοῦ
231 1253 360 1289 ἀληθοῦς·
383 1255 400 1290 ἡ
426 1255 479 1289 γὰρ
499 1255 586 1290 πλάνη
610 1256 670 1283 καθ’
683 1257 767 1293 αὐτὴν
784 1259 833 1293 μὲν
846 1259 896 1285 οὐκ

101 1299 293 1331 ἐπιδείκνυται,
303 1301 345 1327 ἵνα
359 1301 395 1336 μὴ
410 1301 581 1335 γυμνωθεῖσα
594 1303 704 1338 γένηται
718 1304 893 1340 κατάφωρος*

103 1345 208 1381 πιθανῷ
220 1346 248 1372 δὲ
263 1347 448 1382 περιϐλήματι
466 1348 628 1383 πανούργως
644 1351 829 1385 κοσμουμένη,
850 1351 896 1377 καὶ

102 1390 188 1425 αὐτῆς
205 1391 254 1426 τῆς
277 1392 406 1427 ἀληθείας
436 1393 621 1429 ἀληθεστέραν
644 1395 743 1430 ἑαυτὴν
766 1397 895 1432 παρέχειν

103 1436 246 1469 φαίνεσθαι
257 1438 266 1452 ¹
284 1437 328 1464 διὰ
340 1438 389 1472 τῆς
402 1438 501 1470 ἔξωθεν
514 1441 663 1473 φαντασίας
679 1441 736 1473 τοῖς
753 1442 895 1478 ἀπειροτέ-

105 1489 161 1516 ροις
170 1490 176 1496 ³
190 1481 280 1513 καθὼς
289 1482 340 1508 ὑπὸ
351 1482 563 1518 ’ποῦ’κρείττονος
576 1485 654 1520 ἡμῶν
666 1485 774 1521 εἴρηται
786 1487 831 1513 ἐπὶ
842 1487 895 1513 τῶν

107 1527 242 1559 τοιούτων,
261 1528 301 1554 ὅτι
315 1528 395 1555 Λίθον
414 1529 461 1556 τὸν
479 1530 568 1565 τίμιον
588 1531 744 1566 σμάραγδον
756 1532 831 1564 ὄντα,
849 1534 896 1560 καὶ

105 1575 286 1610 πολυτίμητόν
299 1584 367 1602 τισιν
384 1576 463 1608 ὕαλος
477 1576 628 1612 ἐνυϐρίζειν
645 1577 688 1604 διὰ
700 1578 797 1613 τέχνης
809 1587 894 1614 παροι-

105 1621 265 1657 μοιουμένη,
279 1622 378 1648 ὁπόταν
393 1622 429 1657 μὴ
447 1624 521 1658 παρῇ
536 1623 550 1648 ὁ
563 1623 664 1650 σθένων
678 1624 833 1659 δοκιμάσαι,
849 1626 896 1651 καὶ

102 1667 184 1703 τέχνῃ
195 1666 329 1701 διελέγξαι
347 1668 396 1702 τὴν
414 1668 576 1702 πανούργως
601 1668 762 1704 γενομένην
780 1669 845 1696 ὅταν
869 1670 897 1696 δὲ

103 1715 218 1749 ἑπιμιγῇ
234 1715 248 1740 ὁ
270 1714 368 1748 χαλκὸς
390 1714 430 1745 είς
449 1713 495 1740 τὸν
510 1714 641 1750 ἄργυρον,
662 1714 703 1746 τίς
719 1714 836 1747 εὐκόλως
852 1715 896 1742 δυ-

103 1760 214 1795 νήσεται
229 1759 323 1785 τοῦτον
336 1759 472 1795 ἀκεραίως
487 1759 649 1794 δοκιμάσαι;

942 223 1014 249 circa
1023 223 1117 256 paucis
1129 222 1181 248 huc
1199 229 1283 256 usque
1300 229 1314 247 a
1329 229 1372 249 me
1382 221 1614 252 commemoratis,
1626 220 1731 255 reliqua

942 275 975 295 ex
996 268 1068 295 illius
1093 268 1180 302 ipsius
1207 266 1252 294 Dei
1274 268 1345 294 Servi
1367 275 1449 301 opere
1470 271 1627 302 pertexam;
1650 269 1732 300 atque

942 314 1059 349 ipsamct
1074 313 1165 341 Irenzci
1182 314 1263 341 verba
1274 334 1280 345 ,
1304 322 1338 341 ne
1353 317 1456 340 mutata
1476 313 1586 348 quidem
1608 312 1712 350 syllaba
1722 331 1732 344 ,

943 360 1097 395 subjiciam.
1111 359 1180 387 Sunt
1193 360 1250 387 hmo
1263 360 1398 394 ejusmodi
1417 368 1425 387 :

1189 415 1231 442 Ea:
1251 420 1342 442 sancto
1362 414 1476 442 Irenazo.

978 472 1024 500 IX.
1039 472 1106 500 Cum
1122 472 1245 507 plerique
1260 473 1374 499 veritate
1386 475 1542 506 contempta
1555 471 1638 499 falsas
1649 478 1734 506 quas-

943 517 1006 545 dam
1022 519 1196 546 narrationes
1222 524 1249 546 et
1270 519 1365 546 inanes
1380 518 1552 554 genealogias
1573 517 1732 548 obtrudant,

943 572 1004 599 qua:
1013 565 1176 599 quaestiones
1189 569 1322 600 praestant
1336 564 1433 600 magis,
1445 568 1475 590 ut
1483 562 1630 598 Apostolus
1643 561 1733 596 loqui—

945 615 989 637 tur
998 610 1019 644 ‘,
1030 619 1111 645 quam
1123 611 1330 638 ardificationem
1341 611 1396 642 Dei,
1407 617 1467 645 quae
1479 614 1521 637 est
1533 609 1559 636 in
1567 608 1635 635 fide:
1652 612 1734 642 atque

946 657 1026 684 iidem
1039 658 1075 684 illi
1088 657 1184 685 callida
1196 658 1399 693 artiliciosaquc
1410 657 1532 684 oratione
1545 655 1734 690 imperitorum

945 704 1051 730 animos
1063 704 1212 738 decipiant,
1229 711 1261 731 ae
1276 704 1350 731 velut
1361 704 1483 738 captivos
1499 703 1654 737 abripiant;
1668 700 1733 728 dum

944 753 972 776 et
980 750 1091 776 oracula
1104 750 1197 777 divina
1209 750 1369 785 depravant,
1383 754 1408 777 et
1420 754 1494 776 recte
1507 748 1579 776 dicta
1592 753 1734 783 perperam

946 795 1176 830 interpretantur:
1199 800 1257 823 tum
1275 803 1341 824 vero
1358 803 1439 831 quam
1457 795 1590 830 plurimos
1607 793 1640 820 ab
1652 793 1734 826 hujus

946 841 1066 870 universi
1077 842 1218 870 conditore
1241 846 1268 869 et
1282 842 1439 869 ordinatore
1454 841 1519 873 Deo,
1534 841 1601 868 falsa
1616 839 1732 875 quadam

946 887 1079 915 abductos
1101 889 1191 923 specie
1210 889 1385 924 cognitionis,
1400 889 1427 915 in
1444 887 1592 923 perniciem
1607 887 1733 919 trahant;

945 934 1022 968 quasi
1042 934 1186 962 sublimius
1209 935 1312 970 aliquid
1332 942 1363 962 ac
1384 934 1472 969 majus
1491 941 1524 961 eo
1545 933 1735 960 demonstrare

945 980 1062 1015 possint.
1081 981 1127 1015 qui
1152 981 1251 1008 celum
1278 985 1443 1016 terramque,
1465 987 1498 1007 ac
1518 987 1579 1015 quae
1596 980 1629 1006 iis
1643 979 1734 1006 contio

946 1029 1046 1052 nentur
1061 1026 1153 1053 omnia
1175 1026 1345 1061 procrearit:
1373 1026 1442 1054 adeo
1457 1030 1486 1053 ut
1501 1024 1639 1060 simplices
1653 1025 1735 1052 mini-

946 1080 1044 1107 meque
1060 1073 1147 1100 malos
1170 1073 1295 1100 homines
1311 1073 1410 1100 fucatis
1426 1071 1599 1100 sermonibus
1613 1070 1647 1098 ad
1663 1070 1735 1097 veri-

947 1119 1010 1146 tatis
1020 1118 1221 1154 indagationem
1234 1119 1332 1147 blande
1344 1119 1491 1146 admodum
1510 1118 1634 1149 illiciant,
1644 1124 1735 1152 neque

947 1170 1036 1193 tamen
1053 1165 1152 1193 blande
1173 1166 1235 1194 illos
1259 1166 1286 1193 in
1305 1166 1418 1194 exitium
1436 1165 1589 1200 impellant,
1605 1164 1670 1191 dum
1685 1163 1735 1191 ad-

946 1220 1043 1240 versus
1070 1220 1160 1240 rerum
1183 1212 1307 1247 opiﬁcem
1329 1219 1443 1248 pronam
1464 1211 1498 1239 ad
1518 1210 1736 1238 maledicendum

947 1258 1112 1293 impiamque
1131 1263 1248 1286 montem
1268 1259 1405 1293 injiciunt,
1428 1258 1501 1293 quod
1523 1265 1616 1285 verum
1634 1264 1649 1283 a
1667 1256 1736 1284 falso

946 1305 1102 1332 discernere
1119 1305 1285 1340 quibuscum
1303 1308 1386 1341 agunt
1414 1307 1552 1339 nequeant
1567 1313 1574 1331 :
1592 1311 1646 1330 non
1662 1303 1735 1330 enim

946 1350 1052 1378 falsitas
1069 1352 1141 1378 nuda
1167 1359 1200 1378 ac
1215 1351 1331 1386 simplex
1346 1351 1519 1386 proponitur,
1540 1357 1574 1377 ne
1593 1349 1651 1377 suis
1666 1349 1737 1375 inte-

947 1398 1083 1432 gumentis
1099 1398 1207 1425 evoluta
1222 1397 1390 1433 deprehendi
1403 1397 1482 1424 facile
1494 1397 1596 1432 possit;
1612 1395 1660 1424 sed
1675 1404 1738 1431 spe-

947 1443 1030 1471 ciosis
1042 1444 1192 1472 involucris
1203 1445 1274 1471 miro
1286 1444 1401 1471 artificio
1418 1443 1562 1478 perpolita,
1580 1448 1610 1470 ut
1624 1447 1736 1470 externa

947 1496 1045 1524 pompa
1066 1493 1148 1524 atque
1167 1490 1243 1518 cultu
1258 1490 1372 1517 veritate
1393 1489 1452 1524 ipsa
1468 1487 1670 1524 quodammodo
1690 1495 1738 1514 ve-

948 1535 1048 1562 riorem
1065 1543 1126 1563 sese
1137 1536 1279 1562 rudiorum
1295 1536 1382 1563 oculis
1397 1535 1542 1569 subjiciat:
1559 1533 1737 1569 quemadmo-

947 1581 1011 1608 dum
1024 1581 1058 1608 ab
1070 1581 1160 1616 aliquo
1174 1581 1252 1616 longe
1262 1590 1342 1616 quam
1358 1589 1407 1609 nos
1419 1581 1608 1616 praestantiore
1621 1580 1654 1608 de
1664 1581 1738 1615 ejus-

948 1626 1020 1654 modi
1036 1628 1245 1662 pronuntiatum
1263 1633 1321 1655 est:
1339 1627 1489 1662 Exquisita:
1501 1634 1614 1662 gemma:
1628 1634 1659 1653 ac
1674 1633 1736 1661 pre-

946 1669 1100 1699 tiosissima
1132 1672 1276 1708 smaragdo
1303 1672 1419 1700 similem
1442 1673 1476 1699 ab
1496 1671 1647 1698 artiﬁcibus
1678 1670 1736 1698 fleri

946 1717 1063 1743 vitreum
1077 1717 1210 1753 lapillum,
1232 1725 1287 1745 non
1307 1718 1367 1745 sine
1383 1717 1502 1753 quadam
1523 1717 1596 1744 illius
1618 1716 1736 1751 injuria;

949 1763 1001 1789 nisi
1019 1767 1118 1797 praesto
1136 1763 1182 1796 sit,
1200 1764 1245 1799 qui
1262 1763 1434 1791 discernendi
1449 1763 1546 1799 peritia
1562 1763 1659 1794 valeat,
1673 1763 1737 1797 qui-

104 1815 157 1842 que
170 1812 229 1834 arte
251 1815 301 1834 sua
326 1807 413 1835 fretus
435 1808 615 1835 adulterinam
643 1808 716 1834 illam
741 1816 875 1843 gemmam
908 1810 1120 1848 simulatamque
1141 1812 1304 1848 dignoseat:
1323 1813 1371 1841 sed
1382 1821 1444 1840 cum
1477 1821 1514 1840 ms
1547 1816 1661 1848 argento
1687 1811 1738 1837 mi-

105 1857 207 1885 scetur,
224 1854 287 1888 quis
301 1853 353 1880 hoc
369 1853 447 1881 facile
461 1854 622 1888 siueereque
640 1854 800 1881 discernat?

141 1900 199 1926 Ἵνα
217 1898 264 1926 οὖν
283 1899 320 1936 μὴ
343 1899 392 1936 τὴν
407 1900 651 1936 ἡμετέρανηαίτίαν
669 1900 898 1936 συναρπάζωνταί

104 1954 187 1978 τινες,
196 1946 234 1977 ὡς
245 1946 369 1981 πρόϐατα
383 1946 435 1972 ὑπὸ
448 1946 547 1978 λύκων,
567 1945 728 1980 ἀγνοοῦντες
742 1947 839 1978 αὐτοὺς
855 1947 897 1973 διὰ

106 1991 155 2026 τὴν
176 1991 276 2023 ἔξωθεν
299 1992 347 2026 τῆς
373 1991 534 2027 προϐατείου
555 1991 636 2027 δορᾶς
654 1992 799 2027 ἐπιϐουλὴν
809 1992 829 2024 ³,
852 1991 898 2024 οὓς

105 2037 253 2071 φυλάσσειν
288 2037 478 2073 παρήγγελκεν
499 2039 565 2073 ἡμῖν
585 2040 598 2064 ὁ
615 2037 727 2073 Κύριος,
747 2038 827 2073 ὅμοια
849 2038 898 2073 μὲν

105 2082 265 2114 λαλοῦντας,
282 2083 396 2118 ἀνόμοια
413 2083 441 2109 δὲ
461 2083 642 2119 φρονοῦντας·
664 2084 810 2118 ἀναγκαῖον
828 2085 896 2120 ἡγη-

107 2131 210 2165 σάμην,
230 2129 346 2164 ἐντυχὼν
360 2131 414 2161 τοῖς
438 2130 615 2166 ὑπομνήμασι
630 2130 694 2162 τῶν,
712 2130 750 2162 ὡς
763 2131 840 2157 αὐτοὶ
852 2131 893 2157 λὲι

986 1901 1167 1934 Quamobrem
1185 1908 1219 1928 ne
1234 1901 1280 1936 qui
1295 1901 1376 1936 culpa
1391 1905 1486 1928 nostra
1498 1905 1628 1935 tanquam
1641 1910 1706 1930 oves
1720 1911 1737 1931 a

950 1944 1032 1979 lupis,
1047 1945 1086 1972 sic
1101 1945 1135 1972 ab
1148 1945 1395 1980 illis'abripiantur.
1411 1945 1490 1981 174
1501 1954 1570 1980 quos
1581 1947 1670 1974 ovium
1679 1949 1737 1982 pel-

951 1991 1022 2018 libus
1046 1994 1132 2018 tectos
1157 1991 1327 2025 ignorarint;
1347 1991 1503 2025 cujusmodi
1521 1992 1656 2021 cavcndos
1676 2001 1738 2022 esse

950 2035 1083 2063 Dominus
1096 2036 1226 2070 praecipit,
1241 2043 1356 2070 quorum
1370 2036 1467 2063 similis
1479 2044 1578 2068 sermo,
1595 2037 1737 2066 dissimilis

950 2086 992 2109 est
1006 2082 1131 2109 animus:
1148 2082 1335 2109 necessarium
1351 2082 1454 2117 putavi,
1471 2090 1532 2109 cum
1550 2083 1577 2110 in
1589 2082 1736 2117 Valentini,

951 2132 981 2155 ut
996 2132 1132 2158 asserunt.
1146 2128 1343 2162 discipulorum
1356 2129 1567 2156 commentarios
1580 2129 1736 2162 inciderim,

107 2185 212 2210 γουσιν,
219 2176 393 2203 Οὐαλεντίνου
405 2176 541 2212 μαθητῶν,
554 2177 635 2208 ἐνίοις
645 2177 666 2202 δ’
676 2177 764 2203 αὐτῶν
772 2177 819 2203 καὶ
830 2185 896 2212 συμ-

951 2181 1013 2201 cum
1030 2174 1134 2209 aliquot
1154 2174 1237 2201 etiam
1253 2181 1286 2201 ex
1304 2174 1413 2201 illorum
1434 2181 1549 2201 numero
1572 2182 1737 2210 congressus

107 2220 209 2253 ὕαλὼν,
227 2222 274 2247 καὶ
289 2221 508 2256 καταλαϐόμενος
525 2221 575 2256 τὴν
593 2221 706 2256 γνώμην
724 2221 824 2252 αὐτῶν,
845 2230 898 2257 μη-

107 2267 187 2294 νῦσαέ
197 2275 248 2298 σοι,
259 2268 392 2303 ἀγαπητε,
405 2268 439 2294 τὰ
450 2267 588 2303 τερατώδη
597 2267 644 2294 καὶ
655 2267 739 2302 βαθέα
752 2268 898 2303 μυστήρια,

108 2313 127 2340 ἃ.
142 2313 171 2339 οὺ
190 2313 291 2345 πάντες
305 2313 449 2349 χωροῦσιν,
464 2313 524 2339 ἐπεὶ
537 2312 574 2348 μὴ
586 2313 686 2344 πάντες
696 2313 739 2339 τὸν
751 2313 899 2347 ἐγκέφαλον

109 2357 299 2390 ὲξεπτύκασιν,
324 2359 399 2389 ὅπως
417 2359 464 2385 καὶ
483 2359 526 2390 σὺ,
546 2357 638 2394 μαθὼν
659 2358 738 2391 αὐτὰ,
763 2359 829 2385 πᾶσι
843 2360 899 2390 τοῖς

112 2405 181 2440 μετὰ
196 2404 244 2430 σοῦ
256 2404 360 2439 φανερὰ
371 2405 498 2441 ποιήσῃς,
507 2405 554 2431 καὶ
566 2405 734 2440 παραινέσῃς
747 2405 837 2436 αὐτοῖς
849 2413 898 2439 φυ-

110 2449 242 2483 λάξασθαι
258 2450 303 2476 τὸν
320 2449 399 2485 βυθὸν
412 2450 462 2484 τῆς
479 2450 581 2483 ἀνοίας,
599 2451 646 2477 καὶ
660 2450 710 2484 τῆς
726 2450 766 2481 είς
780 2449 898 2485 Χριστὸν

113 2496 284 2532 βλασφημίας
297 2504 303 2510 ·
322 2495 378 2528 καὶ,
395 2495 484 2527 καθὼς
498 2495 609 2531 δύναμις
624 2497 700 2532 ἡμῖν,
721 2496 770 2531 τήν
782 2504 812 2522 τε
827 2495 898 2530 γνώ-

115 2551 166 2578 μην
179 2541 270 2568 αὺτῶν
284 2541 338 2568 τῶν
353 2541 400 2568 νῦν
418 2542 682 2577 παραδιδασκόντων,
702 2541 774 2575 λέγω
793 2541 825 2577 δὴ
845 2541 899 2568 τῶν

114 2596 175 2623 περι
190 2587 369 2622 ῖνιτολεμαῖον,
386 2586 545 2622 ἀπανθισμα
564 2585 646 2613 οὖσαν
657 2587 707 2622 τῆς
723 2586 898 2614 Οὐαλεντίνου

148 2657 157 2672 ¹
174 2655 246 2683 lren.
266 2655 304 2690 μὴ
316 2655 472 2690 διακρίνειν.
510 2655 520 2670 ¹
536 2653 566 2682 F.
585 2655 699 2691 παρέχει
715 2655 756 2683 vel
775 2655 909 2690 φαίνεται.

150 2713 207 2748 (69)
227 2713 275 2739 Ἐκ
290 2712 350 2739 τῶν
364 2711 418 2739 τοῦ
439 2712 535 2746 ἁγίου.
555 2712 706 2739 Plurimum
719 2712 759 2748 vel
777 2713 829 2739 hoc
844 2720 900 2739 uno

117 2749 227 2776 nomine
238 2748 271 2775 de
285 2748 357 2774 omni
371 2750 530 2783 posteritate
542 2748 657 2774 meritus
665 2752 707 2775 est
718 2747 896 2783 Epiphanius,

116 2783 190 2820 quodq
205 2784 266 2817 ejus
286 2782 377 2811 studio
398 2782 498 2820 factum
519 2787 572 2815 est,
592 2788 622 2809 ut
637 2783 729 2820 irenaei
743 2783 894 2820 fragmenta

116 2818 297 2854 quaedamﬂex
320 2822 396 2845 tanto
419 2818 492 2854 illius
509 2825 621 2853 operum
631 2818 780 2854 naufragio
803 2825 899 2853 super-

115 2853 218 2883 essent.
241 2853 298 2881 Nos
311 2861 343 2880 ea
358 2861 420 2880 cum
436 2853 532 2880 Latina
553 2853 638 2882 veteri
662 2853 896 2890 interpretatione,

254 2901 381 2933 Pnaor.
408 2901 467 2933 Gn.
479 2901 562 2933 XLI.

953 2219 1061 2251 fuerim,
1083 2220 1146 2251 tibi,
1164 2227 1181 2246 ο
1194 2219 1365 2252 charissime,
1393 2223 1551 2254 portentosa
1567 2220 1612 2247 illa
1630 2228 1662 2247 ac
1673 2229 1739 2256 pro-

953 2266 1037 2294 funda
1061 2266 1215 2301 signiﬁcare
1234 2266 1381 2301 mysteria;
1409 2274 1469 2301 quae
1494 2266 1601 2301 quidem
1625 2275 1679 2294 non
1703 2269 1738 2296 ad

952 2317 1061 2347 captum
1074 2311 1196 2338 omnium
1207 2311 1322 2344 faciunt,
1335 2311 1406 2346 quod
1421 2319 1475 2338 non
1488 2320 1584 2340 omnes
1594 2313 1737 2341 cerebrum

952 2359 1163 2393 exspuerint,ut
1170 2360 1198 2384 et
1211 2362 1239 2384 tu
1255 2357 1371 2393 cognitis
1383 2357 1571 2389 iis,universis
1584 2359 1629 2394 qui
1645 2363 1737 2387 tecum

954 2407 1019 2432 sunt
1042 2403 1136 2430 eadem
1161 2402 1294 2435 declares,
1314 2410 1346 2429 ac
1367 2409 1489 2435 moneas,
1512 2402 1552 2430 uti
1572 2404 1737 2431 altissimum

952 2450 1028 2477 illum
1047 2449 1169 2477 stultitia:
1191 2453 1272 2484 atque
1288 2449 1315 2475 iu
1328 2448 1467 2476 Christum
1487 2450 1662 2485 blasphemia:
1675 2459 1740 2486 gur-

951 2495 1032 2530 gitem
1052 2493 1184 2521 devitent.
1211 2493 1313 2528 Itaque,
1337 2494 1427 2528 quoad
1451 2495 1478 2521 in
1502 2502 1545 2522 me
1569 2495 1652 2522 situm
1676 2496 1739 2528 erit,

952 2547 1046 2567 eorum
1068 2539 1114 2574 qui
1138 2539 1240 2567 erroris
1262 2539 1343 2566 hodie
1363 2540 1488 2575 magistri
1511 2543 1584 2573 sunt,
1607 2541 1739 2567 nimirum

952 2586 1106 2618 Ptolemaei,
1130 2585 1245 2621 ejusque
1270 2588 1451 2617 sectatorum,
1479 2586 1526 2621 qui
1548 2594 1580 2613 ex
1601 2584 1739 2613 Valentini

945 2655 956 2671 ³
971 2654 1002 2681 F.
1018 2653 1157 2690 ἐπιϐολήν.
1194 2652 1226 2680 ⁸1
1242 2653 1312 2681 Tim.
1329 2661 1349 2686 t,
1367 2654 1393 2680 4.

953 2712 1026 2747 quod
1043 2712 1108 2739 olim
1121 2711 1216 2739 Billius
1234 2711 1346 2743 fecerat,
1360 2712 1504 2747 diligenter
1518 2711 1694 2742 contulimus,
1709 2714 1737 2737 et

953 2746 1062 2775 nostras
1082 2746 1208 2782 Billiique
1231 2748 1403 2782 conjecturas
1415 2746 1457 2774 ad
1472 2747 1623 2782 marginem
1649 2747 1735 2773 ascri-

952 2783 1068 2818 psimus.
1093 2790 1183 2818 neque
1203 2783 1350 2818 quidquam
1376 2783 1428 2810 nisi
1450 2791 1482 2810 ex
1506 2787 1627 2810 veterum
1653 2789 1736 2808 manu

952 2817 1126 2847 exaratorum
1142 2817 1195 2847 fide
1209 2818 1237 2846 in
1249 2823 1379 2847 contextu
1395 2818 1455 2853 ipso
1470 2817 1646 2845 mutavimus.

1503 2898 1535 2930 16
