1961 3046
224 138 271 166 491

907 133 936 161 S.
957 132 1126 160 EPIPHANII

1793 132 1846 159 499

225 197 318 225 schola
329 195 514 228 elllorucrunt,
528 195 689 222 sententiam
705 198 832 221 accurate
846 202 877 221 ac
890 194 1008 221 breviter

1067 194 1165 229 τχολῆς,
1176 194 1314 229 συντόμως
1324 194 1370 220 καὶ
1383 193 1473 228 σαφῶς
1484 191 1701 227 ἀπαγγελοῦμεν,
1711 193 1755 219 καὶ
1766 193 1847 228 ἀφορ-

226 251 377 278 exponam;
402 246 429 269 et
450 241 484 268 ad
500 249 558 268 eam
575 240 746 268 refutandam
769 240 865 267 idonea
883 247 941 276 ,ιιι-ο
959 240 1011 266 mei

227 293 322 325 captus
335 288 481 323 exiguitate
495 290 653 322 argumenta
666 294 824 321 suggeram:
839 286 937 321 quibus
951 293 1012 320 qua:

229 334 263 361 ab
287 333 340 360 illis
367 332 496 359 dicuntur
518 331 685 366 perabsurda
710 331 876 365 minimeque
904 331 1011 357 veritati

229 382 412 406 consentanea
435 384 496 403 esse
518 376 759 407 demonstrabitur,
785 376 893 403 tametsi
922 384 1012 410 neque

229 423 339 458 scriptis
356 423 503 457 quidquam
523 422 683 449 elucubrare
703 423 901 454 consueverim,
925 430 1012 457 neque

231 469 336 496 dicendi
350 470 411 496 sita
425 477 467 496 me
482 468 597 496 facultas
611 468 805 496 exercitatione
815 469 938 503 qumsita.
959 468 1011 496 Sed

229 522 273 542 me
290 515 409 542 charitas
428 515 563 546 hortatur,
588 518 617 540 ut
635 521 668 541 ea
690 514 738 540 tibi
762 515 872 548 tuisque
886 514 1012 548 dogmata

228 559 407 597 patelaciam,
436 568 497 595 quae
518 560 551 587 ad
575 560 648 587 hunc
670 560 804 587 occultata
826 560 897 587 diem
920 560 1012 587 divina

228 608 308 635 modo
318 607 406 642 gratia
415 609 537 642 prompta
548 607 674 634 omnibus
687 610 834 641 apertaque
845 612 918 634 sunt.
936 606 1013 633 Nihil

227 654 297 679 enim
311 657 348 679 est
364 652 505 680 occultum.
523 650 592 686 quod
608 659 659 677 non
673 651 812 683 reveletur,
830 657 854 678 et
871 651 1013 678 abscondi-

229 703 294 730 tum,
311 698 380 732 quod
399 707 451 725 non
463 698 565 725 sciatur
575 698 593 724 ¹.

265 744 299 772 Χ.
311 745 456 772 Enimvero
464 744 531 771 nihil
540 743 592 771 crit
600 751 649 770 cur
661 751 674 770 a
687 743 774 774 nobis,
784 743 829 778 qui
842 744 912 771 inter
922 743 1013 771 Gallos

228 789 362 825 degimus,
378 793 459 824 atque
469 790 496 816 in
503 789 625 817 barbara:
635 790 733 824 linguae
744 789 919 817 meditatione
928 790 1013 824 pluri-

229 843 304 862 mum
321 835 445 874 occupati
467 843 571 867 sumus.
582 836 729 863 oratoriam
738 836 830 870 exigas
843 836 1010 866 facultatem.

1064 241 1116 275 μὰς
1139 239 1258 274 δώσομεν
1277 240 1344 267 κατὰ
1366 239 1414 275 τὴν
1436 240 1571 275 ἡμετέραν
1588 239 1760 274 μετριότητα,
1778 239 1846 274 πρὸς

1062 286 1091 312 τὸ
1106 286 1268 320 ἀνατρέπειν
1291 285 1385 321 αὐτὴν,
1412 285 1542 312 ἀλλόκοτα
1566 286 1612 311 καὶ
1636 285 1793 319 ἀνάρμοστα
1813 286 1847 319 τῇ

1062 332 1173 368 ἀληθείᾳ
1193 331 1390 363 ἐπιδεικνύντες
1405 331 1438 358 τὰ
1454 331 1499 357 ὑπ’
1516 331 1605 357 αὐτῶν
1618 330 1760 365 λεγόμενα,
1778 331 1847 365 μήτε

1063 378 1229 414 συγγράφειν
1251 378 1406 413 εἰθισμένοι.
1424 378 1493 413 μήτε
1511 377 1597 410 λόγων
1614 377 1710 411 τέχνην
1727 376 1847 410 ἠσκηκό-

1061 432 1105 456 τες
1116 433 1122 439 ·
1137 424 1246 459 ἀγάπης
1258 424 1285 450 δὲ
1295 424 1368 459 ἡμᾶς
1383 423 1606 459 προτρεπομένης
1623 421 1663 448 σοί
1677 431 1706 448 τε
1719 422 1765 448 καὶ
1777 423 1847 448 πᾶσι

1061 470 1118 501 τοῖς
1132 470 1200 504 μετὰ
1212 468 1258 495 σοῦ
1272 469 1388 504 μηνῦσαι
1398 469 1431 495 τὰ
1445 469 1523 503 μέχρι
1538 468 1586 499 μὲν
1597 467 1643 494 νῦν
1655 467 1843 502 κεκρυμμένα.

1062 515 1112 550 ἤδη
1123 515 1152 541 δὲ
1165 514 1234 541 κατὰ
1247 516 1296 550 τὴν
1311 515 1388 550 χάριν
1408 514 1453 540 τοῦ
1469 513 1537 540 Θεοῦ
1554 515 1594 544 εἰς
1618 513 1733 548 φανερὸν
1748 512 1843 547 ἐληλυ-

1063 561 1127 587 θότα
1146 561 1306 595 διδάγματα.
1338 559 1431 586 οὐδὲν
1449 561 1503 594 γάρ
1522 559 1588 585 ἐστι
1610 558 1845 592 κεκαλυμμένον,

1063 605 1079 632 ὃ
1093 607 1147 633 οὐκ
1162 605 1455 639 ἀποκαλυφθήσεται,
1465 605 1513 631 καὶ
1527 603 1669 638 κρυπτὸν,
1689 603 1705 630 ὃ
1725 604 1761 630 οὺ
1773 612 1848 637 rru-

1062 652 1216 686 σθήσεται.

1098 739 1125 768 l'.
1141 739 1199 767 Οὐκ
1214 738 1389 774 ὲπιζητήσεις
1399 739 1427 765 δὲ
1443 739 1508 774 παρ*
1520 739 1598 773 ἡμῶν
1607 739 1662 774 (70)
1674 740 1728 766 τῶν
1740 741 1769 767 ὲν
1779 741 1831 767 K5,

1063 787 1118 817 τοῖς
1133 785 1334 820 διατριϐόντων,
1359 784 1405 810 καὶ
1426 784 1489 818 περὶ
1512 784 1647 820 βάρϐαρον
1668 786 1805 812 διάλεκτον
1819 788 1847 804 ’θ’

1064 832 1187 858 πλεῖστον
1204 829 1406 866 ἀσχολουμένων
1421 829 1506 863 λόγων
1525 831 1633 866 τέχνην,
1659 832 1692 867 ἣν
1713 832 1762 858 οὑκ
1779 833 1847 868 ἐμα-

229 888 311 916 quam
320 871 458 916 nunquam
468 880 612 908 didicimus
620 890 627 914 ;
635 888 723 916 neque
734 881 868 908 scribendi
877 881 1011 916 peritiam,

1067 879 1154 914 Βομεν,
1169 878 1229 904 οὗτε
1241 878 1354 912 δύναμιν
1366 877 1555 911 συγγραφέως,
1569 877 1602 912 ἢν
1615 878 1665 904 οὐκ
1677 879 1845 914 ἠσκήσαμεν,

229 928 274 954 cui
285 935 422 962 nunquam
432 927 599 960 studuimus;
613 934 701 961 neque
708 927 835 954 dictionis
843 931 966 954 ornatum
981 935 1013 954 ac

229 965 332 1004 lucum,
349 980 431 1007 quem
443 973 550 1008 penitus
562 973 729 1008 ignoramus.
743 972 812 1005 Quin
826 974 916 1007 potius
931 981 1012 1008 quaea

229 1019 310 1045 nobis
327 1018 496 1052 simpliciter,
505 1025 537 1045 ac
551 1026 615 1046 vere
627 1018 786 1052 vulgarique
801 1026 926 1046 sermone
938 1020 970 1046 ad
987 1024 1014 1048 te

233 1071 266 1091 ex
279 1063 411 1090 charitate
421 1063 591 1096 scribuntur,
613 1071 645 1091 ea
661 1072 693 1091 ex
718 1064 852 1091 charitate
868 1066 1012 1100 suscipies.

232 1113 315 1143 atque
336 1111 430 1143 utpote
450 1109 537 1144 magis
553 1109 585 1136 ad
601 1109 627 1136 id
647 1109 827 1144 praestandum
839 1111 961 1142 idoneus,
974 1113 1013 1140 sic

231 1157 363 1188 tanquam
377 1153 481 1180 semina
489 1154 612 1188 quaedam
625 1158 652 1182 et
663 1155 739 1181 initia
751 1162 765 1181 a
777 1155 856 1183 nobis
864 1159 1012 1191 acceperis.

231 1207 302 1227 nova
318 1199 389 1234 apud
410 1203 437 1226 te
451 1199 608 1226 accessione
630 1199 808 1234 locupletiora
829 1201 923 1234 facies.
943 1207 970 1230 ct
987 1204 1013 1230 in

231 1245 331 1273 mentis
345 1249 398 1272 tua:
410 1245 558 1280 spatiosum
574 1245 663 1273 sinum
676 1246 826 1279 recondita,
843 1256 903 1283 quae
920 1250 1014 1284 paucis

232 1297 248 1316 a
260 1298 303 1317 me
316 1290 461 1325 perstricta
477 1293 551 1322 sunt,
564 1290 690 1318 uberiore
703 1289 792 1318 fructu
806 1294 1013 1328 compensahis:

232 1342 265 1362 ac
276 1335 396 1370 denique
409 1334 542 1370 quidquid
563 1343 579 1362 a
595 1343 637 1363 me
652 1343 747 1370 parum
766 1337 881 1365 viriliter
895 1339 1015 1374 explica-

232 1384 290 1406 tum
302 1379 394 1411 fuerit,
406 1379 477 1415 apud
486 1384 549 1407 tuos
556 1387 669 1408 nervose
682 1380 840 1416 fortiterque
851 1381 1012 1418 disputabis.

233 1425 321 1460 Atque
336 1429 365 1453 ut
379 1433 428 1461 ego
440 1425 488 1453 tibi
504 1426 612 1453 illorum
627 1427 787 1454 sententiam
800 1428 953 1463 perdiscere
967 1438 1015 1458 cu-

231 1471 328 1506 pienti,
346 1479 400 1498 non
420 1479 479 1498 cam
499 1471 580 1498 modo
595 1471 735 1500 declarare
752 1473 854 1506 studui,
874 1474 952 1510 175
968 1476 1015 1503 sed

1062 924 1124 951 οὔτε
1141 923 1331 959 καλλωπισμὸν
1346 923 1453 955 λέξεων,
1471 923 1531 949 οὔτε
1549 923 1725 959 πιθανότητα,
1751 925 1784 958 ἣν
1799 925 1846 951 οὐκ

1063 970 1180 1005 οἴδαμεν.
1206 970 1285 997 Ἀλλὰ
1299 969 1392 1001 ἁπλῶς
1405 969 1452 996 καὶ
1473 971 1579 1006 ἀληθῶς
1594 973 1640 998 καὶ
1659 970 1799 1002 ἰδιωτικῶς
1815 971 1848 997 τὰ

1065 1017 1133 1054 μετὰ
1147 1017 1257 1051 ἀγάπης
1276 1025 1316 1042 σοι
1330 1016 1478 1051 γραςρὲντα,
1502 1016 1570 1050 μετὰ
1592 1017 1701 1051 ἀγάπης
1716 1017 1748 1043 σὺ
1764 1025 1848 1052 προσ-

1063 1063 1134 1099 δέξῃ.
1147 1064 1192 1090 καὶ
1203 1062 1283 1094 αὐτὸς
1295 1062 1421 1096 αὐξήσεις
1434 1061 1503 1089 αὐτὰ
1514 1061 1588 1098 παρὰ
1601 1062 1715 1097 σεαυτῷ,
1728 1062 1775 1088 ἅτε
1790 1064 1848 1089 ἱκα-

1064 1109 1178 1144 νώτερος
1191 1108 1268 1143 ἡμῶν
1285 1108 1434 1142 τυγχάνων.
1453 1108 1532 1134 οἱονεὶ
1551 1108 1693 1143 σπέρματα
1702 1108 1748 1134 καὶ
1762 1108 1848 1143 ἀρχὰς

1064 1153 1152 1181 λαϐὼν
1161 1154 1224 1189 παρ’
1231 1154 1247 1188 ή
1251 1153 1319 1188 μῶν,
1326 1153 1371 1179 καὶ
1381 1153 1409 1179 ἐν
1417 1152 1455 1187 τῷ
1463 1153 1558 1179 πλάτει
1568 1161 1613 1179 σου
1623 1153 1668 1178 τοῦ
1675 1153 1720 1179 νοῦ
1727 1154 1772 1179 ἐπὶ
1782 1154 1850 1179 πολὺ

1065 1200 1285 1235 καρποφορήσεις
1295 1198 1329 1224 τὰ
1341 1198 1374 1224 δι’
1387 1197 1484 1232 ὀλίγων
1496 1197 1539 1231 ὐφ’
1555 1197 1632 1232 ἡμῶν
1646 1197 1787 1232 εἰρημένα,
1804 1199 1848 1224 καὶ

1064 1245 1184 1276 δυνατῶς
1195 1244 1381 1280 παραστήσεις
1400 1245 1455 1274 τοῖς
1471 1243 1539 1277 μετὰ
1555 1243 1601 1269 σοῦ
1623 1242 1656 1269 τὰ
1672 1243 1791 1274 ἀσθενῶς
1804 1243 1849 1278 ὑφ’

1065 1291 1141 1328 ἡμῶν
1157 1290 1356 1326 ἐπηγγελμένα.
1384 1290 1438 1315 Καὶ
1456 1289 1493 1320 ὡς
1510 1289 1589 1324 ἡμεῖς
1605 1288 1848 1324 ὲφιλοτιμήθημεν.

1065 1338 1147 1366 πάλαι
1161 1336 1305 1372 ζητοῦντός
1327 1343 1373 1361 σου
1399 1334 1493 1370 μαθεῖν
1509 1334 1558 1369 τὴν
1573 1334 1684 1369 γνώμην
1699 1335 1797 1368 αὐτῶν,
1812 1336 1850 1370 μὴ

1066 1385 1146 1420 μόνον
1170 1391 1210 1409 σοι
1228 1382 1337 1417 ποιῆσαι
1352 1380 1478 1416 φανερὰν,
1505 1379 1571 1407 ἀλλὰ
1587 1381 1632 1406 καὶ
1651 1381 1743 1415 ἐφόδια
1758 1381 1851 1408 δοῦναι

1066 1429 1133 1465 πρὸς
1147 1429 1176 1455 τὸ
1194 1426 1370 1454 ἐπιδεικνύειν
1385 1427 1468 1462 αὐτὴν
1491 1426 1589 1461 ψευδῆ-
1617 1426 1688 1453 οὖτω
1706 1426 1734 1452 δὲ
1751 1427 1799 1453 καὶ
1817 1427 1850 1453 σὺ

1065 1475 1210 1510 φιλοτίμως
1224 1475 1280 1505 τοῖς
1299 1473 1400 1503 λοιποῖς
1415 1472 1595 1508 διακονήσεις,
1610 1472 1680 1499 κατὰ
1698 1473 1748 1508 τὴν
1769 1473 1851 1508 χάριν

232 1516 329 1543 idonea
345 1524 453 1551 quoque
469 1516 595 1551 praesidia
609 1517 641 1544 ad
657 1517 729 1544 illam
745 1519 957 1547 convincendam
974 1525 1014 1548 at-

1067 1522 1115 1558 τὴν
1129 1521 1198 1556 πρὸς
1212 1520 1257 1547 τοῦ
1268 1519 1369 1555 Κυρίου
1382 1527 1422 1544 σοι
1434 1518 1588 1553 δεδομένην,
1601 1520 1640 1549 εἰς
1650 1519 1680 1545 τὸ
1693 1519 1790 1554 μηκέτι
1800 1528 1851 1545 πα-

232 1561 297 1588 tnli;
323 1561 359 1589 ita
386 1566 413 1589 et
433 1565 462 1589 tu
478 1569 527 1597 pro
540 1569 571 1589 ea
586 1569 647 1596 qua:
660 1566 749 1590 tecum
767 1570 782 1590 a
796 1563 852 1591 Deo
863 1567 1015 1593 communi-

233 1611 293 1634 cata
309 1608 395 1642 gratia
413 1612 465 1640 est,
484 1611 645 1635 caeterorum
672 1609 795 1643 impense
817 1611 970 1640 rationibus
989 1618 1015 1641 et

1070 1567 1232 1603 ρασύρεσθαι
1242 1566 1303 1596 τοὺς
1316 1564 1474 1599 ἀνθρώπους
1487 1564 1539 1591 ὑπὸ
1553 1566 1604 1600 τῆς
1617 1564 1726 1591 ἐκείνων
1741 1564 1851 1591 πιθανο-

1067 1614 1159 1648 λογίας
1172 1611 1254 1646 οὔσης
1268 1611 1405 1645 τοιαύτης·

233 1655 340 1682 utilitati
353 1654 465 1686 servies,
476 1663 508 1682 ne
522 1655 548 1681 in
558 1659 695 1689 posterum
706 1656 849 1691 quisquam
862 1658 959 1687 blanda
968 1662 1074 1690 illorum
1088 1661 1210 1690 oratione
1217 1661 1348 1694 capiatur.
1359 1659 1424 1692 Quae
1439 1658 1466 1685 in
1477 1658 1549 1686 hunc
1560 1659 1668 1686 modum
1680 1667 1739 1688 sese
1751 1660 1831 1687 habet
1843 1668 1850 1686 :

267 1701 405 1737 Principio
424 1703 451 1729 in
465 1702 677 1730 sublimitatibus
692 1703 755 1736 illis,
780 1713 841 1740 qua:
855 1714 942 1742 neque
954 1709 1017 1737 visu

233 1748 346 1783 percipi,
369 1755 457 1782 neque
477 1748 658 1783 appellatione
673 1749 727 1776 ulla
741 1751 933 1785 comprehendi
950 1761 1014 1789 pos—

236 1798 310 1825 sunt,
328 1794 476 1828 perfectum
491 1794 578 1821 inesse
593 1795 736 1829 quemdam
750 1795 865 1824 Eonem
878 1805 1014 1833 asserunt,

235 1843 315 1873 quem
331 1842 358 1865 et
377 1839 493 1873 primum
515 1838 668 1871 Parentem,
685 1843 711 1866 et
727 1839 842 1875 Bytbum
863 1844 1016 1872 nominant.

235 1881 314 1910 Hunc
333 1890 395 1910 cum
415 1883 490 1909 nullo
516 1883 576 1910 loco
591 1884 724 1911 contineri
744 1892 794 1912 nec
813 1886 898 1914 videri
915 1894 1015 1922 posset,

234 1928 427 1962 sempiternum
444 1935 494 1955 nec
508 1929 627 1963 genitum
642 1929 669 1956 in
687 1930 778 1964 quiete
790 1935 871 1966 atque
887 1933 942 1960 otio
957 1933 1018 1961 inli-

235 1974 301 2001 nitis
322 1981 511 2008 perseverasse
544 1975 661 2002 saeculis.
682 1975 804 2009 Quocum
823 1977 952 2004 Ennmam
968 1986 1016 2006 ex-

235 2020 339 2047 stitisse
351 2019 462 2054 pariter,
476 2026 558 2053 quam
573 2019 619 2047 isti
635 2019 756 2047 Gratiam
769 2028 800 2048 ac
811 2022 892 2057 Sigen
908 2029 1016 2051 vocant.

235 2067 273 2091 Ac
283 2064 366 2091 fuisse
374 2069 481 2099 tempus
490 2064 646 2099 aliquando,
657 2073 718 2092 cum
730 2065 832 2101 Bythus
841 2067 885 2095 ille
895 2068 1017 2095 omnium

235 2118 268 2137 ex
286 2117 347 2137 sese
361 2109 510 2144 primordia
520 2110 670 2144 producere
685 2111 820 2146 voluerit,
838 2120 870 2140 ac
888 2117 1018 2148 tanquam

235 2154 348 2187 semina,
365 2161 426 2189 qua:
438 2154 466 2181 in
478 2154 558 2190 Sigea
573 2156 703 2190 aequalem
720 2164 752 2184 ac
772 2165 925 2193 comparem
939 2167 1016 2187 suam

1103 1709 1217 1742 Λέγουσι
1231 1707 1285 1741 γὰρ
1296 1705 1356 1733 τινὰ
1367 1705 1436 1732 εἶναι
1447 1707 1475 1732 ἐν
1488 1706 1613 1741 ἀοράτοις
1627 1706 1672 1732 καὶ
1683 1706 1850 1741 ἀκατονομά-

1068 1763 1140 1786 στοις
1151 1753 1277 1788 ὑψώμασι
1292 1751 1393 1778 τέλειον
1406 1751 1496 1778 Αῑῶνα
1507 1752 1623 1787 προόντα
1632 1759 1639 1766 ·
1657 1752 1750 1778 τοῦτον
1761 1752 1788 1778 δὲ
1805 1753 1849 1778 καὶ

1066 1801 1229 1836 Προπάτορα
1236 1800 1258 1830 ¹,
1268 1798 1314 1824 καὶ
1325 1798 1407 1824 Βυθὸν
1416 1798 1553 1824 καλοῦσιν.
1562 1798 1732 1833 ’Υπάρχοντα
1741 1799 1762 1824 δ’
1771 1799 1851 1825 αὑτὸν

1067 1843 1206 1878 ἀχὼρητον
1230 1842 1277 1868 καὶ
1300 1842 1423 1876 ἀόρατον,
1443 1842 1528 1868 ἀΐδιόν
1544 1850 1572 1868 τε
1585 1843 1631 1868 καὶ
1647 1843 1804 1878 ἀγέννητον,
1822 1844 1851 1869 ἐν

1067 1888 1179 1924 ἡσυχία,
1206 1887 1252 1914 καὶ
1277 1887 1378 1923 ἠρεμίᾳ
1407 1887 1490 1921 πολλῇ
1515 1888 1654 1921 γεγονέναι
1676 1889 1705 1914 ἑν
1729 1889 1852 1924 ἀπείροις

1071 1934 1150 1960 αἰὼσι
1166 1933 1276 1969 χρόνων.
1299 1932 1485 1968 Συνυπάρχειν
1496 1932 1517 1958 δ’
1530 1933 1603 1968 αὐτῴ
1615 1934 1661 1960 καὶ
1672 1935 1804 1966 Ἐννοιαν,
1817 1936 1851 1970 ἢν

1068 1975 1100 2014 δὴ
1112 1979 1158 2005 καὶ
1172 1979 1269 2013 Χάριν,
1287 1978 1333 2004 καὶ
1343 1978 1426 2012 Σιγὴν
1440 1977 1601 2013 ὀνομάζουσι
1612 1987 1618 1994 ·
1629 1979 1675 2005 καὶ
1692 1981 1850 2015 ἑννοηθῆναί

1070 2033 1133 2051 ποτε
1145 2025 1191 2058 ἀφ’
1207 2023 1303 2050 ἑαυτοῦ
1316 2023 1496 2058 προϐαλέσθαι
1509 2024 1554 2050 τὸν
1567 2024 1649 2050 Biabe
1660 2024 1753 2052 τοῦτον
1764 2027 1851 2062 ἀρχὴν

1070 2068 1123 2095 τῶν
1135 2069 1253 2096 πάντων.
1266 2068 1312 2094 καὶ
1327 2067 1450 2103 καθάπερ
1462 2068 1571 2104 σπέρμα
1583 2069 1631 2104 τὴν
1642 2069 1774 2105 προϐολὴν
1787 2071 1852 2097 ταύ-

1069 2123 1129 2149 την,
1149 2114 1183 2149 ἢν
1198 2113 1378 2149 προϐαλέσθαι
1394 2113 1530 2149 ἐνενοήθη,
1550 2115 1596 2140 καὶ
1618 2115 1757 2148 διαθέσθαι,
1771 2117 1809 2147 ὡς
1821 2118 1850 2143 ὲν

1071 2159 1162 2194 μήτρᾳ
1178 2159 1244 2194 (Ἠ),
1265 2160 1298 2194 τῇ
1319 2159 1524 2194 συνυπαρχούσῃ
1541 2159 1630 2195 ἑαυτῷ
1646 2161 1723 2196 Σιγῇ.
1742 2161 1850 2197 Ταύτην

235 2200 314 2236 quasi
331 2201 473 2228 matricem
489 2199 599 2228 infudit.
618 2201 684 2228 Eam
700 2210 782 2237 porro
796 2205 899 2232 semine
912 2205 959 2232 illo
970 2213 1014 2233 ex-

1069 2203 1096 2230 ὂὲ
1112 2203 1310 2238 ὑποδεξαμένην
1324 2204 1354 2230 τὸ
1366 2203 1475 2238 σπέρμα
1490 2204 1577 2236 τοῦτο,
1595 2205 1640 2231 καὶ
1656 2205 1792 2241 ἐγκύμονα
1805 2215 1851 2241 γε-

235 2250 313 2281 cepto
328 2247 480 2281 gravidam.
492 2248 601 2275 demum
617 2248 734 2275 similem
749 2249 865 2284 genitori
878 2251 1018 2284 suo,Nun,

234 2293 420 2328 a-qualemque
435 2293 582 2328 peperisse,
599 2294 645 2328 qui
661 2294 736 2321 solus
744 2293 870 2323 Parentis
885 2297 1021 2331 magnitu-

235 2337 325 2365 dinem
336 2342 454 2373 caperet.
470 2338 600 2366 Eumdem
610 2338 671 2366 Nun
679 2340 760 2366 etiam
771 2339 919 2375 Unigenam
931 2343 1019 2369 nomi-

235 2387 311 2414 nant,
333 2388 359 2410 et
382 2383 500 2416 Patrem,
527 2388 555 2411 et
575 2384 743 2419 Principium
762 2393 853 2413 rerum
876 2388 1019 2418 omnium;

236 2435 351 2462 quocum
368 2437 421 2456 una
437 2434 580 2464 procreata
595 2431 631 2457 sit
647 2430 765 2459 Veritas.
796 2431 872 2459 Hanc
886 2440 947 2460 esse
962 2434 1019 2467 pri-

235 2481 306 2500 mam
316 2481 347 2501 ac
357 2475 505 2509 principem
518 2475 593 2502 illam
600 2475 837 2511 Pytliagorazorum
848 2477 1018 2513 quadrigam,

234 2528 315 2555 quam
327 2525 353 2548 et
362 2521 548 2548 universorum
561 2521 679 2549 radicem
692 2523 836 2558 appellant.
849 2523 918 2550 Sunt
928 2527 1018 2550 autem

236 2566 337 2602 Bythus
352 2574 383 2594 ac
397 2566 476 2601 Sige;
501 2571 558 2593 tum
575 2566 632 2594 Nus
652 2575 684 2594 ac
701 2566 819 2594 Veritas.
836 2567 942 2599 Postea.
955 2575 1017 2595 cum

237 2611 335 2646 quibus
347 2610 380 2637 de
391 2611 480 2638 causis
491 2611 640 2645 productus
653 2615 725 2638 esset
743 2610 863 2646 Unigena
873 2612 1015 2645 sensisset,

1067 2249 1182 2284 νομένην
1196 2250 1350 2284 ἀποκυῆσαι
1367 2249 1437 2276 Νοῦν
1451 2250 1542 2284 ὅμοιόν
1558 2259 1587 2276 τε
1601 2251 1647 2277 καὶ
1661 2251 1716 2278 ἴσον
1732 2252 1770 2287 τῷ
1785 2262 1851 2289 προ-

1067 2294 1183 2324 ϐαλόντι,
1202 2294 1248 2320 καὶ
1264 2294 1342 2329 μόνον
1356 2295 1493 2330 χωροῦντα
1507 2295 1537 2322 τὸ
1552 2297 1664 2331 μέγεθος
1677 2297 1722 2324 τοῦ
1735 2299 1849 2332 Πατρός.

1067 2339 1118 2365 Τὸν
1140 2339 1168 2365 δὲ
1184 2338 1255 2365 Νοῦν
1271 2339 1364 2366 τοῦτον
1385 2341 1430 2366 καὶ
1443 2341 1580 2376 Μονογενῆ
1596 2342 1717 2375 καλοῦσι,
1735 2344 1781 2369 καὶ
1795 2344 1850 2370 Πα-

1066 2385 1143 2419 τέρα,
1160 2385 1206 2410 καὶ
1228 2385 1325 2420 ’Δρχὴν
1339 2386 1392 2412 τῶν
1407 2386 1530 2413 πάντων’
1552 2388 1806 2423 συμπροϐεϐλῆσθαι
1821 2390 1849 2416 δὲ

1067 2430 1139 2465 αὐτῴ
1147 2430 1295 2465 Ἀλήθειαν.
1306 2431 1359 2457 Καὶ
1367 2430 1435 2457 εἶναι
1445 2433 1546 2467 ταύτην
1560 2433 1666 2467 πρῶτον
1677 2434 1687 2448 ³
1713 2434 1758 2460 καὶ
1769 2435 1850 2469 ἀρχέ-

1067 2483 1144 2510 γονον
1166 2476 1354 2511 Πυθαγορικὴν
1382 2478 1547 2512 τετρακτὺν,
1573 2479 1606 2513 ἢν
1629 2479 1675 2504 καὶ
1697 2479 1774 2514 ῥίζαν
1795 2481 1850 2506 τῶν

1067 2521 1175 2547 πάντων
1187 2521 1324 2548 καλοῦσιν.
1350 2522 1427 2549 Ἐστι
1442 2522 1494 2558 γὰρ
1507 2523 1590 2554 Βυθὸς
1603 2525 1648 2550 καὶ
1662 2525 1739 2559 Σιγὴ,
1756 2524 1850 2551 ἔπειτα

1066 2567 1138 2598 Νοῦς
1151 2567 1197 2593 καὶ
1213 2567 1349 2603 Ἀλήθεια.
1366 2568 1531 2604 Αἰσθόμενὸν
1542 2577 1571 2595 τε
1582 2570 1626 2596 τὸν
1638 2570 1776 2604 Μονογενῆ
1787 2570 1850 2596 τοῦ-

1065 2621 1110 2639 τον
1127 2613 1169 2648 ἐφ’
1188 2611 1228 2645 οἷς
1248 2613 1413 2650 προεϐλήθη,
1433 2615 1578 2650 προϐαλεῖν
1601 2615 1647 2642 καὶ
1672 2616 1752 2642 αὑτὸν
1764 2616 1850 2649 Λόγον

254 2699 262 2715 ¹
282 2698 375 2726 Matth.
392 2706 420 2730 ι,
436 2697 481 2726 26.
519 2699 529 2714 ¹
541 2698 611 2727 lren.
626 2700 672 2726 καὶ
684 2700 833 2736 προαρχὴν,
849 2701 904 2728 καί.
939 2701 948 2717 ³
960 2702 1002 2729 An

1067 2684 1145 2738 υτηνῗ

273 2789 325 2824 (70)
346 2790 406 2816 οὐκ
424 2790 609 2826 ἑπιζητήσεις
623 2790 661 2826 δὲγ
675 2791 741 2824 παρ’
755 2791 846 2826 ἡμῶν.
861 2792 937 2825 Quod
952 2800 1012 2826 per-

235 2833 326 2857 peram
344 2829 421 2852 antea
436 2825 546 2860 Δέλφοις
555 2833 604 2860 pro
616 2825 725 2857 Κελτοῖς
738 2825 886 2861 legebatur,
895 2836 929 2855 ex
941 2825 1007 2864 Reg.

1066 2793 1126 2821 cod.
1143 2795 1305 2822 auctoritate
1322 2796 1494 2824 sustulimus.

1098 2829 1152 2864 (7t)
1174 2831 1226 2857 Kal
1247 2831 1390 2858 καθέσθαι
1408 2831 1448 2864 ὡς
1463 2832 1498 2859 ἐν
1509 2832 1616 2866 μήτρᾳ.
1639 2831 1763 2869 Expung.
1787 2833 1846 2863 καί.
