1961 3046
208 95 260 124 895

894 90 924 117 S.
946 88 1116 117 EPIPHANII

1775 86 1831 114 £96

208 154 293 181 rnuda
309 159 465 187 arcanaque
482 151 624 187 mysteria,
646 158 725 186 quem
741 157 820 177 suum
838 150 921 176 veluti
937 153 994 176 tru-

1050 148 1123 184 bpﬂw
1136 146 1199 178 τοὺς
1214 146 1318 178 Αἰῶνας
1342 145 1512 181 μεμηνύσθαι
1535 143 1658 171 θέλουσι·
1686 143 1733 170 καὶ
1751 143 1831 170 ταῦτ’

207 204 281 226 etum
295 197 453 233 proferunt};
470 204 501 224 ac
514 197 536 224 si
550 196 616 232 quid
628 195 701 223 aliud
714 199 766 228 est,
780 194 853 230 quod
865 195 892 221 in
909 195 994 221 sacris

208 244 317 272 Litteris
327 248 402 270 certo
410 240 523 270 num'ero
533 241 800 277 comprehensumjad
811 240 915 268 [utilem
921 240 995 267 com:

207 289 412 324 mentitiamque
428 289 547 316 fabulam
565 287 765 315 accommodari
780 287 875 322 possit.

224 377 269 403 Μ.
279 376 327 404 His
334 377 370 404 ita
377 377 663 411 constitutis,primum
670 374 890 402 illumParentem
897 373 995 401 abUni-

209 430 276 457 gena
284 424 353 455 solo,
363 430 443 458 quem
452 423 475 449 is
485 422 622 457 produxit,
636 421 682 456 qui
698 420 768 447 idem
777 425 804 447 et
819 419 875 447 Nus
883 420 993 451 dicitur,

209 470 335 504 cognosci
345 469 475 497 deﬂniun'
489 478 496 501 ι
507 468 541 495 ab
550 467 662 502 reliquis
671 466 798 494 omnibus
810 473 898 500 neque
909 465 994 492 videri

209 523 301 550 posse,
320 522 409 550 neque
425 515 516 541 animo
537 513 770 549 intelligentiaque
789 511 993 546 comprehendi.

209 561 390 595 Quamobrem
402 568 465 588 cum
481 559 607 587 Parentis
626 559 856 593 contemplatione
871 565 932 585 sese
952 557 996 584 ille

207 615 281 635 unus
295 607 454 638 oblectaret,
473 611 553 641 atque
571 606 703 632 immensa
718 605 791 632 illius
809 604 996 639 magnitudine

209 652 399 688 cognoscenda
412 651 585 679 vehementer
598 650 758 682 exsultaret,
782 650 913 678 statuisse
933 649 997 676 reli-

209 699 271 734 quis
278 698 413 725 Aionibus
420 696 544 724 Parentis
554 696 660 731 aperire
668 695 884 731 magnitudinem
892 704 899 727 ;
907 703 995 730 quan-

210 747 255 768 tus
268 742 322 773 hic,
343 748 479 776 quamque
495 740 664 767 admirabilis
679 739 764 772 foret;
783 743 867 775 utque
880 744 906 767 et
922 741 996 774 prin-

209 787 282 822 cipio
302 790 419 819 careret,
439 790 465 813 et
487 785 562 812 nullo
580 785 669 820 spatio
703 792 734 811 ac
757 785 913 820 cognitione
937 785 996 819 capi

1045 192 1112 220 εἶναι
1129 193 1162 219 τὰ
1175 193 1280 229 μεγάλα
1291 193 1337 218 καὶ
1348 191 1491 226 θαυμαστὰ
1506 191 1553 217 καὶ
1570 190 1712 225 ἀπόρρητα
1728 189 1831 224 μυστή-

1046 248 1102 275 ρια,
1127 239 1144 266 ἃ
1166 237 1386 274 καρποφοροῦσιν
1405 237 1491 266 αὐτοὶ,
1516 237 1562 262 καὶ
1582 236 1608 262 ετ
1627 235 1677 261 πού
1694 244 1719 260 τι
1736 235 1789 260 τῶν
1803 236 1833 261 ὲν

1046 286 1141 321 πλήθει
1162 285 1315 320 εἰρημένων
1335 285 1363 310 ὲν
1383 284 1441 314 ταῖς
1458 283 1581 318 Γραφαῖς
1598 281 1723 316 δυνηθείη
1744 288 1831 315 προσ-

1046 330 1173 365 αρμόσαι,
1189 330 1235 356 καὶ
1248 329 1355 355 εἰκάσαι
1369 328 1407 363 τῷ
1423 327 1561 361 πλάσματι
1580 326 1679 352 αὐτῶν.

1077 376 1127 402 IA’.
1134 376 1185 402 Τὸν
1194 375 1242 410 μὲν
1250 373 1295 401 οὖν
1301 374 1465 410 Προπόιτορα
1473 372 1560 399 αὐτῶν
1567 370 1748 406 γινώσκεσθαι
1759 370 1833 405 μόνῳ

1046 422 1152 456 λέγουσι
1163 422 1202 456 τῷ
1218 421 1247 454 ἐξ
1259 420 1340 447 αὑτοῦ
1352 420 1473 454 γεγονότι
1483 419 1639 452 Μονογενεῖ,
1657 416 1779 443 τουτέστι
1792 415 1834 450 τῷ

1046 468 1103 503 Νῷ,
1117 469 1174 499 τοῖς
1194 467 1222 493 δὲ
1235 467 1337 498 λοιποῖς
1351 467 1432 492 πᾶσιν
1445 466 1558 500 ἀόρατον
1576 464 1622 490 καὶ
1639 462 1833 496 ἀκατάληπτον

1047 514 1187 549 ὑπάρχειν,
1214 513 1302 544 Μόνος
1326 512 1355 538 δὲ
1378 513 1392 538 ὁ
1412 511 1483 542 Νοῦς
1502 510 1563 537 κατ’
1585 510 1682 540 αὐτοὺς
1703 508 1834 543 ἐτέρπετο

1047 559 1154 594 θεωρῶν
1177 559 1222 585 τὸν
1237 559 1356 594 Πατέρα,
1381 558 1426 584 καὶ
1445 557 1475 583 τὸ
1496 555 1610 592 μέγεθος
1632 555 1662 581 τὸ
1678 555 1834 590 ἀμέτρητον

1046 605 1129 632 αὐτοῦ
1153 605 1301 637 κατανοῶν,
1329 604 1469 639 ἠγάλλετο,
1496 603 1542 629 καὶ
1563 602 1688 628 διενοεῖτο
1709 601 1756 628 καὶ
1777 601 1834 632 τοῖς

1047 650 1148 682 λοιποῖς
1165 649 1265 676 Αἰῶσιν
1284 648 1515 676 ἀνακοινώσασθαι
1536 647 1566 673 τὺ
1584 646 1697 682 μέγεθος
1717 645 1763 672 τοῦ
1777 646 1834 671 Πα-

1046 697 1118 730 τρδς,
1137 696 1229 731 ἡλίκος
1243 704 1273 721 τε
1285 695 1330 722 καὶ
1343 696 1404 726 ὅσος
1423 694 1540 730 ὑπῆρχε.
1562 693 1616 719 Καὶ
1628 693 1665 724 ὡς
1673 691 1707 728 ἦν
1716 692 1835 727 ἄναρχος

1046 750 1076 768 τε
1093 743 1139 769 καὶ
1155 742 1307 778 ἀχώρητος,
1323 742 1370 768 καὶ
1383 743 1412 768 οὐ
1430 740 1601 775 καταληπτδς
1615 740 1687 766 ἰδεῖν.
1709 739 1834 774 Κατέοχε

1047 788 1074 814 δὲ
1087 789 1167 815 αὑτὸν
1181 789 1197 824 ἡ
1209 789 1276 823 Σιγὴ
1288 787 1412 823 βουλήσει
1432 786 1478 813 τοῦ
1494 786 1610 821 Πατρδς,
1636 785 1680 812 διὰ
1701 785 1731 811 το
1745 785 1835 811 θέλειν

201 837 312 870 posset.
329 832 382 860 Sed
405 832 430 859 id
451 839 505 867 quo
520 831 610 859 mintts
628 834 781 866 prazstaret,
804 830 884 865 Sigen
897 830 930 857 de
943 830 994 856 Pa-

1050 835 1150 866 πάντας
1170 834 1267 865 αὐτοὺς
1281 835 1320 865 εἰς
1342 833 1446 859 ἔννοιαν
1466 833 1512 859 καὶ
1528 832 1609 859 πόθον
1632 831 1770 867 ζητήσεως
1786 831 1835 857 τοῦ

209 881 296 908 rcntis
319 879 484 914 repressisse
501 878 630 905 consilio:
654 877 725 912 quod
743 877 787 904 ille
804 877 882 911 177
894 876 996 903 [Εοηρε

210 934 306 954 omnes
322 925 421 953 summi
435 925 468 951 ad
485 924 612 951 Parentis
630 924 753 950 n0titiam
774 923 996 956 desideriumque

208 970 359 1007 perducere
379 970 523 997 niteretur.
549 969 587 995 Ac
602 968 693 996 caeteri
708 968 816 1002 quidem
830 975 863 995 ex
876 967 995 994 xEonum

209 1025 290 1052 grege
310 1020 448 1043 auctorem
464 1021 635 1050 satoremque
654 1021 745 1045 suum,
761 1013 811 1040 hoc
827 1017 868 1041 cst
885 1014 996 1048 stirpem

209 1063 286 1090 illam
307 1062 481 1096 radicemque
495 1061 623 1096 principii
648 1065 784 1096 expertem
801 1060 900 1091 omnis,
916 1067 997 1087 nosse

211 1108 326 1135 comiter
338 1115 370 1134 ac
383 1107 522 1135 moderate
541 1107 699 1141 cupiebant.
717 1106 770 1134 Sed
783 1105 921 1140 Sapientia
934 1106 998 1132 ulti—

211 1162 273 1182 mus
292 1158 413 1188 natuque
429 1153 559 1180 minimus
575 1152 646 1180 :Eon
661 1160 694 1179 ex
710 1152 755 1178 illa
769 1151 920 1182 Dodecade,
937 1159 998 1186 qua:

211 1201 245 1228 ab
258 1200 373 1227 Homine
388 1200 562 1234 Ecclesiaque
573 1203 720 1234 propagata
734 1203 786 1230 est,
801 1199 879 1233 longe
889 1199 997 1226 cwteris

212 1246 442 1281 intemperantius
452 1253 512 1273 sese
523 1245 630 1272 extulit.
645 1245 739 1279 Itaque
752 1245 811 1272 sine
823 1244 926 1272 Theleti
937 1252 999 1271 con-

209 1293 284 1327 jugis
298 1292 471 1326 copulatione
482 1291 650 1318 aﬂ'ectionem
665 1291 692 1318 in
708 1299 736 1319 se
747 1291 892 1326 quamdam
906 1298 999 1318 susce-

211 1339 261 1373 pit,
275 1346 336 1374 ηυδε
355 1339 381 1365 in
397 1338 486 1365 Mente
502 1345 534 1364 ac
548 1336 667 1365 Vcritate
681 1341 770 1372 cmpta
784 1337 871 1372 prius,
884 1338 912 1364 in
928 1337 998 1364 infe-

212 1386 291 1413 licem
308 1385 384 1412 illttm
401 1387 428 1411 et
453 1384 625 1411 aberrantem
641 1382 756 1411 JEonem
772 1383 914 1410 incubuit:
939 1390 999 1418 qum

212 1430 303 1465 specie
313 1429 422 1465 quidem
434 1429 576 1457 charitatis
589 1429 719 1460 excitata.
732 1436 827 1456 reVera
839 1428 999 1456 temeritatis

212 1480 293 1511 atque
307 1475 427 1502 audacia:
435 1474 496 1506 fuit,
507 1474 580 1509 quod
589 1481 651 1501 cum
665 1473 785 1508 perfecto
795 1473 910 1500 Parente
923 1480 1000 1499 com-

211 1521 350 1547 municata
371 1519 483 1546 minime
508 1518 607 1547 fuerat.
636 1518 702 1545 Erat
721 1522 810 1546 autem
835 1518 891 1545 lure
914 1518 997 1545 anitni

212 1566 368 1597 commotio,
385 1565 508 1592 Parentis
530 1564 685 1599 inquirendi
705 1564 835 1596 studium,
857 1563 947 1598 cujus,
970 1567 998 1590 ut

212 1612 302 1645 aiunt,
324 1611 537 1647 magnitudinem
559 1611 713 1646 cognitione
726 1611 834 1645 assequi
851 1611 998 1638 contende-

212 1657 268 1684 bat.
278 1656 379 1684 Verum
388 1656 489 1684 frustra
502 1657 652 1688 laborabat,
665 1656 736 1691 quod
753 1664 813 1683 eam
828 1664 884 1683 rem
895 1663 997 1683 concu-

213 1702 328 1736 piverat,
337 1708 397 1735 quae
407 1701 522 1728 obtineri
533 1700 609 1727 nullo
622 1701 701 1727 modo
714 1705 816 1734 posset.
829 1700 922 1735 Itaque
935 1708 997 1727 cum

213 1747 241 1774 in
275 1754 382 1774 summa
413 1747 589 1774 contentione
610 1749 636 1773 et
659 1747 794 1773 anxietate
821 1750 996 1779 versaretur;

214 1798 246 1817 ac
261 1795 372 1826 propter
383 1795 409 1818 et
425 1791 559 1818 inﬁnitam
573 1790 756 1822 altitudinem,
772 1794 799 1818 et
813 1790 937 1818 Parentis
949 1798 999 1818 na—

214 1840 305 1864 turam
321 1837 468 1871 ejusmodi,
487 1840 517 1863 ut
538 1836 573 1863 ad
594 1843 653 1864 eam
671 1836 753 1864 nullis
769 1836 892 1871 vestigiis
907 1845 1000 1872 perve-

215 1883 295 1914 niret,
316 1887 343 1909 et
358 1882 393 1910 ob
404 1890 481 1910 suam
497 1883 524 1909 in
539 1882 615 1909 illum
626 1882 742 1917 denique
761 1882 931 1914 charitatem,
944 1891 999 1918 prae

215 1929 275 1963 ejus
293 1929 427 1956 suavitate
443 1936 549 1963 semper
569 1928 640 1955 ultra
661 1933 844 1962 procurreret,
860 1933 999 1962 postremo

215 1975 283 2001 nihil
302 1982 364 2002 esse
379 1975 491 2009 propius
517 1974 629 2006 factum,
651 1981 731 2008 quam
752 1978 781 2000 ut
799 1973 827 2000 in
845 1975 999 2001 universam

215 2021 344 2055 absorpta
365 2025 490 2047 naturam
511 2028 540 2048 se
560 2020 680 2048 resoluta
698 2025 875 2053 vanesceret;
897 2021 951 2047 nisi
973 2021 1000 2047 in

1047 881 1245 916 προειρημένου
1254 880 1429 915 Προπάτορος
1437 879 1526 906 αὐτῶν
1537 880 1661 914 ἀγαγεῖν.
1675 879 1728 905 Καὶ
1746 878 1770 904 οἱ
1785 878 1836 913 μὲν

1046 926 1134 952 λοιποὶ
1146 926 1245 961 ὁμοίως
1260 926 1363 957 Alam;
1378 926 1465 960 ἠσυχῇ
1479 932 1538 956 πως
1552 924 1700 950 ἐπεπόθουν
1713 923 1758 950 τὸν
1771 931 1838 958 προ-

1047 972 1126 1006 βολέα
1144 971 1190 998 τοῦ
1211 971 1366 1006 σπέρματος
1389 971 1477 997 αὐτῶν
1494 971 1568 1002 ἰδεῖν,
1591 971 1638 997 καὶ
1653 970 1701 1005 τὴν
1715 970 1835 1004 ἄναρχον

1047 1018 1124 1053 ῥίζαν
1141 1017 1298 1053 ἱστορῆσαιθ
1316 1017 1450 1052 προήλατο
1467 1017 1495 1043 δὲ
1511 1017 1577 1043 πολὺ
1588 1017 1603 1043 ὁ
1620 1017 1772 1048 τελευταῖος
1787 1015 1838 1042 καὶ

1047 1064 1177 1096 νεώτατος
1195 1065 1244 1099 τῆς
1259 1064 1412 1095 Δωδεκέῶος
1423 1063 1472 1098 τῆς
1490 1063 1542 1089 ὑπὸ
1557 1062 1602 1089 τοῦ
1620 1061 1775 1098 Ἀνθρώπου
1789 1062 1838 1087 καὶ

1046 1110 1094 1144 τῆς
1103 1109 1262 1144 Ἐκκλησίας
1268 1110 1485 1144 προϐεϐλημένος
1491 1108 1710 1138 Αἰὼν,τουτέστιν
1716 1109 1732 1143 ἡ
1739 1108 1837 1141 Σοφία.

1047 1156 1102 1182 Καὶ
1117 1155 1198 1182 ἔπαθε
1211 1155 1297 1186 πάθος
1310 1156 1373 1182 ἄνευ
1390 1155 1439 1189 τῆς
1454 1154 1604 1188 ἐπιπλοκῆς
1616 1153 1662 1179 τοῦ
1675 1152 1756 1188 ζυγοῦ
1767 1153 1773 1168 ¹
1787 1153 1837 1178 τοῦ

1048 1200 1180 1236 Θελητοῦ·
1204 1201 1218 1227 ὂ
1231 1201 1363 1236 ἐνήρξατο
1384 1201 1432 1236 μὲν
1452 1202 1479 1227 ἐν
1493 1202 1548 1230 τοῖς
1565 1201 1628 1235 περὶ
1642 1200 1687 1226 τὸν
1703 1199 1774 1226 Νοῦν
1788 1200 1838 1225 καὶ

1047 1247 1096 1282 τὴν
1108 1247 1260 1282 Ἀλήθειαν,
1280 1246 1421 1282 ἀπέσκηψε
1432 1246 1459 1272 δὲ
1478 1248 1518 1278 εἰς
1532 1246 1625 1272 τοῦτον
1637 1245 1681 1272 τὸν
1693 1254 1837 1280 παρατρα-

1049 1294 1144 1325 πέντα⁹
1172 1293 1306 1329 πρόφασιν
1326 1293 1374 1327 μὲν
1392 1293 1512 1327 ἀγάπης,
1533 1292 1635 1327 τόλμης
1649 1292 1676 1318 δὲ
1694 1292 1736 1318 διὰ
1751 1291 1780 1317 τὸ
1797 1291 1837 1327 μὴ

1049 1338 1261 1374 κεκοινωνῆπθαι
1271 1338 1308 1373 τῷ
1316 1338 1402 1373 Πατρὶ
1411 1338 1448 1372 τῷ
1460 1338 1563 1372 τελείῳ,
1576 1337 1666 1368 καθὼς
1677 1338 1722 1363 καὶ
1732 1339 1745 1363 ὁ
1753 1336 1836 1368 Νοῦς.

1050 1385 1086 1411 Τὸ
1096 1385 1124 1411 δὲ
1139 1384 1222 1415 πάθος
1238 1382 1307 1410 εἶναι
1323 1383 1435 1419 ζήτησιν
1449 1383 1495 1410 τοῦ
1512 1383 1628 1418 Πατρός.
1659 1383 1754 1409 Ἤθελε
1769 1382 1837 1418 γὰρ,

1049 1429 1086 1460 ὡς
1101 1429 1219 1462 λέγουσι,
1235 1428 1265 1454 τὺ
1277 1428 1390 1462 μέγεθος
1404 1428 1485 1454 αὑτοῦ
1502 1428 1678 1455 καταλαϐεῖν·
1695 1427 1788 1454 ἔπειτα
1799 1427 1838 1462 μὴ

1049 1474 1204 1509 δυνηθῆναι,
1225 1474 1269 1500 διὰ
1285 1474 1314 1500 τὺ
1333 1474 1455 1509 ἀδυνάτῳ
1468 1473 1605 1500 ἐπιϐαλεῖν
1622 1473 1773 1509 πράγματι,
1788 1474 1838 1499 καὶ

1051 1521 1079 1546 ὲν
1101 1520 1189 1555 πολλῷ
1208 1521 1277 1547 πάνυ
1301 1519 1386 1553 ἀγῶνι
1407 1520 1561 1555 γενόμενον,
1579 1520 1623 1546 διά
1633 1529 1662 1546 τε
1677 1520 1707 1546 τὸ
1724 1519 1839 1554 μέγεθος

1050 1565 1096 1592 τοῦ
1113 1566 1220 1601 βάθους,
1236 1566 1282 1592 καὶ
1293 1566 1323 1592 τὸ
1334 1565 1532 1600 ἀνεξιχνίαστον
1543 1566 1589 1592 τοῦ
1600 1566 1716 1600 Πατρὺς,
1730 1566 1776 1592 καὶ
1787 1565 1838 1600 τὴν

1051 1612 1117 1646 πρὸς
1133 1612 1213 1638 αὑτὸν
1229 1611 1344 1647 στοργὴν
1359 1612 1544 1647 ἐκτεινόμενον
1561 1612 1603 1638 ἀεὶ
1617 1612 1664 1638 ἐπὶ
1679 1612 1708 1638 τὺ
1721 1611 1839 1646 πρόσθεν

1051 1657 1103 1683 ὑπὸ
1124 1658 1173 1692 τῆς
1193 1657 1358 1693 γλυκύτητος
1382 1658 1474 1690 αὐτοῦ,
1497 1657 1651 1684 τελευταῖον
1669 1657 1702 1684 ἂν
1714 1665 1839 1683 καταπε-

1051 1703 1159 1734 πόσθαι,
1177 1704 1223 1729 καὶ
1238 1704 1417 1730 ἀναλελύσθαι
1433 1704 1472 1735 εἰς
1491 1704 1539 1739 τὴν
1554 1704 1617 1740 ὅλην
1631 1703 1734 1735 οὐσίαν,
1756 1704 1779 1729 εί
1800 1704 1839 1738 μὴ

1050 1750 1082 1784 τῇ
1093 1748 1255 1785 στηριζούσῃ
1265 1751 1311 1776 καὶ
1321 1750 1399 1782 ἐκτὸς
1410 1750 1457 1776 τοῦ
1469 1750 1587 1786 ἀρρήτου
1597 1750 1726 1784 μεγέθους
1737 1749 1839 1783 φυλασ-

1051 1795 1133 1831 σούσῃ
1148 1795 1180 1822 τὰ
1194 1796 1241 1822 ὅλα
1257 1796 1385 1831 συνέτυχε
1399 1796 1521 1831 δυνάμει.
1540 1796 1647 1831 Ταύτην
1660 1796 1687 1822 δὲ
1701 1795 1749 1830 τὴν
1759 1795 1840 1821 δύνα-

1053 1849 1098 1876 μιν
1112 1842 1158 1867 κα)⁵
1169 1841 1250 1877 ’Ὁρον
1262 1841 1400 1874 καλοῦσιν,
1417 1842 1460 1877 ὑφ’
1473 1839 1507 1878 ἦς
1520 1841 1685 1877 ὲπεσχῆσθαι
1700 1841 1747 1868 καὶ
1758 1842 1840 1876 ὲστηυ

1052 1886 1152 1923 ρίχθαι,
1175 1887 1222 1913 καὶ
1239 1887 1317 1923 μόγις
1331 1888 1533 1924 ἐπιστρέψαντα
1549 1889 1587 1920 εἰς
1604 1888 1698 1914 ἑαυτὸν
1714 1888 1759 1914 καὶ
1777 1896 1838 1913 πεμ

1052 1933 1159 1965 σθέντα,
1182 1934 1222 1960 ὅτι
1240 1934 1430 1969 ἁκατάληπτὸς
1446 1937 1517 1961 ἐστιν
1536 1936 1550 1961 ὁ
1570 1935 1674 1970 Πατὴρ,
1690 1935 1839 1962 ἀποθέσθαι

1051 1977 1099 2012 τὴν
1121 1978 1256 2013 προτέραν
1277 1979 1424 2014 ἐνθύμησιν
1441 1981 1488 2006 σὺν
1503 1980 1541 2015 τῷ
1562 1981 1741 2016 ὲπιγινομένῳ
1757 1981 1838 2008 πάθει

1053 2024 1084 2049 ὲκ
1099 2023 1145 2049 τοῦ
1162 2024 1313 2060 ὲκπλήκτου
1327 2026 1432 2052 ἐκείνου
1450 2025 1597 2061 θαύματος.

214 2074 274 2093 eam
292 2065 425 2093 Virtutem
447 2065 600 2098 incidisset,
627 2066 671 2092 cui
688 2065 972 2100 corroborandorum,
988 2071 1015 2094 et
1032 2067 1249 2103 inexplicabilem
1264 2075 1338 2097 extra
1360 2072 1572 2106 magnitudinem
1590 2073 1838 2100 conservandorum

214 2113 335 2140 onmium
356 2121 454 2141 munus
472 2117 529 2140 erat
564 2113 736 2140 attributum.
764 2112 830 2139 Eam
852 2121 933 2147 porro
966 2112 1100 2142 Virtutem
1120 2116 1173 2142 alio
1198 2116 1307 2144 nomine
1339 2116 1440 2145 Horum
1473 2118 1618 2153 appellant.
1646 2119 1687 2146 Ab
1711 2119 1762 2145 hac
1792 2127 1840 2146 eo-

214 2161 326 2187 hibitam
358 2160 600 2195 conlirmatamque
620 2160 786 2195 Sapientiam
810 2168 881 2196 aegre
901 2161 935 2188 ad
958 2163 1135 2198 semetipsum
1167 2165 1292 2198 rediisse,
1316 2166 1479 2201 demumque
1508 2175 1667 2202 persuasum
1694 2168 1837 2195 habentem

214 2217 268 2235 non
284 2215 363 2242 posse
373 2207 514 2235 Parentem
533 2215 612 2235 suum
624 2208 780 2244 cognitione
793 2210 998 2244 comprehendi,
1019 2211 1137 2246 priorem
1160 2213 1352 2248 cogitationem
1383 2222 1445 2241 cum
1468 2216 1613 2250 posteriori
1645 2216 1837 2250 commotione,

214 2261 275 2289 qua:
294 2262 326 2282 ex
349 2259 460 2289 stupore
477 2254 523 2282 illo
551 2259 578 2282 et
599 2254 778 2283 admiratione
800 2260 863 2282 nata
886 2255 984 2288 fuerat,
1005 2259 1122 2286 exuisse.

250 2301 308 2328 XII.
331 2301 383 2328 Sed
400 2301 514 2328 istorutn
531 2301 642 2336 quidam
667 2302 740 2328 illam
764 2301 911 2337 Sapientiae
937 2311 997 2338 per-

1087 2306 1136 2333 IB’.
1160 2307 1244 2334 Ἔνιοι
1269 2307 1299 2334 δὲ
1325 2309 1414 2335 αὐτῶν
1439 2310 1515 2342 πῶς¹
1529 2310 1559 2337 τὸ
1575 2310 1660 2342 πάθος
1676 2311 1726 2346 τῆς
1739 2312 1839 2346 Σοφίας

215 2347 409 2379 turbationem,
426 2354 459 2374 ac
472 2348 671 2375 restitutionem
695 2348 797 2383 quibus
814 2348 895 2383 nugis
911 2348 1000 2377 invol-

215 2393 300 2420 vunt?
321 2392 456 2420 Nimirum
478 2400 538 2420 cum
560 2393 695 2427 ejusmodi
715 2394 817 2430 aliquid
841 2396 1000 2430 appetisset,

215 2439 288 2474 quod
314 2439 374 2473 ejus
399 2443 559 2473 potestatem
586 2440 823 2475 cognitionemque
849 2445 1001 2475 superaret,

216 2484 358 2511 informem
371 2485 515 2518 quamdam
532 2490 612 2520 atque
625 2486 790 2513 inconditam
806 2486 926 2515 edidisse
939 2487 1002 2515 sub-

216 2530 354 2562 stantiam,
369 2530 556 2565 ejusdemque,
568 2539 648 2566 quam
666 2531 792 2565 habebat,
806 2536 910 2561 naturae
920 2534 1002 2569 femi-

215 2584 278 2604 nam
294 2576 441 2612 peperisse.
458 2576 545 2610 Quam
566 2582 596 2604 ut
616 2579 815 2612 animadvertit,
831 2580 950 2614 primum
964 2581 1000 2608 ob

254 2655 260 2670 ¹
273 2653 303 2680 F.
325 2653 449 2688 συζύγου.

216 2689 293 2720 τέλος
309 2688 369 2725 ἔχῃ.

255 2768 308 2804 (τι)
331 2769 510 2804 ρῖαφςῗφύσιν
526 2769 588 2804 εἶχε
602 2769 724 2802 θήλειαν
737 2770 842 2798 τεκεῖν.
863 2772 998 2799 Assensus

217 2810 278 2830 sum
292 2803 323 2831 Β.
344 2803 374 2830 Ρ.
390 2803 522 2832 Frontoni
539 2805 646 2838 Ducam,
669 2807 714 2841 qui
738 2806 765 2833 in
785 2807 857 2834 notis
876 2807 910 2834 ad
926 2807 998 2835 hunc

490 2653 545 2681 'F.
572 2655 630 2688 πῶς
664 2660 711 2683 aut
738 2657 867 2691 interrog.
897 2657 1061 2686 adhibenda.

1056 2353 1103 2379 καὶ
1116 2352 1165 2388 τὴν
1180 2354 1346 2391 ἐπιστροφὴν
1362 2355 1564 2390 μυθολογοῦσιν,
1578 2356 1700 2392 ἀδυνάτῳ
1714 2358 1760 2383 καὶ
1772 2358 1840 2384 ἀκα-

1054 2398 1183 2434 ταλήπτῳ
1198 2400 1339 2435 πράγματι
1354 2401 1437 2437 αὐτὴν
1459 2403 1669 2438 ἐπιχειρήσασαν
1684 2405 1772 2430 τεκεῖν
1792 2404 1839 2429 οὐ·

1057 2444 1117 2471 σῐαν
1139 2445 1271 2481 ἄμορφον,
1285 2447 1343 2473 οἵαν
1357 2447 1437 2481 φύσιν
1458 2446 1513 2483 εἶχε
1525 2448 1632 2484 θήλειαν
1644 2449 1654 2464 ³
1669 2451 1758 2475 τεκεῖν
1771 2449 1838 2483 (74),

1055 2489 1088 2524 ἢν
1102 2491 1148 2517 καὶ
1163 2492 1368 2526 κατανοήσασαν
1384 2493 1490 2528 πρῶτον
1510 2494 1559 2529 μὲν
1573 2494 1725 2530 λυπηθῆναι
1746 2495 1790 2522 διὰ
1810 2496 1840 2522 τὸ

1055 2535 1148 2567 ἀτελὲς
1168 2536 1217 2571 τῆς
1239 2538 1387 2572 γενέσεωςε
1405 2539 1498 2566 ἔπειτα
1522 2540 1672 2576 φοϐηθῆναι
1692 2541 1758 2576 μηδὲ
1776 2541 1840 2568 αὐτὸ

1055 2579 1124 2608 εἶναι
1141 2582 1251 2615 τελείως
1269 2584 1375 2620 ἔχεινδ·
1399 2583 1458 2613 εἶτα
1481 2587 1608 2621 ἐκστῆναι
1631 2588 1678 2614 καὶ
1702 2589 1838 2624 ἀπορῆσαι

1106 2659 1116 2675 ³
1140 2661 1175 2689 Ir.
1204 2660 1234 2690 F.
1267 2662 1370 2698 θήλεια.
1412 2663 1422 2679 ⁸
1440 2663 1471 2692 F.
1504 2664 1541 2700 μὴ
1560 2666 1605 2692 καὶ
1634 2666 1698 2692 αὐτὸ
1716 2666 1746 2692 τὸ
1771 2666 1838 2695 εἶναι

1054 2774 1145 2811 irenazi
1159 2774 1248 2811 lo_cum
1263 2775 1342 2807 hanc,
1359 2783 1440 2811 quam
1458 2777 1655 2811 expressimus.
1674 2780 1836 2807 sententiam

1053 2810 1158 2842 probat.
1176 2809 1227 2838 Sec
1246 2820 1294 2839 nec
1309 2809 1463 2846 pictiitenda
1478 2809 1586 2848 vulgata
1608 2814 1691 2842 alteru
1705 2815 1799 2842 Jectio.
