1961 3046
124 156 180 184 497

479 161 664 192 ADVERSUS
684 163 854 193 HASRESES
873 165 935 193 LIB.
958 167 977 194 l.
1000 165 1082 194 TO'M.
1103 166 1134 194 ll.
1156 183 1189 188 —
1209 168 1347 199 HIERES.
1362 170 1457 199 XXXI.

1703 172 1756 201 498

125 215 263 250 ζητοῦσαν
285 218 336 254 τὴν
356 220 455 252 αἰτίαν,
473 222 520 249 καὶ
536 223 626 250 ὅντινα
646 224 744 260 τρόπον
765 225 918 261 ἀποκρύψει

979 236 1095 255 nancam
1129 229 1338 264 inchoatamque
1364 230 1564 264 generationem
1591 230 1683 258 animo
1707 230 1757 257 do-

124 262 158 288 τδ
181 262 268 296 γένος.
285 264 551 305 Ἐγκαταγενομὲνην
571 270 600 296 δὲ
622 271 676 301 τοῖς
699 270 796 297 πάθεσι
823 271 914 298 λαϐεῖν

125 308 306 345 ἑπιστροφὴν,
324 312 370 338 καὶ
387 313 432 339 ἐπὶ
455 314 501 340 τὸν
516 315 624 351 Πατέρα
639 313 802 351 ἀνᾶδραμεϊν
817 326 914 352 πειρα-

128 353 236 388 σθῆναι,
254 356 301 382 καὶ
325 357 404 393 μέχρι
428 359 500 391 τινὸς
524 361 698 397 τολμήσασαν
726 362 914 397 ὲξασθενῆσαι,

127 399 177 425 καὶ
197 400 280 427 ίκέτιν
295 402 342 428 τοῦ
358 404 464 440 Πατρὺς
477 406 612 440 γενέσθαι.
629 407 807 444 Συνδεηθῆναι
823 408 852 435 δὲ
867 410 915 436 αὑ-

127 445 162 479 τῇ
179 445 224 471 καὶ
238 447 301 478 τοὺς
317 448 426 481 λοιποὺς
439 451 555 484 Αὶῶνας,
572 452 689 485 μάλιστα
711 453 739 479 δὲ
763 453 808 480 τὸν
833 454 914 481 Νοῦν.

135 490 276 536 Ἐντεῦθεν
292 492 400 527 λέγουσι
416 496 528 532 πρώτην
539 498 626 533 ἀρχὴν
642 499 788 534 ἐσχηκέναι
804 501 853 536 τὴν
870 502 915 527 οὐ-

129 535 191 562 σίαν
205 538 238 563 ἐκ
249 539 314 574 τῆς¹
331 540 452 575 ἀγνοίας,
472 544 518 569 καὶ
539 544 588 578 τῆς
602 543 700 580 λύπης,
714 545 761 572 καὶ
773 545 820 572 τοῦ
834 546 916 580 φόϐου

131 582 177 608 καὶ
193 583 243 618 τῆς
258 584 472 620 ἐκπλήξεωςυὉ
495 588 524 614 δὲ
547 589 640 626 Πατὴρ
660 591 706 617 τὸν
722 592 918 627 προειρημένον

131 627 215 663 Ὄρον
229 630 275 656 ἐπὶ
285 630 389 663 τούτοις
402 632 445 660 διὰ
458 634 504 660 τοῦ
518 636 686 670 Μονογενοῦς
700 637 881 672 προϐάλλεται
891 639 918 665 ἐν

129 675 214 701 εἰκόνι
243 676 296 713 ἰδίᾳ.
323 678 469 713 ἀσύζυγον,
484 681 640 716 ἀθήλυντον.
657 683 708 710 Τὸν
732 683 786 719 γὰρ
812 684 919 719 Πατέρα

130 720 197 746 ποτὲ
211 721 260 755 μὲν
273 722 341 757 μετὰ
355 723 485 758 συζυγίας
499 726 547 760 τῆς
561 727 654 762 Σιγῆς,
671 728 734 754 ποτὲ
748 728 776 754 δὲ
792 729 838 755 καὶ
850 730 920 765 ὑπὲρ

130 765 226 802 ἄρρεν,
245 768 292 793 καὶ
315 768 386 804 ὑπὲρ
408 770 476 805 θῆλυ
500 769 569 798 εἶναι
594 773 708 800 θέλουσι.
723 774 775 800 Τὸν
797 775 825 801 δὲ
838 775 920 810 Ὅρον

131 810 226 837 τοῦτον
248 812 295 838 καὶ
310 813 520 851 Συλλυτρωτὴν²
536 817 583 843 καὶ
599 817 760 853 Καρπιστὴν
775 819 823 845 καὶ
844 818 921 854 Ὀρο-

131 856 213 891 οέτην
229 857 277 883 καὶ
290 858 462 893 Μεταγωγέα
477 861 597 889 καλοῦσι.
610 863 658 889 Διὰ
668 863 696 889 δὲ
706 863 752 890 τοῦ
765 864 848 900 ’Ὁρου
861 864 922 891 τού-

968 275 1052 302 luisse
1067 285 1073 302 :
1092 279 1149 302 tum
1165 276 1252 303 vereri
1266 277 1393 310 coepisse,
1411 284 1445 304 ne
1462 277 1503 303 vel
1519 277 1577 311 ipsa
1595 283 1654 304 esse
1668 276 1757 303 omni-

967 327 1002 347 no
1029 319 1174 348 desineret.
1202 321 1372 355 Proindeque
1402 321 1544 348 attonitam
1575 325 1601 348 et
1631 321 1756 348 haesitan-

966 371 1020 394 tem
1033 374 1144 394 causam
1161 367 1290 401 indagare
1306 368 1468 399 instituisse,
1486 375 1516 394 ac
1527 367 1756 402 quemadmodum

968 412 1051 440 fetum
1068 420 1146 440 suurn
1162 415 1301 441 occultare
1315 417 1418 448 posset.
1438 413 1508 448 Ergo
1529 414 1556 440 in
1581 414 1695 448 pristina
1711 414 1756 440 illa

968 459 1151 486 commotione
1167 463 1385 494 perseverantem
1412 460 1580 488 convertisse
1592 467 1662 492 sese,
1681 464 1708 487 et
1723 459 1756 486 ad

969 505 1109 532 Parentem
1127 505 1266 533 studuisse
1280 513 1430 533 recurrere.
1448 506 1529 541 178
1537 505 1616 539 Quod
1628 513 1690 532 cum
1707 506 1758 532 ali-

968 556 1071 586 quanto
1089 556 1209 587 tempore
1225 553 1422 584 contendisset.
1440 553 1620 580 succubuisse
1632 552 1755 584 demum,
1785 576 1787 579 .

970 601 1051 631 atque
1073 597 1105 624 ad
1128 597 1270 625 Parentem
1287 607 1348 626 sese
1365 599 1513 634 supplicem
1529 598 1682 632 abiecisse;
1709 599 1757 632 ad~

971 641 1055 670 fuisse
1078 647 1105 669 et
1131 643 1277 670 advocatos
1299 643 1402 671 Eonas
1428 643 1560 678 reliquos,
1579 651 1610 670 ac
1640 643 1756 670 Mentem

971 687 998 714 in
1013 687 1119 722 primis.
1129 688 1217 723 Atque
1232 689 1302 716 hanc
1319 689 1433 724 primam
1448 689 1607 716 substantiae
1622 689 1756 724 originem

971 734 1119 766 exstitisse,
1135 742 1195 768 qua:
1207 742 1238 762 cx
1256 735 1419 770 ignorantia,
1432 739 1458 762 et
1475 735 1577 768 dolore,
1597 742 1629 762 ac
1642 738 1714 762 metu
1730 739 1756 762 el

972 783 1083 814 stupore
1098 780 1238 814 prodierit.
1255 782 1288 808 At
1298 781 1380 808 Pater
1389 781 1503 813 Horum.
1519 782 1575 809 sive
1586 781 1756 814 Terminum,

973 833 1052 859 quem
1076 825 1204 857 diximus,
1218 830 1279 860 post
1296 826 1359 855 illos
1375 835 1470 854 omnes
1485 835 1561 854 suam
1586 827 1619 853 ad
1644 826 1757 861 oﬂigiem

972 870 1101 904 produxit
1111 871 1248 906 comparis
1259 879 1291 898 ac
1307 871 1415 899 feminei
1429 879 1509 899 sexus
1519 876 1667 907 expertem.
1679 871 1757 899 Hunc

132 910 178 952 του
194 903 261 936 φασὶ
273 904 439 940 κεκαθάρθαι
453 907 499 933 καὶ
514 908 673 943 ὲστηρίχθαι
690 909 738 944 τὴν
755 910 863 944 Σοφίαν,
877 911 924 938 καὶ

979 915 1048 942 enim
1073 915 1161 949 ipsum
1189 915 1331 944 Parentem
1360 917 1426 945 alias
1444 925 1505 944 cum
1532 916 1593 952 Sige
1619 917 1756 952 copulant,

132 947 390 985 ἀποκατασταθῆναι
407 953 440 986 τῇ
460 951 584 988 συζυγίᾳ.
602 954 790 990 Χωρισθείοης
806 955 860 991 γὰρ
874 956 923 991 τῆς

138 991 329 1027 Ἑνθυμήσεως
345 994 392 1020 ἀπ’
409 996 496 1031 αὐτῆς
515 997 563 1024 σὺν
577 997 616 1033 τῷ
633 1000 814 1036 ἐπιγινομένῳ
826 1000 921 1032 Πάθει,

131 1039 218 1074 αὐτὴν
229 1040 278 1075 μὲν
295 1041 370 1073 ἐντὸς
385 1042 565 1079 πληρώματος
580 1045 660 1076 εἶναι,
676 1046 725 1082 τὴν
740 1047 767 1073 δὲ
791 1047 924 1082 Ἐνθύμη-

134 1093 176 1110 σιν
194 1085 280 1121 αὐτῆς
296 1088 344 1114 σὺν
358 1087 396 1124 τῷ
410 1089 493 1116 Πάθει
512 1091 563 1117 ὑπὸ
583 1091 630 1118 τοῦ
646 1092 729 1128 ’Ὀρου
744 1093 923 1129 ἀφορισθῆναι

133 1129 181 1156 καὶ
194 1131 447 1168 ἀποστερηθῆναι³·
465 1136 512 1162 καὶ
526 1136 604 1168 ἐκτὸς
621 1137 702 1163 αὐτοῦ
721 1139 869 1173 γενομένην
885 1137 924 1165 εἶ-

133 1184 178 1202 ναι
205 1177 255 1211 μὲν
280 1181 467 1217 πνευματικὴν
489 1182 593 1215 οὐσίαν,
607 1184 725 1219 φυσικήν
748 1193 808 1211 τινα
822 1185 925 1216 Αίῶνος

133 1223 222 1258 ὁρμὴν
243 1225 439 1259 τυγχάνουσαν,
457 1227 579 1263 ἄμορφον
599 1229 628 1255 δὲ
650 1230 696 1256 καὶ
709 1230 825 1257 ἀνείδεον
837 1231 881 1258 διὰ
895 1231 922 1257 τ)

136 1269 220 1304 μηδὲν
235 1271 406 1299 καταλαϐεῖν.
426 1273 480 1299 Καὶ
498 1273 541 1300 διὰ
557 1274 636 1302 τοῦτο
649 1275 754 1311 καρπὸν
765 1276 864 1312 ἀσθενῆ
878 1277 924 1304 καὶ

135 1314 220 1350 (θῆλυν
235 1317 315 1344 αὐτὸν
325 1318 446 1352 λέγουσι.

975 959 1041 986 alias
1057 967 1136 994 supra
1155 961 1238 988 maris
1254 968 1285 987 ac
1299 961 1405 989 femina:
1421 961 1601 989 conditionem
1612 962 1756 989 extollunt.

975 1004 1077 1031 Horum
1093 1012 1157 1032 vero
1174 1006 1256 1032 etiam
1273 1006 1492 1042 Redemptorem,
1513 1014 1545 1034 ac
1567 1007 1719 1042 Carpisten,
1732 1012 1759 1035 et

975 1050 1151 1083 Homtheten,
1168 1059 1199 1078 ac
1215 1051 1466 1080 Circumductorem
1483 1057 1589 1081 vocant.
1600 1053 1623 1079 A
1635 1061 1760 1088 quoper—

975 1102 1115 1131 purgatam
1147 1104 1179 1123 ac
1209 1097 1398 1125 conﬁrmatam
1414 1098 1580 1133 Sapientiam
1595 1103 1718 1131 narrant,
1733 1103 1761 1126 et

975 1141 1102 1176 conjugio
1116 1143 1279 1169 restitutam.
1297 1143 1477 1178 Posteaquam
1492 1143 1563 1170 enim
1577 1143 1759 1179 Enthymesis,

971 1187 1028 1213 hoc
1054 1191 1096 1214 est
1119 1188 1257 1222 cogitatio,
1275 1189 1309 1214 ah
1330 1189 1375 1215 illa
1400 1193 1442 1216 est
1467 1197 1528 1216 cum
1554 1191 1762 1225 superveniente

972 1231 1162 1259 Commotione
1187 1237 1309 1260 secreta:
1327 1238 1384 1260 tum
1401 1233 1459 1268 ipsa
1473 1234 1582 1269 quidem
1608 1235 1678 1262 intra
1706 1235 1763 1268 plc-

972 1283 1052 1303 roma
1068 1280 1187 1311 recepta,
1202 1277 1377 1312 Enthymesis
1398 1286 1463 1306 vero
1487 1286 1548 1306 cum
1574 1279 1763 1307 Commotione

977 1322 1012 1349 ab
1027 1322 1101 1350 Horo
1113 1324 1242 1358 relegata,
1261 1328 1288 1351 et
1314 1325 1343 1351 in
1366 1332 1449 1353 cruce
1468 1325 1572 1357 sul‘lixa,
1588 1330 1670 1362 atque
1685 1330 1763 1354 extra

135 1361 370 1397 Complementum
393 1366 487 1400 procul
504 1368 651 1396 amandata
666 1369 798 1402 constitit,
817 1373 848 1397 ut
862 1368 1015 1397 substantia
1046 1369 1092 1395 illa
1109 1369 1218 1404 quidem
1244 1370 1377 1405 spiritalis
1393 1377 1476 1404 esset.
1506 1376 1599 1407 utpote
1632 1373 1763 1400 naturalis

136 1410 260 1444 quaedam
277 1412 317 1438 vis
330 1412 427 1441 dionis
443 1418 470 1441 et
490 1415 618 1450 impetus,
636 1417 683 1444 sed
698 1417 776 1445 rudis
789 1417 884 1444 eadem
897 1420 924 1444 et
942 1415 1079 1449 informis,
1114 1416 1186 1451 quod
1210 1417 1278 1444 nihil
1300 1422 1373 1445 esset
1399 1420 1511 1446 omnino
1536 1425 1691 1447 consecuta.
1721 1419 1763 1446 0b

137 1455 217 1489 idque
231 1464 380 1490 praecocem
404 1459 479 1486 illum
501 1459 619 1488 fructum
645 1466 726 1497 atque
741 1462 917 1494 imbecillum,
937 1466 964 1489 et
979 1461 1119 1488 muliebris
1135 1461 1300 1490 conditionis
1314 1470 1374 1490 esse
1388 1467 1540 1490 memorant

172 1504 221 1530 ll".
242 1505 318 1532 Μετά
339 1505 367 1532 δὲ
392 1506 423 1533 τὸ
444 1508 622 1544 ἀφορισθῆναι
649 1510 750 1545 ταύτην
774 1510 850 1542 me;
877 1509 924 1536 τοῦ

1013 1507 1082 1535 XIII.
1103 1508 1238 1536 Caeterum
1254 1509 1299 1536 uhi
1313 1509 1370 1536 haec
1385 1517 1400 1536 a
1410 1510 1563 1538 Pleromate
1583 1510 1696 1545 depulsa
1710 1514 1762 1543 est,

137 1549 321 1585 πληρώματος
338 1552 391 1578 τῶν
404 1553 523 1585 Αἰώνων,
536 1555 585 1590 τήν
598 1563 628 1581 τε
644 1555 757 1591 Μητέρα
768 1555 852 1590 αὐτῆς
862 1555 926 1581 ἀπο-

980 1555 1065 1583 Mater
1076 1563 1140 1583 vero
1156 1555 1189 1582 ad
1202 1555 1360 1590 conjugium
1374 1564 1453 1583 suum
1466 1557 1635 1591 postliminio
1644 1564 1762 1589 reversa,

139 1598 341 1632 κατασταθῆναι
356 1600 389 1633 τῇ
406 1599 459 1634 ἰδίᾳ
474 1599 600 1635 συζυγίᾳ,
617 1601 662 1627 τὸν
683 1601 822 1635 Μονογενῆ
846 1600 927 1626 πάλιν

138 1643 235 1678 ἑτέραν
256 1643 437 1679 προϐαλέσθαι
458 1645 587 1680 συζυγίαν
604 1646 675 1673 κατὰ
690 1645 861 1681 προμήθειαν
881 1645 927 1672 τοῦ

139 1689 256 1724 Πατῴς.
273 1690 316 1717 ἵνα
333 1690 369 1726 μὴ
381 1691 482 1726 ὁμοίως
493 1691 578 1727 ταύτῃ
596 1691 668 1728 πάθῃ
683 1700 723 1723 τις
740 1691 794 1717 τῶν
807 1691 928 1724 Αῑώνων,

140 1734 258 1769 Χριστὸν
281 1735 329 1762 καὶ
347 1735 458 1771 Πνεῦμα
476 1736 552 1770 ἅγιον
567 1737 606 1768 είς
621 1737 702 1772 πῆξιν
715 1737 761 1763 καὶ
780 1736 929 1773 στηριγμδν

140 1780 188 1806 τοῦ
211 1781 403 1817 πληρώματος,
427 1783 472 1817 ὑφ’
487 1779 525 1809 ὧν
541 1783 754 1818 καταρτισθῆναι
774 1783 837 1814 τοὺς
859 1783 929 1809 Atat.

140 1834 200 1858 νας.
217 1827 268 1854 Τὸν
294 1828 343 1863 μὲν
366 1829 419 1863 γὰρ
435 1829 552 1864 Χριστὸν
570 1829 674 1861 διδάξαι
689 1829 785 1862 αὐτοὺς
801 1830 931 1864 συζυγίας

142 1870 234 1906 φύσιν,
259 1872 403 1908 ἁγεννήτου
423 1873 574 1908 κατάληψιν
592 1873 785 1907 γινώσκοντας,
805 1874 931 1905 ἱκανοὺςδ

142 1915 224 1950 εἶναι,
237 1918 417 1953 ἀναγορεῦσαι
431 1927 460 1945 τε
477 1921 505 1946 ὲν
523 1920 614 1950 αὐτοῖς
628 1919 677 1955 τὴν
694 1919 739 1946 τοῦ
755 1920 861 1955 Πατρὸς
873 1920 932 1946 ἐπί-

144 1971 255 1997 γνωσιν,
270 1965 310 1990 ὅτι
322 1973 353 1991 τε
367 1964 510 2001 ἀχώρητός
526 1966 586 1991 ἐστι
601 1966 647 1992 καὶ
662 1966 865 2002 ἀκατάληπτος,
886 1966 932 1992 καὶ

145 2010 195 2036 οὐκ
206 2010 278 2036 ἔστιν
289 2010 350 2037 οὔτε
367 2011 429 2037 ἰδεῖν
446 2011 508 2038 οὔτε
526 2012 640 2039 ἀκοῦσαι
657 2012 746 2043 αὐτὸν,
762 2012 778 2048 ἢ
793 2012 837 2039 διὰ
852 2013 931 2048 μόνου

146 2056 193 2082 τοῦ
208 2057 376 2091 Μονογενοῦς
392 2057 565 2092 γινώσκεται.
587 2059 643 2086 Καὶ
662 2059 693 2085 τὺ
707 2059 756 2094 μὲν
777 2059 862 2086 αἴτιον
885 2060 933 2094 τῆς

146 2101 257 2128 αἰωνίου
284 2102 414 2137 διαμονῆς
435 2105 492 2135 τοῖς
519 2103 622 2136 λοιποῖς
638 2103 668 2130 τὸ
682 2104 788 2139 πρῶτον
815 2103 933 2139 καταλη-

148 2147 213 2172 πτὸν
233 2147 364 2182 ὑπάρχειν
393 2148 448 2183 (75)
468 2148 515 2175 τοῦ
544 2149 650 2184 Πατρὺς
663 2169 670 2181 ,
689 2149 738 2184 τῆς
756 2149 784 2175 δὲ
803 2149 935 2184 γενέσεως

147 2193 230 2219 αὐτοῦ
259 2194 306 2220 καὶ
334 2194 500 2230 μορφώσεως
527 2195 558 2221 τὺ
585 2195 758 2230 καταληπτὸν
782 2195 865 2222 αὑτοῦ
880 2215 888 2227 ,
912 2192 934 2230 ᾧ

147 2238 180 2273 δὴ
193 2239 203 2254 ⁸
219 2238 274 2270 ἴσος
298 2239 365 2267 ἐστί.
400 2240 454 2267 Καὶ
476 2240 561 2267 ταῦτα
578 2241 626 2276 μὲν
651 2242 665 2267 ὁ
687 2241 749 2276 ἄρτι
773 2241 935 2277 προϐληθεὶς

148 2284 265 2319 Χριστὸς
289 2285 318 2311 ὲν
342 2285 433 2317 αὐτοῖς
455 2286 669 2322 ἐδημιούργησεο
691 2287 720 2313 τὸ
745 2287 773 2313 δὲ
797 2287 826 2314 ἒν
853 2287 937 2314 Πνεῦ-

150 2338 188 2365 μα
211 2330 241 2356 τὸ
264 2330 340 2364 ἆγιον
362 2331 539 2364 ὲξισωθέντας
569 2332 666 2364 αὐτοὺς
693 2332 795 2364 πάντας
824 2333 936 2368 εὐχαρι-

149 2378 222 2404 στεῖν
246 2378 348 2410 ἐδίδαξε
365 2398 372 2408 ,
396 2379 442 2404 καὶ
464 2379 512 2414 τὴν
536 2378 665 2415 ἀληθινὴν
691 2380 844 2406 ἀνάπαυσιν
866 2381 935 2416 ἡγή-

150 2433 224 2450 σατο.
239 2424 331 2455 Οὕτως
345 2433 374 2450 τε
392 2427 481 2460 μορφῇ
494 2426 541 2451 καὶ
556 2425 652 2461 γνώμῃ
676 2426 750 2458 ἴσους
764 2427 935 2462 κατασταθῆ-

149 2480 193 2497 ναι
208 2472 271 2503 τοὺς
287 2471 392 2502 Λὶὧνας
406 2471 525 2505 λέγουσι,
540 2472 643 2503 πάντας
669 2472 830 2507 γενομένους
851 2472 934 2504 Νόας,

150 2517 197 2544 καὶ
221 2517 325 2548 πάντας
351 2517 463 2551 Λόγους,
488 2517 535 2544 καὶ
564 2517 666 2549 πάντας
683 2517 864 2553 ’Λνθρώπουᾳ
889 2518 936 2544 καὶ

150 2563 254 2594 πάντας
278 2562 428 2597 Χριστούς·
448 2563 494 2589 καὶ
519 2563 568 2594 τὰς
596 2562 704 2598 θηλείας
723 2563 823 2598 ὁμοίως
849 2563 940 2596 πάσας

155 2607 308 2642 Ἀληθείας,
326 2607 372 2633 καὶ
389 2607 478 2638 πάσας
490 2608 576 2640 Ζωὰς,
587 2608 633 2634 καὶ
647 2607 804 2642 Πνεύματα,
820 2608 866 2635 καὶ
879 2608 940 2635 Ἐκ-

150 2653 275 2687 κλησίας.
291 2652 474 2687 Στηριχθέντα
491 2652 518 2679 δὲ
533 2653 579 2679 ἐπὶ
588 2652 675 2688 τούτῳ
690 2652 723 2679 τὰ
737 2651 795 2685 ὅλα,
812 2654 859 2680 καὶ
872 2654 938 2680 ἀνα-

153 2777 222 2808 υἱός.

189 2743 197 2779 ξ
216 2742 287 2771 lren.
307 2743 357 2778 τῆς
372 2743 448 2778 ὕλης.
485 2744 495 2758 ²
511 2741 540 2768 F.
556 2743 670 2778 σταυρὸν
695 2743 741 2770 καὶ
771 2743 920 2779 λυτρωτήν.
958 2742 968 2758 ³
983 2742 1013 2769 F.
1041 2743 1295 2778 ὰποσταυρωθῆναι.

979 1606 1036 1628 tum
1062 1601 1096 1628 de
1119 1600 1244 1629 Parentis
1259 1602 1386 1633 consilio,
1404 1610 1438 1628 ne
1457 1602 1523 1637 quid
1540 1602 1629 1630 simile
1653 1603 1765 1637 posthac

979 1646 1061 1673 ΔΕοηί
1086 1647 1166 1673 alicui
1191 1647 1378 1682 contingeret.
1404 1647 1551 1680 fulciendo,
1580 1648 1766 1683 ﬁrmandaque

979 1689 1121 1724 pleromati
1136 1697 1235 1716 novum
1245 1697 1295 1724 par
1309 1689 1402 1716 ferunt
1413 1690 1447 1717 ab
1457 1689 1579 1725 Unigena
1590 1691 1765 1724 productum,

979 1733 1117 1761 Christum
1133 1742 1164 1761 ac
1178 1733 1310 1769 Spiritum
1325 1739 1450 1762 sanctum
1461 1744 1468 1768 ;
1481 1742 1596 1770 quorum
1611 1743 1692 1770 opera
1702 1735 1768 1762 Aio-

981 1787 1029 1807 nes
1042 1780 1183 1808 ordinatos
1195 1788 1227 1808 ac
1241 1781 1410 1815 compositos
1424 1789 1495 1809 esse.
1509 1780 1614 1816 Quippe
1629 1781 1767 1809 Christum

982 1825 1101 1860 conjugii
1117 1829 1215 1852 natura
1239 1830 1320 1861 atque
1334 1825 1452 1863 Ingeniti
1467 1827 1711 1861 comprehensione
1725 1835 1768 1854 co-

981 1871 1056 1905 gnita
1078 1871 1205 1898 docuisse
1229 1875 1373 1899 contentos
1398 1879 1459 1900 esse
1475 1872 1535 1899 illos
1550 1876 1676 1906 oportere
1690 1882 1696 1898 :
1713 1872 1768 1899 Pa-

981 1916 1086 1951 trisque
1111 1916 1181 1944 inter
1204 1917 1264 1944 illos
1287 1917 1452 1952 praedicasse
1478 1918 1617 1951 notitiam;
1640 1918 1769 1946 nimirum

983 1963 1055 1989 hunc
1068 1970 1155 1998 neque
1173 1963 1362 1990 circumscribi
1374 1963 1495 1990 locorum
1510 1963 1608 1998 spatio,
1619 1971 1705 1998 neque
1720 1972 1768 1991 co-

983 2008 1104 2043 gnitione
1120 2016 1200 2043 posse
1215 2009 1329 2043 percipi,
1346 2016 1376 2036 ac
1403 2017 1437 2036 ne
1452 2009 1511 2036 visu
1530 2009 1640 2044 quidem
1663 2009 1705 2037 vel
1718 2017 1769 2037 au-

984 2055 1040 2081 ditu
1057 2055 1233 2086 contrectari,
1249 2055 1296 2082 sed
1312 2063 1359 2089 per
1377 2055 1527 2090 Unigenam
1542 2056 1675 2082 duntaxat
1688 2056 1770 2083 intel-

986 2101 1041 2136 ligi.
1055 2101 1094 2129 Ac
1109 2101 1181 2136 quod
1195 2101 1313 2136 primum
1327 2102 1399 2129 inest
1414 2102 1442 2129 in
1456 2101 1546 2136 Patre,
1560 2101 1632 2136 quod
1650 2109 1770 2137 compre-

986 2147 1068 2174 hendi
1092 2155 1147 2175 non
1170 2151 1270 2182 potest,
1286 2147 1311 2174 id
1333 2155 1442 2174 causam
1462 2155 1523 2175 esse
1541 2148 1658 2178 cteteris.
1674 2155 1724 2175 cur
1742 2148 1770 2174 in

987 2193 1181 2228 sempiternum
1195 2197 1300 2228 tempus
1313 2198 1504 2229 permaneant;
1517 2193 1589 2228 quod
1604 2201 1668 2220 vero
1682 2194 1708 2220 in
1725 2193 1771 2236 illo

988 2239 1049 2273 ipso
1063 2239 1255 2273 comprehendi
1272 2243 1372 2274 potest,
1382 2243 1459 2267 ortus
1474 2240 1569 2267 eorum
1585 2246 1617 2266 ac
1630 2239 1771 2266 formatio-

987 2286 1030 2313 nis
1055 2292 1117 2313 esse
1140 2293 1262 2318 causam,
1276 2286 1328 2313 hoc
1354 2291 1395 2313 est
1415 2285 1523 2313 Filium.
1541 2284 1603 2312 Hec
1626 2289 1691 2312 sunt
1711 2292 1772 2319 qua:

987 2334 1114 2362 Christus
1139 2342 1235 2362 recens
1252 2334 1279 2361 in
1295 2334 1348 2361 illis
1362 2334 1451 2362 editus
1466 2333 1577 2361 molitus
1589 2335 1641 2360 est.
1659 2332 1694 2358 At
1710 2331 1771 2366 Spi-

988 2382 1058 2409 ritus
1073 2385 1186 2409 sanctus
1202 2389 1298 2409 omnes
1317 2381 1350 2409 ad
1369 2381 1551 2416 aequalitatem
1571 2379 1698 2407 redactos
1714 2386 1773 2414 gra-

988 2427 1040 2454 tias
1053 2427 1152 2467 ltahere
1165 2427 1318 2462 perdocuit,
1328 2435 1360 2455 ac
1372 2435 1462 2454 veram
1472 2426 1552 2461 179
1564 2426 1682 2461 quietem
1697 2432 1772 2452 com—

989 2474 1160 2501 monstravit.
1173 2474 1212 2500 Ita
1225 2474 1333 2500 demum
1351 2473 1472 2508 ejusdem
1488 2477 1514 2500 et
1531 2473 1624 2499 lormze
1644 2476 1671 2499 et
1687 2471 1772 2498 animi

990 2519 1092 2546 (Eones
1115 2527 1175 2546 esse
1195 2519 1292 2551 factos.
1308 2524 1339 2546 ut
1359 2520 1480 2546 univcrsr
1503 2519 1604 2553 pariter
1626 2521 1654 2545 et
1669 2517 1773 2544 Mentes

987 2570 1089 2596 essent,
1108 2571 1134 2591 et
1150 2564 1307 2598 Sermones,
1323 2569 1350 2592 ct
1363 2564 1502 2596 Homines,
1518 2571 1550 2590 ac
1563 2562 1664 2590 Christi
1677 2571 1684 2595 ;
1697 2562 1775 2590 simi-

988 2608 1102 2642 literque
1131 2608 1236 2635 feminae
1264 2616 1359 2635 omnes
1384 2616 1418 2635 ex
1442 2615 1530 2642 mquo,
1547 2612 1574 2641 et
1590 2606 1726 2634 Veritates
1749 2608 1775 2632 et

988 2653 1056 2681 Vitae
1069 2654 1167 2687 forent,
1194 2661 1226 2681 ac
1251 2653 1380 2689 Spiritus,
1403 2658 1431 2681 et
1451 2653 1587 2680 Ecclesize.
1618 2650 1773 2679 Secundum

1336 2743 1346 2758 ⁸
1365 2743 1435 2770 lren.
1454 2742 1575 2771 ἐαυτηντς.
1614 2741 1624 2756 ⁸
1640 2738 1731 2767 lren.&
1742 2738 1774 2773 δη

190 2840 248 2874 (πὶ)
269 2841 302 2867 Τὸ
325 2839 442 2877 πρέπον
456 2840 652 2877 »καταληπτὸν
668 2840 823 2875 ὑπάρχειν.
850 2841 887 2869 Ita
912 2841 926 2869 il

979 2842 1024 2876 dit.
1041 2841 1124 2870 Basil.
1145 2845 1172 2868 et
1194 2840 1222 2867 in
1235 2838 1329 2874 Regio.
1343 2836 1395 2865 Sed
1413 2835 1602 2871 ἀκατάληπτον
1625 2839 1659 2860 cx
1681 2831 1775 2859 lrenax‘

156 2874 306 2911 interprete
319 2880 345 2904 et
360 2874 473 2904 Tertull.
489 2875 641 2908 legendum.
