1961 3046
246 163 297 191 499

934 159 960 188 S.
983 158 1150 186 EPIPHANII

1809 156 1865 185 500

246 223 298 251 hoc
323 222 445 250 solidatis
470 221 709 256 Corroboratisque
731 221 867 253 omnibusl
883 228 914 248 ac
933 221 1023 255 quiete

1076 220 1237 255 παυσάμενα
1255 219 1355 251 τελέως
1376 219 1444 254 μετὰ
1454 218 1574 254 μεγάλης
1584 219 1671 254 χαρᾶς
1681 226 1762 253 φησιν
1773 217 1864 253 ὑμνῆ-

247 269 356 302 otioque
382 267 551 297 constituto.
577 266 729 294 vehementi
753 266 814 293 illos
841 273 902 293 cum
927 265 1026 300 gaudio

247 321 381 341 summum
398 312 537 339 Parcnlem
553 313 677 339 laudibus
689 312 829 343 extulisse,
843 311 889 346 qui
905 319 935 338 ex
953 319 984 337 ca
997 319 1026 338 re

247 360 381 394 ingentem
398 359 478 385 animi
496 358 611 384 fructum
628 365 658 384 ac
675 358 838 392 voluptatem
854 357 965 392 ceperit.
975 357 1027 391 lgi-

247 410 290 430 tur
305 408 333 430 ul
349 404 372 430 ei
388 404 481 438 gratia:
497 403 597 438 aliquid
614 403 757 434 referrent,
769 402 803 429 de
815 402 951 429 communi
967 409 1024 428 oni-

247 452 320 476 nium
340 450 448 476 decreto
474 458 504 476 ac
527 450 671 481 sententia,
688 449 851 483 suffragante
871 449 979 476 Christo
995 456 1026 476 ac

247 495 361 530 Spiritu,
373 495 452 522 Patre
466 503 529 522 vero
543 495 746 530 con-probante.
763 495 875 526 factum,
886 501 914 522 ut
927 495 1025 529 smguli

247 541 403 574 pteromatis
414 539 526 572 Eones,
544 541 615 574 quod
631 541 658 567 in
675 548 704 567 se
719 540 975 575 prmstantissimum
994 547 1026 566 ac

247 584 468 611 ﬂorentissimum
486 584 625 616 haberent,
643 583 668 610 id
685 584 712 610 in
724 583 840 610 mediutn
856 583 983 610 afferrent
995 590 1026 610 ac

248 629 460 656 c‘ontribuerent.
476 628 579 662 Quibus
591 629 719 656 omnibus
736 629 803 656 scite
815 628 973 663 compositis
986 632 1026 654 al-

247 682 299 708 que
313 675 450 709 eleganter
465 675 610 706 contextis,
623 682 722 701 novum
738 674 879 709 quemdam
896 674 979 702 fetum
992 674 1025 702 ad

245 720 323 753 Bythi
344 721 427 747 decus
442 724 468 748 et
487 721 599 756 gloriam
617 721 773 756 protulisse,
791 721 841 748 hoc
862 727 904 748 est
918 722 1028 749 absolu-

244 767 377 794 tissimam
393 767 632 801 pulchritudinem,
648 775 679 794 ac
696 767 782 799 sidus,
798 767 945 802 perfectum
972 767 1027 802 ple-

243 811 355 838 romalis
369 811 498 844 fructum,
514 811 605 839 .lesum
622 812 736 844 scilicet,
750 812 795 847 qui
811 817 838 839 et
856 812 981 839 Salvator
992 813 1028 840 sit

242 855 342 887 dictus,
357 860 384 882 et
397 856 532 889 Christus,
543 861 570 883 et
580 856 708 888 Verbum,
725 864 757 884 ac
772 857 889 892 denique
905 859 1026 892 paternis

1080 275 1124 292 σαι
1141 266 1186 292 τὸν
1203 265 1375 301 Προπάτορα,
1395 265 1494 300 πολλῆς
1514 264 1663 299 εὐφρασίας
1681 264 1861 299 μετασχόντα.

1079 310 1130 337 Καὶ
1145 310 1214 345 ὑπὲρ
1232 310 1282 345 τῆς
1298 310 1418 342 εὐποιίας
1432 310 1533 346 ταύτης
1545 309 1624 344 βουλῇ
1640 310 1689 344 μιᾷ
1703 311 1749 336 καὶ
1763 309 1863 346 γνώμῃ

1078 356 1108 382 τὸ
1131 357 1184 383 πᾶν
1205 356 1339 392 πλήρωμα
1360 357 1414 382 τῶν
1435 356 1554 388 Αἰώνων,
1573 355 1793 386 συνευδοκοῦντος
1813 355 1862 382 τοῦ

1078 402 1196 438 Χριστοῦ
1221 403 1267 428 καὶ
1288 402 1335 428 τοῦ
1361 401 1528 437 Πνεύματος,
1544 401 1590 427 τοῦ
1606 401 1634 427 δὲ
1652 401 1757 436 nam;
1770 401 1862 428 αὐτῶν

1080 447 1393 483 συνεπισφραγιζομένου
1407 467 1414 480 ,
1440 448 1489 474 ἕνα
1515 447 1627 474 ἕκαστον
1647 447 1700 473 τῶν
1726 446 1838 473 Λίώνων
1852 468 1860 480 ,

1077 494 1145 529 ὅπερ
1160 493 1231 529 εἶχεν
1243 495 1271 520 ἐν
1284 493 1372 529 ἑαυτῷ
1385 493 1525 520 κάλλιπον
1537 494 1582 520 καὶ
1597 493 1778 528 ἀνθηρότατον
1796 501 1859 518 συν-

1078 539 1275 574 ενεγκαμένους
1298 539 1345 566 καὶ
1369 539 1587 574 ἐρανισαμένους,
1609 537 1756 565 καὶταῦτα
1773 538 1859 573 ἁρμο-

1077 587 1140 618 δίως
1154 585 1312 618 πλέξαντας,
1328 586 1374 611 καὶ
1395 585 1522 620 ἐμμελῶς
1544 584 1706 616 ὲνώσαντας,
1727 584 1860 620 προδαλέ-

1079 632 1140 658 σϐαι
1154 632 1349 667 προϐλήματα⁸
1366 632 1405 662 εἰς
1421 631 1503 666 τιμὴν
1525 630 1572 657 καὶ
1595 630 1674 662 δόξαν
1699 630 1746 656 τοῦ
1762 629 1859 660 Βυθοῦ,

1077 677 1242 705 τελειότατον
1267 676 1363 708 κάλλος
1382 685 1411 702 τε
1432 677 1479 703 καὶ⁸
1492 677 1590 711 ἄστρον
1605 675 1651 702 τοῦ
1675 674 1860 710 Πληρὼματος

1077 724 1178 750 τέλειον
1195 723 1300 758 καρπὸν
1312 723 1357 749 τὸν
1374 723 1488 758 Ἰησοῦν,
1501 723 1529 749 ὃν
1542 723 1589 748 καὶ
1601 723 1714 758 Σωτῆρα
1725 730 1859 757 προσαγο-

1078 769 1218 805 ρευΟῆναι,
1239 769 1285 795 καὶ
1308 769 1434 804 Χριστὸν,
1452 769 1497 795 καὶ
1520 768 1606 802 Λόγον
1631 768 1858 803 πατρωνυμικῶς,

1078 815 1124 841 καὶ
1142 815 1233 849 (κατὰ)
1248 814 1345 845 πάντα,
1358 814 1401 840 διά
1418 815 1448 840 τὸ
1461 814 1514 841 ἀπὸ
1528 814 1635 840 πάντων
1652 811 1731 845 εἶναι,
1748 814 1860 850 δορυφό-

1080 869 1143 895 ρους
1161 868 1190 886 τε
1206 860 1294 886 αὐτῶν
1310 860 1349 890 εἰς
1364 860 1446 895 τιμὴν
1459 861 1508 895 τὴν
1521 859 1609 886 αὐτῶν
1623 861 1762 895 ὁμογενεῖς
1777 860 1860 894 ἀγγέ-

243 902 362 931 Αῖοηυῐη
386 905 507 932 omnium
536 906 692 933 nominibus
719 905 874 940 insignitus,
895 905 966 940 quod
994 906 1024 933 ab

1077 906 1138 937 λους
1156 904 1422 940 συμπροϐεϐλῆσθαι.

243 950 369 978 omnibus
383 951 483 985 pariter
496 952 530 978 sit
543 951 570 978 in
585 951 673 979 lucem
688 952 787 979 editus.
805 951 857 979 Sed
872 957 898 980 et
928 952 1087 980 honorarios
1119 952 1178 986 ejus
1195 951 1335 985 satellites,
1352 951 1473 986 ejusdem
1490 959 1551 979 cum
1563 951 1610 978 illo
1640 951 1744 987 generis
1775 959 1859 987 ange-

242 999 283 1026 los
294 997 388 1024 eodem
404 1001 525 1031 tempore
539 998 697 1032 productos.

276 1041 347 1070 XIV.
367 1041 423 1070 Hoc
439 1044 519 1077 igitur
532 1042 588 1070 fere
604 1047 691 1070 totum
705 1048 747 1070 est
760 1043 873 1071 interius
886 1043 1022 1070 Pleroma-

241 1088 277 1115 tis
292 1088 521 1122 instrumentum;
538 1089 594 1116 haec
618 1089 688 1116 male
710 1089 809 1120 aﬂ'ecti,
824 1096 855 1116 ac
879 1097 1022 1124 propemo—

241 1133 306 1161 dum
324 1134 450 1161 exstincti
473 1134 569 1162 z’Eonis
585 1135 738 1168 calamitas,
753 1134 818 1161 dum
831 1134 858 1161 in
874 1134 1025 1168 inquisitio-

242 1185 302 1204 nem
318 1185 378 1204 scse
393 1176 480 1204 Patris
493 1177 634 1205 intendens
644 1177 820 1212 multiplicem
839 1177 866 1204 in
885 1178 1024 1204 materiam

241 1224 414 1258 dispergitur.
431 1222 492 1250 Haec
503 1224 649 1259 sexangula
665 1223 796 1255 Termini,
814 1223 893 1258 Styli,
911 1224 1026 1251 Redem—

241 1268 338 1302 ptoris,
354 1267 495 1302 Carpistce,
521 1267 651 1295 Finitoris
665 1275 697 1295 ac
711 1267 889 1295 Traductoris
914 1274 1027 1302 compa-

240 1313 304 1340 ctio.
323 1313 384 1340 llaec
399 1314 498 1347 prioris
512 1313 612 1340 Christi
627 1313 768 1348 sanctique
785 1312 903 1347 Spiritus
923 1321 955 1340 ex
972 1319 1026 1347 pm-

243 1359 355 1387 nitentia
379 1359 467 1387 Patris
495 1360 599 1387 caeteris
630 1360 764 1387 [Eonibus
788 1363 868 1386 aetate
892 1359 1027 1394 posterior

241 1404 378 1438 generatio
394 1411 444 1431 :ac
460 1404 573 1431 secundi
589 1404 702 1436 Christi,
719 1411 800 1438 quem
816 1408 843 1431 et
858 1402 1025 1431 Salvatorem

240 1449 392 1482 nominant,
414 1457 447 1476 ex
473 1449 586 1476 collecta
610 1450 679 1484 stipe
701 1449 816 1476 molitio.
830 1448 895 1482 Quae
918 1449 1020 1482 omnia,

241 1503 290 1529 pro
306 1502 338 1522 eo
351 1495 422 1529 quod
439 1503 492 1521 non
510 1503 605 1522 omnes
615 1486 648 1522 ad
664 1502 722 1522 eam
739 1495 921 1530 cognitionem
933 1495 1022 1522 idonei

1108 1041 1156 1066 ιΔι.
1176 1040 1250 1075 Δῦτη
1269 1040 1317 1075 μὲν
1332 1037 1378 1066 οὖν
1393 1041 1466 1066 ἐστιν
1486 1041 1502 1075 ἡ
1526 1040 1601 1072 ὲντὺς
1614 1040 1798 1076 πληρώματος
1813 1042 1860 1068 ὑπ’

1074 1086 1162 1113 αὐτῶν
1185 1086 1316 1121 λεγομένη
1339 1087 1525 1122 πραγματεία,
1540 1087 1585 1113 καὶ
1599 1087 1615 1122 ἡ
1630 1087 1676 1113 τοῦ
1697 1088 1861 1120 πεπονθότος

1073 1133 1185 1163 Λίῶνος,
1201 1132 1248 1158 καὶ
1264 1131 1332 1166 μετὰ
1350 1131 1448 1167 μικρὸν
1458 1132 1468 1146 ⁸
1481 1131 1659 1162 ἀπολωλότος,
1676 1131 1713 1163 ὡς
1733 1133 1762 1158 ἐν
1775 1133 1860 1168 πολλῇ

1076 1176 1125 1211 ὕλῃ
1149 1175 1194 1203 διὰ
1217 1176 1330 1211 ζήτησιν
1350 1176 1397 1203 τοῦ
1422 1176 1527 1211 Πατρδς
1550 1176 1685 1211 συμφορὰ,
1701 1178 1749 1203 καὶ
1769 1179 1785 1212 ἡ
1811 1178 1860 1204 τοῦ

1078 1221 1171 1256 Ὄρου,
1186 1221 1232 1247 καὶ
1254 1220 1363 1251 Στύλου,
1379 1221 1426 1247 καὶ
1450 1220 1605 1255 Λυτρωτοῦ,
1621 1220 1668 1247 καὶ
1690 1222 1860 1256 Καρπιστοῠ,

1076 1265 1122 1291 κα)⁸
1143 1265 1292 1300 Ὀροθέτου,
1311 1266 1357 1292 καὶ
1372 1265 1627 1299 Μεταγωγέωςίσϐ)
1639 1266 1772 1299 ὲξάγωνος
1790 1267 1861 1302 σύμ-

1075 1311 1179 1346 πηξις⁷,
1190 1312 1235 1337 καὶ
1252 1311 1327 1346 ήτοῦ
1348 1311 1454 1346 πρώτου
1470 1311 1586 1346 Χριστοῦ
1604 1313 1650 1338 σὺν
1666 1311 1705 1346 τῷ
1721 1313 1862 1347 Πνεῦματι

1074 1356 1113 1391 τῷ
1131 1356 1201 1391 ἁγίῳ
1219 1357 1250 1382 ἐκ
1266 1356 1408 1391 μετανοίας
1425 1356 1476 1382 ὑπὸ
1495 1355 1540 1382 τοῦ
1558 1356 1664 1391 Πατρὸς
1676 1356 1765 1382 αὐτῶν
1781 1365 1862 1391 μετα-

1073 1402 1220 1437 γενεστέρα
1243 1402 1297 1428 τῶν
1316 1402 1425 1428 Λίὠνων
1443 1402 1558 1436 γένεσις,
1574 1403 1619 1428 καὶ
1635 1403 1652 1437 ἡ
1673 1401 1719 1427 τοῦ
1733 1402 1861 1436 δευτέρου

1074 1447 1202 1484 Χριστοῦ,
1214 1448 1242 1474 ὃν
1257 1448 1304 1474 καὶ
1311 1448 1422 1483 Σωτῆρα
1437 1447 1571 1481 λέγουσιν,
1584 1447 1612 1481 ἐξ
1625 1448 1720 1483 ἐράνου
1734 1447 1861 1480 σύνθετος

1076 1494 1242 1529 κατασκευή.
1262 1493 1352 1520 Ταῦτα
1366 1493 1395 1520 δὲ
1409 1493 1532 1528 φανερῶς
1548 1493 1596 1528 μὲν
1615 1494 1652 1528 μὴ
1670 1493 1804 1529 εἰρῆσθαι,
1816 1495 1860 1521 διὰ

242 1539 340 1572 forent,
355 1548 410 1567 non
425 1545 516 1575 aperte
532 1539 693 1580 significata,
707 1540 753 1568 sed
766 1542 882 1568 obscure
893 1540 1023 1567 duntaxat

1076 1539 1104 1566 τὸ
1129 1540 1166 1575 μὴ
1184 1540 1288 1571 πάντας
1308 1540 1405 1574 χωρεῖν
1421 1538 1469 1574 τὴν
1484 1538 1593 1572 γνῶσιν,
1615 1539 1810 1574 μυστηριωδῶς
1831 1539 1860 1565 δὲ

241 1594 272 1613 ac
286 1594 333 1621 per
345 1587 487 1621 aenigmata
504 1586 538 1613 iis
553 1586 599 1621 qui
615 1587 763 1622 intelligere
775 1592 885 1621 possent
900 1594 915 1613 a
930 1585 1024 1613 Salva-

241 1634 300 1658 tore
325 1631 484 1658 adumbrata
510 1632 673 1666 praedicant,
696 1631 730 1658 ad
746 1639 807 1659 eum
825 1632 949 1659 videlicet
963 1639 1023 1658 mo-

241 1675 317 1702 dum.
332 1675 451 1703 Primum
466 1676 578 1712 triginta
595 1677 657 1704 illos
676 1676 778 1704 Eones
795 1678 917 1709 totidem,
934 1680 964 1703 ul
983 1676 1025 1702 di-

241 1721 341 1755 ximus,
356 1729 488 1749 annorum
509 1722 623 1749 indicari
640 1730 765 1754 numero,
782 1723 881 1757 quibus
897 1721 963 1748 nihil
978 1729 1026 1756 pa-

241 1766 294 1792 lam
311 1770 416 1801 gestum
431 1774 445 1793 a
460 1765 600 1794 Salvatore
622 1766 727 1797 dicunt.
744 1767 770 1794 in
785 1767 930 1794 rinitorum
948 1775 1024 1802 para-

241 1811 301 1838 bola
324 1812 536 1839 demonstratum
548 1813 566 1838 ι.
591 1812 692 1840 Deinde
716 1812 827 1839 Paulum
854 1813 1024 1846 apertissime

241 1856 349 1884 eosdem
366 1857 445 1892 180
464 1857 525 1884 illos
538 1857 648 1890 .IEones,
664 1865 695 1884 ac
717 1865 836 1892 [ιρι-ειερο
856 1857 1024 1888 nominasse,

241 1905 322 1934 atque
337 1900 380 1927 his
392 1901 473 1927 etiam
491 1901 578 1928 verbis
593 1909 685 1928 eorum
702 1901 823 1928 ordinem
836 1908 959 1928 servasse
972 1910 978 1928 :
992 1899 1024 1927 In

242 1953 328 1972 omnes
356 1947 533 1980 generationes
561 1947 717 1973 swculorunt
741 1947 831 1973 amuli
851 1947 872 1973 '.
892 1946 1024 1974 Praeterea

242 1997 305 2016 cum
321 1991 347 2017 in
366 1991 514 2025 gratiarum
531 1992 638 2018 actione
656 1999 706 2018 nos
723 1991 760 2017 ita
781 1991 907 2021 dicimus.
924 1991 957 2018 In
972 2000 1024 2018 sa:-

242 2035 303 2063 cula
327 2036 494 2068 saeculorum,
517 2037 605 2064 nullos
628 2037 695 2064 alios
719 2037 820 2065 IEoues
847 2037 1022 2072 signiﬁcare:

242 2081 406 2115 omninoque
427 2081 533 2116 quoties
556 2081 626 2108 IEon
652 2081 789 2109 Eonesve
809 2089 1026 2109 commemoran-

243 2133 298 2159 tur,
314 2136 379 2156 suos
399 2129 432 2155 ad
453 2129 514 2156 illos
540 2128 635 2156 referri
659 2134 770 2157 censent
792 2134 927 2164 oportere.
950 2130 1024 2156 Illam

242 2181 307 2201 vero
321 2174 468 2202 dodccadis
482 2174 600 2202 lEonuin
619 2176 838 2210 propagationem
856 2175 1025 2203 duodenario

1075 1585 1127 1612 ὑπὸ
1148 1584 1195 1611 τοῦ
1220 1585 1344 1620 Σωτῆρος
1368 1584 1411 1611 διὰ
1433 1584 1593 1620 παραϐολῶν
1619 1583 1788 1619 μεμηνῦσθαι
1804 1587 1860 1616 τοῖς

1076 1632 1175 1657 συνιεῖν
1199 1630 1357 1665 δυναμένοις
1379 1629 1473 1661 οὕτως.
1489 1629 1558 1660 Τοὺς
1585 1629 1634 1664 μὲν
1647 1629 1700 1664 γὰρ
1712 1629 1861 1663 τριάκοντα

1075 1677 1180 1708 Αίῶνας
1195 1676 1366 1712 μεμηνύσϐαι
1379 1675 1422 1702 διὰ
1433 1675 1486 1702 τῶν
1499 1675 1645 1711 τριάκοντα
1659 1675 1781 1706 ὲτῶν,ὼς
1793 1683 1860 1710 προ-

1075 1722 1189 1757 έφαμεν,
1205 1723 1232 1748 ὲν
1252 1718 1292 1753 οἷς
1307 1721 1382 1747 οὐδὲν
1397 1721 1425 1746 ὲν
1439 1720 1548 1756 φανερῴ
1562 1720 1694 1754 φάσκουσι
1710 1721 1860 1756 πεποιηκέ-

1075 1776 1118 1794 ναι
1135 1767 1180 1793 τὸν
1193 1766 1316 1801 Σωτῆρα,
1331 1767 1378 1792 καὶ
1388 1766 1431 1792 διὰ
1442 1766 1491 1800 τῆς
1504 1765 1659 1800 παραϐολῆς
1671 1766 1724 1792 τῶν
1735 1766 1861 1801 ἐργατῶν

1075 1812 1121 1839 τοῦ
1138 1811 1306 1846 ἀμπελῶνος.
1320 1811 1374 1837 Καὶ
1383 1811 1428 1837 τὸν
1439 1810 1543 1837 Παῦλον
1559 1811 1735 1846 φανερώτατα
1751 1811 1861 1844 λέγουσι

1075 1857 1168 1884 τούσδε
1195 1857 1298 1889 Αἱῶνας
1317 1857 1458 1892 ὀνομάζειν
1475 1857 1612 1889 πολλάκις,
1629 1857 1669 1883 ἔτι
1692 1857 1721 1884 δὲ
1743 1857 1789 1883 καὶ
1809 1857 1860 1892 τὴν

1075 1904 1149 1936 τάξιν
1161 1903 1250 1930 αὐτῶν
1261 1903 1438 1938 τετηρηκέναι
1452 1903 1538 1934 οὕτως
1553 1903 1677 1930 εὶπόντα”
1696 1905 1747 1936 Εἰς
1760 1903 1862 1936 πάσας

1075 1950 1129 1982 τὰς
1142 1948 1245 1983 γενεὰς
1257 1948 1315 1975 τῶν
1329 1948 1442 1974 αἰώνων
1454 1949 1506 1975 τοῦ
1516 1947 1630 1981 αίῶνος.
1641 1948 1720 1975 Ἀλλὰ
1729 1949 1776 1974 καὶ
1788 1950 1862 1984 ἡμᾶς

1076 1996 1123 2022 ἐπὶ
1135 1995 1185 2030 τῆς
1204 1995 1378 2030 εὐχαριστίας
1390 1994 1528 2028 λέγοντας,
1543 1996 1593 2027 Εἰς
1606 1994 1676 2026 τοὺς
1685 1994 1795 2027 αἰῶνας
1805 1994 1862 2021 τῶν

1076 2041 1199 2072 αἰώνων,
1217 2041 1336 2072 ἐκείνους
1351 2040 1414 2072 τοὺς
1432 2040 1538 2072 Λὶῶνας
1553 2041 1704 2075 σημαίνειν.
1723 2041 1778 2067 Καὶ
1792 2041 1862 2066 ὅπου

1076 2088 1147 2115 Αἱὼν
1164 2089 1179 2124 ἦ
1198 2088 1299 2120 Αίῶνες
1313 2087 1499 2122 ὀνομάζονται,
1515 2086 1564 2121 τὴν
1582 2086 1719 2121 ἀναφορὰν
1733 2086 1773 2117 εἰς
1788 2085 1861 2112 ὲκεί-

1076 2143 1136 2166 νους
1151 2132 1220 2161 εἶναι
1235 2134 1339 2160 θέλουσι
1352 2143 1357 2148 ·
1375 2133 1421 2168 τὴν
1446 2132 1474 2158 δὲ
1488 2132 1538 2167 τῆς
1561 2132 1708 2163 δωδεκάδος
1724 2132 1777 2158 τῶν
1790 2131 1861 2157 Aid)-

1076 2187 1128 2204 νων
1144 2178 1277 2213 προϐολὴν
1297 2177 1444 2213 μηνύεσοαι
1458 2177 1500 2204 διὰ
1513 2176 1559 2204 τοῦ
1572 2176 1721 2211 δωδεκαετῆ
1736 2176 1800 2203 ὄντα
1815 2176 1861 2203 τὸν

243 2228 376 2247 annorum
391 2220 504 2248 indicari
522 2229 646 2254 numero,
660 2225 726 2256 quot
747 2229 834 2249 annos
855 2229 916 2248 cum
944 2225 1024 2249 natus

1079 2223 1178 2258 Κύριον
1193 2223 1365 2257 διαλεχθῆναι
1375 2225 1430 2253 τοῖς
1442 2222 1686 2257 νομοδιδασκάλοις,
1698 2223 1745 2248 καὶ
1757 2222 1802 2248 διὰ
1811 2223 1860 2257 τῆς

242 2271 315 2294 esset
341 2266 471 2295 Dominus
492 2275 555 2294 cum
581 2267 647 2303 legis
664 2267 821 2295 doctoribus
837 2267 991 2302 disputabat
1003 2268 1023 2295 ³.

241 2309 346 2343 Quibus
369 2315 396 2338 et
419 2312 605 2346 apostolorum
622 2312 756 2339 delectum
781 2312 922 2347 adjiciunt,
938 2313 1024 2347 siqui-

240 2357 300 2383 dem
310 2357 347 2384 illi
358 2357 501 2384 duodecim
517 2358 679 2385 exsliterunt
689 2358 710 2385 ⁵.
725 2357 855 2392 Reliquos
866 2365 946 2392 p0rro
958 2358 1024 2385 Αἰο-

241 2409 290 2429 nes
304 2402 487 2439 duodeviginti
501 2404 528 2431 in
540 2411 572 2431 eo
583 2405 782 2438 repraesentari,
792 2405 863 2438 quod
880 2405 914 2431 ab
928 2413 1020 2432 resur-

241 2448 362 2474 rectione
376 2455 425 2475 sua
441 2449 561 2481 totidem,
581 2454 610 2476 ut
626 2455 762 2482 asserunt,
780 2458 888 2478 menses
903 2459 965 2478 cum
981 2451 1022 2479 di-

240 2494 352 2527 scipulis
382 2499 565 2523 commoratus
586 2500 638 2523 est.
653 2495 709 2522 lmo
737 2500 764 2523 et
794 2497 930 2531 prioribus
955 2497 1022 2524 dua-

238 2539 290 2567 bus
314 2540 386 2566 illius
410 2541 526 2568 nominis
548 2542 645 2569 litteris
660 2551 668 2568 ι
684 2546 710 2568 et
726 2551 742 2577 η
760 2542 902 2570 manifeste
914 2544 1024 2571 octode—

239 2586 291 2612 cim
305 2585 408 2612 onnes
422 2587 548 2620 exprimi.
568 2586 635 2614 Nam
651 2588 725 2615 illam
752 2588 869 2615 [Eanum
894 2589 1023 2617 decadem

239 2631 326 2664 primo
352 2631 469 2658 nominis
486 2632 621 2659 elemento
640 2633 796 2660 adummari
817 2638 913 2669 putant
932 2635 1023 2661 :ideo-

275 2708 284 2723 ¹
304 2708 398 2749 Matth:
412 2716 458 2749 ἕως,
474 2709 558 2749 lsqq.
573 2745 578 2749 _
591 2710 605 2749 ,³
621 2709 720 2749 Ειιὴρεε
737 2718 778 2742 Ill,
795 2710 856 2749 29-
868 2712 878 2727 ³
892 2711 1024 2749 Luc._n,‘

1077 2746 1084 2749 _
1099 2712 1116 2749 _‘
1132 2711 1224 2739 Matth.
1257 2721 1284 2746 ι,
1311 2713 1329 2740 2
1353 2722 1412 2749 sqq.

1078 2269 1130 2295 τῶν
1144 2269 1299 2295 ἀποστόλων
1316 2269 1440 2302 ἐκλογῆς.
1455 2268 1562 2294 Δώδεκα
1576 2267 1630 2303 γὰρ
1644 2267 1796 2295 ἀπόστολοι.
1806 2267 1861 2294 Καὶ

1077 2316 1138 2346 τοὺς
1153 2315 1262 2346 λοιποὺς
1283 2314 1418 2341 δεκαοκτὼ
1435 2315 1540 2345 Αἰῶνας
1557 2314 1737 2349 φανεροῦσθαι
1754 2313 1797 2339 διὰ
1813 2312 1860 2340 τοῦ

1079 2360 1145 2394 μετὰ
1161 2359 1211 2394 τὴν
1233 2361 1265 2385 ἐκ
1280 2359 1384 2394 νεκρῶν
1397 2360 1544 2385 ἀνάστασιν
1565 2359 1701 2385 δεκαοκτὼ
1727 2358 1795 2394 μησὶ
1819 2358 1860 2384 λέ-

1073 2414 1131 2439 γειν
1154 2405 1352 2441 διατετριφέναι
1376 2405 1456 2431 αὑτὸν
1484 2406 1531 2432 σὺν
1557 2406 1612 2436 τοῖς
1629 2405 1772 2440 μαθηταῖς.
1782 2404 1861 2431 Ἀλλὰ

1075 2451 1122 2477 καὶ
1137 2450 1181 2476 διὰ
1196 2450 1249 2476 τῶν
1265 2451 1476 2486 προηγουμένων
1496 2450 1543 2476 τοῦ
1562 2451 1692 2485 ὀνόματος
1712 2450 1793 2476 αὑτοῦ
1816 2449 1862 2476 δύο

1075 2496 1255 2532 γραμμάτων,
1273 2497 1319 2523 τοῦ
1334 2505 1363 2522 τε
1392 2497 1457 2523 ἰῶτα
1483 2497 1529 2523 καὶ
1552 2497 1599 2523 τοῦ
1621 2495 1684 2532 ἦτα,
1702 2497 1764 2528 τοὺς
1782 2497 1861 2523 δεκα-

1074 2540 1145 2568 οκτὼ
1166 2542 1271 2573 Αίῶνας
1291 2543 1418 2578 εὐσήμως
1447 2543 1606 2578 μηνύεσθαι.
1632 2543 1686 2569 Καὶ
1709 2543 1773 2574 τοὺς
1795 2542 1860 2569 δέκα

1074 2588 1180 2620 Λὶῶνας
1193 2589 1324 2621 ὡσαύτως
1344 2590 1388 2616 διὰ
1410 2590 1456 2616 τοῦ
1489 2590 1555 2616 ἰῶτα
1572 2590 1745 2625 γράμματος,
1761 2589 1774 2615 ὃ
1790 2597 1857 2624 προ-

1072 2637 1179 2671 ηγεῖται
1200 2635 1246 2662 τοῦ
1265 2636 1394 2672 ὀνόματος
1418 2636 1509 2667 αὑτοῦ,
1526 2637 1685 2672 σημαίνουσι
1702 2636 1858 2670 λέγεσθαιυ·

1460 2714 1470 2730 ⁵
1483 2713 1512 2741 F.
1531 2713 1684 2750 πρόϐλημα.
1721 2714 1731 2729 ⁸
1745 2712 1776 2740 F.
1790 2713 1861 2741 κατὰ

241 2743 348 2779 μικρόν.
384 2743 394 2758 ⁷
412 2743 481 2771 lren.
493 2743 668 2772 καιαίώνων.
690 2745 776 2781 σύμπ.
813 2747 824 2762 ⁸
837 2746 867 2774 F.
884 2745 1061 2782 σημαίνεσθαι
1077 2746 1195 2781 λέγουσι.

276 2821 330 2864 (76)
340 2822 515 2864 ⁵Ἐξιζχεῳνος
530 2823 692 2864 σέμιιῃξις.
709 2823 790 2864 Vqtus
802 2824 871 2852 Iron.
882 2825 1022 2864 interpres

1076 2828 1084 2853 ι
1108 2827 1216 2855 Δὶὼνων
1238 2829 1336 2864 legisse
1368 2828 1483 2856 videtur.
1505 2827 1585 2855 Forte
1599 2826 1651 2860 ἔξω
1663 2827 1717 2854 τῶν
1748 2825 1859 2853 Λίὡνων

241 2856 297 2892 σύμ

339 2857 388 2890 ξις.
407 2857 472 2885 Nam
487 2858 519 2886 de
534 2857 669 2886 Alouibus
684 2859 763 2894 paulo
780 2866 841 2887 unte
873 2857 974 2887 dictum
1002 2865 1054 2888 est.
