1961 3046
216 124 268 151 505

215 189 272 211 tum
310 191 372 212 cum
395 186 499 215 diceret
519 197 526 216 :

215 229 336 264 aurgabit
358 240 458 265 aream,
484 239 509 260 et
531 237 696 271 congregabit
721 239 837 266 triticum
849 241 877 268 in
902 229 1005 277 horrea,

214 275 303 302 paleas
316 281 405 303 autem
417 279 549 306 conzburet
563 281 616 316 igni
629 283 839 320 inexstinguibili
859 288 879 316 ‘.
901 289 1006 321 Quibus

214 322 353 355 proprium
367 323 431 351 ﬂori
443 333 542 353 munus
555 329 728 363 exprimitur.
742 330 810 359 Nam
823 334 1004 364 ventilabrum

215 367 281 394 illud
298 377 359 396 esse
377 378 485 400 crucem
503 373 717 409 interpretantur
735 388 741 405 :
762 388 823 414 qua:
837 389 930 409 crassa
947 391 1006 411 om-

215 412 271 444 nia,
283 419 308 440 et
319 422 380 441 cum
390 417 502 444 materia
516 425 654 453 concreta,
670 423 744 450 velut
755 425 870 459 stipulas
885 426 1003 461 ﬂamma,

215 459 374 492 consumit;
396 468 444 488 eos
466 469 529 490 vero
546 464 593 498 qui
614 465 728 493 salutem
751 468 951 503 adipiscuntur,
965 472 1004 499 uti

215 511 319 532 vannus
336 505 483 539 frumenta,
504 515 661 545 perpurgat.
679 512 718 539 Ad
741 513 798 541 haec
812 513 924 543 Paulum
937 525 1005 552 quo-

214 557 267 584 que
281 551 314 578 de
336 559 368 579 ea
389 560 472 581 cruce
495 555 661 584 mentionem
678 557 774 587 fecisse
787 561 840 594 ,illo
868 562 927 590 loco
940 571 1005 590 nar-

215 601 299 624 rant:
323 605 385 625 nam
411 600 502 627 crucis
523 601 681 635 praedicatio
696 606 872 638 pereuntibus
892 608 1003 641 quidem

214 643 329 670 stultitia
341 649 392 677 est,
409 645 443 673 iis
459 651 549 674 autem
564 649 610 682 qui
628 649 780 682 salvantur,
796 656 826 678 ut
842 653 932 684 nobis,
948 655 1003 681 vir-

214 693 258 717 tus
278 689 346 717 Dei’
362 699 369 723 ;
387 699 418 719 ac
444 699 554 721 rursum
569 694 656 722 :Mihi
672 697 730 723 vero
743 697 811 724 absit
824 698 936 733 gloriari
952 702 1003 728 nisi

213 736 240 761 in
258 745 333 763 cruce
344 737 417 771 Iesu,
432 747 478 773 per
492 748 567 775 quem
583 741 647 769 mihi
662 743 774 770 mundus
793 745 935 775 cruciﬁxus
951 752 1000 781 est,

213 788 238 809 et
253 791 298 818 ego
320 783 417 811 mundo
431 785 451 813 '.
475 785 615 820 Ejusmodi
638 793 703 815 sunt
724 797 784 824 qua:
806 790 837 817 de
854 791 1002 826 pleromate

213 834 276 858 suo,
289 834 321 854 ac
333 830 519 857 commentitia
533 830 625 859 fabula
637 834 818 861 communiter
829 835 862 862 ab
873 838 1000 865 omnibus

213 873 379 908 traduntur;
403 875 502 910 quibus
524 877 642 912 pessime
665 886 681 905 a
702 887 732 908 se
747 882 907 916 excogitatis
933 892 1001 918 prac-
1018 871 1039 900 Β

212 919 286 947 clare
303 920 338 947 ab
355 921 417 949 aliis
434 922 505 950 dicta
520 923 654 952 violenter
669 927 888 955 accommodant.
907 928 1001 964 Neque

211 961 425 1002 ex‘evangelicis
439 968 528 996 solum
552 971 766 1006 apostolicisque
781 973 860 1008 182
879 975 999 1009 scriptis,

211 1018 330 1045 quorum
356 1013 597 1049 interpretationes
628 1017 811 1053 detorquent,
841 1028 874 1048 ac
902 1029 1000 1050 sensus

211 1057 384 1092 adulteraut,
411 1060 532 1089 rationes
562 1065 589 1089 et
622 1068 784 1099 argumenta
811 1067 998 1103 conquirunt;

211 1110 305 1130 verum
320 1105 402 1131 etiam
416 1113 448 1132 ex
464 1106 521 1141 lege
535 1115 567 1134 ac
578 1110 717 1147 prophetis
732 1118 886 1146 arcessunt,
906 1119 1001 1149 utpote

211 1155 328 1182 quorum
356 1150 417 1177 libri
437 1152 574 1186 parabolis
594 1159 621 1181 et
645 1156 784 1191 allegoriis
812 1160 906 1187 referti
924 1165 998 1195 sunt,

211 1201 328 1228 quarum
353 1203 454 1232 anceps
481 1199 663 1237 ambiguaque
685 1205 820 1232 sententia
836 1206 870 1233 ad
892 1207 1000 1236 diversa

210 1244 300 1275 potest
320 1243 480 1277 explicando
495 1246 622 1274 derivari.
638 1249 705 1276 Cum
720 1251 828 1280 interim
842 1254 887 1281 alii
902 1255 998 1284 iisdem

210 1286 264 1313 illis
279 1287 377 1315 callide
391 1297 424 1316 ac
438 1293 600 1321 veteratorie
619 1294 653 1322 ad
671 1304 806 1331 nugarum
822 1307 935 1328 suarum
952 1310 999 1337 pa-

203 1333 355 1361 .trocinium
372 1336 531 1372 abutantur,
547 1347 650 1376 eosque
667 1344 716 1377 qui
733 1344 761 1371 in
784 1344 868 1374 Deum
892 1347 998 1376 Patrem

208 1380 432 1415 omnipotentem,
448 1388 475 1411 et
491 1393 574 1413 unum
589 1387 736 1417 Dominum
747 1390 839 1419 Iesum
859 1393 998 1422 Christum

208 1424 307 1452 Filium
333 1426 381 1455 Dei
404 1429 530 1458 stabilem
554 1431 715 1469 ﬁrmamque
735 1436 814 1465 ﬁdem
836 1446 891 1466 non
906 1444 999 1469 custo-

207 1471 298 1506 diunt,
316 1480 332 1501 a
347 1475 460 1503 veritate
477 1477 551 1505 velut
566 1481 688 1515 captivos
706 1488 839 1512 avertant.

905 137 934 165 S.
955 137 1127 168 EPlPllANlI

557 189 740 218 Ventilabrum
758 192 787 219 in
810 201 889 222 manu
906 197 963 231 ejus
985 207 996 224 ρ

1061 201 1096 227 ἑν
1117 201 1154 235 τῇ
1171 203 1245 236 χειρὶ
1272 204 1375 238 αὑτοῦ,
1392 206 1440 233 καὶ
1461 206 1644 241 διακαθαριεῖ
1655 209 1712 242 τὴν
1734 209 1847 242 ἅλωνα,

1795 152 1848 181 5θό

1059 247 1107 274 καὶ
1122 249 1248 281 συνάξει
1264 251 1315 277 τὸν
1331 251 1418 279 σῖτον
1431 254 1473 285 εἰς
1490 253 1548 287 τὴν
1564 255 1721 289 ἀποθήκην
1735 258 1845 285 αὐτοῦ’

1057 293 1090 319 τὸ
1107 293 1141 320 δὲ
1155 294 1270 329 ἄχυρον
1284 298 1465 325 κατακαύσει
1479 299 1548 333 πιῬὶ
1568 300 1713 332 ἀσϐέστῳ.
1730 303 1783 328 Καὶ
1803 303 1846 330 διὰ

1056 340 1152 367 τούτου
1164 342 1213 377 τὴν
1230 343 1369 379 ἐνέργειαν
1383 345 1430 371 τοῦ
1448 347 1530 381 Ὀρου
1548 349 1742 382 μεμηνυκέναι.
1759 349 1845 375 [Ιτόον

1056 387 1110 421 γὰρ
1140 388 1244 414 ἐκεῖνον
1258 392 1268 404 ⁵
1287 390 1333 416 τὸν
1354 391 1468 425 σταυρὸν
1493 393 1688 428 ἑρμηνεύουσιν
1712 392 1790 425 εἶναι,
1816 395 1845 421 ὃν

1055 433 1087 468 δὴ
1100 433 1147 460 καὶ
1162 434 1318 462 ἀναλίσκειν
1333 436 1368 463 τὰ
1391 437 1470 464 ὑλικὰ
1487 438 1585 471 πάντα,
1606 438 1643 470 ὡς
1664 439 1751 475 ἄχυρα
1770 440 1825 475 πῦρ
1836 449 1843 455 ”

1055 479 1195 514 καθαίρειν
1216 482 1244 507 δὲ
1259 482 1322 513 τοὺς
1344 483 1521 518 σωζομένους,
1539 485 1574 516 ὠς
1592 485 1622 512 τὸ
1645 485 1726 512 πτύον
1740 485 1785 512 τὸν
1803 487 1844 512 σί-

1053 533 1109 551 τον.
1130 525 1233 552 Παῦλον
1257 527 1284 553 δὲ
1298 527 1344 554 τὸν
1363 529 1511 556 ἀπόστολον
1533 530 1580 557 καὶ
1593 531 1673 557 αὑτὸν
1694 532 1844 568 ἐπιμιμνή-

1055 571 1166 597 σκεσθαι
1177 572 1271 599 τούτου
1281 573 1327 599 τοῦ
1340 574 1454 609 σταυροῦ
1466 575 1588 610 λέγουσιν
1599 576 1684 608 οὕτως
1696 585 1702 592 ·
1725 577 1752 604 ὐ
1764 577 1844 611 λόγος

1053 616 1108 652 γὰρ
1131 618 1145 643 ὁ
1161 617 1207 644 τοῦ
1232 618 1350 654 σταυροῦ
1373 621 1428 652 τοῖς
1454 621 1502 656 μὲν
1530 622 1725 658 ἀπολλυμένοις
1752 624 1843 659 μωρία

1054 661 1123 694 ἐστὶ,
1149 664 1204 695 τοῖς
1223 664 1252 689 δὲ
1278 664 1441 700 σωζομένοις
1466 668 1530 702 ἡμῖν
1557 667 1671 703 δύναμις
1689 669 1772 695 Θεοῦ·
1795 669 1842 696 καὶ

1053 707 1149 734 πάλιν·
1174 709 1253 743 Ἐμοὶ
1269 709 1303 735 δὲ
1314 710 1356 744 μὴ
1371 711 1484 745 γένοιτο
1503 713 1538 739 ἐν
1549 714 1657 748 μηδενὶ
1672 715 1842 749 καυχᾶσθαι

1052 752 1079 777 εὶ
1092 751 1135 786 μὴ
1153 752 1188 779 ἐν
1202 753 1242 786 τῷ
1259 754 1378 788 σταυρῷ
1397 757 1450 783 τοῦ
1474 758 1581 792 Ἰησοῦ,
1603 758 1640 785 δι’
1655 757 1691 786 οὗ
1710 759 1773 794 ἐμοὶ
1791 762 1842 786 κό-

1051 805 1129 833 σμος
1151 799 1343 833 ἐσταύρωται,
1360 802 1440 836 κάγὼ
1460 803 1500 836 τῷ
1527 805 1638 839 κόσμῳ.
1659 805 1775 832 Τοιαῦτα
1790 806 1841 841 μὲν

1052 843 1098 871 οὖν
1112 846 1175 880 περὶ
1189 846 1369 882 πληρώματος
1380 849 1468 876 αὐτῶν
1482 850 1528 876 καὶ
1540 850 1587 876 τοῦ
1604 851 1759 886 πλάσματος
1773 852 1842 879 πάν-

1052 900 1097 924 τες
1112 892 1244 927 λέγουσιν,
1258 895 1415 930 ἑφορμίζειν
1428 897 1437 911 ⁵
1450 896 1604 932 βιαζόμενοι
1615 898 1649 924 τὰ
1663 898 1753 930 καλῶς
1768 900 1840 934 είρη¹

1053 937 1121 972 μένα
1137 940 1194 970 τοῖς
1216 940 1308 972 κακῶς
1324 941 1542 977 ἐπινενοημὲνοις
1559 943 1604 969 ὑπ’
1625 943 1723 970 αὐτῶν.
1740 945 1794 970 Καὶ
1808 945 1839 970 οὺ

1053 984 1133 1018 μόνον
1145 985 1177 1011 ἐκ
1191 985 1244 1013 τῶν
1261 987 1447 1021 εὐαγγελικῶν
1459 989 1506 1015 καὶ
1518 989 1571 1015 τῶν
1582 989 1767 1017 ἀποστολικὼν
1781 999 1842 1016 πει-

1053 1029 1152 1064 ρῶνται
1166 1031 1216 1063 τὰς
1231 1032 1381 1065 ἀποδείξεις
1397 1035 1541 1067 ποιεῖσθαι,
1559 1035 1777 1071 παρατρέποντες
1791 1036 1841 1068 τὰς

1051 1076 1207 1112 ἑρμηνείας,
1225 1080 1272 1106 καὶ¹
1289 1080 1512 1116 ῥᾳδιουργοῦντες
1524 1083 1573 1114 τὰς
1594 1082 1753 1118 ἐξηγήσεις·
1771 1083 1842 1111 ἀλλὰ

1051 1123 1098 1150 καὶ
1113 1125 1144 1150 ἐκ
1155 1125 1236 1160 νόμου
1249 1126 1295 1152 καὶ
1308 1128 1465 1162 προφητῶν,
1474 1128 1529 1154 ’ἅτε
1549 1128 1655 1155 πολλῶν
1675 1129 1840 1164 παραϐολῶν

1051 1170 1097 1196 καὶ
1112 1171 1280 1207 ἁλληγοριῶν
1295 1173 1457 1208 εἰρημένων,
1474 1174 1519 1200 καὶ
1532 1175 1572 1206 εἰς
1591 1175 1675 1202 πολλὰ
1695 1176 1784 1202 ἕλκειν
1794 1176 1841 1203 δυ-

1050 1217 1174 1252 ναμένων
1194 1218 1225 1244 τὸ
1247 1219 1396 1254 ἀμφίϐολον
1416 1220 1459 1246 διὰ
1474 1221 1524 1255 τῆς
1546 1220 1710 1256 ἐξηγήσεως.
1730 1222 1840 1257 ’Έτεροι

1049 1262 1087 1294 δὲ,
1101 1263 1194 1295 δεινῶς
1217 1264 1256 1299 τῷ
1277 1264 1414 1299 πλάσματι
1431 1266 1519 1292 αὐτῶν
1539 1267 1585 1293 καὶ
1602 1266 1694 1298 δολίως
1718 1268 1840 1303 ἐφαρμὸρ

1050 1306 1152 1341 ζοντες,
1170 1309 1414 1345 αἰχμαλωτίζουσιν
1434 1311 1487 1338 ἀπὸ
1510 1311 1561 1346 τῆς
1579 1311 1706 1346 ἀληθείας
1720 1313 1783 1344 τοὺς
1799 1313 1839 1348 μὴ

1050 1354 1160 1389 ἑδραίαν
1179 1356 1228 1391 τὴν
1242 1356 1331 1383 πίστιν
1346 1358 1385 1388 είς
1403 1357 1451 1383 ἕνα
1472 1358 1536 1384 Θεὸν
1551 1358 1661 1394 Πατέρα
1682 1359 1839 1394 παντοκρά-

1048 1409 1124 1436 τορα,
1138 1401 1184 1427 καὶ
1199 1402 1239 1433 εἰς
1258 1402 1306 1428 ἕνα
1325 1403 1426 1439 Κύριον
1447 1403 1550 1439 Ἰησοῦν
1565 1405 1682 1440 Χριστὸν
1705 1405 1770 1432 Υὶὸν
1790 1405 1839 1432 τοῦ

1049 1446 1116 1473 Θεοῦ
1130 1447 1370 1482 διαφυλάσσοντας.

243 1517 313 1546 XVI.
330 1519 390 1548 Jam
416 1530 476 1558 qua:
490 1528 568 1552 extra
593 1526 712 1561 pleroma
730 1534 794 1557 sunt
817 1531 852 1559 ab
877 1533 930 1561 illis
946 1534 996 1563 hoc

1084 1539 1144 1571 ΚΤ.
1158 1538 1198 1565 Τὰ
1213 1538 1242 1565 δὲ
1265 1539 1343 1571 ἐκτὸς
1361 1539 1407 1566 τοῦ
1431 1540 1613 1576 πληρωματος
1637 1541 1771 1576 λεγόμενα
1790 1542 1837 1568 ὑπ’

207 1565 290 1592 modo
306 1567 532 1598 constituuntur:
549 1571 740 1608 Enthymesin,
756 1576 806 1604 hoc
823 1582 865 1605 est
887 1580 997 1615 Cogita-

208 1611 321 1645 tionem,
342 1614 463 1643 caelestis
481 1616 554 1646 illius
580 1618 726 1653 Sapientiae
749 1622 848 1656 ferunt,
870 1611 950 1661 quam
971 1633 998 1654 ct

207 1655 359 1685 Achamoth
374 1667 544 1696 nuncupant,
563 1671 578 1690 a
598 1665 746 1699 pleromate
768 1677 830 1696 cum
857 1655 997 1704 perturha-

207 1702 282 1730 tione
295 1711 465 1741 segregatam
481 1708 509 1735 in
524 1710 653 1738 umbrosa
667 1716 694 1738 et
712 1713 804 1741 inania
821 1716 878 1742 loca
898 1718 995 1745 violen-

207 1753 250 1777 ter
263 1750 378 1785 ejectam
407 1752 501 1782 fuisse.
520 1755 658 1791 Siquidem
674 1763 751 1786 extra
777 1761 866 1789 lumen
888 1771 918 1789 ac
937 1765 994 1798 ple-

206 1803 296 1830 roma,
312 1798 387 1825 velut
402 1799 516 1829 abortus
531 1803 653 1837 quidam,
670 1804 794 1834 informis
811 1811 891 1842 atque
909 1809 994 1845 impo-

206 1841 256 1868 lita
274 1844 445 1877 constiterat,
473 1846 548 1880 quod
569 1847 637 1874 nihil
659 1850 770 1877 omnino
789 1841 928 1887 percipere
946 1841 995 1889 po-

206 1888 316 1915 tuisset.
330 1889 419 1925 Hujus
434 1891 623 1920 misericordia
631 1901 782 1929 permotum
799 1898 948 1932 Christum,
962 1909 994 1928 ac

205 1940 255 1967 per
271 1941 380 1962 crucem
397 1942 502 1964 suamet
522 1938 622 1966 virtute
638 1946 805 1975 porrectum,
821 1951 880 1971 eam
895 1951 992 1974 natura

205 1982 287 2007 tenus
299 1988 353 2007 non
366 1981 460 2009 itidem
471 1985 626 2018 cognitione
639 1986 784 2022 ﬁgurasse;
798 1998 884 2026 eaque
896 2000 926 2019 re
937 2001 994 2028 per-

205 2022 289 2056 fecta,
313 2032 345 2052 ac
362 2026 462 2054 virtute
487 2036 536 2055 sua
558 2034 711 2065 contracta,
740 2035 832 2062 statim
858 2038 991 2072 evolasse,

205 2076 267 2096 cum
286 2070 323 2097 ita
337 2078 395 2098 eam
412 2073 580 2110 reliquisset,
595 2080 624 2103 nt
636 2078 800 2107 calamitatis
814 2089 870 2109 suae
881 2091 991 2111 sensum

205 2115 329 2150 capiens,
346 2118 420 2152 quod
434 2126 449 2145 a
466 2120 617 2154 pleromate
629 2128 702 2151 esset
717 2127 846 2160 extorris,
861 2136 993 2163 praestan-

204 2161 306 2189 tiorum
326 2164 475 2199 cupiditate
494 2171 643 2202 teneretur,
661 2178 723 2198 cum
741 2172 800 2207 jam
817 2175 902 2203 odore
926 2184 992 2212 quo—

203 2207 267 2235 dam
283 2213 356 2237 esset
374 2211 587 2242 immortalitatis
601 2216 700 2248 atllata,
717 2227 798 2253 quem
816 2221 843 2247 in
864 2229 896 2248 ea
912 2207 988 2251 Chri.
1008 2238 1030 2266 D

204 2257 264 2266 -...-
282 2262 312 2266 ,Α
325 2255 406 2266 ειμι»,
527 2263 533 2266 .
613 2261 629 2266 ..
780 2264 790 2266 _

1049 1584 1137 1611 αὐτῶν
1153 1586 1210 1611 ἐστι
1237 1585 1367 1612 τοιαῦτα·
1391 1587 1439 1621 τὴν
1461 1587 1624 1623 Ἐνθὺμησιν
1646 1589 1695 1623 τῆς
1711 1588 1766 1614 ἄνω
1789 1589 1837 1614 Eo-

1048 1631 1121 1665 φίας.
1140 1631 1172 1666 ἢν
1199 1631 1246 1657 καὶ
1267 1631 1392 1667 ’Λχαμὼθ
1411 1632 1549 1663 καλοῦσιν,
1573 1634 1766 1668 ἀφορισθεῖσαν
1788 1634 1837 1661 τοῦ

1048 1677 1231 1712 πληρώματος
1260 1678 1308 1704 σὺν
1322 1678 1360 1712 τῷ
1379 1678 1459 1705 πάθει
1486 1678 1610 1712 λέγουσιν
1626 1681 1654 1705 ἐν
1678 1681 1767 1712 σκιαῖς
1790 1682 1838 1708 καὶ

1049 1724 1225 1758 σκηνώματος
1247 1724 1257 1739 ⁸
1280 1724 1372 1755 τύποις
1396 1724 1578 1760 ἐκϐεϐράσθαι
1607 1726 1677 1752 κατὰ
1702 1726 1836 1762 ἀνάγκην.

1049 1769 1121 1801 Ἕξω
1137 1769 1190 1804 γὰρ
1210 1770 1297 1803 φωτὸς
1319 1770 1425 1804 ἐγένετο
1442 1772 1489 1797 καὶ
1511 1771 1692 1807 πληρώματος
1714 1772 1836 1807 ἄμορφος

1046 1815 1093 1840 καὶ
1110 1815 1236 1846 ἁνείδεος,
1253 1815 1347 1851 ὥσπερ
1367 1816 1505 1852 ἓκτρωμα,
1525 1817 1569 1844 διὰ
1589 1817 1618 1844 τὸ
1639 1818 1722 1853 μηδὲν
1745 1827 1835 1844 κατει-

1046 1861 1170 1896 ληφέναι.
1197 1862 1376 1896 Οῖκτείραντά
1390 1871 1419 1888 τε
1444 1863 1528 1898 αὐτὴν
1547 1863 1593 1890 τὸν
1606 1864 1724 1899 Χριστὸν
1740 1864 1762 1896 ⁷,
1789 1865 1834 1891 κα)

1045 1906 1089 1933 διὰ
1107 1906 1154 1933 τοῦ
1172 1907 1289 1942 σταυροῦ
1307 1908 1490 1935 ὲπεκταθὲντα
1505 1911 1536 1944 τῇ
1557 1909 1608 1946 ἰδίᾳ
1627 1909 1749 1945 δυνάμει,
1769 1919 1833 1946 μορ-

1045 1952 1134 1986 φῶσαι
1150 1953 1290 1988 μόρφωσιν
1307 1954 1357 1989 τὴν
1372 1955 1431 1980 κατ’
1446 1954 1539 1980 οὐσίαν
1557 1955 1646 1990 μόνον,
1663 1955 1720 1981 ἀλλ’
1734 1956 1764 1981 οὑ
1784 1956 1835 1990 ’τὴν

1045 1998 1115 2024 κατὰ
1127 1998 1227 2032 γνῶσιν
1239 2005 1246 2012 ⁸
1262 1999 1310 2025 καὶ
1334 2000 1473 2033 πράξαντα
1488 2000 1576 2032 τοῦτο,
1598 2001 1764 2036 ἀναδραμεῖν
1788 2010 1834 2027 συ-

1046 2044 1185 2071 στείλαντα
1200 2044 1281 2071 αὐτοῦ
1293 2045 1341 2080 τὴν
1355 2045 1470 2080 δύναμιν
1486 2047 1532 2073 καὶ
1546 2047 1714 2079 καταλιπεῖν,
1728 2048 1801 2079 ὅπως
1812 2048 1833 2081 ⁸,

1045 2091 1194 2126 αἰσθομένη
1215 2091 1261 2117 τοῦ
1279 2091 1343 2126 περὶ
1364 2092 1447 2126 αὐτὴν
1462 2092 1564 2124 πάθους
1584 2093 1627 2119 διὰ
1646 2094 1694 2129 τὴν
1715 2094 1830 2120 ἀπαλλα-

1044 2136 1094 2171 γὴν
1119 2135 1165 2162 τοῦ
1190 2136 1389 2171 πληρώματος,
1418 2137 1516 2173 ὀρεχθῇ
1552 2138 1605 2164 τῶν
1635 2138 1833 2174 διαφερόντων,

1044 2181 1142 2217 ἔχουσά
1155 2190 1214 2207 τινα
1228 2181 1312 2216 ὀδμὴν
1331 2181 1494 2217 ἀφθαρσίας,
1515 2183 1771 2218 ἐγκαταλειφθεῖσαν
1785 2185 1832 2210 αὺ-

1043 2231 1092 2265 τὴν
1106 2227 1152 2255 τοῦ
1171 2228 1287 2264 Χριστοῦ
1304 2228 1314 2243 ⁹
1330 2229 1376 2254 καὶ
1390 2228 1436 2255 τοῦ
1451 2229 1528 2262 ἁγίου
1543 2230 1710 2264 Πνεύματος.
1726 2230 1772 2256 Διὸ
1786 2231 1832 2258 καὶ

203 2257 265 2282 stus
281 2262 314 2282 ac
325 2255 443 2290 Spiritus
458 2263 571 2288 sanctus
581 2261 759 2297 reliquerant.
773 2264 815 2293 Ob
826 2266 853 2293 id
868 2268 992 2304 utrisque

204 2300 334 2311 -__-..__.
360 2309 389 2311 μ
426 2303 432 2309 .
457 2304 472 2311 ..
553 2305 575 2311 ..
693 2308 707 2311 μ
748 2310 751 2311 ,

1048 2255 1124 2311 ιθτὴν
1139 2277 1195 2307 τοῖς
1215 2275 1381 2310 ἀμφοτέροις
1399 2275 1511 2310 ὀνόμασι
1528 2275 1675 2308 καλεῖσθαι,
1690 2277 1788 2311 Σοφίαν
1801 2286 1831 2303 τε

203 2300 336 2334 appellari
360 2303 526 2333 nominibus.
552 2305 619 2333 Nam
642 2312 668 2335 et
691 2308 858 2344 Sapientiam
876 2317 990 2347 paterna

202 2347 385 2381 appellatione
403 2349 469 2385 dici,
487 2352 560 2387 quod
584 2353 645 2388 ejus
662 2354 765 2385 Parens
783 2357 923 2393 Sapientia
941 2369 990 2388 vo-

201 2397 280 2420 cetur
292 2402 299 2420 :
313 2398 339 2421 et
358 2394 487 2429 Spiritum
501 2404 637 2434 sanctum,
649 2402 683 2429 ab
694 2410 726 2430 eo
740 2403 786 2438 qui
802 2412 864 2432 cum
879 2405 989 2434 Christo

201 2438 368 2473 conjunctus
383 2446 426 2469 est
442 2442 554 2477 Spiritu.
572 2445 594 2472 A
609 2447 709 2480 quibus
725 2449 823 2484 edicta,
838 2451 990 2488 intelligen-

200 2485 293 2519 tiaque
308 2485 447 2520 decorata,
470 2489 518 2517 sed
534 2499 566 2518 eo
591 2493 716 2528 subinde,
741 2497 813 2530 quod
836 2498 863 2525 in
878 2485 989 2527 illa'nec

198 2532 368 2565 aspectabile
384 2533 481 2569 inerat,
495 2535 595 2572 Verbo,
607 2539 658 2567 hoc
672 2545 714 2568 est
724 2541 844 2575 Christo,
860 2545 986 2579 spoliata,

199 2577 233 2604 ad
252 2577 364 2606 luminis
380 2579 454 2609 illius
465 2583 539 2617 quod
551 2590 699 2613 evanuerat
715 2588 918 2622 inquisitionem
929 2600 989 2619 om-

201 2631 260 2650 nem
279 2624 411 2660 impetum
426 2629 592 2664 contulisse;
609 2632 657 2659 sed
672 2633 707 2660 ab
730 2633 803 2662 Hero
823 2637 987 2670 prohibitam

203 2669 266 2698 nihil
288 2673 418 2707 consequi
437 2675 569 2710 potuisse.
593 2676 653 2710 Quo
680 2682 801 2715 tempore
822 2669 980 2719 contigisse,

235 2789 243 2798 λ
276 2773 371 2813 Μιλιιίιἶ
397 2784 437 2810 ιιι,
459 2777 511 2812 12;
539 2778 606 2807 Luc.
623 2789 664 2813 Ill,
694 2782 737 2810 16.

789 2785 799 2799 ¹
814 2783 823 2811 l
838 2785 900 2813 Cor.
926 2794 945 2818 ι,
960 2786 1005 2814 25.

1039 2321 1270 2357 πατρωνυμικῶς,
1283 2322 1296 2347 ὀ
1308 2321 1362 2356 γὰρ
1378 2321 1470 2356 Πατὴρ
1485 2321 1568 2356 αὐτῆς
1581 2322 1664 2356 Σοφία
1681 2323 1830 2357 κληΐζεται,

1039 2369 1086 2395 καὶ
1102 2367 1212 2402 Πνεῦμα
1225 2367 1301 2400 ἆγιον
1318 2367 1371 2393 ἀπὸ
1386 2367 1432 2393 τοῦ
1443 2367 1506 2402 περὶ
1516 2367 1560 2393 τὸν
1576 2369 1692 2403 Χριστὸν
1705 2369 1825 2404 Πνεύμα-

1039 2422 1094 2445 τος.
1107 2412 1304 2449 Μσρεξωθεῖσὰν
1318 2421 1346 2438 τε
1357 2413 1450 2448 αὐτὴν,
1463 2414 1509 2440 καὶ
1522 2413 1644 2449 ἔμφρονα
1659 2415 1830 2449 γενηθεῖσαν,

1038 2457 1194 2492 παραυτίκα
1210 2457 1239 2483 δὲ
1254 2457 1418 2483 κενωθεῖσαν
1431 2458 1477 2484 τοῦ
1491 2458 1636 2493 ἀοράτου¹⁰
1653 2460 1720 2495 αὐτῇ
1736 2461 1822 2487 συνόν-

1036 2513 1082 2536 τος
1095 2503 1193 2537 Λόγου,
1209 2503 1332 2529 τουτέστι
1345 2503 1391 2529 τοῦ
1407 2503 1538 2539 Χριστοῦ,
1555 2505 1601 2530 ἐπὶ
1617 2506 1729 2540 ζήτησιν
1741 2506 1830 2542 ὀρμῆ-

1038 2558 1082 2576 σαι
1095 2549 1141 2576 τοῦ
1157 2548 1353 2581 καταλιπόντος
1375 2550 1459 2585 αὐτὴν
1476 2551 1574 2584 φωτὸς,
1592 2552 1637 2577 καὶ
1659 2552 1695 2586 μὴ
1712 2552 1830 2587 δυνηθῆ-

1036 2604 1081 2622 ναι
1108 2595 1271 2621 καταλαϐεῖν
1296 2595 1374 2626 αὐτὸ,
1394 2595 1438 2623 διὰ
1465 2596 1497 2622 τὸ
1522 2596 1674 2631 κωλυθῆναι
1702 2598 1754 2624 ὑπὸ
1782 2598 1829 2625 τοῦ

1037 2641 1132 2676 Ὃρου.
1158 2641 1212 2667 Καὶ
1230 2641 1347 2668 ἐνταῦθα
1362 2642 1405 2668 τὸν
1421 2643 1502 2678 Ὃρον
1519 2643 1657 2669 κωλύοντα
1677 2643 1762 2678 αὐτὴν
1780 2645 1827 2679 τῆς

1045 2687 1084 2718 είς
1103 2686 1292 2723 τοῦμπροσθεν
1312 2688 1399 2724 ὁρμῆς
1423 2690 1510 2716 εἰπεῖν
1533 2689 1611 2715 Ἰαώ·
1634 2689 1693 2716 ὅθεν
1717 2689 1747 2716 τὸ
1766 2690 1826 2716 ‘lati

1060 2788 1141 2815 aGal.
1166 2797 1205 2823 vr,
1226 2789 1269 2816 14.

1320 2789 1340 2827 ⁸>
1358 2789 1392 2816 Ir.
1409 2791 1529 2827 reservo."
1552 2791 1582 2827 μδ
1599 2791 1629 2818 F.
1648 2790 1823 2827 ἐφαρμόζειν.

199 2809 209 2824 ⁶
221 2808 290 2836 lren.
307 2808 476 2847 κενώματος.
505 2808 519 2830 ’⁷
537 2814 608 2843 lren.
633 2808 679 2844 τδν
699 2808 754 2845 ἀνω
768 2818 820 2855 Xp.
841 2808 871 2837 ν’
885 2820 920 2848 1r.
938 2808 996 2849 ⁷καῖ

199 2845 318 2862 ιδ.1.ἆηιιρ

1083 2808 1141 2815 usu-
1173 2808 1205 2823 Il,
1227 2808 1269 2816 ιτ.
1358 2808 1392 2816 ιι.
1421 2808 1516 2817 ens-av.
1599 2808 1609 2817 ι
1623 2811 1629 2818 .
1648 2808 1823 2827 εγκιμμυδει-γ,

1051 2832 1078 2851 π.
1101 2824 1194 2860 αὑτήν.
1233 2824 1286 2852 ’F.
1313 2825 1379 2861 αὐτῇ
1405 2826 1457 2853 ὑπὸ
1483 2826 1530 2853 τοῦ
1549 2825 1678 2862 Χριστοῦ.
1717 2828 1739 2843 ¹⁰
1750 2827 1823 2858 lren.

195 2845 327 2881 κυμάτως.
