1961 3046
122 125 174 151 δυο

462 123 648 152 ADVERSUS
667 122 840 151 ilAZRESES
860 123 923 151 LIB.
944 123 965 151 Ι.
987 123 1071 152 ΤΟΜ.
1091 124 1125 153 ll.
1147 141 1179 146 —
1198 125 1335 153 HERES.
1355 126 1446 154 XXXI.

1697 124 1749 156 506

122 184 208 217 (ινομα
225 181 282 218 (79)
300 182 462 218 γεγενῆσθαι
480 184 624 217 φάσκουσι.
643 183 688 218 Μὴ
711 183 870 219 δυνηθεῖσαν
883 183 904 209 δὲ

961 187 991 210 ut
1005 191 1067 211 cum
1081 184 1165 217 illam,
1182 191 1216 212 ne
1232 184 1301 211 ultra
1312 184 1499 217 contenderet,
1517 183 1606 211 llorus
1622 192 1750 213 coercere

122 227 255 254 διοδεῦσαι
267 227 311 254 τὸν
326 229 418 263 "Opov,
434 229 477 256 διὰ
493 230 522 256 τὸ
541 229 747 265 συμπεπλέχθαι
763 229 801 265 τῷ
818 229 908 262 πάθει,

123 277 169 300 καὶ
194 274 277 309 μόνην
293 274 501 309 ἀπολειφθεῖσαν
524 275 576 308 ἔξω
597 275 679 302 παντὶ
699 275 776 311 μέρει
798 275 844 301 τοῦ
862 275 911 302 πά-

121 317 195 349 Θους,
212 319 356 345 ὑποπεσεῖν
373 320 543 354 πολυμεροῦς
558 321 604 346 καὶ
617 319 807 346 πολυποικὶλου
823 320 910 355 ὑπάρτ

121 373 223 400 χοντος,
238 367 284 392 καὶ
296 365 391 392 παθεῖν
403 365 490 401 λύπην
504 366 563 402 μὲν,
576 367 615 392 ὅτι
629 367 658 393 οὺ
670 366 815 393 κατέλαϐε·
830 367 910 402 φόϐον

120 413 159 444 δὲ,
176 413 212 448 μὴ
226 413 352 449 καθάπερ
364 413 449 449 αὑτὴν
465 414 495 440 τὸ
510 414 576 449 φῶς,
593 414 663 441 οὕτω
679 415 725 441 καὶ
740 414 770 441 τὺ
786 413 835 449 ζῇν
850 415 909 440 ὲπι-

120 458 196 493 λίπῃ,
211 458 327 494 ἀπορίαν
334 468 362 485 τε
374 460 420 486 ἐπὶ
436 459 551 492 τούτοις,
577 461 606 487 ἐν
619 460 715 496 ἀγνοίᾳ
726 460 754 487 δὲ
766 460 800 487 τὰ
809 460 907 493 πάντα,

119 503 168 529 καὶ
179 503 209 528 ού
225 503 350 540 καθάπερ
361 505 369 520 ¹
382 505 398 540 ἠ
416 506 507 542 μήτηρ
519 506 603 540 αὐτῆς
617 507 634 542 ἡ
654 506 748 541 πρώτη
764 506 846 540 Σοφία
862 506 908 533 καὶ

119 548 200 580 Αίὼν,
219 550 373 585 ἑτεροίωσιν
388 551 416 576 ἐν
435 553 490 583 τοῖς
508 551 621 578 πάθεσιν
645 550 726 587 εἶχεν,
743 551 810 578 ἀλλὰ
832 552 908 578 ἐναν-

117 595 240 629 τιότητα.
250 595 514 632 Ἐπισυμϐεὸηκέναι
523 598 545 624 δ’
554 598 621 633 αὐτῇ
633 599 678 624 καὶ
688 598 730 623 ἑτέ
736 607 783 633 ραν
789 597 907 624 διάθεσιν

116 638 168 674 τὴν
185 640 235 674 τῆς
255 641 421 676 ἐπιστροφῆς
435 642 481 668 ἐπὶ
501 643 546 669 τὸν
566 643 771 678 ζωοποιὴσαντα
783 644 793 658 ²
806 643 907 678 ταύτην

117 684 249 711 σύστασιν
269 686 314 712 καὶ
329 687 423 714 οὐσίαν
442 688 490 723 τῆς
505 687 570 723 ὕλης
592 689 755 724 γεγενῆσθαι
772 689 904 723 λέγουσιν,

116 729 147 761 ἐξ
169 727 203 765 ἧς
217 731 260 757 ὅδε
282 732 296 757 ό
319 732 420 767 κόσμος
440 734 616 769 συνέστηκεν.
640 735 687 761 Ἐκ
716 735 764 770 μὲν
779 735 833 771 γὰρ
856 735 905 769 τῆς

115 776 284 812 ἐπιστροφῆς
297 778 346 814 τὴν
362 778 409 805 τοῦ
426 780 528 814 κόσμου
545 780 651 806 καὶτοῦ
668 780 839 816 Δημιουργοῦ
855 781 905 807 πᾶ-

115 831 167 848 σαν
182 823 192 838 ³
207 824 294 859 ψυχὴν
308 824 357 860 τὴν
374 826 479 859 γένεσιν
495 826 643 862 εἰληφέναι,
660 827 692 853 ἐκ
712 827 741 853 δὲ
757 827 803 854 τοῦ
822 828 904 862 φόϐου

962 230 1053 262 vellet,
1075 230 1122 257 luo
1139 231 1300 258 vocabulum
1318 232 1467 266 proferret;
1485 239 1516 257 ex
1533 238 1586 266 quo
1601 231 1676 258 vocis
1691 231 1749 258 ori-

962 276 1051 310 ginem
1072 275 1232 310 profectam.
1257 276 1324 304 Cum
1350 277 1433 312 igitur
1455 284 1630 311 perrumpere
1646 276 1749 304 llorum

961 323 1117 357 nequisset.
1134 323 1194 350 ideo
1217 323 1290 358 quod
1308 323 1511 358 perturbatione
1526 323 1663 357 implicata
1681 323 1750 350 deti-

961 372 1082 400 neretur,
1102 369 1181 404 183
1196 376 1227 396 ac
1254 369 1312 397 sola
1328 373 1405 396 extra
1429 369 1616 402 remansisset,
1640 373 1749 403 pertur-

961 414 1081 441 bationis
1096 414 1179 448 hujus
1198 422 1258 449 qua:
1274 415 1415 449 multiplex
1432 418 1492 441 erat
1509 422 1540 441 ac
1557 414 1642 446 varia,
1661 414 1748 448 parti-

960 461 1012 488 bus
1047 461 1175 489 omnibus
1208 461 1406 494 succubuisse;
1443 460 1622 495 aliectamque
1654 459 1748 488 dolore

959 507 1089 543 primunt,
1106 507 1180 542 quod
1199 507 1266 534 nihil
1283 510 1409 535 assecuta
1428 508 1478 540 sit;
1495 510 1552 534 tum
1568 511 1651 539 metu,
1665 514 1699 533 ne
1717 510 1748 533 ut

960 554 1046 588 ipsam
1073 553 1175 585 lumen,
1200 553 1235 579 ita
1256 554 1310 580 vita
1339 553 1490 580 deficeret:
1512 553 1611 580 deinde
1639 553 1746 580 consilii

959 599 1060 633 inopia,
1085 606 1117 626 ac
1142 600 1250 626 demum
1266 599 1426 634 ignorantia:
1444 599 1554 634 penitus
1579 600 1744 627 immersam.

957 644 1052 679 Neque
1067 645 1151 677 enim,
1168 650 1197 672 ut
1216 645 1276 680 ejus
1302 645 1387 672 Mater
1407 646 1494 680 prima
1518 646 1562 672 illa
1579 654 1613 672 ex
1627 645 1745 672 IEonnm

957 692 1074 727 collegio
1090 691 1240 726 Sapientia,
1257 692 1422 719 alternorum
1441 693 1574 719 duntaxat
1587 692 1746 720 diversitate

956 741 1094 769 motuum,
1127 739 1174 765 sed
1205 739 1406 765 contrariorum
1446 737 1561 765 dissidio
1593 739 1734 765 laborasse

957 783 1027 817 Quill
1042 788 1069 811 et
1081 792 1177 811 novam
1190 784 1302 819 insuper
1309 785 1395 811 eidem
1406 783 1574 811 affectionem
1586 784 1744 818 contigisse,

956 830 1145 856 conversionis
1164 829 1197 856 ad
1214 837 1276 856 eum
1292 829 1396 856 scilicet
1418 830 1461 864 qui
1481 829 1533 856 sibi
1549 830 1630 855 vitam
1647 830 1745 864 imper-

114 869 224 905 καὶτῆς
239 870 325 906 λύπης
339 871 372 897 τὰ
395 872 474 898 λοιπὰ
492 873 541 908 τὴν
562 873 648 909 ἀρχὴν
662 874 815 908 ἐσχηκέναι.
840 874 904 900 Ἀπὸ

958 876 1047 902 tit-rat.
1077 874 1152 902 lianc
1171 882 1236 902 vero
1257 876 1377 902 materiae
1395 875 1494 902 molem
1514 882 1546 901 ac
1564 875 1744 902 substantiam

112 916 170 950 γὰρ
189 915 243 942 τῶν
267 917 392 952 δακρύων
409 918 493 952 αὐτῆς
509 919 648 952 γεγονέναι
676 920 765 946 πᾶσαν
791 919 903 955 ἕνυγρον

112 961 225 987 οὐσίαν·
250 962 304 988 ἀπὸ
324 963 352 989 δὲ
367 963 413 989 τοῦ
431 964 547 998 γέλωτος
568 965 617 1000 τὴν
632 966 782 1000 φωτεινὴν·
799 965 852 991 ἀπὸ
875 965 914 1002 δὲ.

111 1006 163 1040 τῆς
180 1006 268 1041 λύπης
285 1008 393 1042 καὶτῆς
412 1009 567 1044 ἐκπλήξεως
581 1009 616 1036 τὰ
633 1010 775 1045 σωματικὰ
788 1010 835 1036 τοῦ
858 1011 902 1037 κό-

113 1062 183 1088 σμου
197 1056 325 1090 στοιχεῖα.
342 1056 410 1082 Ποτὲ
425 1056 474 1091 μὲν
485 1056 539 1091 γὰρ
554 1057 645 1083 ἔκλαιε
660 1057 706 1083 καὶ
718 1057 852 1088 ἐλυπεῖτο,
866 1057 904 1088 ὡς

111 1097 232 1133 λέγουσι,
245 1099 290 1126 διὰ
301 1100 331 1126 τὺ
343 1100 553 1134 καταλελεῖφθαι
565 1101 649 1136 μόνην
662 1102 690 1126 ἐν
702 1100 740 1135 τῷ
757 1101 845 1127 σκότει
858 1102 905 1128 καὶ

111 1144 151 1179 τῷ
168 1145 307 1181 κενώματι
319 1155 326 1161 ·
346 1146 410 1173 ποτὲ
424 1146 452 1172 δὲ
467 1147 507 1178 είς
523 1146 626 1173 ἔννοιαν
642 1147 745 1182 ἤκουσα
756 1147 802 1174 τοῦ
817 1156 904 1174 κατα-

110 1189 235 1222 λιπόντος
259 1191 343 1226 αύτὴν
368 1192 466 1226 φωτὸς,
484 1192 597 1227 διεχεῖτο
616 1193 663 1218 καὶ
682 1193 781 1227 ἐγέλα·
801 1193 866 1220 ποτὲ
880 1193 902 1219 δ’

111 1234 145 1263 αὖ
166 1237 247 1264 πάλιν
259 1239 395 1272 ὲφοϐεἰτο’
411 1238 504 1265 ἄλλοτε
515 1239 543 1264 δὲ
557 1239 690 1274 διηπόρει,
705 1239 753 1266 καὶ
768 1238 901 1271 ἐξίστατο.

956 928 1026 953 esse,
1040 928 1073 947 ex
1088 928 1142 955 qua
1165 921 1284 948 mundus
1302 921 1354 948 isle
1378 921 1490 948 coaluit.
1510 919 1614 947 Etenim
1631 928 1663 947 ex
1686 920 1745 955 ipsa

956 966 1147 997 conversione,
1173 966 1265 992 mundi
1286 970 1312 993 et
1329 966 1495 998 Conditoris,
1517 966 1638 1000 adeoque
1663 965 1745 992 aliam

956 1018 1064 1038 onmem
1088 1011 1206 1037 animam
1221 1019 1282 1038 esse
1302 1012 1435 1046 genitam;
1454 1016 1550 1039 caetera
1567 1020 1598 1038 ex
1623 1015 1697 1037 metu
1712 1018 1744 1038 ac

956 1056 1049 1083 dolore
1064 1057 1171 1083 initium
1188 1058 1335 1092 accepisse.
1349 1056 1417 1084 Nam
1431 1065 1445 1085 e
1460 1058 1586 1093 lacrymis
1603 1057 1743 1084 humidum

953 1110 1043 1134 omne,
1053 1110 1068 1130 e
1083 1103 1139 1130 risu
1156 1103 1311 1136 lucidum,e
1324 1103 1418 1131 dolore
1435 1111 1468 1130 ac
1483 1108 1596 1138 stupore
1610 1110 1744 1138 corporea

953 1149 1048 1176 mundi
1073 1149 1207 1177 elementa
1231 1158 1368 1178 manasse.
1387 1150 1529 1178 Accidisse
1556 1150 1695 1182 nimirum,
1714 1152 1745 1176 ut

952 1195 1159 1229 collaerymarct
1175 1195 1312 1222 interdum
1341 1202 1372 1222 ac
1387 1195 1503 1227 doleret,
1518 1194 1639 1229 quodse
1658 1195 1744 1222 solam

953 1240 981 1267 in
1003 1241 1123 1268 tenebris
1140 1244 1166 1267 et
1193 1241 1325 1268 inanitate
1348 1241 1473 1268 relictam
1500 1240 1740 1267 animadverteret.

110 1281 312 1318 Nonnunquam
323 1292 387 1311 vero
402 1292 465 1312 mox
483 1289 512 1312 ut
528 1285 600 1313 illius
628 1286 750 1318 luminis,
766 1287 838 1321 quod
857 1295 918 1315 sese
935 1288 1094 1322 reliquerat,
1113 1289 1218 1315 veniret
1238 1289 1265 1315 in
1287 1289 1458 1321 memoriam,
1484 1289 1540 1315 risu
1558 1296 1587 1315 se
1610 1295 1641 1314 ac
1667 1287 1745 1314 volu-

111 1333 186 1364 ptate
210 1329 382 1364 perfudisse;
407 1330 598 1367 interdumque
619 1340 717 1360 rursus
741 1331 776 1359 ad
797 1337 899 1360 metum
920 1333 1045 1364 rediisse.
1074 1334 1142 1361 alias
1161 1335 1280 1366 anxiam,
1306 1334 1470 1368 consiliique
1494 1333 1603 1367 inopem
1619 1336 1646 1360 et
1671 1336 1743 1359 atto-

111 1377 196 1403 nitam
213 1377 307 1404 fuisse.

148 1422 197 1450 IZ'.
216 1424 270 1450 Καὶ
286 1423 312 1449 τί
336 1424 407 1459 γάρ;
425 1425 570 1460 Τραγῳδία
595 1425 678 1460 πολλὴ
695 1426 787 1452 λοιπὸν
809 1424 843 1461 ἦν
860 1427 902 1452 ὲν-

110 1468 184 1498 θὰδε.
204 1470 251 1495 καὶ
267 1470 402 1503 φαντασία
418 1471 476 1502 ἑνὸς
502 1472 615 1497 ἑκάστου
639 1471 740 1504 αὐτῶν,
754 1472 840 1504 ἄλλως
855 1472 902 1498 καὶ

111 1514 199 1545 ἄλλως
221 1514 343 1549 σοϐαρῶς
368 1514 579 1550 ἐκδιηγουμένου
602 1515 633 1541 ἐκ
649 1515 770 1542 ποταποῦ
787 1515 900 1546 πάθους,

111 1559 144 1585 ἐκ
162 1559 240 1592 ποίου
262 1560 393 1595 στοιχείου
413 1561 430 1596 ἡ
450 1560 527 1586 οὐσία
544 1561 593 1595 τὴν
611 1561 719 1594 γένεσιν
745 1559 864 1595 εἴληφεν,
885 1559 903 1586 ἃ.

111 1606 159 1632 καὶ
180 1605 294 1638 εἰκότως
315 1606 423 1632 δοκοῦσί
439 1615 483 1641 μοι
505 1605 541 1641 μὴ
556 1605 678 1637 ἅπαντας
693 1605 778 1632 θέλειν
799 1606 827 1632 ὲν
851 1613 902 1639 φα-

109 1651 181 1686 νερῷ
196 1651 341 1682 διδάσκειν,
358 1651 415 1678 ἀλλ’
433 1651 448 1687 ἢ
467 1653 564 1686 μόνους
581 1651 702 1683 ἐκείνους
716 1651 780 1682 τοὺς
795 1650 841 1677 καὶ
856 1659 903 1686 με-

108 1696 210 1731 γάλους
226 1697 339 1731 μισθοὺς
360 1698 431 1733 ὑπὲρ
452 1697 619 1732 τηλικούτων
644 1697 801 1732 μυστηρίων
817 1696 902 1722 τελεῖν

108 1742 287 1778 δυναμένους.
303 1744 400 1770 Οὐκέτι
415 1744 470 1780 γὰρ
492 1744 578 1770 ταῦτα
599 1744 679 1778 ὅμοια
701 1743 826 1774 ἐκείνοις,
841 1743 904 1777 περὶ

108 1786 146 1814 ὧν
157 1789 171 1814 ό
184 1789 286 1825 Κύριος
302 1790 318 1826 ἡ
323 1790 380 1824 μῶν
395 1790 489 1825 εἴρηκε
498 1798 504 1804 ·
517 1789 632 1824 Δωρεάν
645 1789 777 1820 ἐλάϐετε,
791 1788 904 1821 δωρεὰν

108 1835 192 1861 δότε·
211 1835 277 1861 ἀλλὰ
290 1836 531 1870 ἀνακεχωρηκότα,
543 1836 589 1862 καί
600 1834 737 1870 τερατώδη
757 1835 803 1860 καὶ
819 1833 903 1869 βαθέα

111 1882 250 1917 μυστήρια
276 1881 345 1915 μετὰ
365 1881 461 1907 πολλοῦ
488 1882 612 1917 καμάτου
633 1881 826 1916 περιγινόμενα
848 1881 904 1912 τοῖς

109 1927 294 1961 φιλοψευδέσι.
310 1927 358 1959 Τίς
373 1928 425 1963 γὰρ
441 1929 491 1954 οὐκ
508 1928 540 1955 ἂν
553 1928 750 1963 ἐκδαπανήσειε
768 1927 856 1953 πάντα
871 1926 905 1953 τὰ

108 1973 266 2007 ὑπάρχοντα
290 1973 383 2004 αὐτοῦ,
401 1973 445 2000 ἵνα
469 1974 552 2009 μάθῃ,
572 1975 612 2000 ὅτι
633 1974 687 2000 ἀπὸ
702 1973 756 1999 τῶν
778 1972 904 2008 δακρύων

108 2017 158 2052 τῆς
177 2018 366 2053 Ἐνθυμήσεως
379 2018 425 2044 τοῦ
449 2019 613 2050 πεπονθότος
629 2018 741 2049 Λὶῶνος,
754 2018 903 2053 θάλασσαι,

109 2064 157 2090 καὶ
172 2064 268 2098 πηγαὶ,
288 2064 334 2090 καὶ
350 2065 477 2099 ποταμοὶ,
492 2065 538 2091 καὶ
552 2065 627 2091 πᾶσα
640 2064 750 2100 ἔνυδρος
766 2064 845 2090 οὐσία
855 2063 905 2099 τὴν

109 2109 216 2143 γένεσιν
242 2109 364 2145 εἴληφεν,
385 2111 417 2136 ὲκ
434 2110 461 2136 δὲ
486 2110 532 2136 τοῦ
548 2111 665 2144 γέλωτος
687 2110 772 2145 αὐτῆς
790 2110 821 2136 τὸ
836 2109 903 2144 φῶς,

110 2155 158 2181 καὶ
173 2155 204 2180 ἐκ
226 2154 276 2189 τῆς
293 2155 450 2190 ἐκπλήξεως
463 2155 510 2181 καὶ
524 2156 573 2190 τῆς
588 2155 743 2190 ἀμηχανίας
757 2154 791 2180 τὰ
813 2162 904 2189 σωμα-

108 2200 173 2226 τικὰ
183 2200 229 2226 τοῦ
243 2200 345 2235 κόσμου
363 2202 497 2235 στοιχεῖα;
511 2201 643 2235 Βούλομαι
654 2201 681 2226 δὲ
692 2201 738 2227 καὶ
749 2200 829 2231 αὐτὸς
843 2209 905 2226 συν-

109 2248 275 2280 εισενεγκεῖν
297 2255 324 2272 τι
341 2248 374 2282 τῇ
406 2247 580 2282 καρποφορίᾳ
596 2245 695 2272 αὐτῶν.
717 2245 825 2280 Ἐπειδὴ
848 2245 903 2281 γὰρ

107 2292 164 2328 ὁρῶ
177 2292 211 2319 τὰ
228 2293 278 2328 μὲν
295 2293 397 2326 γλυκέα
413 2293 497 2320 ὕδατα
512 2293 585 2326 ὅντα,
602 2290 657 2319 οἷον
676 2292 776 2328 πηγὰς,
792 2291 839 2318 καὶ
855 2300 902 2318 πο-

109 2339 222 2373 ταμοὺς,
239 2338 286 2365 καὶ
300 2339 429 2374 ὄμϐρους,
443 2340 490 2366 καὶ
502 2339 535 2365 τὰ
551 2338 674 2370 τοιαῦτα,
690 2338 725 2364 τὰ
741 2338 769 2365 δὲ
785 2339 830 2364 ἐπὶ
842 2339 902 2369 ταῖς

109 2386 260 2417 θαλάσσαις
284 2387 407 2422 ἁλμυρά-
423 2387 522 2413 ἐπινοῶ
549 2387 585 2422 μὴ
607 2386 695 2413 πάντα
709 2386 762 2413 ἀπὸ
782 2386 836 2412 τῶν
856 2385 902 2411 δα-

109 2431 201 2467 κρύων
218 2432 303 2466 αὐτῆς
319 2433 531 2468 προϐεϐλῆσθαι,
549 2433 615 2459 διότι
631 2433 663 2459 τὸ
678 2432 795 2467 δάκρυον
814 2431 902 2466 ἁλμυ-

110 2479 156 2514 ρὸν
166 2480 199 2514 τῇ
212 2479 334 2514 ποιότητι
347 2479 474 2514 ὑπάρχει.
487 2480 605 2514 Φανερὺν
619 2477 675 2511 οὖν,
688 2480 729 2506 ὅτι
743 2478 777 2505 τὰ
792 2477 902 2514 ἁλμυρὰ

109 2524 192 2551 ὕδατα
203 2524 291 2551 ταῦτά
308 2526 366 2552 ἐστι
379 2526 411 2552 τὰ
429 2526 482 2552 ἀπὺ
493 2526 546 2553 τῶν
562 2526 697 2562 δακρύων.
718 2526 799 2557 Εἰκὸς
811 2525 839 2552 δὲ
852 2525 901 2552 αύ-

107 2571 156 2606 τὴν
173 2573 202 2598 ἐν
225 2572 331 2607 ἀγωνίᾳ
351 2572 434 2608 πολλῇ
452 2573 498 2599 καὶ
521 2573 663 2609 ἀμηχανίᾳ
687 2574 830 2608 γεγονυῖαν
855 2572 902 2598 καὶ

108 2617 264 2652 ἱδρωκέναι.
289 2618 430 2646 Ἐντεῦθεν
450 2619 482 2655 δὴ
502 2619 573 2646 κατὰ
592 2619 641 2654 τὴν
664 2619 793 2645 ὑπόθεσιν
813 2617 903 2644 αὐτῶν

147 2695 204 2732 [Ιτ.
220 2697 354 2732 ἀγνοοῦσα
367 2698 395 2724 δὲ
414 2697 449 2725 τὰ
462 2697 561 2732 πάντα,
576 2698 606 2724 οὐ
619 2697 680 2724 καθ.

109 2738 137 2763 x,
152 2730 179 2757 8.

918 2234 942 2264 ι)

721 2698 731 2714 ’
744 2697 809 2725 Post
826 2696 1020 2732 ζωοποήσαντα
1043 2694 1274 2730 distinguendmn.

991 1422 1072 1450 XVII.
1091 1422 1162 1456 Quid
1179 1427 1236 1450 tum
1259 1422 1339 1449 inde?
1353 1421 1484 1448 Maximas
1498 1421 1626 1455 deinceps
1640 1422 1677 1449 illi
1694 1427 1747 1449 tra-

956 1469 1059 1505 gatdias
1080 1469 1199 1501 iaciunt;
1216 1476 1248 1495 ac
1267 1475 1317 1504 pro
1344 1475 1395 1495 suo
1412 1468 1528 1502 quisque
1552 1467 1640 1502 capite
1666 1467 1745 1495 aliter

955 1522 1037 1553 atque
1053 1517 1130 1543 aliter
1145 1523 1252 1543 summa
1269 1523 1330 1542 cum
1346 1514 1500 1549 arrogantia
1518 1514 1639 1548 disputat
1655 1523 1661 1540 :
1677 1521 1746 1548 qua-

955 1569 1018 1588 nam
1035 1568 1067 1588 ex
1083 1559 1296 1594 perturbatione,
1313 1563 1360 1585 aut
1371 1567 1403 1585 ex
1418 1565 1536 1592 quonam
1551 1558 1685 1585 elemento
1700 1566 1746 1585 na-

955 1611 1016 1633 tura
1033 1606 1203 1641 proiluxerit.
1220 1604 1342 1637 Quorum
1355 1605 1421 1631 mihi
1436 1604 1533 1631 merito
1546 1603 1673 1631 videntur
1688 1613 1743 1632 non

955 1653 1042 1688 palam
1057 1652 1186 1679 omnibus
1200 1651 1372 1685 disciplinam
1399 1650 1467 1677 velle
1487 1650 1658 1677 committere
1674 1659 1680 1677 ε
1698 1651 1745 1678 sed

956 1698 989 1726 iis
1015 1698 1114 1728 solum,
1140 1697 1187 1732 qui
1216 1697 1381 1723 luculentam
1409 1697 1561 1723 mercedum
1586 1704 1635 1730 pro
1661 1698 1746 1724 tantis

954 1743 1094 1779 mysteriis
1124 1746 1319 1776 repraesentare
1337 1741 1452 1776 possint.
1479 1740 1572 1775 Neque
1597 1741 1670 1768 enim
1693 1742 1745 1769 ista

954 1797 1048 1816 eorum
1067 1789 1167 1816 similia
1189 1792 1264 1820 sunt,
1289 1788 1324 1815 de
1352 1788 1452 1821 quibus
1471 1795 1485 1813 a
1507 1787 1621 1814 Domino
1641 1787 1744 1814 dictum

955 1840 997 1863 cst
1013 1845 1019 1863 :
1041 1834 1131 1861 Gratis
1153 1835 1304 1868 accepistis.
1329 1836 1413 1869 gratis
1437 1833 1537 1860 date‘:
1553 1834 1599 1860 sed
1617 1834 1651 1860 ab
1670 1834 1745 1862 omni

955 1887 1059 1908 remota
1077 1888 1171 1912 sensu,
1192 1888 1223 1907 ac
1244 1880 1412 1916 prodigiosa,
1431 1879 1622 1915 profundaque
1643 1887 1745 1906 arcana

956 1926 1002 1953 illa
1017 1929 1092 1958 sunt,
1109 1933 1171 1960 (μιῖῡ
1183 1933 1198 1951 a
1214 1925 1341 1953 falsitatis
1355 1925 1524 1952 amatoribus
1539 1932 1637 1960 magno
1654 1924 1745 1951 labore

956 1977 1160 2007 comparantur.
1178 1971 1243 2004 Quis
1261 1972 1332 1998 enim
1346 1979 1399 1998 non
1414 1971 1505 1998 omnia
1519 1972 1588 1998 bona
1601 1979 1649 1998 sua
1662 1971 1744 1998 liberi-

956 2023 997 2046 tcr
1017 2019 1044 2046 in
1060 2019 1127 2046 illud
1142 2019 1289 2053 impendat,
1306 2022 1335 2044 ut
1353 2017 1451 2048 discat,
1469 2017 1696 2052 quemadmodum
1711 2025 1744 2044 ex

956 2064 1153 2099 Enthylneseos
1168 2063 1305 2098 lacrymis,
1327 2062 1427 2094 affecti,
1451 2062 1572 2096 inquam,
1593 2062 1666 2088 illius
1679 2061 1742 2088 1E0-

956 2111 1010 2143 nis,
1033 2111 1129 2142 maria,
1153 2110 1241 2137 fontes
1262 2117 1294 2135 ac
1322 2108 1445 2139 iinntina,
1477 2109 1629 2143 humorque
1655 2109 1745 2135 omnis

957 2156 1110 2184 ciﬂuxerit:
1127 2156 1307 2190 similiterque
1322 2159 1349 2181 et
1363 2163 1396 2182 ex
1411 2155 1467 2181 risu
1484 2155 1590 2186 lumen;
1605 2157 1632 2181 et
1645 2161 1677 2180 ex
1691 2157 1742 2180 stu-

957 2210 1022 2237 pore
1041 2209 1073 2228 ae
1094 2202 1193 2228 mentis
1221 2201 1311 2236 inopia
1339 2207 1470 2235 corporea
1497 2199 1591 2226 mundi
1613 2200 1744 2226 elementa

957 2247 1079 2282 profecta
1095 2247 1166 2274 sint?
1181 2246 1261 2282 184
1275 2246 1341 2273 Volo
1357 2246 1482 2281 equidem
1498 2245 1623 2272 nonnihil
1637 2245 1744 2271 illorum

957 2293 1075 2321 inventis
1098 2300 1146 2327 pro
1161 2293 1233 2319 virili
1256 2293 1391 2319 conferre.
1418 2291 1551 2324 Quoniam
1567 2291 1637 2316 enim
1661 2297 1743 2324 aqua-

956 2348 1016 2367 rmn
1034 2341 1127 2367 dulces
1141 2340 1209 2367 alias
1232 2339 1322 2371 video,
1345 2342 1437 2373 utpote
1463 2337 1553 2364 fontes
1576 2341 1602 2363 et
1621 2335 1743 2368 ﬂumina,

956 2387 1071 2422 pluvias,
1088 2391 1114 2413 et
1129 2386 1156 2413 id
1171 2393 1256 2421 genus
1273 2385 1407 2419 reliquas;
1425 2383 1503 2414 alias,
1525 2383 1598 2410 velut
1612 2382 1742 2415 marinas,

955 2433 1054 2464 salsas,
1069 2432 1196 2467 suspicor
1213 2439 1266 2459 non
1286 2439 1320 2458 ex
1342 2430 1402 2464 ejus
1426 2429 1556 2465 lacrymis
1572 2436 1667 2456 omnes
1681 2436 1743 2456 eru-

956 2478 1040 2512 pisse,
1055 2477 1127 2512 quod
1144 2481 1240 2504 natura
1257 2477 1335 2503 salsze
1350 2476 1405 2502 sint
1425 2475 1560 2510 lacrymw,
1576 2474 1743 2509 proindeque

956 2525 1045 2551 salsas
1057 2523 1189 2550 duntaxat
1200 2529 1285 2558 aquas
1297 2530 1329 2549 ex
1343 2523 1402 2556 ejus
1417 2521 1545 2556 lacrymis
1561 2523 1657 2547 enatas
1671 2526 1741 2546 esse.

955 2570 1023 2597 Cum
1037 2569 1146 2597 interim
1164 2573 1377 2596 consentaneum
1394 2567 1439 2599 sit,
1453 2565 1575 2594 eamdem
1592 2564 1742 2592 vehementi

956 2616 1040 2643 animi
1059 2623 1161 2650 angore
1188 2623 1219 2642 ac
1236 2615 1343 2642 consilii
1366 2613 1456 2649 inopia
1475 2612 1616 2647 praeditam
1643 2611 1743 2638 sudore

1313 2692 1323 2708 ⁸
1340 2693 1411 2719 lren.
1427 2691 1582 2718 καὶπᾶσαν.
1621 2688 1630 2704 ⁸
1645 2688 1737 2714 Matth.

145 2808 203 2843 (79)
224 2808 310 2835 Ὅθεν
333 2807 365 2834 τὸ
393 2806 457 2835 Ἰαὼ
477 2807 579 2843 ὄνομα.
604 2807 688 2840 Quem
706 2806 834 2835 Liberurn
856 2811 974 2843 patrem,
992 2812 1018 2836 et
1052 2807 1143 2836 Solent
1173 2809 1273 2836 ethnici
1294 2808 1442 2843 scriptorcs
1473 2805 1653 2842 appellarunt.
1671 2800 1738 2838 (Ma-

109 2845 187 2873 crob.
207 2844 253 2871 lib.
270 2852 289 2878 ι,
307 2851 367 2879 cap.
384 2843 440 2878 16.)
