1961 3046
220 115 271 144 507

921 114 950 142 S.
971 113 1140 142 EPIPHANII

1787 116 1848 144 508

223 176 359 197 manasse.
374 168 411 196 Ex
427 176 481 203 quo
495 176 666 204 consequens
678 173 731 202 est,
747 169 861 197 fontium
877 177 909 197 ac
923 170 1008 198 [lumi-

1066 171 1258 206 ὅπολαμὸανειν
1276 171 1316 198 δεῖ
1330 171 1421 206 πηγὰς
1444 171 1489 199 καὶ
1507 171 1654 206 ποταμοὺς,
1675 172 1722 198 καὶ
1742 173 1769 199 εἴ
1778 181 1849 201 τινα

222 224 286 244 num
303 216 430 250 liquores,
450 223 480 242 ac
500 215 521 242 si
536 215 600 250 quid
621 217 694 244 aliud
715 220 758 244 est
774 216 905 243 duteioris
919 224 1005 251 aquai,

222 261 334 288 minime
349 268 382 287 ex
395 261 454 294 ejus
480 261 607 296 lacrymis
623 261 744 288 ﬂuxisse.
760 261 807 288 list
822 262 894 288 eniti)
910 263 1007 296 perab-

222 307 346 336 surdum.
363 314 424 332 cum
439 314 490 332 una
509 307 678 341 simplexque
695 308 731 333 sit
744 307 923 341 lacrymarum
942 313 1007 342 qua-

223 351 296 383 litas,
313 351 414 378 salsum
437 359 489 377 non
506 351 597 378 mimis
617 351 771 382 humorem,
787 359 868 385 quam
889 351 1006 383 dulcem,

223 398 256 424 ad
270 397 392 424 eamdem
407 397 539 431 originem
556 397 673 430 referre;
688 405 750 424 cum
763 398 846 424 multo
860 398 895 424 sit
910 397 1007 432 proba-

223 443 315 474 bilius,
335 443 466 477 quasdam
483 450 498 469 e
519 443 648 478 lacrymis
671 451 794 478 aquas,c
820 443 919 470 sudore
942 443 1008 469 alias

224 489 366 516 excitatas.
385 488 417 514 Et
441 488 569 523 quoniam
585 489 679 516 calida:
693 497 802 524 quoque
818 489 919 517 alicubi
933 493 1007 520 sunt,

224 539 250 562 ct
267 534 360 565 acidae,
378 534 521 560 videndum
545 541 643 568 porro,
660 535 727 569 quid
743 543 826 570 agens
843 535 899 566 illa,
921 542 1008 570 quave

223 588 255 607 ex
273 586 348 614 parte
374 579 525 606 istiusmodi
542 587 627 614 aquas
650 581 812 615 profuderit.
829 581 909 608 Tales
935 581 1007 608 enim

223 626 403 660 quaestionum
419 634 506 659 nugm,
519 627 591 652 velut
604 626 757 660 dignissimi
774 627 888 660 fructus,
901 627 1008 654 illorum

224 673 341 700 inventis
357 672 579 706 argunientisque
594 676 758 707 congruunt.

260 716 313 743 Sed
346 721 374 742 ut
392 715 424 742 ad
441 715 551 742 Matrem
569 716 656 750 ipsam
673 716 792 749 redeam,
808 716 909 749 ferunt,
924 717 1008 748 illam,

224 770 286 789 cum
304 762 359 796 jam
384 762 473 788 omnia
488 762 722 796 perturbationum
738 770 837 793 genera
857 764 1010 798 percurris-

225 811 276 837 set,
297 814 367 841 aegre
385 807 492 833 tandem
516 814 649 833 emersam
666 807 698 833 ad
722 807 787 834 illud
813 808 914 841 lumen,
926 815 942 834 a
957 816 1010 842 quo

1056 217 1123 243 ἄλλα
1138 217 1239 252 γλυκέα
1256 216 1339 244 ὕδατα
1354 217 1479 253 ὑπάρχει.
1496 216 1546 252 τὴν
1557 217 1661 250 γένεσιν
1675 217 1711 253 μὴ
1724 218 1848 254 ὲσχηκέὲ

1056 271 1100 289 ναι
1122 263 1175 289 ἀπὸ
1198 263 1251 289 τῶν
1272 262 1395 297 δακρύων
1417 262 1512 296 αὐτῆς.
1534 262 1675 289 Ἀπίθανον
1691 263 1754 299 γὰρ,
1777 265 1848 298 μιᾶς

1056 307 1197 342 ποιότητος
1212 307 1294 342 οζσης
1309 307 1364 333 τῶν
1385 307 1518 342 δακρύων,
1536 307 1570 334 τὰ
1596 307 1644 342 μὲν
1667 308 1786 344 ἁλμυρὰ,
1810 309 1850 335 τὰ

1056 353 1084 379 δὲ
1097 353 1199 387 γλυκέα
1216 353 1299 379 ὕδατα
1310 352 1339 385 ἐξ
1353 353 1442 379 αὐτῶν
1457 352 1605 388 προελθεῖν.
1625 353 1708 380 Τοῦτο
1719 354 1747 380 δὲ
1759 354 1848 380 πιθα.

1057 399 1182 434 νώτερυν,
1198 399 1232 425 τὰ
1254 399 1303 434 μὲν
1318 396 1386 424 εἶναι
1406 398 1459 424 ἀπὸ
1473 398 1528 425 τῶν
1545 398 1680 433 δακρύων,
1696 399 1730 426 τὰ
1747 400 1775 426 δὲ
1788 400 1849 426 ἀπὸ

1056 445 1111 471 τῶν
1133 445 1260 480 ἱδρώτων.
1280 444 1388 480 Ἐπειδὴ
1401 445 1409 459 ¹
1423 444 1468 470 καὶ
1491 444 1579 480 θερμὰ
1600 445 1646 471 καὶ
1660 445 1758 480 δριμέα
1782 445 1849 472 τινὰ

1058 491 1141 518 ’ὕδατά
1151 492 1223 516 ἐστιν
1234 492 1262 517 ἐν
1272 491 1311 526 τῷ
1319 490 1423 525 κόσμῳ,
1436 491 1505 516 νοεῖν
1516 490 1644 524 ὀφείλεις,
1655 490 1682 516 τί
1695 491 1847 526 ποιήσασα,

1058 537 1105 563 καὶ
1126 538 1157 563 ὲκ
1181 537 1257 563 ποίου
1282 537 1374 572 μορίου
1399 537 1538 571 προήκατο
1562 536 1657 563 ταῦτα.
1682 537 1849 572 ’Δρμόζουσι

1058 584 1112 619 γὰρ
1122 583 1236 610 τοιοῦτοι
1251 583 1352 619 καρποὶ
1364 583 1398 618 τῇ
1412 582 1537 609 ὑποθέσει
1550 582 1650 610 αὐτῶν.

1094 717 1272 745 Διοδεύσασαν
1287 715 1334 744 οὖν
1357 718 1411 744 πᾶν
1434 717 1519 750 πάθος
1536 717 1585 753 τὴν
1606 718 1721 753 Μητέρα
1741 718 1848 750 αὑτῷνς

1060 763 1108 790 καὶ
1125 763 1203 797 μόγις
1226 761 1433 797 ὑπερκύψασαν,
1452 763 1498 788 ἐπὶ
1519 762 1621 788 ἱκεσίαν
1642 763 1781 797 τραπῆναι
1797 763 1849 789 τοῦ

1061 807 1255 838 καταλιπόντος
1277 806 1362 842 αὐτὴν
1384 807 1481 841 φωτὸς,
1505 807 1626 833 τουτέστι
1648 808 1693 833 τοῦ
1715 808 1848 843 Χριστοῦ,

224 852 353 879 destituta
370 851 465 882 fuerat,
481 852 650 879 exorandqu
667 861 728 880 sese
743 855 920 885 convertisse,
937 854 1012 881 vidc-

1066 854 1193 887 λέγουσιν.
1213 854 1271 885 Ὃς,
1294 852 1412 879 ἀνελθὼν
1428 853 1477 888 μὲν
1496 853 1536 884 είς
1553 853 1582 879 τὸ
1604 853 1749 889 πλήρωμα,
1765 854 1850 886 αὐτὸς

225 899 288 932 licet
299 898 447 925 Christum.
462 898 486 925 Is
505 898 531 924 in
560 898 678 932 plcroma
701 900 898 931 conscendens,
913 907 945 926 ac
964 900 1011 927 de-

225 929 355 971 ;cendere
369 943 426 978 ipse
442 943 530 970 denuo
550 949 689 977 gravatus.
709 945 841 971 vicarium
865 945 917 972 sibi
931 945 1010 971 Para-

226 990 324 1017 cletmn
344 989 481 1022 submisit,
499 998 579 1024 quem
595 996 621 1017 et
638 991 805 1018 Salvatorem
817 996 932 1024 vocant;
949 999 1010 1018 cum

225 1036 316 1063 omnis
344 1035 371 1062 in
398 1035 486 1070 ipsum
509 1035 549 1062 vis
572 1041 644 1062 esset
666 1040 806 1070 congesta,
832 1044 1013 1070 universaque

225 1082 347 1117 ejusdem
369 1081 497 1116 potestati
513 1088 567 1106 tam
589 1089 603 1108 a
619 1081 708 1112 Patre,
727 1089 808 1116 quam
825 1082 858 1109 ab
879 1082 1013 1110 Aionibus

225 1128 381 1159 commissa,
394 1131 422 1158 ut
439 1135 485 1161 per
498 1127 585 1161 ipsum
601 1131 655 1153 tam
669 1135 728 1162 qua:
744 1127 828 1154 videri
844 1128 932 1154 oculis
948 1135 1013 1162 pos—

226 1177 297 1203 sent,
313 1180 395 1206 quam
412 1179 472 1206 qua:
486 1172 571 1197 aciem
592 1166 750 1206 eﬂugcrent,
771 1172 897 1198 universa
917 1172 1014 1199 conde-

227 1222 338 1250 rentur;
352 1217 481 1243 nimirum
498 1217 600 1248 throni,
617 1217 787 1249 divinitales,
801 1217 1011 1245 dominationes.

226 1265 408 1291 Accesserunt
419 1267 446 1289 et
464 1262 604 1289 Paracleto
619 1263 734 1290 comites
748 1263 866 1298 aequales
879 1264 951 1291 illius
966 1272 1014 1290 an-

225 1310 289 1346 geli.
304 1309 344 1335 Ad
359 1309 438 1343 cujus
455 1308 599 1335 adventum
614 1308 765 1335 Achamoth
781 1309 884 1344 pudore
901 1309 1012 1344 perfusa

227 1356 309 1391 capiti
327 1356 414 1382 velum
429 1354 551 1381 obduxit.
571 1354 639 1380 Tum
655 1355 700 1382 ubi
716 1355 790 1382 illum
807 1364 868 1382 cum
881 1357 954 1383 omni
964 1364 1013 1384 suo

228 1408 360 1436 proventu
376 1403 530 1437 conspexit,
547 1410 579 1428 ex
594 1401 676 1435 hujus
691 1401 836 1436 pratsentia
854 1404 1013 1429 conlirmata

227 1446 260 1473 ad
277 1455 338 1474 eum
355 1448 484 1474 accurrit.
494 1448 517 1473 A
530 1454 584 1481 quo
598 1447 736 1473 elaborata
752 1449 779 1472 et
791 1446 878 1472 eﬂicta
890 1454 950 1473 cum
964 1446 1016 1473 for-

228 1500 298 1519 mam
316 1493 489 1527 cognitionis.
505 1496 561 1518 tum
576 1492 658 1518 animi
669 1491 825 1518 morborum
839 1493 961 1518 omnium
976 1499 1014 1518 re-

228 1538 316 1565 media
339 1539 467 1573 percepit.
485 1538 559 1570 Quos
580 1538 689 1572 quidem
715 1537 826 1564 morbos
851 1537 888 1563 ita
910 1537 954 1564 ille
973 1545 1015 1564 se—
1028 1532 1048 1559 Ο

228 1585 324 1617 crevit,
341 1589 368 1611 ut
385 1593 437 1611 non
453 1585 561 1619 penitus
573 1584 729 1618 negligeret.
746 1583 838 1618 Neque
851 1583 923 1610 enim
942 1585 1016 1611 velut

229 1631 328 1666 prioris
354 1631 426 1657 illius
449 1630 533 1656 deleri
556 1629 680 1656 funditus
703 1634 840 1664 poterant.
865 1630 936 1664 quod
965 1638 1015 1656 usu

229 1676 381 1703 conﬁrmati
398 1676 623 1710 corroboratique
636 1676 691 1710 jam
713 1676 919 1703 occalluisseut.
937 1676 1016 1710 185

230 1723 300 1757 Ergo
313 1722 373 1748 illos
382 1725 501 1749 secretos
511 1721 635 1748 confudit
643 1729 674 1747 ac
685 1721 819 1751 densavit,
831 1720 898 1747 etab
908 1727 1017 1755 experte

229 1768 352 1803 corporis
367 1767 509 1794 affectione
525 1767 553 1794 in
569 1774 728 1801 corpoream
743 1766 882 1793 materiam
903 1774 1017 1793 conver-

230 1815 274 1840 tit.
292 1813 394 1840 Deiude
417 1817 542 1839 naturam
568 1812 676 1842 indidit,
701 1812 878 1846 idoucamque
896 1811 969 1844 fecit,
989 1817 1018 1838 ut

232 1859 346 1886 conﬂari
371 1863 452 1893 atque
475 1857 616 1892 corporari
642 1860 745 1892 posset,
765 1862 930 1892 naturasque
950 1858 1018 1884 duas

230 1905 358 1937 cIIieerct,
376 1904 489 1930 alteram
510 1903 683 1930 allectionum
705 1902 813 1933 malam,
832 1903 1018 1930 conversionis

231 1953 354 1982 alteram,
368 1957 482 1984 eamque
496 1949 701 1984 perturbatione
719 1947 870 1982 praeditam.
884 1947 969 1980 Quam
984 1948 1019 1975 ob

233 2003 343 2023 causam
359 1995 502 2025 Salvatori,
518 1995 540 2022 si
563 1994 617 2021 vim
635 1993 784 2020 {unctionis
801 1993 874 2020 illius
893 1994 1019 2021 conside-

233 2050 288 2075 res,
303 2041 460 2069 Conditoris
478 2046 568 2075 partes
591 2039 756 2068 attribuunt.
782 2038 841 2066 Jam
870 2039 1018 2067 Achamoth

232 2088 266 2114 ab
282 2087 356 2114 omni
372 2086 578 2121 perturbatione
601 2085 695 2116 libera,
711 2092 774 2111 cum
802 2085 946 2116 luminum,
959 2093 1019 2119 quze

232 2140 294 2159 cum
310 2132 369 2166 ipso
387 2136 476 2164 erant,
494 2131 545 2158 hoc
560 2134 602 2158 est
613 2130 743 2157 comitum
766 2130 936 2164 angelorum,
952 2138 1019 2157 con—

233 2178 435 2213 templationem
460 2185 522 2204 cum
539 2177 640 2211 ingenti
655 2177 755 2211 gaudio
778 2176 959 2210 concepisset,
977 2180 1019 2203 at-

1064 899 1114 934 μὲν
1129 899 1213 931 εἰκὸς,
1230 899 1270 925 ὅτι
1288 898 1411 932 ὤκνησεν
1432 899 1464 925 ὲκ
1484 899 1607 933 δευτέρου
1633 899 1780 931 κατελθεῖν,
1802 900 1851 926 τὸν

1062 945 1242 980 Παράκλητον
1256 945 1284 970 δὲ
1298 943 1450 979 ἐξέπεμψεν
1465 944 1548 980 αὐτὴν
1565 945 1585 976 ³,
1600 944 1721 971 τουτέστι
1735 945 1780 971 τὸν
1793 945 1852 971 Σω-

1062 991 1142 1026 τῆρα,
1161 990 1279 1021 ἐνδόντος
1296 991 1369 1026 αὐτῷ
1384 991 1472 1017 πᾶσαν
1486 990 1535 1025 τὴν
1545 990 1658 1025 δύναμιν
1671 989 1716 1016 τοῦ
1729 991 1850 1026 Πατρὸς,

1062 1037 1108 1063 καὶ
1129 1037 1181 1062 πᾶν
1206 1036 1251 1062 ὑπ’
1267 1035 1388 1067 ἐξουσίαν
1407 1036 1583 1072 παραδόντος,
1599 1036 1646 1062 καὶ
1663 1035 1716 1062 τῶν
1738 1035 1852 1062 Αἰώνων

1062 1082 1186 1116 δεόμενος
1200 1082 1220 1113 ³,
1234 1082 1307 1113 ὅπως
1319 1083 1347 1108 ἐν
1364 1082 1437 1117 αὑτῷ
1451 1083 1485 1109 τὰ
1503 1082 1591 1109 πάντα
1605 1082 1700 1117 κτισθῇ
1714 1082 1748 1108 τὰ
1762 1081 1853 1117 ὁρατὰ

1063 1128 1109 1154 καὶ
1123 1127 1157 1154 τὰ.
1178 1128 1291 1162 ἀόρατα,
1316 1127 1416 1162 θρόνοι,
1439 1127 1575 1162 θεότητες,
1595 1128 1764 1163 κυριότητες.
1786 1128 1852 1154 Ἐκ-

1064 1172 1200 1207 πέμπεται
1220 1172 1247 1197 δὲ
1263 1172 1331 1207 πρὸς
1352 1172 1436 1207 αὐτὴν
1451 1173 1519 1207 μετὰ
1534 1173 1587 1199 τῶν
1601 1173 1751 1207 ἡλικιωτῶν
1766 1173 1852 1200 αὑτοῦ

1063 1217 1116 1243 τῶν
1136 1217 1269 1251 ἀγγέλων.
1290 1217 1346 1252 Τὴν
1362 1217 1390 1243 δὲ
1416 1217 1544 1252 Ἀχαιιὼο
1569 1218 1748 1252 ἐντραπεῖσαν
1768 1218 1852 1245 αὐτὸν

1063 1262 1180 1296 λέγουσι,
1197 1263 1303 1296 πρῶτον
1330 1262 1378 1297 μὲν
1403 1262 1533 1298 κάλυμμα
1557 1263 1696 1289 ἐπιθέσθαι
1727 1264 1758 1289 δι’
1772 1263 1851 1295 αἰδὼ,

1065 1309 1210 1344 μετέπειτα
1232 1308 1259 1335 δὲ
1284 1308 1389 1334 ἰδοῦσαν
1409 1308 1489 1335 αὐτὸν
1503 1309 1550 1335 σὺν
1572 1308 1619 1345 ὅλῃ
1635 1311 1667 1344 τῇ
1678 1309 1853 1345 καρποφορίᾳ.

1064 1354 1157 1384 αὐτοῦ.
1179 1354 1363 1390 προσδραμεῖν
1377 1354 1459 1389 αὐτῷ,
1475 1354 1589 1390 δύναμιν
1606 1355 1739 1381 λαϐοῦσαν
1751 1356 1783 1380 ὲκ
1803 1355 1853 1390 τῆς

1064 1401 1223 1434 ἐπιφανείας
1249 1400 1341 1427 αὑτοῦ.
1362 1401 1493 1427 Κάκεῖνον
1518 1401 1660 1435 μορφῶσαι
1684 1400 1768 1435 αὐτὴν
1785 1399 1852 1435 μόρ-

1064 1455 1148 1480 φωσιν
1162 1446 1209 1480 τὴν
1223 1445 1293 1472 κατὰ
1303 1446 1412 1479 γνῶσιν,
1430 1446 1476 1472 καὶ
1489 1445 1561 1472 ἴασιν
1574 1445 1627 1472 τῶν
1639 1446 1732 1472 παθῶν
1743 1446 1855 1481 ποιήσα-

1065 1492 1126 1518 σθαι
1147 1492 1241 1526 αὐτῆς.
1267 1491 1428 1527 Χωρίσαντα
1451 1492 1473 1518 δ’
1489 1491 1558 1518 αὐτὰ
1575 1491 1669 1526 αὐτῆς,
1695 1492 1730 1526 μὴ
1750 1491 1854 1526 ἀμελή-

1066 1546 1149 1563 σαντα
1162 1537 1190 1563 δὲ
1205 1536 1293 1564 αὐτῶν
1305 1544 1310 1550 ·
1332 1537 1363 1562 οὐ
1375 1537 1428 1572 γὰρ
1439 1534 1472 1571 ἦν
1494 1537 1595 1563 δυνατὰ
1608 1536 1797 1570 ἀφανισθῆναι,
1815 1536 1853 1567 ὡς

1065 1584 1099 1610 τὰ
1113 1583 1162 1617 τῆς
1177 1583 1322 1619 προτέρας,
1338 1582 1382 1609 διὰ
1392 1583 1421 1609 τὸ
1432 1583 1528 1610 ὲκτικὰ
1539 1582 1589 1617 ἤδη
1602 1583 1649 1609 καὶ
1662 1581 1761 1608 δυνατὰ
1772 1580 1851 1608 εἶναι·

1065 1628 1132 1654 ἀλλὰ
1151 1629 1335 1664 ἀποκρίναντα
1351 1630 1469 1664 χωρήσει
1489 1628 1536 1654 τοῦ
1552 1627 1684 1663 συγχέαι⁸
1697 1629 1742 1654 καὶ
1759 1628 1853 1662 πῆξαι,

1065 1674 1112 1700 καὶ
1136 1673 1165 1706 ἐξ
1183 1674 1328 1708 ἀσωμάτου
1352 1673 1453 1705 πάθους
1475 1674 1514 1704 εἰς
1535 1673 1703 1708 ἀσώματον⁵
1718 1674 1766 1708 τὴν
1787 1673 1854 1708 ὓλην

1068 1720 1229 1754 μεταϐαλεῖν
1248 1720 1326 1746 αὑτά.
1342 1718 1399 1746 Εἶθ’
1415 1719 1500 1750 οὕτως
1517 1719 1722 1754 ἐπιτηδειότητα
1738 1719 1784 1746 καὶ
1805 1719 1854 1753 φύ-

1068 1774 1110 1791 σιν
1127 1766 1342 1800 ἐμπεποιηκέναι
1355 1766 1455 1797 αὐτοῖς,
1477 1765 1546 1791 ὥστε
1562 1767 1601 1797 είς
1622 1766 1792 1801 συγκρίματα
1808 1765 1854 1792 καὶ

1069 1811 1181 1845 σώματα
1207 1812 1293 1838 ἐλθεῖν
1318 1812 1385 1847 προς
1409 1812 1439 1837 τὸ
1464 1811 1589 1845 γενέσθαι
1611 1811 1656 1838 δύο
1680 1811 1782 1845 οὐσίας,
1803 1812 1854 1846 τὴν

1069 1857 1173 1891 φαύλην
1193 1857 1246 1883 τῶν
1261 1857 1364 1889 παθῶν,
1377 1858 1426 1893 τήν
1438 1865 1468 1883 τε
1489 1857 1539 1891 τῆς
1554 1858 1720 1892 ἐπιστροφῆς
1733 1857 1853 1892 ἐμπαθῆ.

1070 1903 1125 1928 Καὶ
1140 1902 1184 1929 διὰ
1199 1903 1277 1929 τοῦτο
1288 1903 1400 1938 δυνάμει
1416 1902 1461 1929 τὸν
1475 1903 1589 1938 Σωτῆρα
1599 1903 1853 1939 δεδεμιουργηκέναι

1070 1949 1220 1983 φάσκουσι·
1237 1951 1285 1985 τήν
1299 1958 1328 1975 τε
1350 1950 1477 1985 ’Λχαμὼθ
1493 1950 1569 1981 ἐκτὸς
1584 1949 1685 1981 πάθους
1696 1950 1852 1985 γενομένην,

1069 1995 1115 2021 καὶ
1130 1995 1315 2022 συλλαῦοῦσαν
1330 1996 1362 2031 τῇ
1379 1997 1450 2031 χαρᾷ
1463 1997 1516 2022 τῶν
1533 1998 1562 2022 ὲν
1580 1996 1654 2030 αὺτῷ
1670 1995 1680 2010 ⁸
1698 1995 1792 2030 φώτων
1807 1995 1854 2030 τὴν

1070 2039 1195 2074 θεωρίαν,
1211 2040 1334 2067 τουτέστι
1349 2040 1403 2067 τῶν
1418 2041 1540 2075 ἀγγέλων
1559 2041 1613 2067 τῶν
1629 2041 1686 2076 μετ’
1701 2040 1793 2073 αὑτοῦ,
1808 2041 1853 2067 καὶ

1069 2086 1272 2121 ὲγκισσὴσασαν
1289 2087 1399 2118 αὐτοὺς,
1417 2088 1581 2122 κεκυηκέναι
1593 2088 1714 2122 καρποὺς
1726 2087 1796 2113 κατὰ
1806 2087 1853 2121 τὴν

1070 2132 1161 2158 εἰκόνα
1173 2133 1338 2166 διδάσκουσι,
1353 2133 1447 2168 κύημα
1460 2134 1641 2168 πνευματικὸν
1656 2134 1716 2160 καθ’
1729 2133 1853 2168 ὁμοίωσιν

1070 2177 1218 2210 γεγονότως
1236 2178 1245 2192 ⁷
1263 2178 1316 2204 τῶν
1331 2177 1486 2214 δορυφόρων
1502 2178 1548 2204 τοῦ
1569 2179 1694 2214 Σωτῆρος

233 2232 287 2258 que
302 2223 334 2250 ad
360 2223 468 2250 illorum
490 2221 716 2249 consuetudinem
731 2221 890 2251 exarsisset,
902 2220 935 2246 ad
963 2228 1056 2247 eorum
1074 2222 1213 2256 exemplar
1235 2221 1319 2249 fetum
1338 2223 1432 2249 nescio
1451 2230 1531 2257 quem
1553 2223 1701 2257 spiritalem
1719 2223 1853 2257 parturiit,

234 2270 279 2304 qui
297 2269 330 2295 ad
358 2269 521 2302 stipatorum
546 2266 694 2294 Salvatoris
720 2270 793 2294 esset
815 2258 1021 2292 similitudinem
1038 2273 1197 2302 expressus.

268 2325 360 2353 XVIII.
384 2326 565 2359 Quamobrem
587 2325 683 2360 triplici
701 2326 757 2359 jam
782 2325 932 2352 substantia
951 2332 1017 2351 con-
1033 2329 1054 2356 υ

234 2373 337 2404 stituta,
356 2372 442 2406 prima
462 2380 521 2406 qua:
545 2379 578 2398 ex
606 2371 808 2406 perturbatione
832 2371 942 2406 prodiit.
962 2378 1022 2405 qua:

233 2422 276 2445 est
307 2418 444 2451 materia;
484 2417 604 2445 secunda
643 2425 675 2444 ex
717 2417 912 2448 conversione.
950 2416 1022 2451 quod

233 2467 276 2491 est
299 2463 472 2495 animalium;
496 2463 575 2490 tertia
601 2462 734 2497 spiritali,
757 2471 836 2497 quam
859 2466 1021 2497 postremam

234 2510 359 2545 peperit,
391 2514 447 2535 tum
478 2517 507 2536 se
533 2509 649 2543 denique
680 2508 713 2535 ad
749 2509 842 2535 eadem
874 2508 1020 2542 ellingenda

234 2556 358 2583 contulit.
384 2554 543 2589 Quanquam
573 2555 645 2590 quod
671 2554 792 2589 spiritale
823 2560 900 2586 erat,
930 2559 1022 2588 utpote

234 2602 355 2630 eiusdem
379 2609 440 2628 eum
465 2602 522 2635 ipsa
548 2606 670 2633 naturae,
696 2601 811 2636 ﬁgurare
835 2601 944 2628 minime
972 2609 1021 2635 po-

236 2649 296 2675 tuit.
320 2647 396 2675 Unde
416 2655 445 2675 se
463 2648 607 2674 animatam
632 2648 665 2674 ad
685 2648 883 2678 substantiam,
903 2654 963 2681 qua:
988 2655 1020 2673 ex

235 2694 321 2730 Ipsius
341 2694 520 2721 conversione
543 2693 664 2728 profecta
688 2694 792 2727 fuerat,
818 2693 1020 2729 perpoliendam

1105 2326 1158 2353 IH'.
1176 2325 1264 2361 Τριῶν
1279 2323 1324 2352 οὖν
1343 2326 1393 2361 ἤδη
1412 2325 1512 2352 τούτων
1528 2325 1715 2361 ὑποκειμένων
1730 2326 1792 2353 κατ’
1807 2328 1854 2353 αὑ-

1074 2371 1145 2403 τοὺς,
1162 2370 1209 2397 τοῦ
1228 2371 1276 2405 μὲν
1290 2371 1321 2397 ἐκ
1342 2370 1388 2396 τοῦ
1411 2371 1522 2402 πάθους,
1547 2370 1561 2396 ὃ
1583 2368 1616 2405 ἦν
1637 2370 1685 2405 ὕλη
1697 2378 1703 2385 '
1724 2370 1771 2396 τοῦ
1786 2371 1813 2397 δὲ
1825 2372 1854 2397 ἐκ

1075 2417 1124 2451 τῆς
1137 2416 1312 2451 ἐπιστροφῆς,
1324 2416 1338 2442 ὃ
1351 2414 1384 2451 ἦν
1400 2416 1429 2442 τὸ
1440 2415 1570 2450 ψυχικόν·
1582 2416 1628 2442 τοῦ
1639 2416 1666 2442 δὲ
1679 2415 1692 2442 ὃ
1708 2416 1853 2452 ἀπεκύησε,

1075 2462 1196 2488 τουτέστι
1210 2463 1239 2488 τὺ
1252 2462 1445 2497 πνευματικὸν,
1457 2461 1543 2493 οὕτως
1561 2462 1665 2497 ἐτράπη
1678 2461 1724 2487 ἐπὶ
1735 2461 1782 2496 τὴν
1796 2462 1855 2496 μύρ-

1076 2517 1161 2543 φωσιν
1177 2508 1278 2535 αὐτῶν.
1302 2508 1381 2534 ’Λλλὰ
1401 2508 1432 2534 τὸ
1455 2508 1504 2543 μὲν
1528 2507 1711 2543 πνευματικὸν
1732 2508 1768 2543 μὴ
1783 2507 1855 2534 δεδυ-

1075 2554 1169 2590 νῆσθαι
1183 2555 1250 2590 αὐτῇ
1267 2555 1277 2570 ⁸
1296 2555 1448 2590 μορφῶσαι,
1466 2553 1559 2588 ἐπειδὴ
1578 2553 1719 2588 ὁμοούσιον
1738 2553 1854 2588 ὑπῆρχεν

1074 2601 1155 2635 αὐτῇ·
1169 2599 1318 2636 τετράφθαι
1344 2600 1372 2626 δὲ
1396 2600 1498 2635 ὲπὶτὴν
1523 2600 1663 2635 μόρφωσιν
1685 2599 1733 2634 τῆς
1749 2599 1853 2633 γενομέ-

1077 2656 1129 2681 μης
1143 2648 1175 2672 ὲκ
1189 2647 1237 2682 τῆς
1253 2647 1419 2681 ἐπιστροφῆς
1443 2647 1527 2682 αὐτῆς
1543 2645 1661 2680 ψυχικῆς
1674 2645 1778 2675 οὐσίας,
1796 2653 1854 2680 προ-

1075 2691 1166 2718 ϐαλεῖν
1185 2700 1215 2717 τε
1237 2690 1271 2717 τὰ
1294 2690 1369 2727 παρὰ
1389 2691 1435 2718 τοῦ
1466 2691 1590 2726 Σωτῆρος
1617 2690 1773 2726 μαθήματα.
1805 2690 1852 2716 Καὶ

274 2783 282 2824 ξ
299 2783 493 2824 Ιτεηηὲπεὶὶὲί.
513 2795 515 2797 ·
534 2785 548 2824 '_
607 2784 684 2818 αὐτῇ.
721 2783 731 2798 ³
742 2782 783 2824 .Ir.
801 2782 953 2824 δξ-ῥμοὶως,
969 2788 1014 2815 pro

1068 2780 1172 2817 όμενος.
1212 2781 1222 2796 ⁵
1242 2779 1271 2807 F.
1294 2780 1377 2816 χωρὶς
1408 2779 1528 2815 συγχέαι.
1568 2778 1662 2806 l‘Iren.
1693 2777 1852 2813 ὲνσώματον.

239 2818 250 2834 ⁸
267 2818 336 2845 Iren.
353 2819 401 2845 σὺν
417 2818 500 2853 αὐτῷ.
540 2818 548 2833 ⁷
567 2818 636 2846 It'cn.
655 2817 775 2852 γεγονός.
813 2818 822 2833 ⁸
838 2817 867 2844 F.
883 2817 976 2851 αὑτήν.
