1961 3046
173 165 227 194 509

527 168 711 198 ADVERSUS
730 169 901 198 HIERESES
921 169 985 198 LIB.
1006 170 1027 197 1.
1049 169 1131 197 TOM.
1152 169 1184 198 ll.
1204 185 1238 190 —
1261 169 1396 197 IIERES.
1414 167 1507 196 XXXI.

1752 169 1805 197 510

171 223 281 258 πρῶτον
298 224 508 260 μεμορφωκέναι
528 227 612 262 αὐτὴν
627 234 659 254 εκ
673 229 722 264 τῆς
736 228 854 264 ψυχικῆς
871 228 948 254 οὐσία

1015 227 1157 258 convortit,
1174 227 1206 254 ad
1222 226 1304 261 idque
1317 233 1377 260 quae
1393 233 1408 252 a
1429 225 1569 253 Salvatore
1581 224 1681 252 tradita
1697 224 1804 252 fuerant

170 269 282 304 λέγουσι
306 270 352 297 τὸν
378 271 486 306 Πατέρα
511 273 557 299 καὶ
585 273 696 308 βασιλέα
719 274 837 305 πάντων,
857 274 911 300 τῶν
933 282 963 299 τε

169 314 322 350 ὀμοουσίων
337 317 421 352 αὐτῷ,
441 318 564 344 τουτέστι
582 318 636 345 τῶν
657 319 790 354 ψυχικῶν,
810 319 827 346 ἃ
843 319 874 354 δὴ
889 319 963 351 δεξιὰ

171 361 295 392 καλοῦσι.
315 362 428 389 καὶτῶν
444 364 476 389 ὲκ
493 364 539 390 τοῦ
557 365 660 396 πάθους
678 366 725 392 καὶ
741 366 790 401 τῆς
809 365 883 399 ὕλης,
897 365 914 392 ἃ
931 364 962 400 δὴ

170 407 303 442 ἀριστερὰ
328 408 449 435 καλοῦσι.
474 409 565 436 Πάντα
587 410 640 447 γὰρ
658 411 692 437 ’τὰ
706 412 765 438 κατ’
789 411 869 438 αὑτὸν
882 411 889 425 ¹
909 411 962 444 φά-

172 459 266 480 σκουσι
292 455 520 490 μεμορφωκὲναι,
546 456 696 491 λεληθότως
727 457 884 492 κινούμενον
910 457 962 484 ὑπὸ

169 509 182 524 ἰ
199 508 221 529 ις
237 500 357 535 Μητρὸς,
373 501 432 527 ὅθεν
447 502 493 528 καὶ
515 503 727 538 Μητροπάτορα,
748 504 794 530 καὶ
815 503 960 538 Ἀπάτορα.

170 545 217 570 καὶ
237 546 405 581 Δημιουργὸν
431 547 529 579 αὐτὸν,
552 550 600 575 καὶ
622 549 730 584 Πατέρα
755 549 881 576 καλοῦσι·
907 548 961 574 τῶν

170 590 221 624 μὲν
243 590 337 623 δεξιῶν
362 593 468 628 πατέρα
491 594 616 628 λέγοντες
644 595 735 628 αὑτὸν,
760 595 882 621 τουτέστι
906 594 961 621 τῶν

168 636 303 670 ψυχικῶν,
314 637 368 664 τῶν
379 638 407 664 δὲ
420 639 582 675 ἀριστερῶν,
596 641 718 667 τουτέστι
730 640 783 667 τῶν
797 640 960 675 ὑλικῶν,δη-

169 681 308 715 μιουργὸν.
323 682 487 717 συμπάντων
503 684 531 710 δὲ
544 684 665 719 βασιλέα.
679 685 733 720 Τὴν
753 685 807 721 γὰρ
828 684 960 719 Ἐνθύμη-

168 734 210 752 σιν
231 727 343 762 ταύτην,
361 728 535 764 βουληθεῖσαν
555 731 595 761 εἰς
614 730 695 766 τιμὴν
724 730 778 756 τῶν
796 729 905 756 Λίὡνων
925 730 959 757 τὰ

167 771 257 798 πάντα
273 773 394 807 ποιῆσαι,
411 775 516 807 εἰκόνας
536 775 643 810 λέγουσι
662 776 840 810 πεποιηκέναι
860 775 958 807 αὐτῶν,

168 816 269 850 μᾶλλον
289 817 316 843 δὲ
337 817 381 844 τὸν
402 819 516 854 Σωτῆρα
541 821 573 846 δι’
592 821 685 856 αὐτῆς,
702 820 749 847 καὶ
768 819 851 855 αὐτὴν
871 820 919 854 μὲν
931 822 958 846 εν

165 861 251 888 εἰκόνι
264 863 311 889 τοῦ
327 865 442 900 ἀοράτου
461 866 567 901 Πατρὸς
582 866 760 902 τετηρηκέναι
775 867 811 901 μὴ
825 875 958 900 γινωσκο-

1014 273 1175 300 documenta
1192 273 1342 300 transtulit.
1363 272 1402 299 Ac
1421 271 1538 306 primum
1558 275 1669 298 narrant
1693 279 1725 298 ex
1745 271 1804 298 ani-

1014 323 1086 345 mata
1101 319 1254 345 substantia
1270 318 1414 344 formatum
1433 317 1465 343 ab
1479 317 1522 344 illa
1535 316 1640 343 Patrem
1655 324 1686 343 ac
1702 316 1802 351 Regem

1013 365 1146 394 omnium.
1162 369 1215 390 tam
1233 372 1327 390 eorum
1345 363 1460 394 scilicet,
1473 371 1533 397 qua
1553 363 1646 390 eadem
1663 370 1724 388 eum
1744 362 1803 396 ipso

1013 415 1111 436 natura
1138 414 1276 442 constant,
1307 409 1358 436 hoc
1388 413 1430 436 est
1460 408 1651 440 animatorum,
1674 416 1733 442 qua:
1765 407 1803 434 illi

1012 455 1107 482 dextra
1129 459 1300 490 nuncupant,
1322 462 1403 489 quam
1426 462 1520 481 eorum
1539 462 1599 488 quae
1617 462 1648 480 ex
1662 453 1804 480 aﬂectione

1013 506 1044 525 ac
1074 500 1185 526 materia
1219 505 1439 534 componuntur,
1465 507 1525 534 quae
1555 499 1665 526 sinislra
1694 501 1802 524 vocant.

1012 543 1078 570 Nam
1095 546 1233 576 universa,
1249 554 1310 580 qua:
1332 550 1392 580 post
1411 546 1499 580 ipsum
1524 545 1699 575 exstiterunt,
1714 544 1748 570 ab
1771 552 1803 571 eo

1011 590 1105 617 (licunt
1119 590 1216 621 ellieta,
1233 599 1294 617 cum
1311 600 1324 617 a
1343 591 1425 618 Matre
1439 591 1520 618 tacite
1530 591 1562 617 ad
1577 591 1601 617 id
1613 594 1685 618 esset
1701 591 1801 624 impul-

1012 642 1059 661 sus
1073 644 1078 660 :
1097 642 1128 661 ac
1142 639 1284 669 propterea
1302 635 1476 670 Metrnpalor,
1493 638 1520 661 et
1534 635 1646 668 Apator,
1657 637 1683 661 et
1701 633 1803 660 Condi-

1011 685 1055 707 tor
1068 689 1099 707 ac
1123 681 1224 709 Parens
1249 681 1410 716 appellatur.
1439 681 1600 707 Dextrorum
1619 680 1756 712 videlicet,
1774 679 1801 706 id

1011 730 1052 753 est
1071 726 1162 753 anima
1179 727 1365 762 prteditorum,
1385 726 1506 759 Parens;
1523 726 1702 753 Sinistrorum
1726 733 1800 758 vero.

1010 772 1062 799 hoc
1082 777 1123 799 est
1145 777 1334 799 concretorum
1357 780 1418 800 cum
1443 772 1568 803 Materia,
1590 772 1739 804 Conditor;
1768 779 1801 799 ac

1011 818 1066 844 ltex
1098 818 1205 846 demum
1234 820 1432 846 universorum.
1463 819 1601 854 Siquidem
1623 818 1800 854 Eutltymesin

1011 864 1083 890 illam
1096 863 1224 899 produnt,
1239 872 1301 891 cum
1317 865 1349 892 ad
1364 864 1482 892 Eonum
1499 865 1627 892 honorem
1643 868 1669 892 et
1686 865 1799 899 gloriam

168 907 253 942 μένην
275 909 327 936 ὑπὸ
344 910 391 936 τοῦ
409 912 591 948 Δημιουργοῦ,
608 913 702 939 τοῦτον
723 912 751 938 δὲ
773 912 819 938 τοῦ
846 919 951 946 μονογει

1007 910 1094 936 moliri
1109 910 1199 936 omnia
1223 909 1345 945 cuperet,
1366 917 1455 938 certas
1479 918 1572 938 eorum
1591 910 1722 944 imagines
1742 909 1800 937 edi-

164 952 229 985 νοῦς
244 954 320 988 Υἱοῦ,
337 956 390 982 τῶν
404 957 432 983 δὲ
445 957 545 984 λοιπῶν
561 958 670 985 Αξώνων
692 959 755 990 τοὺς
769 959 821 984 ὑπὸ
833 957 934 984 τούτων
947 958 956 972 ³

164 1001 310 1033 γεγονότας
321 1001 506 1037 ἀρχαγγέλους
518 1012 547 1030 τε
564 1005 610 1030 καὶ
620 1005 761 1038 ἀγγέλους.

1010 956 1094 986 disse,
1107 956 1146 983 vel
1172 964 1218 990 per
1238 957 1323 991 ipsam
1344 957 1435 990 potius
1463 956 1488 983 id
1511 957 1597 991 egisse
1619 955 1798 988 Salvatorem,

1011 1001 1132 1036 adeoque
1147 1001 1219 1027 illam
1237 1001 1263 1028 in
1277 1002 1362 1036 elligie
1380 1001 1470 1029 Patris
1488 1002 1533 1036 qui
1549 1002 1690 1029 oculorum
1710 1002 1797 1029 visum

163 1046 268 1082 elTugit,
284 1049 439 1081 retirmisse,
464 1055 492 1077 ut
510 1058 569 1078 eam
587 1052 698 1078 minime
719 1051 852 1078 Conditor
883 1052 1075 1084 cognosceret;
1110 1047 1182 1074 hune
1201 1055 1264 1074 vero
1285 1047 1318 1074 ad
1346 1048 1469 1082 unigena:
1486 1047 1545 1074 Filii
1563 1058 1570 1074 :
1588 1048 1620 1074 ad
1639 1052 1797 1075 czeterorum

164 1094 283 1122 [Bonum
301 1097 517 1131 similitudinem,
536 1099 622 1126 factos
642 1100 676 1127 ab
695 1100 727 1126 iis
742 1099 822 1134 186
841 1097 1020 1132 archangelos
1037 1096 1202 1130 angelusque
1217 1096 1362 1129 prodiisse.

199 1141 309 1177 Πατέρα
320 1141 365 1170 οὖν
381 1144 427 1170 καὶ
439 1144 503 1171 Θεὸν
521 1145 644 1179 λέγουσιν
656 1146 736 1172 αὑτὸν
749 1145 888 1179 γεγονέναι
899 1143 953 1170 τῶν

162 1186 241 1218 ἐκτὸς
253 1187 299 1213 τοῦ
316 1188 505 1224 πληρώματος,
530 1191 645 1226 ποιητὴν
666 1191 729 1218 ὄντα
752 1192 860 1218 πάντων
874 1191 953 1225 ψυχι-

162 1231 218 1258 κῶν
231 1241 261 1258 τε
275 1234 322 1260 καὶ
340 1235 449 1262 ὑλικῶν.
465 1236 644 1272 Διακρίναντα
659 1239 713 1273 γὰρ
732 1236 782 1269 τὰς
802 1237 848 1263 δύο
862 1236 954 1267 οὐσίας

164 1279 379 1314 συγκεχυμένας,
400 1282 446 1308 καὶ
466 1281 495 1314 ἐξ
511 1283 663 1317 ἀσωμάτων
683 1283 954 1318 σωματοποιήσαντα,

160 1323 423 1360 δεδημιουργηκέναι
440 1327 475 1354 τά
493 1337 522 1354 τε
544 1329 656 1364 οὐράνια
673 1330 720 1356 καὶ
739 1329 772 1356 τὰ
794 1330 885 1364 γήϊνα,
905 1329 953 1356 καὶ

161 1371 301 1403 γεγονέναι
319 1371 418 1399 ὑλικῶν
442 1374 488 1400 καὶ
507 1374 639 1410 ψυχικῶν,
663 1375 758 1408 δεξιῶν
778 1376 824 1402 καὶ
845 1376 952 1410 ἀριστε-

163 1415 216 1449 ρῶν
229 1415 404 1453 δημιουργὸν,
421 1419 529 1454 κούφων
546 1421 593 1447 καὶ
609 1422 725 1457 βαρέων,
744 1422 890 1457 ἀνωφερῶν
905 1423 952 1449 καὶ

161 1463 336 1502 κατωςςερῶν.
365 1465 451 1492 Ἑπτὰ
478 1466 533 1502 γὰρ
555 1467 686 1502 οὐρανοὺς
711 1469 949 1500 κατεσκευακέναι,

160 1501 198 1530 ὧν
223 1507 314 1534 ἐπάνω
339 1509 384 1535 τὸν
410 1511 578 1547 Δημιουργὺν
604 1510 672 1538 εἶναι
694 1512 815 1547 λέγουσι·
839 1514 885 1540 καὶ
906 1513 950 1540 διὰ

1042 1141 1224 1173 Quamobrem
1236 1141 1342 1168 Patrem
1359 1141 1433 1168 illum
1449 1148 1481 1168 ac
1496 1140 1578 1168 Deum
1594 1141 1715 1168 omnium
1730 1149 1799 1168 eon-

1007 1186 1135 1218 stituunt,
1152 1194 1211 1220 qum
1235 1190 1311 1213 extra
1329 1187 1447 1220 pleroma
1465 1187 1643 1218 collocantur,
1661 1189 1798 1213 ontnium-

1006 1240 1059 1266 que
1074 1232 1164 1259 itidem
1178 1232 1268 1259 anima
1280 1232 1320 1259 vel
1335 1233 1446 1259 materia
1461 1233 1644 1267 prmllitorutn.
1661 1232 1710 1259 Ubi
1724 1234 1796 1260 enim

1007 1277 1075 1304 duas
1086 1278 1146 1305 illas
1158 1283 1268 1305 naturas
1283 1278 1353 1305 inter
1369 1286 1428 1306 sese
1441 1280 1570 1306 confusas
1583 1287 1615 1305 ae
1627 1279 1797 1313 promiscuos

1008 1324 1399 1359 segregavit,corporibusque
1422 1329 1547 1352 carentes
1564 1325 1667 1359 redegit
1689 1326 1714 1351 in
1735 1333 1796 1351 cor—

1003 1378 1088 1405 pora;
1104 1375 1161 1397 tum
1177 1371 1285 1398 demum
1299 1371 1420 1397 cmlestia
1434 1371 1533 1406 pariter
1555 1379 1586 1397 ac
1605 1375 1712 1398 terrena
1730 1379 1796 1398 con-

1002 1416 1116 1447 didisse,
1129 1423 1160 1442 ac
1183 1416 1363 1443 materialium
1384 1421 1410 1444 et
1431 1417 1623 1446 animalornm.
1636 1417 1794 1445 dextrorunt

1002 1467 1034 1486 ac
1049 1460 1235 1492 sinistrarum,
1253 1461 1351 1488 levium
1371 1468 1403 1487 ac
1414 1460 1547 1496 gravium,
1564 1468 1658 1488 eorum
1678 1462 1795 1496 denique

1001 1514 1061 1540 quae
1074 1514 1183 1533 sursum
1206 1510 1253 1532 aut
1279 1506 1406 1534 deorsum
1432 1506 1555 1534 feruntur
1573 1507 1696 1542 opiﬁcem
1709 1509 1795 1535 exsti-

159 1552 239 1578 τοῦτο
255 1554 402 1589 Ἐὁδομάδα
421 1557 547 1584 καλοῦσιν
564 1558 655 1588 αὑτὸν,
666 1559 714 1592 τὴν
736 1559 764 1584 δὲ
785 1559 890 1594 μητέρα
903 1559 951 1595 τὴν

1004 1551 1080 1578 lisse.
1101 1550 1235 1586 Septenos
1250 1552 1350 1587 quippe
1373 1552 1500 1580 caelestes
1522 1553 1604 1580 orbes
1624 1552 1792 1581 fabricasse:

166 1599 293 1634 ’Δχαμὼθ
314 1601 453 1634 Ὀγδοάδα,
480 1600 674 1635 ἀποσώζουσαν
698 1605 742 1630 τὸν
763 1605 878 1640 ἀριθμὸν
901 1606 948 1632 τοῦ

158 1644 307 1679 ἀρχεγὸνου
323 1646 344 1677 ³,
363 1648 410 1673 καὶ
430 1649 482 1683 πρὸ
503 1649 553 1684 τῆς
574 1650 620 1676 τοῦ
641 1650 822 1686 πληρώματος
840 1651 950 1685 ὐγδοά-

158 1688 214 1720 δος.
230 1691 299 1722 Τοὺς
309 1691 337 1718 δὲ
348 1692 417 1719 ἑπτὰ
429 1694 559 1730 οὐρανοὺς
570 1696 580 1711 ’⁵
594 1696 643 1722 οὐκ
654 1695 721 1722 εἶναι
733 1696 842 1732 νοητούς
857 1705 948 1731 φασιν.

146 1730 150 1734 ’
165 1734 311 1769 Ἂγγέλους
325 1737 353 1763 δὲ
367 1738 465 1770 αὐτοὺς
474 1740 658 1773 ὑποτίθενται,
670 1741 770 1768 καὶτὸν
780 1743 949 1777 Δημιουργὺν

157 1779 188 1807 δὲ
203 1781 249 1807 καὶ
264 1782 344 1809 αὑτὸν
356 1784 470 1818 ἄγγελον
483 1786 541 1821 Θεῷ
556 1787 664 1813 ἐοικότα
676 1795 681 1801 ·
694 1787 730 1818 ὠς
743 1788 788 1813 καὶ
803 1787 848 1814 τὸν
862 1789 950 1823 παρά-

158 1825 246 1853 δεισον
266 1828 335 1862 ὑπὲρ
351 1830 441 1865 τρίτον
459 1831 570 1866 οὐρανὸν
589 1832 662 1863 δντα,
686 1834 816 1869 τέταρτον
835 1835 949 1868 ἄγγελον

159 1872 267 1907 λέγουσι
281 1874 394 1910 δυνάμει
417 1876 559 1913 ὑπάρχειν.
576 1879 622 1904 καὶ
635 1879 689 1905 ἀπὸ
706 1879 800 1906 τούτου
827 1889 852 1906 τι
876 1880 948 1915 εἰλη-

159 1918 239 1951 φέναι
264 1919 309 1946 τδν
331 1920 623 1958 Ἀδὰμδιατετριφότα
655 1924 683 1950 ὲν
707 1923 790 1959 αὐτῷ.
809 1925 899 1951 Ταῦτα
919 1925 947 1951 δὲ

158 1963 205 1988 τὸν
224 1965 393 2000 Δημιουργδν
416 1967 564 2001 φᾲσκουσιν
585 1968 632 2003 ἀφ’
650 1969 747 1995 ἑαυτοῦ
773 1970 821 2004 μὲν
843 1969 947 2005 ῲῆσθαι

159 2010 383 2042 κατασκευάζειν,
410 2014 588 2047 πεποιηκέναι
613 2013 635 2039 δ’
659 2014 730 2040 αὐτὰ
752 2015 802 2048 τῆς
821 2015 946 2050 ’Λχαμὼθ

158 2055 377 2092 προεαλλουσης·
397 2058 508 2092 οὐρανὸν
532 2060 710 2095 πεποιηκέναι
733 2061 769 2096 μὴ
797 2062 883 2088 εἰδότα
902 2062 948 2088 τὸν

157 2100 289 2135 οὖρανὸν·
313 2103 360 2128 καὶ
381 2103 521 2138 ἄνθρωπον
542 2105 710 2132 πεπλακέναι
737 2107 774 2142 μὴ
794 2107 882 2134 εἰδότα
901 2108 946 2134 τὸν

156 2146 315 2181 ἄνθρωπον
341 2149 394 2183 γῆν
411 2159 439 2176 τε
466 2150 609 2186 δεδειχέναι
637 2152 673 2188 μὴ
699 2153 878 2188 ἐπιστάμενον
899 2154 947 2190 τὴν

156 2191 217 2225 γῆν.
236 2193 290 2218 Καὶ
304 2194 349 2220 ἐπὶ
365 2195 471 2221 πάντων
485 2196 570 2228 οὕτως
581 2197 703 2231 λέγουσιν
716 2199 879 2234 ἠγνοηκέναι
897 2200 946 2226 αὐ-

1001 1606 1082 1632 supra
1096 1606 1166 1633 quos
1186 1598 1360 1626 Conditorem
1382 1600 1538 1631 collocant;
1565 1603 1646 1635 atque
1668 1601 1703 1628 ob
1724 1601 1795 1628 hanc

1001 1651 1111 1672 causam
1128 1644 1329 1671 llebdumadem
1350 1653 1412 1672 eum
1437 1646 1598 1673 nominant:
1618 1646 1657 1673 uti
1676 1651 1792 1674 matrem

1000 1689 1162 1721 Achamoth,
1179 1690 1346 1725 Ogdoadem,
1361 1699 1415 1726 quo
1427 1692 1595 1727 primigenia:
1609 1700 1640 1720 ac
1654 1693 1747 1727 primm
1760 1693 1794 1720 dc

999 1735 1149 1769 pleromate
1170 1735 1306 1771 Ogdoadis
1324 1744 1466 1764 numerum
1484 1738 1638 1765 observent.
1659 1738 1744 1765 Orbes
1760 1738 1793 1764 il-

1000 1780 1041 1807 los
1055 1788 1119 1807 vero
1141 1785 1243 1816 septem
1264 1781 1398 1816 spiritales
1416 1790 1478 1810 esse
1497 1787 1658 1813 memorant.
1671 1784 1794 1818 adeoque

999 1826 1120 1860 angelos,
1140 1829 1168 1852 ut
1184 1831 1211 1853 et
1223 1827 1398 1855 Conditorem
1413 1828 1500 1863 ipsmn
1516 1829 1640 1864 angelum
1659 1829 1702 1856 Dei
1716 1830 1793 1857 simi-

1000 1872 1051 1899 lem
1065 1872 1168 1899 faciunt
1179 1881 1186 1901 :
1198 1881 1228 1899 ac
1241 1874 1397 1908 paradisum
1407 1882 1514 1909 quoque
1527 1876 1572 1910 qui
1586 1883 1666 1910 supra
1682 1876 1793 1902 tertium

999 1919 1097 1944 omium
1111 1919 1222 1950 eminet,
1233 1925 1361 1953 quartum
1376 1922 1401 1947 vi
1417 1921 1533 1954 quadam
1551 1929 1612 1949 esse
1633 1921 1731 1948 cmlum
1744 1921 1791 1948 de<

998 1962 1114 1996 ﬁniunt,
1139 1964 1174 1991 ab
1197 1973 1284 1999 eoque
1308 1967 1430 1993 nonnihil
1457 1966 1607 1999 Adamum,
1632 1975 1694 1994 cum
1717 1968 1790 2002 apud

998 2008 1087 2042 ipsum
1101 2008 1219 2043 degeret,
1232 2011 1380 2044 accepisse.
1396 2011 1530 2039 Cmterum
1547 2012 1638 2039 omnia
1655 2013 1706 2039 ista
1719 2012 1791 2040 Coti-

997 2053 1112 2081 ditorem
1125 2059 1234 2089 putasse
1246 2056 1269 2082 vi
1285 2064 1314 2082 se
1325 2058 1433 2090 propria
1445 2065 1476 2084 ac
1485 2055 1540 2084 'sua
1555 2057 1701 2092 perfecisse
1711 2066 1717 2082 :
1728 2065 1788 2084 Cum

998 2100 1106 2127 interim
1121 2101 1270 2128 Achamoth
1288 2103 1414 2129 universa
1430 2104 1602 2138 produceret,
1615 2103 1659 2130 ille
1672 2111 1736 2130 vero
1753 2104 1790 2130 ita

997 2146 1096 2173 coelum
1122 2147 1274 2179 moliretur,
1291 2152 1320 2174 ut
1340 2149 1438 2175 malum
1461 2150 1572 2176 omnino
1593 2151 1729 2177 nesciret:
1752 2150 1788 2176 ita

997 2191 1134 2218 hominem
1155 2192 1294 2224 formaret,
1306 2198 1334 2220 ut
1346 2194 1481 2221 hominem
1495 2195 1650 2229 ignoraret:
1668 2195 1791 2229 ignarus.

155 2236 211 2262 τῶν
223 2237 234 2252 ⁵
249 2238 298 2271 τὰς
323 2239 403 2272 Ὶδέας
425 2237 462 2267 ὧν
482 2242 578 2274 ἐποίει,
596 2243 642 2270 καὶ
660 2244 743 2279 αὐτὴν
759 2244 806 2280 τὴν
821 2245 944 2280 Μητέρα.

1003 2245 1052 2272 que
1087 2242 1166 2265 terra:
1200 2239 1319 2271 demum,
1336 2244 1435 2267 terram
1454 2240 1631 2267 nihilominus
1654 2240 1789 2272 alliceret;

154 2282 241 2310 Αὑτὸν
260 2283 287 2310 δὲ
304 2285 382 2320 μόνον
393 2287 498 2322 (pacem
515 2288 602 2315 πάντα
626 2287 703 2316 εἶναι.
722 2290 815 2316 Αἱτίαν
833 2290 856 2316 δ’
872 2289 945 2326 αὐτῷ

155 2331 296 2364 γεγονέναι
315 2332 363 2367 τὴν
384 2333 496 2369 Μητέρα
514 2335 563 2369 τῆς
579 2336 693 2371 οἰήσεως
710 2336 811 2371 ταύτης
826 2336 944 2370 φάσκου-

156 2384 193 2407 σι,
207 2376 256 2411 τὴν
276 2376 346 2403 οὕτω
359 2377 534 2414 βουληοεῖταν
559 2383 724 2416 προαγαγεῖν
746 2382 836 2413 αὑτὸν,
857 2390 942 2417 κεφα-

155 2419 204 2454 λὴν
221 2421 269 2455 μὲν
284 2422 330 2448 καὶ
343 2423 430 2457 ἀρχὴν
449 2424 498 2459 τῆς
524 2425 590 2457 ἰδίας
613 2426 716 2456 οὐσίας.
735 2427 827 2462 κύριον
846 2427 874 2453 δὲ
893 2429 942 2462 τῆς

153 2467 219 2501 ὅλης
248 2469 447 2502 πραγματείας,
476 2471 583 2506 Ταύτην
617 2471 645 2498 δὲ
673 2472 722 2507 τὴν
754 2473 865 2508 Μητέρα
896 2474 943 2500 καὶ

159 2511 291 2544 Ὀγδοάδα
308 2513 433 2545 καλοῦσι,
455 2515 500 2541 καὶ
515 2516 625 2550 Σοφίαν,
638 2518 685 2543 καὶ
701 2517 764 2552 Γῆν,
780 2518 825 2544 καὶ
845 2518 944 2553 Ἰερου-

154 2557 256 2592 σαλὴμ,
283 2559 328 2584 καὶ
354 2559 430 2593 ἅγιον
459 2561 579 2596 Πνεῦμα,
597 2563 643 2589 καὶ
666 2563 768 2600 Κύριον
781 2565 942 2600 ἀρσενικῶς.

155 2603 248 2637 Ἐχειν
261 2603 289 2630 δὲ
301 2604 346 2630 τὸν
360 2605 409 2640 τῆς
430 2607 576 2642 μεσότητος
591 2609 672 2635 τόπον
693 2610 786 2645 αὐτὴν,
809 2611 855 2637 καὶ
875 2609 944 2638 εἶναι

152 2649 281 2683 ὑπεράνω
307 2651 357 2685 μὲν
379 2651 426 2678 τοῦ
447 2654 628 2690 Δημιουργοῦ,
647 2655 774 2683 ὑποκάτω
793 2656 862 2692 δὲ,ῆ
890 2657 942 2691 ἔξω

151 2693 198 2719 τοῦ
215 2694 398 2730 πληρώματος
414 2697 494 2734 μέχρι
511 2699 672 2731 συντελείας.

198 2857 286 2897 '_lren.
315 2862 373 2897 μετ’
408 2863 496 2891 αὐτόν.
551 2864 601 2891 ‘F.
621 2866 722 2894 τούτου.

198 2867 286 2888 'tren.
315 2867 373 2897 μετ’
408 2867 496 2891 αὐτόν.
551 2867 601 2891 'F.
621 2867 722 2894 τούτου.
774 2867 841 2902 ³γρ.

150 2894 243 2921 αὑτὸν.

873 2868 935 2901 τοὺς
955 2867 1129 2904 ἀρχεγόνους.

997 2288 1077 2318 atque
1093 2284 1144 2311 hoc
1158 2289 1238 2319 pacto
1253 2285 1279 2312 in
1293 2286 1366 2312 omni
1386 2293 1476 2313 rerum
1497 2294 1596 2320 genere
1614 2293 1707 2314 eorum
1727 2294 1790 2321 quze

995 2329 1097 2356 faceret
1109 2329 1195 2361 ldeas,
1206 2331 1347 2366 ipsamque
1359 2332 1426 2359 adeo
1439 2332 1550 2359 Matrem
1565 2333 1675 2360 minime
1685 2340 1788 2368 cogno—

995 2375 1082 2408 visse;
1095 2383 1124 2402 se
1137 2384 1201 2402 vero
1216 2385 1299 2403 unum
1315 2378 1457 2412 complecti
1468 2378 1558 2405 omnia
1570 2386 1729 2413 persuasum
1742 2380 1789 2406 ha-

994 2421 1095 2448 buisse.
1111 2421 1196 2456 Cujus
1212 2422 1249 2449 illi
1265 2423 1427 2458 arrogantiae
1438 2431 1548 2451 causam
1561 2433 1574 2451 a
1594 2425 1678 2452 Matre
1692 2426 1790 2460 praebi-

993 2474 1048 2503 ‘am
1059 2467 1154 2499 fuisse,
1172 2475 1232 2502 quze
1249 2468 1299 2495 hoc
1315 2469 1389 2495 illum
1408 2470 1488 2497 modo
1501 2478 1644 2503 procreare
1658 2472 1785 2504 voluerit,

993 2516 1022 2539 ut
1038 2513 1155 2547 propria:
1163 2517 1266 2541 natura:
1276 2518 1394 2548 caputac
1405 2516 1541 2550 princeps,
1551 2516 1688 2551 totiusque
1699 2517 1788 2544 donti-

993 2567 1045 2585 nus
1062 2559 1151 2592 operis
1167 2560 1319 2587 exsisteret.
1342 2560 1470 2588 Eamdem
1494 2563 1606 2597 insuper
1625 2562 1736 2589 Matrem
1760 2568 1788 2591 et

993 2604 1147 2640 Ogdoadem
1175 2609 1282 2638 vocant,
1310 2610 1337 2633 et
1365 2606 1542 2642 Sapientiam,
1565 2613 1593 2636 et
1620 2608 1743 2640 Terram,
1761 2615 1788 2637 et

995 2649 1175 2683 Hierusalem,
1190 2656 1216 2679 et
1232 2651 1363 2686 Spiritmn
1379 2659 1513 2685 sanctum,
1529 2658 1556 2681 et
1573 2656 1727 2682 masculino
1742 2663 1786 2690 ge-

994 2705 1059 2723 nere
1072 2697 1224 2725 Dominum.
1242 2698 1292 2726 Cui
1308 2699 1334 2726 in
1353 2699 1442 2727 media
1460 2701 1570 2735 regione
1584 2701 1729 2728 stationem
1743 2705 1786 2727 at-

996 2743 1129 2774 tribuunt,
1154 2747 1182 2770 ut
1203 2744 1351 2772 Conditore
1373 2746 1553 2780 superiorem,
1578 2747 1619 2774 sic
1640 2747 1726 2778 infra,
1744 2747 1786 2774 vel

993 2793 1070 2815 extra
1083 2790 1204 2824 pleroma
1222 2790 1256 2818 ad
1278 2791 1370 2818 mundi
1391 2793 1468 2820 tinem
1487 2801 1573 2828 usque
1597 2794 1784 2820 constitutam.

1729 2872 1784 2900 'F.

1179 2869 1189 2885 ‘
1209 2869 1278 2898 lrcn.
1307 2871 1438 2906 οὐρανοὺς
1467 2871 1535 2899 εἶναι
1563 2872 1683 2907 νοητούς.
