  <div class='ocr_page' id='page_1' title='image "/cluster/home/n/w/nwhite01/storage/ocr_20150623/41/njp.32101007805813/281.png"; bbox 0 0 1961 3046; ppageno 0'>
   <div class='ocr_carea' id='block_1_1' title="bbox 237 145 286 172">
    <p class='ocr_par' dir='ltr' id='par_1_1' title="bbox 237 145 286 172">
     <span class='ocr_line' id='line_1_1' title="bbox 237 145 286 172; baseline 0 0"><span class='ocrx_word' id='word_1_1' title='bbox 237 145 286 172; x_wconf 85' lang='grc'><strong>511</strong></span> 
     </span>
    </p>
   </div>
   <div class='ocr_carea' id='block_1_2' title="bbox 928 148 1147 178">
    <p class='ocr_par' dir='ltr' id='par_1_2' title="bbox 928 148 1147 178">
     <span class='ocr_line' id='line_1_2' title="bbox 928 148 1147 178; baseline 0.009 -3"><span class='ocrx_word' id='word_1_2' title='bbox 928 148 949 175; x_wconf 81' lang='lat' dir='ltr'><strong>S</strong></span> <span class='ocrx_word' id='word_1_3' title='bbox 977 149 1147 178; x_wconf 76' lang='lat' dir='ltr'><strong>EPIPHANH</strong></span> 
     </span>
    </p>
   </div>
   <div class='ocr_carea' id='block_1_3' title="bbox 1814 155 1873 183">
    <p class='ocr_par' dir='ltr' id='par_1_3' title="bbox 1814 155 1873 183">
     <span class='ocr_line' id='line_1_3' title="bbox 1814 155 1873 183; baseline 0 0"><span class='ocrx_word' id='word_1_4' title='bbox 1814 155 1873 183; x_wconf 80' lang='grc'><strong>512</strong></span> 
     </span>
    </p>
   </div>
   <div class='ocr_carea' id='block_1_4' title="bbox 274 199 1015 249">
    <p class='ocr_par' dir='ltr' id='par_1_4' title="bbox 274 203 1015 244">
     <span class='ocr_line' id='line_1_4' title="bbox 274 203 1015 244; baseline 0.005 -12"><span class='ocrx_word' id='word_1_5' title='bbox 274 203 342 234; x_wconf 76' lang='lat' dir='ltr'><strong>XIX.</strong></span> <span class='ocrx_word' id='word_1_6' title='bbox 367 205 449 241; x_wconf 86' lang='lat' dir='ltr'><strong>lgitur</strong></span> <span class='ocrx_word' id='word_1_7' title='bbox 471 205 691 241; x_wconf 74' lang='lat' dir='ltr'><strong>quandoquidem</strong></span> <span class='ocrx_word' id='word_1_8' title='bbox 721 211 844 234; x_wconf 91' lang='lat' dir='ltr'><strong>naturam</strong></span> <span class='ocrx_word' id='word_1_9' title='bbox 871 208 945 236; x_wconf 82' lang='lat' dir='ltr'><strong>illam</strong></span> <span class='ocrx_word' id='word_1_10' title='bbox 967 217 1015 244; x_wconf 89' lang='lat' dir='ltr'><strong>qua</strong></span> 
     </span>
    </p>
   </div>
   <div class='ocr_carea' id='block_1_5' title="bbox 1067 199 1856 249">
    <p class='ocr_par' dir='ltr' id='par_1_5' title="bbox 1114 207 1856 249">
     <span class='ocr_line' id='line_1_5' title="bbox 1114 207 1856 249; baseline 0.008 -14"><span class='ocrx_word' id='word_1_11' title='bbox 1114 209 1165 236; x_wconf 76' lang='lat'><strong>18&#39;.</strong></span> <span class='ocrx_word' id='word_1_12' title='bbox 1185 209 1260 236; x_wconf 80' lang='grc' dir='ltr'>Ἐπεὶ</span> <span class='ocrx_word' id='word_1_13' title='bbox 1287 207 1334 236; x_wconf 74' lang='grc' dir='ltr'>οὖν</span> <span class='ocrx_word' id='word_1_14' title='bbox 1358 210 1406 246; x_wconf 80' lang='grc' dir='ltr'>τὴν</span> <span class='ocrx_word' id='word_1_15' title='bbox 1433 210 1528 246; x_wconf 83' lang='grc' dir='ltr'>ὑλικὴν</span> <span class='ocrx_word' id='word_1_16' title='bbox 1550 211 1643 239; x_wconf 68' lang='grc' dir='ltr'>οὐσίαν</span> <span class='ocrx_word' id='word_1_17' title='bbox 1661 213 1693 239; x_wconf 80' lang='grc' dir='ltr'>ἐκ</span> <span class='ocrx_word' id='word_1_18' title='bbox 1711 213 1794 249; x_wconf 83' lang='grc' dir='ltr'>τριῶν</span> <span class='ocrx_word' id='word_1_19' title='bbox 1815 224 1856 241; x_wconf 75' lang='grc' dir='ltr'><strong>πα</strong></span> 
     </span>
    </p>
   </div>
   <div class='ocr_carea' id='block_1_6' title="bbox 237 252 1026 287">
    <p class='ocr_par' dir='ltr' id='par_1_6' title="bbox 237 252 1026 287">
     <span class='ocr_line' id='line_1_6' title="bbox 237 252 1026 287; baseline 0.005 -9"><span class='ocrx_word' id='word_1_20' title='bbox 237 252 349 279; x_wconf 83' lang='lat' dir='ltr'><strong>materia</strong></span> <span class='ocrx_word' id='word_1_21' title='bbox 379 257 495 284; x_wconf 84' lang='lat' dir='ltr'><strong>constat,</strong></span> <span class='ocrx_word' id='word_1_22' title='bbox 526 252 624 287; x_wconf 87' lang='lat' dir='ltr'><strong>triplici</strong></span> <span class='ocrx_word' id='word_1_23' title='bbox 658 253 864 287; x_wconf 86' lang='lat' dir='ltr'><strong>perturbatione</strong></span> <span class='ocrx_word' id='word_1_24' title='bbox 891 255 1026 282; x_wconf 84' lang='lat' dir='ltr'><strong>contineri</strong></span> 
     </span>
    </p>
   </div>
   <div class='ocr_carea' id='block_1_7' title="bbox 236 298 1025 335">
    <p class='ocr_par' dir='ltr' id='par_1_7' title="bbox 236 298 1025 335">
     <span class='ocr_line' id='line_1_7' title="bbox 236 298 1025 335; baseline 0.008 -12"><span class='ocrx_word' id='word_1_25' title='bbox 236 301 374 330; x_wconf 77' lang='lat' dir='ltr'><strong>asserunt,</strong></span> <span class='ocrx_word' id='word_1_26' title='bbox 389 302 471 329; x_wconf 88' lang='lat' dir='ltr'><strong>metu,</strong></span> <span class='ocrx_word' id='word_1_27' title='bbox 491 298 583 325; x_wconf 85' lang='lat' dir='ltr'><strong>dolore</strong></span> <span class='ocrx_word' id='word_1_28' title='bbox 600 307 633 325; x_wconf 88' lang='lat' dir='ltr'><strong>ac</strong></span> <span class='ocrx_word' id='word_1_29' title='bbox 656 300 755 327; x_wconf 90' lang='lat' dir='ltr'><strong>mentis</strong></span> <span class='ocrx_word' id='word_1_30' title='bbox 776 300 880 335; x_wconf 89' lang='lat' dir='ltr'><strong>inopia;</strong></span> <span class='ocrx_word' id='word_1_31' title='bbox 906 309 939 328; x_wconf 77' lang='lat' dir='ltr'><strong>ex</strong></span> <span class='ocrx_word' id='word_1_32' title='bbox 952 306 1025 329; x_wconf 93' lang='lat' dir='ltr'><strong>metu</strong></span> 
     </span>
    </p>
   </div>
   <div class='ocr_carea' id='block_1_8' title="bbox 236 345 1025 382">
    <p class='ocr_par' dir='ltr' id='par_1_8' title="bbox 236 345 1025 382">
     <span class='ocr_line' id='line_1_8' title="bbox 236 345 1025 382; baseline 0.008 -12"><span class='ocrx_word' id='word_1_33' title='bbox 236 352 267 370; x_wconf 81' lang='lat' dir='ltr'><strong>ac</strong></span> <span class='ocrx_word' id='word_1_34' title='bbox 284 345 463 372; x_wconf 83' lang='lat' dir='ltr'><strong>conversione</strong></span> <span class='ocrx_word' id='word_1_35' title='bbox 485 345 612 372; x_wconf 90' lang='lat' dir='ltr'><strong>animalia</strong></span> <span class='ocrx_word' id='word_1_36' title='bbox 634 354 748 381; x_wconf 65' lang='lat' dir='ltr'><strong>quaeque</strong></span> <span class='ocrx_word' id='word_1_37' title='bbox 768 353 944 382; x_wconf 83' lang='lat' dir='ltr'><strong>componunt.</strong></span> <span class='ocrx_word' id='word_1_38' title='bbox 958 348 1025 376; x_wconf 90' lang='lat' dir='ltr'><strong>Nam</strong></span> 
     </span>
    </p>
   </div>
   <div class='ocr_carea' id='block_1_9' title="bbox 235 390 1025 427">
    <p class='ocr_par' dir='ltr' id='par_1_9' title="bbox 235 390 1025 427">
     <span class='ocr_line' id='line_1_9' title="bbox 235 390 1025 427; baseline 0.008 -11"><span class='ocrx_word' id='word_1_39' title='bbox 235 398 268 417; x_wconf 80' lang='lat' dir='ltr'><strong>ex</strong></span> <span class='ocrx_word' id='word_1_40' title='bbox 284 391 462 418; x_wconf 80' lang='lat' dir='ltr'><strong>conversione</strong></span> <span class='ocrx_word' id='word_1_41' title='bbox 478 390 651 419; x_wconf 87' lang='lat' dir='ltr'><strong>Conditorem</strong></span> <span class='ocrx_word' id='word_1_42' title='bbox 668 393 788 427; x_wconf 84' lang='lat' dir='ltr'><strong>genitum</strong></span> <span class='ocrx_word' id='word_1_43' title='bbox 810 402 842 421; x_wconf 74' lang='lat' dir='ltr'><strong>ex</strong></span> <span class='ocrx_word' id='word_1_44' title='bbox 872 399 947 422; x_wconf 91' lang='lat' dir='ltr'><strong>metu</strong></span> <span class='ocrx_word' id='word_1_45' title='bbox 961 395 1025 422; x_wconf 87' lang='lat' dir='ltr'><strong>reli-</strong></span> 
     </span>
    </p>
   </div>
   <div class='ocr_carea' id='block_1_10' title="bbox 235 436 1025 470">
    <p class='ocr_par' dir='ltr' id='par_1_10' title="bbox 235 436 1025 470">
     <span class='ocr_line' id='line_1_10' title="bbox 235 436 1025 470; baseline 0.009 -10"><span class='ocrx_word' id='word_1_46' title='bbox 235 442 316 469; x_wconf 89' lang='lat' dir='ltr'><strong>quam</strong></span> <span class='ocrx_word' id='word_1_47' title='bbox 334 436 413 470; x_wconf 82' lang='lat'><strong>187</strong></span> <span class='ocrx_word' id='word_1_48' title='bbox 428 443 535 463; x_wconf 85' lang='lat' dir='ltr'><strong>onmem</strong></span> <span class='ocrx_word' id='word_1_49' title='bbox 558 437 701 465; x_wconf 90' lang='lat' dir='ltr'><strong>animalem</strong></span> <span class='ocrx_word' id='word_1_50' title='bbox 724 439 906 466; x_wconf 81' lang='lat' dir='ltr'><strong>substantiam</strong></span> <span class='ocrx_word' id='word_1_51' title='bbox 931 441 1025 467; x_wconf 78' lang='lat' dir='ltr'><strong>existi-</strong></span> 
     </span>
    </p>
   </div>
   <div class='ocr_carea' id='block_1_11' title="bbox 236 481 1023 518">
    <p class='ocr_par' dir='ltr' id='par_1_11' title="bbox 236 481 1023 518">
     <span class='ocr_line' id='line_1_11' title="bbox 236 481 1023 518; baseline 0.008 -12"><span class='ocrx_word' id='word_1_52' title='bbox 236 485 328 507; x_wconf 90' lang='lat' dir='ltr'><strong>mant:</strong></span> <span class='ocrx_word' id='word_1_53' title='bbox 345 481 498 515; x_wconf 81' lang='lat' dir='ltr'><strong>cujustnodi</strong></span> <span class='ocrx_word' id='word_1_54' title='bbox 510 486 574 509; x_wconf 87' lang='lat' dir='ltr'><strong>sunt</strong></span> <span class='ocrx_word' id='word_1_55' title='bbox 586 483 690 510; x_wconf 83' lang='lat' dir='ltr'><strong>ratione</strong></span> <span class='ocrx_word' id='word_1_56' title='bbox 704 485 854 511; x_wconf 87' lang='lat' dir='ltr'><strong>carentium</strong></span> <span class='ocrx_word' id='word_1_57' title='bbox 865 485 1023 518; x_wconf 80' lang='lat' dir='ltr'><strong>bestiarum,</strong></span> 
     </span>
    </p>
   </div>
   <div class='ocr_carea' id='block_1_12' title="bbox 234 526 1023 566">
    <p class='ocr_par' dir='ltr' id='par_1_12' title="bbox 234 526 1023 566">
     <span class='ocr_line' id='line_1_12' title="bbox 234 526 1023 566; baseline 0.009 -14"><span class='ocrx_word' id='word_1_58' title='bbox 234 530 262 552; x_wconf 83' lang='lat' dir='ltr'><strong>ct</strong></span> <span class='ocrx_word' id='word_1_59' title='bbox 275 526 392 553; x_wconf 80' lang='lat' dir='ltr'><strong>ferarum</strong></span> <span class='ocrx_word' id='word_1_60' title='bbox 409 531 489 562; x_wconf 88' lang='lat' dir='ltr'><strong>atque</strong></span> <span class='ocrx_word' id='word_1_61' title='bbox 511 528 650 556; x_wconf 91' lang='lat' dir='ltr'><strong>hominum</strong></span> <span class='ocrx_word' id='word_1_62' title='bbox 674 530 780 557; x_wconf 61' lang='lat' dir='ltr'><strong>animae.</strong></span> <span class='ocrx_word' id='word_1_63' title='bbox 801 530 947 566; x_wconf 86' lang='lat' dir='ltr'><strong>Propterea</strong></span> <span class='ocrx_word' id='word_1_64' title='bbox 962 540 1023 559; x_wconf 90' lang='lat' dir='ltr'><strong>cum</strong></span> 
     </span>
    </p>
   </div>
   <div class='ocr_carea' id='block_1_13' title="bbox 232 572 1024 609">
    <p class='ocr_par' dir='ltr' id='par_1_13' title="bbox 232 572 1024 609">
     <span class='ocr_line' id='line_1_13' title="bbox 232 572 1024 609; baseline 0.008 -11"><span class='ocrx_word' id='word_1_65' title='bbox 232 572 268 598; x_wconf 81' lang='lat' dir='ltr'><strong>ad</strong></span> <span class='ocrx_word' id='word_1_66' title='bbox 285 573 418 607; x_wconf 85' lang='lat' dir='ltr'><strong>spiritalia</strong></span> <span class='ocrx_word' id='word_1_67' title='bbox 442 574 565 608; x_wconf 64' lang='lat' dir='ltr'><strong>quaedam</strong></span> <span class='ocrx_word' id='word_1_68' title='bbox 590 576 776 609; x_wconf 83' lang='lat' dir='ltr'><strong>pernoscenda</strong></span> <span class='ocrx_word' id='word_1_69' title='bbox 795 577 958 604; x_wconf 86' lang='lat' dir='ltr'><strong>imbecillior</strong></span> <span class='ocrx_word' id='word_1_70' title='bbox 984 577 1024 604; x_wconf 80' lang='lat' dir='ltr'><strong>fo-</strong></span> 
     </span>
    </p>
   </div>
   <div class='ocr_carea' id='block_1_14' title="bbox 231 617 1024 657">
    <p class='ocr_par' dir='ltr' id='par_1_14' title="bbox 231 617 1024 657">
     <span class='ocr_line' id='line_1_14' title="bbox 231 617 1024 657; baseline 0.009 -15"><span class='ocrx_word' id='word_1_71' title='bbox 231 621 284 648; x_wconf 77' lang='lat' dir='ltr'><strong>ret,</strong></span> <span class='ocrx_word' id='word_1_72' title='bbox 300 617 386 644; x_wconf 87' lang='lat' dir='ltr'><strong>solum</strong></span> <span class='ocrx_word' id='word_1_73' title='bbox 409 625 438 645; x_wconf 89' lang='lat' dir='ltr'><strong>se</strong></span> <span class='ocrx_word' id='word_1_74' title='bbox 454 626 515 645; x_wconf 87' lang='lat' dir='ltr'><strong>esse</strong></span> <span class='ocrx_word' id='word_1_75' title='bbox 532 618 615 646; x_wconf 86' lang='lat' dir='ltr'><strong>Deum</strong></span> <span class='ocrx_word' id='word_1_76' title='bbox 639 620 809 653; x_wconf 81' lang='lat' dir='ltr'><strong>arbitratum,</strong></span> <span class='ocrx_word' id='word_1_77' title='bbox 836 629 868 648; x_wconf 87' lang='lat' dir='ltr'><strong>ac</strong></span> <span class='ocrx_word' id='word_1_78' title='bbox 888 630 935 656; x_wconf 87' lang='lat' dir='ltr'><strong>per</strong></span> <span class='ocrx_word' id='word_1_79' title='bbox 961 630 1024 657; x_wconf 90' lang='lat' dir='ltr'><strong>pro-</strong></span> 
     </span>
    </p>
   </div>
   <div class='ocr_carea' id='block_1_15' title="bbox 231 663 1022 700">
    <p class='ocr_par' dir='ltr' id='par_1_15' title="bbox 231 663 1022 700">
     <span class='ocr_line' id='line_1_15' title="bbox 231 663 1022 700; baseline 0.009 -11"><span class='ocrx_word' id='word_1_80' title='bbox 231 663 328 697; x_wconf 85' lang='lat' dir='ltr'><strong>phetas</strong></span> <span class='ocrx_word' id='word_1_81' title='bbox 342 664 461 691; x_wconf 80' lang='lat' dir='ltr'><strong>edixisse</strong></span> <span class='ocrx_word' id='word_1_82' title='bbox 479 674 486 691; x_wconf 74' lang='grc' dir='ltr'>ε</span> <span class='ocrx_word' id='word_1_83' title='bbox 505 664 558 699; x_wconf 82' lang='lat' dir='ltr'><strong>Ego</strong></span> <span class='ocrx_word' id='word_1_84' title='bbox 581 665 660 699; x_wconf 79' lang='lat' dir='ltr'><strong>Deus,</strong></span> <span class='ocrx_word' id='word_1_85' title='bbox 674 672 770 700; x_wconf 71' lang='lat' dir='ltr'><strong>prmter</strong></span> <span class='ocrx_word' id='word_1_86' title='bbox 784 676 824 694; x_wconf 79' lang='lat' dir='ltr'><strong>me</strong></span> <span class='ocrx_word' id='word_1_87' title='bbox 845 668 934 695; x_wconf 83' lang='lat' dir='ltr'><strong>nullus</strong></span> <span class='ocrx_word' id='word_1_88' title='bbox 953 670 1022 696; x_wconf 84' lang='lat' dir='ltr'><strong>alius</strong></span> 
     </span>
    </p>
   </div>
   <div class='ocr_carea' id='block_1_16' title="bbox 230 709 1022 750">
    <p class='ocr_par' dir='ltr' id='par_1_16' title="bbox 230 709 1022 750">
     <span class='ocr_line' id='line_1_16' title="bbox 230 709 1022 750; baseline 0.01 -15"><span class='ocrx_word' id='word_1_89' title='bbox 230 713 270 735; x_wconf 81' lang='lat' dir='ltr'><strong>est</strong></span> <span class='ocrx_word' id='word_1_90' title='bbox 289 710 306 736; x_wconf 84' lang='grc'><strong>¹.</strong></span> <span class='ocrx_word' id='word_1_91' title='bbox 323 709 360 736; x_wconf 82' lang='lat' dir='ltr'><strong>Ex</strong></span> <span class='ocrx_word' id='word_1_92' title='bbox 376 711 480 745; x_wconf 88' lang='lat' dir='ltr'><strong>reliquo</strong></span> <span class='ocrx_word' id='word_1_93' title='bbox 495 719 577 746; x_wconf 91' lang='lat' dir='ltr'><strong>porro</strong></span> <span class='ocrx_word' id='word_1_94' title='bbox 591 713 825 746; x_wconf 85' lang='lat' dir='ltr'><strong>perturbationum</strong></span> <span class='ocrx_word' id='word_1_95' title='bbox 841 723 949 750; x_wconf 77' lang='lat' dir='ltr'><strong>genere,</strong></span> <span class='ocrx_word' id='word_1_96' title='bbox 967 716 1022 750; x_wconf 89' lang='lat' dir='ltr'><strong>spi-</strong></span> 
     </span>
    </p>
   </div>
   <div class='ocr_carea' id='block_1_17' title="bbox 230 755 1021 795">
    <p class='ocr_par' dir='ltr' id='par_1_17' title="bbox 230 755 1021 795">
     <span class='ocr_line' id='line_1_17' title="bbox 230 755 1021 795; baseline 0.009 -13"><span class='ocrx_word' id='word_1_97' title='bbox 230 755 340 783; x_wconf 87' lang='lat' dir='ltr'><strong>ritualia</strong></span> <span class='ocrx_word' id='word_1_98' title='bbox 365 757 493 791; x_wconf 60' lang='lat' dir='ltr'><strong>nequitia</strong></span> <span class='ocrx_word' id='word_1_99' title='bbox 517 765 657 792; x_wconf 88' lang='lat' dir='ltr'><strong>procreata</strong></span> <span class='ocrx_word' id='word_1_100' title='bbox 676 770 682 787; x_wconf 88' lang='lat'><strong>:</strong></span> <span class='ocrx_word' id='word_1_101' title='bbox 704 761 820 795; x_wconf 85' lang='lat' dir='ltr'><strong>indeque</strong></span> <span class='ocrx_word' id='word_1_102' title='bbox 839 765 866 788; x_wconf 88' lang='lat' dir='ltr'><strong>et</strong></span> <span class='ocrx_word' id='word_1_103' title='bbox 884 762 1021 789; x_wconf 87' lang='lat' dir='ltr'><strong>diabolum</strong></span> 
     </span>
    </p>
   </div>
   <div class='ocr_carea' id='block_1_18' title="bbox 229 804 1021 839">
    <p class='ocr_par' dir='ltr' id='par_1_18' title="bbox 229 804 1021 839">
     <span class='ocr_line' id='line_1_18' title="bbox 229 804 1021 839; baseline 0.01 -12"><span class='ocrx_word' id='word_1_104' title='bbox 229 805 366 833; x_wconf 81' lang='lat' dir='ltr'><strong>exortum.</strong></span> <span class='ocrx_word' id='word_1_105' title='bbox 387 811 466 837; x_wconf 87' lang='lat' dir='ltr'><strong>quem</strong></span> <span class='ocrx_word' id='word_1_106' title='bbox 495 804 693 833; x_wconf 86' lang='lat' dir='ltr'><strong>moderatorem</strong></span> <span class='ocrx_word' id='word_1_107' title='bbox 717 808 810 834; x_wconf 89' lang='lat' dir='ltr'><strong>mundi</strong></span> <span class='ocrx_word' id='word_1_108' title='bbox 838 807 951 839; x_wconf 81' lang='lat' dir='ltr'><strong>faciunt,</strong></span> <span class='ocrx_word' id='word_1_109' title='bbox 968 817 1021 836; x_wconf 88' lang='lat' dir='ltr'><strong>una</strong></span> 
     </span>
    </p>
   </div>
   <div class='ocr_carea' id='block_1_19' title="bbox 227 848 1020 889">
    <p class='ocr_par' dir='ltr' id='par_1_19' title="bbox 227 848 1020 889">
     <span class='ocr_line' id='line_1_19' title="bbox 227 848 1020 889; baseline 0.01 -15"><span class='ocrx_word' id='word_1_110' title='bbox 227 854 292 874; x_wconf 87' lang='lat' dir='ltr'><strong>cum</strong></span> <span class='ocrx_word' id='word_1_111' title='bbox 308 848 449 876; x_wconf 68' lang='lat' dir='ltr'><strong>daemoniis</strong></span> <span class='ocrx_word' id='word_1_112' title='bbox 464 854 490 876; x_wconf 87' lang='lat' dir='ltr'><strong>et</strong></span> <span class='ocrx_word' id='word_1_113' title='bbox 513 851 626 884; x_wconf 80' lang='lat' dir='ltr'><strong>angelis,</strong></span> <span class='ocrx_word' id='word_1_114' title='bbox 648 857 798 887; x_wconf 77' lang='lat' dir='ltr'><strong>czeteraque</strong></span> <span class='ocrx_word' id='word_1_115' title='bbox 814 854 888 880; x_wconf 87' lang='lat' dir='ltr'><strong>omni</strong></span> <span class='ocrx_word' id='word_1_116' title='bbox 904 855 1020 889; x_wconf 87' lang='lat' dir='ltr'><strong>spiritali</strong></span> 
     </span>
    </p>
   </div>
   <div class='ocr_carea' id='block_1_20' title="bbox 227 894 1020 934">
    <p class='ocr_par' dir='ltr' id='par_1_20' title="bbox 227 894 1020 934">
     <span class='ocr_line' id='line_1_20' title="bbox 227 894 1020 934; baseline 0.01 -15"><span class='ocrx_word' id='word_1_117' title='bbox 227 894 358 928; x_wconf 58' lang='lat' dir='ltr'><strong>nequitia:</strong></span> <span class='ocrx_word' id='word_1_118' title='bbox 373 895 537 922; x_wconf 83' lang='lat' dir='ltr'><strong>substantia.</strong></span> <span class='ocrx_word' id='word_1_119' title='bbox 551 895 650 924; x_wconf 88' lang='lat' dir='ltr'><strong>Verntn</strong></span> <span class='ocrx_word' id='word_1_120' title='bbox 667 897 840 926; x_wconf 88' lang='lat' dir='ltr'><strong>Cottditorem</strong></span> <span class='ocrx_word' id='word_1_121' title='bbox 859 900 946 934; x_wconf 86' lang='lat' dir='ltr'><strong>ipsum</strong></span> <span class='ocrx_word' id='word_1_122' title='bbox 962 902 1020 927; x_wconf 89' lang='lat' dir='ltr'><strong>ani-</strong></span> 
     </span>
    </p>
   </div>
   <div class='ocr_carea' id='block_1_21' title="bbox 227 942 1018 978">
    <p class='ocr_par' dir='ltr' id='par_1_21' title="bbox 227 942 1018 978">
     <span class='ocr_line' id='line_1_21' title="bbox 227 942 1018 978; baseline 0.011 -11"><span class='ocrx_word' id='word_1_123' title='bbox 227 942 326 968; x_wconf 88' lang='lat' dir='ltr'><strong>malem</strong></span> <span class='ocrx_word' id='word_1_124' title='bbox 342 942 435 970; x_wconf 87' lang='lat' dir='ltr'><strong>Matris</strong></span> <span class='ocrx_word' id='word_1_125' title='bbox 449 943 531 970; x_wconf 87' lang='lat' dir='ltr'><strong>lilium</strong></span> <span class='ocrx_word' id='word_1_126' title='bbox 542 951 602 972; x_wconf 86' lang='lat' dir='ltr'><strong>esse</strong></span> <span class='ocrx_word' id='word_1_127' title='bbox 619 946 724 978; x_wconf 85' lang='lat' dir='ltr'><strong>dicunt,</strong></span> <span class='ocrx_word' id='word_1_128' title='bbox 739 947 939 975; x_wconf 84' lang='lat' dir='ltr'><strong>moderatorem</strong></span> <span class='ocrx_word' id='word_1_129' title='bbox 955 957 1018 976; x_wconf 88' lang='lat' dir='ltr'><strong>vero</strong></span> 
     </span>
    </p>
   </div>
   <div class='ocr_carea' id='block_1_22' title="bbox 228 985 1019 1023">
    <p class='ocr_par' dir='ltr' id='par_1_22' title="bbox 228 985 1019 1023">
     <span class='ocr_line' id='line_1_22' title="bbox 228 985 1019 1023; baseline 0.014 -13"><span class='ocrx_word' id='word_1_130' title='bbox 228 985 322 1012; x_wconf 90' lang='lat' dir='ltr'><strong>mundi</strong></span> <span class='ocrx_word' id='word_1_131' title='bbox 339 987 476 1021; x_wconf 84' lang='lat' dir='ltr'><strong>quoddam</strong></span> <span class='ocrx_word' id='word_1_132' title='bbox 494 996 562 1023; x_wconf 87' lang='lat' dir='ltr'><strong>opus</strong></span> <span class='ocrx_word' id='word_1_133' title='bbox 584 989 751 1019; x_wconf 87' lang='lat' dir='ltr'><strong>Conditoris.</strong></span> <span class='ocrx_word' id='word_1_134' title='bbox 774 993 813 1020; x_wconf 84' lang='lat' dir='ltr'><strong>Ac</strong></span> <span class='ocrx_word' id='word_1_135' title='bbox 839 993 931 1020; x_wconf 88' lang='lat' dir='ltr'><strong>mundi</strong></span> <span class='ocrx_word' id='word_1_136' title='bbox 953 1002 1019 1021; x_wconf 84' lang='lat' dir='ltr'><strong>sane</strong></span> 
     </span>
    </p>
   </div>
   <div class='ocr_carea' id='block_1_23' title="bbox 227 1035 1018 1075">
    <p class='ocr_par' dir='ltr' id='par_1_23' title="bbox 227 1035 1018 1075">
     <span class='ocr_line' id='line_1_23' title="bbox 227 1035 1018 1075; baseline 0.013 -18"><span class='ocrx_word' id='word_1_137' title='bbox 227 1035 360 1059; x_wconf 79' lang='lat' dir='ltr'><strong>rectorem</strong></span> <span class='ocrx_word' id='word_1_138' title='bbox 376 1041 436 1068; x_wconf 66' lang='lat' dir='ltr'><strong>qua:</strong></span> <span class='ocrx_word' id='word_1_139' title='bbox 452 1043 533 1070; x_wconf 89' lang='lat' dir='ltr'><strong>supra</strong></span> <span class='ocrx_word' id='word_1_140' title='bbox 551 1044 580 1064; x_wconf 88' lang='lat' dir='ltr'><strong>sc</strong></span> <span class='ocrx_word' id='word_1_141' title='bbox 605 1037 670 1070; x_wconf 89' lang='lat' dir='ltr'><strong>sint,</strong></span> <span class='ocrx_word' id='word_1_142' title='bbox 689 1041 782 1073; x_wconf 86' lang='lat' dir='ltr'><strong>utpote</strong></span> <span class='ocrx_word' id='word_1_143' title='bbox 796 1040 924 1074; x_wconf 62' lang='lat' dir='ltr'><strong>nequitiae</strong></span> <span class='ocrx_word' id='word_1_144' title='bbox 941 1041 1018 1075; x_wconf 89' lang='lat' dir='ltr'><strong>spiri-</strong></span> 
     </span>
    </p>
   </div>
   <div class='ocr_carea' id='block_1_24' title="bbox 227 1078 1016 1118">
    <p class='ocr_par' dir='ltr' id='par_1_24' title="bbox 227 1078 1016 1118">
     <span class='ocr_line' id='line_1_24' title="bbox 227 1078 1016 1118; baseline 0.013 -16"><span class='ocrx_word' id='word_1_145' title='bbox 227 1081 295 1109; x_wconf 81' lang='lat' dir='ltr'><strong>tum,</strong></span> <span class='ocrx_word' id='word_1_146' title='bbox 319 1078 485 1114; x_wconf 83' lang='lat' dir='ltr'><strong>intelligere;</strong></span> <span class='ocrx_word' id='word_1_147' title='bbox 513 1081 698 1117; x_wconf 79' lang='lat' dir='ltr'><strong>Conditorem,</strong></span> <span class='ocrx_word' id='word_1_148' title='bbox 724 1085 796 1118; x_wconf 89' lang='lat' dir='ltr'><strong>quod</strong></span> <span class='ocrx_word' id='word_1_149' title='bbox 821 1086 945 1113; x_wconf 89' lang='lat' dir='ltr'><strong>animalis</strong></span> <span class='ocrx_word' id='word_1_150' title='bbox 971 1087 1016 1118; x_wconf 79' lang='lat' dir='ltr'><strong>sit,</strong></span> 
     </span>
    </p>
   </div>
   <div class='ocr_carea' id='block_1_25' title="bbox 228 1123 1016 1167">
    <p class='ocr_par' dir='ltr' id='par_1_25' title="bbox 228 1123 1016 1167">
     <span class='ocr_line' id='line_1_25' title="bbox 228 1123 1016 1167; baseline 0.014 -19"><span class='ocrx_word' id='word_1_151' title='bbox 228 1123 355 1156; x_wconf 84' lang='lat' dir='ltr'><strong>ignorare</strong></span> <span class='ocrx_word' id='word_1_152' title='bbox 376 1124 533 1154; x_wconf 78' lang='lat' dir='ltr'><strong>defendunt.</strong></span> <span class='ocrx_word' id='word_1_153' title='bbox 555 1128 676 1161; x_wconf 89' lang='lat' dir='ltr'><strong>Quorum</strong></span> <span class='ocrx_word' id='word_1_154' title='bbox 699 1131 779 1157; x_wconf 91' lang='lat' dir='ltr'><strong>etiam</strong></span> <span class='ocrx_word' id='word_1_155' title='bbox 801 1130 913 1158; x_wconf 83' lang='lat' dir='ltr'><strong>Matrem</strong></span> <span class='ocrx_word' id='word_1_156' title='bbox 935 1141 1016 1167; x_wconf 88' lang='lat' dir='ltr'><strong>supra</strong></span> 
     </span>
    </p>
   </div>
   <div class='ocr_carea' id='block_1_26' title="bbox 227 1169 1016 1210">
    <p class='ocr_par' dir='ltr' id='par_1_26' title="bbox 227 1169 1016 1210">
     <span class='ocr_line' id='line_1_26' title="bbox 227 1169 1016 1210; baseline 0.014 -16"><span class='ocrx_word' id='word_1_157' title='bbox 227 1169 326 1196; x_wconf 76' lang='lat' dir='ltr'><strong>cmlum</strong></span> <span class='ocrx_word' id='word_1_158' title='bbox 346 1171 468 1199; x_wconf 84' lang='lat' dir='ltr'><strong>habitare</strong></span> <span class='ocrx_word' id='word_1_159' title='bbox 490 1172 579 1201; x_wconf 69' lang='lat' dir='ltr'><strong>médio</strong></span> <span class='ocrx_word' id='word_1_160' title='bbox 602 1175 719 1210; x_wconf 88' lang='lat' dir='ltr'><strong>quodam</strong></span> <span class='ocrx_word' id='word_1_161' title='bbox 745 1176 824 1209; x_wconf 82' lang='lat' dir='ltr'><strong>loco;</strong></span> <span class='ocrx_word' id='word_1_162' title='bbox 842 1177 1016 1206; x_wconf 87' lang='lat' dir='ltr'><strong>Conditorem</strong></span> 
     </span>
    </p>
   </div>
   <div class='ocr_carea' id='block_1_27' title="bbox 225 1216 1015 1252">
    <p class='ocr_par' dir='ltr' id='par_1_27' title="bbox 225 1216 1015 1252">
     <span class='ocr_line' id='line_1_27' title="bbox 225 1216 1015 1252; baseline 0.014 -11"><span class='ocrx_word' id='word_1_163' title='bbox 225 1223 290 1242; x_wconf 72' lang='lat' dir='ltr'><strong>vero</strong></span> <span class='ocrx_word' id='word_1_164' title='bbox 306 1216 333 1242; x_wconf 90' lang='lat' dir='ltr'><strong>in</strong></span> <span class='ocrx_word' id='word_1_165' title='bbox 348 1216 408 1251; x_wconf 91' lang='lat' dir='ltr'><strong>ipso</strong></span> <span class='ocrx_word' id='word_1_166' title='bbox 421 1218 499 1251; x_wconf 63' lang='lat' dir='ltr'><strong>caelo,</strong></span> <span class='ocrx_word' id='word_1_167' title='bbox 520 1220 648 1248; x_wconf 90' lang='lat' dir='ltr'><strong>nimirum</strong></span> <span class='ocrx_word' id='word_1_168' title='bbox 673 1222 700 1248; x_wconf 93' lang='lat' dir='ltr'><strong>in</strong></span> <span class='ocrx_word' id='word_1_169' title='bbox 718 1223 897 1251; x_wconf 88' lang='lat' dir='ltr'><strong>hebdomade.</strong></span> <span class='ocrx_word' id='word_1_170' title='bbox 923 1224 1015 1252; x_wconf 81' lang='lat' dir='ltr'><strong>Mundi</strong></span> 
     </span>
    </p>
   </div>
   <div class='ocr_carea' id='block_1_28' title="bbox 225 1262 1017 1298">
    <p class='ocr_par' dir='ltr' id='par_1_28' title="bbox 225 1262 1017 1298">
     <span class='ocr_line' id='line_1_28' title="bbox 225 1262 1017 1298; baseline 0.014 -12"><span class='ocrx_word' id='word_1_171' title='bbox 225 1265 358 1288; x_wconf 85' lang='lat' dir='ltr'><strong>rectorem</strong></span> <span class='ocrx_word' id='word_1_172' title='bbox 375 1262 493 1298; x_wconf 84' lang='lat' dir='ltr'><strong>denique</strong></span> <span class='ocrx_word' id='word_1_173' title='bbox 513 1265 539 1291; x_wconf 96' lang='lat' dir='ltr'><strong>in</strong></span> <span class='ocrx_word' id='word_1_174' title='bbox 566 1265 618 1293; x_wconf 88' lang='lat' dir='ltr'><strong>hoc</strong></span> <span class='ocrx_word' id='word_1_175' title='bbox 638 1266 768 1295; x_wconf 79' lang='lat' dir='ltr'><strong>inferiore</strong></span> <span class='ocrx_word' id='word_1_176' title='bbox 785 1269 886 1296; x_wconf 88' lang='lat' dir='ltr'><strong>mundo</strong></span> <span class='ocrx_word' id='word_1_177' title='bbox 908 1275 1017 1297; x_wconf 81' lang='lat' dir='ltr'><strong>nostro-</strong></span> 
     </span>
    </p>
   </div>
   <div class='ocr_carea' id='block_1_29' title="bbox 225 1307 1014 1350">
    <p class='ocr_par' dir='ltr' id='par_1_29' title="bbox 225 1307 1014 1350">
     <span class='ocr_line' id='line_1_29' title="bbox 225 1307 1014 1350; baseline 0.013 -19"><span class='ocrx_word' id='word_1_178' title='bbox 225 1313 279 1339; x_wconf 87' lang='lat' dir='ltr'><strong>que</strong></span> <span class='ocrx_word' id='word_1_179' title='bbox 293 1308 405 1333; x_wconf 87' lang='lat' dir='ltr'><strong>versari.</strong></span> <span class='ocrx_word' id='word_1_180' title='bbox 422 1307 482 1334; x_wconf 81' lang='lat' dir='ltr'><strong>Jam</strong></span> <span class='ocrx_word' id='word_1_181' title='bbox 498 1317 563 1336; x_wconf 85' lang='lat' dir='ltr'><strong>vero</strong></span> <span class='ocrx_word' id='word_1_182' title='bbox 578 1318 592 1337; x_wconf 91' lang='lat' dir='ltr'><strong>e</strong></span> <span class='ocrx_word' id='word_1_183' title='bbox 608 1314 720 1345; x_wconf 88' lang='lat' dir='ltr'><strong>stupore</strong></span> <span class='ocrx_word' id='word_1_184' title='bbox 737 1319 769 1339; x_wconf 85' lang='lat' dir='ltr'><strong>ac</strong></span> <span class='ocrx_word' id='word_1_185' title='bbox 791 1313 896 1340; x_wconf 85' lang='lat' dir='ltr'><strong>consilii</strong></span> <span class='ocrx_word' id='word_1_186' title='bbox 914 1315 1014 1350; x_wconf 86' lang='lat' dir='ltr'><strong>inopia,</strong></span> 
     </span>
    </p>
   </div>
   <div class='ocr_carea' id='block_1_30' title="bbox 224 1353 1013 1394">
    <p class='ocr_par' dir='ltr' id='par_1_30' title="bbox 224 1353 1013 1394">
     <span class='ocr_line' id='line_1_30' title="bbox 224 1353 1013 1394; baseline 0.015 -18"><span class='ocrx_word' id='word_1_187' title='bbox 224 1355 353 1385; x_wconf 86' lang='lat' dir='ltr'><strong>tanquam</strong></span> <span class='ocrx_word' id='word_1_188' title='bbox 368 1361 400 1380; x_wconf 80' lang='lat' dir='ltr'><strong>ex</strong></span> <span class='ocrx_word' id='word_1_189' title='bbox 416 1353 584 1388; x_wconf 75' lang='lat' dir='ltr'><strong>ignobiliora,</strong></span> <span class='ocrx_word' id='word_1_190' title='bbox 601 1365 745 1392; x_wconf 87' lang='lat' dir='ltr'><strong>corporea,</strong></span> <span class='ocrx_word' id='word_1_191' title='bbox 763 1362 791 1385; x_wconf 94' lang='lat' dir='ltr'><strong>ut</strong></span> <span class='ocrx_word' id='word_1_192' title='bbox 807 1364 869 1386; x_wconf 93' lang='lat' dir='ltr'><strong>ante</strong></span> <span class='ocrx_word' id='word_1_193' title='bbox 884 1360 1013 1394; x_wconf 80' lang='lat' dir='ltr'><strong>diximus,</strong></span> 
     </span>
    </p>
   </div>
   <div class='ocr_carea' id='block_1_31' title="bbox 224 1397 1014 1435">
    <p class='ocr_par' dir='ltr' id='par_1_31' title="bbox 224 1397 1014 1435">
     <span class='ocr_line' id='line_1_31' title="bbox 224 1397 1014 1435; baseline 0.015 -13"><span class='ocrx_word' id='word_1_194' title='bbox 224 1397 318 1424; x_wconf 91' lang='lat' dir='ltr'><strong>mundi</strong></span> <span class='ocrx_word' id='word_1_195' title='bbox 338 1398 470 1426; x_wconf 90' lang='lat' dir='ltr'><strong>elementa</strong></span> <span class='ocrx_word' id='word_1_196' title='bbox 489 1402 634 1435; x_wconf 85' lang='lat' dir='ltr'><strong>prodiisse.</strong></span> <span class='ocrx_word' id='word_1_197' title='bbox 658 1403 695 1430; x_wconf 85' lang='lat' dir='ltr'><strong>lta</strong></span> <span class='ocrx_word' id='word_1_198' title='bbox 721 1412 754 1431; x_wconf 86' lang='lat' dir='ltr'><strong>ex</strong></span> <span class='ocrx_word' id='word_1_199' title='bbox 772 1406 893 1432; x_wconf 77' lang='lat' dir='ltr'><strong>attonita:</strong></span> <span class='ocrx_word' id='word_1_200' title='bbox 916 1408 1014 1434; x_wconf 89' lang='lat' dir='ltr'><strong>mentis</strong></span> 
     </span>
    </p>
   </div>
   <div class='ocr_carea' id='block_1_32' title="bbox 223 1445 1015 1485">
    <p class='ocr_par' dir='ltr' id='par_1_32' title="bbox 223 1445 1015 1485">
     <span class='ocr_line' id='line_1_32' title="bbox 223 1445 1015 1485; baseline 0.015 -17"><span class='ocrx_word' id='word_1_201' title='bbox 223 1445 295 1469; x_wconf 86' lang='lat' dir='ltr'><strong>statu</strong></span> <span class='ocrx_word' id='word_1_202' title='bbox 316 1447 437 1472; x_wconf 88' lang='lat' dir='ltr'><strong>terram:</strong></span> <span class='ocrx_word' id='word_1_203' title='bbox 455 1453 552 1481; x_wconf 87' lang='lat' dir='ltr'><strong>aquam</strong></span> <span class='ocrx_word' id='word_1_204' title='bbox 575 1455 590 1475; x_wconf 90' lang='lat' dir='ltr'><strong>e</strong></span> <span class='ocrx_word' id='word_1_205' title='bbox 617 1449 745 1484; x_wconf 87' lang='lat' dir='ltr'><strong>lacrymis</strong></span> <span class='ocrx_word' id='word_1_206' title='bbox 766 1458 834 1485; x_wconf 90' lang='lat' dir='ltr'><strong>quas</strong></span> <span class='ocrx_word' id='word_1_207' title='bbox 859 1456 947 1479; x_wconf 90' lang='lat' dir='ltr'><strong>metus</strong></span> <span class='ocrx_word' id='word_1_208' title='bbox 968 1461 1015 1479; x_wconf 59' lang='lat' dir='ltr'><strong>er-</strong></span> 
     </span>
    </p>
   </div>
   <div class='ocr_carea' id='block_1_33' title="bbox 223 1493 1013 1532">
    <p class='ocr_par' dir='ltr' id='par_1_33' title="bbox 223 1493 1013 1532">
     <span class='ocr_line' id='line_1_33' title="bbox 223 1493 1013 1532; baseline 0.016 -19"><span class='ocrx_word' id='word_1_209' title='bbox 223 1494 358 1520; x_wconf 86' lang='lat' dir='ltr'><strong>cusserat.</strong></span> <span class='ocrx_word' id='word_1_210' title='bbox 374 1497 463 1518; x_wconf 90' lang='lat' dir='ltr'><strong>aerem</strong></span> <span class='ocrx_word' id='word_1_211' title='bbox 480 1499 512 1518; x_wconf 84' lang='lat' dir='ltr'><strong>ex</strong></span> <span class='ocrx_word' id='word_1_212' title='bbox 531 1493 634 1521; x_wconf 90' lang='lat' dir='ltr'><strong>doloris</strong></span> <span class='ocrx_word' id='word_1_213' title='bbox 655 1495 840 1529; x_wconf 86' lang='lat' dir='ltr'><strong>concretione,</strong></span> <span class='ocrx_word' id='word_1_214' title='bbox 856 1497 944 1532; x_wconf 82' lang='lat' dir='ltr'><strong>ignem</strong></span> <span class='ocrx_word' id='word_1_215' title='bbox 964 1498 1013 1525; x_wconf 90' lang='lat' dir='ltr'><strong>dc-</strong></span> 
     </span>
    </p>
   </div>
   <div class='ocr_carea' id='block_1_34' title="bbox 223 1534 1014 1579">
    <p class='ocr_par' dir='ltr' id='par_1_34' title="bbox 223 1534 1014 1579">
     <span class='ocr_line' id='line_1_34' title="bbox 223 1534 1014 1579; baseline 0.014 -19"><span class='ocrx_word' id='word_1_216' title='bbox 223 1534 306 1568; x_wconf 89' lang='lat' dir='ltr'><strong>nique</strong></span> <span class='ocrx_word' id='word_1_217' title='bbox 328 1536 455 1565; x_wconf 86' lang='lat' dir='ltr'><strong>omnibus</strong></span> <span class='ocrx_word' id='word_1_218' title='bbox 479 1538 677 1573; x_wconf 73' lang='lat' dir='ltr'><strong>ingeneratum,</strong></span> <span class='ocrx_word' id='word_1_219' title='bbox 694 1541 769 1568; x_wconf 88' lang='lat' dir='ltr'><strong>velut</strong></span> <span class='ocrx_word' id='word_1_220' title='bbox 794 1548 908 1569; x_wconf 89' lang='lat' dir='ltr'><strong>mortem</strong></span> <span class='ocrx_word' id='word_1_221' title='bbox 931 1548 1014 1579; x_wconf 88' lang='lat' dir='ltr'><strong>atque</strong></span> 
     </span>
    </p>
   </div>
   <div class='ocr_carea' id='block_1_35' title="bbox 221 1581 1013 1622">
    <p class='ocr_par' dir='ltr' id='par_1_35' title="bbox 221 1581 1013 1622">
     <span class='ocr_line' id='line_1_35' title="bbox 221 1581 1013 1622; baseline 0.015 -15"><span class='ocrx_word' id='word_1_222' title='bbox 221 1581 347 1615; x_wconf 81' lang='lat' dir='ltr'><strong>exitium,</strong></span> <span class='ocrx_word' id='word_1_223' title='bbox 362 1583 474 1617; x_wconf 87' lang='lat' dir='ltr'><strong>perinde</strong></span> <span class='ocrx_word' id='word_1_224' title='bbox 490 1590 571 1620; x_wconf 90' lang='lat' dir='ltr'><strong>atque</strong></span> <span class='ocrx_word' id='word_1_225' title='bbox 591 1586 680 1614; x_wconf 88' lang='lat' dir='ltr'><strong>tribus</strong></span> <span class='ocrx_word' id='word_1_226' title='bbox 699 1589 951 1622; x_wconf 88' lang='lat' dir='ltr'><strong>perturbationibus</strong></span> <span class='ocrx_word' id='word_1_227' title='bbox 971 1592 1013 1618; x_wconf 92' lang='lat' dir='ltr'><strong>in-</strong></span> 
     </span>
    </p>
   </div>
   <div class='ocr_carea' id='block_1_36' title="bbox 223 1628 644 1663">
    <p class='ocr_par' dir='ltr' id='par_1_36' title="bbox 223 1628 644 1663">
     <span class='ocr_line' id='line_1_36' title="bbox 223 1628 644 1663; baseline 0.017 -10"><span class='ocrx_word' id='word_1_228' title='bbox 223 1631 324 1654; x_wconf 83' lang='lat' dir='ltr'><strong>sertam</strong></span> <span class='ocrx_word' id='word_1_229' title='bbox 340 1628 521 1663; x_wconf 81' lang='lat' dir='ltr'><strong>ignorantiam</strong></span> <span class='ocrx_word' id='word_1_230' title='bbox 536 1632 644 1659; x_wconf 85' lang='lat' dir='ltr'><strong>docent.</strong></span> 
     </span>
    </p>
   </div>
   <div class='ocr_carea' id='block_1_37' title="bbox 257 1672 1012 1712">
    <p class='ocr_par' dir='ltr' id='par_1_37' title="bbox 257 1672 1012 1712">
     <span class='ocr_line' id='line_1_37' title="bbox 257 1672 1012 1712; baseline 0.016 -14"><span class='ocrx_word' id='word_1_231' title='bbox 257 1672 297 1699; x_wconf 86' lang='lat' dir='ltr'><strong>Ad</strong></span> <span class='ocrx_word' id='word_1_232' title='bbox 310 1673 377 1706; x_wconf 84' lang='lat' dir='ltr'><strong>haec,</strong></span> <span class='ocrx_word' id='word_1_233' title='bbox 389 1675 513 1703; x_wconf 83' lang='lat' dir='ltr'><strong>absoluta</strong></span> <span class='ocrx_word' id='word_1_234' title='bbox 524 1678 619 1705; x_wconf 90' lang='lat' dir='ltr'><strong>mundi</strong></span> <span class='ocrx_word' id='word_1_235' title='bbox 631 1678 745 1712; x_wconf 79' lang='lat' dir='ltr'><strong>fabrica,</strong></span> <span class='ocrx_word' id='word_1_236' title='bbox 759 1680 861 1708; x_wconf 90' lang='lat' dir='ltr'><strong>luteum</strong></span> <span class='ocrx_word' id='word_1_237' title='bbox 874 1682 1012 1710; x_wconf 90' lang='lat' dir='ltr'><strong>hominem</strong></span> 
     </span>
    </p>
   </div>
   <div class='ocr_carea' id='block_1_38' title="bbox 221 1715 1011 1758">
    <p class='ocr_par' dir='ltr' id='par_1_38' title="bbox 221 1715 1011 1758">
     <span class='ocr_line' id='line_1_38' title="bbox 221 1715 1011 1758; baseline 0.016 -16"><span class='ocrx_word' id='word_1_238' title='bbox 221 1723 238 1742; x_wconf 87' lang='lat' dir='ltr'><strong>a</strong></span> <span class='ocrx_word' id='word_1_239' title='bbox 254 1715 401 1746; x_wconf 88' lang='lat' dir='ltr'><strong>Conditore</strong></span> <span class='ocrx_word' id='word_1_240' title='bbox 418 1720 521 1752; x_wconf 80' lang='lat' dir='ltr'><strong>fictum,</strong></span> <span class='ocrx_word' id='word_1_241' title='bbox 537 1729 592 1749; x_wconf 92' lang='lat' dir='ltr'><strong>non</strong></span> <span class='ocrx_word' id='word_1_242' title='bbox 607 1731 648 1749; x_wconf 82' lang='lat' dir='ltr'><strong>ex.</strong></span> <span class='ocrx_word' id='word_1_243' title='bbox 659 1725 732 1752; x_wconf 86' lang='lat' dir='ltr'><strong>sicca</strong></span> <span class='ocrx_word' id='word_1_244' title='bbox 747 1726 792 1752; x_wconf 89' lang='lat' dir='ltr'><strong>illa</strong></span> <span class='ocrx_word' id='word_1_245' title='bbox 809 1730 901 1754; x_wconf 89' lang='lat' dir='ltr'><strong>tamen</strong></span> <span class='ocrx_word' id='word_1_246' title='bbox 918 1727 1011 1758; x_wconf 79' lang='lat' dir='ltr'><strong>humo.</strong></span> 
     </span>
    </p>
   </div>
   <div class='ocr_carea' id='block_1_39' title="bbox 221 1761 1013 1802">
    <p class='ocr_par' dir='ltr' id='par_1_39' title="bbox 221 1761 1013 1802">
     <span class='ocr_line' id='line_1_39' title="bbox 221 1761 1013 1802; baseline 0.016 -15"><span class='ocrx_word' id='word_1_247' title='bbox 221 1761 269 1788; x_wconf 84' lang='lat' dir='ltr'><strong>sed</strong></span> <span class='ocrx_word' id='word_1_248' title='bbox 285 1770 318 1788; x_wconf 84' lang='lat' dir='ltr'><strong>ex</strong></span> <span class='ocrx_word' id='word_1_249' title='bbox 335 1763 423 1791; x_wconf 90' lang='lat' dir='ltr'><strong>visum</strong></span> <span class='ocrx_word' id='word_1_250' title='bbox 441 1764 561 1799; x_wconf 84' lang='lat' dir='ltr'><strong>fugiente</strong></span> <span class='ocrx_word' id='word_1_251' title='bbox 581 1768 746 1802; x_wconf 83' lang='lat' dir='ltr'><strong>substantia,</strong></span> <span class='ocrx_word' id='word_1_252' title='bbox 774 1778 837 1798; x_wconf 91' lang='lat' dir='ltr'><strong>cum</strong></span> <span class='ocrx_word' id='word_1_253' title='bbox 864 1779 897 1799; x_wconf 85' lang='lat' dir='ltr'><strong>ex</strong></span> <span class='ocrx_word' id='word_1_254' title='bbox 914 1771 1013 1799; x_wconf 78' lang='lat' dir='ltr'><strong>dilIusa</strong></span> 
     </span>
    </p>
   </div>
   <div class='ocr_carea' id='block_1_40' title="bbox 221 1807 1012 1850">
    <p class='ocr_par' dir='ltr' id='par_1_40' title="bbox 221 1807 1012 1850">
     <span class='ocr_line' id='line_1_40' title="bbox 221 1807 1012 1850; baseline 0.016 -17"><span class='ocrx_word' id='word_1_255' title='bbox 221 1807 378 1843; x_wconf 85' lang='lat' dir='ltr'><strong>liquidaque</strong></span> <span class='ocrx_word' id='word_1_256' title='bbox 404 1812 526 1839; x_wconf 68' lang='lat' dir='ltr'><strong>materiae</strong></span> <span class='ocrx_word' id='word_1_257' title='bbox 546 1817 623 1847; x_wconf 86' lang='lat' dir='ltr'><strong>parte</strong></span> <span class='ocrx_word' id='word_1_258' title='bbox 649 1816 821 1850; x_wconf 87' lang='lat' dir='ltr'><strong>sumpsisset,</strong></span> <span class='ocrx_word' id='word_1_259' title='bbox 846 1821 872 1844; x_wconf 90' lang='lat' dir='ltr'><strong>et</strong></span> <span class='ocrx_word' id='word_1_260' title='bbox 898 1818 925 1845; x_wconf 88' lang='lat' dir='ltr'><strong>in</strong></span> <span class='ocrx_word' id='word_1_261' title='bbox 950 1826 1012 1845; x_wconf 90' lang='lat' dir='ltr'><strong>eum</strong></span> 
     </span>
    </p>
   </div>
   <div class='ocr_carea' id='block_1_41' title="bbox 221 1851 1013 1896">
    <p class='ocr_par' dir='ltr' id='par_1_41' title="bbox 221 1851 1013 1896">
     <span class='ocr_line' id='line_1_41' title="bbox 221 1851 1013 1896; baseline 0.014 -18"><span class='ocrx_word' id='word_1_262' title='bbox 221 1851 359 1880; x_wconf 87' lang='lat' dir='ltr'><strong>hominem</strong></span> <span class='ocrx_word' id='word_1_263' title='bbox 383 1855 526 1883; x_wconf 85' lang='lat' dir='ltr'><strong>animalem</strong></span> <span class='ocrx_word' id='word_1_264' title='bbox 548 1858 663 1885; x_wconf 84' lang='lat' dir='ltr'><strong>alterum</strong></span> <span class='ocrx_word' id='word_1_265' title='bbox 686 1859 857 1894; x_wconf 88' lang='lat' dir='ltr'><strong>inspirasset.</strong></span> <span class='ocrx_word' id='word_1_266' title='bbox 880 1861 1013 1896; x_wconf 85' lang='lat' dir='ltr'><strong>Huncque</strong></span> 
     </span>
    </p>
   </div>
   <div class='ocr_carea' id='block_1_42' title="bbox 221 1898 1014 1940">
    <p class='ocr_par' dir='ltr' id='par_1_42' title="bbox 221 1898 1014 1940">
     <span class='ocr_line' id='line_1_42' title="bbox 221 1898 1014 1940; baseline 0.014 -16"><span class='ocrx_word' id='word_1_267' title='bbox 221 1898 289 1925; x_wconf 86' lang='lat' dir='ltr'><strong>adeo</strong></span> <span class='ocrx_word' id='word_1_268' title='bbox 307 1899 484 1934; x_wconf 88' lang='lat' dir='ltr'><strong>ipsumillum</strong></span> <span class='ocrx_word' id='word_1_269' title='bbox 501 1909 572 1935; x_wconf 83' lang='lat' dir='ltr'><strong>esse,</strong></span> <span class='ocrx_word' id='word_1_270' title='bbox 589 1904 635 1938; x_wconf 86' lang='lat' dir='ltr'><strong>qui</strong></span> <span class='ocrx_word' id='word_1_271' title='bbox 651 1904 684 1931; x_wconf 86' lang='lat' dir='ltr'><strong>ad</strong></span> <span class='ocrx_word' id='word_1_272' title='bbox 700 1904 845 1940; x_wconf 87' lang='lat' dir='ltr'><strong>imaginem</strong></span> <span class='ocrx_word' id='word_1_273' title='bbox 869 1915 901 1934; x_wconf 91' lang='lat' dir='ltr'><strong>ac</strong></span> <span class='ocrx_word' id='word_1_274' title='bbox 919 1908 1014 1935; x_wconf 91' lang='lat' dir='ltr'><strong>simili-</strong></span> 
     </span>
    </p>
   </div>
   <div class='ocr_carea' id='block_1_43' title="bbox 223 1944 1013 1987">
    <p class='ocr_par' dir='ltr' id='par_1_43' title="bbox 223 1944 1013 1987">
     <span class='ocr_line' id='line_1_43' title="bbox 223 1944 1013 1987; baseline 0.015 -17"><span class='ocrx_word' id='word_1_275' title='bbox 223 1944 344 1972; x_wconf 89' lang='lat' dir='ltr'><strong>tudinem</strong></span> <span class='ocrx_word' id='word_1_276' title='bbox 360 1946 395 1972; x_wconf 82' lang='lat' dir='ltr'><strong>sit</strong></span> <span class='ocrx_word' id='word_1_277' title='bbox 407 1954 561 1981; x_wconf 83' lang='lat' dir='ltr'><strong>expressus.</strong></span> <span class='ocrx_word' id='word_1_278' title='bbox 575 1948 642 1976; x_wconf 88' lang='lat' dir='ltr'><strong>Nam</strong></span> <span class='ocrx_word' id='word_1_279' title='bbox 664 1950 698 1977; x_wconf 85' lang='lat' dir='ltr'><strong>ad</strong></span> <span class='ocrx_word' id='word_1_280' title='bbox 716 1951 860 1987; x_wconf 84' lang='lat' dir='ltr'><strong>imaginem</strong></span> <span class='ocrx_word' id='word_1_281' title='bbox 875 1961 936 1980; x_wconf 89' lang='lat' dir='ltr'><strong>eum</strong></span> <span class='ocrx_word' id='word_1_282' title='bbox 952 1962 1013 1982; x_wconf 87' lang='lat' dir='ltr'><strong>esse</strong></span> 
     </span>
    </p>
   </div>
   <div class='ocr_carea' id='block_1_44' title="bbox 221 1988 1012 2032">
    <p class='ocr_par' dir='ltr' id='par_1_44' title="bbox 221 1988 1012 2032">
     <span class='ocr_line' id='line_1_44' title="bbox 221 1988 1012 2032; baseline 0.014 -17"><span class='ocrx_word' id='word_1_283' title='bbox 221 1988 333 2022; x_wconf 83' lang='lat' dir='ltr'><strong>factum,</strong></span> <span class='ocrx_word' id='word_1_284' title='bbox 348 1991 393 2026; x_wconf 85' lang='lat' dir='ltr'><strong>qui</strong></span> <span class='ocrx_word' id='word_1_285' title='bbox 411 1993 524 2020; x_wconf 86' lang='lat' dir='ltr'><strong>materia</strong></span> <span class='ocrx_word' id='word_1_286' title='bbox 540 1999 656 2027; x_wconf 85' lang='lat' dir='ltr'><strong>constat,</strong></span> <span class='ocrx_word' id='word_1_287' title='bbox 670 1997 772 2032; x_wconf 90' lang='lat' dir='ltr'><strong>quique</strong></span> <span class='ocrx_word' id='word_1_288' title='bbox 788 1997 825 2024; x_wconf 88' lang='lat' dir='ltr'><strong>ita</strong></span> <span class='ocrx_word' id='word_1_289' title='bbox 849 1997 898 2024; x_wconf 88' lang='lat' dir='ltr'><strong>Dei</strong></span> <span class='ocrx_word' id='word_1_290' title='bbox 915 1999 1012 2027; x_wconf 90' lang='lat' dir='ltr'><strong>similis</strong></span> 
     </span>
    </p>
   </div>
   <div class='ocr_carea' id='block_1_45' title="bbox 220 2034 1011 2078">
    <p class='ocr_par' dir='ltr' id='par_1_45' title="bbox 220 2034 1011 2078">
     <span class='ocr_line' id='line_1_45' title="bbox 220 2034 1011 2078; baseline 0.015 -18"><span class='ocrx_word' id='word_1_291' title='bbox 220 2034 267 2065; x_wconf 80' lang='lat' dir='ltr'><strong>sit,</strong></span> <span class='ocrx_word' id='word_1_292' title='bbox 282 2039 310 2061; x_wconf 88' lang='lat' dir='ltr'><strong>ut</strong></span> <span class='ocrx_word' id='word_1_293' title='bbox 323 2036 444 2063; x_wconf 90' lang='lat' dir='ltr'><strong>eamdem</strong></span> <span class='ocrx_word' id='word_1_294' title='bbox 457 2045 517 2064; x_wconf 90' lang='lat' dir='ltr'><strong>cum</strong></span> <span class='ocrx_word' id='word_1_295' title='bbox 529 2039 588 2073; x_wconf 91' lang='lat' dir='ltr'><strong>ipso</strong></span> <span class='ocrx_word' id='word_1_296' title='bbox 599 2044 724 2067; x_wconf 88' lang='lat' dir='ltr'><strong>naturam</strong></span> <span class='ocrx_word' id='word_1_297' title='bbox 740 2042 850 2070; x_wconf 85' lang='lat' dir='ltr'><strong>minime</strong></span> <span class='ocrx_word' id='word_1_298' title='bbox 861 2044 1011 2078; x_wconf 86' lang='lat' dir='ltr'><strong>sortiatur;</strong></span> 
     </span>
    </p>
   </div>
   <div class='ocr_carea' id='block_1_46' title="bbox 221 2078 1013 2121">
    <p class='ocr_par' dir='ltr' id='par_1_46' title="bbox 221 2078 1013 2121">
     <span class='ocr_line' id='line_1_46' title="bbox 221 2078 1013 2121; baseline 0.015 -17"><span class='ocrx_word' id='word_1_299' title='bbox 221 2078 367 2106; x_wconf 87' lang='lat' dir='ltr'><strong>animalem</strong></span> <span class='ocrx_word' id='word_1_300' title='bbox 391 2089 456 2108; x_wconf 81' lang='lat' dir='ltr'><strong>vero</strong></span> <span class='ocrx_word' id='word_1_301' title='bbox 483 2083 517 2109; x_wconf 91' lang='lat' dir='ltr'><strong>ad</strong></span> <span class='ocrx_word' id='word_1_302' title='bbox 544 2084 750 2112; x_wconf 91' lang='lat' dir='ltr'><strong>similitudinem</strong></span> <span class='ocrx_word' id='word_1_303' title='bbox 778 2086 913 2121; x_wconf 70' lang='lat' dir='ltr'><strong>edictum;</strong></span> <span class='ocrx_word' id='word_1_304' title='bbox 941 2089 1013 2116; x_wconf 87' lang='lat' dir='ltr'><strong>unde</strong></span> 
     </span>
    </p>
   </div>
   <div class='ocr_carea' id='block_1_47' title="bbox 220 2124 1013 2170">
    <p class='ocr_par' dir='ltr' id='par_1_47' title="bbox 220 2124 1013 2170">
     <span class='ocr_line' id='line_1_47' title="bbox 220 2124 1013 2170; baseline 0.016 -21"><span class='ocrx_word' id='word_1_305' title='bbox 220 2124 301 2150; x_wconf 88' lang='lat' dir='ltr'><strong>etiam</strong></span> <span class='ocrx_word' id='word_1_306' title='bbox 313 2126 374 2153; x_wconf 63' lang='lat' dir='ltr'><strong>vitm</strong></span> <span class='ocrx_word' id='word_1_307' title='bbox 387 2127 514 2161; x_wconf 91' lang='lat' dir='ltr'><strong>spiritum</strong></span> <span class='ocrx_word' id='word_1_308' title='bbox 526 2129 586 2163; x_wconf 90' lang='lat' dir='ltr'><strong>ejus</strong></span> <span class='ocrx_word' id='word_1_309' title='bbox 601 2131 730 2166; x_wconf 89' lang='lat' dir='ltr'><strong>appellari</strong></span> <span class='ocrx_word' id='word_1_310' title='bbox 743 2132 936 2168; x_wconf 86' lang='lat' dir='ltr'><strong>substantiam,</strong></span> <span class='ocrx_word' id='word_1_311' title='bbox 952 2142 1013 2170; x_wconf 61' lang='lat' dir='ltr'><strong>qua</strong></span> 
     </span>
    </p>
   </div>
   <div class='ocr_carea' id='block_1_48' title="bbox 219 2171 1012 2213">
    <p class='ocr_par' dir='ltr' id='par_1_48' title="bbox 219 2171 1012 2213">
     <span class='ocr_line' id='line_1_48' title="bbox 219 2171 1012 2213; baseline 0.018 -17"><span class='ocrx_word' id='word_1_312' title='bbox 219 2177 253 2196; x_wconf 85' lang='lat' dir='ltr'><strong>ex</strong></span> <span class='ocrx_word' id='word_1_313' title='bbox 270 2171 384 2205; x_wconf 88' lang='lat' dir='ltr'><strong>spiritali</strong></span> <span class='ocrx_word' id='word_1_314' title='bbox 402 2174 519 2208; x_wconf 89' lang='lat' dir='ltr'><strong>quadam</strong></span> <span class='ocrx_word' id='word_1_315' title='bbox 533 2175 651 2205; x_wconf 83' lang='lat' dir='ltr'><strong>ﬂuxionc</strong></span> <span class='ocrx_word' id='word_1_316' title='bbox 666 2179 788 2213; x_wconf 77' lang='lat' dir='ltr'><strong>profecta</strong></span> <span class='ocrx_word' id='word_1_317' title='bbox 806 2181 850 2208; x_wconf 87' lang='lat' dir='ltr'><strong>sit.</strong></span> <span class='ocrx_word' id='word_1_318' title='bbox 869 2181 1012 2210; x_wconf 86' lang='lat' dir='ltr'><strong>Postremo</strong></span> 
     </span>
    </p>
   </div>
   <div class='ocr_carea' id='block_1_49' title="bbox 1077 254 1877 294">
    <p class='ocr_par' dir='ltr' id='par_1_49' title="bbox 1077 254 1877 294">
     <span class='ocr_line' id='line_1_49' title="bbox 1077 254 1877 294; baseline 0.008 -14"><span class='ocrx_word' id='word_1_319' title='bbox 1077 254 1131 281; x_wconf 84' lang='grc' dir='ltr'><strong>θῶν</strong></span> <span class='ocrx_word' id='word_1_320' title='bbox 1148 256 1275 290; x_wconf 75' lang='grc' dir='ltr'><strong>συστῆναι</strong></span> <span class='ocrx_word' id='word_1_321' title='bbox 1289 255 1406 290; x_wconf 81' lang='grc' dir='ltr'>λέγουσι,</span> <span class='ocrx_word' id='word_1_322' title='bbox 1423 257 1505 291; x_wconf 79' lang='grc' dir='ltr'>φόϐου</span> <span class='ocrx_word' id='word_1_323' title='bbox 1524 266 1554 283; x_wconf 81' lang='grc' dir='ltr'><strong>τε</strong></span> <span class='ocrx_word' id='word_1_324' title='bbox 1576 258 1622 283; x_wconf 83' lang='grc' dir='ltr'><strong>καὶ</strong></span> <span class='ocrx_word' id='word_1_325' title='bbox 1633 258 1720 294; x_wconf 79' lang='grc' dir='ltr'>λύπης</span> <span class='ocrx_word' id='word_1_326' title='bbox 1735 260 1781 285; x_wconf 74' lang='grc' dir='ltr'><strong>καὶ</strong></span> <span class='ocrx_word' id='word_1_327' title='bbox 1799 260 1877 293; x_wconf 63' lang='grc' dir='ltr'><strong>ἀιττοοι</strong></span> 
     </span>
    </p>
   </div>
   <div class='ocr_carea' id='block_1_50' title="bbox 1079 296 1875 340">
    <p class='ocr_par' dir='ltr' id='par_1_50' title="bbox 1079 296 1875 340">
     <span class='ocr_line' id='line_1_50' title="bbox 1079 296 1875 340; baseline 0.008 -14"><span class='ocrx_word' id='word_1_328' title='bbox 1079 301 1148 335; x_wconf 76' lang='grc' dir='ltr'>ρίας,</span> <span class='ocrx_word' id='word_1_329' title='bbox 1162 301 1193 327; x_wconf 77' lang='grc' dir='ltr'>ἐκ</span> <span class='ocrx_word' id='word_1_330' title='bbox 1209 301 1257 336; x_wconf 78' lang='grc' dir='ltr'><strong>μὲν</strong></span> <span class='ocrx_word' id='word_1_331' title='bbox 1271 301 1318 328; x_wconf 74' lang='grc' dir='ltr'>τοῦ</span> <span class='ocrx_word' id='word_1_332' title='bbox 1342 302 1424 336; x_wconf 80' lang='grc' dir='ltr'>φόϐου</span> <span class='ocrx_word' id='word_1_333' title='bbox 1447 303 1494 329; x_wconf 72' lang='grc' dir='ltr'><strong>καὶ</strong></span> <span class='ocrx_word' id='word_1_334' title='bbox 1513 303 1562 338; x_wconf 84' lang='grc' dir='ltr'><strong>τῆς</strong></span> <span class='ocrx_word' id='word_1_335' title='bbox 1581 305 1747 340; x_wconf 72' lang='grc' dir='ltr'><strong>ἐπιστροφῆς</strong></span> <span class='ocrx_word' id='word_1_336' title='bbox 1766 306 1801 332; x_wconf 80' lang='grc' dir='ltr'>τὰ</span> <span class='ocrx_word' id='word_1_337' title='bbox 1814 296 1875 340; x_wconf 29' lang='grc' dir='ltr'><strong>φιν-Α</strong></span> 
     </span>
    </p>
   </div>
   <div class='ocr_carea' id='block_1_51' title="bbox 1076 346 1869 387">
    <p class='ocr_par' dir='ltr' id='par_1_51' title="bbox 1076 346 1869 387">
     <span class='ocr_line' id='line_1_51' title="bbox 1076 346 1869 387; baseline 0.01 -16"><span class='ocrx_word' id='word_1_338' title='bbox 1076 346 1140 381; x_wconf 78' lang='grc' dir='ltr'>χικὰ</span> <span class='ocrx_word' id='word_1_339' title='bbox 1157 347 1206 382; x_wconf 80' lang='grc' dir='ltr'>τὴν</span> <span class='ocrx_word' id='word_1_340' title='bbox 1221 347 1351 373; x_wconf 71' lang='grc' dir='ltr'>σύστασιν</span> <span class='ocrx_word' id='word_1_341' title='bbox 1375 348 1524 384; x_wconf 74' lang='grc' dir='ltr'>εἰληφέναι,</span> <span class='ocrx_word' id='word_1_342' title='bbox 1546 351 1578 376; x_wconf 80' lang='grc' dir='ltr'><strong>ἐκ</strong></span> <span class='ocrx_word' id='word_1_343' title='bbox 1597 350 1646 385; x_wconf 79' lang='grc' dir='ltr'>μὲν</span> <span class='ocrx_word' id='word_1_344' title='bbox 1669 351 1719 386; x_wconf 86' lang='grc' dir='ltr'><strong>τῆς</strong></span> <span class='ocrx_word' id='word_1_345' title='bbox 1740 352 1869 387; x_wconf 76' lang='grc' dir='ltr'>ἐπιστρο-</span> 
     </span>
    </p>
   </div>
   <div class='ocr_carea' id='block_1_52' title="bbox 1077 391 1869 432">
    <p class='ocr_par' dir='ltr' id='par_1_52' title="bbox 1077 391 1869 432">
     <span class='ocr_line' id='line_1_52' title="bbox 1077 391 1869 432; baseline 0.01 -16"><span class='ocrx_word' id='word_1_346' title='bbox 1077 391 1129 426; x_wconf 69' lang='grc' dir='ltr'>φῆς</span> <span class='ocrx_word' id='word_1_347' title='bbox 1146 391 1192 417; x_wconf 81' lang='grc' dir='ltr'><strong>τὸν</strong></span> <span class='ocrx_word' id='word_1_348' title='bbox 1211 392 1379 428; x_wconf 78' lang='grc' dir='ltr'>Δημιουργὸν</span> <span class='ocrx_word' id='word_1_349' title='bbox 1395 393 1533 428; x_wconf 83' lang='grc' dir='ltr'>βούλονται</span> <span class='ocrx_word' id='word_1_350' title='bbox 1556 395 1604 429; x_wconf 86' lang='grc' dir='ltr'>τὴν</span> <span class='ocrx_word' id='word_1_351' title='bbox 1625 395 1730 429; x_wconf 80' lang='grc' dir='ltr'>γένεσιν</span> <span class='ocrx_word' id='word_1_352' title='bbox 1750 397 1869 432; x_wconf 80' lang='grc' dir='ltr'>ἐσχηκέ-</span> 
     </span>
    </p>
   </div>
   <div class='ocr_carea' id='block_1_53' title="bbox 1076 437 1869 478">
    <p class='ocr_par' dir='ltr' id='par_1_53' title="bbox 1076 437 1869 478">
     <span class='ocr_line' id='line_1_53' title="bbox 1076 437 1869 478; baseline 0.009 -16"><span class='ocrx_word' id='word_1_353' title='bbox 1076 444 1129 468; x_wconf 82' lang='grc' dir='ltr'>ναι,</span> <span class='ocrx_word' id='word_1_354' title='bbox 1148 437 1178 462; x_wconf 84' lang='grc' dir='ltr'>ἐκ</span> <span class='ocrx_word' id='word_1_355' title='bbox 1194 437 1222 463; x_wconf 84' lang='grc' dir='ltr'>δὲ</span> <span class='ocrx_word' id='word_1_356' title='bbox 1238 437 1284 463; x_wconf 81' lang='grc' dir='ltr'><strong>τοῦ</strong></span> <span class='ocrx_word' id='word_1_357' title='bbox 1300 437 1382 472; x_wconf 84' lang='grc' dir='ltr'>φόϐου</span> <span class='ocrx_word' id='word_1_358' title='bbox 1396 440 1446 474; x_wconf 83' lang='grc' dir='ltr'>τὴν</span> <span class='ocrx_word' id='word_1_359' title='bbox 1457 439 1552 475; x_wconf 81' lang='grc' dir='ltr'>λοιπὴν</span> <span class='ocrx_word' id='word_1_360' title='bbox 1569 442 1658 467; x_wconf 78' lang='grc' dir='ltr'>πᾶσαν</span> <span class='ocrx_word' id='word_1_361' title='bbox 1671 441 1787 478; x_wconf 75' lang='grc' dir='ltr'>ψυχικὴν</span> <span class='ocrx_word' id='word_1_362' title='bbox 1803 443 1869 469; x_wconf 79' lang='grc' dir='ltr'>ὑπό-</span> 
     </span>
    </p>
   </div>
   <div class='ocr_carea' id='block_1_54' title="bbox 1077 484 1868 524">
    <p class='ocr_par' dir='ltr' id='par_1_54' title="bbox 1077 484 1868 524">
     <span class='ocr_line' id='line_1_54' title="bbox 1077 484 1868 524; baseline 0.008 -15"><span class='ocrx_word' id='word_1_363' title='bbox 1077 492 1181 516; x_wconf 80' lang='grc' dir='ltr'>στασιν,</span> <span class='ocrx_word' id='word_1_364' title='bbox 1206 484 1244 516; x_wconf 82' lang='grc' dir='ltr'>ὡς</span> <span class='ocrx_word' id='word_1_365' title='bbox 1260 485 1348 521; x_wconf 76' lang='grc' dir='ltr'>ψυχὰς</span> <span class='ocrx_word' id='word_1_366' title='bbox 1369 486 1474 520; x_wconf 83' lang='grc' dir='ltr'>ἀλόγων</span> <span class='ocrx_word' id='word_1_367' title='bbox 1501 486 1587 519; x_wconf 79' lang='grc' dir='ltr'>ζώων,</span> <span class='ocrx_word' id='word_1_368' title='bbox 1610 488 1656 514; x_wconf 52' lang='grc' dir='ltr'><strong>καί¹</strong></span> <span class='ocrx_word' id='word_1_369' title='bbox 1679 488 1790 524; x_wconf 77' lang='grc' dir='ltr'>θηρίων,</span> <span class='ocrx_word' id='word_1_370' title='bbox 1817 490 1868 516; x_wconf 80' lang='grc' dir='ltr'><strong>καὶ</strong></span> 
     </span>
    </p>
   </div>
   <div class='ocr_carea' id='block_1_55' title="bbox 1075 529 1867 570">
    <p class='ocr_par' dir='ltr' id='par_1_55' title="bbox 1075 529 1867 570">
     <span class='ocr_line' id='line_1_55' title="bbox 1075 529 1867 570; baseline 0.009 -16"><span class='ocrx_word' id='word_1_371' title='bbox 1075 529 1237 565; x_wconf 85' lang='grc' dir='ltr'>ἀνθρώπων.</span> <span class='ocrx_word' id='word_1_372' title='bbox 1253 531 1302 558; x_wconf 75' lang='grc' dir='ltr'><strong>Διὰ</strong></span> <span class='ocrx_word' id='word_1_373' title='bbox 1323 531 1401 558; x_wconf 75' lang='grc' dir='ltr'>τοῦτο</span> <span class='ocrx_word' id='word_1_374' title='bbox 1425 532 1590 568; x_wconf 79' lang='grc' dir='ltr'><strong>ἀτονώτερον</strong></span> <span class='ocrx_word' id='word_1_375' title='bbox 1611 534 1691 560; x_wconf 75' lang='grc' dir='ltr'>αὑτὸν</span> <span class='ocrx_word' id='word_1_376' title='bbox 1708 535 1867 570; x_wconf 79' lang='grc' dir='ltr'>ὑπάρχοντα</span> 
     </span>
    </p>
   </div>
   <div class='ocr_carea' id='block_1_56' title="bbox 1075 574 1867 616">
    <p class='ocr_par' dir='ltr' id='par_1_56' title="bbox 1075 574 1867 616">
     <span class='ocr_line' id='line_1_56' title="bbox 1075 574 1867 616; baseline 0.01 -16"><span class='ocrx_word' id='word_1_377' title='bbox 1075 574 1142 610; x_wconf 78' lang='grc' dir='ltr'>πρὸς</span> <span class='ocrx_word' id='word_1_378' title='bbox 1157 575 1186 601; x_wconf 84' lang='grc' dir='ltr'><strong>τὸ</strong></span> <span class='ocrx_word' id='word_1_379' title='bbox 1199 576 1343 609; x_wconf 81' lang='grc' dir='ltr'><strong>γινώσκειν</strong></span> <span class='ocrx_word' id='word_1_380' title='bbox 1355 578 1413 604; x_wconf 77' lang='grc' dir='ltr'>τινὰ</span> <span class='ocrx_word' id='word_1_381' title='bbox 1429 580 1612 613; x_wconf 75' lang='grc' dir='ltr'>πνευματικὰ,</span> <span class='ocrx_word' id='word_1_382' title='bbox 1627 580 1708 607; x_wconf 69' lang='grc' dir='ltr'>αὑτὸν</span> <span class='ocrx_word' id='word_1_383' title='bbox 1724 582 1867 616; x_wconf 81' lang='grc' dir='ltr'>νενομικέ-</span> 
     </span>
    </p>
   </div>
   <div class='ocr_carea' id='block_1_57' title="bbox 1074 619 1868 663">
    <p class='ocr_par' dir='ltr' id='par_1_57' title="bbox 1074 619 1868 663">
     <span class='ocr_line' id='line_1_57' title="bbox 1074 619 1868 663; baseline 0.01 -17"><span class='ocrx_word' id='word_1_384' title='bbox 1074 629 1117 647; x_wconf 78' lang='grc' dir='ltr'><strong>ναι</strong></span> <span class='ocrx_word' id='word_1_385' title='bbox 1136 622 1216 656; x_wconf 87' lang='grc' dir='ltr'>μόνον</span> <span class='ocrx_word' id='word_1_386' title='bbox 1233 619 1302 649; x_wconf 79' lang='grc' dir='ltr'>εἶναι</span> <span class='ocrx_word' id='word_1_387' title='bbox 1316 623 1392 655; x_wconf 79' lang='grc' dir='ltr'>Θεὸν,</span> <span class='ocrx_word' id='word_1_388' title='bbox 1407 624 1453 650; x_wconf 77' lang='grc' dir='ltr'>καὶ</span> <span class='ocrx_word' id='word_1_389' title='bbox 1469 625 1512 652; x_wconf 73' lang='grc' dir='ltr'>διὰ</span> <span class='ocrx_word' id='word_1_390' title='bbox 1530 625 1583 652; x_wconf 87' lang='grc' dir='ltr'><strong>τῶν</strong></span> <span class='ocrx_word' id='word_1_391' title='bbox 1599 627 1744 662; x_wconf 53' lang='grc' dir='ltr'>προσητῶν</span> <span class='ocrx_word' id='word_1_392' title='bbox 1756 628 1868 663; x_wconf 77' lang='grc' dir='ltr'>εἰρηκέ-</span> 
     </span>
    </p>
   </div>
   <div class='ocr_carea' id='block_1_58' title="bbox 1073 666 1867 706">
    <p class='ocr_par' dir='ltr' id='par_1_58' title="bbox 1073 666 1867 706">
     <span class='ocr_line' id='line_1_58' title="bbox 1073 666 1867 706; baseline 0.008 -15"><span class='ocrx_word' id='word_1_393' title='bbox 1073 673 1132 691; x_wconf 85' lang='grc' dir='ltr'><strong>ναι·</strong></span> <span class='ocrx_word' id='word_1_394' title='bbox 1164 666 1235 700; x_wconf 72' lang='grc' dir='ltr'><strong>Ὲγὼ</strong></span> <span class='ocrx_word' id='word_1_395' title='bbox 1261 667 1343 700; x_wconf 80' lang='grc' dir='ltr'>Θεὸς,</span> <span class='ocrx_word' id='word_1_396' title='bbox 1369 668 1452 701; x_wconf 72' lang='grc' dir='ltr'><strong>πλὴν</strong></span> <span class='ocrx_word' id='word_1_397' title='bbox 1472 668 1545 703; x_wconf 81' lang='grc' dir='ltr'>ἐμοῦ</span> <span class='ocrx_word' id='word_1_398' title='bbox 1568 670 1676 702; x_wconf 77' lang='grc' dir='ltr'>οὐδείς.</span> <span class='ocrx_word' id='word_1_399' title='bbox 1698 670 1744 696; x_wconf 84' lang='grc' dir='ltr'>Ἐκ</span> <span class='ocrx_word' id='word_1_400' title='bbox 1765 671 1794 697; x_wconf 82' lang='grc' dir='ltr'>δὲ</span> <span class='ocrx_word' id='word_1_401' title='bbox 1815 672 1867 706; x_wconf 86' lang='grc' dir='ltr'><strong>τῆς</strong></span> 
     </span>
    </p>
   </div>
   <div class='ocr_carea' id='block_1_59' title="bbox 1073 709 1866 749">
    <p class='ocr_par' dir='ltr' id='par_1_59' title="bbox 1073 709 1866 749">
     <span class='ocr_line' id='line_1_59' title="bbox 1073 709 1866 749; baseline 0.009 -14"><span class='ocrx_word' id='word_1_402' title='bbox 1073 709 1168 745; x_wconf 82' lang='grc' dir='ltr'>λοιπῆς</span> <span class='ocrx_word' id='word_1_403' title='bbox 1186 711 1220 737; x_wconf 81' lang='grc' dir='ltr'>τὰ</span> <span class='ocrx_word' id='word_1_404' title='bbox 1241 712 1413 747; x_wconf 80' lang='grc' dir='ltr'>πνευματικὰ</span> <span class='ocrx_word' id='word_1_405' title='bbox 1428 713 1477 748; x_wconf 82' lang='grc' dir='ltr'><strong>τῆς</strong></span> <span class='ocrx_word' id='word_1_406' title='bbox 1495 715 1626 749; x_wconf 82' lang='grc' dir='ltr'>πονηρίας</span> <span class='ocrx_word' id='word_1_407' title='bbox 1646 714 1798 741; x_wconf 72' lang='grc' dir='ltr'><strong>διδάσκουσι</strong></span> <span class='ocrx_word' id='word_1_408' title='bbox 1818 725 1866 749; x_wconf 77' lang='grc' dir='ltr'>γε·</span> 
     </span>
    </p>
   </div>
   <div class='ocr_carea' id='block_1_60' title="bbox 1072 755 1864 796">
    <p class='ocr_par' dir='ltr' id='par_1_60' title="bbox 1072 755 1864 796">
     <span class='ocr_line' id='line_1_60' title="bbox 1072 755 1864 796; baseline 0.008 -16"><span class='ocrx_word' id='word_1_409' title='bbox 1072 755 1193 788; x_wconf 82' lang='grc' dir='ltr'>γονέναι·</span> <span class='ocrx_word' id='word_1_410' title='bbox 1214 755 1274 782; x_wconf 76' lang='grc' dir='ltr'>ὅθεν</span> <span class='ocrx_word' id='word_1_411' title='bbox 1296 757 1341 783; x_wconf 77' lang='grc' dir='ltr'><strong>τὸν</strong></span> <span class='ocrx_word' id='word_1_412' title='bbox 1364 757 1485 784; x_wconf 83' lang='grc' dir='ltr'>διάϐολον</span> <span class='ocrx_word' id='word_1_413' title='bbox 1506 758 1555 793; x_wconf 83' lang='grc' dir='ltr'><strong>τὴν</strong></span> <span class='ocrx_word' id='word_1_414' title='bbox 1579 759 1686 793; x_wconf 84' lang='grc' dir='ltr'>γένεσιν</span> <span class='ocrx_word' id='word_1_415' title='bbox 1706 759 1864 796; x_wconf 82' lang='grc' dir='ltr'>ἐσχηκέναι,</span> 
     </span>
    </p>
   </div>
   <div class='ocr_carea' id='block_1_61' title="bbox 1072 799 1866 841">
    <p class='ocr_par' dir='ltr' id='par_1_61' title="bbox 1072 799 1866 841">
     <span class='ocr_line' id='line_1_61' title="bbox 1072 799 1866 841; baseline 0.009 -15"><span class='ocrx_word' id='word_1_416' title='bbox 1072 799 1101 826; x_wconf 74' lang='grc' dir='ltr'>ὃν</span> <span class='ocrx_word' id='word_1_417' title='bbox 1116 801 1162 827; x_wconf 75' lang='grc' dir='ltr'><strong>καὶ</strong></span> <span class='ocrx_word' id='word_1_418' title='bbox 1182 803 1388 839; x_wconf 78' lang='grc' dir='ltr'>κοσμοκράτορα</span> <span class='ocrx_word' id='word_1_419' title='bbox 1403 803 1528 838; x_wconf 63' lang='grc' dir='ltr'>καλοῦσιῖ,</span> <span class='ocrx_word' id='word_1_420' title='bbox 1552 805 1599 831; x_wconf 72' lang='grc' dir='ltr'><strong>καὶ</strong></span> <span class='ocrx_word' id='word_1_421' title='bbox 1626 806 1659 832; x_wconf 76' lang='grc' dir='ltr'>τὰ</span> <span class='ocrx_word' id='word_1_422' title='bbox 1675 806 1799 841; x_wconf 79' lang='grc' dir='ltr'>δαιμόνια</span> <span class='ocrx_word' id='word_1_423' title='bbox 1816 808 1866 833; x_wconf 69' lang='grc' dir='ltr'>καὶ</span> 
     </span>
    </p>
   </div>
   <div class='ocr_carea' id='block_1_62' title="bbox 1072 846 1864 887">
    <p class='ocr_par' dir='ltr' id='par_1_62' title="bbox 1072 846 1864 887">
     <span class='ocr_line' id='line_1_62' title="bbox 1072 846 1864 887; baseline 0.009 -16"><span class='ocrx_word' id='word_1_424' title='bbox 1072 846 1135 878; x_wconf 66' lang='grc' dir='ltr'>τοὺς</span> <span class='ocrx_word' id='word_1_425' title='bbox 1151 847 1293 880; x_wconf 78' lang='grc' dir='ltr'><strong>ἀγγέλους,</strong></span> <span class='ocrx_word' id='word_1_426' title='bbox 1306 849 1353 875; x_wconf 78' lang='grc' dir='ltr'>καὶ</span> <span class='ocrx_word' id='word_1_427' title='bbox 1368 850 1458 876; x_wconf 81' lang='grc' dir='ltr'>πᾶσαν</span> <span class='ocrx_word' id='word_1_428' title='bbox 1477 850 1526 886; x_wconf 85' lang='grc' dir='ltr'><strong>τὴν</strong></span> <span class='ocrx_word' id='word_1_429' title='bbox 1541 851 1728 886; x_wconf 85' lang='grc' dir='ltr'>πνευματικὴν</span> <span class='ocrx_word' id='word_1_430' title='bbox 1744 852 1792 887; x_wconf 85' lang='grc' dir='ltr'><strong>τῆς</strong></span> <span class='ocrx_word' id='word_1_431' title='bbox 1813 861 1864 878; x_wconf 84' lang='grc' dir='ltr'><strong>πο-</strong></span> 
     </span>
    </p>
   </div>
   <div class='ocr_carea' id='block_1_63' title="bbox 1071 891 1864 932">
    <p class='ocr_par' dir='ltr' id='par_1_63' title="bbox 1071 891 1864 932">
     <span class='ocr_line' id='line_1_63' title="bbox 1071 891 1864 932; baseline 0.008 -15"><span class='ocrx_word' id='word_1_432' title='bbox 1071 891 1167 926; x_wconf 84' lang='grc' dir='ltr'>νηρίας</span> <span class='ocrx_word' id='word_1_433' title='bbox 1183 892 1340 920; x_wconf 79' lang='grc' dir='ltr'>ὑπόστασιν.</span> <span class='ocrx_word' id='word_1_434' title='bbox 1365 894 1445 921; x_wconf 76' lang='grc' dir='ltr'>Ἄλλὰ</span> <span class='ocrx_word' id='word_1_435' title='bbox 1464 895 1509 922; x_wconf 74' lang='grc' dir='ltr'><strong>τὸν</strong></span> <span class='ocrx_word' id='word_1_436' title='bbox 1527 895 1576 930; x_wconf 83' lang='grc' dir='ltr'><strong>μὲν</strong></span> <span class='ocrx_word' id='word_1_437' title='bbox 1593 897 1762 932; x_wconf 79' lang='grc' dir='ltr'>Δημιουργὸν</span> <span class='ocrx_word' id='word_1_438' title='bbox 1781 897 1840 923; x_wconf 79' lang='grc' dir='ltr'>υἱὸν</span> <span class='ocrx_word' id='word_1_439' title='bbox 1853 898 1864 912; x_wconf 82' lang='grc'>¹</span> 
     </span>
    </p>
   </div>
   <div class='ocr_carea' id='block_1_64' title="bbox 1070 938 1864 979">
    <p class='ocr_par' dir='ltr' id='par_1_64' title="bbox 1070 938 1864 979">
     <span class='ocr_line' id='line_1_64' title="bbox 1070 938 1864 979; baseline 0.009 -16"><span class='ocrx_word' id='word_1_440' title='bbox 1070 938 1119 972; x_wconf 88' lang='grc' dir='ltr'><strong>τῆς</strong></span> <span class='ocrx_word' id='word_1_441' title='bbox 1139 938 1249 973; x_wconf 79' lang='grc' dir='ltr'>Μητρὸς</span> <span class='ocrx_word' id='word_1_442' title='bbox 1275 939 1364 966; x_wconf 74' lang='grc' dir='ltr'>αὐτῶν</span> <span class='ocrx_word' id='word_1_443' title='bbox 1391 939 1516 974; x_wconf 76' lang='grc' dir='ltr'>λέγουσι·</span> <span class='ocrx_word' id='word_1_444' title='bbox 1542 941 1587 968; x_wconf 72' lang='grc' dir='ltr'><strong>τὸν</strong></span> <span class='ocrx_word' id='word_1_445' title='bbox 1606 942 1633 968; x_wconf 79' lang='grc' dir='ltr'>δὲ</span> <span class='ocrx_word' id='word_1_446' title='bbox 1654 943 1864 979; x_wconf 74' lang='grc' dir='ltr'>κοσμοκράτορα</span> 
     </span>
    </p>
   </div>
   <div class='ocr_carea' id='block_1_65' title="bbox 1070 981 1862 1024">
    <p class='ocr_par' dir='ltr' id='par_1_65' title="bbox 1070 981 1862 1024">
     <span class='ocr_line' id='line_1_65' title="bbox 1070 981 1862 1024; baseline 0.011 -18"><span class='ocrx_word' id='word_1_447' title='bbox 1070 981 1171 1017; x_wconf 83' lang='grc' dir='ltr'>κτίσμα</span> <span class='ocrx_word' id='word_1_448' title='bbox 1184 983 1230 1008; x_wconf 82' lang='grc' dir='ltr'>τοῦ</span> <span class='ocrx_word' id='word_1_449' title='bbox 1243 985 1423 1020; x_wconf 81' lang='grc' dir='ltr'>Δημιουργοῦ,</span> <span class='ocrx_word' id='word_1_450' title='bbox 1444 987 1497 1012; x_wconf 71' lang='grc' dir='ltr'><strong>Καὶ</strong></span> <span class='ocrx_word' id='word_1_451' title='bbox 1517 987 1561 1013; x_wconf 84' lang='grc' dir='ltr'><strong>τὸν</strong></span> <span class='ocrx_word' id='word_1_452' title='bbox 1587 988 1635 1022; x_wconf 81' lang='grc' dir='ltr'>μὲν</span> <span class='ocrx_word' id='word_1_453' title='bbox 1651 989 1862 1024; x_wconf 81' lang='grc' dir='ltr'>κοσμοκράτορα</span> 
     </span>
    </p>
   </div>
   <div class='ocr_carea' id='block_1_66' title="bbox 1069 1028 1864 1070">
    <p class='ocr_par' dir='ltr' id='par_1_66' title="bbox 1069 1028 1864 1070">
     <span class='ocr_line' id='line_1_66' title="bbox 1069 1028 1864 1070; baseline 0.011 -17"><span class='ocrx_word' id='word_1_454' title='bbox 1069 1028 1213 1061; x_wconf 70' lang='grc' dir='ltr'>γινώσκειν</span> <span class='ocrx_word' id='word_1_455' title='bbox 1230 1030 1263 1055; x_wconf 78' lang='grc' dir='ltr'>τὰ</span> <span class='ocrx_word' id='word_1_456' title='bbox 1289 1031 1358 1066; x_wconf 80' lang='grc' dir='ltr'>ὑπὲρ</span> <span class='ocrx_word' id='word_1_457' title='bbox 1368 1032 1457 1064; x_wconf 79' lang='grc' dir='ltr'>αὑτὸν,</span> <span class='ocrx_word' id='word_1_458' title='bbox 1474 1033 1514 1059; x_wconf 77' lang='grc' dir='ltr'><strong>ὅτι</strong></span> <span class='ocrx_word' id='word_1_459' title='bbox 1529 1033 1638 1069; x_wconf 78' lang='grc' dir='ltr'>πνεῦμά</span> <span class='ocrx_word' id='word_1_460' title='bbox 1661 1035 1718 1060; x_wconf 79' lang='grc' dir='ltr'>ἐστι</span> <span class='ocrx_word' id='word_1_461' title='bbox 1734 1036 1782 1070; x_wconf 78' lang='grc' dir='ltr'><strong>τῆς</strong></span> <span class='ocrx_word' id='word_1_462' title='bbox 1813 1044 1864 1062; x_wconf 89' lang='grc' dir='ltr'>πο-</span> 
     </span>
    </p>
   </div>
   <div class='ocr_carea' id='block_1_67' title="bbox 1068 1075 1862 1117">
    <p class='ocr_par' dir='ltr' id='par_1_67' title="bbox 1068 1075 1862 1117">
     <span class='ocr_line' id='line_1_67' title="bbox 1068 1075 1862 1117; baseline 0.01 -16"><span class='ocrx_word' id='word_1_463' title='bbox 1068 1075 1180 1111; x_wconf 71' lang='grc' dir='ltr'>νηρίας·</span> <span class='ocrx_word' id='word_1_464' title='bbox 1194 1076 1238 1103; x_wconf 84' lang='grc' dir='ltr'><strong>τὸν</strong></span> <span class='ocrx_word' id='word_1_465' title='bbox 1256 1077 1283 1103; x_wconf 64' lang='grc' dir='ltr'>δε</span> <span class='ocrx_word' id='word_1_466' title='bbox 1303 1079 1471 1114; x_wconf 72' lang='grc' dir='ltr'>Δημιουργὺν</span> <span class='ocrx_word' id='word_1_467' title='bbox 1483 1081 1589 1114; x_wconf 79' lang='grc' dir='ltr'>ἀγνοεῖν</span> <span class='ocrx_word' id='word_1_468' title='bbox 1604 1081 1650 1107; x_wconf 76' lang='grc' dir='ltr'>ἆτε</span> <span class='ocrx_word' id='word_1_469' title='bbox 1666 1081 1766 1117; x_wconf 67' lang='grc' dir='ltr'>ψυχικὰ</span> <span class='ocrx_word' id='word_1_470' title='bbox 1776 1084 1797 1098; x_wconf 82' lang='grc'><strong>¹⁹</strong></span> <span class='ocrx_word' id='word_1_471' title='bbox 1813 1083 1862 1109; x_wconf 75' lang='grc' dir='ltr'>ὑπ-</span> 
     </span>
    </p>
   </div>
   <div class='ocr_carea' id='block_1_68' title="bbox 1068 1122 1863 1164">
    <p class='ocr_par' dir='ltr' id='par_1_68' title="bbox 1068 1122 1863 1164">
     <span class='ocr_line' id='line_1_68' title="bbox 1068 1122 1863 1164; baseline 0.01 -17"><span class='ocrx_word' id='word_1_472' title='bbox 1068 1122 1194 1157; x_wconf 76' lang='grc' dir='ltr'>άρχοντα.</span> <span class='ocrx_word' id='word_1_473' title='bbox 1213 1124 1304 1150; x_wconf 83' lang='grc' dir='ltr'>υἰκεῐν</span> <span class='ocrx_word' id='word_1_474' title='bbox 1315 1124 1343 1150; x_wconf 83' lang='grc' dir='ltr'>δὲ</span> <span class='ocrx_word' id='word_1_475' title='bbox 1359 1125 1408 1160; x_wconf 86' lang='grc' dir='ltr'><strong>τὴν</strong></span> <span class='ocrx_word' id='word_1_476' title='bbox 1425 1125 1531 1161; x_wconf 83' lang='grc' dir='ltr'>μητέρα</span> <span class='ocrx_word' id='word_1_477' title='bbox 1553 1127 1642 1154; x_wconf 77' lang='grc' dir='ltr'>αὐτῶν</span> <span class='ocrx_word' id='word_1_478' title='bbox 1663 1129 1701 1159; x_wconf 75' lang='grc' dir='ltr'>εἰς</span> <span class='ocrx_word' id='word_1_479' title='bbox 1721 1129 1765 1155; x_wconf 81' lang='grc' dir='ltr'><strong>τὸν</strong></span> <span class='ocrx_word' id='word_1_480' title='bbox 1779 1129 1863 1164; x_wconf 69' lang='grc' dir='ltr'>ὑπερ-</span> 
     </span>
    </p>
   </div>
   <div class='ocr_carea' id='block_1_69' title="bbox 1068 1168 1861 1208">
    <p class='ocr_par' dir='ltr' id='par_1_69' title="bbox 1068 1168 1861 1208">
     <span class='ocr_line' id='line_1_69' title="bbox 1068 1168 1861 1208; baseline 0.01 -15"><span class='ocrx_word' id='word_1_481' title='bbox 1068 1168 1192 1202; x_wconf 81' lang='grc' dir='ltr'>ουρὰνιον</span> <span class='ocrx_word' id='word_1_482' title='bbox 1229 1169 1322 1201; x_wconf 81' lang='grc' dir='ltr'>τόπον,</span> <span class='ocrx_word' id='word_1_483' title='bbox 1350 1171 1488 1197; x_wconf 82' lang='grc' dir='ltr'>τουτέστιν</span> <span class='ocrx_word' id='word_1_484' title='bbox 1513 1172 1542 1197; x_wconf 80' lang='grc' dir='ltr'>ἐν</span> <span class='ocrx_word' id='word_1_485' title='bbox 1565 1173 1597 1207; x_wconf 85' lang='grc' dir='ltr'>τῇ</span> <span class='ocrx_word' id='word_1_486' title='bbox 1630 1174 1767 1208; x_wconf 86' lang='grc' dir='ltr'>μεσότητι.</span> <span class='ocrx_word' id='word_1_487' title='bbox 1807 1175 1861 1202; x_wconf 75' lang='grc' dir='ltr'>Τὸν</span> 
     </span>
    </p>
   </div>
   <div class='ocr_carea' id='block_1_70' title="bbox 1067 1213 1860 1253">
    <p class='ocr_par' dir='ltr' id='par_1_70' title="bbox 1067 1213 1860 1253">
     <span class='ocr_line' id='line_1_70' title="bbox 1067 1213 1860 1253; baseline 0.011 -15"><span class='ocrx_word' id='word_1_488' title='bbox 1067 1213 1235 1249; x_wconf 76' lang='grc' dir='ltr'>Δημιουργὸν</span> <span class='ocrx_word' id='word_1_489' title='bbox 1251 1215 1278 1240; x_wconf 74' lang='grc' dir='ltr'>δὲ</span> <span class='ocrx_word' id='word_1_490' title='bbox 1287 1216 1326 1246; x_wconf 70' lang='grc' dir='ltr'>εἰς</span> <span class='ocrx_word' id='word_1_491' title='bbox 1341 1215 1387 1242; x_wconf 70' lang='grc' dir='ltr'>τὸν</span> <span class='ocrx_word' id='word_1_492' title='bbox 1399 1217 1594 1253; x_wconf 81' lang='grc' dir='ltr'>ὑπερουράνιον</span> <span class='ocrx_word' id='word_1_493' title='bbox 1612 1219 1621 1234; x_wconf 84' lang='grc'><strong><em>³</em></strong></span> <span class='ocrx_word' id='word_1_494' title='bbox 1637 1219 1704 1253; x_wconf 76' lang='lat'><strong>(80),</strong></span> <span class='ocrx_word' id='word_1_495' title='bbox 1720 1221 1860 1247; x_wconf 80' lang='grc' dir='ltr'>τουτέστιν</span> 
     </span>
    </p>
   </div>
   <div class='ocr_carea' id='block_1_71' title="bbox 1067 1259 1859 1299">
    <p class='ocr_par' dir='ltr' id='par_1_71' title="bbox 1067 1259 1859 1299">
     <span class='ocr_line' id='line_1_71' title="bbox 1067 1259 1859 1299; baseline 0.009 -15"><span class='ocrx_word' id='word_1_496' title='bbox 1067 1259 1094 1284; x_wconf 75' lang='grc' dir='ltr'>ἐν</span> <span class='ocrx_word' id='word_1_497' title='bbox 1113 1260 1146 1294; x_wconf 84' lang='grc' dir='ltr'>τῇ</span> <span class='ocrx_word' id='word_1_498' title='bbox 1165 1259 1290 1294; x_wconf 76' lang='grc' dir='ltr'>ἐϐδομάδι</span> <span class='ocrx_word' id='word_1_499' title='bbox 1302 1267 1308 1273; x_wconf 93' lang='grc'><strong>·</strong></span> <span class='ocrx_word' id='word_1_500' title='bbox 1330 1260 1374 1287; x_wconf 73' lang='grc' dir='ltr'>τὸν</span> <span class='ocrx_word' id='word_1_501' title='bbox 1395 1261 1423 1287; x_wconf 78' lang='grc' dir='ltr'>δὲ</span> <span class='ocrx_word' id='word_1_502' title='bbox 1449 1263 1657 1298; x_wconf 69' lang='grc' dir='ltr'>παντοκράτορα</span> <span class='ocrx_word' id='word_1_503' title='bbox 1673 1263 1684 1278; x_wconf 80' lang='grc'>⁸</span> <span class='ocrx_word' id='word_1_504' title='bbox 1700 1265 1728 1290; x_wconf 82' lang='grc' dir='ltr'>ἐν</span> <span class='ocrx_word' id='word_1_505' title='bbox 1744 1264 1783 1299; x_wconf 84' lang='grc' dir='ltr'><strong>τῷ</strong></span> <span class='ocrx_word' id='word_1_506' title='bbox 1797 1265 1859 1290; x_wconf 78' lang='grc' dir='ltr'>καθ’</span> 
     </span>
    </p>
   </div>
   <div class='ocr_carea' id='block_1_72' title="bbox 1066 1306 1860 1346">
    <p class='ocr_par' dir='ltr' id='par_1_72' title="bbox 1066 1306 1860 1346">
     <span class='ocr_line' id='line_1_72' title="bbox 1066 1306 1860 1346; baseline 0.009 -15"><span class='ocrx_word' id='word_1_507' title='bbox 1066 1307 1140 1340; x_wconf 73' lang='grc' dir='ltr'>ἡμᾶς</span> <span class='ocrx_word' id='word_1_508' title='bbox 1156 1306 1260 1341; x_wconf 83' lang='grc' dir='ltr'>κόσμῳ.</span> <span class='ocrx_word' id='word_1_509' title='bbox 1283 1307 1328 1332; x_wconf 86' lang='grc' dir='ltr'>Ἐκ</span> <span class='ocrx_word' id='word_1_510' title='bbox 1344 1307 1371 1333; x_wconf 75' lang='grc' dir='ltr'>δὲ</span> <span class='ocrx_word' id='word_1_511' title='bbox 1395 1308 1445 1343; x_wconf 83' lang='grc' dir='ltr'><strong>τῆς</strong></span> <span class='ocrx_word' id='word_1_512' title='bbox 1467 1309 1624 1343; x_wconf 78' lang='grc' dir='ltr'>ἐκπλήξεως</span> <span class='ocrx_word' id='word_1_513' title='bbox 1649 1311 1695 1337; x_wconf 71' lang='grc' dir='ltr'><strong>καὶ</strong></span> <span class='ocrx_word' id='word_1_514' title='bbox 1716 1311 1765 1346; x_wconf 86' lang='grc' dir='ltr'><strong>τῆς</strong></span> <span class='ocrx_word' id='word_1_515' title='bbox 1787 1312 1860 1346; x_wconf 71' lang='grc' dir='ltr'>ἀμη-</span> 
     </span>
    </p>
   </div>
   <div class='ocr_carea' id='block_1_73' title="bbox 1066 1352 1860 1391">
    <p class='ocr_par' dir='ltr' id='par_1_73' title="bbox 1066 1352 1860 1391">
     <span class='ocr_line' id='line_1_73' title="bbox 1066 1352 1860 1391; baseline 0.01 -14"><span class='ocrx_word' id='word_1_516' title='bbox 1066 1352 1171 1386; x_wconf 71' lang='grc' dir='ltr'>χανίας,</span> <span class='ocrx_word' id='word_1_517' title='bbox 1188 1352 1226 1384; x_wconf 87' lang='grc' dir='ltr'><strong>ὡς</strong></span> <span class='ocrx_word' id='word_1_518' title='bbox 1240 1354 1272 1379; x_wconf 78' lang='grc' dir='ltr'>ὲκ</span> <span class='ocrx_word' id='word_1_519' title='bbox 1286 1353 1333 1379; x_wconf 77' lang='grc' dir='ltr'><strong>τοῦ</strong></span> <span class='ocrx_word' id='word_1_520' title='bbox 1350 1354 1520 1390; x_wconf 81' lang='grc' dir='ltr'>ἀσημοτέρου</span> <span class='ocrx_word' id='word_1_521' title='bbox 1544 1356 1578 1382; x_wconf 77' lang='grc' dir='ltr'>τὰ</span> <span class='ocrx_word' id='word_1_522' title='bbox 1596 1358 1748 1391; x_wconf 73' lang='grc' dir='ltr'>σωματικὰ,</span> <span class='ocrx_word' id='word_1_523' title='bbox 1767 1357 1860 1390; x_wconf 80' lang='grc' dir='ltr'>καθὼς</span> 
     </span>
    </p>
   </div>
   <div class='ocr_carea' id='block_1_74' title="bbox 1067 1399 1858 1438">
    <p class='ocr_par' dir='ltr' id='par_1_74' title="bbox 1067 1399 1858 1438">
     <span class='ocr_line' id='line_1_74' title="bbox 1067 1399 1858 1438; baseline 0.008 -14"><span class='ocrx_word' id='word_1_524' title='bbox 1067 1399 1248 1434; x_wconf 75' lang='grc' dir='ltr'>προείπαμεν,</span> <span class='ocrx_word' id='word_1_525' title='bbox 1262 1399 1308 1426; x_wconf 81' lang='grc' dir='ltr'><strong>τοῦ</strong></span> <span class='ocrx_word' id='word_1_526' title='bbox 1320 1400 1420 1435; x_wconf 84' lang='grc' dir='ltr'>κόσμου</span> <span class='ocrx_word' id='word_1_527' title='bbox 1434 1404 1552 1437; x_wconf 77' lang='grc' dir='ltr'>στοιχεῖα</span> <span class='ocrx_word' id='word_1_528' title='bbox 1567 1403 1716 1436; x_wconf 74' lang='grc' dir='ltr'>γεγονέναι,</span> <span class='ocrx_word' id='word_1_529' title='bbox 1727 1403 1775 1438; x_wconf 80' lang='grc' dir='ltr'><strong>τὴν</strong></span> <span class='ocrx_word' id='word_1_530' title='bbox 1788 1404 1858 1438; x_wconf 68' lang='grc' dir='ltr'>μὲνυ</span> 
     </span>
    </p>
   </div>
   <div class='ocr_carea' id='block_1_75' title="bbox 1066 1445 1858 1484">
    <p class='ocr_par' dir='ltr' id='par_1_75' title="bbox 1066 1445 1858 1484">
     <span class='ocr_line' id='line_1_75' title="bbox 1066 1445 1858 1484; baseline 0.008 -14"><span class='ocrx_word' id='word_1_531' title='bbox 1066 1445 1136 1471; x_wconf 78' lang='grc' dir='ltr'>κατὰ</span> <span class='ocrx_word' id='word_1_532' title='bbox 1147 1445 1196 1480; x_wconf 85' lang='grc' dir='ltr'><strong>τῆς</strong></span> <span class='ocrx_word' id='word_1_533' title='bbox 1215 1445 1372 1481; x_wconf 77' lang='grc' dir='ltr'>ἐκπλήξεως</span> <span class='ocrx_word' id='word_1_534' title='bbox 1392 1448 1495 1479; x_wconf 79' lang='grc' dir='ltr'>στάσιν,</span> <span class='ocrx_word' id='word_1_535' title='bbox 1517 1447 1590 1484; x_wconf 72' lang='grc' dir='ltr'>ὕδωρ</span> <span class='ocrx_word' id='word_1_536' title='bbox 1607 1449 1635 1474; x_wconf 77' lang='grc' dir='ltr'>δὲ</span> <span class='ocrx_word' id='word_1_537' title='bbox 1654 1449 1724 1475; x_wconf 79' lang='grc' dir='ltr'>κατὰ</span> <span class='ocrx_word' id='word_1_538' title='bbox 1737 1449 1786 1484; x_wconf 76' lang='grc' dir='ltr'><strong>τὴν</strong></span> <span class='ocrx_word' id='word_1_539' title='bbox 1809 1449 1858 1476; x_wconf 81' lang='grc' dir='ltr'>τοῦ</span> 
     </span>
    </p>
   </div>
   <div class='ocr_carea' id='block_1_76' title="bbox 1066 1490 1857 1530">
    <p class='ocr_par' dir='ltr' id='par_1_76' title="bbox 1066 1490 1857 1530">
     <span class='ocr_line' id='line_1_76' title="bbox 1066 1490 1857 1530; baseline 0.008 -14"><span class='ocrx_word' id='word_1_540' title='bbox 1066 1490 1149 1524; x_wconf 81' lang='grc' dir='ltr'>φόϐου</span> <span class='ocrx_word' id='word_1_541' title='bbox 1167 1491 1230 1526; x_wconf 78' lang='grc' dir='ltr'>(τῶν</span> <span class='ocrx_word' id='word_1_542' title='bbox 1256 1492 1392 1528; x_wconf 72' lang='grc' dir='ltr'>δακρύων)</span> <span class='ocrx_word' id='word_1_543' title='bbox 1417 1493 1525 1528; x_wconf 81' lang='grc' dir='ltr'>κίνησιν</span> <span class='ocrx_word' id='word_1_544' title='bbox 1539 1513 1546 1526; x_wconf 90' lang='lat'><strong>,</strong></span> <span class='ocrx_word' id='word_1_545' title='bbox 1568 1494 1636 1529; x_wconf 78' lang='grc' dir='ltr'>ἀέρα</span> <span class='ocrx_word' id='word_1_546' title='bbox 1658 1504 1688 1521; x_wconf 87' lang='grc' dir='ltr'><strong>τε</strong></span> <span class='ocrx_word' id='word_1_547' title='bbox 1710 1495 1780 1522; x_wconf 77' lang='grc' dir='ltr'>κατὰ</span> <span class='ocrx_word' id='word_1_548' title='bbox 1808 1495 1857 1530; x_wconf 80' lang='grc' dir='ltr'><strong>τὴν</strong></span> 
     </span>
    </p>
   </div>
   <div class='ocr_carea' id='block_1_77' title="bbox 1065 1534 1857 1574">
    <p class='ocr_par' dir='ltr' id='par_1_77' title="bbox 1065 1534 1857 1574">
     <span class='ocr_line' id='line_1_77' title="bbox 1065 1534 1857 1574; baseline 0.006 -13"><span class='ocrx_word' id='word_1_549' title='bbox 1065 1534 1153 1570; x_wconf 80' lang='grc' dir='ltr'><strong>λύπης</strong></span> <span class='ocrx_word' id='word_1_550' title='bbox 1167 1536 1257 1571; x_wconf 83' lang='grc' dir='ltr'>πῆξιν.</span> <span class='ocrx_word' id='word_1_551' title='bbox 1276 1537 1312 1562; x_wconf 85' lang='grc' dir='ltr'>Τὸ</span> <span class='ocrx_word' id='word_1_552' title='bbox 1326 1536 1353 1562; x_wconf 79' lang='grc' dir='ltr'><strong>δὲ</strong></span> <span class='ocrx_word' id='word_1_553' title='bbox 1376 1537 1431 1573; x_wconf 86' lang='grc' dir='ltr'>πῦρ</span> <span class='ocrx_word' id='word_1_554' title='bbox 1448 1538 1548 1564; x_wconf 78' lang='grc' dir='ltr'>ἅπασιν</span> <span class='ocrx_word' id='word_1_555' title='bbox 1563 1539 1654 1570; x_wconf 77' lang='grc' dir='ltr'>αὐτοῖς</span> <span class='ocrx_word' id='word_1_556' title='bbox 1671 1540 1857 1574; x_wconf 60' lang='grc' dir='ltr'>ἐκπεφυκέναι</span> 
     </span>
    </p>
   </div>
   <div class='ocr_carea' id='block_1_78' title="bbox 1065 1580 1857 1622">
    <p class='ocr_par' dir='ltr' id='par_1_78' title="bbox 1065 1580 1857 1622">
     <span class='ocr_line' id='line_1_78' title="bbox 1065 1580 1857 1622; baseline 0.008 -15"><span class='ocrx_word' id='word_1_557' title='bbox 1065 1580 1179 1608; x_wconf 80' lang='grc' dir='ltr'>θάνατον</span> <span class='ocrx_word' id='word_1_558' title='bbox 1200 1583 1246 1608; x_wconf 69' lang='grc' dir='ltr'>καὶ</span> <span class='ocrx_word' id='word_1_559' title='bbox 1266 1582 1379 1618; x_wconf 77' lang='grc' dir='ltr'>φθορὰν,</span> <span class='ocrx_word' id='word_1_560' title='bbox 1395 1583 1432 1615; x_wconf 82' lang='grc' dir='ltr'>ὠς</span> <span class='ocrx_word' id='word_1_561' title='bbox 1454 1585 1501 1611; x_wconf 70' lang='grc' dir='ltr'>καὶ</span> <span class='ocrx_word' id='word_1_562' title='bbox 1517 1585 1567 1620; x_wconf 88' lang='grc' dir='ltr'>τὴν</span> <span class='ocrx_word' id='word_1_563' title='bbox 1582 1585 1693 1619; x_wconf 71' lang='grc' dir='ltr'>ἄγνοιαν</span> <span class='ocrx_word' id='word_1_564' title='bbox 1711 1587 1768 1618; x_wconf 81' lang='grc' dir='ltr'>τοῖς</span> <span class='ocrx_word' id='word_1_565' title='bbox 1782 1587 1857 1622; x_wconf 73' lang='grc' dir='ltr'>τρισὶ</span> 
     </span>
    </p>
   </div>
   <div class='ocr_carea' id='block_1_79' title="bbox 1063 1627 1563 1664">
    <p class='ocr_par' dir='ltr' id='par_1_79' title="bbox 1063 1627 1563 1664">
     <span class='ocr_line' id='line_1_79' title="bbox 1063 1627 1563 1664; baseline 0.006 -11"><span class='ocrx_word' id='word_1_566' title='bbox 1063 1627 1176 1654; x_wconf 79' lang='grc' dir='ltr'>πάθεσιν</span> <span class='ocrx_word' id='word_1_567' title='bbox 1193 1629 1380 1664; x_wconf 67' lang='grc' dir='ltr'>ἐγκεκρύξρθαι</span> <span class='ocrx_word' id='word_1_568' title='bbox 1397 1629 1523 1657; x_wconf 79' lang='grc' dir='ltr'>διδάσκου</span> <span class='ocrx_word' id='word_1_569' title='bbox 1529 1639 1563 1656; x_wconf 86' lang='grc' dir='ltr'><strong>σι.</strong></span> 
     </span>
    </p>
   </div>
   <div class='ocr_carea' id='block_1_80' title="bbox 1099 1674 1855 1713">
    <p class='ocr_par' dir='ltr' id='par_1_80' title="bbox 1099 1674 1855 1713">
     <span class='ocr_line' id='line_1_80' title="bbox 1099 1674 1855 1713; baseline 0.007 -14"><span class='ocrx_word' id='word_1_570' title='bbox 1099 1674 1345 1710; x_wconf 81' lang='grc' dir='ltr'>Δημιουργήσαντα</span> <span class='ocrx_word' id='word_1_571' title='bbox 1365 1675 1396 1711; x_wconf 82' lang='grc' dir='ltr'><strong>δὴ</strong></span> <span class='ocrx_word' id='word_1_572' title='bbox 1417 1675 1461 1702; x_wconf 77' lang='grc' dir='ltr'>τὸν</span> <span class='ocrx_word' id='word_1_573' title='bbox 1482 1676 1582 1711; x_wconf 78' lang='grc' dir='ltr'>κόσμον</span> <span class='ocrx_word' id='word_1_574' title='bbox 1607 1677 1785 1713; x_wconf 76' lang='grc' dir='ltr'>πεποιηκέναι</span> <span class='ocrx_word' id='word_1_575' title='bbox 1806 1678 1855 1704; x_wconf 72' lang='grc' dir='ltr'><strong>καὶ</strong></span> 
     </span>
    </p>
   </div>
   <div class='ocr_carea' id='block_1_81' title="bbox 1063 1718 1856 1758">
    <p class='ocr_par' dir='ltr' id='par_1_81' title="bbox 1063 1718 1856 1758">
     <span class='ocr_line' id='line_1_81' title="bbox 1063 1718 1856 1758; baseline 0.006 -14"><span class='ocrx_word' id='word_1_576' title='bbox 1063 1718 1108 1745; x_wconf 83' lang='grc' dir='ltr'><strong>τὸν</strong></span> <span class='ocrx_word' id='word_1_577' title='bbox 1132 1719 1274 1755; x_wconf 82' lang='grc' dir='ltr'>ἄνθρωπον</span> <span class='ocrx_word' id='word_1_578' title='bbox 1298 1721 1343 1747; x_wconf 76' lang='grc' dir='ltr'><strong>τὸν</strong></span> <span class='ocrx_word' id='word_1_579' title='bbox 1367 1721 1473 1756; x_wconf 87' lang='grc' dir='ltr'>χοῖκόν·</span> <span class='ocrx_word' id='word_1_580' title='bbox 1490 1721 1540 1747; x_wconf 85' lang='grc' dir='ltr'><strong>οὐκ</strong></span> <span class='ocrx_word' id='word_1_581' title='bbox 1564 1722 1617 1748; x_wconf 76' lang='grc' dir='ltr'><strong>ἀπὸ</strong></span> <span class='ocrx_word' id='word_1_582' title='bbox 1640 1723 1741 1758; x_wconf 80' lang='grc' dir='ltr'><strong>ταύτης</strong></span> <span class='ocrx_word' id='word_1_583' title='bbox 1763 1723 1791 1749; x_wconf 83' lang='grc' dir='ltr'>δὲ</span> <span class='ocrx_word' id='word_1_584' title='bbox 1806 1724 1856 1758; x_wconf 78' lang='grc' dir='ltr'><strong>τῆς</strong></span> 
     </span>
    </p>
   </div>
   <div class='ocr_carea' id='block_1_82' title="bbox 1064 1764 1855 1804">
    <p class='ocr_par' dir='ltr' id='par_1_82' title="bbox 1064 1764 1855 1804">
     <span class='ocr_line' id='line_1_82' title="bbox 1064 1764 1855 1804; baseline 0.006 -13"><span class='ocrx_word' id='word_1_585' title='bbox 1064 1764 1149 1801; x_wconf 75' lang='grc' dir='ltr'>ξηρᾶς</span> <span class='ocrx_word' id='word_1_586' title='bbox 1173 1766 1234 1801; x_wconf 86' lang='grc' dir='ltr'>γῆς,</span> <span class='ocrx_word' id='word_1_587' title='bbox 1256 1767 1313 1793; x_wconf 79' lang='grc' dir='ltr'>ἀλλ’</span> <span class='ocrx_word' id='word_1_588' title='bbox 1330 1767 1383 1793; x_wconf 80' lang='grc' dir='ltr'>ἀπὸ</span> <span class='ocrx_word' id='word_1_589' title='bbox 1406 1768 1455 1803; x_wconf 85' lang='grc' dir='ltr'><strong>τῆς</strong></span> <span class='ocrx_word' id='word_1_590' title='bbox 1477 1768 1592 1804; x_wconf 75' lang='grc' dir='ltr'>ἀοράτου</span> <span class='ocrx_word' id='word_1_591' title='bbox 1609 1769 1711 1801; x_wconf 78' lang='grc' dir='ltr'>οὐσίας,</span> <span class='ocrx_word' id='word_1_592' title='bbox 1736 1769 1790 1796; x_wconf 82' lang='grc' dir='ltr'>ἀπὸ</span> <span class='ocrx_word' id='word_1_593' title='bbox 1808 1770 1855 1796; x_wconf 85' lang='grc' dir='ltr'><strong>τοῦ</strong></span> 
     </span>
    </p>
   </div>
   <div class='ocr_carea' id='block_1_83' title="bbox 1064 1810 1856 1849">
    <p class='ocr_par' dir='ltr' id='par_1_83' title="bbox 1064 1810 1856 1849">
     <span class='ocr_line' id='line_1_83' title="bbox 1064 1810 1856 1849; baseline 0.009 -14"><span class='ocrx_word' id='word_1_594' title='bbox 1064 1810 1215 1845; x_wconf 80' lang='grc' dir='ltr'>κεχυμένου</span> <span class='ocrx_word' id='word_1_595' title='bbox 1235 1812 1281 1838; x_wconf 80' lang='grc' dir='ltr'>καὶ</span> <span class='ocrx_word' id='word_1_596' title='bbox 1299 1812 1413 1847; x_wconf 78' lang='grc' dir='ltr'>ρευστοῦ</span> <span class='ocrx_word' id='word_1_597' title='bbox 1433 1813 1482 1848; x_wconf 85' lang='grc' dir='ltr'><strong>τῆς</strong></span> <span class='ocrx_word' id='word_1_598' title='bbox 1508 1813 1573 1849; x_wconf 78' lang='grc' dir='ltr'>ὕλης</span> <span class='ocrx_word' id='word_1_599' title='bbox 1596 1814 1721 1846; x_wconf 82' lang='grc' dir='ltr'>λαϐόντα,</span> <span class='ocrx_word' id='word_1_600' title='bbox 1746 1815 1793 1841; x_wconf 71' lang='grc' dir='ltr'>καὶ</span> <span class='ocrx_word' id='word_1_601' title='bbox 1816 1817 1856 1848; x_wconf 83' lang='grc' dir='ltr'>εἰς</span> 
     </span>
    </p>
   </div>
   <div class='ocr_carea' id='block_1_84' title="bbox 1063 1855 1856 1895">
    <p class='ocr_par' dir='ltr' id='par_1_84' title="bbox 1063 1855 1856 1895">
     <span class='ocr_line' id='line_1_84' title="bbox 1063 1855 1856 1895; baseline 0.009 -14"><span class='ocrx_word' id='word_1_602' title='bbox 1063 1855 1155 1882; x_wconf 75' lang='grc' dir='ltr'>τοῦτον</span> <span class='ocrx_word' id='word_1_603' title='bbox 1172 1857 1329 1893; x_wconf 64' lang='grc' dir='ltr'>ἐμφυσῆσαι</span> <span class='ocrx_word' id='word_1_604' title='bbox 1342 1859 1386 1884; x_wconf 69' lang='grc' dir='ltr'><strong>τὸν</strong></span> <span class='ocrx_word' id='word_1_605' title='bbox 1402 1858 1516 1893; x_wconf 73' lang='grc' dir='ltr'>ψυχικὸν</span> <span class='ocrx_word' id='word_1_606' title='bbox 1534 1859 1706 1895; x_wconf 80' lang='grc' dir='ltr'>διορίζονται.</span> <span class='ocrx_word' id='word_1_607' title='bbox 1726 1862 1780 1888; x_wconf 76' lang='grc' dir='ltr'>Καὶ</span> <span class='ocrx_word' id='word_1_608' title='bbox 1795 1862 1856 1888; x_wconf 82' lang='grc' dir='ltr'><strong>τοῦ-</strong></span> 
     </span>
    </p>
   </div>
   <div class='ocr_carea' id='block_1_85' title="bbox 1063 1900 1853 1942">
    <p class='ocr_par' dir='ltr' id='par_1_85' title="bbox 1063 1900 1853 1942">
     <span class='ocr_line' id='line_1_85' title="bbox 1063 1900 1853 1942; baseline 0.009 -14"><span class='ocrx_word' id='word_1_609' title='bbox 1063 1911 1108 1928; x_wconf 88' lang='grc' dir='ltr'><strong>τον</strong></span> <span class='ocrx_word' id='word_1_610' title='bbox 1132 1900 1201 1930; x_wconf 84' lang='grc' dir='ltr'>εἶναι</span> <span class='ocrx_word' id='word_1_611' title='bbox 1222 1904 1266 1930; x_wconf 69' lang='grc' dir='ltr'>τὸν</span> <span class='ocrx_word' id='word_1_612' title='bbox 1291 1906 1350 1930; x_wconf 82' lang='grc' dir='ltr'>κατ’</span> <span class='ocrx_word' id='word_1_613' title='bbox 1372 1906 1463 1932; x_wconf 81' lang='grc' dir='ltr'>εἰκόνα</span> <span class='ocrx_word' id='word_1_614' title='bbox 1487 1907 1533 1932; x_wconf 84' lang='grc' dir='ltr'>καὶ</span> <span class='ocrx_word' id='word_1_615' title='bbox 1556 1907 1684 1941; x_wconf 84' lang='grc' dir='ltr'>ὁμοίωσιν</span> <span class='ocrx_word' id='word_1_616' title='bbox 1709 1909 1853 1942; x_wconf 85' lang='grc' dir='ltr'>γεγονότα·</span> 
     </span>
    </p>
   </div>
   <div class='ocr_carea' id='block_1_86' title="bbox 1063 1948 1854 1989">
    <p class='ocr_par' dir='ltr' id='par_1_86' title="bbox 1063 1948 1854 1989">
     <span class='ocr_line' id='line_1_86' title="bbox 1063 1948 1854 1989; baseline 0.009 -15"><span class='ocrx_word' id='word_1_617' title='bbox 1063 1948 1122 1974; x_wconf 71' lang='grc' dir='ltr'>κατ’</span> <span class='ocrx_word' id='word_1_618' title='bbox 1136 1949 1228 1975; x_wconf 82' lang='grc' dir='ltr'>εἰκόνα</span> <span class='ocrx_word' id='word_1_619' title='bbox 1253 1950 1302 1983; x_wconf 73' lang='grc' dir='ltr'>μὲν</span> <span class='ocrx_word' id='word_1_620' title='bbox 1321 1950 1367 1977; x_wconf 81' lang='grc' dir='ltr'><strong>τὸν</strong></span> <span class='ocrx_word' id='word_1_621' title='bbox 1389 1950 1480 1977; x_wconf 72' lang='grc' dir='ltr'>ὑλικὸν</span> <span class='ocrx_word' id='word_1_622' title='bbox 1497 1952 1642 1988; x_wconf 75' lang='grc' dir='ltr'>ὑπάρχειν,</span> <span class='ocrx_word' id='word_1_623' title='bbox 1662 1954 1854 1989; x_wconf 82' lang='grc' dir='ltr'>παραπλήσιον</span> 
     </span>
    </p>
   </div>
   <div class='ocr_carea' id='block_1_87' title="bbox 1064 1995 1855 2035">
    <p class='ocr_par' dir='ltr' id='par_1_87' title="bbox 1064 1995 1855 2035">
     <span class='ocr_line' id='line_1_87' title="bbox 1064 1995 1855 2035; baseline 0.008 -14"><span class='ocrx_word' id='word_1_624' title='bbox 1064 1995 1123 2030; x_wconf 74' lang='grc' dir='ltr'>μὲν,</span> <span class='ocrx_word' id='word_1_625' title='bbox 1142 1995 1201 2022; x_wconf 82' lang='grc' dir='ltr'>ἀλλ’</span> <span class='ocrx_word' id='word_1_626' title='bbox 1219 1997 1268 2031; x_wconf 72' lang='grc' dir='ltr'><strong>οὐχ</strong></span> <span class='ocrx_word' id='word_1_627' title='bbox 1289 1997 1430 2031; x_wconf 74' lang='grc' dir='ltr'>όμοούσιον</span> <span class='ocrx_word' id='word_1_628' title='bbox 1449 1997 1487 2033; x_wconf 79' lang='grc' dir='ltr'><strong>τῷ</strong></span> <span class='ocrx_word' id='word_1_629' title='bbox 1510 1998 1584 2034; x_wconf 80' lang='grc' dir='ltr'>Θεῷο</span> <span class='ocrx_word' id='word_1_630' title='bbox 1605 1999 1666 2026; x_wconf 81' lang='grc' dir='ltr'>καθ’</span> <span class='ocrx_word' id='word_1_631' title='bbox 1684 2000 1812 2035; x_wconf 78' lang='grc' dir='ltr'>ὁμοίωσιν</span> <span class='ocrx_word' id='word_1_632' title='bbox 1826 2001 1855 2028; x_wconf 80' lang='grc' dir='ltr'>δὲ</span> 
     </span>
    </p>
   </div>
   <div class='ocr_carea' id='block_1_88' title="bbox 1061 2042 1854 2082">
    <p class='ocr_par' dir='ltr' id='par_1_88' title="bbox 1061 2042 1854 2082">
     <span class='ocr_line' id='line_1_88' title="bbox 1061 2042 1854 2082; baseline 0.008 -14"><span class='ocrx_word' id='word_1_633' title='bbox 1061 2042 1107 2068; x_wconf 81' lang='grc' dir='ltr'><strong>τὸν</strong></span> <span class='ocrx_word' id='word_1_634' title='bbox 1121 2042 1254 2078; x_wconf 79' lang='grc' dir='ltr'>ψυχικόν·</span> <span class='ocrx_word' id='word_1_635' title='bbox 1270 2043 1330 2070; x_wconf 77' lang='grc' dir='ltr'>ὅθεν</span> <span class='ocrx_word' id='word_1_636' title='bbox 1350 2045 1397 2070; x_wconf 77' lang='grc' dir='ltr'><strong>καὶ</strong></span> <span class='ocrx_word' id='word_1_637' title='bbox 1420 2044 1529 2080; x_wconf 79' lang='grc' dir='ltr'>πνεῦμα</span> <span class='ocrx_word' id='word_1_638' title='bbox 1548 2045 1621 2080; x_wconf 83' lang='grc' dir='ltr'><strong>ζωῆς</strong></span> <span class='ocrx_word' id='word_1_639' title='bbox 1637 2046 1685 2082; x_wconf 80' lang='grc' dir='ltr'><strong>τὴν</strong></span> <span class='ocrx_word' id='word_1_640' title='bbox 1699 2048 1792 2073; x_wconf 78' lang='grc' dir='ltr'>οὐσίαν</span> <span class='ocrx_word' id='word_1_641' title='bbox 1806 2048 1854 2074; x_wconf 83' lang='grc' dir='ltr'><strong>αὺ-</strong></span> 
     </span>
    </p>
   </div>
   <div class='ocr_carea' id='block_1_89' title="bbox 1061 2087 1852 2128">
    <p class='ocr_par' dir='ltr' id='par_1_89' title="bbox 1061 2087 1852 2128">
     <span class='ocr_line' id='line_1_89' title="bbox 1061 2087 1852 2128; baseline 0.009 -15"><span class='ocrx_word' id='word_1_642' title='bbox 1061 2087 1108 2114; x_wconf 80' lang='grc' dir='ltr'>τοῦ</span> <span class='ocrx_word' id='word_1_643' title='bbox 1135 2088 1280 2124; x_wconf 77' lang='grc' dir='ltr'>εἰρῆσθαι,</span> <span class='ocrx_word' id='word_1_644' title='bbox 1311 2090 1342 2116; x_wconf 84' lang='grc' dir='ltr'>ἐκ</span> <span class='ocrx_word' id='word_1_645' title='bbox 1373 2091 1560 2126; x_wconf 81' lang='grc' dir='ltr'>πνευματικῆς</span> <span class='ocrx_word' id='word_1_646' title='bbox 1586 2093 1735 2128; x_wconf 69' lang='grc' dir='ltr'>ἀπορροίας</span> <span class='ocrx_word' id='word_1_647' title='bbox 1758 2091 1852 2120; x_wconf 73' lang='grc' dir='ltr'>οὖσαν.</span> 
     </span>
    </p>
   </div>
   <div class='ocr_carea' id='block_1_90' title="bbox 1063 2134 1855 2175">
    <p class='ocr_par' dir='ltr' id='par_1_90' title="bbox 1063 2134 1855 2175">
     <span class='ocr_line' id='line_1_90' title="bbox 1063 2134 1855 2175; baseline 0.009 -16"><span class='ocrx_word' id='word_1_648' title='bbox 1063 2134 1196 2169; x_wconf 80' lang='grc' dir='ltr'>’Ὑστερον</span> <span class='ocrx_word' id='word_1_649' title='bbox 1212 2135 1239 2161; x_wconf 78' lang='grc' dir='ltr'>δὲ</span> <span class='ocrx_word' id='word_1_650' title='bbox 1255 2137 1456 2171; x_wconf 75' lang='grc' dir='ltr'>περιτεθεῖσθαι</span> <span class='ocrx_word' id='word_1_651' title='bbox 1472 2138 1596 2173; x_wconf 76' lang='grc' dir='ltr'>λέγουσιν</span> <span class='ocrx_word' id='word_1_652' title='bbox 1609 2138 1683 2174; x_wconf 81' lang='grc' dir='ltr'>αὐτῷ</span> <span class='ocrx_word' id='word_1_653' title='bbox 1697 2139 1742 2166; x_wconf 83' lang='grc' dir='ltr'><strong>τὸν</strong></span> <span class='ocrx_word' id='word_1_654' title='bbox 1753 2139 1855 2175; x_wconf 82' lang='grc' dir='ltr'>δερμά-</span> 
     </span>
    </p>
   </div>
   <div class='ocr_carea' id='block_1_91' title="bbox 1060 2180 1854 2220">
    <p class='ocr_par' dir='ltr' id='par_1_91' title="bbox 1060 2180 1854 2220">
     <span class='ocr_line' id='line_1_91' title="bbox 1060 2180 1854 2220; baseline 0.011 -16"><span class='ocrx_word' id='word_1_655' title='bbox 1060 2187 1132 2205; x_wconf 88' lang='grc' dir='ltr'>τινον</span> <span class='ocrx_word' id='word_1_656' title='bbox 1160 2180 1272 2214; x_wconf 81' lang='grc' dir='ltr'>χιτῶνα.</span> <span class='ocrx_word' id='word_1_657' title='bbox 1294 2181 1378 2208; x_wconf 85' lang='grc' dir='ltr'>Τοῦτο</span> <span class='ocrx_word' id='word_1_658' title='bbox 1398 2182 1425 2208; x_wconf 86' lang='grc' dir='ltr'><strong>δὲ</strong></span> <span class='ocrx_word' id='word_1_659' title='bbox 1444 2183 1475 2209; x_wconf 85' lang='grc' dir='ltr'><strong>τὸ</strong></span> <span class='ocrx_word' id='word_1_660' title='bbox 1499 2184 1627 2219; x_wconf 74' lang='grc' dir='ltr'>αἰσθητὸν</span> <span class='ocrx_word' id='word_1_661' title='bbox 1649 2184 1758 2220; x_wconf 83' lang='grc' dir='ltr'>σαρκίον</span> <span class='ocrx_word' id='word_1_662' title='bbox 1785 2183 1854 2213; x_wconf 75' lang='grc' dir='ltr'>εἶναι</span> 
     </span>
    </p>
   </div>
   <div class='ocr_carea' id='block_1_92' title="bbox 220 2214 1015 2266">
    <p class='ocr_par' dir='ltr' id='par_1_92' title="bbox 220 2214 1009 2262">
     <span class='ocr_line' id='line_1_92' title="bbox 220 2214 1009 2262; baseline 0.018 -22"><span class='ocrx_word' id='word_1_663' title='bbox 220 2214 362 2248; x_wconf 87' lang='lat' dir='ltr'><strong>pelliceam</strong></span> <span class='ocrx_word' id='word_1_664' title='bbox 380 2217 418 2244; x_wconf 90' lang='lat' dir='ltr'><strong>illi</strong></span> <span class='ocrx_word' id='word_1_665' title='bbox 435 2219 567 2252; x_wconf 87' lang='lat' dir='ltr'><strong>tunicam,</strong></span> <span class='ocrx_word' id='word_1_666' title='bbox 582 2220 634 2248; x_wconf 89' lang='lat' dir='ltr'><strong>hoc</strong></span> <span class='ocrx_word' id='word_1_667' title='bbox 657 2227 698 2250; x_wconf 90' lang='lat' dir='ltr'><strong>est</strong></span> <span class='ocrx_word' id='word_1_668' title='bbox 712 2231 823 2252; x_wconf 89' lang='lat' dir='ltr'><strong>carnem</strong></span> <span class='ocrx_word' id='word_1_669' title='bbox 839 2225 913 2253; x_wconf 87' lang='lat' dir='ltr'><strong>illam</strong></span> <span class='ocrx_word' id='word_1_670' title='bbox 927 2235 1009 2262; x_wconf 91' lang='lat' dir='ltr'><strong>quam</strong></span> 
     </span>
    </p>
   </div>
   <div class='ocr_carea' id='block_1_93' title="bbox 1067 2214 1854 2266">
    <p class='ocr_par' dir='ltr' id='par_1_93' title="bbox 1067 2214 1854 2266">
     <span class='ocr_line' id='line_1_93' title="bbox 1067 2214 1854 2266; baseline 0.01 -16"><span class='ocrx_word' id='word_1_671' title='bbox 1067 2221 1180 2259; x_wconf 62' lang='grc' dir='ltr'>λέγουσι.</span> <span class='ocrx_word' id='word_1_672' title='bbox 1199 2226 1234 2252; x_wconf 85' lang='grc' dir='ltr'><strong>Τὸ</strong></span> <span class='ocrx_word' id='word_1_673' title='bbox 1246 2226 1274 2253; x_wconf 83' lang='grc' dir='ltr'><strong>δὲ</strong></span> <span class='ocrx_word' id='word_1_674' title='bbox 1288 2227 1382 2262; x_wconf 80' lang='grc' dir='ltr'>κύημα</span> <span class='ocrx_word' id='word_1_675' title='bbox 1400 2229 1449 2263; x_wconf 87' lang='grc' dir='ltr'><strong>τῆς</strong></span> <span class='ocrx_word' id='word_1_676' title='bbox 1468 2214 1579 2264; x_wconf 71' lang='grc' dir='ltr'>Μητρὸς</span> <span class='ocrx_word' id='word_1_677' title='bbox 1600 2214 1689 2265; x_wconf 66' lang='grc' dir='ltr'>αὐτῆς</span> <span class='ocrx_word' id='word_1_678' title='bbox 1703 2233 1753 2266; x_wconf 83' lang='grc' dir='ltr'><strong>τῆς</strong></span> <span class='ocrx_word' id='word_1_679' title='bbox 1772 2231 1854 2266; x_wconf 75' lang='grc' dir='ltr'>Ἀχα-</span> 
     </span>
    </p>
   </div>
   <div class='ocr_carea' id='block_1_94' title="bbox 219 2259 1010 2300">
    <p class='ocr_par' dir='ltr' id='par_1_94' title="bbox 219 2259 1010 2300">
     <span class='ocr_line' id='line_1_94' title="bbox 219 2259 1010 2300; baseline 0.018 -15"><span class='ocrx_word' id='word_1_680' title='bbox 219 2259 367 2292; x_wconf 85' lang='lat' dir='ltr'><strong>cernimus,</strong></span> <span class='ocrx_word' id='word_1_681' title='bbox 386 2269 447 2290; x_wconf 86' lang='lat' dir='ltr'><strong>esse</strong></span> <span class='ocrx_word' id='word_1_682' title='bbox 462 2263 668 2293; x_wconf 86' lang='lat' dir='ltr'><strong>circumdatam.</strong></span> <span class='ocrx_word' id='word_1_683' title='bbox 682 2266 760 2300; x_wconf 87' lang='lat' dir='ltr'><strong>Quod</strong></span> <span class='ocrx_word' id='word_1_684' title='bbox 781 2277 846 2296; x_wconf 82' lang='lat' dir='ltr'><strong>vero</strong></span> <span class='ocrx_word' id='word_1_685' title='bbox 866 2271 898 2297; x_wconf 89' lang='lat' dir='ltr'><strong>ad</strong></span> <span class='ocrx_word' id='word_1_686' title='bbox 915 2271 1010 2300; x_wconf 86' lang='lat' dir='ltr'><strong>Matris</strong></span> 
     </span>
    </p>
   </div>
   <div class='ocr_carea' id='block_1_95' title="bbox 219 2303 1010 2351">
    <p class='ocr_par' dir='ltr' id='par_1_95' title="bbox 219 2303 1010 2351">
     <span class='ocr_line' id='line_1_95' title="bbox 219 2303 1010 2351; baseline 0.019 -22"><span class='ocrx_word' id='word_1_687' title='bbox 219 2303 369 2332; x_wconf 79' lang='lat' dir='ltr'><strong>Achamulh</strong></span> <span class='ocrx_word' id='word_1_688' title='bbox 394 2307 478 2334; x_wconf 80' lang='lat' dir='ltr'><strong>fetum</strong></span> <span class='ocrx_word' id='word_1_689' title='bbox 499 2309 581 2336; x_wconf 89' lang='lat' dir='ltr'><strong>alium</strong></span> <span class='ocrx_word' id='word_1_690' title='bbox 598 2312 725 2345; x_wconf 88' lang='lat' dir='ltr'><strong>pertinet,</strong></span> <span class='ocrx_word' id='word_1_691' title='bbox 744 2321 826 2347; x_wconf 91' lang='lat' dir='ltr'><strong>quem</strong></span> <span class='ocrx_word' id='word_1_692' title='bbox 844 2322 876 2341; x_wconf 82' lang='lat' dir='ltr'><strong>ex</strong></span> <span class='ocrx_word' id='word_1_693' title='bbox 901 2317 1010 2351; x_wconf 86' lang='lat' dir='ltr'><strong>angelo-</strong></span> 
     </span>
    </p>
   </div>
   <div class='ocr_carea' id='block_1_96' title="bbox 218 2351 1008 2396">
    <p class='ocr_par' dir='ltr' id='par_1_96' title="bbox 218 2351 1008 2396">
     <span class='ocr_line' id='line_1_96' title="bbox 218 2351 1008 2396; baseline 0.019 -21"><span class='ocrx_word' id='word_1_694' title='bbox 218 2357 278 2376; x_wconf 89' lang='lat' dir='ltr'><strong>rum</strong></span> <span class='ocrx_word' id='word_1_695' title='bbox 303 2351 452 2380; x_wconf 84' lang='lat' dir='ltr'><strong>Salvatoris</strong></span> <span class='ocrx_word' id='word_1_696' title='bbox 479 2356 608 2382; x_wconf 89' lang='lat' dir='ltr'><strong>comitum</strong></span> <span class='ocrx_word' id='word_1_697' title='bbox 638 2360 868 2394; x_wconf 82' lang='lat' dir='ltr'><strong>contemplatione</strong></span> <span class='ocrx_word' id='word_1_698' title='bbox 895 2363 1008 2396; x_wconf 85' lang='lat' dir='ltr'><strong>peperit,</strong></span> 
     </span>
    </p>
   </div>
   <div class='ocr_carea' id='block_1_97' title="bbox 218 2398 1008 2442">
    <p class='ocr_par' dir='ltr' id='par_1_97' title="bbox 218 2398 1008 2442">
     <span class='ocr_line' id='line_1_97' title="bbox 218 2398 1008 2442; baseline 0.018 -21"><span class='ocrx_word' id='word_1_699' title='bbox 218 2401 314 2430; x_wconf 86' lang='lat' dir='ltr'><strong>estque</strong></span> <span class='ocrx_word' id='word_1_700' title='bbox 329 2398 470 2432; x_wconf 87' lang='lat' dir='ltr'><strong>spiritalis,</strong></span> <span class='ocrx_word' id='word_1_701' title='bbox 484 2405 565 2435; x_wconf 86' lang='lat' dir='ltr'><strong>atque</strong></span> <span class='ocrx_word' id='word_1_702' title='bbox 578 2401 700 2436; x_wconf 89' lang='lat' dir='ltr'><strong>ejusdem</strong></span> <span class='ocrx_word' id='word_1_703' title='bbox 718 2411 779 2431; x_wconf 89' lang='lat' dir='ltr'><strong>cum</strong></span> <span class='ocrx_word' id='word_1_704' title='bbox 795 2405 880 2434; x_wconf 91' lang='lat' dir='ltr'><strong>Matre</strong></span> <span class='ocrx_word' id='word_1_705' title='bbox 894 2412 1008 2442; x_wconf 66' lang='lat' dir='ltr'><strong>naturae,</strong></span> 
     </span>
    </p>
   </div>
   <div class='ocr_carea' id='block_1_98' title="bbox 221 2441 1007 2489">
    <p class='ocr_par' dir='ltr' id='par_1_98' title="bbox 221 2441 1007 2489">
     <span class='ocr_line' id='line_1_98' title="bbox 221 2441 1007 2489; baseline 0.02 -22"><span class='ocrx_word' id='word_1_706' title='bbox 221 2441 301 2477; x_wconf 79' lang='lat'><strong>188</strong></span> <span class='ocrx_word' id='word_1_707' title='bbox 315 2443 395 2470; x_wconf 85' lang='lat' dir='ltr'><strong>etiam</strong></span> <span class='ocrx_word' id='word_1_708' title='bbox 411 2445 483 2473; x_wconf 87' lang='lat' dir='ltr'><strong>hunc</strong></span> <span class='ocrx_word' id='word_1_709' title='bbox 507 2447 628 2482; x_wconf 83' lang='lat' dir='ltr'><strong>ignotum</strong></span> <span class='ocrx_word' id='word_1_710' title='bbox 648 2449 733 2478; x_wconf 80' lang='lat' dir='ltr'><strong>fuisse</strong></span> <span class='ocrx_word' id='word_1_711' title='bbox 748 2451 887 2480; x_wconf 87' lang='lat' dir='ltr'><strong>Conditori</strong></span> <span class='ocrx_word' id='word_1_712' title='bbox 901 2441 1007 2489; x_wconf 73' lang='lat' dir='ltr'><strong>putant,</strong></span> 
     </span>
    </p>
   </div>
   <div class='ocr_carea' id='block_1_99' title="bbox 218 2488 1008 2531">
    <p class='ocr_par' dir='ltr' id='par_1_99' title="bbox 218 2488 1008 2531">
     <span class='ocr_line' id='line_1_99' title="bbox 218 2488 1008 2531; baseline 0.022 -20"><span class='ocrx_word' id='word_1_713' title='bbox 218 2494 250 2513; x_wconf 86' lang='lat' dir='ltr'><strong>ac</strong></span> <span class='ocrx_word' id='word_1_714' title='bbox 265 2488 334 2513; x_wconf 90' lang='lat' dir='ltr'><strong>clam</strong></span> <span class='ocrx_word' id='word_1_715' title='bbox 350 2488 408 2522; x_wconf 90' lang='lat' dir='ltr'><strong>ipso</strong></span> <span class='ocrx_word' id='word_1_716' title='bbox 431 2491 569 2519; x_wconf 88' lang='lat' dir='ltr'><strong>nesciente</strong></span> <span class='ocrx_word' id='word_1_717' title='bbox 595 2492 622 2519; x_wconf 88' lang='lat' dir='ltr'><strong>in</strong></span> <span class='ocrx_word' id='word_1_718' title='bbox 642 2495 769 2522; x_wconf 87' lang='lat' dir='ltr'><strong>eumdem</strong></span> <span class='ocrx_word' id='word_1_719' title='bbox 789 2488 954 2531; x_wconf 77' lang='lat' dir='ltr'><strong>demissum,</strong></span> <span class='ocrx_word' id='word_1_720' title='bbox 979 2505 1008 2527; x_wconf 81' lang='lat' dir='ltr'><strong>ut</strong></span> 
     </span>
    </p>
   </div>
   <div class='ocr_carea' id='block_1_100' title="bbox 218 2532 1008 2580">
    <p class='ocr_par' dir='ltr' id='par_1_100' title="bbox 218 2532 1008 2580">
     <span class='ocr_line' id='line_1_100' title="bbox 218 2532 1008 2580; baseline 0.023 -24"><span class='ocrx_word' id='word_1_721' title='bbox 218 2539 265 2565; x_wconf 84' lang='lat' dir='ltr'><strong>per</strong></span> <span class='ocrx_word' id='word_1_722' title='bbox 283 2532 355 2560; x_wconf 91' lang='lat' dir='ltr'><strong>hunc</strong></span> <span class='ocrx_word' id='word_1_723' title='bbox 380 2534 407 2561; x_wconf 94' lang='lat' dir='ltr'><strong>in</strong></span> <span class='ocrx_word' id='word_1_724' title='bbox 431 2536 579 2570; x_wconf 79' lang='lat' dir='ltr'><strong>prolectant</strong></span> <span class='ocrx_word' id='word_1_725' title='bbox 605 2540 638 2567; x_wconf 87' lang='lat' dir='ltr'><strong>ab</strong></span> <span class='ocrx_word' id='word_1_726' title='bbox 652 2548 685 2568; x_wconf 88' lang='lat' dir='ltr'><strong>co</strong></span> <span class='ocrx_word' id='word_1_727' title='bbox 704 2543 822 2570; x_wconf 86' lang='lat' dir='ltr'><strong>animam</strong></span> <span class='ocrx_word' id='word_1_728' title='bbox 842 2552 1008 2580; x_wconf 79' lang='lat' dir='ltr'><strong>corpusque.</strong></span> 
     </span>
    </p>
   </div>
   <div class='ocr_carea' id='block_1_101' title="bbox 217 2576 1010 2624">
    <p class='ocr_par' dir='ltr' id='par_1_101' title="bbox 217 2576 1010 2624">
     <span class='ocr_line' id='line_1_101' title="bbox 217 2576 1010 2624; baseline 0.025 -23"><span class='ocrx_word' id='word_1_729' title='bbox 217 2576 289 2610; x_wconf 88' lang='lat' dir='ltr'><strong>quod</strong></span> <span class='ocrx_word' id='word_1_730' title='bbox 301 2586 361 2604; x_wconf 89' lang='lat' dir='ltr'><strong>cum</strong></span> <span class='ocrx_word' id='word_1_731' title='bbox 378 2582 491 2608; x_wconf 87' lang='lat' dir='ltr'><strong>materia</strong></span> <span class='ocrx_word' id='word_1_732' title='bbox 507 2589 662 2612; x_wconf 89' lang='lat' dir='ltr'><strong>concretum</strong></span> <span class='ocrx_word' id='word_1_733' title='bbox 676 2593 728 2620; x_wconf 88' lang='lat' dir='ltr'><strong>est,</strong></span> <span class='ocrx_word' id='word_1_734' title='bbox 741 2592 841 2624; x_wconf 89' lang='lat' dir='ltr'><strong>satum,</strong></span> <span class='ocrx_word' id='word_1_735' title='bbox 856 2591 890 2619; x_wconf 88' lang='lat' dir='ltr'><strong>ab</strong></span> <span class='ocrx_word' id='word_1_736' title='bbox 903 2593 1010 2620; x_wconf 85' lang='lat' dir='ltr'><strong>iisdem-</strong></span> 
     </span>
    </p>
   </div>
   <div class='ocr_carea' id='block_1_102' title="bbox 217 2623 1007 2672">
    <p class='ocr_par' dir='ltr' id='par_1_102' title="bbox 217 2623 1007 2672">
     <span class='ocr_line' id='line_1_102' title="bbox 217 2623 1007 2672; baseline 0.022 -23"><span class='ocrx_word' id='word_1_737' title='bbox 217 2630 270 2657; x_wconf 88' lang='lat' dir='ltr'><strong>que</strong></span> <span class='ocrx_word' id='word_1_738' title='bbox 280 2623 352 2650; x_wconf 84' lang='lat' dir='ltr'><strong>velut</strong></span> <span class='ocrx_word' id='word_1_739' title='bbox 367 2630 443 2652; x_wconf 83' lang='lat' dir='ltr'><strong>utero</strong></span> <span class='ocrx_word' id='word_1_740' title='bbox 455 2632 590 2661; x_wconf 86' lang='lat' dir='ltr'><strong>gestatum</strong></span> <span class='ocrx_word' id='word_1_741' title='bbox 606 2635 688 2666; x_wconf 89' lang='lat' dir='ltr'><strong>atque</strong></span> <span class='ocrx_word' id='word_1_742' title='bbox 704 2639 826 2667; x_wconf 86' lang='lat' dir='ltr'><strong>auctum,</strong></span> <span class='ocrx_word' id='word_1_743' title='bbox 845 2637 876 2664; x_wconf 91' lang='lat' dir='ltr'><strong>ad</strong></span> <span class='ocrx_word' id='word_1_744' title='bbox 892 2637 918 2664; x_wconf 89' lang='lat' dir='ltr'><strong>id</strong></span> <span class='ocrx_word' id='word_1_745' title='bbox 935 2639 1007 2672; x_wconf 92' lang='lat' dir='ltr'><strong>quod</strong></span> 
     </span>
    </p>
   </div>
   <div class='ocr_carea' id='block_1_103' title="bbox 216 2669 1004 2710">
    <p class='ocr_par' dir='ltr' id='par_1_103' title="bbox 216 2669 1004 2710">
     <span class='ocr_line' id='line_1_103' title="bbox 216 2669 1004 2710; baseline 0.022 -16"><span class='ocrx_word' id='word_1_746' title='bbox 216 2669 367 2703; x_wconf 81' lang='lat' dir='ltr'><strong>perfectum</strong></span> <span class='ocrx_word' id='word_1_747' title='bbox 389 2676 430 2699; x_wconf 88' lang='lat' dir='ltr'><strong>est</strong></span> <span class='ocrx_word' id='word_1_748' title='bbox 460 2674 644 2708; x_wconf 86' lang='lat' dir='ltr'><strong>recipiendum</strong></span> <span class='ocrx_word' id='word_1_749' title='bbox 680 2678 807 2707; x_wconf 87' lang='lat' dir='ltr'><strong>idoneum</strong></span> <span class='ocrx_word' id='word_1_750' title='bbox 835 2682 1004 2710; x_wconf 86' lang='lat' dir='ltr'><strong>redderetur.</strong></span> 
     </span>
    </p>
   </div>
   <div class='ocr_carea' id='block_1_104' title="bbox 216 2716 1004 2761">
    <p class='ocr_par' dir='ltr' id='par_1_104' title="bbox 216 2716 1004 2761">
     <span class='ocr_line' id='line_1_104' title="bbox 216 2716 1004 2761; baseline 0.019 -19"><span class='ocrx_word' id='word_1_751' title='bbox 216 2716 301 2751; x_wconf 87' lang='lat' dir='ltr'><strong>Igitur</strong></span> <span class='ocrx_word' id='word_1_752' title='bbox 312 2719 464 2747; x_wconf 86' lang='lat' dir='ltr'><strong>admirabili</strong></span> <span class='ocrx_word' id='word_1_753' title='bbox 475 2721 602 2756; x_wconf 87' lang='lat' dir='ltr'><strong>quadam,</strong></span> <span class='ocrx_word' id='word_1_754' title='bbox 620 2724 705 2759; x_wconf 86' lang='lat' dir='ltr'><strong>aiunt,</strong></span> <span class='ocrx_word' id='word_1_755' title='bbox 719 2726 887 2761; x_wconf 89' lang='lat' dir='ltr'><strong>providentia</strong></span> <span class='ocrx_word' id='word_1_756' title='bbox 904 2729 1004 2757; x_wconf 83' lang='lat' dir='ltr'><strong>factum</strong></span> 
     </span>
    </p>
   </div>
   <div class='ocr_carea' id='block_1_105' title="bbox 254 2795 764 2838">
    <p class='ocr_par' dir='ltr' id='par_1_105' title="bbox 254 2795 764 2838">
     <span class='ocr_line' id='line_1_105' title="bbox 254 2795 764 2838; baseline 0.02 -16"><span class='ocrx_word' id='word_1_757' title='bbox 254 2795 337 2838; x_wconf 37' lang='lat' dir='ltr'><strong>&quot;l‘saL</strong></span> <span class='ocrx_word' id='word_1_758' title='bbox 347 2805 419 2838; x_wconf 66' lang='lat' dir='ltr'><strong>xtvr.</strong></span> <span class='ocrx_word' id='word_1_759' title='bbox 430 2799 459 2838; x_wconf 84' lang='lat'><strong>9._</strong></span> <span class='ocrx_word' id='word_1_760' title='bbox 477 2835 483 2838; x_wconf 90' lang='lat'>_</span> <span class='ocrx_word' id='word_1_761' title='bbox 497 2801 506 2816; x_wconf 80' lang='lat'>&#39;</span> <span class='ocrx_word' id='word_1_762' title='bbox 521 2801 557 2838; x_wconf 53' lang='lat' dir='ltr'><strong>lr,</strong></span> <span class='ocrx_word' id='word_1_763' title='bbox 568 2802 683 2838; x_wconf 74' lang='grc' dir='ltr'>ψυχικὸν</span> <span class='ocrx_word' id='word_1_764' title='bbox 698 2805 764 2832; x_wconf 82' lang='grc' dir='ltr'>υἱόν.</span> 
     </span>
    </p>
   </div>
   <div class='ocr_carea' id='block_1_106' title="bbox 218 2832 710 2872">
    <p class='ocr_par' dir='ltr' id='par_1_106' title="bbox 218 2832 710 2872">
     <span class='ocr_line' id='line_1_106' title="bbox 218 2832 710 2872; baseline 0.02 -16"><span class='ocrx_word' id='word_1_765' title='bbox 218 2834 244 2857; x_wconf 85' lang='lat' dir='ltr'><strong>ct</strong></span> <span class='ocrx_word' id='word_1_766' title='bbox 264 2832 309 2858; x_wconf 85' lang='lat' dir='ltr'><strong>lel.</strong></span> <span class='ocrx_word' id='word_1_767' title='bbox 323 2832 460 2869; x_wconf 70' lang='grc' dir='ltr'>δακρύωνθ</span> <span class='ocrx_word' id='word_1_768' title='bbox 475 2835 509 2863; x_wconf 87' lang='lat' dir='ltr'><strong>ir.</strong></span> <span class='ocrx_word' id='word_1_769' title='bbox 527 2832 710 2872; x_wconf 45' lang='lat' dir='ltr'><strong>additnldyou.</strong></span> 
     </span>
    </p>
   </div>
   <div class='ocr_carea' id='block_1_107' title="bbox 1065 2270 1854 2312">
    <p class='ocr_par' dir='ltr' id='par_1_107' title="bbox 1065 2270 1854 2312">
     <span class='ocr_line' id='line_1_107' title="bbox 1065 2270 1854 2312; baseline 0.009 -15"><span class='ocrx_word' id='word_1_770' title='bbox 1065 2270 1135 2306; x_wconf 88' lang='grc' dir='ltr'>μὼθ,</span> <span class='ocrx_word' id='word_1_771' title='bbox 1150 2271 1164 2298; x_wconf 85' lang='grc' dir='ltr'><strong>ὂ</strong></span> <span class='ocrx_word' id='word_1_772' title='bbox 1178 2272 1247 2298; x_wconf 84' lang='grc' dir='ltr'>κατὰ</span> <span class='ocrx_word' id='word_1_773' title='bbox 1266 2272 1315 2308; x_wconf 83' lang='grc' dir='ltr'>τὴν</span> <span class='ocrx_word' id='word_1_774' title='bbox 1335 2273 1451 2308; x_wconf 83' lang='grc' dir='ltr'>Θεωρίαν</span> <span class='ocrx_word' id='word_1_775' title='bbox 1467 2274 1521 2302; x_wconf 86' lang='grc' dir='ltr'><strong>τῶν</strong></span> <span class='ocrx_word' id='word_1_776' title='bbox 1540 2276 1603 2311; x_wconf 70' lang='grc' dir='ltr'>περὶ</span> <span class='ocrx_word' id='word_1_777' title='bbox 1617 2276 1663 2303; x_wconf 83' lang='grc' dir='ltr'><strong>τὸν</strong></span> <span class='ocrx_word' id='word_1_778' title='bbox 1675 2277 1787 2312; x_wconf 86' lang='grc' dir='ltr'>Σωτῆρα</span> <span class='ocrx_word' id='word_1_779' title='bbox 1803 2278 1854 2312; x_wconf 83' lang='grc' dir='ltr'>ἀγ-</span> 
     </span>
    </p>
   </div>
   <div class='ocr_carea' id='block_1_108' title="bbox 1063 2316 1852 2358">
    <p class='ocr_par' dir='ltr' id='par_1_108' title="bbox 1063 2316 1852 2358">
     <span class='ocr_line' id='line_1_108' title="bbox 1063 2316 1852 2358; baseline 0.009 -15"><span class='ocrx_word' id='word_1_780' title='bbox 1063 2316 1149 2351; x_wconf 84' lang='grc' dir='ltr'>γέλων</span> <span class='ocrx_word' id='word_1_781' title='bbox 1176 2317 1350 2354; x_wconf 77' lang='grc' dir='ltr'>ἀπεκύησεν,</span> <span class='ocrx_word' id='word_1_782' title='bbox 1379 2319 1520 2355; x_wconf 83' lang='grc' dir='ltr'>ὀμοούσιον</span> <span class='ocrx_word' id='word_1_783' title='bbox 1547 2322 1668 2357; x_wconf 77' lang='grc' dir='ltr'>ὑπάρχον</span> <span class='ocrx_word' id='word_1_784' title='bbox 1694 2324 1726 2358; x_wconf 86' lang='grc' dir='ltr'>τῇ</span> <span class='ocrx_word' id='word_1_785' title='bbox 1760 2324 1852 2358; x_wconf 80' lang='grc' dir='ltr'>Μητρὶ</span> 
     </span>
    </p>
   </div>
   <div class='ocr_carea' id='block_1_109' title="bbox 1064 2364 1852 2405">
    <p class='ocr_par' dir='ltr' id='par_1_109' title="bbox 1064 2364 1852 2405">
     <span class='ocr_line' id='line_1_109' title="bbox 1064 2364 1852 2405; baseline 0.008 -16"><span class='ocrx_word' id='word_1_786' title='bbox 1064 2364 1257 2399; x_wconf 72' lang='grc' dir='ltr'>πνευματικὸν,</span> <span class='ocrx_word' id='word_1_787' title='bbox 1275 2365 1320 2392; x_wconf 78' lang='grc' dir='ltr'><strong>καὶ</strong></span> <span class='ocrx_word' id='word_1_788' title='bbox 1338 2366 1418 2393; x_wconf 82' lang='grc' dir='ltr'>αὐτὸν</span> <span class='ocrx_word' id='word_1_789' title='bbox 1434 2368 1596 2404; x_wconf 75' lang='grc' dir='ltr'>ἠγνοηκέναι</span> <span class='ocrx_word' id='word_1_790' title='bbox 1616 2369 1661 2395; x_wconf 82' lang='grc' dir='ltr'><strong>τὸν</strong></span> <span class='ocrx_word' id='word_1_791' title='bbox 1681 2369 1852 2405; x_wconf 83' lang='grc' dir='ltr'>Δημιουργόν</span> 
     </span>
    </p>
   </div>
   <div class='ocr_carea' id='block_1_110' title="bbox 1063 2409 1851 2451">
    <p class='ocr_par' dir='ltr' id='par_1_110' title="bbox 1063 2409 1851 2451">
     <span class='ocr_line' id='line_1_110' title="bbox 1063 2409 1851 2451; baseline 0.009 -16"><span class='ocrx_word' id='word_1_792' title='bbox 1063 2409 1181 2444; x_wconf 88' lang='grc' dir='ltr'>λέγουσι,</span> <span class='ocrx_word' id='word_1_793' title='bbox 1198 2412 1245 2437; x_wconf 81' lang='grc' dir='ltr'><strong>καὶ</strong></span> <span class='ocrx_word' id='word_1_794' title='bbox 1262 2411 1411 2448; x_wconf 72' lang='grc' dir='ltr'>λεληθότως</span> <span class='ocrx_word' id='word_1_795' title='bbox 1425 2414 1633 2441; x_wconf 78' lang='grc' dir='ltr'>κατατεθεῖσθαι</span> <span class='ocrx_word' id='word_1_796' title='bbox 1652 2416 1692 2447; x_wconf 82' lang='grc' dir='ltr'>εἰς</span> <span class='ocrx_word' id='word_1_797' title='bbox 1708 2415 1797 2448; x_wconf 75' lang='grc' dir='ltr'>αὐτὸν,</span> <span class='ocrx_word' id='word_1_798' title='bbox 1814 2416 1851 2451; x_wconf 82' lang='grc' dir='ltr'>μὴ</span> 
     </span>
    </p>
   </div>
   <div class='ocr_carea' id='block_1_111' title="bbox 1062 2455 1850 2496">
    <p class='ocr_par' dir='ltr' id='par_1_111' title="bbox 1062 2455 1850 2496">
     <span class='ocr_line' id='line_1_111' title="bbox 1062 2455 1850 2496; baseline 0.009 -15"><span class='ocrx_word' id='word_1_799' title='bbox 1062 2455 1266 2493; x_wconf 33' lang='grc' dir='ltr'>είδότοςιαύτοῦ,</span> <span class='ocrx_word' id='word_1_800' title='bbox 1285 2458 1327 2484; x_wconf 81' lang='grc' dir='ltr'>ἵνα.</span> <span class='ocrx_word' id='word_1_801' title='bbox 1352 2458 1385 2484; x_wconf 83' lang='grc' dir='ltr'>δι’</span> <span class='ocrx_word' id='word_1_802' title='bbox 1401 2459 1484 2485; x_wconf 75' lang='grc' dir='ltr'>αὐτοῦ</span> <span class='ocrx_word' id='word_1_803' title='bbox 1507 2460 1548 2492; x_wconf 80' lang='grc' dir='ltr'><strong>εἰς</strong></span> <span class='ocrx_word' id='word_1_804' title='bbox 1568 2460 1616 2494; x_wconf 86' lang='grc' dir='ltr'><strong>τὴν</strong></span> <span class='ocrx_word' id='word_1_805' title='bbox 1635 2461 1683 2487; x_wconf 72' lang='grc' dir='ltr'>ἀπ’</span> <span class='ocrx_word' id='word_1_806' title='bbox 1700 2461 1781 2488; x_wconf 79' lang='grc' dir='ltr'>αὐτοῦ</span> <span class='ocrx_word' id='word_1_807' title='bbox 1799 2461 1850 2496; x_wconf 80' lang='grc' dir='ltr'><strong>ψυ-</strong></span> 
     </span>
    </p>
   </div>
   <div class='ocr_carea' id='block_1_112' title="bbox 1059 2501 1852 2543">
    <p class='ocr_par' dir='ltr' id='par_1_112' title="bbox 1059 2501 1852 2543">
     <span class='ocr_line' id='line_1_112' title="bbox 1059 2501 1852 2543; baseline 0.009 -16"><span class='ocrx_word' id='word_1_808' title='bbox 1059 2501 1110 2537; x_wconf 88' lang='grc' dir='ltr'>χὴν</span> <span class='ocrx_word' id='word_1_809' title='bbox 1126 2503 1239 2537; x_wconf 77' lang='grc' dir='ltr'>σπαρὲν,</span> <span class='ocrx_word' id='word_1_810' title='bbox 1252 2504 1297 2530; x_wconf 72' lang='grc' dir='ltr'><strong>καὶ</strong></span> <span class='ocrx_word' id='word_1_811' title='bbox 1313 2505 1352 2535; x_wconf 86' lang='grc' dir='ltr'>εἰς</span> <span class='ocrx_word' id='word_1_812' title='bbox 1368 2505 1398 2530; x_wconf 83' lang='grc' dir='ltr'>τὸ</span> <span class='ocrx_word' id='word_1_813' title='bbox 1411 2505 1504 2531; x_wconf 80' lang='grc' dir='ltr'>ὑλικὸν</span> <span class='ocrx_word' id='word_1_814' title='bbox 1525 2506 1604 2532; x_wconf 80' lang='grc' dir='ltr'>τοῦτο</span> <span class='ocrx_word' id='word_1_815' title='bbox 1622 2506 1701 2542; x_wconf 82' lang='grc' dir='ltr'>σῶμα</span> <span class='ocrx_word' id='word_1_816' title='bbox 1715 2516 1852 2543; x_wconf 74' lang='grc' dir='ltr'>κυοφορη-</span> 
     </span>
    </p>
   </div>
   <div class='ocr_carea' id='block_1_113' title="bbox 1059 2547 1852 2589">
    <p class='ocr_par' dir='ltr' id='par_1_113' title="bbox 1059 2547 1852 2589">
     <span class='ocr_line' id='line_1_113' title="bbox 1059 2547 1852 2589; baseline 0.01 -17"><span class='ocrx_word' id='word_1_817' title='bbox 1059 2547 1104 2573; x_wconf 78' lang='grc' dir='ltr'><strong>θὲν</strong></span> <span class='ocrx_word' id='word_1_818' title='bbox 1133 2549 1162 2574; x_wconf 82' lang='grc' dir='ltr'>ὲν</span> <span class='ocrx_word' id='word_1_819' title='bbox 1185 2548 1291 2581; x_wconf 75' lang='grc' dir='ltr'>τούτοις</span> <span class='ocrx_word' id='word_1_820' title='bbox 1317 2550 1364 2576; x_wconf 79' lang='grc' dir='ltr'><strong>καὶ</strong></span> <span class='ocrx_word' id='word_1_821' title='bbox 1393 2551 1520 2586; x_wconf 81' lang='grc' dir='ltr'>αὑξηθὲν,</span> <span class='ocrx_word' id='word_1_822' title='bbox 1545 2552 1654 2587; x_wconf 78' lang='grc' dir='ltr'>ἕτοιμον</span> <span class='ocrx_word' id='word_1_823' title='bbox 1675 2553 1787 2589; x_wconf 77' lang='grc' dir='ltr'>γένηται</span> <span class='ocrx_word' id='word_1_824' title='bbox 1813 2555 1852 2586; x_wconf 82' lang='grc' dir='ltr'>εἰς</span> 
     </span>
    </p>
   </div>
   <div class='ocr_carea' id='block_1_114' title="bbox 1060 2593 1852 2634">
    <p class='ocr_par' dir='ltr' id='par_1_114' title="bbox 1060 2593 1852 2634">
     <span class='ocr_line' id='line_1_114' title="bbox 1060 2593 1852 2634; baseline 0.011 -16"><span class='ocrx_word' id='word_1_825' title='bbox 1060 2593 1194 2629; x_wconf 78' lang='grc' dir='ltr'>ὑποδοχὴν</span> <span class='ocrx_word' id='word_1_826' title='bbox 1215 2594 1262 2621; x_wconf 80' lang='grc' dir='ltr'><strong>τοῦ</strong></span> <span class='ocrx_word' id='word_1_827' title='bbox 1286 2596 1412 2623; x_wconf 67' lang='grc' dir='ltr'>τελείουυ.</span> <span class='ocrx_word' id='word_1_828' title='bbox 1431 2597 1545 2624; x_wconf 78' lang='grc' dir='ltr'>Ἔλαϐεν</span> <span class='ocrx_word' id='word_1_829' title='bbox 1566 2596 1611 2625; x_wconf 77' lang='grc' dir='ltr'>οὖν</span> <span class='ocrx_word' id='word_1_830' title='bbox 1632 2619 1639 2630; x_wconf 96' lang='grc'>,</span> <span class='ocrx_word' id='word_1_831' title='bbox 1655 2599 1692 2630; x_wconf 84' lang='grc' dir='ltr'>ῶς</span> <span class='ocrx_word' id='word_1_832' title='bbox 1710 2608 1786 2634; x_wconf 80' lang='grc' dir='ltr'>φασι,</span> <span class='ocrx_word' id='word_1_833' title='bbox 1807 2600 1852 2628; x_wconf 77' lang='grc' dir='ltr'><strong>τὸν</strong></span> 
     </span>
    </p>
   </div>
   <div class='ocr_carea' id='block_1_115' title="bbox 1059 2640 1851 2680">
    <p class='ocr_par' dir='ltr' id='par_1_115' title="bbox 1059 2640 1851 2680">
     <span class='ocr_line' id='line_1_115' title="bbox 1059 2640 1851 2680; baseline 0.01 -16"><span class='ocrx_word' id='word_1_834' title='bbox 1059 2640 1232 2675; x_wconf 79' lang='grc' dir='ltr'>Δημιουργὺν</span> <span class='ocrx_word' id='word_1_835' title='bbox 1250 2642 1264 2667; x_wconf 82' lang='grc' dir='ltr'><strong>ὀ</strong></span> <span class='ocrx_word' id='word_1_836' title='bbox 1286 2644 1526 2679; x_wconf 68' lang='grc' dir='ltr'>συγκατασπαρεὶς</span> <span class='ocrx_word' id='word_1_837' title='bbox 1549 2644 1587 2679; x_wconf 83' lang='grc' dir='ltr'><strong>τῷ</strong></span> <span class='ocrx_word' id='word_1_838' title='bbox 1602 2645 1787 2680; x_wconf 61' lang='grc' dir='ltr'>ὲμφυσήματις</span> <span class='ocrx_word' id='word_1_839' title='bbox 1801 2647 1851 2672; x_wconf 80' lang='grc' dir='ltr'>αὑ-</span> 
     </span>
    </p>
   </div>
   <div class='ocr_carea' id='block_1_116' title="bbox 1059 2685 1852 2728">
    <p class='ocr_par' dir='ltr' id='par_1_116' title="bbox 1059 2685 1852 2728">
     <span class='ocr_line' id='line_1_116' title="bbox 1059 2685 1852 2728; baseline 0.01 -17"><span class='ocrx_word' id='word_1_840' title='bbox 1059 2685 1105 2712; x_wconf 78' lang='grc' dir='ltr'>τοῦ</span> <span class='ocrx_word' id='word_1_841' title='bbox 1128 2686 1180 2712; x_wconf 85' lang='grc' dir='ltr'><strong>ὑπὸ</strong></span> <span class='ocrx_word' id='word_1_842' title='bbox 1208 2687 1257 2722; x_wconf 83' lang='grc' dir='ltr'><strong>τῆς</strong></span> <span class='ocrx_word' id='word_1_843' title='bbox 1285 2689 1384 2723; x_wconf 77' lang='grc' dir='ltr'>Σοφίας</span> <span class='ocrx_word' id='word_1_844' title='bbox 1410 2691 1593 2725; x_wconf 82' lang='grc' dir='ltr'>πνευματικὸς</span> <span class='ocrx_word' id='word_1_845' title='bbox 1609 2691 1760 2727; x_wconf 80' lang='grc' dir='ltr'>ἀνθρώπων</span> <span class='ocrx_word' id='word_1_846' title='bbox 1776 2693 1786 2707; x_wconf 95' lang='grc'><strong>⁷</strong></span> <span class='ocrx_word' id='word_1_847' title='bbox 1801 2693 1852 2728; x_wconf 82' lang='grc' dir='ltr'><strong>ἀῤ-</strong></span> 
     </span>
    </p>
   </div>
   <div class='ocr_carea' id='block_1_117' title="bbox 1061 2732 1849 2774">
    <p class='ocr_par' dir='ltr' id='par_1_117' title="bbox 1061 2732 1849 2774">
     <span class='ocr_line' id='line_1_117' title="bbox 1061 2732 1849 2774; baseline 0.01 -17"><span class='ocrx_word' id='word_1_848' title='bbox 1061 2732 1134 2767; x_wconf 71' lang='grc' dir='ltr'>ρήτῳ</span> <span class='ocrx_word' id='word_1_849' title='bbox 1157 2734 1269 2769; x_wconf 78' lang='grc' dir='ltr'>προνοίᾳ</span> <span class='ocrx_word' id='word_1_850' title='bbox 1284 2735 1304 2762; x_wconf 79' lang='grc'><strong>³.</strong></span> <span class='ocrx_word' id='word_1_851' title='bbox 1326 2735 1370 2767; x_wconf 86' lang='grc' dir='ltr'>Ὠς</span> <span class='ocrx_word' id='word_1_852' title='bbox 1393 2736 1447 2771; x_wconf 78' lang='grc' dir='ltr'>γὰρ</span> <span class='ocrx_word' id='word_1_853' title='bbox 1471 2737 1520 2772; x_wconf 81' lang='grc' dir='ltr'>τὴν</span> <span class='ocrx_word' id='word_1_854' title='bbox 1545 2737 1651 2774; x_wconf 78' lang='grc' dir='ltr'>μητέρα</span> <span class='ocrx_word' id='word_1_855' title='bbox 1676 2738 1849 2773; x_wconf 75' lang='grc' dir='ltr'>ἠγνοηκέναι,</span> 
     </span>
    </p>
   </div>
   <div class='ocr_carea' id='block_1_118' title="bbox 803 2807 1846 2852">
    <p class='ocr_par' dir='ltr' id='par_1_118' title="bbox 803 2807 1846 2852">
     <span class='ocr_line' id='line_1_118' title="bbox 803 2807 1846 2852; baseline 0.011 -20"><span class='ocrx_word' id='word_1_856' title='bbox 803 2807 892 2852; x_wconf 37' lang='lat' dir='ltr'><strong>&quot;lia-tan</strong></span> <span class='ocrx_word' id='word_1_857' title='bbox 903 2809 1015 2843; x_wconf 80' lang='grc' dir='ltr'>φυχικόν</span> <span class='ocrx_word' id='word_1_858' title='bbox 1025 2809 1045 2852; x_wconf 47' lang='lat'><strong>1’“</strong></span> <span class='ocrx_word' id='word_1_859' title='bbox 1055 2809 1106 2852; x_wconf 42' lang='grc'><strong>³11³.</strong></span> <span class='ocrx_word' id='word_1_860' title='bbox 1119 2811 1290 2852; x_wconf 33' lang='grc' dir='ltr'>ἐφυριάνιον.</span> <span class='ocrx_word' id='word_1_861' title='bbox 1315 2817 1338 2852; x_wconf 32' lang='grc'><strong>’⁸</strong></span> <span class='ocrx_word' id='word_1_862' title='bbox 1352 2813 1386 2841; x_wconf 90' lang='lat' dir='ltr'><strong>lr.</strong></span> <span class='ocrx_word' id='word_1_863' title='bbox 1404 2816 1622 2852; x_wconf 76' lang='grc' dir='ltr'>κοσμοκράτορα.</span> <span class='ocrx_word' id='word_1_864' title='bbox 1656 2816 1666 2831; x_wconf 83' lang='grc'><strong><em>⁵</em></strong></span> <span class='ocrx_word' id='word_1_865' title='bbox 1683 2814 1713 2842; x_wconf 77' lang='lat' dir='ltr'><strong>F.</strong></span> <span class='ocrx_word' id='word_1_866' title='bbox 1726 2815 1775 2851; x_wconf 87' lang='grc' dir='ltr'><strong>γῆν</strong></span> <span class='ocrx_word' id='word_1_867' title='bbox 1787 2815 1846 2850; x_wconf 79' lang='grc' dir='ltr'>μέν,</span> 
     </span>
    </p>
   </div>
   <div class='ocr_carea' id='block_1_119' title="bbox 750 2841 1464 2886">
    <p class='ocr_par' dir='ltr' id='par_1_119' title="bbox 750 2841 1464 2886">
     <span class='ocr_line' id='line_1_119' title="bbox 750 2841 1464 2886; baseline 0.014 -19"><span class='ocrx_word' id='word_1_868' title='bbox 750 2842 759 2856; x_wconf 93' lang='grc'><strong>⁷</strong></span> <span class='ocrx_word' id='word_1_869' title='bbox 778 2841 807 2869; x_wconf 79' lang='lat' dir='ltr'><strong>F.</strong></span> <span class='ocrx_word' id='word_1_870' title='bbox 829 2841 996 2878; x_wconf 70' lang='grc' dir='ltr'>Ἄνθρωπος.</span> <span class='ocrx_word' id='word_1_871' title='bbox 1036 2845 1045 2860; x_wconf 74' lang='grc'><strong>⁸</strong></span> <span class='ocrx_word' id='word_1_872' title='bbox 1062 2845 1130 2873; x_wconf 82' lang='lat' dir='ltr'><strong>lrcn.</strong></span> <span class='ocrx_word' id='word_1_873' title='bbox 1146 2841 1258 2882; x_wconf 68' lang='grc' dir='ltr'>δυνάμει</span> <span class='ocrx_word' id='word_1_874' title='bbox 1279 2850 1326 2876; x_wconf 73' lang='grc' dir='ltr'><strong>καὶ</strong></span> <span class='ocrx_word' id='word_1_875' title='bbox 1342 2841 1464 2886; x_wconf 56' lang='grc' dir='ltr'>προνοίᾳί</span> 
     </span>
    </p>
   </div>
   <div class='ocr_carea' id='block_1_120' title="bbox 254 2889 1015 2941">
    <p class='ocr_par' dir='ltr' id='par_1_120' title="bbox 254 2889 1004 2941">
     <span class='ocr_line' id='line_1_120' title="bbox 254 2889 1004 2941; baseline 0.019 -24"><span class='ocrx_word' id='word_1_876' title='bbox 254 2889 310 2923; x_wconf 70' lang='grc' dir='ltr'><strong>(ΒἻ</strong></span> <span class='ocrx_word' id='word_1_877' title='bbox 337 2892 391 2920; x_wconf 70' lang='grc' dir='ltr'><em>Τὸν</em></span> <span class='ocrx_word' id='word_1_878' title='bbox 409 2895 590 2932; x_wconf 60' lang='lat' dir='ltr'><strong>dmum-pyth</strong></span> <span class='ocrx_word' id='word_1_879' title='bbox 607 2897 696 2932; x_wconf 62' lang='lat' dir='ltr'><strong>615er-</strong></span> <span class='ocrx_word' id='word_1_880' title='bbox 710 2899 1004 2941; x_wconf 57' lang='grc' dir='ltr'>τόνχὐπςροιριὶνιον.</span> 
     </span>
    </p>
   </div>
   <div class='ocr_carea' id='block_1_121' title="bbox 1067 2889 1292 2941">
    <p class='ocr_par' dir='ltr' id='par_1_121' title="bbox 1067 2905 1292 2941">
     <span class='ocr_line' id='line_1_121' title="bbox 1067 2905 1292 2941; baseline 0.018 -11"><span class='ocrx_word' id='word_1_881' title='bbox 1067 2913 1102 2931; x_wconf 88' lang='lat' dir='ltr'><strong>rr.</strong></span> <span class='ocrx_word' id='word_1_882' title='bbox 1124 2905 1292 2941; x_wconf 71' lang='grc' dir='ltr'>ἐπουράνιον,</span> 
     </span>
    </p>
   </div>
  </div>
