1961 3046
132 141 186 169 513

456 138 640 167 ADVERSUS
659 138 830 166 HERESES
849 137 914 165 LIB.
936 137 956 164 Ι.
978 137 1061 165 ΤΟΜ.
1083 137 1113 165 ll.
1134 153 1170 157 —
1187 137 1324 165 leERES.
1344 137 1442 165 XXXI.

1718 139 1769 168 5ἰᾶ

131 200 205 226 οὕτω
220 199 268 226 καὶ
284 199 314 225 τὸ
330 197 440 234 σπέρμα
463 199 557 234 αὐτῆς,
573 199 587 225 ὃ
602 199 634 234 δὴ
659 199 705 226 καὶ
728 198 793 225 aito
814 198 927 232 Ἐκκλη-

979 202 1029 230 est,
1045 198 1176 233 spiritalis
1189 201 1218 224 ut
1234 197 1315 224 homo
1328 197 1502 225 Conditorem
1518 197 1623 230 lateret,
1640 205 1701 225 eum
1715 207 1768 226 una

133 243 275 271 ϐίαν-εἷναι
291 244 424 278 λέγουσιν,
441 243 586 270 ἀντίτυπον
605 244 655 278 τῆς
676 243 732 270 ἄνω
751 242 924 278 Ἐκκλησίας.

132 289 188 316 Καὶ
200 289 261 315 τότε
280 287 349 315 εἶναι
368 288 413 314 τὸν
432 288 462 314 ἐν
482 289 573 320 αὐτοῖς
594 287 715 319 ἀξιοῦσιν
731 288 751 320 ¹,
767 287 836 313 ὥστε
855 286 926 321 ἔχειν

131 335 231 366 αὐτοὺς
252 334 301 369 τὴν
321 334 371 369 μὲν
387 333 476 369 ψυχὴν
502 333 555 360 ἀπὸ
579 333 625 360 τοῦ
651 332 831 369 Δημιουργοῦ,
849 333 879 358 τὸ
898 332 926 358 δὲ

133 381 214 417 σῶμα
228 381 281 408 ἀπὸ
296 380 342 406 τοῦ
357 380 430 415 χοὸς,
449 380 496 406 καὶ
510 379 540 406 τὸ
564 379 694 415 σαρκικὺν
713 379 766 406 ἀπὺ
785 379 834 414 τῆς
850 378 926 414 ὕλης.

131 427 178 453 τὸν
193 427 221 454 δὲ
240 426 424 462 πνευματικὸν
448 425 590 461 ἄνθρωπον
609 425 664 452 ἀπὸ
683 426 733 460 τῆς
756 425 858 460 μητρὸς
876 425 927 459 τῆς

140 472 280 509 Ἀχαμώθ.

167 607 210 633 K'.
233 606 324 642 Τριῶν
340 603 387 632 οὖν
404 605 498 636 ὄντων,
527 605 557 631 τὸ
580 605 628 640 μὲν
653 604 755 634 ὑλικὸν,
769 604 783 630 ὃ
802 604 850 630 καὶ
864 604 926 639 ἀρι-

134 652 231 687 στερὸν
250 651 373 683 καλοῦσι,
387 650 456 677 κατὰ
471 651 594 685 ἀνάγκην
607 649 773 677 ἀπόλλυσθαι
788 649 924 683 λέγουσιν,

136 699 186 726 ἆτε
214 698 348 734 μηδεμίαν
372 697 557 729 ἐπιδείξασθαι
578 697 587 711 ¹
603 697 686 732 πνοὴν
706 696 859 732 ἀερθαρσῖας
881 697 926 722 δυ-

133 745 266 780 νάμενον·
290 744 320 770 τὸ
343 744 371 770 δὲ
390 743 514 779 ψυχικὸν,
532 743 546 769 ὃ
566 743 615 770 καὶ
633 743 717 775 δεξιὸν
739 742 927 778 προσαγορεύ-

131 798 219 819 ουσιν,
242 789 290 816 ἆτε
307 789 387 824 μέσον
403 788 432 814 ὃν
449 788 495 814 τοῦ
513 796 542 814 τε
558 787 744 822 πνευματικοῦ
760 788 806 814 καὶ
822 787 926 821 {ulmo-3,

131 837 223 863 ἐκεῖσε
237 837 347 871 χωρεῖν,
364 835 431 861 ὅπου
450 834 483 861 ἃν
500 834 547 861 καὶ
567 835 616 870 τὴν
633 834 792 870 πρόσκλισιν
811 835 927 868 ποιήσησ

977 252 1025 279 per
1039 244 1099 278 ejus
1114 243 1232 270 alllatum
1250 252 1264 270 a
1281 243 1418 278 Sapientia
1431 250 1629 272 consereretur.
1645 244 1680 272 Ut
1695 245 1769 273 enim

976 289 1067 323 ignota
1089 289 1127 315 illi
1144 288 1228 315 Mater
1244 288 1306 320 fuit,
1324 290 1363 315 sic
1389 288 1469 315 etiam
1495 288 1565 316 fctus
1584 289 1667 321 illius,
1687 298 1769 324 quam

977 334 1126 361 Ecclesiam
1149 338 1258 366 vocant,
1287 333 1416 361 Ecclesia:
1446 335 1560 362 alterius
1586 342 1618 362 ac
1649 337 1770 364 cmlcstis

976 380 1122 415 imaginem
1139 387 1306 414 expressam.
1324 380 1412 414 Atque
1434 380 1506 407 hunc
1529 381 1616 415 ipsum
1633 382 1770 408 hominem

978 425 1052 452 illum
1076 433 1137 453 esse
1161 429 1273 453 censent
1295 426 1341 460 qui
1361 426 1387 452 in
1411 425 1478 459 ipsis
1500 426 1614 454 exsistat
1630 436 1636 453 :
1652 427 1720 454 adeo
1741 431 1770 454 ut

977 472 1093 498 animam
1109 471 1377 506 Conditori,-corpus
1400 472 1495 505 humo,
1514 479 1625 500 carnem
1640 473 1769 505 materize,

977 517 1127 551 spiritalem
1149 517 1284 545 hominem
1305 517 1385 544 Matri
1408 517 1548 545 Achamoh
1565 523 1707 553 acceptum
1728 527 1770 546 re-

977 562 1074 590 ferant.

1011 607 1070 634 XX.
1087 608 1124 635 Ex
1150 607 1184 635 iis
1205 608 1304 640 tribus,
1330 608 1403 643 quod
1425 609 1540 636 materia
1560 612 1678 641 constat,
1703 609 1770 641 sini,

977 659 1118 689 struniqne
1132 661 1243 682 vocatur
1266 660 1355 689 perire
1378 656 1533 682 necessario
1549 656 1709 690 prmdicant,
1727 659 1770 682 ut-

977 704 1038 734 pote
1051 700 1123 735 quod
1148 708 1183 727 ne
1206 700 1347 727 minimum
1363 701 1472 735 quidem
1497 701 1712 728 immortalitatis
1729 700 1770 727 af-

977 745 1069 772 ﬂatum
1083 746 1170 780 possit
1184 745 1322 780 recipere;
1337 746 1454 772 animale
1469 753 1544 777 vero,
1560 746 1617 773 sive
1631 746 1769 776 dextrum,

977 791 1048 826 quod
1063 791 1180 818 medium
1198 792 1268 819 inter
1288 791 1410 826 spiritale
1433 799 1465 818 ac
1489 792 1603 819 materia
1624 791 1768 826 prteditum

978 836 1130 873 interjacet,
1144 837 1209 864 illuc
1227 844 1281 872 quo
1303 841 1401 872 suopte
1423 841 1489 863 nutu
1515 838 1688 872 propenderit
1708 845 1770 872 pro-

130 890 193 909 ται·
210 882 240 908 τὸ
258 881 286 907 δὲ
306 880 489 916 πνευματικὸν
514 880 718 915 ὲκπεπέμφθαι,
738 880 811 912 ὅπως
833 879 924 906 ἐνθάδε

979 881 1072 914 ﬁcisci,
1096 881 1174 914 Quod
1198 886 1288 909 autem
1310 883 1433 917 spiritale
1455 883 1490 909 sit
1517 883 1622 909 idcirco
1641 883 1721 914 mitti,
1740 887 1771 909 ut

130 927 171 962 τῷ
190 927 298 962 ψυχικῷ
325 926 440 961 συζυγὲν
464 926 606 962 μορφωθῇ,
630 927 829 961 συμπαιδευθὲν
852 927 926 962 αὐτῷ

131 974 160 999 ἐν
173 974 206 1009 τῇ
228 974 396 1008 ἀναστροφῇ.
420 973 474 999 Καὶ
496 973 568 999 τοῦτ’
583 970 652 998 εἶναι
671 973 780 1006 λέγουσι
798 973 828 999 τὸ
848 973 924 1006 ἆλας,

131 1021 181 1047 ’καὶ
196 1019 226 1046 τὸ
245 1019 302 1054 φῶς
321 1019 368 1046 τοῦ
391 1019 505 1054 κόσμου.
524 1019 597 1046 Ἔδει
620 1019 672 1055 γὰρ
692 1019 745 1047 τῶν
766 1019 889 1054 ψυχικῶν
903 1019 924 1050 ³,

132 1067 181 1092 καὶ
200 1066 337 1101 αἰσθητῶν
352 1066 554 1101 παιδευμάτων.
571 1066 610 1092 Δι’
626 1063 664 1092 ὧν
682 1067 729 1092 καὶ
749 1066 850 1100 κόσμον
862 1074 926 1092 κατ-

131 1111 298 1139 εσκευάσθαι
315 1111 434 1145 λέγουσι,
455 1112 502 1138 καὶ
525 1112 570 1138 τὸν
587 1112 702 1147 Σωτῆρα
725 1111 753 1138 δὲ
776 1111 822 1138 ἐπὶ
848 1111 926 1137 τοῦτο

132 1157 350 1193 παραγεγονέναι
375 1157 404 1184 τὸ
425 1157 560 1193 ψυχικὸν,
591 1158 651 1184 ἐπεὶ
679 1157 726 1184 καὶ
754 1157 926 1190 αὐτεξούσιόν

132 1204 218 1235 ἐστιν,
233 1204 308 1235 ὅπως
324 1203 390 1230 αὐτὸ
406 1203 492 1239 σώσῃ.
507 1200 556 1229 Ὧν
569 1203 624 1238 γὰρ
643 1203 744 1239 ἤμελλε
758 1203 865 1235 σώζειν,
876 1203 926 1235 τὰς

132 1249 261 1285 ἀπαρχὰς
279 1249 368 1276 αὐτῶν
391 1249 530 1284 εἰληφέναι
555 1249 714 1283 φάσκουσιν,
729 1249 782 1275 ἀπὸ
804 1249 853 1284 μὲν
877 1249 926 1284 τῆς

140 1295 267 1330 Ἀχαμὼθ
289 1295 319 1320 τὸ
335 1294 530 1329 πνευματικὸν,
558 1295 611 1320 ἀπὸ
637 1294 665 1320 δὲ
684 1294 731 1321 τοῦ
754 1295 925 1330 Δημιουργοῦ

133 1341 288 1368 ἐνδεδύσθαι
304 1340 349 1367 τὸν
363 1339 478 1375 ψυχικὸν
495 1340 622 1375 Χριστὸν,
642 1340 696 1366 ἀπὸ
717 1340 745 1366 δὲ
759 1341 810 1376 τῆς
824 1342 926 1367 οἰκονο-

135 1387 414 1423 μίας.περιτεθείσοαι
432 1387 512 1422 σῶμα
530 1386 648 1422 ψυχικὴν
663 1386 722 1421 ἔχον
739 1387 842 1417 οὐσίαν,
862 1396 926 1413 κατ-

134 1433 334 1468 εσκευασμένον
356 1432 384 1458 δὲ
404 1433 516 1468 ἀρρήτῳ
532 1433 624 1468 τέχνῃ,
647 1432 714 1468 πρὸς
729 1433 759 1459 τὸ
775 1433 822 1459 καὶ
845 1433 927 1469 ἀόρα-

134 1489 189 1512 τον,
213 1480 259 1505 καὶ
283 1478 461 1514 ἁψηλάφητον
489 1479 511 1510 ⁸,
539 1479 585 1504 καὶ
611 1477 731 1514 παθητὸν
753 1479 924 1514 γεγενῆσθαι.

135 1526 190 1552 Καὶ
207 1524 298 1551 ὑλικδν
314 1524 342 1550 δὲ
354 1525 407 1551 οὐδ’
424 1524 512 1551 ὁτιοῦν
527 1524 665 1558 εἰληφέναι
682 1524 807 1558 λέγουσιν
827 1525 908 1551 αὐτόν
920 1534 926 1539 ·

137 1571 174 1607 μὴ
187 1570 242 1606 γὰρ
258 1568 326 1597 εἶναι
350 1571 399 1606 τὴν
423 1570 488 1606 ὕλην
511 1570 636 1605 δεκτικὴν
659 1572 804 1606 σωτηρίας.
829 1571 883 1606 Τὴν
899 1571 926 1597 δὲ

135 1617 291 1643 συντέλειαν
319 1616 445 1648 ἔσεσθαι,
472 1616 536 1642 ὅταν
567 1616 697 1651 μορφωθῇ
724 1616 770 1642 καὶ
796 1615 925 1651 τελειωθῇ

135 1663 235 1698 γνώσει
251 1663 304 1688 πᾶν
318 1662 348 1688 τὸ
363 1662 558 1697 πνευματικὸν,
575 1661 714 1688 τουτέστιν
731 1663 755 1688 οἱ
780 1671 928 1698 πνευματι-

135 1704 349 1744 κο“ι’ᾇνθρωποι,
369 1709 394 1734 οἱ
415 1708 464 1743 τὴν
488 1708 593 1735 τελείαν
615 1707 717 1741 γνῶσιν
739 1708 844 1743 ἔχοντες
864 1708 928 1744 περὶ

135 1755 203 1781 Θεῡῦ
223 1756 270 1781 καὶ
285 1755 336 1790 τῆς
355 1754 492 1789 ’Λχαμώθ.
516 1754 718 1789 Μεμυημένους
739 1753 768 1780 δὲ
791 1755 928 1790 μυστήρια

135 1800 204 1827 εἶναι
223 1800 333 1832 τούτους
352 1800 362 1815 ⁸
379 1799 561 1827 ὑποτίθενται.
580 1799 794 1835 Ἐπαιδεύοησαν
815 1800 868 1836 γὰρ
894 1801 928 1827 τὰ

135 1846 239 1881 duxerit
264 1846 290 1872 οἱ
313 1846 423 1881 ψυχικοὶ
447 1845 596 1881 ἅνθρωποι,
612 1846 636 1872 οὶ
661 1845 693 1872 δι’
709 1845 798 1880 ἔργων
815 1847 861 1872 καὶ
884 1847 929 1872 πί-

137 1901 221 1923 στεως
237 1891 317 1927 ψιλῆς
331 1890 530 1927 βεϐαιούμενοι,
550 1890 597 1916 καὶ
623 1889 659 1925 μὴ
679 1889 728 1925 τὴν
743 1889 849 1916 τελείαν
860 1890 929 1924 γνὼ-

137 1946 180 1964 σιν
196 1937 314 1973 ἔχοντες.
337 1935 414 1963 Εἶναι
437 1936 465 1962 δὲ
487 1936 598 1967 τούτους
618 1936 671 1962 ἀπὸ
695 1936 745 1970 τῆς
769 1935 929 1971 Ἐκκλησίας

136 1984 212 2019 ἡμᾶς
225 1983 348 2018 λέγουσι·
363 1982 403 2009 διὸ
419 1982 465 2008 καὶ
479 1982 546 2017 ἡμῖν
563 1981 612 2016 μὲν
631 1981 777 2015 ἀναγκαῖον
792 1979 862 2008 εἶναι
880 1982 929 2018 τὴν

138 2029 243 2065 ἀγαθὴν
263 2029 362 2064 πρᾶξιν
384 2028 594 2061 ἀποφαίνονται·
615 2028 702 2060 ἄλλως
722 2028 776 2064 γὰρ
800 2028 929 2054 ἀδύνατον

140 2075 274 2110 σωθῆναι·
300 2075 396 2106 αὐτοὺς
419 2074 447 2100 δὲ
466 2074 502 2109 μὴ
525 2074 568 2100 διὰ
587 2073 724 2109 πράξεως,
750 2073 817 2100 ἀλλὰ
840 2073 882 2100 διὰ
899 2073 929 2100 τὸ

138 2121 218 2156 φύσει
230 2120 430 2156 πνευματικοὺς
446 2118 525 2152 εἶναι,
542 2119 629 2155 πάντη
643 2128 672 2146 τε
689 2120 737 2146 καὶ
750 2120 859 2151 πάντως
879 2129 929 2146 σω-

139 2167 269 2203 θήσεσθαι
285 2167 501 2202 δογματίζουσιν.
522 2166 564 2197 Ὡς
576 2165 630 2201 γὰρ
649 2166 679 2192 τὸ
696 2166 785 2201 χοῖκὺν
800 2166 928 2192 ἀδύνατον

979 928 1022 954 hic
1039 936 1101 955 cum
1120 929 1228 955 animali
1245 929 1414 963 copulatum,
1428 936 1488 955 cum
1506 937 1592 962 eoque
1614 930 1640 956 in
1662 929 1769 956 vivendi

978 974 1082 1001 ratione
1108 974 1210 1009 pariter
1228 974 1365 1001 eruditum
1389 975 1452 1008 fingi
1482 973 1647 1008 formarique
1672 974 1767 1008 possit.

978 1021 1066 1055 Atque
1083 1020 1156 1046 hunc
1174 1020 1284 1047 demum
1309 1021 1393 1047 salem
1419 1020 1504 1053 illum,
1520 1027 1552 1046 ac
1573 1019 1666 1046 mundi
1683 1019 1770 1046 lucem

978 1073 1039 1092 esse
1062 1064 1188 1092 dictitant
1206 1073 1212 1092 :
1234 1065 1267 1092 de
1290 1056 1391 1099 quibus
1411 1064 1556 1099 Evangelia
1579 1065 1728 1098 loquuntur
1747 1066 1769 1097 ⁷,

977 1111 1077 1138 etenim
1105 1111 1222 1138 animale
1246 1115 1358 1138 externa
1383 1119 1512 1138 sensuum
1534 1111 1677 1146 disoiplina
1700 1118 1770 1146 opus

977 1157 1081 1184 habuit.
1107 1158 1193 1190 Quam
1216 1157 1251 1184 ob
1274 1165 1383 1184 causam
1407 1162 1434 1184 et
1449 1157 1580 1184 mundum
1607 1157 1770 1184 fabricatum

977 1211 1038 1232 esse
1058 1204 1225 1231 contendunt
1247 1213 1253 1231 :
1272 1208 1354 1239 atque
1369 1204 1402 1231 ad
1418 1205 1534 1232 animale
1549 1205 1631 1234 istud.
1645 1204 1768 1239 quando-

977 1249 1087 1284 quidem
1103 1251 1227 1277 libertate
1247 1250 1390 1284 prmditum
1407 1253 1459 1283 est,
1479 1258 1533 1285 quo
1556 1251 1580 1277 ei
1598 1251 1712 1277 salutem
1730 1249 1771 1276 al"-

977 1296 1070 1328 l'erret,
1087 1296 1255 1324 Salvatorem
1270 1304 1331 1324 esse
1350 1297 1501 1332 delapsum.
1518 1296 1584 1323 Nam
1602 1304 1694 1323 eurtnn
1710 1303 1771 1330 quae

978 1350 1087 1369 servare
1110 1342 1280 1376 decreverat,
1304 1343 1426 1370 ninnium
1448 1343 1475 1370 in
1499 1351 1560 1370 sese
1583 1343 1674 1370 ferunt
1694 1343 1771 1369 illuxit

977 1387 1106 1416 habuisse
1130 1388 1264 1423 primitias
1281 1397 1287 1414 ε
1304 1391 1369 1423 puta
1393 1388 1426 1414 ab
1451 1387 1602 1415 Achamoth
1622 1389 1770 1423 spiritum;

978 1434 1122 1461 animalem
1137 1442 1151 1460 a
1167 1433 1313 1461 Conditore
1328 1434 1467 1461 Christum
1485 1443 1491 1461 :
1508 1441 1540 1461 ac
1557 1434 1704 1463 l'unctionis
1715 1442 1772 1462 sure

978 1480 1200 1507 administrandae
1216 1481 1302 1515 gratia
1328 1488 1427 1515 corpus
1457 1480 1567 1507 animali
1589 1485 1685 1507 natura
1705 1487 1772 1507 cou-

979 1530 1055 1553 stans
1075 1526 1206 1559 induisse,
1229 1530 1256 1553 et
1275 1526 1382 1560 quidem
1406 1526 1557 1553 incredibili
1579 1526 1693 1560 quadam
1714 1529 1772 1553 arte

978 1571 1016 1597 sic
1031 1571 1210 1602 elaboratum,
1230 1575 1258 1597 ut
1279 1571 1374 1603 videri,
1394 1571 1557 1598 contrectari
1580 1572 1689 1606 patique
1709 1578 1772 1605 pos-

978 1620 1028 1643 set.
1055 1617 1146 1648 Quare
1165 1616 1231 1643 nihil
1253 1617 1340 1644 eidem
1364 1625 1426 1643 cum
1451 1617 1563 1644 materia
1591 1617 1674 1643 fuisse
1695 1624 1772 1643 com-

977 1669 1081 1689 mune:
1100 1662 1200 1696 quippe
1229 1669 1291 1689 cum
1320 1662 1435 1688 materia
1462 1662 1661 1696 consequendae
1685 1661 1768 1688 saluti

977 1716 1148 1743 nequaquam
1163 1708 1259 1735 idonea
1272 1708 1318 1736 sit.
1329 1707 1463 1735 Prmterea
1475 1711 1533 1735 tum
1550 1716 1639 1735 rerum
1651 1709 1771 1735 omnium

978 1756 1058 1782 tinem
1081 1759 1163 1789 atque
1188 1755 1289 1782 exitum
1317 1754 1384 1786 fore,
1411 1761 1472 1781 cum
1495 1754 1626 1789 quidquid
1651 1755 1772 1789 spiritale

978 1807 1029 1830 est.
1046 1800 1072 1827 id
1086 1805 1127 1828 est
1142 1800 1278 1835 spiritales
1294 1800 1430 1831 homines,
1442 1800 1488 1834 qui
1507 1801 1654 1834 perfectam
1671 1800 1703 1828 de
1716 1799 1772 1827 Deo

979 1845 1119 1872 scientiam
1134 1845 1244 1877 habent,
1262 1848 1288 1871 et
1305 1845 1338 1871 ab
1351 1844 1502 1870 Acharnoth
1519 1845 1656 1879 mysteriis
1673 1844 1772 1871 initiati

979 1894 1052 1918 sunt.
1069 1889 1229 1924 Cujusmodi
1249 1897 1279 1916 se
1299 1897 1360 1916 esse
1383 1890 1456 1924 ipsos
1473 1893 1608 1917 asserunt.
1626 1889 1707 1924 189
1724 1889 1770 1915 Et-

978 1936 1049 1963 enim
1068 1936 1198 1963 animales
1217 1935 1341 1962 homines
1360 1935 1471 1961 animali
1488 1935 1606 1969 quadam
1626 1935 1770 1969 disciplina

980 1983 1118 2009 institutos
1130 1989 1202 2014 esse,
1217 1982 1264 2016 qui
1277 1981 1385 2018 quidem
1399 1982 1527 2016 operibus
1543 1988 1574 2008 ac
1587 1980 1705 2015 simplici
1720 1980 1771 2007 ﬁde

980 2029 1170 2061 stabiliuntur,
1205 2036 1295 2063 neque
1325 2027 1473 2062 perfectam
1504 2027 1646 2055 scientiam
1680 2026 1771 2060 adepti

979 2079 1053 2102 sunt.
1075 2074 1215 2109 Ejusmodi
1230 2082 1280 2101 nos
1295 2082 1364 2105 esse,
1379 2074 1425 2108 qui
1444 2074 1471 2100 in
1486 2073 1613 2100 Ecclesiae
1627 2080 1707 2108 grege
1719 2080 1771 2099 nu-

980 2129 1132 2153 merantur;
1162 2121 1276 2155 ideoque
1306 2124 1378 2147 recte
1409 2119 1488 2146 factis
1512 2127 1581 2154 opus
1609 2127 1669 2146 esse
1691 2119 1771 2146 nobis

981 2168 1140 2203 praedicant,
1153 2175 1240 2201 neque
1251 2167 1329 2194 aliter
1342 2174 1421 2201 posse
1437 2174 1485 2193 nos
1501 2165 1616 2193 salutem
1630 2165 1770 2198 obtinere;

139 2212 277 2248 σωτηρίας
299 2213 461 2247 μετασχεῖν·
487 2212 516 2237 οὐ
537 2211 590 2247 γὰρ
609 2209 678 2238 εἶναι
706 2211 829 2245 λέγουσιν
854 2212 927 2238 αὐτοὶ

982 2222 1011 2241 se
1026 2221 1090 2240 vero
1105 2220 1158 2239 non
1171 2212 1253 2239 ullius
1270 2211 1386 2238 actionis
1410 2210 1550 2242 beneliciu,
1576 2209 1622 2237 sed
1639 2209 1710 2244 quod
1727 2218 1773 2236 na-

137 2258 260 2285 ὂεκτικὸν
274 2258 356 2292 αὐτῆς
366 2266 372 2272 ·
388 2257 473 2288 οὕτως
492 2257 573 2283 πάλιν
591 2257 620 2283 τὸ
636 2257 822 2292 πνευματικὸν
839 2257 930 2284 θέλου-

140 2312 182 2330 σιν
202 2304 227 2330 al
251 2304 326 2330 αὐτοὶ
343 2303 353 2318 ⁸
367 2301 435 2329 εἶναι
458 2303 588 2330 ἀδύνατον
606 2303 708 2338 φθορὰν
724 2303 930 2335 καταδέξασθαι,

139 2349 191 2376 κᾶν
218 2349 326 2379 ὁποίαις
354 2349 607 2383 συγκαταγένωνται
635 2349 776 2384 πράξεσιν.
804 2351 851 2375 Ὃν
876 2339 930 2385 γὰρ

139 2395 240 2430 τρόπον
254 2395 353 2430 χρυσὸς
370 2395 399 2420 ὲν
415 2394 536 2430 βορϐόρῳ
550 2395 709 2427 xum-r5021;
722 2396 771 2422 οὐκ
784 2395 931 2422 ἀποϐάλλει

144 2440 189 2476 τὴν
208 2440 339 2476 καλλονὴν
353 2440 447 2473 αὑτοῦ,
461 2441 529 2467 ἀλλὰ
541 2441 590 2476 τὴν
604 2441 672 2467 ἰδίαν
687 2442 767 2476 φύσιν
786 2443 931 2477 διαφυλάτ-

140 2494 199 2517 τει,
226 2485 273 2512 τοῦ
300 2485 429 2521 βορϐόρου
457 2486 540 2521 μηδὲν
561 2487 689 2522 ἀδικῆσαι
715 2487 863 2523 δυναμένου
886 2489 931 2515 τὸν

141 2531 256 2568 χρυσόν
272 2530 342 2558 οὓτω
361 2531 388 2558 δὲ
408 2532 453 2558 καὶ
472 2532 569 2563 αὐτοὺς
592 2532 710 2567 λέγουσι,
731 2533 782 2559 κᾶν
798 2534 827 2560 ἐν
844 2534 932 2566 ποίαις

142 2578 248 2610 ὑλικαῖς
264 2578 378 2614 πράξεσι
393 2578 605 2612 καταγέιλωνται,
622 2579 705 2614 μηδὲν
727 2580 825 2611 αὐτοὺς
844 2589 933 2615 παρα-

143 2624 321 2656 ϐλάπτεσθαι,
337 2624 404 2660 μηδὲ
417 2624 577 2651 ἀποϐάλλειν
596 2626 644 2661 τὴν
665 2626 850 2660 πνευματικὴν
864 2626 932 2652 ὑπό-

144 2678 249 2697 στασιν.

982 2263 1043 2285 tura
1061 2258 1197 2292 spiritales
1214 2257 1280 2288 sint,
1303 2257 1414 2283 omnino
1437 2255 1536 2283 salutis
1559 2260 1697 2289 compotes
1715 2254 1773 2282 fore

981 2303 1131 2330 conﬁdunt.
1158 2302 1225 2329 Nam
1251 2301 1306 2333 uti,
1337 2301 1409 2336 quod
1431 2304 1569 2327 terrenum
1591 2303 1644 2329 est,
1669 2300 1772 2326 servari

982 2349 1057 2376 nullo
1080 2347 1161 2375 modo
1183 2351 1281 2382 potest,
1299 2354 1388 2381 neque
1415 2349 1512 2373 natura
1533 2346 1565 2372 ad
1591 2346 1617 2372 id
1645 2346 1772 2373 idoneum

982 2399 1040 2427 est;
1056 2395 1096 2422 sic
1110 2397 1204 2421 contra
1218 2393 1291 2428 quod
1306 2396 1347 2419 est
1357 2393 1489 2427 spiritale.
1501 2392 1654 2426 cujusmodi
1670 2399 1699 2419 se
1712 2400 1773 2420 esse

981 2441 1085 2473 volunt,
1099 2444 1234 2474 utcunque
1250 2447 1310 2466 sese
1317 2439 1440 2473 gesserit,
1454 2439 1591 2472 corrumpi
1602 2445 1772 2473 nequaquam

983 2495 1073 2521 posse.
1099 2486 1133 2512 At
1157 2485 1384 2520 quemadmodum
1405 2492 1501 2511 aurum
1521 2485 1548 2511 in
1575 2491 1682 2523 ccenum
1699 2485 1774 2518 abje-

983 2538 1055 2560 ctum
1079 2533 1306 2567 pulchritudinem
1326 2541 1381 2560 non
1406 2533 1515 2564 amittit,
1536 2533 1583 2560 sed
1603 2534 1671 2560 citra
1692 2533 1772 2559 ullam

984 2579 1090 2606 decoris
1116 2580 1243 2614 injuriam
1270 2583 1395 2606 naturam
1421 2580 1539 2612 retinet;
1555 2580 1592 2606 ita
1614 2580 1784 2614 semetipsost

986 2629 1123 2655 asserunt,
1138 2625 1244 2652 tametsi
1261 2625 1404 2660 quibusvis
1424 2625 1450 2651 in
1473 2625 1637 2659 actionibus,
1654 2625 1774 2658 adeoque

985 2671 1120 2699 cerneretis
1133 2680 1194 2699 cum
1211 2672 1334 2705 materia,
1347 2675 1501 2705 versentur,
1513 2671 1616 2699 nullum
1632 2679 1666 2698 ex
1684 2678 1716 2698 eo
1730 2672 1776 2696 tle-

144 2718 301 2745 trimentum
328 2724 440 2752 capere,
470 2723 558 2750 neque
579 2717 728 2751 spiritalem
755 2718 935 2745 substantiam
958 2726 1038 2753 posse
1053 2720 1174 2755 perdere.

184 2797 194 2812 ’
206 2803 275 2834 Iren.
289 2796 338 2834 mil.
349 2795 448 2834 τοῦτον.
463 2793 543 2834 εἶναι.
558 2795 653 2834 τὸνᾲὲν
666 2797 756 2834 αὐτοῖς
769 2797 921 2833 ἄνθρωπον.

983 2797 1052 2826 lrcn.
1067 2799 1252 2832 ἐπιδέξασθαι.
1292 2799 1380 2827 l‘lren.
1394 2799 1432 2834 τῷ
1444 2798 1591 2834 ψυχικῷ,οι
1620 2805 1690 2823 mox.
1704 2831 1713 2834 _
1723 2795 1774 2834 δ-ιῷ,

169 2831 240 2859 lren.
265 2831 372 2866 ὁρατὸν,

403 2831 619 2868 ψῃλαφητόνᾈ⁵
635 2832 704 2860 lren.
738 2833 790 2860 ὑπὸ
812 2831 861 2868 τῆς

145 2867 230 2896 Μκσιν
250 2867 336 2894 αὐτοί.

384 2866 394 2880 ⁷
411 2865 476 2892 Matt
489 2876 505 2893 ι.
523 2874 548 2895 ν.
568 2866 611 2894 15.

900 2835 996 2870 Ἀχαμ..
1024 2844 1124 2871 μεμυη.
1145 2836 1177 2862 τὰ
1200 2845 1264 2870 μυσ.
1294 2836 1408 2866 ἑαυτοὺς
1425 2835 1453 2862 δὲ
1468 2834 1540 2860 τούτ.

1581 2835 1591 2850 ⁸
1610 2833 1678 2859 lrctt.
1702 2831 1716 2858 ὃ
1731 2831 1775 2858 θέ-
