1961 3046
230 135 282 164 {iis

910 136 939 164 S.
960 136 1131 164 EPlPllANll

1806 133 1861 162 5i6

265 192 333 219 XXI.
353 191 487 226 Quocirca
506 193 552 227 qui
572 193 642 220 inter
662 193 722 220 illos
743 193 933 228 perfectissimi
952 202 1016 221 cen-

1103 194 1168 221 KA'.
1186 193 1232 219 Διὸ
1253 191 1286 228 δὴ
1302 193 1349 218 καὶ
1372 191 1406 218 τὰ
1431 192 1604 226 ἀπειρημενα
1624 191 1713 218 πάντα
1735 190 1821 222 ἀδεῶς
1835 191 1862 218 οἱ

229 242 343 269 sentur,
368 239 461 265 illicita
487 240 595 270 omnia,
621 239 779 274 legibusque
801 240 882 266 vetita
907 240 1019 268 licenter

229 289 401 319 perpetrant,
418 284 452 311 de
471 285 570 319 quibus
582 284 690 312 Litterze
707 293 791 312 sacrae
805 290 955 316 testantur:
970 294 1017 320 qui

229 329 363 364 ejusmodi
379 330 560 362 committant,
578 330 612 356 ab
627 331 784 357 haereditate
805 333 880 366 regni
897 333 1018 360 cutlestis

229 376 354 403 excidere
366 377 385 403 ¹.
402 376 486 411 Igitur
499 381 526 403 et
542 385 602 411 qua:
622 377 701 405 idolis
714 379 850 405 immolata
867 383 930 406 sunt
946 380 1018 406 nullo

230 422 388 449 discrimine
397 423 553 454 comedunt,
564 423 721 458 nihilquecx
730 431 760 450 ea
770 432 798 450 re
807 425 976 459 contagionis
985 425 1019 451 ad

230 475 290 494 sese
304 467 421 494 derivari
439 472 549 501 putant;
569 471 596 493 et
611 468 642 494 ad
659 469 749 494 omnia
769 469 907 502 gentilium
931 469 1017 500 festa,

229 521 290 548 qua:
306 514 339 540 ad
356 513 489 540 idolorum
506 514 608 540 cultum
625 515 748 541 instituta
765 519 846 546 sunt,
868 515 947 549 primi
961 522 1019 541 om-

231 561 305 587 nium
319 565 466 587 accurrunt
486 569 492 585 :
511 565 632 594 utnequc
647 560 682 587 ab
697 568 802 591 eorum,
820 561 866 595 qui
887 569 948 588 cum
974 561 1020 587 be-

230 607 290 633 stiis
300 607 464 641 depugnant,
481 610 527 633 aut
541 606 722 640 gladiatorum
735 607 815 634 foedis
832 607 896 638 illis,
917 615 950 633 ac
966 606 1019 634 Deo

231 652 333 686 pariter
360 656 440 686 atque
457 651 612 679 hominibus
626 651 802 679 exsecrandis
821 651 1016 686 parricidiique

231 699 317 734 plenis
333 698 496 733 spectaculis
521 698 632 732 quidam
654 698 760 724 illorum
776 698 941 725 abstineant.
966 698 1020 724 Alii

231 745 295 772 dum
312 746 338 771 in
355 745 541 778 voluptatibus
556 744 680 778 corporis
694 751 725 770 ac
741 744 898 770 libidinibus
911 744 1020 771 assidue

231 792 405 822 volutantur,
423 791 543 817 carnalia
560 798 589 817 se
604 790 774 822 carnalibus,
796 798 826 816 ac
850 791 1019 825 spiritalibus

231 837 363 871 spiritalia
390 835 520 866 reddere,
541 831 713 868 proﬁtentur.
741 835 924 867 Quamobrem
951 843 1019 862 non-

1070 240 1233 267 τελειότατοι
1258 239 1424 274 πράττουσιν
1451 238 1551 270 αὐτῶν,
1575 239 1640 273 περὶ
1656 235 1694 266 ὧν
1708 239 1734 264 αἱ
1752 238 1771 264 Γ
1776 239 1863 273 ραφαὶ

1069 283 1298 314 διαϐεϐαιοῦνται,
1313 283 1376 314 τοὺς
1394 283 1537 314 ποιοῦντας
1554 283 1622 310 αὐτὰ
1639 283 1777 318 βασιλειαν
1792 283 1861 310 Θεοῦ

1071 328 1108 364 μὴ
1124 328 1349 363 κληρονομήσειν.
1372 328 1427 354 Καὶ
1442 327 1497 362 γὰρ
1518 328 1681 358 εἰδωλόθυτα
1699 328 1838 363 διαφόρως
1853 329 1863 343 ³

1069 375 1199 406 ἐσθίουσι,
1218 375 1284 410 μηδὲ
1298 374 1458 409 μολύνεσθαι
1475 375 1522 401 ὑπ’
1539 375 1629 401 αὐτῶν
1644 375 1801 410 ἡγούμενοι·
1814 375 1863 401 καὶ

1070 423 1115 448 ἐπὶ
1132 423 1221 448 πᾶσαν
1240 422 1402 456 ἑορτάσιμον
1423 421 1476 448 τῶν
1497 421 1581 447 ἐθνῶν
1604 422 1698 456 τέρψιν
1718 423 1757 452 εἰς
1776 421 1860 456 τιμὴν

1069 468 1123 494 τῶν
1135 467 1251 494 εἰδώλων
1263 467 1408 502 γινομένην
1419 467 1521 502 πρῶτοι
1534 468 1665 499 συνίασιν,
1680 467 1716 498 ὡς
1733 467 1800 502 μηδὲ
1813 467 1863 502 τῆς

1070 514 1145 549 παρά
1160 513 1219 548 Θεῷ
1236 514 1282 539 καὶ
1300 513 1454 547 ἀνθρώποις
1477 513 1667 548 μεμισημένης
1683 513 1732 547 τῆς
1745 513 1798 539 τῶν
1815 512 1863 548 θη-

1071 559 1209 595 ριομάχων
1222 559 1268 585 καὶ
1281 559 1448 594 μονομαχίας
1460 559 1622 593 ἀνδροφόνου
1636 559 1698 590 θεας
1712 558 1863 593 ἀπέχεσθαι

1070 606 1157 637 ἐνίους
1173 605 1272 631 αὐτῶν.
1291 606 1322 630 Οἱ
1338 605 1364 630 δὲ
1381 605 1427 631 καὶ
1441 606 1501 636 ταῖς
1516 605 1565 639 τῆς
1579 604 1680 639 σαρκὸς
1691 605 1797 638 ἡδοναῖς
1810 613 1862 630 κα-

1070 652 1191 687 τακόρως
1206 651 1377 682 δουλεύοντες
1391 651 1424 677 τὰ
1443 651 1562 686 σαρκικὰ
1576 652 1632 682 τοῖς
1648 652 1799 686 σαρκικοῖς,
1813 651 1862 676 καὶ

1069 698 1104 724 τὰ
1127 697 1301 732 πνευματικὰ
1329 698 1383 728 τοῖς
1405 698 1600 732 πνευματικοῖς
1621 697 1794 723 ἀποδίδοσθαι
1818 696 1863 722 λέ-

1070 752 1157 777 γουσι.
1173 743 1228 769 Καὶ
1244 743 1268 768 οἱ
1288 742 1335 777 μὲν
1352 742 1441 768 αὐτῶν
1453 741 1541 777 λάθρα
1554 742 1602 773 τὰς
1611 742 1803 778 διδασκομένας
1815 743 1862 769 ὑπ’

1070 789 1159 816 αὐτῶν
1180 790 1229 824 τὴν
1248 789 1359 824 διδαχὴν
1380 789 1481 824 ταύτην
1497 791 1629 823 γυναῖκας
1647 789 1861 826 διαφθείρουσιν,

1070 835 1107 863 ὡς
1122 834 1252 866 πολλάκις
1266 835 1311 861 ὑπ’
1328 834 1405 860 ἐνίων
1425 835 1513 861 αὐτῶν
1527 835 1749 870 ἐξαπατηθεῖσαι,
1767 837 1863 862 ἔπειτα

231 884 297 910 nulli
316 884 383 910 clam
399 887 492 917 stupra
514 890 577 909 cum
594 882 763 909 mulierculis
777 881 928 915 disciplium
941 882 1022 916 hujus

1075 877 1273 913 ὲπιστρέψασαι
1291 880 1419 912 γυναῖκες
1431 879 1470 910 είς
1481 879 1531 914 τὴν
1554 879 1718 915 Ἐκκλησίαν
1731 880 1777 907 τοῦ
1793 880 1862 907 Θεοῦ

230 937 287 957 sua:
305 929 423 955 alumnis
442 933 588 959 exercent,
614 928 639 955 id
657 928 728 962 quod
751 928 886 962 pleneque
907 928 971 955 olim
987 929 1021 954 ab

231 976 284 1002 illis
298 975 428 1009 decc-pne.
444 982 475 1001 ac
487 979 625 1009 postremo
635 974 668 1002 ad
682 974 833 1001 Ecclesiam
848 973 893 1001 Dei
906 982 1021 1001 reversae

231 1022 302 1049 inter
320 1021 387 1048 alios
404 1028 512 1048 errores
531 1028 652 1055 persaepe
666 1021 799 1048 confessa:
818 1024 891 1054 sunt.
909 1020 979 1046 Sunt
995 1025 1022 1047 et

231 1067 277 1102 qui
296 1067 400 1102 pudore
418 1066 492 1093 omni
513 1067 612 1101 posito,
630 1073 807 1100 quascunque
829 1066 958 1092 mulieres
974 1065 1020 1091 ad-

230 1114 357 1143 amarint,
374 1113 460 1147 palam
478 1120 491 1138 ο
511 1113 578 1139 viris
592 1113 724 1139 abductas
739 1119 790 1147 pro
806 1111 934 1146 legitimis
955 1119 1021 1138 uxo-

233 1159 310 1186 ribus
328 1159 439 1185 habent.
470 1157 522 1185 Sed
547 1158 610 1188 alii,
632 1158 676 1192 qui
696 1166 726 1185 se
742 1158 876 1192 principio
897 1165 1021 1184 sororttm

232 1205 294 1232 illas
304 1205 384 1239 190
400 1206 460 1230 loco
475 1203 617 1231 honestius
630 1204 730 1230 habere
747 1204 942 1230 simulaverant
956 1210 1021 1238 pau-

232 1251 307 1278 latim
324 1251 423 1277 detecti
442 1255 516 1282 sunt,
532 1258 563 1277 ac
580 1257 725 1284 praegnans
751 1249 867 1284 denique
888 1257 966 1276 soror
987 1257 1020 1275 ex

233 1296 414 1324 contubernio
429 1296 522 1323 fratris
538 1297 658 1323 iuventa.
677 1295 733 1322 Dici
750 1303 803 1322 non
827 1298 917 1330 potest
940 1303 1022 1329 quam

232 1342 314 1376 impia
335 1349 367 1368 ac
380 1340 541 1368 detestanda
556 1341 607 1367 alia
633 1340 732 1375 ﬂagitia
756 1340 946 1372 committant;
963 1347 1024 1374 quze

231 1388 296 1415 dum
316 1387 429 1418 faciunt,
450 1395 501 1414 nos
521 1387 643 1417 scilicet,
669 1387 714 1421 qui
735 1394 789 1421 pra-
809 1385 854 1412 Dei
872 1386 969 1413 timore
991 1394 1024 1412 ne

219 1435 395 1470 'cOgitatione
413 1434 454 1461 vel
480 1441 606 1461 sermone
627 1434 736 1467 quidem
762 1434 852 1460 scelus
873 1433 956 1459 ullum
975 1433 1024 1458 ad-

233 1482 340 1508 mittere
353 1480 511 1511 studemus,
527 1484 656 1514 tanquam
674 1479 773 1506 idiotas
789 1483 870 1513 atque
886 1479 1025 1512 imperitos

232 1526 366 1558 derident,
389 1534 418 1553 se
439 1534 502 1552 vero
521 1525 635 1552 miriﬁce
652 1525 818 1559 praedicant,
840 1532 871 1551 ac
887 1524 1025 1559 perfectos

234 1571 374 1603 homines,
390 1571 558 1604 eiectamque
572 1570 685 1603 stirpem
709 1569 862 1597 nominaut.
880 1569 934 1596 Nos
946 1570 1020 1596 enim

234 1618 307 1644 velut
334 1621 429 1644 mutuo
455 1617 569 1650 gratiam
601 1615 633 1642 atl
662 1623 742 1642 usum
769 1615 908 1650 accipere.
937 1623 1023 1649 eaque

235 1667 376 1698 propterea
395 1661 552 1696 spoliandus
571 1661 724 1693 atlirmant;
745 1661 796 1688 sibi
814 1662 888 1688 velut
903 1661 1023 1695 peculia-

1073 922 1120 948 σὺν
1137 923 1169 956 τῇ
1190 922 1270 958 λοιπῇ
1288 923 1387 958 πλάνῃ,
1406 923 1454 949 καὶ
1471 923 1550 950 τοῦτο
1564 923 1812 960 ἐξωμολογήσαντο.
1830 927 1862 952 Οἱ

1071 968 1100 994 δὲ
1116 968 1163 994 καὶ
1182 968 1252 994 κατὰ
1267 969 1296 995 τὸ
1308 969 1424 1004 φανερὸν
1440 970 1691 1005 ἁπερυθριάσαντες
1705 968 1742 997 ὧν
1757 972 1789 998 ἂν
1803 972 1864 1006 ἐρα-

1073 1013 1157 1049 σθῷσι
1174 1014 1322 1048 γυναικῶν,
1340 1015 1442 1047 ταύτας
1458 1016 1505 1042 ἀπ’
1523 1016 1627 1051 ἀνδρῶν
1643 1017 1862 1049 ἀποσπάσαντες,

1075 1060 1142 1091 ἰδίας
1155 1060 1277 1095 γαμετὰς
1291 1062 1437 1096 ἡγήσαντο.
1455 1061 1545 1088 ’Λλλοι
1560 1062 1588 1088 δὲ
1606 1061 1638 1088 αὖ
1655 1063 1744 1096 πάλιν,
1758 1063 1864 1098 σεμνῶς

1073 1107 1134 1133 κατ’
1149 1107 1235 1142 ἀρχὰς
1252 1107 1290 1138 ὡς
1306 1107 1374 1142 μετὰ
1389 1108 1510 1142 ἀδελφῶν
1528 1109 1757 1144 προσποιούμενοι
1772 1118 1864 1136 συνοι-

1073 1154 1142 1184 κεῖν,
1166 1153 1305 1188 προίόντος
1321 1153 1368 1179 τοῦ
1389 1153 1485 1189 χρόνου
1510 1154 1690 1189 ἢλὲγχθησαν,
1713 1155 1863 1190 ἐγκύμονκ

1074 1201 1123 1235 τῆς
1140 1200 1257 1235 ἀδελφῆς
1273 1200 1325 1226 ὑπὸ
1338 1200 1385 1226 τοῦ
1404 1200 1519 1234 ἀδελφοῦ
1534 1201 1705 1237 γενηθείσης.
1724 1203 1778 1228 Καὶ
1795 1202 1864 1228 ἄλλα

1073 1245 1101 1271 δὲ
1120 1246 1205 1272 πολλὰ
1222 1246 1331 1281 μυσαρὰ
1352 1247 1399 1272 καὶ
1419 1246 1486 1272 ἄθεα
1511 1248 1689 1281 πράσσοντες,
1714 1248 1792 1283 ἡμῶν
1815 1248 1865 1283 μὲν

1073 1291 1116 1317 διὰ
1139 1291 1186 1318 τὸν
1209 1292 1290 1326 φόϐον
1308 1292 1355 1318 τοῦ
1378 1292 1445 1318 Θεοῦ
1469 1292 1681 1327 φυλασσομένων
1697 1294 1744 1320 καὶ
1767 1294 1864 1329 μέχρις

1075 1337 1180 1368 ἐννοίας
1196 1338 1243 1364 καὶ
1254 1338 1332 1371 λόγου
1349 1339 1481 1373 ἁμαρτεῖν
1496 1339 1720 1374 κατατρέχουσιν,
1737 1340 1775 1372 ὡς
1793 1341 1864 1367 ἰδιω-

1075 1383 1146 1414 τῶν,
1171 1384 1218 1410 καὶ
1245 1383 1328 1418 μηδὲν
1354 1384 1561 1418 ἐπισταμένων,
1590 1385 1703 1416 ἑαυτοὺς
1728 1386 1755 1412 δὲ
1782 1387 1867 1422 ὑπερ-

1077 1430 1185 1464 υψοῦσι,
1202 1430 1320 1461 τελείους
1333 1430 1544 1461 ἀποκαλοῦντες,
1566 1431 1614 1456 καὶ
1631 1432 1776 1466 σπέρματα
1791 1432 1867 1458 ἐκλο-

1076 1477 1137 1512 γῆς.
1162 1477 1251 1511 Ἡμεῖς
1269 1476 1317 1510 μὲν
1333 1476 1387 1511 γὰρ
1405 1477 1433 1501 ὲν
1449 1477 1545 1511 χρήσει
1560 1476 1609 1511 τὴν
1622 1477 1701 1511 χάριν
1719 1477 1867 1512 λαμϐάνειν

1077 1521 1194 1555 λέγουσι·
1220 1520 1261 1547 διὸ
1282 1521 1329 1547 καὶ
1349 1520 1582 1556 ἀφαιρεθήσεσθαι
1610 1521 1705 1556 αὐτῆς
1725 1522 1821 1553 αὐτοὺς
1838 1521 1867 1548 δὲ

1079 1567 1227 1601 ἰδιὸκτητον
1241 1566 1344 1594 ἀνωθεν
1360 1567 1414 1593 ἀπὸ
1429 1567 1477 1602 τῆς
1490 1567 1610 1602 ἀρρήτου
1626 1568 1672 1592 καὶ
1683 1567 1867 1602 ἁνονομάστου

1078 1613 1207 1647 συζυγίας
1224 1612 1492 1647 συγκατεληλυουῖαν
1507 1612 1579 1647 ἔχειν
1595 1612 1644 1648 τὴν
1658 1613 1747 1648 χάριν·
1765 1613 1811 1639 καίὶ
1825 1613 1869 1639 διὰ

1076 1659 1155 1686 τοῦτο
1172 1659 1310 1695 προστεθή
1316 1659 1408 1685 σεσθαι
1420 1659 1521 1690 αὐτοῖς.

235 1719 292 1738 rem
309 1710 441 1737 accidisse
464 1710 678 1744 possessionem.
696 1717 756 1743 qua:
788 1709 822 1736 de
851 1709 954 1736 ctelesti
973 1709 1111 1743 conjugio,
1130 1707 1202 1742 quod
1219 1714 1307 1742 neque
1339 1707 1430 1734 verbis
1459 1706 1590 1741 exprimi,
1623 1714 1711 1740 neque
1733 1707 1868 1733 nominari

234 1762 334 1793 potest,
350 1765 404 1784 una
419 1758 445 1783 111
460 1765 489 1784 se
497 1757 683 1789 descenderit;
701 1757 760 1784 ideo
778 1765 874 1783 novatn
891 1758 972 1783 etiam
989 1757 1022 1783 ad
1042 1764 1100 1784 eam
1123 1764 1205 1790 quam
1219 1755 1322 1782 habent
1336 1754 1523 1781 accessionem
1542 1752 1672 1780 futuram.

270 1804 405 1831 Interesse
421 1804 502 1839 igitur
517 1812 566 1831 sua
581 1804 739 1838 plurimum.
757 1810 786 1830 ut
801 1811 963 1838 quacunque
985 1811 1025 1829 ra-

235 1849 309 1877 tione
327 1854 442 1884 possunt
459 1849 579 1883 ronjugii
595 1850 754 1884 mysterium
777 1849 842 1876 illud
861 1853 1022 1878 exerceant.

234 1897 316 1931 idque
331 1895 420 1930 ipsum
433 1895 540 1922 stolidis
552 1895 711 1922 hominibus
727 1895 769 1922 his
787 1895 843 1922 fere
859 1895 949 1922 verbis
965 1903 1024 1929 per-

235 1943 360 1970 suadcut.
375 1942 537 1976 Quicunque
553 1948 615 1967 cum
633 1941 659 1967 111
682 1940 784 1967 mundo
795 1945 868 1968 esset
883 1940 1023 1967 mulierem

236 1997 290 2017 non
307 1989 449 2019 amaverit,
466 1992 496 2014 ut
514 1995 573 2014 eam
589 1987 622 2014 ad
638 1995 758 2015 amorem
775 1995 854 2014 suum
871 1987 1023 2022 pelliceret,

236 2042 253 2062 a
266 2035 382 2061 veritate
401 2034 507 2061 alienus
526 2038 578 2064 est,
595 2041 645 2061 nec
666 2034 698 2060 ad
724 2042 782 2061 eam
806 2034 956 2068 perveniet.
973 2033 1026 2060 Sed

236 2081 361 2116 quisquis
378 2084 456 2106 ortus
475 2087 490 2106 e
517 2079 620 2106 mundo
642 2080 769 2106 muliebri
792 2087 845 2106 non
870 2083 913 2107 est
934 2087 1027 2106 amore

237 2130 394 2160 correptus,
413 2134 447 2152 ne
467 2125 525 2159 ipse
540 2125 650 2160 quidem
672 2125 705 2151 ad
722 2126 863 2152 veritatem
878 2126 1026 2160 perveniet,

236 2172 309 2208 quod
325 2180 378 2199 non
393 2172 514 2199 mulieris
527 2171 678 2206 cupiditate
694 2171 859 2206 ﬂagraverit.
872 2171 926 2199 Nos
937 2172 1027 2207 itaque

1113 1803 1158 1829 Διὸ
1177 1803 1223 1829 καὶ
1238 1803 1269 1828 ἐκ
1286 1801 1385 1833 παντὸς
1406 1801 1507 1838 τρόπου
1531 1801 1585 1827 δεῖν
1605 1801 1704 1831 αὐτοὺς
1717 1800 1758 1826 ἀεὶ
1776 1800 1806 1826 τὸ
1820 1800 1869 1834 τῆς

1079 1849 1209 1883 συζυγίας
1222 1848 1336 1883 μελετᾷν
1350 1848 1507 1882 μυστήριοψ
1522 1848 1570 1873 καὶ
1582 1846 1661 1872 τοῦτο
1676 1846 1796 1872 πείθουσι
1806 1847 1868 1876 τοὺς

1078 1895 1207 1930 ἀνοήτους
1224 1894 1320 1925 αὐταῖς
1341 1893 1430 1925 λέξεσι
1455 1893 1580 1926 λέγοντες
1601 1892 1698 1923 οὕτως·
1723 1893 1772 1923 Ὃς
1792 1891 1824 1917 ἂν
1841 1891 1869 1916 ἐν

1079 1941 1173 1976 κόσμῳ
1189 1940 1334 1975 γενόμενος
1351 1940 1468 1974 γυναῖκα
1483 1939 1530 1965 οὐκ
1548 1939 1684 1973 ἐφίλησεν,
1699 1938 1769 1964 ὥστε
1785 1937 1869 1972 αὐτὴν

1079 1986 1257 2022 κρατηθῆναι,
1276 1985 1325 2011 οὐκ
1345 1985 1417 2011 ἔστιν
1438 1985 1466 2018 ἐξ
1482 1984 1622 2019 ἀληθείας,
1640 1985 1687 2010 καὶ
1704 1986 1734 2011 οὐ
1750 1985 1868 2019 χωρήσει

1078 2033 1117 2064 εἰς
1129 2031 1269 2066 ἀλήθειαν.
1291 2031 1320 2056 '0
1337 2031 1365 2057 δὲ
1379 2031 1432 2057 ἀπὸ
1448 2030 1549 2065 κόσμου
1560 2031 1705 2065 γενόμενος
1717 2031 1738 2060 ⁸,
1753 2029 1790 2064 μὴ
1806 2038 1870 2064 κρα-

1077 2079 1169 2114 τηθεὶς
1185 2078 1305 2112 γυναικὶ,
1321 2077 1352 2104 οὐ
1367 2078 1487 2113 χωρήσει
1509 2077 1548 2108 εἰς
1563 2077 1702 2111 ἀλήθειαν,
1725 2077 1768 2102 διὰ
1785 2077 1816 2102 τὸ
1832 2078 1868 2110 μὴ

1078 2126 1107 2152 ὲν
1130 2124 1263 2158 ἐπιθυμίᾳ
1287 2123 1456 2158 κρατηθῆναι
1483 2124 1620 2157 γυναικός.
1646 2124 1695 2150 Διά
1719 2123 1796 2150 τοῦτο
1823 2122 1870 2150 οὖν

1079 2171 1154 2206 ἡμᾶς
1174 2171 1273 2201 καλοὺς
1295 2170 1428 2204 ψυχικοὺς
1440 2170 1450 2185 δ
1465 2171 1638 2204 ὀνομάζουσι,
1659 2170 1705 2195 καὶ
1719 2171 1750 2195 ὲκ
1766 2170 1869 2206 κόσμου

237 2226 306 2254 quos
321 2217 453 2244 animales
475 2217 618 2243 nominant
631 2238 638 2249 ,
659 2223 776 2251 esseque
796 2219 830 2243 de
848 2217 951 2243 mundo
973 2223 1022 2244 sta-

1079 2215 1149 2244 εἷναι
1171 2217 1289 2250 λέγουσι,
1308 2217 1355 2242 καὶ
1379 2216 1531 2250 ἀναγκαίαν
1555 2217 1620 2251 ἡμῖν
1642 2216 1690 2251 τὴν
1707 2217 1871 2252 ἐγκράτειαν

238 2267 335 2293 luunt,
353 2261 552 2296 temperantia.
579 2264 606 2286 et
633 2261 755 2287 honestis
781 2261 934 2288 actionibus
958 2261 1028 2288 111111-

237 2317 300 2344 gere
313 2329 320 2340 ,
343 2308 444 2343 quibus
467 2307 631 2334 mediocrem
649 2306 681 2333 ad
707 2306 844 2340 regionem
863 2306 1026 2341 clleramur,

238 2363 300 2381 cum
317 2354 436 2389 ipsimet,
453 2357 546 2387 utpote
560 2353 697 2386 spiritales
715 2360 746 2379 ac
760 2351 882 2386 perfecti,
899 2353 967 2379 nihil
983 2353 1028 2380 ho-

239 2409 297 2427 rum
326 2400 477 2434 requirant.
508 2399 567 2426 Non
593 2398 665 2425 enim
692 2399 826 2425 actionem
849 2398 883 2425 ad
906 2399 1026 2432 pleroma

239 2447 400 2482 provehere,
418 2445 466 2472 sed
480 2453 572 2472 semen
588 2445 676 2480 ipsum
691 2464 698 2474 .
716 2445 788 2480 quod
807 2446 882 2472 illinc
901 2451 1025 2473 tenerum

239 2501 270 2520 ac
283 2493 356 2520 velut
376 2492 468 2519 infans
484 2492 644 2526 demissum,
659 2492 702 2519 hic
713 2492 785 2527 apud
802 2501 852 2520 nos
869 2493 1025 2520 absolutum

240 2538 373 2566 redditur.
396 2538 484 2573 Atque
499 2538 544 2565 ubi
560 2546 652 2565 semen
674 2546 754 2565 omne
769 2539 920 2573 perfectum
934 2538 1025 2571 fuerit,

240 2588 296 2610 tam
313 2583 434 2618 ipsorum
454 2583 565 2610 Matrem
582 2583 733 2610 Achamoth
750 2592 782 2611 ex
798 2585 885 2611 media
902 2585 946 2611 illa
962 2584 1026 2611 sede

240 2629 400 2660 transferri,
423 2634 451 2656 et
470 2629 540 2655 intra
561 2630 680 2663 pleroma
703 2629 786 2664 recipi
812 2635 960 2664 oportere:
977 2637 1027 2657 nec.

240 2684 294 2704 non
303 2680 330 2704 et
338 2684 469 2710 sponsum
479 2683 558 2703 suum
570 2683 746 2711 recuperare,
758 2676 926 2704 Salvatorem
940 2677 1026 2708 illum,

239 2724 303 2759 quia
316 2723 351 2750 ab
364 2722 500 2750 universis
514 2722 540 2749 in
555 2722 641 2749 lucem
653 2727 695 2750 est
707 2723 812 2750 editus:
823 2727 852 2750 ut
867 2723 1026 2756 Salvatoris,

239 2775 266 2798 et
284 2769 432 2804 Sapientia:
447 2768 600 2796 Achamoth
620 2769 779 2804 conjugium
795 2769 965 2797 instituatur.
981 2769 1027 2796 ld-

277 2848 286 2864 ¹
297 2847 377 2876 Rom.
390 2855 409 2882 I,
420 2847 465 2875 32.
504 2848 514 2863 '
529 2846 599 2874 lren.
618 2847 782 2883 ἀδιαφόρως.

822 2848 832 2864 ³
850 2857 893 2882 γρ.
913 2848 968 2875 ἀπὸ
981 2847 1084 2882 κόσμου
1097 2847 1147 2875 ὢν.

1079 2265 1126 2290 καὶ
1139 2262 1242 2298 ἀγαθὴν
1255 2262 1364 2298 πρᾶξιν,
1383 2263 1426 2288 ἵνα
1439 2263 1473 2289 δι’
1485 2263 1569 2297 αὐτῆς
1583 2262 1702 2297 ἔλθωμεν
1713 2264 1752 2294 εἰς
1764 2263 1809 2289 τὸν
1817 2264 1870 2298 τῆς

1081 2310 1229 2346 μεσότητος
1250 2309 1342 2342 τόπον,
1364 2310 1455 2341 αὐτοῖς
1469 2310 1496 2335 δὲ
1513 2310 1708 2344 πνευματικοῖς
1721 2318 1750 2335 τε
1766 2310 1813 2336 καὶ
1825 2319 1870 2336 τε-

1078 2357 1160 2388 λείοις
1176 2355 1354 2390 καλουμένοις
1364 2355 1504 2391 μηδαμῶς.
1517 2356 1553 2382 Οὺ
1570 2355 1623 2391 γὰρ
1637 2355 1736 2391 πρᾶξις
1749 2357 1788 2386 εἰς
1803 2356 1871 2392 πλή-

1080 2411 1158 2438 ρωμα
1185 2402 1300 2435 εἰσάγει,
1326 2401 1394 2428 ἀλλά
1418 2402 1448 2428 τὸ
1473 2402 1583 2436 σπέρμα
1605 2401 1635 2427 το
1655 2401 1758 2428 ἐκεῖθεν
1773 2403 1870 2437 νήπιον

1078 2448 1301 2483 ἐκπεμπόμενον,
1324 2447 1418 2474 ἐνθάδε
1440 2447 1636 2482 τελειούμενον.
1661 2447 1746 2474 Ὅταν
1766 2447 1795 2474 δὲ
1816 2449 1869 2474 πᾶν

1077 2493 1108 2520 τὸ
1125 2494 1235 2529 σπέρμα
1248 2494 1391 2530 τελειωθῇ,
1413 2494 1462 2529 τὴν
1484 2494 1533 2529 μὲν
1556 2492 1681 2528 Ἀχαμὼθ
1694 2494 1742 2528 τὴν
1755 2494 1869 2529 Μητέρα

1078 2538 1166 2564 αὐτῶν
1183 2539 1333 2574 μεταϐῆναι
1350 2538 1397 2565 τοῦ
1418 2539 1468 2573 τῆς
1487 2539 1634 2574 μεσότητος
1653 2540 1734 2565 τόπου
1750 2538 1868 2573 λέγουσι,

1081 2586 1127 2611 καὶ
1143 2585 1218 2616 ἐντὸς
1236 2585 1418 2621 πληρώματος
1434 2585 1575 2618 εἰσελθεῖν,
1594 2586 1639 2612 καὶ
1658 2585 1805 2612 ἀπολαϐεῖν
1825 2586 1870 2612 τὸν

1077 2631 1193 2666 νυμφίον
1205 2630 1292 2665 αὐτῆς
1303 2631 1348 2657 τὸν
1361 2632 1436 2666 Σωτῆ
1443 2639 1486 2667 ρα,
1501 2632 1546 2657 τὸν
1557 2632 1588 2658 ἐκ
1600 2631 1709 2658 πάντων
1727 2631 1867 2664 γεγονότα·

1078 2677 1121 2703 ἴνα
1137 2675 1251 2710 συζυγία
1265 2677 1429 2711 γένηταιτοῦ
1441 2678 1568 2712 Σωτῆρος
1581 2678 1627 2704 καὶ
1644 2677 1692 2711 τῆς
1705 2677 1804 2711 Σοφίας
1822 2677 1870 2712 τῆς

1084 2723 1221 2759 Ἀχαμώθ,
1234 2724 1289 2751 Καὶ
1299 2724 1378 2750 τοῦτο
1393 2723 1462 2752 εἶναι
1478 2725 1595 2760 νυμφίον
1606 2725 1653 2751 καὶ
1667 2723 1786 2760 νύμφην,
1802 2734 1870 2760 νυμ-

1080 2769 1156 2804 φῶνα
1172 2770 1200 2796 δὲ
1213 2770 1244 2797 τὸ
1268 2771 1323 2796 πᾶν
1347 2771 1494 2807 πλήρωμα.
1512 2772 1581 2803 Τοὺς
1603 2771 1632 2798 δὲ
1655 2771 1868 2806 πνευματικοὺς,

1185 2849 1276 2875 ⁸111111.
1295 2849 1360 2883 ἡμῖν
1378 2849 1424 2882 οὓς
1437 2849 1492 2884 dux
