1961 3046
96 139 151 169 517

464 137 650 166 ADVERSUS
668 138 837 167 HIERESES
855 140 918 168 LIB.
937 141 958 168 l.
979 139 1062 167 ΤΟΜ.
1083 139 1114 166 Il.
1132 154 1168 159 ——
1189 138 1323 166 II1ERES.
1341 138 1435 166 XXXI.

1678 140 1730 168 5l8

96 197 321 233 ἀποδυσαμένους
342 197 392 229 τὰς
413 198 502 232 ψυχὰς
523 198 570 224 καὶ
591 199 733 233 πνεύματα
751 199 831 234 νοερὰ
845 207 876 233 γε

942 207 995 234 quc
1018 199 1086 226 adeo
1111 198 1198 225 sacris
1215 198 1243 225 in
1268 197 1377 224 Litteris
1401 205 1532 232 sponsum
1550 205 1581 224 ac
1601 205 1728 232 sponsam

95 243 237 279 νομένους,
258 243 419 278 ἀκρατήτως
437 243 484 268 καὶ
502 243 625 278 ἀοράτως
648 243 723 274 ἐντὸς
738 243 887 278 πληρώμα-

95 297 141 320 τος
154 287 336 320 εἰσελθόντας,
350 288 459 323 νύμφας
469 287 686 323 ἀποδοθήσεσθαι
697 290 752 320 τοῖς
768 289 831 324 περὶ
842 289 887 316 τὸν

96 334 212 369 Σωτῆρα
227 334 362 368 ἀγγέλοις.
381 334 431 361 Τὸν
446 334 474 361 δὲ
491 334 661 370 Δημιουργὸν
678 336 826 370 μεταϐῆναι
842 337 888 362 καὶ

95 380 177 406 αὑτὸν
199 381 239 411 εἰς
256 379 301 406 τὸν
320 382 369 415 τῆς
389 380 501 416 Μητρὸς
521 381 620 414 Σοφίας
640 381 732 413 τόπον,
751 381 888 408 τουτέστιν

95 426 124 452 ἐν
137 427 171 460 τῇ
189 426 328 461 μεσότητι.
352 426 407 457 Τάς
424 435 453 452 τε
466 427 519 452 τῶν
533 427 645 453 δικαίων
659 427 749 462 ψυχὰς
763 427 887 453 ἀναπαύ-

96 471 191 498 σεσθαι
209 472 256 498 καὶ
271 472 356 503 αὑτὰς
377 473 406 498 ἐν
423 471 461 507 τῷ
475 472 525 506 τῆς
541 473 689 508 μεσότητος
705 474 789 508 τόπιιν
807 473 889 508 μηδὲν

94 516 148 551 γὰρ
160 517 275 552 ψυχικὸν
286 517 361 549 ἐντὸς
375 517 558 554 πληρώματος
573 520 680 554 χωρεῖν.

938 244 1093 278 signiﬁcare
1106 265 1113 276 ,
1129 243 1332 277 thalamumque
1357 243 1475 278 pleroma
1500 243 1588 278 ipsum
1608 251 1680 270 esse.
1695 243 1729 269 At

939 290 1078 325 spiritales
1096 289 1220 317 homines
1233 308 1240 320 ,
1267 294 1408 324 postquam
1425 290 1531 317 animas
1545 288 1686 321 exuerint,
1702 293 1729 315 et

939 336 973 362 ad
995 336 1163 370 spirituum,
1182 342 1368 369 piiraruniqiie
1389 336 1520 362 mentium
1544 335 1728 362 conditionem

939 381 1091 414 evaserint,
1109 388 1140 408 ac
1159 381 1234 407 nullo
1258 381 1415 412 detinente,
1433 390 1483 408 nec
1503 381 1681 416 aspectabiles
1701 380 1730 407 in

940 427 1058 461 pleronia
1075 427 1279 461 penetraverint
1301 426 1452 454 Salvatoris
1469 428 1613 455 comitibus
1625 427 1729 462 angelis

941 472 1079 499 collocari.
1098 472 1175 504 Quod
1199 472 1231 499 ad
1252 472 1428 500 Conditorem
1449 478 1568 508 spectat,
1586 481 1647 501 eum
1665 481 1730 507 ιιυιν

941 526 994 552 que
1010 517 1156 552 Sapientia:
1177 516 1272 544 Matris
1291 517 1319 544 in
1338 517 1426 544 locum
1445 525 1638 544 successurum
1651 537 1657 547 ,
1675 524 1729 542 me-

93 565 222 600 diamque
255 566 392 601 regionem
427 571 624 601 occupaturum
651 567 727 602 191
752 567 921 594 existimant.
942 565 1098 600 Eodemque
1120 565 1180 592 loco
1206 565 1345 599 justoriim
1369 565 1475 591 anilitas
1503 565 1560 591 otio
1588 572 1619 590 ac
1639 564 1730 598 quiete

93 613 230 646 petituras
249 621 320 645 esse,
337 613 410 648 quod
426 613 460 640 ad
473 614 593 648 pleroma
606 614 673 640 nihil
698 614 814 641 animale
831 613 980 648 perveniat.

128 661 191 687 KB'.
209 660 316 686 Τούτων
327 660 355 686 δὲ
365 661 517 695 γενομένων
529 660 626 693 οὕτως,
642 661 673 687 τὺ
683 661 840 696 ὲμῳωλεῦον
851 661 889 696 τῷ

95 706 192 741 κόσμῳ
207 706 274 740 πῦρ,
289 705 431 741 ἐκλάμψαν
443 707 490 733 καὶ
509 706 635 741 ἐξαφθὲν,
656 707 702 733 καὶ
719 708 890 743 κατεργασά-

95 759 175 786 μενον
193 752 284 778 πᾶσαν
301 750 377 786 ὓλην,
403 751 670 787 συναναλωθήσεσθαι
687 753 766 788 αὐτῇ,
784 753 831 779 καὶ
849 753 889 784 εἰς

90 797 122 823 τὸ
133 797 229 832 μηκέτ’
243 795 311 824 εἶναι
323 798 458 833 χωρήσειν
473 798 641 825 διδάσκουσι.
656 798 706 824 Τὸν
715 799 743 825 δὲ
754 800 888 834 Δημιουρ-

90 843 139 877 γὸν
162 844 246 878 μηδὲν
267 843 369 869 τούτων
389 843 537 877 ἐγνωκέναι
554 844 747 878 ἀποφαίνονται
768 844 820 880 πρὸ
837 845 886 879 τῆς
903 865 920 891 Β

90 889 137 915 τοῦ
155 888 282 923 Σωτῆρος
297 889 459 924 παρουσίας.
477 890 536 916 Εἰσὶ
554 889 581 916 δὲ
601 891 624 916 οἱ
640 890 764 924 λέγοντες
781 890 885 925 προεα-

90 934 185 961 λέσθαι
200 934 281 960 αὑτὸν
297 934 343 960 καὶ
361 934 478 970 Χριστὸν
495 935 554 961 υἰὺν
570 935 645 966 ἴδιον,
664 935 732 962 ἀλλὰ
748 935 814 969 (καὶ)
831 935 884 969 ψυ-

91 981 178 1016 χικόν.
201 980 268 1016 Περὶ
285 980 382 1007 τούτου
405 981 449 1008 διὰ
470 982 524 1008 τῶν
543 982 550 997 ¹
570 982 717 1018 προφητῶν
740 981 884 1016 λελαληκὲ-

91 1035 145 1053 ναι·
160 1024 228 1053 εἶναι
245 1026 273 1053 δὲ
290 1027 384 1054 τοῦτον
401 1027 447 1054 τὸν
459 1027 502 1054 διὰ
518 1028 628 1064 Μαρίας
642 1027 823 1059 διοδεύσαντα,
839 1036 885 1054 κα-

91 1072 180 1107 θάπερ
202 1072 274 1108 ὕδωρ
294 1073 338 1099 διὰ
359 1073 477 1108 σωλῆνος
493 1073 588 1106 ὁδεύει,
605 1075 652 1100 καὶ
667 1075 706 1105 εἰς
722 1073 816 1100 τοῦτον
838 1074 885 1099 ἐπὶ

89 1118 137 1146 τοῦ
153 1119 341 1155 βαπτίσματος
355 1120 494 1146 κατελθεῖν
511 1121 613 1146 ἐκεῖνον
625 1120 670 1146 τὸν
685 1121 739 1148 ἀπὸ
757 1121 803 1148 τοῦ
817 1121 885 1156 πλη-

91 1165 218 1202 ρώματος
242 1167 273 1191 ἐκ
297 1167 404 1192 πάντων
430 1166 545 1201 Σωτῆρα
566 1167 594 1192 ὲν
618 1167 684 1193 εἴδει
709 1168 881 1203 περιστερᾶς.

90 1210 232 1244 Γεγονέναι
246 1211 273 1236 δὲ
287 1211 315 1237 ἐν
329 1210 402 1246 αὑτῴ
413 1211 459 1237 καὶ
470 1211 500 1237 τὸ
512 1211 577 1238 αὐτὸ
591 1212 640 1246 τῆς
657 1212 783 1247 ’Λχαμὼθ
800 1214 884 1248 σπέρ-

92 1264 131 1291 μα
147 1256 343 1291 πνευματικόν.
361 1256 412 1282 Τὸν
425 1255 471 1283 οὖν
490 1256 591 1292 Κύριον
606 1257 682 1292 ἡμῶν
697 1259 728 1284 ἐκ
742 1258 882 1293 τεσσάρων

91 1301 193 1328 τούτων
214 1301 339 1328 σύνθετον
361 1302 502 1336 γεγονέναι
521 1302 681 1336 φάσκουσιν,
705 1303 882 1335 ἀποσώζοντα

90 1349 136 1376 τὸν
149 1349 181 1376 τύ
188 1348 294 1384 πον”τῆς
311 1349 458 1386 ἀρχεγόνου
478 1350 524 1376 καὶ
540 1350 650 1386 πρώτης
665 1352 838 1387 τετρακτύος,
851 1352 882 1378 ἐκ

89 1403 119 1421 τε
134 1395 182 1421 τοῦ
199 1395 394 1430 πνευματικοῦ,
410 1395 424 1421 ὅ
444 1393 476 1431 ἦν
498 1396 552 1422 ἀπο
566 1397 613 1431 τῆς
633 1396 770 1432 Ἃχαμὼθ,
792 1399 838 1424 καὶ
849 1399 881 1424 ἐκ

89 1441 136 1467 τοῦ
153 1441 280 1476 ψυχικοῦ,
297 1441 310 1467 ὃ
328 1439 362 1476 ἦν
382 1441 436 1467 ἀπὸ
451 1441 497 1467 τοῦ
513 1443 697 1477 Δημιουργοῦ,
723 1443 769 1469 καὶ
787 1444 818 1469 ἐκ
833 1443 880 1478 τῆς

89 1487 256 1522 οἰκονομίας,
269 1487 282 1513 ὃ
293 1485 326 1522 ἦν
338 1488 590 1522 κατεσκευασμένον
602 1489 714 1524 ἀρρήτῳ
728 1489 819 1524 τέχνῃ,
834 1489 880 1516 καὶ

89 1534 122 1559 ὲκ
132 1533 179 1559 τοῦ
191 1533 324 1569 Σωτῆρος,
336 1533 350 1558 ὅ
360 1531 393 1568 ἦν
402 1533 570 1561 κατελθοῦσα
580 1535 618 1566 εἰς
630 1534 710 1560 αὐτὸν
720 1535 878 1570 περιστερά.
894 1537 914 1566 C

89 1579 144 1606 Kal
160 1579 261 1606 τοῦτο’
287 1580 335 1614 μὲν
355 1579 445 1615 ἀπαθῆ
470 1579 706 1615 διαμεμενηκέναι¹
725 1581 754 1606 οὐ
772 1580 825 1615 γὰρ
840 1581 881 1606 ὲν-

91 1625 198 1660 εδέχετο
214 1624 311 1652 παθεῖν
331 1626 413 1652 αὐτὸν
434 1627 589 1662 ἀκράτητον
604 1627 650 1653 καὶ
663 1627 778 1662 ἀόρατον
795 1627 881 1663 ὑπάρ-

88 1680 180 1706 χοντα.
194 1672 249 1698 Καὶ
263 1671 308 1697 διὰ
321 1671 399 1698 τοῦτο
416 1669 499 1707 ἦρθαι
519 1673 725 1708 προσαγομένου
744 1673 825 1700 αὑτοῦ
843 1673 881 1708 τῷ

88 1717 208 1751 Πιλάτῳ,
224 1716 255 1743 τὸ
277 1717 319 1748 εἰς
342 1717 423 1743 αὑτὸν
447 1717 594 1743 κατατεθὲν
614 1717 725 1753 Πνεῦμα
748 1717 877 1753 Χριστοῦ.

94 1761 164 1787 Ἀλλ’
178 1761 238 1788 οὐδὲ
255 1761 285 1787 τὸ
300 1761 354 1788 ἀπὸ
372 1762 423 1796 τῆς
447 1762 558 1797 Μητρὸς
583 1761 694 1798 σπέρμα
719 1763 880 1789 πεπονθέναι

87 1807 221 1842 λέγουσιν’
240 1807 346 1839 ἀπαθὲς
361 1807 416 1843 γὰρ
432 1808 479 1834 καὶ
495 1807 561 1834 αὐτὸ
576 1807 606 1834 τὸ
620 1808 814 1843 πνευματικὸν,
833 1809 880 1835 καὶ

88 1853 163 1888 αὐτῷ
179 1853 217 1888 τῷ
239 1853 413 1888 Δημιουργῷ.
430 1853 535 1880 Ἐπαθε
553 1853 580 1879 δὲ
600 1853 691 1880 λοιπὸν
707 1855 766 1881 κατ’
782 1855 880 1886 αὐτοὺς

86 1900 101 1926 ὁ
121 1899 235 1934 ψυχικὸς
256 1899 380 1935 Χριστὸς,
395 1899 442 1926 καὶ
465 1899 479 1925 ὁ
501 1899 533 1925 ἐκ
552 1899 602 1934 τῆς
635 1900 791 1934 οἰκονομίας
812 1909 878 1926 κατ-

88 1945 288 1980 εσκευασμένος
314 1945 518 1980 μυστηριωδῶς,
547 1946 580 1971 ἵν’
597 1945 717 1981 ἐπιδείξῃ
741 1946 822 1972 αὐτου
837 1947 876 1982 ³ή

88 1991 188 2026 Μήτηρ
200 1991 244 2017 τὸν
261 1990 344 2017 τύπον
355 1991 401 2017 τοῦ
419 1990 474 2016 ἅνω
498 1991 626 2026 Χριστοῦ,
647 1992 751 2017 ἐκείνου
766 1991 812 2017 τοῦ
827 1992 877 2017 ἐπ-

88 2036 252 2067 εκταθέντος
264 2035 302 2070 τῷ
318 2035 441 2071 Σταυρῷ,
459 2036 505 2062 καὶ
523 2035 715 2072 μορφώσαντος
729 2037 778 2072 τὴν
795 2037 877 2072 Ἀχα-

90 2080 148 2116 μὼθ
169 2081 309 2116 μόρφωσιν
329 2081 378 2116 τὴν
399 2082 459 2108 κατ’
483 2081 588 2108 οὐσίανσ
610 2082 700 2109 πάντα
721 2083 774 2118 γὰρ
791 2083 877 2109 ταῦτα

88 2125 189 2157 τύπους
209 2125 318 2152 ἐκείνων
339 2123 407 2152 εἶναι
424 2126 541 2159 λέγουσι.
564 2127 618 2159 Τὰς
638 2127 667 2154 δὲ
686 2128 834 2164 ἐσχηκυίας
847 2129 877 2155 τὺ

89 2173 199 2208 σπέρμα
216 2174 265 2208 τῆς
285 2173 411 2208 Ἀχαμὼθ
425 2173 513 2208 ψυχὰς
529 2174 657 2209 ἀμείνους
674 2175 781 2210 λέγουσι
798 2184 876 2210 γεγο-

975 659 1055 687 XXII.
1082 659 1130 687 llis
1143 658 1272 694 peractis,
1299 658 1389 693 ignem
1412 658 1499 689 illiilli,
1515 658 1560 692 qui
1585 658 1611 684 in
1635 655 1727 684 mundi

940 706 1052 733 latebris
1077 705 1229 736 delitescit,
1250 708 1411 739 erupturum
1439 711 1472 730 ac
1495 703 1728 737 conﬁagraturuni

937 759 1006 778 esse.
1023 751 1110 778 donec
1130 751 1204 777 omni
1222 754 1383 784 consumpta
1402 749 1514 776 materia
1527 770 1533 780 ,
1555 757 1616 776 cum
1633 750 1727 776 eadem

936 803 960 824 et
978 798 1036 832 ipse
1051 802 1243 831 consumptus,
1260 801 1342 831 atque
1357 797 1384 822 in
1401 797 1516 823 nihilum
1533 795 1660 823 redactus
1673 795 1729 823 fne-

938 841 982 867 rit.
1004 840 1126 873 Quorum
1153 841 1274 868 omnium
1294 841 1361 868 nihil
1379 845 1441 868 ante
1464 841 1613 868 Salvatoris
1628 841 1729 867 adven-

938 889 994 911 tiim
1010 885 1150 912 Conditori
1167 885 1252 913 fuisse
1265 886 1414 921 cognitum.
1431 885 1484 912 Nec
1500 886 1610 916 desunt.
1626 886 1727 920 quibus

942 932 1057 966 plaerat,
1076 933 1158 958 etiam
1172 932 1207 958 ab
1225 932 1271 959 illo
1285 932 1451 966 peculiarem
1469 931 1551 958 lilium
1574 931 1725 962 Christum,

937 978 983 1004 sed
1003 978 1166 1009 animalem,
1194 978 1372 1012 productum,
1387 978 1420 1004 ile
1437 985 1491 1012 quo
1514 985 1561 1011 per
1578 977 1726 1011 prophetas

937 1024 1045 1050 locutus
1059 1024 1103 1050 sit.
1119 1023 1197 1050 lIunc
1214 1024 1290 1050 illum
1304 1031 1364 1051 esse
1383 1024 1429 1058 qui
1451 1024 1489 1050 sie
1510 1027 1638 1057 tanquam
1654 1030 1726 1056 aqua

935 1078 983 1104 per
997 1070 1113 1102 ﬁstulas,
1130 1070 1166 1096 ita
1190 1078 1237 1104 per
1257 1069 1368 1096 Mariam
1391 1070 1545 1102 transierit;
1566 1070 1593 1096 in
1609 1077 1726 1103 cumque

935 1121 1039 1151 postea,
1052 1124 1113 1143 cum
1132 1117 1326 1151 baptizaretur,
1343 1117 1395 1144 sub
1405 1116 1537 1144 columbae
1549 1116 1726 1143 descendisse

935 1163 1027 1198 specie
1043 1164 1158 1190 alterum
1178 1163 1254 1190 illum
1275 1163 1307 1190 de
1330 1163 1478 1197 pleromate
1504 1161 1671 1188 Salvatorem
1691 1170 1724 1189 ex

934 1208 1062 1235 omnibus
1074 1207 1220 1235 conﬂatum
1232 1218 1238 1235 ς
1251 1208 1306 1234 ἱιιιο
1315 1208 1395 1234 etiam
1409 1212 1436 1234 et
1446 1207 1532 1234 eidem
1547 1207 1725 1234 Acliamotliis

934 1253 1058 1288 spiritale
1077 1261 1170 1280 semen
1193 1254 1305 1281 insitum
1331 1253 1426 1280 fuisse.
1450 1253 1526 1279 Unde
1549 1257 1669 1287 quatuor
1690 1261 1724 1279 ex

934 1299 988 1326 illis
1001 1299 1184 1333 compositum
1199 1307 1260 1326 esse
1275 1299 1418 1326 Dominum
1436 1303 1605 1331 asseverant;
1622 1303 1650 1325 ut
1667 1299 1724 1334 pri-

934 1344 1027 1371 maria:
1046 1345 1119 1371 illius
1139 1352 1170 1371 ac
1188 1345 1353 1379 primigenia
1373 1344 1498 1371 Tetradis
1515 1344 1723 1372 similitudinem

932 1389 1097 1423 exprimeret
1117 1398 1123 1415 :
1145 1389 1272 1416 nimirum
1290 1397 1305 1415 e
1328 1389 1460 1424 spiritali,
1486 1390 1558 1423 quod
1581 1390 1615 1416 ab
1636 1390 1725 1416 Acha-

933 1434 1023 1462 mothe
1043 1435 1194 1462 derivatum
1211 1439 1269 1468 est,
1291 1443 1322 1462 ex
1341 1436 1462 1465 animali.
1482 1436 1553 1470 quoil
1586 1444 1600 1462 a
1624 1436 1724 1463 Condi-

933 1484 1008 1513 tore,
1026 1488 1059 1507 ex
1085 1481 1272 1508 incarnatione
1284 1501 1291 1512 ,
1309 1482 1380 1516 quod
1398 1481 1582 1516 inexplicabili
1600 1481 1721 1516 quodam

932 1529 973 1553 est
985 1526 1100 1553 artiﬁcio
1117 1529 1276 1553 contextum
1289 1533 1296 1551 :
1310 1534 1341 1553 ac
1354 1527 1462 1554 demum
1478 1526 1652 1559 eSalvatore,
1670 1535 1721 1554 nne

931 1576 972 1598 est
987 1571 1113 1598 columba
1128 1572 1173 1598 illa
1190 1571 1223 1598 de
1237 1572 1306 1598 eualo
1325 1572 1448 1607 delapsa.
1466 1573 1553 1607 Atque
1570 1574 1643 1601 hunc
1661 1575 1720 1609 qui-

930 1615 990 1642 dem
1008 1616 1146 1650 patibilem
1160 1623 1299 1651 nunquam
1317 1617 1412 1650 fiiiSse,
1428 1619 1557 1652 quoniam
1572 1620 1624 1653 pati
1637 1620 1723 1646 omni-

930 1669 966 1688 no
981 1666 1113 1696 nequeat,
1139 1662 1211 1696 quod
1241 1670 1329 1696 neque
1355 1663 1508 1694 contineri,
1531 1672 1619 1699 neque
1636 1666 1722 1693 oculis

931 1708 1059 1743 usurpari
1079 1709 1176 1743 possit.
1199 1708 1372 1744 Proindeque
1393 1717 1455 1736 cum
1476 1710 1510 1736 ad
1527 1710 1643 1737 Pilatum
1660 1720 1722 1746 per-

930 1755 1029 1781 ductus
1040 1759 1093 1787 est,
1105 1755 1255 1782 demissum
1272 1755 1299 1782 in
1315 1763 1376 1782 eum
1395 1756 1496 1783 ΟΙιΓίκῐὶ
1516 1755 1649 1792 Spiritum
1662 1766 1723 1784 evo-

930 1801 1011 1828 lasse.
1034 1800 1086 1827 Sed
1106 1809 1193 1835 neque
1206 1806 1361 1828 maternum
1377 1803 1443 1829 illud
1463 1810 1555 1830 semen
1569 1803 1721 1838 quidquam

929 1853 991 1874 esse
1011 1854 1171 1881 perpessum
1194 1847 1290 1882 :quod
1317 1847 1404 1875 niliilo
1422 1849 1509 1883 magis
1533 1850 1644 1884 patibile
1668 1851 1720 1883 sit,

929 1895 1024 1926 utpote
1036 1893 1168 1926 spiritale,
1181 1901 1231 1920 nee
1242 1894 1284 1920 vel
1300 1894 1350 1928 ipsi
1367 1894 1507 1921 Conditori
1520 1896 1628 1930 quidem
1645 1905 1720 1930 aspe-

929 1937 1040 1964 ctabile.
1059 1937 1154 1965 Restat
1169 1939 1251 1973 igitur
1269 1943 1298 1966 ut
1315 1939 1423 1966 illorum
1439 1941 1569 1975 opinione
1594 1943 1719 1971 animalis

930 1982 973 2009 ille
985 1982 1112 2011 Christus
1127 1984 1161 2012 sit
1179 1992 1288 2019 passus,
1310 1985 1459 2020 itidemque
1485 1991 1512 2013 et
1529 1988 1598 2014 alter
1618 1991 1664 2023 qui
1684 1997 1718 2016 ex

928 2028 1116 2057 incarnatione
1132 2031 1265 2058 conﬂatus
1290 2037 1342 2058 est.
1359 2031 1438 2064 Quod
1457 2040 1511 2059 non
1530 2034 1590 2061 sine
1613 2040 1717 2070 myste-

927 2075 969 2101 rio
986 2075 1137 2109 perfectum
1153 2079 1206 2107 est,
1224 2080 1254 2102 nt
1270 2077 1371 2103 sumini
1385 2077 1457 2105 illius
1471 2078 1574 2106 Christi
1590 2087 1637 2114 per
1651 2088 1714 2108 eum

927 2120 1014 2147 Mater
1031 2121 1174 2156 imaginem
1191 2122 1341 2154 exhiberet,
1362 2123 1407 2158 qui
1427 2123 1454 2150 in
1470 2124 1558 2151 Criice
1579 2125 1717 2156 distentus

928 2166 1123 2195 Aehamotliem
1151 2168 1313 2196 substantia:
1330 2168 1524 2197 informatione
1542 2172 1686 2206 perpolivit
1707 2181 1715 2200 :

86 2219 161 2246 νέναι
175 2220 229 2246 τῶν
243 2219 355 2245 λοιπῶψ
368 2219 407 2246 διὸ
419 2220 464 2246 καὶ
481 2220 572 2246 πλεῖον
588 2220 642 2247 τῶν
659 2221 746 2248 ἄλλων
766 2222 875 2257 ἠγαπή-

936 2219 984 2239 iiee
998 2212 1070 2239 enim
1086 2213 1176 2240 omnia
1193 2214 1366 2248 superiorum
1383 2215 1491 2242 illorum
1512 2216 1625 2251 ﬁguram
1650 2225 1713 2245 con-

87 2265 151 2292 σθαι
171 2264 224 2291 ὑπὸ
239 2264 286 2291 τοῦ
309 2264 490 2299 Δημιουργοῦ,
519 2266 555 2301 μὴ
579 2266 678 2298 εἰδότος
700 2267 750 2303 τὴν
773 2268 873 2299 αἰτίαν,

85 2311 154 2339 ἀλλὰ
165 2311 230 2347 παρ’
242 2311 325 2337 αὑτοῦ
339 2311 515 2347 λογιζομένου
530 2310 599 2338 εἷναι
613 2312 750 2344 τοιαύτας.

120 2443 166 2470 Διὺ
181 2442 229 2470 καὶ
244 2443 284 2475 εἰς
299 2443 450 2478 προφήτας,
466 2443 558 2478 φασὶν,
577 2442 690 2470 ἕτασσεν
703 2443 810 2475 αὐτοὺς,
828 2445 875 2470 καὶ

78 2491 99 2515 ξε
111 2492 178 2527 ρεῐς,
195 2489 244 2516 κα)⁹
260 2489 389 2524 βασιλεῖςο
409 2490 455 2517 καὶ
470 2490 554 2516 πολλὰ
570 2491 622 2517 ὑπὸ
632 2490 642 2505 ⁸
656 2489 702 2516 τοῦ
719 2490 874 2525 σπέρματος

81 2536 177 2563 τούτου
201 2535 327 2571 εἰρῆσθαι
345 2535 388 2562 διὰ
403 2536 456 2562 τῶν
471 2536 617 2572 προφητῶν
634 2535 805 2570 ἐξηγοῦνται.
826 2537 874 2562 ἆτε

81 2581 253 2616 ὑψηλοτέρας
267 2581 374 2615 φύσεως
391 2581 568 2617 ὑπαρχούσας
579 2581 601 2609 ³.
620 2581 707 2607 Πολλὰ
724 2581 752 2606 δὲ
767 2581 814 2607 καὶ
826 2580 875 2616 τὴν

80 2627 196 2663 Μητέρα
211 2627 274 2662 περὶ
287 2627 342 2653 τῶν
354 2627 481 2662 ἀνωτέρω
497 2627 638 2663 εἰρηκέναι
654 2627 788 2661 λέγουσιν.
806 2626 874 2653 ἀλλὰ

80 2674 127 2699 καὶ
139 2673 183 2699 διὰ
195 2673 290 2699 τούτου
301 2673 346 2699 καὶ
359 2673 413 2699 τῶν
428 2672 480 2699 ὑπὸ
493 2674 585 2699 τούτου
600 2673 752 2708 γενομένων
769 2671 871 2707 ψυχῶν.

80 2719 136 2745 Καὶ
150 2718 243 2745 λοιπὸν
260 2718 389 2753 τέμνουσι
404 2719 453 2749 τὰς
467 2718 645 2754 προφητείας,
663 2718 692 2744 τὸ
710 2718 758 2753 μέν
772 2727 798 2744 τι
816 2718 870 2744 ἀπὸ

78 2763 130 2799 τῆς
144 2763 256 2799 Μητρὸς
270 2763 392 2800 εἰρῆσθαι
406 2763 539 2797 θέλοντες,
551 2764 580 2790 τὸ
589 2764 652 2791 δέτι
663 2763 716 2791 ἀπὸ
728 2763 774 2791 τοῦ
786 2763 869 2799 σπέρ-

115 2841 125 2857 ¹
140 2839 171 2868 F.
190 2840 285 2868 τούτου
300 2841 338 2868 δέ.
376 2843 386 2858 ⁸
403 2842 431 2870 F.
445 2842 550 2870 τοῦτον.
589 2843 598 2858 ³
612 2841 680 2869 Iren.
693 2841 726 2868 δι’
744 2838 835 2868 αὑτοῦ.

875 2840 885 2856 δ
903 2840 966 2868 Cor.
982 2841 1061 2877 ὑπέρ.

929 2259 1025 2286 linere.
1048 2259 1113 2291 Qua:
1140 2267 1203 2286 vero
1227 2260 1324 2286 aniniie
1340 2260 1519 2288 Achamotliis
1537 2263 1640 2290 semine
1662 2265 1716 2291 sint

927 2312 1061 2340 aspersm,
1085 2314 1132 2333 eas
1148 2306 1255 2333 cretei-is
1282 2314 1343 2334 esse
1364 2307 1499 2340 meliores,
1514 2312 1596 2343 atque
1611 2310 1716 2346 impen-

927 2351 986 2378 sius
1000 2358 1015 2377 a
1031 2351 1179 2378 Conditorc
1195 2352 1271 2386 diligi
1284 2360 1291 2377 :
1303 2353 1350 2387 qui
1363 2353 1422 2387 ejus
1442 2357 1533 2381 tamen
1550 2355 1587 2382 rei
1602 2363 1714 2384 causam

927 2404 981 2424 non
998 2397 1154 2431 intelligens
1176 2405 1210 2424 ex
1235 2405 1296 2425 sese
1310 2398 1371 2426 illas
1387 2399 1521 2433 ejusmodi
1536 2408 1598 2428 esse
1623 2407 1710 2436 putet.

963 2442 1146 2475 Quamobrem
1156 2443 1341 2478 prophetasex
1353 2445 1395 2476 iis,
1406 2445 1447 2472 vel
1457 2446 1624 2480 sacerdotes,
1635 2449 1714 2484 192

926 2489 969 2516 vel
984 2497 1060 2523 reges
1080 2490 1219 2522 instituit;
1242 2498 1274 2517 ac
1299 2491 1428 2526 pleraque
1452 2499 1468 2518 a
1492 2493 1632 2528 prophetis
1652 2503 1715 2529 pio-

928 2535 1051 2562 nuntiata
1067 2535 1099 2562 de
1116 2535 1170 2562 isto
1189 2536 1294 2564 semine
1310 2537 1537 2572 interpretantur,
1553 2539 1633 2574 quasi
1655 2541 1716 2566 illo-

929 2589 989 2608 rum
1015 2581 1112 2608 animae
1129 2586 1235 2609 natura;
1249 2583 1391 2616 cujusdam
1413 2584 1585 2612 subliinioris
1601 2585 1715 2612 exstite-

927 2628 992 2654 rint.
1010 2627 1081 2660 Quin
1094 2628 1174 2654 etiam
1203 2629 1237 2655 de
1261 2628 1418 2656 cmlestibus
1442 2630 1526 2657 multa
1557 2630 1714 2665 disputasse

928 2673 1050 2705 Matrem,
1065 2674 1151 2708 deque
1166 2675 1266 2702 animis
1280 2683 1350 2710 quos
1365 2675 1406 2702 vel
1424 2675 1478 2708 ille,
1493 2677 1535 2704 vel
1553 2677 1600 2712 qui
1612 2677 1646 2704 ab
1666 2677 1713 2704 illo

922 2719 1032 2746 oriundi
1051 2725 1116 2747 sunt
1141 2721 1339 2755 produxerunt.
1364 2721 1441 2749 Unde
1463 2727 1491 2750 et
1519 2723 1711 2758 prophetarum

923 2764 1051 2791 vaticinia
1072 2765 1109 2792 ita
1131 2765 1303 2800 partiuntur,
1322 2766 1446 2802 quaedam
1466 2771 1495 2796 ut
1516 2767 1595 2796 etl‘ata
1618 2767 1712 2796 Matris

1099 2842 1109 2858 ⁵
1121 2841 1190 2870 lren.
1207 2842 1374 2878 ὑπάρχοντος
