1961 3046
236 109 290 138 519

924 108 953 135 S.
974 108 1096 136 FPll‘HA
1104 109 1147 135 ΝΠ

1812 107 1867 136 5Ξῦ

237 177 298 196 esse
315 167 411 200 velint,
433 168 485 195 alia
503 168 538 195 ab
555 168 659 196 semine
670 188 677 200 ,
694 168 750 209 alia
767 175 782 195 a
801 167 950 196 Conditore
966 176 1027 203 pro-

1085 179 1173 202 ματος,
1188 171 1217 198 τὸ
1234 171 1261 198 δέ
1281 181 1308 198 τι
1323 170 1377 198 ἀπὸ
1394 170 1440 197 τοῦ
1459 169 1641 206 Δημιουργοῦ.
1665 168 1744 195 Ἀλλὰ
1757 169 1804 195 καί
1819 169 1866 195 τὺν

239 217 319 243 t'ecta.
339 215 428 250 Ipsum
447 215 527 242 etiam
544 214 636 242 Jesum
653 215 750 249 partim
771 222 786 241 a
810 214 950 242 Salvatore
972 219 1027 241 tra-

238 261 304 294 dita,
319 261 416 295 partim
439 268 452 286 a
468 259 571 292 Matre;
593 261 691 295 partim
708 260 825 295 denique
846 268 861 287 a
881 260 1028 288 Conditore

237 307 351 338 dixisse,
370 307 396 333 id
411 306 484 342 quod
504 307 531 333 in
554 307 729 341 Sequentibns
749 306 935 333 ostendemus.
955 307 1028 333 (Ion-

238 355 354 381 ditorem
370 362 432 380 vero
453 362 548 381 eorum
565 362 625 388 quzc
641 360 722 388 supra
739 361 768 380 se
785 359 861 380 erant
885 354 1025 388 ignarum,

239 401 272 427 iis
286 408 351 428 sane
372 408 431 435 qua:
445 401 716 427 Commemoravimus
739 399 823 427 fuisse
842 404 1025 432 commotum,

239 447 286 473 sed
302 447 395 474 eadem
410 446 609 480 contempsisse
623 447 810 479 nihilominus,
824 451 850 474 et
861 448 930 475 alias
946 449 1025 474 aliam

239 500 300 519 esse
315 500 426 519 causam
437 511 445 524 ,
468 492 657 523 existimasse,
682 492 740 519 sive
757 493 917 528 prophetico
935 494 1025 521 alllatu

240 538 382 573 praeditum
403 538 549 572 Spiritum,
577 538 649 573 quod
676 539 786 574 proprio
806 540 924 574 quodam
949 546 1025 567 motu

239 586 344 617 cietur;
366 586 423 612 sive
438 585 588 616 hominem,
611 585 667 611 sive
686 586 850 612 deteriorum
866 587 1028 621 cornplexio—

241 640 312 659 nem.
332 631 359 658 In
377 639 463 666 eaque
479 631 570 657 tandiu
586 631 756 666 ignoratione
772 637 919 664 versatum,
937 634 1026 668 quoad

243 677 372 705 Dominus
390 678 538 704 advenerit.
554 677 640 704 Simul
657 678 728 705 enirn
745 686 777 705 ac.
792 679 917 706 Salvator
930 688 1026 707 acres-

241 725 287 754 sit,
304 723 378 750 abeo
393 727 492 749 cuncta
507 722 637 750 didicisse
654 727 759 757 putant,
777 728 803 750 et
819 724 850 750 ad
865 732 926 750 eum
942 725 1027 751 liben-

242 775 283 796 ter
299 777 361 796 cum
381 769 508 796 omnibus
527 771 584 797 suis
598 770 684 804 copiis
699 771 846 802 transisse;
862 778 979 804 eumque
995 771 1028 796 il—

242 815 296 842 lum
311 823 371 842 esse
385 816 589 846 centurionem,
605 816 650 849 qui
669 816 695 842 in
719 815 865 850 Evangelio
880 815 915 842 ita
933 815 1028 842 Salva-

214 876 225 881 --
240 864 326 887 torem
353 857 500 894 alloquitur
524 870 529 886 :
545 859 611 886 Nam
627 864 653 887 et
667 861 751 894 egoin
765 868 822 886 mea
832 865 965 895 potestate
982 861 1030 887 ha-
1047 851 1066 877 Β

242 905 292 932 beo
307 905 422 938 milites,
445 910 470 931 et
492 913 596 937 servos,
614 910 640 932 et
661 906 845 941 quodcunque
860 907 1029 941 imperavero

242 951 412 986 perﬁciunt'.
430 951 538 978 Addunt
563 952 656 978 mimdi
681 953 756 979 illum
782 954 967 988 procnralioni
994 953 1028 980 ad

243 997 368 1024 idoneum
382 1006 469 1032 usque
487 1002 593 1032 tempus
617 998 806 1033 przeluturmn,
829 999 979 1033 przeserlim
993 1001 1029 1026 ob

243 1042 372 1070 Ecclesia:
392 1043 670 1074 adminiSIrationem,
686 1044 800 1078 ejusque
819 1045 921 1079 prmmii
936 1048 1029 1081 cogiti-

243 1089 360 1119 tionem,
383 1089 454 1123 quod
480 1089 568 1116 eidem
590 1095 631 1117 est
645 1094 835 1123 constitutum,
853 1091 982 1118 nimirum
1000 1095 1029 1118 ut

242 1134 276 1161 ad
297 1135 389 1162 Matris
403 1135 494 1162 sedem
512 1136 652 1163 evehatur.

278 1179 371 1206 XXIII.
395 1180 538 1208 llomimnn
560 1189 640 1216 porro
664 1183 715 1209 tria
743 1191 842 1217 genera
859 1188 1028 1217 statuuntur,

243 1225 372 1260 spiritale,
391 1229 542 1258 terrenum,
562 1228 688 1259 animale,
705 1236 765 1263 qua:
793 1230 820 1256 in
835 1230 930 1260 Caino.
947 1231 1030 1258 Ahele

243 1279 275 1297 ac
290 1269 374 1297 Setho
387 1276 548 1299 cernuntur.
564 1273 586 1298 A
606 1273 706 1308 quibus
723 1274 836 1302 totidem
853 1280 957 1302 naturae
975 1284 1028 1303 non

241 1316 297 1350 jam
314 1318 340 1343 in
355 1312 481 1351 singulis,
499 1318 545 1344 sed
563 1326 610 1353 per
621 1327 718 1353 genera
733 1326 885 1356 propagata:
902 1326 974 1349 sunt.
992 1322 1028 1348 Ex

245 1362 278 1390 iis
293 1368 428 1390 terrenum
450 1365 626 1398 corruptione
644 1365 757 1393 dissolvi
774 1375 781 1399 ;
813 1368 930 1394 animale
945 1376 1009 1395 vero
1022 1388 1028 1399 .

244 1407 304 1435 sise
323 1409 475 1443 potioribus
490 1409 637 1442 dediderit,
654 1411 782 1438 mediocri
799 1412 826 1439 in
842 1413 950 1446 regione
964 1421 1030 1450 con;

244 1455 404 1488 quiescere,
420 1456 463 1482 sin
480 1456 614 1482 deteriora
638 1456 734 1490 eligat,
761 1458 792 1484 ad
814 1459 915 1485 similia
937 1463 1030 1486 trans-

245 1501 319 1528 l‘erri.
348 1501 487 1537 Spiritalia
513 1503 630 1538 denique
657 1511 718 1538 qtae
742 1505 851 1538 quidem
878 1505 1029 1532 Aehamoth

245 1548 409 1578 conseverit,
423 1556 454 1574 cx
468 1549 512 1576 illo
524 1554 645 1583 tempore
662 1550 689 1576 in
702 1549 863 1577 hodieran
880 1558 966 1587 usque
978 1553 1032 1586 pia-

246 1599 305 1618 rum
325 1593 475 1619 animarum
501 1594 653 1628 disciplinae
675 1596 822 1623 commissa
846 1603 873 1623 et
894 1597 1030 1629 educata,

245 1638 317 1671 quod
343 1638 430 1665 adhuc
450 1639 562 1665 infantia
587 1641 669 1667 missa
694 1647 766 1673 sunt;
792 1647 886 1676 postea
910 1643 953 1669 ubi
969 1651 1032 1677 per-

246 1683 391 1710 fectionem
408 1684 504 1718 adepta
530 1685 647 1718 fuerint,
673 1685 825 1714 Salvatoris
855 1688 960 1722 angelis
975 1697 1033 1715 ma-

247 1730 375 1757 trimonio
391 1730 530 1761 collocari,
546 1737 609 1757 cum
627 1731 735 1758 interim
753 1732 850 1758 anima:
869 1733 947 1767 193
968 1733 1033 1768 ipsa!

245 1785 307 1804 eum
322 1777 470 1804 Conditore
493 1777 648 1805 necessario
666 1778 756 1805 medio
771 1779 798 1804 in
815 1779 874 1806 loco
890 1788 950 1807 sese
966 1788 1032 1807 con-

246 1825 359 1851 lineaul.
379 1823 510 1851 Praeterea
533 1825 639 1852 animas
656 1826 752 1852 iterum
778 1826 830 1853 hoc
859 1827 939 1854 modo
963 1829 1033 1855 tllVl-

246 1870 324 1897 dunt.
351 1869 488 1902 Quasdam
514 1872 584 1897 enim
610 1875 708 1898 natura
726 1872 831 1905 bonas,
848 1873 916 1900 alias
936 1880 1033 1902 natura

246 1915 331 1942 malas
357 1923 429 1942 esse.
460 1915 548 1943 Bonas
572 1916 707 1951 ejusmodi
724 1926 804 1951 esse,
822 1927 882 1954 qua:
899 1920 931 1947 ad
958 1921 1033 1947 exci-

246 1961 376 1997 piendum
410 1969 503 1989 semen
532 1962 637 1990 idoneae
667 1963 744 1990 sint:
764 1965 836 1998 quod
862 1966 940 1992 malae
958 1966 1034 1993 nullo

247 2007 329 2034 modo
347 2013 462 2041 possunt
479 2010 631 2044 percipere.

282 2051 377 2079 Χλιν.
397 2053 458 2080 llaze
480 2058 522 2081 est
546 2055 653 2082 illorum
677 2055 821 2090 doctrina,
847 2065 927 2092 quam
947 2065 1035 2093 neque

247 2098 383 2133 propheta:
398 2099 590 2133 pra-dicarunt,
606 2108 692 2135 neque
708 2100 837 2129 Dominus
853 2103 973 2136 tradidit,
986 2111 1036 2131 nec

248 2145 364 2179 apostoli
384 2146 562 2180 reliquerunt.
584 2147 642 2179 Qua
664 2147 775 2182 quidem
803 2149 914 2176 minime
934 2150 1034 2184 scripta

1083 217 1186 252 Ἰησοῦν
1201 217 1341 248 ὡσαύτως,
1358 217 1389 243 τὸ
1406 217 1455 252 μέν
1474 225 1499 242 τι
1516 216 1570 242 ἀπὸ
1583 215 1630 242 τοῦ
1647 216 1773 250 Σωτῆρος
1790 215 1867 250 εἰρη-

1077 262 1163 293 κέναι,
1185 263 1215 289 τὸ
1237 263 1265 289 δέ
1281 272 1306 289 τι
1328 262 1381 289 ἀπὸ
1402 263 1451 297 τῆς
1473 261 1593 297 Μητρὸς,
1617 262 1647 287 τὺ
1662 260 1689 287 δέ
1705 270 1730 286 τι
1748 261 1802 287 ἀπὸ
1818 260 1866 287 τοῦ

1076 309 1258 344 Δημιουργοῦ,
1281 307 1372 340 καθὼς
1387 307 1556 343 ἐπιδείξομεν
1576 308 1716 343 προίόντος
1736 307 1801 341 ἡμῖν
1817 305 1866 332 τοῦ

1076 353 1166 387 λόγου.
1192 354 1243 380 Τὸν
1264 355 1292 381 δὲ
1318 354 1497 390 Δημιουργὺν,
1520 354 1567 380 ἆτε
1583 353 1730 387 ἀγνοοῦντα
1746 353 1778 378 τὰ
1795 353 1866 387 ὑπὲρ

1076 401 1166 433 αὑτὸν,
1189 400 1321 427 κινεῖσθαι
1347 401 1396 435 μὲν
1419 401 1464 427 ἐπὶ
1486 401 1541 431 τοῖς
1557 399 1722 434 λεγομένοις,
1745 406 1868 424 21:17:3-

1076 446 1239 483 φρονηκέναι
1251 447 1278 473 δὲ
1292 446 1381 473 αὐτῶν
1398 446 1490 473 ἄλλοτε
1506 446 1586 481 ἄλλην
1604 445 1692 471 αἰτίαν
1705 444 1866 479 νομίσαντα,

1076 493 1139 528 ῆτὸ
1156 493 1268 528 Πνεῦμα
1292 493 1322 519 τὸ
1349 492 1519 528 προφητεῦον
1545 491 1616 525 ἕχον,
1639 491 1685 517 καὶ
1709 489 1773 516 αὐτὸ
1799 490 1866 516 ἰδίαν

1075 539 1136 566 τινὰ
1151 539 1268 574 κίνησιν,
1283 539 1299 574 ἢ
1317 539 1361 565 τὸν
1375 539 1526 574 ἄνθρωπον,
1542 539 1557 573 ἢ
1570 538 1617 573 τὴν
1631 536 1802 573 προσπλοκὴν
1812 536 1866 562 τῶν

1076 586 1175 621 χειρῶν
1187 586 1207 613 ¹.
1230 586 1285 612 Καὶ
1305 586 1390 617 οὕτως
1407 585 1556 619 ἀγνοοῦντα
1571 583 1784 610 διατετελεκέναι
1802 583 1865 617 ἄχρι

1076 631 1125 665 τῆς
1136 630 1285 666 παρουσίας
1297 630 1342 656 τοῦ
1356 631 1469 666 Κυρίου,
1490 629 1626 660 ἘλΟόντος
1641 628 1668 654 δὲ
1681 628 1727 654 τοῦ
1740 628 1866 662 Σωτῆρος

1079 676 1175 711 μαθεῖν
1191 676 1272 702 αὑτὸν
1288 677 1352 711 παρ’
1372 675 1454 703 αὐτοῦ
1476 676 1563 702 πάντα
1577 675 1696 708 λέγουσι,
1717 674 1762 701 καὶ
1782 674 1867 708 ἄσμε-

1077 731 1121 748 νον
1138 721 1212 757 αὺτῷ
1229 722 1461 757 προσχωρήσαντα
1477 721 1545 756 μετὰ
1561 721 1651 756 πάσης
1665 721 1714 755 τῆς
1727 719 1866 754 δυνάμεως

1077 768 1171 799 αὑτοῦ,
1187 769 1233 794 καὶ
1247 768 1327 794 αὑτὸν
1343 766 1412 794 εἶναι
1428 769 1474 794 τὸν
1489 769 1516 794 ἐν
1532 768 1571 802 τῷ
1584 766 1742 801 Εὑαγγελίῳ
1756 765 1867 791 ἑκατόν-

1079 822 1188 849 ταρχον,
1211 813 1323 848 λέγοντα
1345 814 1383 849 τῷ
1404 815 1520 850 Σωτῆρι·
1541 814 1596 840 Καὶ
1614 813 1668 849 γὰρ
1686 812 1740 847 ἐγὼ
1752 812 1804 838 ὑπὸ
1817 811 1867 846 τὴν

1082 859 1200 894 ἐμαυτοῦ
1214 860 1336 892 ἐξουσίαν
1353 860 1406 894 ἔχω
1421 860 1588 895 στρατιώτας
1603 860 1650 885 καὶ
1662 859 1780 889 δούλους,
1796 859 1843 884 καὶ
1853 857 1869 883 ὃ

1082 906 1129 932 ἐὰν
1147 906 1289 941 προστάξω
1306 907 1419 933 ποιοῦσι.
1443 907 1566 933 Τελέσειν
1587 906 1615 932 δὲ
1630 906 1710 932 αὐτὴν
1728 905 1778 940 τὴν
1797 904 1869 930 κατὰ

1081 952 1126 977 τὸν
1141 952 1241 986 κόσμον
1255 953 1409 987 οἰκονομίαν
1426 952 1506 987 μέχρι
1517 952 1563 978 τοῦ
1576 952 1680 982 δέοντος
1693 950 1800 985 καιροῦ,
1817 950 1869 984 μά-

1082 996 1161 1022 λιστα
1181 997 1209 1023 δὲ
1228 997 1271 1023 διὰ
1287 998 1335 1032 τήν
1349 997 1397 1032 τῆς
1425 997 1588 1032 Ἐκκλησίας
1611 997 1778 1031 ἐπιμέλειαν,
1801 995 1870 1021 ἀλλὰ

1082 1043 1130 1069 καὶ
1142 1042 1184 1069 διὰ
1197 1043 1246 1078 τὴν
1263 1043 1410 1077 ἐπίγνωσιν
1426 1043 1473 1070 τοῦ
1492 1042 1697 1078 ὲτοιμασῡέντος
1712 1041 1785 1076 αὑτῴ
1801 1041 1869 1068 ἐπά-

1083 1089 1156 1120 θλου,
1171 1089 1211 1116 ὅτι
1226 1090 1265 1121 εἰς
1278 1090 1323 1116 τὸν
1337 1090 1386 1125 τῆς
1399 1089 1510 1126 Μητρὸς
1522 1090 1603 1116 τόπον
1615 1089 1744 1124 χωρήσει.

1118 1179 1181 1206 Kl".
1203 1179 1367 1214 Ἀνθρώπων
1387 1179 1416 1205 δὲ
1434 1179 1497 1215 τρία
1517 1180 1583 1214 γένη
1600 1178 1770 1212 ὑφίστανται,
1786 1186 1870 1204 πνευ-

1085 1225 1208 1261 ματικὸν,
1241 1225 1340 1261 χοῐκὺν,
1368 1225 1493 1260 ψυχικὸν,
1523 1224 1613 1256 καθὼς
1642 1225 1765 1258 ἐγένοντο
1788 1225 1870 1256 Κάῐν,

1085 1272 1177 1303 Ἅϐελ,
1194 1272 1259 1307 Σήθ·
1274 1273 1320 1298 καὶ
1335 1273 1366 1298 ὲκ
1378 1272 1480 1298 τούτων
1495 1271 1543 1303 τὰς
1556 1273 1630 1306 τρεῖς
1644 1271 1737 1305 φύσεις
1748 1271 1769 1302 ³,
1780 1271 1870 1297 οὐκέτι

1083 1317 1143 1344 καθ’
1159 1318 1197 1350 ἓν,
1215 1318 1281 1344 ἀλλὰ
1297 1318 1368 1344 κατᾶ
1383 1319 1469 1351 γένος.
1483 1318 1538 1344 Καὶ
1550 1317 1581 1344 τὸ
1593 1318 1641 1353 μὲν
1653 1317 1742 1352 χοϊκὸν
1753 1318 1792 1348 εἰς
1807 1316 1871 1350 φθο-

1084 1363 1134 1398 ρὰν
1150 1365 1259 1398 χωρεῖν,
1274 1364 1321 1390 καὶ
1334 1363 1364 1389 τὸ
1379 1363 1504 1398 ψυχικὴν,
1519 1363 1565 1389 ἐὰν
1580 1363 1614 1389 τὰ
1630 1363 1750 1397 βελτίονα
1765 1362 1870 1397 ἕληται,

1084 1411 1112 1436 ὲν
1128 1409 1230 1444 τῴ-τῆς
1245 1409 1391 1444 μεσότητος
1413 1410 1487 1444 τόπῳ
1510 1409 1704 1436 ἀναπαύεσθαι·
1727 1409 1774 1435 ἐὰν
1792 1409 1821 1434 δὲ
1838 1409 1873 1435 τὰ

1083 1455 1178 1491 χείρω,
1204 1456 1339 1491 χωρήσειν
1362 1455 1410 1482 καὶ
1432 1456 1496 1482 αὐτὸ
1520 1455 1588 1490 πρὸς
1610 1454 1644 1481 τὰ
1667 1456 1756 1490 ὃμοια.
1784 1455 1825 1481 Τὰ
1843 1455 1872 1481 δὲ

1084 1502 1266 1538 πνευματικὰ,
1283 1502 1341 1529 ἃᾶν
1355 1502 1549 1538 κατασπείρῃή
1571 1502 1709 1538 Ἀχαμὼθ,
1719 1502 1809 1528 ἔκτοτε
1821 1501 1873 1533 ἕως

1085 1547 1130 1575 τοῦ
1146 1549 1194 1575 νῦν
1207 1548 1324 1580 δικαίαις
1343 1548 1442 1583 ψυχαῖς
1463 1548 1642 1575 παιόευοέντα
1656 1547 1748 1574 ἐνθάδε
1765 1548 1812 1573 καὶ
1829 1548 1874 1572 ὲκ-

1086 1597 1232 1632 τραφέντα,
1245 1595 1288 1622 διὰ
1301 1596 1331 1622 τὸ
1343 1597 1425 1631 νήπια
1437 1595 1640 1631 ὲκπεπέμφθαι,
1655 1595 1767 1630 ὕστερον
1778 1594 1874 1621 τελειό-

1085 1651 1165 1677 τητος
1188 1641 1349 1674 ἀξιωῢέντα,
1372 1641 1481 1676 νύμφας
1511 1641 1725 1676 ἀποδοθήσεσθαι
1748 1642 1803 1672 τοῖς
1826 1639 1875 1667 τοῦ

1086 1690 1212 1724 Σωτῆρος
1224 1689 1350 1723 ἀγγέλοις
1361 1688 1564 1723 δογματίζουσι,
1575 1688 1630 1715 τῶν
1639 1688 1731 1723 ψυχῶν
1745 1688 1835 1714 αὐτῶν
1847 1689 1877 1715 ὲν

1088 1735 1216 1770 μεσότητι
1235 1734 1295 1761 κατ’
1309 1734 1432 1769 ἀνάγκην
1455 1735 1494 1769 (ἐν
1518 1733 1658 1769 μεσότητι)
1677 1733 1745 1768 μετὰ
1760 1733 1807 1759 τοῦ
1821 1735 1875 1769 Δη-

1089 1781 1219 1817 μιουργοῦ
1232 1781 1468 1815 ἀναπαυσαμένων
1482 1781 1521 1812 εἰς
1533 1780 1563 1806 τὸ
1575 1780 1716 1811 παντελές.
1729 1781 1783 1806 Καὶ
1791 1781 1876 1812 αὐτὰς

1089 1827 1137 1862 μὲν
1151 1826 1201 1857 τὰς
1215 1825 1334 1861 ψυχικὰς
1349 1826 1360 1841 ⁸
1377 1825 1457 1851 πάλιν
1476 1825 1685 1862 ὑπομερίζοντες
1705 1825 1828 1859 λέγουσιν
1842 1825 1876 1856 ἃς

1089 1873 1138 1908 μὲν
1152 1873 1230 1908 φύσει
1243 1872 1358 1906 ἀγαθὰς,
1373 1871 1406 1903 ἃς
1421 1871 1447 1898 δὲ
1464 1871 1543 1905 φύσει
1557 1871 1686 1906 πονηράς·
1703 1872 1749 1897 καὶ
1764 1870 1813 1901 τὰς
1827 1871 1876 1905 μὲν

1087 1919 1191 1953 ἀγαθὰς
1213 1918 1314 1950 ταύτας
1338 1915 1418 1948 εἶναι,
1442 1917 1490 1948 τὰς
1511 1917 1638 1948 δεκτικὰς
1655 1916 1702 1942 τοῦ
1721 1916 1878 1951 σπέρματος

1087 1966 1241 2001 γινομένας’
1260 1965 1309 1996 τὰς
1321 1965 1349 1991 δὲ
1361 1965 1440 1999 φύσει
1457 1963 1576 1999 πονηρὰς
1595 1964 1728 1999 μηδέποτε
1742 1963 1775 1989 ἂν
1788 1963 1879 1989 ἐπιδέ-

1089 2011 1184 2044 ξασθαι
1203 2013 1290 2038 ἐκεῖνο
1305 2011 1335 2037 τὸ
1349 2011 1469 2046 σπέρμα.

1125 2057 1186 2085 ΚΔἏ
1213 2057 1346 2092 Τοιαύτης
1374 2057 1401 2084 δὲ
1421 2058 1470 2092 τῆς
1495 2056 1647 2087 ὑποθέσεως
1666 2055 1755 2083 αὐτῶν
1783 2055 1891 2091 οῠσης,,

1087 2102 1121 2137 ἢν
1137 2101 1197 2128 οὔτε
1212 2102 1347 2137 προφῆται
1365 2101 1514 2136 ἐκήρυξαν,
1529 2100 1591 2127 οὕτε
1606 2101 1620 2126 ὁ
1632 2101 1732 2136 Κύριος
1746 2099 1878 2134 ἐδίδαξεν,

1088 2148 1149 2174 οὕτε
1167 2148 1308 2175 ἀπόστολοι
1339 2148 1507 2183 παρέδωκαν,
1533 2147 1566 2182 ἣν
1586 2148 1650 2182 περὶ
1667 2147 1720 2173 τῶν
1742 2147 1811 2173 ὅλων
1830 2147 1880 2173 αὐ.

247 2199 280 2218 ex
296 2191 434 2219 auditione
449 2192 488 2219 sic
503 2198 610 2227 arrepta
623 2212 630 2225 ,
649 2197 677 2220 ut
695 2194 765 2228 quod
783 2194 809 2220 in
826 2196 969 2229 proverbio
983 2201 1031 2228 est,

1089 2194 1165 2229 χοῦσι
1180 2193 1269 2220 πλεῖον
1282 2194 1335 2220 τῶν
1347 2194 1433 2220 ἄλλων
1447 2193 1603 2226 ἐγνωκέναι,
1622 2193 1650 2226 ἐξ
1667 2192 1798 2228 ἀγράφων
1813 2193 1880 2219 ἀνα-

249 2236 352 2264 Funem
361 2246 393 2264 ex
404 2247 485 2265 arena
499 2243 583 2266 texere
595 2243 728 2266 conentur
740 2249 747 2273 ;
761 2241 822 2275 plus
834 2249 863 2268 se
881 2242 987 2269 czeteris
1002 2243 1036 2270 de

249 2284 440 2311 universorum
466 2290 563 2312 natura
583 2287 654 2313 seire
676 2287 836 2321 gloriantur.
861 2287 901 2315 Ad
919 2297 949 2315 ea
973 2297 1036 2316 vero

249 2336 310 2363 qua).
323 2328 441 2356 diximus
456 2331 659 2365 comprobanda
673 2352 679 2362 ,
705 2333 827 2367 quoniam
848 2341 863 2361 e
875 2335 961 2361 sacris
978 2335 1036 2362 Lit-

249 2375 315 2402 teris
338 2379 565 2404 accommodant:
592 2379 745 2411 cnjnsmodi
772 2386 835 2407 sunt
864 2387 999 2415 usurpata:
1021 2390 1036 2409 a

249 2420 365 2448 Domino
382 2422 534 2456 parabolae,
560 2428 606 2450 aut
631 2426 795 2459 propheticze
815 2428 973 2459 sententize,
992 2434 1038 2455 aut

250 2468 436 2501 apostolorum
451 2470 542 2502 verba,
564 2478 597 2497 ne
616 2472 738 2499 contione
753 2473 787 2499 ab
803 2473 835 2500 iis
852 2474 948 2501 tabula:
961 2483 1040 2509 pror-

251 2521 299 2540 sus
314 2514 471 2541 testimonio
495 2524 588 2544 carere
614 2518 768 2546 videantur.
784 2518 945 2554 Quanquam
970 2521 1040 2548 divi-

251 2567 349 2586 norum
361 2561 533 2588 oraculorum
553 2562 675 2590 ordinem
696 2565 849 2600 seriemque
863 2567 1037 2599 conturbant,

252 2613 284 2633 ac
301 2607 388 2641 quoad
406 2607 433 2633 in
449 2607 514 2641 ipsis
531 2609 612 2635 situm
624 2613 676 2642 est,
691 2611 825 2644 veritatis,
841 2616 870 2638 ut
886 2612 921 2639 ila
937 2613 1037 2646 dicam,

253 2652 374 2678 membra
388 2651 550 2679 dissolvunt.
568 2652 635 2680 Nam
656 2655 682 2680 in
698 2655 816 2682 alienum
842 2656 930 2683 locum
948 2661 1039 2685 trans-

252 2697 307 2726 lata
331 2705 363 2726 ac
375 2703 541 2726 commutata
563 2700 709 2736 pleraque,
729 2706 756 2728 et
771 2702 823 2730 alia
844 2711 878 2730 ex
891 2703 951 2731 aliis
968 2703 1037 2731 facta

1089 2240 1287 2274 γινώσκοντες,
1315 2239 1361 2266 καὶ
1388 2239 1418 2266 τὸ
1444 2239 1476 2274 δὴ
1510 2238 1675 2274 λεγόμενον,
1706 2239 1752 2270 Ἐξ
1779 2239 1879 2273 ἅμμου

1090 2287 1210 2320 σχοινιά
1235 2285 1359 2312 πλέκειν
1369 2285 1572 2320 ἐπιτηδεύοντες
1587 2306 1594 2317 ,
1615 2285 1777 2317 ἀξιοπίστως
1794 2294 1881 2320 προσ-

1091 2332 1222 2368 αρμόζειν
1255 2332 1403 2367 πειρῶνται
1423 2334 1478 2364 τοῖς
1493 2332 1663 2368 εἰρημένοις,
1680 2333 1738 2368 ἤτοι
1755 2333 1877 2367 παραϐο-

1090 2379 1139 2410 λὰς
1157 2378 1308 2415 Κυριακὰς,
1323 2378 1340 2413 ἢ
1357 2379 1449 2413 ῥήσεις
1466 2378 1654 2413 προφητικὰς,
1671 2378 1792 2412 ἢλόγους
1809 2379 1879 2404 ἀπο-

1092 2424 1229 2455 στολικοὺς
1241 2444 1249 2457 ,
1273 2423 1315 2449 ἶνα
1328 2424 1358 2449 τὸ
1371 2423 1484 2458 πλάσμα
1503 2423 1591 2450 αὐτῶν
1615 2424 1652 2458 μὴ
1667 2424 1825 2459 ἀμάρτυρον
1840 2422 1880 2450 εἷ-

1089 2469 1133 2495 ναι
1149 2469 1230 2504 δοκῇ,
1248 2469 1296 2504 τὴν
1321 2469 1369 2504 μὲν
1392 2469 1467 2501 τάξιν
1487 2470 1533 2496 καὶ
1557 2469 1602 2495 τὸν
1622 2469 1717 2505 εἱρμὸν
1741 2470 1794 2496 τῶν
1811 2471 1882 2505 Γρα-

1090 2515 1147 2550 φῶν
1166 2515 1374 2551 ὑπερϐαίνοντες
1385 2536 1392 2548 ,
1411 2516 1457 2542 καὶ
1471 2516 1532 2542 ὅσον
1549 2517 1590 2550 ἐφ’
1603 2516 1708 2546 ἑαυτοῖς
1725 2515 1833 2548 λύοντες
1848 2517 1882 2543 τὰ

1092 2561 1159 2597 μέλη
1181 2562 1231 2596 τῆς
1248 2561 1386 2596 ἀληθείας.
1405 2562 1596 2596 Μεταφέρουσι
1615 2562 1643 2588 δὲ
1658 2562 1703 2588 και
1724 2561 1882 2596 μεταπλάτ-

1092 2618 1184 2641 τουσι,
1201 2609 1248 2635 καὶ
1267 2608 1330 2634 ἄλλο
1347 2608 1374 2641 ἐξ
1392 2609 1470 2635 ἄλλου
1487 2609 1625 2640 ποιοῦντες
1645 2608 1800 2641 ἐξαπατῶσι
1818 2608 1883 2634 πολ-

1091 2656 1153 2687 λοὺς
1168 2656 1201 2690 τῇ
1227 2654 1280 2680 τῶν
1301 2654 1531 2690 ὲφαρμοζομένων
1553 2654 1700 2691 Κυριακῶν
1716 2654 1815 2689 λογίων
1832 2663 1884 2681 κα-

1091 2703 1244 2737 κοσυνθέτῳ
1269 2701 1358 2737 σοφίᾳ.
1388 2700 1492 2737 ’Όνπερ
1515 2702 1612 2729 τρόπον
1637 2702 1664 2728 εἴ
1686 2710 1727 2734 τις
1750 2701 1882 2736 βασιλέως

288 2778 298 2794 ί
313 2778 407 2807 Matth.
427 2787 484 2812 VIII,
498 2779 525 2807 9.
563 2781 573 2796 ι
588 2779 656 2808 Iren.
676 2790 815 2817 χειρονων.
855 2783 864 2800 ⁸
876 2783 947 2811 Iren.
965 2784 1008 2811 ἵνα

1086 2784 1176 2817 sagum
1191 2782 1248 2809 καί.
1285 2781 1297 2797 ⁸
1313 2780 1384 2809 Iren.
1401 2781 1501 2822 ψυχάςτ
