1961 3046
89 153 137 180 521

424 151 606 179 ADVEIKSUS
628 152 797 179 lifEﬂESES
817 151 886 180 LIB.

950 150 1030 176 T0,“.
1052 151 1084 177 il.
1105 166 1139 170 —
1159 151 1292 178 li/ERES.
1308 151 1393 179 XXXI

1668 155 1716 182 5‘35

89 210 191 242 εἰκόνος
206 203 290 246 καλῆς
306 211 561 246 κατεσκευασμένης
586 212 618 237 ὲκ
641 210 763 246 ψηφίδων
780 211 880 245 ἑπισή-
896 230 900 241 Α

940 209 970 235 tie
997 210 1138 244 prol‘erunt
1153 230 1159 241 ,
1185 215 1214 236 ut
1235 211 1387 238 divinarum
1413 213 1627 245 sententiarum,
1650 221 1718 247 quas

89 265 147 291 μων
162 256 215 282 ὑπὸ
228 256 310 290 σοφοῦ
327 256 458 291 τεχνίτου,
475 257 557 288 λύσας
573 257 621 292 τὴν
635 257 822 292 ὑποκειμένην
835 256 881 282 τοῦ

90 301 233 336 ἀνθρώπου
252 301 335 334 ἰδέαν,
349 301 499 336 μετενέγκῃ
512 301 561 333 τὰς
575 301 692 337 ψηφῖδας
705 302 816 332 ὲκείνας
835 302 883 327 καὶ

91 347 258 382 μεθαρμόσοι
278 347 324 373 καὶ
340 348 447 382 ποιήσει
468 347 574 382 μορφὴν
595 347 674 378 κυνδς
691 349 707 382 ἢ
725 346 880 379 ἀλώπεκος,

91 393 136 419 καὶ
151 393 252 428 ταύτην
272 393 381 426 φαύλως
394 393 664 427 κατεσκευασμένην,
687 393 785 420 ἔπειτα
801 393 883 428 διορί-

91 436 183 469 ζοιτο,
204 437 250 463 καὶ
275 437 349 471 λέγοι
375 437 476 472 ταύτην
504 435 572 464 εἶναι
597 438 647 473 τὴν
673 438 721 464 τοῦ
752 438 883 472 βασιλέως

92 483 198 518 ἐκείνην
214 483 305 510 εἰκόνα
323 483 372 519 τὴν
388 483 482 518 καλὴν,
501 484 533 519 ἣν
547 484 562 510 ὁ
576 484 656 518 σοφὸς
672 485 799 520 τεχνίτης
819 493 885 511 κατ-

93 529 221 555 εσκεύασε
232 549 239 561 ,
262 529 366 561 δεικνὺς
384 530 433 561 τὰς
454 529 572 565 ψηφῖδας
588 530 636 562 τὰς
661 536 754 561 καλως
770 529 821 556 ὑπὸ
836 529 882 556 τοῦ

92 575 213 609 τεχνίτου
239 574 285 601 τοῦ
304 575 412 610 πρώτου
441 576 481 606 εἰς
506 575 557 610 τὴν
578 575 625 601 τοῦ
643 575 777 610 βασιλέως
792 575 884 601 εἰκόνα

93 620 267 652 συντεθείσας
280 640 288 652 ,
317 620 405 652 καλῶς
431 620 459 647 δὲ
477 620 528 647 ὑπὸ
542 620 589 646 τοῦ
617 620 730 656 ὑστέρου
748 620 788 651 είς
806 619 884 650 κυνὸς

93 666 200 701 μορφὴν
219 666 442 701 μετενεχθείσας,
473 667 520 693 καὶ
548 665 591 692 διὰ
615 666 665 700 τῆς
682 666 739 692 τῶν
760 665 883 701 ψηφίδων

93 712 243 745 φαντασίας
259 712 395 747 μεθοδεύοι
409 712 471 744 τοὺς
488 712 696 748 ὰπειροτέρους,
715 712 780 743 cui);
800 713 884 739 xari-

94 758 173 792 ληψιν
191 758 332 794 βασιλικῆς
361 759 468 794 μορφῆς
484 759 533 786 οὐκ
558 758 684 794 ἔχοντας,
707 757 756 785 καῖι
786 757 883 790 πείθοι,

94 803 132 830 ὅτι
145 803 214 838 αὕτη
232 803 248 838 ἡ
262 802 354 838 σαπρὰ
369 802 418 838 τῆς
434 802 574 835 ἀλώπεκος
591 802 647 829 ἰδέα
662 801 751 836 ἐκείνη
774 801 847 827 ἐστὶν
867 802 883 836 ἡ

94 848 163 884 καλὴ
178 848 226 874 τοῦ
242 848 374 883 βασιλέως
389 847 484 874 εῑκώνν
508 848 553 874 τὸν
575 847 656 875 αὐτὸν
676 847 707 883 δὴ
721 846 822 882 τρόπον
838 847 884 873 καὶ

95 891 166 920 ,ιῦτοι
180 893 274 929 γραῶν
292 893 394 929 μύθους
411 892 664 927 συγκαττύσαντες,
682 892 778 919 ἔπειτα
794 892 884 926 ρήμα-
902 884 921 911 Β

97 948 127 966 τα
142 939 190 965 καὶ
212 939 298 972 λέξεις
314 939 361 965 καὶ
378 938 534 974 παραϐολὰς
553 938 613 964 ὅθεν
637 938 684 964 καὶ
710 938 793 963 πόθεν
817 937 884 962 ἀπο-

95 985 234 1015 σπῶντες,
252 983 417 1019 ἐφαρμόζειν
433 983 573 1018 βούλονται
599 984 654 1014 τοῖς
675 982 770 1017 μύθοις
795 981 884 1007 αὐτῶν

97 1029 129 1056 τὰ
146 1029 223 1063 λόγια
242 1029 288 1055 τοῦ
310 1028 388 1055 Θεοῦ.
407 1028 460 1054 Καὶ
473 1028 523 1055 ὅσα
549 1028 599 1063 μὲν
615 1028 644 1054 ἐν
662 1029 718 1060 τοῖς
741 1025 788 1054 τοῦ
812 1026 885 1061 Πλη-

97 1075 224 1112 ρώματος
238 1074 448 1110 ἐφαρμόζουσιν,
464 1075 622 1110 εἰρήκαμεν.

131 1209 196 1236 KE'.
211 1209 281 1236 Ὅσα
297 1208 326 1235 δὲ
340 1208 455 1240 καὶτοῖς
477 1207 554 1239 ἐκτὸς
568 1205 615 1233 τοῦ
633 1206 821 1242 Πληρώματος
836 1206 886 1233 αὑ-

99 1255 151 1282 τῶν
176 1253 363 1291 προωικειοῦν
385 1254 531 1289 πειρῶνται
555 1255 588 1279 ὲκ
609 1253 662 1280 τῶν
684 1253 703 1278 Γ
706 1252 815 1288 ραφῶν,
830 1251 887 1278 ἔστι

98 1302 222 1329 τοιαῦτα.
240 1301 292 1328 Τὸν
316 1300 416 1337 Κύριον
434 1301 462 1326 ὲν
488 1300 544 1330 τοῖς
569 1299 693 1334 ἐσχάτοις
715 1297 762 1324 τοῦ
785 1298 887 1332 κόσμου

100 1347 205 1382 χρόνοις
219 1345 262 1373 διὰ
279 1344 357 1372 τοῦτο
375 1343 534 1379 ἐληλυθέναι
549 1343 595 1370 ἐπὶ
610 1344 640 1369 τὸ
654 1343 738 1374 πάθος
753 1343 887 1376 λέγουσιν,

100 1392 134 1418 ἶν’
152 1390 274 1427 ἐπιδείξῃ
283 1391 314 1417 τὸ
324 1391 388 1425 περὶ
401 1391 446 1417 τὸν
460 1389 573 1424 ἔσχατον
586 1388 640 1415 τῶν
656 1388 765 1415 Δὶὼνων
777 1387 888 1422 γεγονὸς

101 1436 207 1468 πάθος,
232 1436 278 1463 καὶ
294 1436 326 1462 δι’
344 1435 426 1462 αὑτοῦ
448 1435 494 1461 τοῦ
521 1434 612 1466 τέλους
631 1434 740 1469 ὲμφήνῃ
766 1433 795 1460 τὺ
813 1432 890 1463 τέλος

101 1482 152 1517 τῆς
179 1482 242 1516 περὶ
255 1482 317 1513 τοὺς
336 1481 441 1513 Αίῶνας
458 1480 658 1516 πραγματείας.
680 1479 734 1513 Τὴν
760 1479 787 1506 δὲ
811 1479 891 1505 δωδε-

102 1527 189 1562 καετῆ
206 1527 338 1562 παρθένον
353 1527 459 1562 ἐκείνην
472 1527 520 1561 τὴν
537 1525 584 1552 τοῦ
600 1525 820 1560 ἀρχισυναγώγου
845 1524 890 1550 θυ-

103 1561 208 1606 γατέρα
219 1592 226 1602 ,
242 1561 274 1606 ἦν
288 1571 400 1602 ἐπιστὰς
412 1572 426 1597 ὁ
438 1570 539 1605 Κύριος
554 1570 586 1596 ἐκ
601 1569 704 1605 νεκρῶν
718 1570 811 1605 ἤγειρε
826 1589 832 1599 ,
846 1570 892 1595 τύ-
904 1561 926 1588 (ἶ

105 1625 156 1643 πον
168 1614 236 1643 εἶναι
251 1616 405 1651 διηγοῦνται
423 1617 470 1651 τῆς
492 1615 619 1651 Ἄκαμὼο
632 1635 640 1647 ,
654 1615 686 1650 ἣν
703 1615 863 1646 ὲπεκταθεὶς
879 1616 893 1642 ό

105 1662 223 1697 Χριστὸς
241 1662 321 1689 αὐτὸν
336 1663 343 1677 ¹
361 1663 506 1698 ἐμόρφωσε
517 1682 524 1693 ,
539 1662 586 1688 καὶ
610 1662 649 1692 εἰς
665 1661 788 1696 αἴσθησιν
806 1662 892 1696 ἤγαγε

106 1707 154 1734 τοῦ
169 1707 362 1739 καταλιπόντος
377 1708 460 1743 αὐτὴν
477 1708 574 1742 φωτός.
590 1707 649 1733 ’Ότι
664 1707 693 1733 δὲ
707 1707 775 1742 αὐτῇ
789 1707 892 1741 ἐπέφα-

106 1763 152 1783 νεν
166 1756 181 1781 ὀ
189 1755 284 1790 Σωτὴρ
296 1755 374 1787 ἐκτὸς
381 1754 462 1790 οὔσης
472 1755 492 1770 ¹¹
502 1754 548 1780 τοῦ
560 1753 744 1789 Πληρώματος
754 1754 782 1780 ἐν
792 1753 894 1788 ἐκτρώ-

109 1810 193 1837 ματος
215 1802 296 1837 μοίρᾳ
307 1821 315 1832 ,
330 1802 376 1828 τὸν
389 1802 494 1828 Παῦλον
516 1802 642 1836 λέγουσιν
664 1800 802 1836 εἰρηκέναι
817 1801 844 1826 ὲν
860 1801 891 1835 τῇ

107 1848 177 1882 πρὸς
193 1847 363 1883 Κορινθίους·
389 1849 542 1882 Ἔσχατον
558 1848 591 1875 δὲ
614 1847 733 1874 πάντων
765 1847 892 1880 ὡσπερεὶ

106 1893 147 1926 τῷ
160 1893 319 1929 ἐκτρώματι
335 1893 417 1929 ὤφθη
442 1894 539 1928 κάμοί.
557 1894 612 1930 Τήν
627 1902 657 1920 τε
681 1892 750 1929 μετὰ
764 1892 817 1919 τῶν
835 1892 892 1927 ἡλι-

106 1939 213 1966 κιωτῶν
226 1940 274 1966 τοῦ
286 1939 411 1975 Σωτῆρος
433 1939 583 1974 παρουσίαν
601 1939 669 1974 πρὸς
683 1939 733 1973 τὴν
765 1937 891 1973 Ἀχαμὼθ

105 1985 207 2020 ὁμοίως
222 1985 443 2020 πεφανερωκέναι
466 1985 546 2011 αὐτου
563 1986 591 2011 ὲν
607 1986 639 2020 τῇ
657 1984 725 2020 αὑτῇ
750 1984 891 2018 Ἐπιστολῇ

106 2031 233 2058 εἰπόντα·
262 2033 308 2058 Δεῖ
333 2031 381 2067 τὴν
399 2033 514 2066 γυναῖκα
541 2031 671 2066 κάλυμμα
687 2030 757 2064 ἔχειν
780 2030 826 2055 ἐπὶ
842 2029 892 2064 τῆς

105 2078 227 2113 κεφαλῆς
242 2076 285 2105 διὰ
309 2079 372 2109 τοὺς
387 2078 528 2112 ἀγγέλους.
545 2077 600 2104 Καὶ
625 2077 685 2108 ὅτι,
708 2076 821 2111 ἥκοντος
846 2075 892 2102 τοῦ

105 2123 231 2159 Σωτῆρος
256 2124 324 2158 πρὸς
338 2123 436 2159 αὐτὴν,
462 2124 495 2150 δι’
517 2122 583 2150 αίδὼ
599 2123 730 2158 κάλυμμα
748 2121 861 2149 ἐπέθετο
875 2122 892 2156 ἠ

112 2170 238 2206 ’Δχαμὼθ
253 2191 260 2201 ,
280 2171 380 2197 Μωσέα
407 2169 585 2206 πεποιηκέναι
605 2168 719 2204 φανερὸν
734 2187 742 2200 ,
762 2167 892 2202 κάλυμμα

106 2215 219 2250 θέμενον
235 2215 281 2241 ἐπὶ
300 2215 330 2240 τὸ
358 2214 502 2250 πρόσωπον
518 2213 611 2240 αὐτοῦ.
637 2213 692 2240 Καὶ
711 2212 745 2239 τὰ
768 2212 841 2248 πάθη
863 2212 891 2238 δὲ

105 2261 206 2296 αὐτῆς.
221 2261 238 2287 ἂ
252 2261 368 2292 ἔπαθεν,
393 2260 642 2295 ὲπισεσημειῶσθαι
658 2259 703 2286 τὸν
724 2258 824 2294 Κύριον
839 2258 891 2293 φά-

106 2316 216 2334 σκουσιν
235 2308 263 2334 ὲν
286 2307 325 2342 τῷ
349 2307 467 2342 σταυρῷ.
487 2307 540 2333 Καὶ
557 2308 586 2333 ὲν
611 2307 659 2342 μὲν
678 2305 717 2341 τῷ
734 2305 820 2331 εἰπεῖν
834 2324 842 2336 ,
863 2305 894 2331 '0

107 2355 180 2386 Θεός
191 2362 261 2388 μου,
273 2355 317 2385 εἰς
331 2354 359 2380 τί
368 2352 560 2388 ἐγκατέλιπές
570 2361 608 2387 με
619 2361 629 2385 ;
647 2351 831 2388 μεμηνυκέναι
844 2352 894 2378 αὑ-

105 2400 151 2426 τὸν
163 2419 170 2432 ,
193 2400 233 2426 ὃτι
251 2399 402 2434 ἀπελείφθη
429 2399 483 2426 ἀπὺ
499 2399 545 2425 τοῦ
571 2398 658 2433 φωτὸς
685 2399 701 2433 ή
726 2398 810 2432 Σοφία
823 2419 830 2430 ,
848 2397 895 2424 καὶ

107 2446 230 2481 ἐκωλύθη
244 2446 296 2473 ὑπὸ
311 2446 358 2472 τοῦ
376 2447 457 2482 Ὂρου
474 2447 522 2482 τῆς
538 2447 577 2477 εις
591 2445 779 2480 τοῠμπροσθεν
793 2445 890 2480 ὁρμῆς·

106 2493 157 2527 τὴν
174 2492 204 2518 δὲ
216 2492 303 2527 λύπην
318 2493 413 2528 αὐτῆς,
424 2493 452 2518 ὲν
464 2492 502 2528 τῷ
516 2493 611 2519 εἰπεῖν·
623 2491 792 2525 Περίλυπός
808 2491 894 2517 ἐστιν

106 2539 126 2572 ἡ
141 2538 225 2572 ψυχή
240 2547 299 2572 μου
315 2538 370 2571 ἕως
382 2539 511 2565 θανάτου
522 2547 528 2553 ·
544 2537 590 2564 τὸν
601 2538 628 2564 δὲ
640 2537 721 2571 φόϐον
733 2557 740 2569 ,
758 2537 786 2564 ἐν
801 2537 840 2571 τῷ
856 2537 894 2563 εἱ-

106 2585 184 2609 πείν·
199 2583 305 2616 Πάτερ,
320 2584 346 2609 ει
362 2583 492 2610 δυνατὸν
503 2603 510 2614 ,
526 2584 694 2617 παρελθέτω
709 2583 758 2610 ἀπ’
773 2582 845 2616 ἐμοῦ
861 2582 893 2609 τὸ

106 2628 263 2663 ποτήριον·
279 2629 325 2656 καὶ
338 2630 386 2665 τὴν
401 2629 517 2664 ἀπορίαν
531 2629 559 2656 δὲ
571 2629 709 2660 ὡσαύτως,
719 2630 748 2655 ὲν
763 2628 801 2663 τῷ
814 2629 890 2663 εἰρη-

107 2677 200 2702 κέναι·
216 2675 268 2702 Καὶ
284 2676 312 2701 τι
325 2675 399 2701 εἴπω
411 2676 466 2702 οὐκ
481 2674 557 2702 οῖδα.
572 2674 640 2710 Τρία
654 2674 683 2701 δὲ
700 2675 764 2709 γένη
786 2673 892 2708 ἀνθρώ-

106 2731 166 2749 πων
188 2721 259 2748 οὕτω
282 2721 428 2756 δεδειχέναι
452 2720 621 2747 διδάσκουσιν
645 2720 742 2746 αὐτόν·
772 2719 817 2745 τον
844 2719 893 2753 μὲν

107 2767 209 2799 ὑλικὸν,
225 2767 253 2792 ἐν
264 2766 302 2802 τῷ
321 2767 406 2792 εἰπεῖν
421 2765 459 2801 τῷ
482 2766 647 2800 ἐρωτήσαντι
659 2773 665 2779 ·
688 2764 894 2798 Ἀκολουθήσω

147 2826 153 2840 ¹
171 2824 240 2852 lren.
256 2823 355 2850 αὐτῶν.
395 2825 414 2840 ¹“
431 2823 505 2850 Fort.
516 2823 591 2859 οὔσῃ.

108 2859 153 2887 29.
191 2861 201 2875 ⁸
217 2859 311 2886 Matth.
326 2867 408 2891 xxv",
425 2860 476 2890 Hi;
506 2859 586 2886 Marc.
604 2866 647 2890 xv,
663 2859 707 2886 Μ.

270 2908 403 2936 Ριιτιιοι..
421 2906 479 2935 Gn.
501 2907 580 2937 XLI.

642 2824 651 2839 '
669 2823 734 2852 Luc.
755 2831 812 2853 vui.
834 2823 863 2850 4|
878 2831 928 2859 sqq

933 255 1158 286 accommodant,
1174 256 1273 283 callido
1291 257 1408 291 quodam
1435 258 1639 293 artiuciosoque
1654 265 1714 285 con-

934 305 1009 327 textu
1026 301 1126 329 multos
1146 302 1173 328 in
1190 310 1311 329 errorem
1327 303 1465 330 inducant.
1487 303 1719 336 Quemadmodum

933 347 955 374 si
971 347 1143 381 imperatoris
1161 348 1249 382 imago
1273 348 1463 382 pulcherrimis
1487 357 1519 375 ex
1537 349 1678 376 lesserulis
1706 357 1719 375 a

933 393 1019 426 perito
1038 393 1155 427 quodam
1179 393 1286 420 artifice
1306 393 1386 420 fuerit
1413 394 1570 428 elaborata;
1597 402 1629 421 ac
1646 395 1708 429 quis

933 439 1016 474 piam,
1032 439 1150 467 hominis
1166 439 1251 474 efﬁgie
1266 439 1408 472 dissoluta.
1424 448 1455 467 ac
1469 441 1652 475 transpositis,
1669 441 1718 467 ali-

934 489 1029 520 terque
1050 486 1191 513 collocatis
1211 487 1353 514 tesserulis
1366 506 1374 518 ,
1394 487 1471 513 canis
1499 491 1545 512 aut
1573 486 1719 521 vulpeculae

934 532 1052 567 speciem
1067 532 1202 566 exprimat
1215 553 1221 563 .
1240 541 1274 559 ne
1287 540 1346 560 eain
1362 532 1472 567 quidem
1488 536 1561 559 recte
1583 533 1713 567 Composi'

934 582 1005 609 tam;
1022 581 1078 604 tum
1093 577 1207 604 afﬁrmet
1224 579 1275 604 hoc
1297 577 1385 612 ipsum
1405 586 1466 605 esse
1482 578 1618 612 egregium
1637 578 1719 613 impc-

935 625 1034 651 ratoris
1052 624 1226 651 simulacrum
1241 643 1249 655 ,
1266 624 1299 650 ab
1315 624 1415 651 eximio
1437 623 1541 650 artifice
1558 623 1658 651 :tfiabre
1682 624 1719 650 fa-

934 672 1024 701 ctum;
1041 669 1166 696 ostendat
1193 673 1220 696 et
1238 669 1298 696 illas
1325 670 1358 694 ab
1375 668 1469 695 eodem
1498 669 1530 695 ad
1552 669 1720 706 referendam

934 714 1065 748 principis
1079 713 1189 749 figuram
1202 717 1405 748 coagmentatas
1418 714 1576 745 tesserulas,
1590 721 1604 739 a
1619 721 1647 741 se
1658 721 1721 741 vero

934 763 1028 794 postea
1044 761 1170 786 caninam
1193 759 1220 786 in
1239 759 1352 786 l‘ormatn
1369 759 1532 791 translatas,
1549 763 1630 794 atque
1646 759 1721 793 ejus—

935 804 1007 830 modi
1034 804 1229 831 tesserulurum
1258 804 1349 839 specie
1371 804 1503 838 imperitis
1533 804 1649 835 illudut,
1674 805 1721 838 qui

935 849 1066 884 principis
1090 850 1233 884 imaginem
1270 849 1390 875 nondum
1419 852 1510 876 animo
1536 850 1721 884 conceperint,

935 895 1152 928 persuadeatqtte
1169 902 1249 928 quam
1272 894 1308 920 illi
1325 894 1418 921 vident
1433 898 1538 928 turpem
1562 894 1650 928 vulpis
1665 895 1721 920 tfii-

933 941 1022 975 giem,
1041 941 1199 975 praeclaram
1218 940 1290 966 illam
1313 940 1486 974 imperatoris
1506 947 1567 967 esse
1592 944 1720 967 statuam.

935 984 981 1012 Sic
997 986 1042 1013 isti
1059 985 1091 1012 ad
1109 985 1240 1012 ridiculus
1265 985 1406 1019 anili-sque
1431 993 1498 1020 quasi
1517 990 1654 1013 consuunt
1671 994 1722 1012 nu-

935 1039 1001 1067 gas.
1018 1035 1161 1065 corrogata
1178 1030 1242 1057 hinc
1262 1034 1288 1057 et
1307 1030 1384 1057 illinc
1407 1032 1489 1057 verba
1501 1050 1507 1061 ,
1532 1035 1558 1057 et
1580 1032 1722 1065 parabolas

935 1077 1061 1109 trahunt,
1090 1083 1121 1103 ac
1144 1075 1238 1102 divina
1262 1083 1393 1110 responsa
1415 1075 1515 1103 fabulis
1539 1076 1597 1103 suis
1621 1077 1724 1111 illigare

935 1122 1172 1150 contendunL-Ex
1202 1123 1301 1157 quibus
1315 1131 1375 1157 quae
1389 1123 1422 1149 ad
1442 1122 1565 1149 Pleroma
1588 1123 1724 1157 pertinere

935 1167 1063 1195 videntur
1077 1161 1157 1202 paulo
1175 1172 1238 1195 ante
1252 1169 1405 1195 rettulimus.

974 1213 1053 1249 194
1069 1213 1150 1240 XXV.
1171 1213 1236 1246 Quae
1250 1221 1315 1241 vero
1330 1214 1363 1240 ad
1380 1221 1410 1240 ea
1435 1221 1495 1249 qua}
1510 1218 1586 1241 extra
1600 1213 1724 1240 Pleroma

937 1264 1000 1286 sunt
1014 1260 1100 1286 sacris
1121 1266 1152 1286 ex
1170 1258 1278 1286 Litteris
1296 1260 1512 1292 accommodant,
1523 1260 1654 1294 ejusmodi
1672 1260 1726 1288 fere

938 1308 1013 1332 sunt.
1028 1304 1166 1331 Christum
1185 1304 1328 1331 Dominum
1346 1305 1491 1338 postremis
1509 1305 1602 1332 iuundi
1623 1309 1726 1340 tempo-

938 1352 1014 1378 ribus
1041 1351 1159 1386 paticudi
1185 1351 1272 1385 gratia
1290 1351 1433 1377 advenisse
1455 1350 1567 1382 dicunt,
1594 1350 1680 1377 ultimi
1698 1355 1726 1377 ut

939 1397 1036 1425 Eouis
1054 1405 1147 1424 casum
1163 1404 1195 1424 ac
1210 1397 1390 1423 calamitatem
1408 1396 1574 1426 ostenderet.
1594 1405 1625 1423 ac
1643 1397 1727 1424 totius

940 1443 1059 1470 Aionum
1086 1443 1187 1476 negotii
1211 1443 1312 1469 exitum
1337 1449 1387 1469 suo
1402 1442 1449 1469 illo
1473 1442 1546 1469 exitu
1565 1442 1726 1469 declararet.

940 1488 1043 1516 Deinde
1062 1488 1193 1522 virginem
1219 1487 1291 1513 illam
1320 1486 1527 1522 archisyuagogi
1553 1487 1634 1513 filiam
1659 1488 1726 1514 duo-

942 1533 1028 1561 decim
1048 1541 1134 1560 annos
1159 1537 1250 1560 natant
1265 1553 1272 1565 ,
1299 1540 1379 1567 quam
1410 1532 1540 1560 Dominus
1563 1533 1697 1560 accedens
1711 1541 1727 1560 α

943 1583 1030 1606 morte
1052 1579 1189 1606 revocavit
1209 1579 1218 1593 ¹
1232 1599 1239 1611 ,
1256 1578 1433 1605 Achamothis
1451 1578 1594 1613 imaginem
1617 1578 1727 1608 reici-rc.

942 1632 1022 1659 quam
1043 1624 1193 1651 extendens
1218 1631 1279 1651 sese
1299 1623 1406 1649 illorum
1422 1623 1549 1651 Christus
1564 1623 1666 1650 etiiuxit
1679 1645 1686 1655 .
1703 1629 1729 1650 t-t

944 1670 1054 1697 luminis
1080 1669 1151 1704 quod
1177 1677 1236 1696 eam
1255 1669 1416 1696 destituerat
1442 1677 1552 1696 sensum
1572 1669 1677 1696 indidit.
1698 1669 1729 1695 Et

942 1717 1071 1752 quoniam
1089 1716 1152 1743 huic
1167 1715 1256 1743 adhuc
1280 1719 1356 1742 extra
1383 1713 1505 1742 Pleroma
1524 1716 1619 1749 posita:
1631 1736 1637 1747 ,
1655 1715 1728 1742 velut

943 1763 1066 1790 ab0rtivo
1081 1762 1200 1794 cuidam,
1217 1762 1343 1788 Salvator
1357 1762 1492 1798 apparuit,
1507 1761 1620 1788 Paulum
1634 1766 1729 1797 putant

943 1806 975 1833 ad
992 1806 1149 1833 Corinthios
1166 1805 1330 1832 scribentem
1344 1806 1400 1833 hanc
1419 1813 1587 1840 usurpasse:
1609 1805 1730 1832 Novissi-

943 1861 983 1880 me
999 1857 1086 1879 autent
1103 1853 1221 1879 omnium
1234 1851 1301 1879 velut
1319 1852 1437 1878 abortivo
1455 1852 1525 1879 uisus
1538 1857 1576 1879 est
1590 1858 1614 1879 et
1629 1852 1692 1878 milii
1706 1852 1728 1879 ³.

944 1899 996 1926 Sed
1011 1903 1038 1926 et
1053 1899 1147 1926 cadent
1158 1899 1185 1926 in
1200 1898 1320 1933 Epistoia
1337 1898 1486 1926 Salvatoris
1501 1906 1562 1925 cum
1579 1900 1729 1933 aequalibus

944 1945 1001 1972 suis
1016 1945 1049 1971 ad
1077 1944 1271 1971 Achamotltem
1293 1952 1432 1971 accessum
1457 1943 1643 1978 signiﬁcasse,
1667 1952 1728 1970 cum

943 1991 1028 2018 dixit:
1045 1989 1157 2024 Oportet
1172 1990 1312 2016 mulierem
1332 1990 1420 2017 velato
1432 1997 1492 2016 esse
1505 1990 1603 2023 capite,
1619 1995 1729 2024 propter

943 2035 1052 2070 angelos
1066 2035 1076 2051 ⁸
1114 2034 1239 2062 Eatndem
1269 2035 1340 2061 illam
1361 2035 1556 2062 Achamothem
1577 2035 1609 2061 ad
1630 2036 1730 2071 adwn-

943 2084 1000 2107 tum
1021 2080 1170 2107 Salvator-is
1196 2080 1298 2115 pudore
1320 2080 1442 2107 affectam
1462 2081 1521 2107 velo
1539 2085 1620 2115 caput
1643 2079 1729 2107 obdu-

943 2126 1029 2155 xissc,
1047 2123 1212 2151 declaratum
1229 2132 1243 2151 a
1258 2123 1332 2151 Mose
1344 2144 1351 2155 ,
1366 2132 1426 2151 cum
1443 2124 1537 2151 faciem
1554 2124 1691 2159 obtegeret
1706 2125 1727 2150 '.

942 2169 1009 2197 Nam
1027 2170 1087 2198 illas
1102 2179 1169 2205 quas
1191 2174 1234 2197 est
1254 2178 1383 2205 perpessa
1402 2170 1571 2197 calamitates
1591 2171 1729 2205 animique

943 2217 1140 2244 commotiones
1168 2216 1312 2243 Dominum
1343 2216 1432 2244 ferunt
1451 2217 1478 2242 in
1503 2223 1584 2243 cruce
1616 2216 1729 2243 demou-

943 2267 1056 2290 strasse.
1079 2261 1158 2288 Velut
1177 2269 1238 2289 cuin
1259 2261 1342 2288 dixit:
1362 2261 1429 2288 Deus
1446 2269 1528 2293 meus,
1546 2261 1729 2296 quaredcrcli-

943 2308 1023 2343 quisti
1037 2316 1078 2334 me
1095 2307 1124 2334 εἳ
1140 2307 1294 2335 ostendisse
1317 2306 1481 2341 Sapientiam
1494 2315 1508 2334 ιι
1528 2307 1629 2334 lumine
1645 2308 1729 2335 desti-

944 2359 1045 2384 tutam,
1062 2357 1088 2379 et
1106 2353 1139 2379 ab
1159 2352 1230 2379 lloro
1254 2360 1288 2380 ne
1311 2353 1379 2379 ultra
1400 2357 1524 2388 pergeret
1553 2354 1727 2388 prohibitam.

944 2399 1070 2434 Ejusdem
1088 2406 1152 2425 vero
1165 2399 1284 2425 dolorem
1303 2406 1364 2425 cum
1382 2398 1466 2425 dixit:
1483 2399 1577 2426 Tristis
1588 2405 1625 2426 est
1640 2401 1729 2426 animo

942 2453 1000 2471 mea
1020 2452 1099 2478 usque
1113 2445 1147 2470 ad
1168 2449 1275 2470 mortem
1291 2444 1300 2459 ⁷
1314 2453 1321 2476 ;
1347 2444 1482 2476 timorem,
1498 2453 1558 2472 cum
1575 2445 1610 2471 ita
1623 2444 1729 2472 Patrem

943 2491 1075 2517 allocutus
1089 2494 1131 2517 est
1145 2498 1151 2516 :
1170 2489 1261 2521 Pater,
1271 2490 1294 2517 si
1313 2489 1435 2523 possibile
1449 2495 1487 2516 est
1498 2511 1504 2522 ,
1521 2495 1639 2517 transeat
1658 2500 1674 2517 a
1691 2500 1730 2518 me

941 2536 1014 2562 calix
1041 2536 1090 2562 iste
1112 2534 1134 2561 ⁸.
1160 2534 1198 2562 Ita
1222 2535 1330 2562 consilii
1355 2535 1473 2569 inopiam
1499 2536 1541 2563 his
1568 2537 1675 2563 verbis:
1696 2536 1730 2562 Et

942 2580 1004 2616 quid
1020 2580 1108 2607 dicunt
1124 2580 1220 2607 nescio.
1239 2580 1316 2612 Quod
1335 2579 1367 2607 ad
1387 2580 1439 2607 tria
1466 2585 1570 2616 Spectat
1588 2582 1729 2608 hominum

944 2634 1057 2661 genera,
1077 2627 1117 2654 sic
1142 2627 1218 2653 illum
1246 2626 1381 2654 indicasse
1399 2627 1585 2659 contendunt;
1611 2628 1731 2654 materiae

944 2672 1052 2708 quidem
1070 2672 1189 2705 afiixum,
1203 2680 1265 2699 cum
1278 2673 1473 2708 interroganti:
1495 2673 1565 2700 Num
1578 2678 1602 2700 te
1615 2675 1731 2708 sequar?

945 2719 1109 2754 respondit:
1142 2718 1204 2746 Non
1229 2719 1305 2746 habet
1330 2719 1419 2747 Filius
1439 2720 1551 2747 hominis
1579 2720 1623 2746 ubi
1652 2725 1731 2753 caput

947 2765 1052 2792 reclinet
1069 2766 1099 2797 ’;
1120 2765 1264 2792 animalem
1280 2769 1369 2793 autem
1382 2785 1388 2796 ,
1409 2766 1521 2793 cum~ei
1547 2766 1592 2796 qui
1609 2765 1729 2792 dixerat:

978 2824 1011 2850 ³1
1028 2823 1091 2851 Cor.
1104 2832 1149 2854 ιμ’,
1163 2823 1188 2850 8.
1242 2824 1271 2850 ⁸1
1289 2824 1351 2851 Cor.
1369 2832 1408 2858 χι,
1426 2825 1468 2852 10.
1504 2826 1517 2842 ⁵
1535 2825 1619 2851 Exod.
1637 2831 1730 2856 xxxiv,

749 2859 763 2892 ⁴⁷
782 2859 878 2886 Matth.
897 2867 970 2889 xxvr.
983 2860 1026 2887 38.
1064 2859 1074 2874 '
1091 2860 1157 2886 ibid.
1176 2859 1219 2886 59.
1258 2861 1268 2875 ν
1284 2859 1348 2887 Luc.
1365 2867 1401 2892 Ix,
1424 2860 1467 2891 57,
1481 2860 1525 2887 53.

1555 2907 1590 2936 Π
