1961 3046
107 155 161 183 525

481 150 665 180 ADVERSUS
684 150 854 180 liAlllESES
873 149 904 177 Li

957 149 977 177 Ι.
998 149 1078 177 T0.\l.
1101 148 1132 176 ll.
1145 164 1179 168 —
1198 147 1332 175 iHiRES.
1352 146 1446 175 XXXI.

1675 142 1727 173 536

108 209 154 236 τοῦ
173 209 345 244 Δρημιουργοῦ
363 207 486 242 λέγουσιν
498 228 505 239 ,
526 208 562 240 ὡς
575 209 596 238 ¹.
613 208 734 239 ἐλθόντος
747 208 792 234 τοῦ
805 208 895 242 Σωτῆ-

956 206 1024 238 :erit,
1042 213 1073 232 ac
1089 205 1174 240 Bytlio
1196 205 1297 240 gratias
1312 204 1405 239 egerit.
1426 203 1466 230 Ad
1484 203 1539 230 haee
1556 209 1602 237 per
1621 202 1725 229 Annam

109 263 166 289 ρος,
177 254 262 289 ἔμαθε
276 253 323 289 τὴν
337 253 479 288 μετάθεσιν
491 253 583 285 αὐτοῦ,
600 254 646 279 καὶ
659 253 842 288 ηὐχαρίστησε
856 253 894 288 τῷ

110 299 196 335 Βυθῷ.
216 299 272 325 Καὶ
285 298 329 324 διὰ
344 299 393 333 τῆς
412 299 440 324 ἐν
459 297 498 333 τῷ
517 298 673 332 Εὑαγγελίῳ
689 298 894 333 κηρυσσομένης

109 345 271 381 προφήτιόος
283 364 290 374 .
305 343 375 370 ἑπτὰ
389 343 436 378 ἐτη
456 343 523 377 μετὰ
537 343 631 378 ἀνδρὸς
645 343 773 377 ὲζηκυίας
783 363 790 374 ,
805 342 849 369 τὴν
866 343 894 369 δὲ

109 389 200 416 λοιπὸν
212 389 317 415 ἅπαντα
332 387 426 423 χρόνον
441 388 528 423 χήρας
548 387 680 422 μενούσης
694 407 701 419 ,
714 386 791 422 ἄχρις
806 385 835 413 οὗ
851 387 894 413 τὸν

111 434 224 470 Σιιιτῆρα
238 433 328 460 ἰδοῦσα
342 433 448 467 ἐπέγνω
462 433 552 463 αὐτὸν,
564 433 610 459 καὶ
625 432 712 460 ἐλάλει
731 433 795 468 περὶ
813 432 894 459 αὑτοῦ

111 482 187 512 πᾶσι,
202 478 379 514 φανερώτατα
396 479 445 514 τὴν
461 478 586 514 ’Λχαμὼθ
607 478 754 514 μηνύεσθαι
767 479 896 514 διορίζον-

110 535 155 552 ται
169 535 176 540 -
201 526 280 560 ἥτις,
306 524 374 559 πρὸς
396 524 485 558 ὀλίγον
507 524 596 550 ἰδοῦσα
617 525 661 550 τὸν
684 525 797 559 Σωτῆρα
827 524 896 558 μετὰ

110 571 164 597 τῶν
186 571 337 606 ἡλικιωτῶν
356 570 450 603 αὑτοῦ,
475 570 513 605 τῷ
539 571 623 605 λοιπῷ
646 571 734 606 χρόνῳ
751 571 831 597 παντὶ
848 572 896 606 μὲν

110 616 196 645 οὖσα*
207 619 235 643 ἐν
249 619 280 652 τῇ
297 617 425 652 μεσότητι
441 617 615 652 προσεδέχετο
627 614 716 649 αὑτὸν,
734 617 797 643 πότε
815 618 895 644 πάλιν

111 662 266 694 ἐλεύσεται,
288 664 334 689 καὶ
350 663 571 697 ἀποκαταστήσει
596 663 678 698 αὐτὴν
694 664 726 699 τῇ
742 663 827 698 αὐτῆς
851 672 896 689 συ-

112 709 204 744 ζυγίᾳ.
220 709 274 735 Καὶ
295 709 325 735 τὸ
341 708 426 743 ὄνομα
442 708 470 734 δὲ
487 709 571 743 αὐτῆς
592 709 762 743 μεμηνῦσθαι
783 708 834 735 ὑπὸ
849 709 895 735 τοῦ

112 754 237 789 Σωτῆρος
251 754 279 779 ἐν
295 753 333 788 τῷ
350 753 488 788 εἰρηκέναι
501 762 507 768 ·
526 753 578 779 [fui
597 753 751 787 ἐδικαιώθη
766 754 785 787 ἡ
804 755 897 788 σοφία

111 800 171 826 ἀπὸ
187 799 246 825 τῶν
259 798 372 825 τέκνων
391 798 495 831 αὐτῆς.
518 799 571 825 Καὶ
583 798 635 824 ὑπὸ
646 799 751 825 Παύλου
765 799 793 825 δὲ
805 799 877 825 οὕτω
889 805 896 812 ·

112 844 229 877 Σοφίαν
246 842 280 869 δὲ
307 843 461 877 λαλοῦμεν
481 843 515 868 ἐν
530 842 591 875 τοῖς
607 844 743 875 τελείοις.
769 843 825 869 Καὶ
848 843 897 875 τὰς

114 889 242 923 συζυγίας
262 888 290 914 δὲ
303 888 351 920 τὰς
367 888 440 920 ἐντὸς
453 887 636 923 Πληρώματος
651 888 696 914 τὸν
710 888 814 915 Παῦλον
827 889 902 924 εἰρη-

113 935 190 961 κέναι
218 934 365 968 φάσκουσιν
389 934 435 960 ἐπὶ
461 934 517 965 ἐνὸς
537 934 669 966 δείξαντα.
692 934 760 973 Περὶ
773 934 827 970 γὰρ
850 935 900 969 τῆς

113 982 178 1017 περὶ
191 981 236 1008 τὸν
251 981 306 1015 βίον
328 979 457 1014 συζυγίας
469 979 581 1015 γράιρων
595 979 645 1015 ἔφη
659 989 665 995 ·
684 980 717 1006 Τὸ
732 979 902 1015 μυστήριον

113 1027 210 1067 τοῦτο.
219 1026 296 1061 μέγα
308 1026 394 1053 ἐστίν
407 1035 413 1040 ·
429 1026 485 1060 ἐγὼ
498 1026 532 1052 δὲ
551 1026 627 1061 λέγω
648 1027 691 1060 εἰς
704 1027 832 1060 Χριστὸν
853 1026 902 1053 καὶ

116 1073 172 1107 τὴν
189 1073 384 1106 Ἐκκλησίαν.

152 1120 213 1146 ΚΖ’.
233 1119 292 1146 Ἔτι
315 1128 344 1145 τε
375 1119 501 1154 Ἰωάννην
525 1120 570 1146 τὸν
595 1119 718 1155 μαθητὴν
736 1119 783 1146 τοῦ
800 1120 902 1156 Κυρίου

116 1162 268 1191 διδάσκουσι
283 1164 333 1199 τὴν
356 1164 467 1199 πρώτην
492 1165 620 1199 Ὀγδοάδα
647 1166 832 1200 μεμηνυκέναι
853 1166 903 1192 αὐ-

115 1212 174 1241 ταῖς
190 1210 296 1242 λέξεσι,
324 1210 448 1244 λέγοντες
479 1211 549 1237 οὕτω
563 1219 569 1225 ·
600 1212 725 1246 Ἰωάννης
744 1213 758 1238 6
779 1212 903 1247 μαθητὴς

115 1255 163 1284 τοῦ
181 1255 294 1291 Κυρίου,
309 1255 468 1290 βουλόμενος
482 1257 567 1282 εἰπεῖν
580 1257 629 1291 τὴν
642 1257 695 1283 τῶν
709 1257 775 1284 ὅλων
788 1258 902 1291 γένεσιν,

116 1301 177 1328 καθ’
194 1302 226 1336 ἣν
249 1301 284 1328 τὰ
298 1302 388 1328 πάντα
409 1301 557 1337 προέϐαλεν
577 1303 591 1328 6
608 1302 718 1337 Πατὴρ,
736 1303 822 1338 ἀρχὴν
844 1312 904 1330 τινα

117 1346 273 1382 προτίθεται
287 1347 318 1373 τὸ
333 1346 440 1381 πρῶτον
455 1347 581 1381 γεννηθὲν
598 1347 650 1374 ὑπὸ
663 1347 710 1374 τοῦ
729 1347 795 1374 Θεοῦ
807 1367 814 1378 ,
830 1348 859 1375 ὃν
872 1349 904 1384 δὴ

118 1393 166 1419 καὶ
187 1393 249 1419 Υἰὸν
271 1394 400 1428 μονογενῆ
431 1393 479 1419 καὶ
505 1393 570 1420 Θεὸν
597 1393 745 1428 κέκληκεν,
775 1395 804 1420 ἐν
871 1395 904 1421 τὰ

118 1439 207 1465 πάντα
223 1440 237 1465 ὁ
249 1439 343 1474 Πατὴρ
353 1438 486 1474 προέϐαλε
498 1440 701 1474 σπερματικῶς.
722 1440 788 1466 Ὑπὸ
805 1441 830 1466 δὲ
845 1441 906 1467 τού-

117 1493 165 1511 του
182 1485 248 1520 φησὶ
263 1484 309 1511 τὸν
323 1484 409 1518 Λόγον
429 1485 642 1520 προϐεϐλῆσθαι,
657 1485 704 1512 καὶ
722 1486 751 1512 ἐν
767 1486 842 1520 αὐτῷ
857 1486 905 1521 τὴν

117 1530 183 1565 ὅλην
197 1529 251 1556 τῶν
268 1529 377 1556 Λῖώνων
396 1529 503 1562 οὐσίαν,
529 1530 562 1565 ἢν
588 1530 668 1562 αὐτὸς
694 1531 805 1566 ὕστερον
825 1531 906 1567 ἐμόρ-

118 1583 209 1609 ᾳωσεν
235 1576 249 1601 6
275 1574 369 1608 Λόγος.
396 1574 471 1601 Ἐπεὶ
490 1573 536 1601 οὖν
562 1575 625 1610 περὶ
640 1574 750 1610 πρώτης
774 1569 941 1609 γενέσεωςῧ

118 1621 192 1654 λέγει
210 1619 299 1652 καλῶς
315 1619 369 1646 ἀπὸ
383 1619 432 1654 τῆς
449 1620 553 1655 ἀρχῆς,
573 1621 695 1646 τουτέστι
714 1621 760 1647 τοῦ
777 1621 843 1647 Θεοῦ
861 1621 907 1647 καὶ

117 1666 166 1693 τοῦ
184 1666 271 1698 Λόγου
283 1686 289 1697 ,
306 1665 353 1699 τὴν
376 1665 548 1692 διδασκαλίαν
571 1667 696 1692 ποιεῖται.
715 1665 837 1700 Λέγειδέ
861 1666 907 1692 οὒ-

118 1719 187 1743 τως’
211 1712 262 1738 Ἐν
277 1710 356 1745 ἀρχῇ
372 1708 411 1745 ἦν
426 1712 442 1737 o’
456 1711 566 1745 Λόγος.
581 1711 629 1737 καὶ
647 1713 662 1738 ὁ
678 1712 772 1746 Λόγος
783 1710 821 1746 ἦν
834 1712 908 1745 πρὸς

118 1758 174 1785 τὸν
189 1757 264 1784 Θεὸν
277 1778 285 1790 ,
310 1757 360 1784 καὶ
386 1755 458 1789 Θεὸς
476 1754 515 1791 ἦν
530 1759 546 1783 ό
565 1757 660 1791 Λόγος
674 1765 681 1772 ·
702 1757 795 1790 οὕτως
810 1755 849 1792 ἦν
874 1758 908 1784 ἐι·

119 1804 199 1839 ἀρχῇ
219 1804 293 1839 πρὸς
306 1804 358 1831 τὸν
369 1804 452 1830 Θεόν.
465 1804 599 1839 Πρότερον
617 1804 768 1837 διαστείλας
786 1805 820 1831 τὰ
834 1806 907 1841 τρία,

121 1849 187 1876 Θεὸν
200 1870 207 1881 ,
231 1850 277 1876 καὶ
299 1849 396 1885 ἀρχὴν,
420 1850 467 1875 καὶ
483 1849 578 1882 Λόγον,
599 1850 677 1877 πάλιν
693 1851 762 1877 αὐτὰ
777 1852 847 1883 ένοῖ,
866 1852 908 1877 ἵνα.

121 1895 168 1921 καὶ
178 1895 227 1930 τὴν
238 1894 371 1930 προϐολὴν
383 1895 521 1929 ἑκατέρων
534 1895 623 1921 αὐτῶν
635 1895 719 1932 δείξῃ,
734 1896 780 1922 τοῦ
789 1905 818 1922 τε
831 1896 908 1929 Υἱοῦ,

123 1941 170 1968 καὶ
191 1940 237 1967 τοῦ
257 1941 360 1974 Λόγου,
387 1941 433 1967 καὶ
449 1941 497 1976 τὴν
525 1941 592 1976 πρὸς
617 1941 746 1977 ἀλλήλους
763 1942 821 1977 ἅμα
834 1961 841 1973 ,
864 1944 910 1969 καὶ

123 1986 171 2022 τὴν
197 1986 264 2021 πρὸς
288 1985 332 2012 τὸν
358 1986 466 2020 Πατέρα
485 1986 591 2012 ἓνωσιν.
626 1987 668 2012 Ἐν
688 1987 741 2022 γὰρ
759 1987 797 2021 τῷ
812 1987 909 2022 Πατρὶ,

124 2033 170 2058 καὶ
194 2033 226 2058 ἐκ
246 2031 292 2058 τοῦ
308 2033 414 2067 Πατρὸς
433 2033 448 2067 ἡ
469 2032 557 2068 ἁρχὴ,
574 2032 620 2059 καὶ
635 2034 666 2059 ἐκ
690 2033 701 2048 ³
725 2033 774 2068 τῆς
795 2034 882 2068 ἀρχῆς
896 2035 910 2060 6

123 2078 219 2111 Λόγος.
235 2077 332 2109 Καλῶς
348 2076 394 2104 οὖν
416 2076 508 2104 εἶπεν·
533 2079 585 2105 Ἐν
605 2078 683 2113 ἀρχῇ
700 2077 738 2113 ἦν
756 2081 773 2106 ό
793 2081 888 2114 Λόγιος
902 2087 909 2093 ·

122 2122 158 2159 ἦν
184 2125 239 2160 γὰρ
265 2125 294 2150 ἐν
310 2123 348 2159 τῷ
367 2124 441 2159 Υἱῷ·
471 2125 525 2151 Kal
548 2126 564 2151 ό
587 2127 683 2159 Λόγος
698 2124 737 2161 ἦν
760 2126 834 2160 πρὸς
858 2126 911 2153 τὸν

125 2171 215 2197 Θεόν·
231 2171 279 2196 καὶ
296 2171 348 2206 γὰρ
364 2172 380 2206 ή
396 2172 482 2206 ἀρχή¹
498 2171 553 2198 Kal
567 2172 639 2205 Θεὸς
651 2170 690 2206 ἦν
705 2172 832 2206 όΛόγος,
847 2173 910 2199 ἀκο-

126 2217 241 2249 λούθως·
253 2217 284 2243 τὺ
300 2218 354 2253 γὰρ
369 2218 401 2244 ἐκ
414 2218 480 2244 Θεοῦ
497 2218 624 2253 γεννηθὲν
647 2218 712 2250 Θεός
729 2220 812 2245 ἐστιν.
828 2217 911 2250 Οὗτος

126 2261 164 2297 ἦν
179 2263 214 2290 ἐν
225 2263 302 2298 ἀρχῇ
318 2263 392 2297 πρὸς
407 2263 460 2290 τὸν
480 2265 553 2291 Θεόν
565 2273 572 2280 ·
590 2264 673 2298 ἔδειξε
688 2264 736 2300 τὴν
747 2265 797 2300 τῆς
813 2266 912 2299 προϐο-

125 2309 175 2344 λῆς
185 2309 271 2342 τάξιν.
285 2309 385 2336 Πάντα
398 2309 436 2336 δι’
447 2309 540 2336 αὐτοῦ
553 2309 681 2343 ἐγένετο,
695 2310 743 2337 καὶ
756 2311 845 2345 χωρὶς
861 2312 913 2338 αὐ-

127 2356 180 2382 τοῦ
195 2355 314 2389 ἐγένετο
337 2355 408 2382 οὐδὲ
429 2356 464 2382 ἓν
484 2364 490 2371 ·
520 2356 586 2382 πᾶσι
602 2355 657 2391 γὰρ
680 2357 736 2387 τοῖς
753 2357 811 2391 μετ’
832 2356 912 2383 αὑτὸν

128 2400 211 2427 Λίὦσι
228 2401 334 2436 μορφῆς
352 2402 398 2427 καὶ
413 2402 546 2435 γενέσεως
562 2401 648 2433 αἴτιος
667 2403 681 2428 6
701 2403 784 2436 Λόγος
793 2403 910 2436 ἐγένετο.

134 2447 225 2480 Ἀλλὰ,
245 2449 280 2474 Ὃ
295 2447 419 2482 γέγονεν
428 2449 463 2474 ἐν
473 2449 553 2481 αὐτῷ
563 2469 570 2478 ,
584 2449 663 2484 φησὶ,
684 2449 738 2481 ζωή
755 2450 840 2476 ἐστιν
849 2471 855 2481 ,
873 2450 912 2476 ἐν-

127 2493 190 2519 θάδε
208 2492 255 2519 καὶ
275 2492 404 2527 συζυγίαν
430 2493 558 2528 ἐμήνυσε,
581 2493 620 2520 Τὰ
632 2494 691 2528 μὲν
705 2494 758 2529 γὰρ
784 2494 841 2521 ὅλα
861 2494 912 2530 ἔφη

127 2538 163 2564 δι’
183 2538 292 2565 ἑαυτοῦ
318 2538 494 2572 γεγενῆσθαι
508 2560 515 2569 ,
539 2539 596 2572 τὴν
613 2539 647 2565 δὲ
665 2539 741 2573 ζωὴν
764 2540 798 2566 ἐν
822 2540 911 2572 αὐτῷ.

128 2584 202 2619 Λῦτη
219 2582 266 2610 οὖν
286 2585 303 2619 ἠ
326 2585 354 2610 ἐν
369 2584 443 2619 αὐτῷ
456 2585 587 2620 γενομένη
611 2586 763 2620 οίκειοτέρα
785 2585 858 2612 ἐστὶν
883 2586 912 2612 ἐν

127 2628 201 2663 αὐτῷ
214 2628 268 2654 τῶν
278 2629 310 2655 Bt‘
322 2628 403 2655 αὑτοῦ
418 2629 578 2664 γενομένων.

164 2676 274 2701 Σύνεστι
299 2675 352 2711 γὰρ
381 2675 471 2710 αὐτῷ,
500 2677 546 2702 καὶ
568 2675 602 2702 δι’
624 2676 705 2702 αὐτοῦ
734 2677 910 2710 καρποφορεῖ.

135 2721 243 2756 Ἐπειδὴ
257 2721 311 2756 γὰρ
324 2720 456 2756 ἐπιφέρει,
475 2721 528 2747 Καὶ
543 2722 561 2755 ἡ
578 2720 633 2755 ζωὴ
655 2721 688 2748 τὸ
706 2720 769 2756 φῶς
785 2721 843 2748 τῶν
861 2722 913 2748 ἀν-

947 252 1019 278 illam
1033 271 1041 283 ,
1068 259 1128 286 quae
1148 251 1318 286 prophetissa
1343 250 1370 276 in
1390 249 1534 284 Evangelio
1555 248 1726 284 pradicatur,

946 306 1060 333 quaeque
1074 303 1177 333 septem
1195 304 1281 324 annos
1294 303 1356 323 cum
1368 296 1427 323 viro
1447 295 1561 326 vixisse.
1593 295 1726 328 reliquum

945 352 1010 371 vero
1025 349 1131 379 tempus
1145 351 1225 371 omne
1241 344 1268 370 in
1287 342 1417 369 viduitate
1440 341 1528 376 egisse
1544 341 1643 368 dicitur
1654 360 1662 372 .
1677 339 1719 367 d0-

945 397 996 417 nee
1018 389 1157 416 Salvatore
1182 391 1328 423 conspecto
1349 392 1376 414 et
1401 387 1490 421 ipsum
1514 386 1674 420 agnoverit,
1703 388 1727 411 et

946 434 1016 470 apud
1031 442 1126 462 omnes
1139 435 1172 462 de
1186 441 1218 461 eo
1233 435 1322 461 locuta
1338 433 1384 464 sit,
1400 432 1623 459 manifestissime
1637 431 1728 457 Acha-

945 481 1063 508 mothem
1082 479 1237 507 adumbrari
1251 479 1414 506 conﬁrmant
1434 488 1439 505 :
1457 486 1517 513 quae
1541 478 1585 504 ubi
1607 477 1727 504 Salvato-

946 534 1003 554 rem
1017 534 1079 553 cum
1102 527 1161 560 ejus
1183 525 1332 560 aequalibus
1351 525 1447 559 raptim
1469 524 1635 557 aspexisset,
1652 522 1729 550 dein-

946 580 1010 607 ceps
1036 575 1094 598 toto
1123 571 1276 606 insequenti
1301 575 1421 604 tempore
1448 570 1535 596 media
1564 569 1593 596 in
1620 570 1729 604 regione

947 618 1100 645 consistens
1114 617 1177 644 dum
1190 617 1288 644 iterum
1303 617 1404 644 rediret
1424 615 1636 650 exspectaverit,
1658 622 1689 641 ac
1701 622 1730 642 se

947 664 1074 699 conjugio
1086 671 1136 691 suo
1150 663 1315 690 restitueret.
1329 662 1415 696 Cujus
1429 662 1511 688 etiam
1528 669 1627 688 nomen
1642 668 1656 686 a
1669 657 1730 687 Sal-

947 715 1040 737 vatore
1057 709 1133 737 hisee
1152 709 1241 735 verbis
1259 715 1434 742 expressum:
1463 707 1497 732 Et
1520 706 1670 741 iustiﬁcata
1693 710 1731 732 est

949 755 1078 789 sapientia
1093 763 1109 781 α
1124 754 1188 787 ﬁliis
1200 753 1255 786 ejus
1272 753 1293 778 ⁸.
1307 752 1385 780 Velut
1398 760 1411 778 a
1425 752 1509 778 Paulo
1524 759 1585 778 cum
1605 751 1732 786 scripsit:

949 800 1111 836 Sapientiam
1127 799 1258 834 loquimur
1273 799 1340 824 inter
1350 798 1476 832 perfectos
1491 798 1511 824 ³.
1523 798 1607 830 Quem
1623 797 1731 831 insuper

950 845 1137 879 conjugiorum
1157 851 1217 878 qua:
1244 843 1315 869 intra
1331 841 1454 869 Pleroma
1483 847 1545 869 sunt
1569 843 1732 869 mentionem

917 886 938 925 ᾗ
954 889 980 916 in
996 897 1051 915 uno
1076 887 1190 919 fecisse,
1208 895 1269 914 cum
1287 887 1321 914 de
1336 887 1474 913 hominum
1490 887 1558 914 inter
1569 894 1599 913 se
1623 887 1733 921 copula-

953 933 1027 960 tione
1046 933 1118 960 hnnc
1139 932 1167 959 in
1190 932 1299 959 modum
1319 933 1444 966 scripsit:
1470 931 1668 959 Sacrameutum
1687 931 1734 958 hoc

954 987 1077 1014 maguum
1097 983 1148 1006 est:
1164 987 1211 1013 ego
1230 986 1288 1006 vero
1300 979 1359 1005 dico
1372 978 1399 1005 in
1419 977 1524 1006 Christo
1539 983 1563 1005 et
1580 978 1697 1005 Ecclesia
1711 979 1722 994 ⁶

989 1114 1093 1142 XXVII.
1119 1115 1250 1143 Joannem
1276 1115 1382 1143 Domini
1420 1115 1583 1151 discipulum
1604 1115 1736 1144 affirmant

955 1162 1069 1196 primam
1094 1161 1249 1197 Ogdoadem
1275 1162 1435 1189 nominatim
1462 1163 1674 1190 demonstrasse.
1692 1164 1737 1190 Sic

954 1207 1026 1234 enim
1041 1207 1190 1242 disputant.
1204 1207 1323 1234 Joannes
1335 1207 1442 1234 Domini
1454 1207 1602 1242 discipulus
1616 1208 1736 1235 omnium

955 1261 1045 1280 rerum
1070 1253 1202 1288 originem
1221 1253 1356 1286 explicare
1379 1253 1510 1287 cupiens,
1535 1261 1588 1288 qua
1617 1261 1632 1280 ιι
1658 1253 1738 1281 Patre

955 1299 1080 1326 universa
1096 1302 1238 1333 procreata
1253 1303 1335 1332 sunt,
1359 1299 1522 1334 principium
1544 1299 1638 1326 statuit
1653 1307 1668 1325 a
1685 1301 1739 1326 Deo

955 1345 1086 1379 genitum,
1102 1352 1181 1379 quem
1198 1349 1224 1371 et
1240 1343 1337 1371 Filium
1362 1345 1529 1380 unigenitum
1544 1351 1570 1372 et
1586 1345 1669 1373 Deum
1690 1353 1739 1381 ap-

956 1391 1052 1425 pellat,
1068 1398 1116 1424 per
1130 1397 1210 1424 quem
1226 1391 1316 1416 omnia
1332 1389 1411 1417 Pater
1429 1391 1546 1425 quodam
1570 1391 1653 1418 veluti
1678 1397 1740 1419 satu

957 1437 1124 1471 propagavit.
1139 1438 1179 1464 Ab
1193 1437 1245 1464 hoc
1258 1437 1420 1472 productum
1432 1446 1492 1465 esse
1501 1438 1617 1466 Verbum
1630 1441 1738 1473 asserit;

957 1491 1004 1518 per
1017 1485 1089 1510 istud
1106 1491 1171 1510 vero
1185 1488 1270 1511 totam
1282 1483 1399 1511 [Eonum
1415 1490 1538 1512 naturam
1555 1493 1635 1520 quam
1652 1487 1740 1521 ipsum

958 1534 1050 1564 postea
1070 1528 1188 1556 Verbum
1217 1529 1384 1556 informavit.
1401 1529 1468 1556 Cum
1497 1531 1579 1566 igitur
1598 1534 1630 1558 de
1654 1532 1741 1566 prima

958 1575 1132 1610 generatione
1156 1583 1308 1602 sermonem
1331 1576 1477 1608 instituat,
1499 1581 1573 1604 recte
1597 1585 1612 1604 a
1637 1577 1742 1604 Princi-

958 1621 1014 1656 pio,
1027 1621 1078 1647 huc
1094 1625 1135 1648 est
1153 1621 1224 1653 Deo,
1246 1620 1387 1656 Verbaque
1406 1622 1520 1649 docendi
1540 1623 1647 1650 initium
1663 1624 1741 1659 197

958 1665 1033 1693 fecit.
1054 1666 1093 1693 Ita
1113 1674 1194 1701 porro
1213 1667 1309 1694 scribit
1325 1677 1332 1695 :
1351 1667 1383 1694 In
1398 1669 1527 1703 principio
1554 1674 1611 1696 erat
1631 1669 1742 1696 Verbum

958 1718 982 1739 et
1005 1712 1115 1738 Verbum
1129 1717 1187 1739 erat
1203 1713 1271 1747 apud
1288 1713 1385 1744 Deum,
1407 1718 1432 1740 et
1446 1714 1516 1741 Deus
1537 1720 1594 1741 erat
1618 1715 1739 1742 Verbum.

959 1757 1004 1784 Sic
1018 1762 1074 1784 erat
1100 1758 1128 1784 in
1155 1759 1284 1794 principia
1302 1758 1372 1794 apud
1390 1759 1473 1786 Deum
1485 1760 1505 1786 ⁷.
1528 1759 1673 1795 Postquam
1690 1762 1741 1788 tria

959 1803 1004 1830 illa
1019 1803 1158 1836 discrevit,
1176 1803 1271 1835 Deum,
1292 1804 1457 1839 Principium
1473 1809 1500 1832 et
1515 1805 1632 1833 Verbum
1646 1827 1654 1838 ,
1683 1815 1742 1834 rur-

960 1856 1007 1876 sus
1025 1849 1052 1875 in
1068 1857 1150 1875 unum
1166 1850 1317 1883 connectit,
1333 1855 1362 1877 ut
1378 1850 1520 1886 utriusque
1537 1851 1599 1879 Filii
1620 1853 1743 1880 videlicet

959 1901 992 1921 ac
1007 1893 1101 1926 Verbi,
1127 1895 1333 1929 productionem
1347 1915 1355 1927 ,
1373 1897 1569 1931 amborumque
1589 1905 1650 1924 eum
1673 1898 1743 1926 inter

960 1947 999 1973 se,
1019 1943 1076 1966 tum
1095 1947 1157 1967 cum
1171 1940 1251 1968 Patre
1270 1941 1488 1975 eonjunctionem
1504 1942 1632 1970 declaret.
1650 1943 1741 1978 Siqui-

959 1985 1020 2012 dem
1040 1986 1068 2012 in
1087 1985 1184 2018 Patre,
1207 1991 1289 2021 atque
1301 1995 1334 2014 ex
1350 1987 1430 2014 Patre
1447 1987 1612 2022 Principium
1635 1993 1690 2016 est:
1709 1997 1742 2016 ex

960 2029 1097 2064 Principio
1113 2030 1241 2059 Verbum.
1257 2031 1390 2060 Prmclare
1403 2033 1484 2068 igitur
1498 2032 1566 2059 dixit
1579 2043 1585 2060 :
1602 2033 1634 2060 In
1649 2035 1743 2068 princi—

960 2077 1003 2110 pia
1026 2082 1082 2104 erat
1103 2077 1236 2110 Verbum;
1257 2082 1315 2105 erat
1330 2079 1401 2106 enitn
1424 2079 1452 2106 in
1467 2079 1535 2107 Filio
1552 2089 1559 2106 :
1580 2079 1613 2106 Et
1633 2079 1743 2106 Verbum

960 2129 1018 2150 erat
1036 2125 1106 2157 apud
1118 2124 1217 2156 Deum;
1231 2128 1290 2152 erat
1300 2125 1372 2152 enim
1388 2129 1415 2152 et
1427 2126 1606 2161 principium:
1626 2126 1659 2153 Et
1673 2126 1743 2153 Deus

961 2173 1018 2195 erat
1044 2168 1166 2196 Verbum.
1185 2171 1375 2198 Consentanee
1393 2172 1504 2199 omnino
1526 2173 1648 2199 dirtum:
1671 2173 1742 2207 quod

962 2214 1034 2241 enim
1060 2223 1075 2242 a
1096 2215 1150 2243 Deo
1168 2216 1287 2251 genitum
1307 2221 1368 2248 est,
1396 2217 1467 2245 Deus
1495 2222 1546 2246 est.
1568 2217 1614 2246 Sic
1635 2224 1693 2246 erat
1718 2220 1744 2245 in

962 2261 1090 2295 principio
1105 2262 1175 2296 apud
1193 2262 1275 2289 Deum
1289 2284 1296 2295 ,
1314 2264 1500 2298 productionis
1515 2264 1636 2291 ordinem
1651 2269 1744 2292 osten-

961 2307 1011 2334 dit.
1026 2306 1122 2334 Onmia
1137 2316 1183 2342 per
1197 2309 1282 2342 ipsum
1299 2309 1370 2343 facta
1385 2314 1455 2342 sunt,
1470 2315 1494 2337 et
1508 2311 1564 2337 sine
1577 2311 1632 2344 ipso
1644 2311 1743 2345 factum

960 2358 999 2380 est
1015 2353 1098 2385 nihil;
1110 2355 1209 2381 etenim
1220 2354 1334 2381 Verbum
1346 2355 1482 2388 omnibus,
1494 2356 1540 2391 qui
1554 2361 1615 2390 post
1627 2365 1656 2384 se
1670 2364 1743 2390 sunt,

961 2398 1095 2427 {Eonibus
1121 2400 1322 2428 informationis
1359 2408 1391 2427 ac
1423 2403 1626 2437 propagationis
1651 2409 1745 2432 auctor

961 2445 1075 2472 exstitit.
1093 2445 1191 2473 Verum
1203 2466 1210 2477 ,
1229 2446 1304 2479 Quod
1320 2447 1421 2481 factum
1439 2453 1494 2481 est,
1515 2449 1619 2484 inquit,
1643 2450 1670 2477 in
1687 2452 1746 2486 ipso

963 2491 1016 2517 vita
1031 2496 1105 2523 erat;
1127 2492 1170 2519 tibi
1190 2496 1217 2519 et
1244 2493 1402 2528 eonjugium
1427 2493 1538 2521 indicat.
1567 2495 1636 2522 Nam
1657 2498 1746 2523 omnia

962 2545 1008 2571 per
1030 2538 1114 2572 ipsum
1127 2538 1199 2573 facta
1215 2548 1269 2566 esse
1277 2540 1358 2569 dicit;
1371 2540 1451 2567 vitam
1462 2546 1548 2568 autent
1562 2542 1589 2568 in
1600 2543 1665 2576 ipso.
1684 2543 1747 2570 Haec

964 2584 1045 2618 igitur
1061 2592 1120 2619 qua!
1142 2585 1168 2612 in
1189 2585 1235 2612 illo
1256 2586 1326 2613 facta
1346 2591 1387 2614 est
1403 2607 1410 2618 ,
1437 2588 1548 2622 propius
1572 2589 1605 2615 ad
1624 2589 1699 2616 illum
1718 2590 1747 2616 in

963 2629 1023 2663 ipso
1038 2631 1164 2663 pertinet,
1179 2638 1260 2665 quam
1275 2639 1306 2658 ea
1318 2640 1377 2666 qua:
1389 2640 1436 2666 per
1450 2633 1538 2668 ipsum
1555 2633 1626 2661 facta
1642 2639 1717 2661 sunt.

998 2675 1065 2702 Cum
1088 2675 1134 2701 illo
1149 2676 1248 2710 quippe
1266 2682 1400 2709 versatur,
1421 2686 1453 2705 ac
1471 2686 1519 2713 per
1533 2680 1619 2714 ipsum
1641 2680 1747 2707 fruetus

963 2722 1071 2750 emittit.
1089 2722 1154 2749 Nam
1172 2723 1234 2758 quia
1253 2724 1342 2751 statim
1359 2725 1489 2760 sulijicit:
1508 2725 1541 2752 Et
1557 2727 1609 2753 vita
1628 2732 1685 2753 erat
1700 2727 1747 2753 lux

167 2812 175 2826 ¹
190 2810 259 2838 iren.
271 2811 310 2852 ος.
349 2812 358 2826 ¹
377 2811 456 2840 Forte
468 2812 605 2847 μένουσα..
645 2812 654 2828 ³
666 2812 736 2840 lren.
749 2813 777 2839 ὲν
792 2813 861 2848 ἀρχῇ
879 2812 904 2838 δὲ

956 2812 980 2838 ιι
992 2813 1034 2840 ἐκ.
1074 2814 1081 2829 ⁸
1098 2812 1163 2841 Luc.
1178 2822 1226 2846 νιν,
1237 2814 1280 2842 55.
1311 2815 1321 2830 ⁵
1336 2815 1346 2841 Ι
1361 2815 1422 2843 Cor.
1435 2823 1466 2849 ιι,
1482 2817 1509 2844 6.
1531 2817 1540 2832 '
1557 2817 1655 2852 Eplies.
1669 2817 1748 2850 \',52.

131 2850 140 2861 "
152 2845 232 2873 Junii.
247 2855 264 2878 I,
281 2847 290 2873 i
309 2855 369 2882 sqq.
