1961 3046
243 156 294 185 59.7

911 153 940 180 S.
961 151 1132 180 EPIPHANII

1775 139 1905 182 .m.

243 216 387 248 hominum,
412 223 445 243 eo
469 214 529 250 ipso
550 214 623 250 quod
654 213 797 242 llominem
823 218 1025 245 commemorat,

1079 214 1210 248 θρώπων,
1224 215 1382 250 Ἄνθρωπον
1391 215 1476 242 εἰπὼν
1490 215 1563 252 ἄρτι,
1579 214 1626 242 καὶ
1635 214 1684 250 τὴν
1702 214 1869 250 Ἐκκλησίαν

242 263 336 291 eadem
357 269 423 289 voce
438 265 465 289 et
481 261 630 288 Ecclesium
646 259 845 294 complectitur,
863 263 892 286 ut
906 259 1025 294 coniugii

243 309 400 336 societatem
417 307 562 341 intelligas.
579 305 645 332 Nam
658 314 692 333 ex
710 305 797 333 Verbo
809 305 924 340 Vitaque
939 304 1026 332 llomo

243 359 325 390 atque
341 354 462 381 Ecclesia
479 357 639 380 nascuntur.

276 442 410 470 Cancrum
433 442 520 469 lucem
538 441 679 468 hominum
705 440 808 467 idcirco
831 440 914 466 vitam
939 440 1027 467 nomi-

242 485 327 517 navit,
344 485 415 520 quod
432 485 465 512 ab
480 493 512 512 ea
536 485 574 511 illi
597 485 750 511 collustrati
774 484 839 515 sint,
859 483 931 518 quod
954 484 1025 511 idem

242 534 284 558 est
307 537 338 557 ac
365 530 473 565 ligurari
491 534 518 557 et
538 529 715 557 manifestum
742 529 810 557 ﬁeri.
826 529 903 562 Quod
925 529 1026 557 Paulus

243 577 300 612 ipse
316 581 447 604 testatur:
466 576 558 608 Omne,
577 576 676 610 inquit,
699 575 767 610 quod
783 575 969 609 manifestatur
983 575 1026 602 lu-

243 631 299 650 men
315 627 354 650 cu
371 623 391 649 ι.
424 622 514 655 Quare
530 629 591 649 cum
606 621 753 648 llomincm
770 626 850 656 atque
875 620 1025 648 Ecclesiam

243 668 304 695 Vita
330 668 489 703 patefecerit
524 675 556 694 ac
583 667 716 702 genuerit,
743 667 841 694 merito
868 667 1025 694 eorumdem

243 715 288 742 lux
303 722 364 742 esse
387 714 497 741 dicitur.
516 713 650 747 Quocirca
673 714 816 749 perspicue
840 713 960 742 Joannes
982 714 1026 743 his

242 761 332 789 verbis
350 768 414 788 cum
439 760 502 792 alia,
520 764 577 787 tum
594 759 710 787 alterum
730 760 936 794 qnaternioncm
961 767 1027 795 ape-

242 807 308 838 ruit,
324 806 443 834 Verbum
457 811 484 833 et
496 805 596 839 Vitam,
614 805 754 833 llominem
765 809 847 840 atque
862 805 1024 834 Ecclesium.

243 852 297 880 Nec
315 853 405 880 minus
427 857 517 879 tamen
537 853 654 887 priorem
681 852 886 887 quaternionem
913 852 1024 879 indicat.

1079 260 1231 295 ὁμωνύμως
1243 261 1282 296 τῷ
1294 261 1341 288 ἀνθ
1347 261 1428 297 ρώπῳ
1444 262 1590 296 ἐμήνυσεν,
1603 260 1676 291 ὅπως
1689 259 1732 286 διὰ
1745 260 1790 286 τοῦ
1807 260 1868 292 ἐνὸς

1078 305 1209 340 ὀνόματος
1225 306 1334 343 δηλώσῃ
1352 307 1401 342 τὴν
1416 307 1466 342 τῆς
1489 306 1619 340 συζυγίας
1642 305 1794 332 κοινωνίαν.
1818 307 1869 333 Ἐκ

1079 350 1133 385 γὰρ
1151 351 1197 377 τοῦ
1209 352 1294 386 Λόγου
1306 352 1353 378 καὶ
1366 352 1415 387 τῆς
1428 352 1514 387 Ζωῆς,
1530 351 1689 387 Ἄνθρωπος
1704 350 1808 385 γίνεται
1819 350 1868 378 καὶ

1086 396 1242 431 Ἐκκλησία.

1114 442 1174 474 Φῶς
1186 443 1214 469 δὲ
1229 441 1288 470 εἶπε
1301 443 1355 470 τῶν
1370 442 1521 479 ἀνθρώπων
1540 443 1588 479 τὴν
1606 442 1687 478 ζωὴν,
1705 441 1749 469 διὰ
1771 441 1802 468 τὸ
1816 450 1866 467 πε-

1079 489 1212 523 φωτισθαι
1230 489 1328 521 αὐτοὺς
1344 490 1388 516 ὑπ’
1407 490 1502 525 αὐτῆς,
1522 489 1536 516 ὃ
1549 489 1579 524 δή
1596 490 1654 515 ἐστι
1669 488 1867 524 μεμορφῶσθαι

1079 535 1127 560 καὶ
1150 534 1369 570 πεφανερῶσθαι.
1393 535 1477 561 Τοῦτο
1501 534 1530 561 δὲ
1555 534 1601 561 καὶ
1621 535 1636 560 ὁ
1658 534 1762 565 Παῦλος
1780 533 1864 568 λέγει·

1079 579 1144 607 Πᾶν
1174 581 1230 615 γὰρ
1259 580 1292 607 τὸ
1317 581 1540 614 φανερούμενον
1568 580 1630 614 φῶς
1661 580 1755 606 ἐστιν.
1787 579 1867 605 Ἐπεὶ

1079 626 1166 652 τοίνυν
1192 626 1349 661 ὲῳανέρωσε
1372 627 1419 653 καὶ
1443 626 1570 662 ἐγέννησε
1593 627 1639 653 τόν
1658 634 1687 652 τε
1706 625 1866 661 ’Ἄνθρωπον

1079 671 1126 697 καὶ
1139 670 1187 706 τὴν
1210 671 1374 706 Ἐκκλησίαν
1398 673 1416 706 ἡ
1440 671 1511 707 Ζωὴ,
1531 671 1589 705 φῶς
1615 670 1740 706 εἰρῆσθαι
1763 670 1864 697 αὐτῶν.

1079 716 1176 750 Σαφῶς
1203 714 1250 743 οὖν
1268 716 1432 752 δεδήλωκεν,
1444 718 1459 743 ὁ
1490 717 1615 751 Ἰωάννης
1632 716 1675 743 διὰ
1695 716 1749 743 τῶν
1778 716 1866 750 λόγων

1078 762 1181 788 τούτων
1196 763 1234 789 τάκ
1253 771 1282 788 τε
1299 763 1365 790 ἄλλα
1389 763 1437 790 καὶ
1452 762 1500 798 τὴν
1519 762 1633 799 τετράδα
1655 762 1704 797 τὴν
1724 761 1864 797 δευτέρα-ρ,

1078 808 1163 842 Λόγον
1185 810 1232 835 καὶ
1252 808 1337 844 Ζωὴν,
1355 809 1512 845 Ἄνθρωπον
1526 809 1573 835 καὶ
1590 808 1761 844 Ἐκκλησίαν.
1783 808 1864 834 Ἀλλὰ

1081 854 1134 890 μὴν
1150 854 1198 880 καὶ
1213 854 1261 890 τὴν
1277 855 1389 890 πρώτην
1407 855 1527 890 ἐμήνυσε
1542 854 1667 889 τετράδα.
1684 853 1864 888 Διηγούμενος

242 899 310 926 Cum
329 899 400 926 enim
429 899 462 926 de
487 899 628 926 Salvatore
652 898 772 928 disserit,
798 898 943 932 omniaque
965 905 1025 933 qua:

1079 900 1131 935 γὰρ
1147 901 1212 935 περὶ
1231 900 1278 926 τοῦ
1295 900 1431 935 Σωτῆρος,
1455 900 1501 927 καὶ
1524 900 1610 934 λέγων
1628 900 1715 926 πάντα
1736 900 1769 925 τὰ
1786 899 1864 930 ἐκτὸς

241 948 319 972 extra
335 943 458 971 Pleroma
480 947 546 970 sunt
569 943 603 970 ab
619 943 678 977 ipso
700 950 762 971 esse
779 942 894 970 formata
920 943 1025 974 scribit.

243 989 326 1017 totius
343 989 419 1016 illum
436 988 596 1016 Pleromatis
611 988 728 1015 fructum
745 996 806 1016 esse
817 991 1025 1015 c0mmonstrat.

244 1035 309 1063 Nam
327 1036 402 1062 illum
418 1035 504 1062 lucem
520 1042 581 1062 esse
597 1034 674 1067 dixit,
688 1042 748 1070 quze
764 1035 836 1061 lucet
848 1035 874 1061 in
895 1034 1026 1065 tenebris,

243 1089 294 1109 nec
305 1081 340 1108 ab
355 1081 423 1116 ipsis
437 1080 692 1115 comprehenditur;
716 1088 747 1108 eo
757 1080 831 1116 quod
848 1087 909 1107 cum
923 1079 1026 1111 omnia,

242 1134 303 1162 quas
317 1134 350 1154 ex
368 1125 550 1153 commotione
567 1128 657 1152 ortum
674 1125 836 1158 habuerant,
855 1125 1027 1159 composuis-

242 1178 294 1205 set,
312 1173 346 1201 ab
362 1173 415 1201 illis
435 1179 606 1207 nequaquam
620 1176 661 1199 est
683 1171 802 1206 agnitus.
827 1171 907 1206 198
931 1170 983 1198 Sed
1001 1175 1027 1198 et

243 1219 340 1246 Filium
356 1218 480 1246 eumdem
496 1225 529 1245 ac
544 1216 734 1248 Veritatem,et
753 1216 851 1249 Vitam,
867 1221 894 1244 et
909 1216 1026 1244 Verbum

242 1265 314 1300 quod
323 1272 387 1292 caro
398 1264 496 1291 factum
508 1264 542 1291 sit
551 1263 678 1298 appellat.
691 1263 784 1297 Cujus,
799 1263 898 1297 inquit,
914 1263 1026 1297 gloriam

243 1311 354 1338 uidimus
368 1314 494 1345 :eratque
505 1310 590 1344 gloria
606 1311 661 1344 ejus
673 1310 750 1344 quasi
769 1308 901 1344 Unigeniti
917 1308 999 1336 eidem
1011 1317 1027 1336 a

245 1357 324 1384 Patre
340 1364 473 1388 concessa,
486 1357 562 1390 plena
577 1356 672 1390 gratia;
687 1360 712 1382 et
725 1355 854 1382 veritatis.
876 1354 932 1382 Iloc
947 1355 1020 1381 enim

242 1404 323 1431 modo
337 1403 434 1431 scribit
450 1411 459 1430 :
476 1402 510 1429 Et
532 1402 642 1429 Verbum
665 1410 726 1429 caro
750 1401 851 1436 factum
871 1407 920 1433 est,
938 1405 962 1427 et
979 1400 1027 1427 Ita-

243 1448 333 1474 bitavit
357 1448 384 1474 in
398 1447 483 1478 nobis,
502 1451 526 1473 et
549 1447 661 1473 vidimus
684 1447 798 1480 gloriam
820 1446 888 1479 ejus,
911 1445 1024 1480 gloriam

242 1493 319 1526 quasi
336 1491 467 1527 Unigeniti
488 1500 503 1518 a
521 1490 611 1523 Putre,
628 1491 732 1525 plenum
746 1491 840 1525 gratia:
856 1496 880 1517 et
897 1491 1024 1517 ueritatis.

242 1539 302 1571 Quo
322 1538 350 1565 in
374 1539 434 1565 loco
448 1538 565 1572 primum
588 1538 796 1572 qualernionem
820 1536 1026 1563 accuratissime

242 1584 387 1619 descripsit
404 1593 411 1611 :
429 1591 490 1611 cum
506 1583 615 1610 Patrem
633 1583 794 1614 nominavit,
812 1588 838 1610 et
852 1583 985 1614 Gratiam,
1001 1587 1028 1609 et

247 1629 432 1665 Unigenitum.
448 1637 480 1656 ac
506 1628 664 1656 Veritatem.
691 1627 729 1655 Ita
757 1629 837 1663 plane
852 1628 971 1656 Joannes
994 1629 1027 1657 de

246 1677 346 1712 prima,
362 1676 483 1710 adeoque
500 1680 588 1703 matre
605 1675 727 1702 omnium
752 1675 870 1702 Aionum
900 1674 1028 1710 Ogdoadc

245 1722 353 1750 locutus
377 1725 429 1749 est.
451 1721 520 1749 Istos
541 1721 614 1748 enim
637 1721 798 1748 nominatim
815 1721 951 1755 concepit,
975 1720 1026 1747 Pa~

244 1772 326 1800 trem,
341 1766 472 1799 Gratiam,
490 1765 651 1801 Unigenam,
668 1765 824 1798 Veritatem,
838 1764 966 1798 Verbum,
981 1765 1028 1792 Vi-

243 1817 310 1845 tam,
327 1812 480 1844 Hominem,
499 1811 660 1839 Ecclesiam.

279 1857 394 1886 XXVIII.
420 1857 510 1889 Vides,
523 1857 700 1890 cliarissime,
715 1862 800 1884 artem
818 1856 891 1883 illam
908 1863 939 1882 ac
956 1855 1028 1883 frau.

244 1903 316 1935 dem,
340 1910 394 1937 qua
410 1901 589 1935 sibimetipsis
605 1901 723 1928 illudunt
744 1901 875 1932 harretici,
898 1900 962 1927 dum
987 1908 1028 1928 sa-

243 1947 300 1975 cris
315 1947 426 1975 Litteris
442 1954 489 1981 per
506 1946 670 1973 calumniam
694 1946 852 1977 abutuntur,
869 1950 898 1972 ut
918 1953 952 1973 ex
969 1946 1028 1972 illa-

243 2000 304 2020 rum
318 1992 473 2020 testimonio
488 1992 586 2019 fabulis
601 1993 659 2020 suis
674 1992 781 2026 pondus
796 1995 823 2018 et
837 1992 1026 2018 auctoritatem

243 2039 399 2067 concilient.
413 2039 593 2072 Quamobrem
605 2038 730 2065 consulto
740 2038 849 2064 illorum
865 2037 892 2063 in
909 2037 1026 2064 medium

242 2085 324 2113 verba
353 2085 463 2119 protuli,
490 2089 520 2111 ut
549 2083 695 2111 mirificum
722 2083 843 2118 ipsorum
870 2082 1027 2110 calliditatis

243 2130 387 2158 artiﬁcium
412 2134 493 2165 atque
502 2130 603 2158 erroris
615 2130 773 2164 pravitatem
786 2128 1025 2155 auirnadverteres.

242 2177 364 2205 Primum
388 2177 472 2208 enim,
487 2176 510 2203 si
535 2174 633 2202 Joanni
649 2182 804 2210 supremam
826 2174 899 2201 illam
921 2173 1027 2209 Ogdoa-

243 2222 304 2250 dem
328 2222 467 2249 declarare
493 2221 664 2256 propositum
689 2221 801 2251 luisset,
827 2220 1024 2254 procreationis

1079 2224 1124 2250 καὶ
1138 2223 1186 2258 τὴν
1199 2223 1308 2258 πρώτην
1324 2222 1445 2258 Τετράδα
1463 2221 1686 2256 σεϐασμιωτάτην
1702 2218 1794 2251 οὖσαν,
1813 2228 1862 2246 κα·
1910 2232 1914 2237 -

243 2269 364 2296 ordinem
382 2271 514 2299 servaret,
536 2274 568 2294 ac
584 2267 700 2302 priorem
726 2266 812 2299 illum,
830 2265 868 2292 uti
884 2270 1021 2297 asserunt,

243 2316 522 2352 augustissimumque
540 2314 758 2349 quaternionem,
778 2313 804 2340 in
828 2313 916 2347 prima
933 2312 1023 2340 nomi-

243 2370 308 2390 num
333 2362 402 2390 serie
427 2361 589 2393 collocaret;
615 2363 672 2386 tum
696 2359 845 2387 secundum
865 2359 1021 2394 subjiceret,

243 2411 273 2434 ut
297 2414 345 2441 per
368 2406 560 2434 vocabulorum
585 2404 707 2432 ordinem
733 2403 871 2440 Ogdoadis
894 2405 961 2432 ordo
977 2404 1024 2432 dc-

243 2456 441 2479 monstraretur
455 2460 462 2477 :
479 2458 567 2485 neque
580 2455 655 2477 tanto
669 2450 820 2481 intervallo,
835 2449 908 2476 velut
922 2449 1024 2477 oblitus

243 2505 275 2525 Ic
293 2497 382 2524 denuo
403 2495 572 2528 recordatus,
596 2495 800 2530 quaternionem
821 2495 940 2530 primum
958 2495 1023 2522 ultio

243 2551 316 2571 mum
332 2544 359 2570 in
383 2543 471 2570 locum
488 2542 644 2576 conjiceret.
662 2541 763 2569 Deinde
787 2542 810 2569 si
832 2542 1023 2577 conjugiorum

243 2590 407 2617 mentionem
421 2588 509 2616 facere
523 2588 611 2618 vellet.
628 2595 767 2623 nunquam
781 2588 909 2615 Ecclesiae
923 2595 1024 2615 nomen

242 2636 468 2670 praetermitteret.
497 2633 550 2660 Sed
570 2634 613 2660 vel
636 2634 741 2661 caeteris
757 2634 839 2661 etiam
861 2633 889 2660 in
911 2633 1024 2668 paribus

243 2681 416 2709 recensendis
441 2681 515 2708 solos
544 2680 675 2707 duntaxat
705 2687 794 2707 mares
821 2679 993 2707 nominasset
1016 2689 1022 2706 :

241 2735 304 2756 cum
326 2732 353 2755 et
373 2727 423 2762 ipsi
439 2727 564 2754 similiter
577 2734 632 2753 una
654 2726 767 2761 intelligi
793 2726 919 2760 possint;
948 2731 976 2753 ut
996 2726 1024 2752 in

242 2772 370 2800 omnibus
392 2771 596 2799 similitudinem
621 2770 858 2805 aequalitatemque
893 2775 1023 2798 servaret.

284 2873 292 2887 ¹
305 2872 402 2903 Eulies.
420 2881 445 2903 ν,
461 2873 504 2899 IS.
542 2873 551 2887 ¹
569 2871 630 2898 For.
647 2871 662 2903 ἢ
680 2871 714 2897 εί.

1041 1568 1062 1597 C

1078 945 1126 971 τοῦ
1139 945 1326 982 Πληρὼματος
1340 947 1373 972 δι’
1388 947 1471 973 αὐτοῦ
1488 945 1692 981 μεμορφῶσθαι,
1710 945 1814 981 καρπὸν
1826 943 1865 972 εἷ-

1076 991 1121 1018 ναί
1141 1000 1222 1026 φησιν
1238 992 1319 1018 αὑτὸν
1338 991 1435 1023 παντὸς
1450 991 1497 1018 τοῦ
1518 991 1712 1027 Πληρὼματος.
1732 991 1787 1017 Καὶ
1810 991 1864 1026 γὰρ

1077 1037 1135 1071 φῶς
1150 1038 1260 1072 εἴρηκεν
1275 1037 1354 1064 αὑτὸν
1371 1037 1401 1064 τὸ
1418 1038 1446 1063 ἐν
1465 1038 1499 1073 τῇ
1513 1036 1606 1072 σκοτίᾳ
1626 1036 1797 1072 φαινόμενον,
1817 1035 1865 1062 καὶ

1077 1083 1116 1118 μὴ
1137 1083 1308 1117 καταληφθὲν
1329 1084 1373 1109 ὑπ’
1392 1083 1494 1118 αὐτῆς·
1520 1082 1613 1117 ἐπειδὴ
1630 1081 1718 1108 πάντα
1738 1081 1772 1108 τὰ
1788 1082 1864 1115 γενό-

1078 1137 1146 1164 μενα
1166 1130 1199 1155 ὲκ
1222 1129 1269 1155 τοῦ
1294 1129 1395 1161 πάθους
1409 1129 1532 1165 ἁρμόσας
1558 1128 1677 1163 ἡγνοήθη
1698 1128 1743 1154 ὑπ’
1768 1127 1862 1162 αὐτῆς.

1077 1175 1133 1202 Καὶ
1150 1175 1212 1202 Υίὺν
1233 1175 1272 1208 δὲ,
1289 1176 1336 1202 καὶ
1355 1175 1503 1211 Ἀλήθειαν,
1517 1176 1564 1202 καὶ
1589 1175 1665 1210 Ζωὴν
1679 1175 1752 1208 λέγει
1771 1173 1862 1206 αὐτὸν,

1077 1220 1123 1246 καὶ
1137 1220 1222 1254 Λόγον
1236 1221 1324 1255 σάρκα
1340 1221 1500 1256 γενόμενον·
1520 1219 1561 1248 Οὖ
1582 1219 1640 1254 τὴν
1667 1219 1760 1251 δόξαν
1782 1219 1863 1246 ἐθεα-

1077 1267 1202 1301 σάμεθα,
1221 1267 1304 1301 φησί·
1337 1267 1385 1293 καὶ
1410 1265 1450 1302 ἧν
1474 1267 1493 1300 ἠ
1515 1266 1590 1298 δόξα
1606 1266 1698 1293 αὑτοῦ
1725 1266 1770 1292 οἵα
1787 1263 1827 1300 ἦν
1842 1265 1862 1299 ἡ

1077 1313 1129 1339 τοῦ
1141 1312 1331 1347 Μονογενοῦς
1342 1313 1360 1346 ἡ
1377 1312 1435 1338 ὑπὸ
1447 1312 1498 1339 τοῦ
1511 1312 1626 1346 Πατρὸς
1638 1311 1758 1338 δοθεῖσα
1771 1310 1862 1343 αὐτῷ,

1077 1354 1196 1389 πλήρης
1220 1356 1339 1390 χάριτος
1362 1355 1411 1382 καὶ
1437 1356 1588 1389 ἀληθείας.
1612 1355 1693 1390 Λέγει
1716 1355 1744 1382 δὲ
1773 1355 1859 1382 οὕτω·

1077 1400 1132 1426 Καὶ
1159 1402 1176 1426 ὁ
1202 1401 1298 1435 Λόγος
1315 1400 1394 1434 σὰρξ
1418 1399 1543 1434 ἐγένετο,
1565 1400 1613 1427 καὶ
1638 1400 1814 1433 ἐσκήνωσεν
1828 1400 1863 1426 ἐν

1077 1446 1165 1480 ἡμῖν·
1191 1446 1240 1472 καὶ
1264 1445 1447 1480 ἐθεασάμεθα
1464 1445 1521 1479 τὴν
1540 1446 1633 1478 δόξαν
1650 1446 1753 1478 αὑτοῦ,
1769 1445 1864 1478 δόξαν

1078 1492 1118 1525 ὡς
1138 1491 1328 1527 Μονογενοῦς
1349 1493 1429 1526 παρὰ
1448 1492 1580 1526 Παῖρὸς,
1609 1493 1728 1526 πλήρης
1743 1491 1863 1526 χάριτος

1078 1537 1127 1564 καὶ
1142 1538 1296 1571 ἀληθείας.
1320 1537 1453 1574 ’Δκριὸὡς
1470 1536 1516 1564 οὖν
1537 1538 1583 1564 καὶ
1596 1538 1645 1573 τὴν
1665 1537 1775 1573 πρώτην
1793 1538 1862 1573 ἐμή-

1078 1591 1141 1608 νυσε
1165 1583 1296 1618 τετράδα’
1326 1583 1435 1618 Πατέρα
1462 1582 1545 1609 εἰπὼν
1567 1583 1614 1608 καὶ
1633 1583 1730 1618 Χάριν,
1747 1583 1793 1609 καὶ
1817 1583 1862 1609 τὶν

1078 1629 1228 1665 Μονογενῆ,
1247 1630 1294 1656 καὶ
1325 1630 1475 1665 Ἀλήθειαν.
1499 1630 1591 1662 Οὕτως
1612 1631 1626 1657 ὁ
1650 1631 1773 1666 Ἰωάννης
1799 1631 1862 1666 περὶ

1077 1675 1126 1710 τῆς
1145 1675 1255 1710 πρώτης
1270 1675 1317 1702 καὶ
1332 1675 1433 1711 μητρὸς
1449 1675 1503 1702 τῶν
1516 1675 1582 1702 ὅλων
1595 1675 1704 1702 Αἰώνων
1724 1677 1862 1710 Ὀγδῡάδος

1077 1721 1182 1756 εἴρηκε.
1210 1721 1320 1757 Πατέρα
1342 1721 1396 1756 γὰρ
1420 1721 1514 1757 εἴρηκε
1533 1722 1579 1748 καὶ
1594 1722 1691 1756 Χάριν,
1713 1722 1760 1748 καὶ
1776 1723 1862 1749 Μονο-

1077 1767 1155 1802 γενῆ,
1184 1767 1232 1793 καὶ
1261 1767 1412 1802 Ἀλήθειαν,
1436 1768 1483 1794 καὶ
1508 1768 1604 1802 Λόγον,
1633 1768 1678 1796 καὶ
1703 1768 1789 1803 Ζωὴν,
1816 1768 1862 1795 καὶ¹

1080 1812 1250 1848 Ἄνθρωπον,
1268 1813 1314 1839 καὶ
1337 1812 1509 1848 Ἐκκλησίαν.

1113 1859 1180 1888 KH’.
1203 1860 1293 1894 Ὁρᾷς,
1305 1859 1441 1895 ἀγαπητὲ,
1454 1859 1502 1894 τὴν
1519 1859 1638 1894 μέθοδον,
1689 1859 1713 1884 οἱ
1727 1858 1862 1894 χρώμενοι

1078 1904 1294 1939 φρεναπατοῦσιν
1318 1904 1439 1935 ἑαυτοὺς,
1455 1903 1654 1939 ἐπηρεάζοντες
1676 1903 1725 1934 τὰς
1742 1903 1863 1938 Γραφὰς,

1077 1949 1107 1974 τὸ
1121 1947 1232 1982 πλάσμα
1251 1947 1339 1974 αὐτῶν
1356 1948 1384 1980 ἐξ
1399 1948 1487 1974 αὐτῶν
1505 1948 1672 1974 συνιστάνειν
1686 1947 1862 1982 πειρώμενοι,

1077 1994 1126 2020 Διὰ
1150 1994 1229 2020 τοῦτο
1254 1993 1307 2030 γὰρ
1328 1994 1376 2021 καὶ
1406 1994 1484 2026 αὐτὸς
1509 1993 1669 2029 παρεθέμην
1693 1992 1782 2018 αὐτῶν
1815 1994 1862 2024 τὰς

1078 2039 1172 2071 λέξεις,
1187 2039 1230 2065 ἵνα
1243 2039 1272 2071 ἐξ
1286 2039 1374 2066 αὐτῶν
1389 2040 1558 2074 κατανοήσῃς
1573 2038 1620 2072 τὴν
1634 2037 1802 2072 πανουργίαν
1814 2038 1864 2072 τῆς

1079 2085 1228 2120 μεθοδείας,
1244 2085 1290 2110 καὶ
1306 2084 1355 2118 τὴν
1382 2083 1513 2119 πονηρίαν
1537 2083 1586 2117 τῆς
1612 2082 1724 2117 πλάνης.
1752 2082 1864 2116 Πρῶτον

1079 2131 1127 2166 μὲν
1153 2131 1207 2166 γὰρ
1230 2132 1254 2157 εί
1279 2130 1421 2166 προέκειτο
1448 2129 1557 2164 Ἰωάννῃ
1578 2129 1626 2164 τὴν
1648 2128 1704 2155 ἂνω
1734 2128 1861 2161 Ὸγὸοάδα

1079 2178 1218 2212 μηνύσειν,
1245 2176 1293 2212 τὴν
1321 2176 1397 2209 τάξιν
1414 2175 1446 2203 ἂν
1470 2176 1613 2211 τετηρήκει
1639 2175 1689 2210 τῆς
1717 2174 1861 2209 προϐολῆς,

1077 2269 1130 2300 θὼς
1149 2269 1281 2302 λέγουσιν,
1298 2269 1326 2294 ὲν
1344 2267 1460 2303 πρώτοις
1477 2267 1510 2294 ἂν
1525 2267 1640 2293 τεθείκει
1661 2267 1716 2297 τοῖς
1732 2266 1861 2300 ὀνόμασι·

1076 2315 1123 2341 καὶ⁴
1147 2314 1232 2346 οὓτως
1255 2313 1405 2349 ὲπεζεύχθη
1430 2314 1478 2348 τὴν
1507 2313 1652 2348 δευτέραν,
1679 2313 1721 2339 ἵνα
1743 2312 1786 2338 διὰ
1811 2312 1862 2346 τῆς

1076 2360 1178 2392 τάξεως
1195 2361 1247 2387 τῶν
1261 2360 1399 2395 ὀνομάτων
1412 2361 1429 2395 ἡ
1442 2359 1517 2392 τάξις
1530 2360 1621 2395 δειχθῇ
1636 2359 1686 2394 τῆς
1704 2358 1843 2392 Ὀγδοάδος
1852 2365 1860 2372 ·

1076 2408 1123 2433 καὶ
1151 2408 1201 2433 οὐκ
1223 2407 1256 2433 ἂν
1284 2407 1351 2442 μετὰ
1377 2406 1502 2432 τοσοῦτον
1522 2405 1675 2440 διάστημα,
1700 2405 1737 2436 ὡς
1750 2404 1861 2439 ὲκλελη-

1077 2453 1184 2488 σμένος,
1200 2452 1294 2479 ἔπειτα
1310 2452 1490 2488 ἀναμνησθεὶς
1505 2452 1546 2478 ἐπ’
1558 2453 1662 2487 ἐσχάτῳ
1672 2450 1781 2486 πρώτης
1797 2451 1860 2485 ὲμέ-

1079 2506 1162 2534 μνητο
1177 2498 1320 2533 Τετράδος.
1345 2499 1459 2524 Ἔπειτα
1479 2497 1507 2524 δὲ
1530 2497 1577 2523 καὶ
1599 2497 1647 2528 τὰς
1664 2495 1795 2529 συζυγίας
1809 2503 1859 2530 οη·

1079 2545 1161 2579 μᾶναι
1185 2544 1278 2576 θέλων,
1294 2544 1340 2571 καὶ
1355 2544 1385 2571 τὸ
1401 2544 1451 2578 τῆς
1487 2543 1648 2577 Ἐκκλησίας
1671 2542 1720 2568 οὐκ
1739 2541 1772 2568 ἂν
1790 2549 1858 2575 παρ-

1078 2588 1170 2615 έλιπεν
1180 2589 1275 2624 ὄνομα.
1293 2589 1362 2615 Ἀλλ’
1378 2589 1394 2624 ἢ
1411 2589 1458 2615 καὶ
1479 2588 1524 2614 ἐπὶ
1541 2588 1595 2614 τῶν
1609 2587 1709 2613 λοιπῶν
1725 2586 1861 2620 συζυγιίὲν

1077 2633 1196 2669 ἠρκέσθη
1212 2635 1244 2668 τῇ
1265 2633 1318 2659 τῶν
1331 2633 1454 2669 ἁρῤἑνων
1471 2633 1650 2668 προσηγορίᾳ,
1663 2631 1763 2666 ὁμοίως
1777 2631 1857 2656 δυνα-

1080 2679 1166 2714 μένων
1182 2679 1314 2706 κᾱκείνων
1326 2678 1568 2712 συνυπακούεσθαι,
1578 2678 1621 2704 ἵνα
1632 2677 1680 2712 τὴν
1692 2677 1803 2710 ἑνότητα
1817 2676 1863 2702 διὰ

1078 2725 1185 2751 πάντων
1197 2723 1214 2760 ᾗ
1230 2724 1403 2759 πεφυλακὼς,
1417 2725 1441 2750 εἰ
1456 2726 1465 2740 ²
1479 2723 1532 2750 τῶν
1548 2722 1648 2750 λοιπῶν
1667 2722 1715 2753 τὰς
1729 2721 1863 2755 συζύγους

1078 2770 1216 2805 κατέλεγε,
1240 2770 1288 2797 καὶ
1315 2770 1362 2805 τὴν
1385 2770 1430 2797 τοῦ
1463 2768 1618 2797 Ἀνοοώπου
1646 2768 1679 2796 ἂν
1708 2766 1862 2803 μεμηνύκει
