1961 3046
103 149 166 178 529

485 151 670 180 ADVERSUS
689 149 860 179 HERESES
879 147 942 175 LIB.
963 147 985 176 1.
1004 147 1086 176 ΤΟΜ.
1107 148 1140 175 ll.
1158 164 1193 169 —
1212 147 1350 176 HERES.
1367 147 1464 175 XXXI.

1686 144 1739 173 550

108 208 242 243 σύζυγον,
257 209 304 236 καὶ
320 210 370 237 οὐκ
387 210 421 237 ἂν
433 211 538 247 ἀφῆκεν
550 211 584 238 ἐκ
599 211 727 246 μαντείας
745 211 818 246 ἡμᾶς
831 210 899 244 λαμ-

952 207 1000 236 Vel
1022 208 1045 236 si
1059 209 1223 244 reliquorum
1238 208 1367 243 conjuges
1381 210 1564 238 enumeraret,
1578 206 1658 233 etiam
1683 203 1739 232 llo-

107 254 208 280 δάνειν
224 255 340 291 τοῦνομα
356 256 450 292 αὐτῆς.
466 257 572 293 Φανερὰ
588 255 635 284 οὖν
649 258 665 292 ἡ
678 257 728 292 τῆς
746 256 901 292 ἐξηγήσεως

107 301 311 337 παραποίησις.

147 388 202 414 Τοῦ
218 388 271 424 γὰρ
302 389 424 417 Ἰωάννου
446 390 493 418 ἕνα
519 391 585 418 Θεὸν
611 392 826 428 παντοκράτορα,
855 392 901 418 καὶ

106 433 161 461 ἕνα
185 436 316 471 μονογενῆ
342 435 459 472 Χριστὸν
486 438 587 472 Ἰησοῦν
614 438 805 473 κηρύσσοντος,
821 438 854 464 δι’
870 435 900 464 οὗ

106 478 144 504 τὰ
161 479 250 506 πάντα
266 481 405 515 γεγονέναι
420 480 503 515 λέγει,
519 482 612 509 τοῦτον
629 483 696 509 flor
711 484 796 515 Θεοῦ,
806 483 900 510 τοῦτον

107 526 279 560 Memorem},
305 527 398 554 τοῦτον
422 526 543 554 πάντων
561 529 701 563 ποιητὴν,
723 529 816 556 τοῦτον
838 529 900 564 φῶς

107 571 275 605 ἀληθινὸν,
301 573 463 607 φωτίζοντα
489 574 587 601 πάντα
611 575 777 608 ἄνθρωπον,
805 575 900 602 τοῦτον

107 617 230 651 κόσμου
254 619 393 652 ποιητὴν,
412 619 505 646 τοῦτον
530 621 573 652 εὶς
590 620 625 647 τὰ
643 621 703 647 ἴδια
718 621 898 655 ἐληλυθότα,

106 662 206 689 τοῦτον
225 665 319 691 αὐτὸν
335 665 434 699 σάρκα
458 667 609 701 γεγονότα,
638 667 687 693 καὶ
706 667 900 700 ὲσκηνωχότα

106 707 145 732 ἐν
161 707 243 741 ἡμῖν,
258 706 341 740 οὗτοι,
356 710 578 745 παρεκτρέποντες
594 711 664 738 κατὰ
680 711 710 738 τὸ
726 711 836 738 πιθανὸν
851 712 899 747 τὴν

56 779 61 784 .
106 753 252 788 ἐξήγησιν.
271 754 350 781 ἄλλον
379 755 427 790 μὲν
451 756 496 783 τὸν
521 757 659 792 Μονογενῆ
684 757 804 783 θέλουσιν
831 756 899 784 εἶναι

107 797 182 824 κατὰ
195 799 244 834 τὴν
255 799 399 835 προϐολὴν,
419 801 447 827 ὃν
463 801 494 837 δὴ
509 802 554 828 καὶ
576 803 673 838 ’Λρχὴν
684 803 822 830 καλοῦσιν.
838 803 901 830 Ἀλ-

107 843 156 870 λον
172 844 201 870 δὲ
215 844 260 871 τὸν
276 846 390 881 Σωτῆρα
406 847 547 881 γεγονέναι
564 847 679 880 θέλουσι,
700 849 746 875 καὶ
760 849 838 875 ἄλλον
854 849 899 876 τὸν

954 254 1035 282 minis
1051 254 1201 289 attigisset;
1217 261 1305 289 neque
1315 253 1454 280 divinandi
1469 251 1543 280 illius
1556 251 1674 278 nominis
1689 258 1739 278 no-

951 300 1107 327 cessitatem
1145 299 1224 326 nobis
1256 299 1403 326 attulisset.
1432 297 1481 325 Est
1513 297 1595 332 igitur
1625 296 1736 324 minime

951 346 1070 373 obscura
1084 345 1158 373 illius
1178 345 1410 380 interpretationis
1425 344 1571 371 calumnia.

986 392 1054 418 Cum
1071 392 1145 419 enim
1166 391 1285 418 Joannes
1305 398 1390 418 unum
1406 390 1490 417 Deum
1512 389 1734 423 omnipotentem,

952 445 1090 472 unumque
1113 436 1253 464 Christum
1276 436 1370 464 Jesum
1394 435 1465 463 illius
1481 435 1650 470 unigenitum
1668 441 1736 469 pra:-

950 482 1034 515 dicet,
1049 490 1096 518 per
1109 490 1190 518 quem
1206 483 1275 510 tacta
1289 489 1351 510 esse
1370 481 1461 508 omnia
1475 482 1619 508 contirmat
1632 489 1639 508 :
1654 484 1737 515 atque

951 529 1023 556 lumc
1049 537 1110 557 esse
1143 529 1193 556 Dei
1220 528 1332 561 Filium,
1361 527 1435 554 hunc
1466 527 1625 562 Unigenum,
1662 525 1736 552 hunc

950 574 1118 603 Conditorem
1138 576 1264 608 omnium,
1286 574 1359 601 hunc
1380 582 1465 601 verum
1481 573 1575 604 lucem,
1601 580 1659 607 qua:
1673 571 1737 598 illu-

950 622 1033 648 minat
1050 630 1150 649 onmem
1167 621 1307 653 hominem,
1334 621 1406 648 hunc
1431 619 1523 646 mundi
1538 619 1734 654 fabricatorem,

952 667 1032 702 199
1047 667 1119 694 hunc
1133 667 1177 701 qui
1192 667 1217 693 in
1230 667 1337 701 propria
1351 666 1419 692 venit
1431 673 1439 697 ;
1453 665 1497 701 qui
1508 673 1570 692 cura
1586 664 1673 699 [actus
1685 667 1734 695 est,

949 717 974 739 et
991 712 1116 739 habitavit
1137 713 1165 739 in
1190 713 1273 745 nobis,
1291 720 1351 740 esse
1373 715 1505 744 testetur;
1529 711 1575 738 isti
1592 709 1690 737 callida
1701 715 1736 736 ae

949 758 1083 785 malitiosa
1100 758 1325 794 interpretatione
1345 758 1551 792 detorquentes,
1572 756 1654 783 alium
1671 762 1735 790 pro-

950 804 1078 832 ductione
1091 805 1196 840 lingunt
1208 805 1356 840 Unigenam
1372 803 1518 834 exstitisse,
1534 801 1607 837 quod
1621 805 1647 829 et
1657 800 1737 828 Prin-

950 851 1051 885 cipium
1067 856 1175 882 vocant,
1192 851 1275 877 alium
1302 850 1484 881 Salvatorem,
1514 848 1586 875 aliud
1616 846 1732 874 Verbum

108 889 198 924 Λόγον
221 891 278 917 υἱὸν
294 891 340 917 τοῦ
355 892 535 926 Μονογενοῦς,
560 894 606 920 καὶ
627 894 706 920 ἄλλον
721 894 766 921 τὸν
782 895 899 930 Χριστὸν

952 896 1079 930 Unigenm
1104 896 1200 929 lilium,
1216 896 1298 922 alium
1313 895 1454 923 Christum
1478 892 1632 928 corrigendi
1650 899 1735 919 causa

107 936 152 967 εἰς
174 936 360 972 ἐπανόρθωσιν
381 937 428 965 τοῦ
455 939 639 974 Πληρώματος
668 940 896 975 προϐεϐλημένον.

108 981 166 1008 Καὶ
191 980 220 1007 ἓν
245 981 360 1009 ἕκαστον
388 984 440 1011 τῶν
466 985 618 1020 εἰρημένων
640 985 755 1021 ἄραντες
779 986 833 1012 ἀπὸ
851 986 899 1021 τῆς

108 1025 251 1060 ἀληθείας,
278 1029 516 1064 καταχρησάμενοι
540 1032 596 1062 τοῖς
619 1031 757 1066 ὀνόμασιν,
786 1032 826 1063 εἰς
851 1031 899 1067 τὴν

111 1072 182 1098 ἰδίαν
210 1072 338 1100 ὑπόθεσιν
366 1075 545 1110 μετήνεγκαν.
564 1076 644 1102 Ὥστε
672 1078 732 1103 κατ’
759 1077 855 1109 αὐτοὺς
871 1079 900 1104 ἐν

109 1119 167 1150 τοῖς
182 1118 317 1151 τοσούτοις
332 1120 376 1146 τὸν
398 1121 524 1157 Ἰωάννην
541 1122 588 1148 τοῦ
606 1123 707 1158 Κυρίου
730 1123 815 1158 Ἰησοῦ
833 1124 900 1158 Χρι-

111 1163 176 1189 στοῦ
193 1165 286 1199 μνείαν
303 1166 310 1180 ¹
330 1166 473 1193 ποιεῖσθαι.
489 1167 520 1193 Εἰ
536 1168 590 1203 γὰρ
607 1169 715 1204 Πατέρα
731 1169 835 1204 εἴρηκε,
853 1170 899 1196 καὶ

111 1208 210 1244 Χάριν,
237 1210 284 1236 καὶ
310 1211 459 1247 Μονογενῆ,
485 1213 532 1240 καὶ
564 1213 714 1248 Ἀλήθειαν,
732 1214 778 1240 καὶ
802 1214 897 1249 Λόγον,

110 1254 158 1280 καὶ
175 1254 262 1290 Ζωὴν,
291 1257 337 1282 καὶ¹
366 1257 536 1293 Ἄνθρωπον,
564 1260 611 1286 καὶ
632 1259 804 1295 Ἐκκλησίαν,
829 1262 900 1288 κατὰ

109 1301 161 1335 τὴν
177 1301 290 1327 ἐκείνων
314 1302 452 1334 ὑπόθεσιν,
467 1304 531 1339 περὶ
556 1305 605 1340 τῆς
629 1305 739 1341 πρώτης
759 1306 899 1340 Ὀγδοάδος

111 1346 241 1381 εἴρηκεν,
265 1348 294 1373 ὲν
320 1344 336 1383 ᾖ
360 1348 465 1375 οὐδέπω
486 1350 598 1384 Ἰησοῦς,
623 1351 728 1378 οὐδέπω
752 1352 867 1386 Χριστὸς
885 1354 900 1379 ὁ

111 1392 158 1418 τοῦ
181 1393 303 1419 Ἰωάννου
323 1394 490 1426 διδάσκαλος.
507 1397 567 1422 Ὅτι
583 1396 610 1422 δὲ
625 1398 654 1423 οὐ
673 1398 736 1433 περὶ
751 1398 804 1424 τῶν
820 1399 900 1431 συζυ-

113 1437 179 1471 γιῶν
195 1439 284 1465 αὐτῶν
299 1440 314 1466 6
343 1440 502 1473 ’Λπόστολος
526 1442 646 1478 εἴρηκεν,
673 1444 740 1470 ἀλλὰ
766 1445 828 1480 περὶ
852 1445 899 1471 τοῦ

114 1483 216 1518 Κυρίου
242 1485 320 1520 ἡμῶν
352 1486 438 1520 Ἰησοῦ
464 1487 593 1521 Χριστοῦ,
617 1488 646 1514 ὃν
676 1489 723 1515 καὶ
742 1489 827 1523 Λόγον
846 1488 900 1516 οἶδε

113 1529 158 1554 τοῦ
178 1529 257 1562 Θεοῦ,
277 1531 358 1562 αὐτὸς
378 1532 508 1568 πεποίηκε
527 1534 650 1569 φανερόν.
672 1535 896 1570 Ἀνακεφαλαιού-

115 1583 194 1610 μενος
216 1576 270 1611 γὰρ
297 1578 422 1613 περὶτοῦ
439 1579 584 1614 εἰρημένου
607 1580 680 1615 αὺτῴ
702 1581 757 1608 ἄνω
781 1584 809 1608 ἐν
826 1583 896 1619 ἀρχῇ

113 1619 192 1654 λόγου
220 1621 402 1658 ἐπεξηγείξαι·
428 1624 482 1650 Καὶ
507 1626 523 1651 ὀ
551 1625 646 1659 Λόγος
670 1627 748 1660 σὰρξ
770 1628 898 1662 ἐγένετο,

114 1667 164 1692 καὶ
188 1667 367 1702 ἐσκήνωσεν
393 1670 428 1696 ἐν
451 1670 531 1704 ἡμῖν.
558 1671 636 1697 Κατὰ
658 1672 685 1698 δὲ
712 1673 761 1708 τὴν
787 1674 900 1701 ἐκείνων

113 1712 241 1739 ὑπόθεσιν
256 1714 305 1748 οὐχ
321 1715 335 1740 ὁ
349 1715 433 1748 Λόγος
450 1715 518 1751 σὰρξ
536 1716 652 1749 ἐγένετο,
669 1718 697 1749 ὅς
712 1727 743 1752 γε
763 1719 821 1745 οὐδὲ
834 1718 899 1755 ἦλθέ

113 1766 179 1784 ποτε
196 1759 273 1790 ἐκτὸς
293 1760 488 1796 Πληρώματος,
506 1762 572 1788 ἀλλὰ
585 1763 599 1788 6
612 1763 661 1798 τῆς
676 1764 831 1800 οἰκονομίας
851 1774 900 1800 με-

113 1805 306 1840 ταγενέστερος
329 1804 376 1831 τοῦ
393 1806 480 1840 Λόγου
500 1807 604 1842 Σωτήρ.

148 1895 213 1922 ΚΘ’.
233 1895 341 1923 Μάθετε
356 1895 413 1929 οὖν,
427 1897 546 1932 ἀνόητοι,
570 1898 672 1934 Ἰησοῦς
684 1899 698 1925 ὁ
713 1898 807 1926 παθὼν
830 1899 900 1934 ὑπὲρ

114 1942 130 1975 ἡ
136 1941 203 1976 μῶν,
221 1942 234 1967 6
252 1943 466 1977 κατασκηνώσας
476 1944 504 1969 ὲν
521 1945 597 1979 ἡμῖν,
613 1942 689 1976 οὗτος
705 1945 783 1976 αὐτός
800 1945 874 1971 ἐστιν
887 1946 901 1971 6

115 1986 199 2020 Λόγος
213 1986 259 2012 τοῦ
275 1987 352 2014 Θεοῦ.
379 1988 410 2015 Εἰ
426 1989 475 2024 μὲν
496 1990 549 2026 γὰρ
571 1991 649 2022 ἄλλος
665 2000 706 2022 τις
721 1991 775 2018 τῶν
791 1992 900 2019 Αὶώνων

117 2032 185 2068 ὑπὲρ
201 2034 250 2069 τῆς
264 2034 342 2068 ἡμῶν
357 2035 446 2064 αὐτῶν
462 2037 598 2072 σωτηρίας
615 2038 683 2073 σὰρξ
693 2038 809 2072 ἐγένετο,
828 2039 900 2070 εἰκὸς

115 2076 148 2114 ἦν
165 2079 229 2114 περὶ
254 2079 334 2106 ἄλλου
361 2082 498 2117 εἰρηκέναι
520 2083 566 2109 τὸν
593 2084 767 2110 Ἀπόστολον·
797 2085 821 2110 εἰ
845 2084 872 2110 δὲ
887 2086 900 2111 ὁ

117 2125 200 2159 Λόγος
214 2127 227 2152 6
241 2125 288 2152 τοῦ
313 2127 418 2162 Πατρὸς
440 2129 454 2153 ὁ
474 2129 607 2161 καταϐὰς,
633 2130 714 2162 αὑτός
738 2131 795 2157 ἐστι
819 2131 866 2158 καὶ
887 2133 902 2158 6

118 2172 227 2204 ἀναϐὰς,
244 2174 258 2200 6
273 2173 318 2200 τοῦ
337 2174 418 2208 μόνου
433 2175 499 2201 Θεοῦ
516 2175 661 2211 μονογενὴς
677 2176 740 2208 Υἱὸς
763 2177 832 2204 κατὰ
852 2178 901 2212 τὴν

118 2264 180 2299 περὶ
202 2264 281 2290 ἄλλου
298 2265 386 2296 τινὸς,
410 2265 470 2291 οὐδὲ
495 2266 559 2300 περὶ
589 2266 729 2300 Ὀγδοάδος
751 2267 795 2293 τὸν
822 2267 899 2302 λόγον

117 2310 308 2345 ἑμπεποίηται,
327 2311 383 2337 ἀλλ’
402 2311 418 2346 ἢ
445 2311 568 2346 περὶτοῦ
594 2312 697 2347 Κυρίου
729 2312 814 2347 Ἰησοῦ
831 2315 898 2348 Χρι-

119 2356 189 2383 στοῦ.
219 2356 284 2383 Οὐδὲ
309 2356 362 2391 γὰρ
379 2358 393 2382 ὁ
414 2357 498 2391 Λόγος
523 2357 582 2383 κατ’
610 2357 707 2389 αὐτοὺς
730 2359 900 2394 προηγουμέ-

119 2412 168 2436 νως
192 2402 259 2438 σὰρξ
283 2404 387 2438 γέγονε.
411 2403 526 2437 Λέγουσι
542 2403 570 2430 δὲ
590 2404 634 2430 τὺν
658 2405 771 2440 Σωτῆρα
787 2405 899 2432 ἐνδύσα-

121 2449 178 2476 σθαι
193 2449 272 2484 σῶμα
284 2449 396 2484 ψυχικὸν
408 2449 440 2475 ἐκ
452 2449 500 2483 τῆς
514 2449 668 2484 οἰκονομίας
683 2452 901 2486 κατεσκευασμέ-

120 2503 161 2520 νον
175 2495 285 2530 ἀρρήτῳ
302 2493 423 2528 προνοίᾳ,
444 2494 512 2528 πρὸς
526 2494 557 2520 τὺ
579 2494 674 2529 ὁρατὸν
695 2495 831 2528 γενέσθαι,
856 2497 902 2522 καί

120 2540 285 2575 ψηλαφητόν.
302 2539 374 2574 Σὰρξ
386 2539 414 2566 δέ
430 2540 502 2566 ἐστιν
517 2540 533 2575 ἡ
549 2540 650 2575 ἀρχαία
663 2541 695 2566 ἐκ
708 2540 754 2566 τοῦ
770 2541 817 2576 χοῦ
831 2542 901 2568 κατὰ

121 2586 162 2612 τὸν
181 2585 265 2620 ’Λόὰμ
280 2587 297 2620 ὴ
308 2586 434 2620 γεγονυῖα
450 2585 548 2617 πλάτις
565 2586 617 2612 ὑπὸ
632 2585 678 2612 τοῦ
695 2586 773 2618 Θεοῦ,
791 2588 823 2622 ἢν
835 2587 902 2622 ἀλη-

122 2632 171 2664 θῶς
196 2632 337 2666 γεγονέναι
361 2632 407 2658 τὸν
439 2632 524 2666 Λόγον
555 2631 602 2658 τοῦ
633 2632 700 2658 Θεοῦ
731 2633 864 2668 ἐμήνυσεν
889 2635 903 2660 ὁ

127 2679 258 2712 Ἰωάννης.
287 2678 342 2704 Καὶ
365 2678 473 2704 λέλυται
500 2678 622 2714 αὑτῶνὴ
646 2678 739 2714 πρώτη
758 2679 804 2705 καὶ
821 2679 904 2715 ἀρχέ-

123 2730 195 2756 γονος
216 2722 336 2756 Ὀγδοάς.
361 2723 435 2754 Ἔνος
452 2723 505 2758 γὰρ
519 2723 565 2748 mi.
579 2723 625 2748 τοῦ
638 2722 720 2749 αὐτοῦ
731 2723 904 2758 δεικνυμένου

124 2768 217 2802 Λόγου,
235 2768 282 2794 καὶ
297 2769 476 2803 Μονογενοῦς,
502 2768 550 2795 καὶ
570 2768 656 2804 Ζωῆς,
679 2768 726 2796 καὶ
739 2769 838 2803 Ψωτὸς,
859 2771 906 2797 καὶ

150 2860 160 2866 ι-
178 2844 257 2872 Deest
271 2844 312 2872 οὐ.

949 940 1110 969 Pleromatis
1125 946 1261 969 exortum.
1289 940 1390 976 Sicque
1414 948 1509 968 eorum
1531 947 1591 974 qua:
1606 938 1734 966 dicuntur

951 988 1056 1023 singula
1078 995 1094 1014 a
1113 987 1228 1015 veritate
1252 991 1420 1022 promentes,
1446 993 1478 1013 ac
1501 985 1657 1013 nominibus
1685 984 1734 1011 ab-

950 1037 1068 1067 utentes,
1084 1034 1117 1061 ad
1139 1041 1218 1061 usum
1239 1042 1318 1061 suum
1330 1033 1537 1069 opinionemque
1552 1031 1732 1059 transferunt.

950 1078 988 1104 Ex
1008 1086 1060 1112 qua
1087 1078 1196 1105 illorum
1223 1079 1358 1105 sententia
1375 1078 1510 1112 sequitur,
1527 1081 1567 1103 tot
1592 1076 1618 1102 in
1642 1075 1732 1102 verbis

949 1124 1080 1152 Joannem
1105 1123 1169 1152 Jesu
1196 1124 1298 1151 Christi
1325 1124 1492 1151 mentionem
1509 1131 1542 1150 ne
1559 1122 1647 1149 littera
1674 1119 1734 1156 qui-

949 1171 1009 1198 dem
1040 1171 1172 1205 attigisse.
1201 1170 1277 1198 Licet
1302 1170 1373 1198 enim
1398 1169 1505 1197 Patrem
1531 1167 1688 1199 nominarit,
1706 1169 1734 1194 et

949 1216 1082 1249 Gratiam,
1103 1216 1288 1250 Unigcnitum,
1313 1220 1340 1243 et
1362 1215 1520 1248 Veritatem,
1544 1221 1576 1241 ac
1602 1213 1731 1244 Verbum,

950 1261 1051 1292 Vitam,
1067 1261 1209 1288 Hominem
1237 1267 1264 1288 et
1281 1260 1449 1294 Ecclesiam;
1478 1261 1536 1288 hac
1561 1260 1599 1286 illi
1620 1261 1733 1286 censent

949 1307 982 1334 de
1001 1308 1088 1342 prima
1105 1306 1234 1342 Ogdoade
1251 1315 1311 1334 esse
1324 1306 1396 1333 dicta
1411 1316 1418 1334 :
1440 1306 1466 1333 in
1483 1314 1537 1341 qua
1552 1305 1672 1333 nondum
1687 1303 1733 1331 Je-

950 1360 1007 1384 sus,
1026 1352 1144 1379 nondum
1160 1352 1286 1380 Christus
1299 1351 1415 1379 Joannis
1427 1352 1555 1386 magister
1566 1350 1730 1378 continetur.

950 1397 1049 1426 Verum
1067 1399 1145 1433 longe
1160 1398 1256 1426 abesse
1271 1402 1301 1425 ut
1317 1398 1351 1425 de
1366 1398 1500 1432 conjugiis
1518 1398 1571 1424 illis
1585 1396 1733 1432 Apostolus

950 1445 1024 1480 loqui
1047 1445 1173 1477 voluerit,
1189 1445 1277 1480 deque
1298 1445 1407 1472 Christo
1431 1443 1495 1471 Jesu
1513 1443 1626 1470 Domino
1640 1447 1733 1469 nostro

951 1490 1155 1524 intelligendum
1171 1498 1242 1522 esse,
1255 1489 1326 1525 quod
1341 1493 1368 1516 et
1385 1489 1503 1516 Verbum
1518 1488 1584 1516 solet
1599 1487 1734 1522 appellare

913 1552 933 1580 Ο
952 1535 1009 1568 Dei,
1033 1543 1087 1563 non
1113 1535 1228 1562 obscure
1252 1535 1309 1570 ipse
1332 1535 1461 1562 declarat.
1488 1533 1593 1560 Etenim
1614 1539 1676 1559 cum
1701 1532 1734 1559 de

953 1580 1039 1607 Verbo
1066 1580 1123 1612 illo,
1140 1579 1213 1615 quod
1228 1586 1307 1607 antea
1321 1580 1348 1606 in
1368 1579 1503 1614 principio
1519 1577 1604 1605 fuisse
1618 1577 1733 1610 dixerat,

950 1625 1106 1653 summatim
1139 1625 1276 1659 disputata
1301 1624 1456 1659 colligeret,
1489 1624 1524 1650 ita
1557 1623 1734 1657 pronuntiare

950 1670 1055 1705 pergit:
1074 1669 1105 1697 Et
1129 1670 1239 1697 Verbum
1256 1678 1318 1696 caro
1334 1669 1434 1703 factum
1455 1673 1505 1701 est,
1520 1675 1542 1696 et
1557 1668 1683 1694 habitavit
1706 1668 1734 1694 in

950 1715 1034 1742 nobis.
1050 1716 1085 1742 At
1100 1715 1213 1742 istorum
1226 1716 1355 1750 opinione
1373 1713 1491 1741 Verbum
1512 1721 1600 1748 neque
1616 1720 1680 1740 caro
1695 1712 1735 1740 fa-

950 1765 1024 1788 ctum
1038 1766 1091 1793 cst,
1117 1769 1206 1797 neque
1229 1769 1348 1796 unquam
1376 1769 1391 1788 a
1419 1760 1570 1787 Pleromate
1595 1758 1733 1791 discessit,

951 1807 998 1834 sed
1012 1807 1136 1834 Salvator
1149 1807 1260 1842 quidam
1273 1807 1344 1834 alius
1356 1806 1534 1842 procurandae
1543 1813 1626 1833 causa
1638 1804 1734 1832 salutis

951 1854 1050 1885 editus.
1068 1853 1211 1888 Verboque
1227 1854 1370 1881 recentior.

985 1899 1082 1926 XXIX.
1114 1899 1298 1932 Quamobrem
1315 1899 1411 1926 discite
1442 1897 1550 1925 tandem
1577 1895 1733 1932 aliquando,

951 1945 1043 1973 stulti!
1062 1945 1159 1973 discite
1180 1944 1273 1973 Jesum
1291 1946 1366 1972 illum
1391 1945 1437 1980 qui
1463 1948 1557 1971 nostra
1574 1951 1656 1971 causa
1672 1950 1735 1978 pas-

951 1999 999 2019 sus
1016 1995 1068 2023 est,
1091 1992 1138 2026 qui
1162 1992 1293 2018 habitavit
1308 1991 1334 2018 in
1353 1991 1441 2023 nobis,
1459 1990 1584 2017 eumdem
1607 1988 1654 2016 Dci
1673 1996 1735 2016 esse

953 2038 1082 2065 Verbum.
1105 2037 1172 2064 Nam
1189 2037 1211 2065 si
1226 2038 1296 2064 alius
1310 2044 1343 2064 ex
1367 2036 1485 2063 [Eonum
1507 2043 1621 2062 numero
1638 2035 1734 2062 salutis

951 2087 1051 2110 nostra:
1074 2083 1161 2117 gratia
1180 2090 1290 2109 carnem
1318 2081 1461 2112 induisset,
1484 2087 1590 2115 a-quum
1617 2083 1677 2106 erat
1700 2079 1735 2106 de

951 2120 1004 2155 alio
1018 2135 1126 2163 quoque
1143 2128 1307 2155 mentionem
1325 2127 1358 2154 ab
1375 2127 1505 2161 Apostolo
1520 2126 1587 2153 lieri.
1605 2125 1653 2152 Sin
1663 2125 1734 2152 idem

952 2174 1040 2202 Patris
1054 2173 1184 2206 Verbum,
1203 2173 1276 2208 quod
1293 2181 1308 2201 e
1323 2174 1393 2200 coelo
1408 2173 1548 2207 delapsum
1563 2176 1614 2203 est,
1638 2171 1734 2199 eodem

58 2227 67 2237 ι
117 2218 162 2244 τοῦ
177 2219 282 2253 Πατρὺς
300 2219 424 2246 εὐδοκίαν
441 2221 590 2256 σαρκωθεὶς
606 2222 676 2256 ὑπὲρ
695 2222 855 2257 ἀνθρώπων,
869 2223 898 2249 οὺ

953 2221 1120 2256 postliminio
1145 2220 1236 2252 rediit,
1257 2220 1349 2252 unius,
1362 2220 1482 2254 inquam,
1500 2219 1544 2245 ille
1566 2218 1612 2245 Dei
1637 2218 1734 2244 unicus

952 2267 1037 2294 Filius
1053 2274 1084 2294 ex
1103 2267 1232 2293 benevolo
1255 2266 1342 2293 Patris
1366 2267 1464 2293 allectu
1488 2264 1626 2291 hominum
1651 2271 1735 2291 causa

953 2320 1034 2339 carne
1050 2313 1176 2342 vestitus.
1203 2320 1255 2338 non
1274 2311 1307 2338 de
1324 2311 1378 2338 alio
1393 2310 1533 2345 quopiam,
1559 2317 1611 2336 non
1634 2309 1667 2336 de
1682 2309 1736 2336 illa

951 2357 1045 2384 nescio
1061 2365 1113 2391 qua
1129 2356 1265 2391 Ogdoadc,
1282 2356 1330 2383 sed
1351 2355 1385 2382 de
1406 2355 1471 2382 Jcsu
1494 2355 1602 2381 Christo
1620 2354 1735 2381 Domino

952 2408 1045 2430 nostro
1071 2410 1223 2430 sermonem
1247 2403 1376 2429 instituit.
1403 2401 1494 2435 Neque
1519 2402 1591 2428 enim
1614 2400 1734 2428 Verbum

951 2450 995 2476 isti
1022 2449 1158 2483 praecipue
1184 2452 1297 2475 censent
1322 2454 1432 2474 carnem
1455 2454 1517 2474 esse
1541 2446 1652 2473 factum.
1681 2445 1734 2473 Sed

952 2495 1120 2522 Salvatorem
1139 2494 1229 2521 ferunt
1245 2494 1362 2520 animale
1382 2492 1518 2528 quoddam
1533 2493 1655 2520 induisse
1675 2499 1735 2519 cor-

952 2548 1012 2574 pus.
1030 2540 1102 2575 quod
1119 2540 1306 2566 incarnatione
1328 2541 1386 2574 ipsa
1402 2538 1585 2573 inexplicabili
1601 2538 1736 2573 sapientia

953 2586 1133 2612 constitutum
1163 2589 1215 2619 cst,
1234 2589 1264 2612 ut
1287 2585 1372 2612 videri
1392 2586 1609 2619 contreetarique
1634 2589 1735 2619 pOSScl.

951 2632 1085 2659 Cmterum
1103 2639 1169 2659 caro
1191 2637 1269 2659 vetus
1284 2632 1348 2658 illud
1364 2639 1432 2666 opus
1460 2631 1507 2659 Dei
1532 2635 1584 2663 est,
1598 2631 1656 2666 jam
1680 2635 1737 2658 tum

953 2677 987 2705 ab
1011 2677 1107 2704 Adami
1135 2677 1302 2712 temporibus
1325 2684 1358 2704 ex
1384 2677 1466 2703 humo
1488 2677 1634 2703 formatum
1655 2683 1736 2710 quam

956 2723 1001 2751 Dci
1019 2723 1134 2751 Verbum
1155 2723 1235 2758 200
1254 2723 1338 2751 fuisse
1353 2723 1494 2750 verissime
1506 2722 1625 2750 Joannes
1646 2720 1737 2756 prodi-

955 2770 1003 2798 dit.
1024 2770 1064 2798 Ita
1086 2769 1173 2805 prima
1195 2770 1303 2797 illorum
1325 2773 1352 2796 et
1375 2768 1565 2804 antiquissima
1580 2767 1688 2803 Ogdoas
1710 2766 1737 2794 in
