1961 3046
112 179 167 208 533

487 181 674 210 ADVERSUS
692 181 864 209 IIIERESES
884 181 947 210 LIB.
969 183 990 210 1.
1013 182 1097 210 ΤΟΜ.
1117 182 1189 210 ll.—
1209 182 1348 211 II/ERES.
1365 182 1460 210 XXXI.

1695 182 1748 211 53K

113 239 258 274 λύτρωσις,
285 239 329 267 ἶνα
353 248 394 271 τις
414 239 458 266 τὸν
481 241 562 275 μῖμον
582 241 662 268 αὑτὸν
683 240 839 276 περαιώσας
857 241 897 268 τὸν

955 241 1053 269 fabulae
1079 241 1188 274 exodio,
1208 240 1360 268 dimittendi
1386 244 1492 275 tempus
1516 244 1569 271 est.
1588 240 1743 267 consultum

114 288 334 320 ἀνασκευάζοντα
346 288 424 322 λόγον
439 289 597 323 ἐπενεγκεῖν
609 291 629 320 ¹,
643 290 732 321 καλῶς
762 290 834 325 ἔχειν
856 291 906 317 ὑπ-

114 333 249 369 ελάϐομεν
262 333 393 365 ἐπιδεῖξαι
405 334 546 369 πρότερον,
565 335 594 361 ἐν
608 332 648 366 οἷς
663 336 686 361 οἱ
697 335 816 370 πατέρες
830 336 907 363 αὐτοὶ

114 379 189 406 τοῦδε
207 379 255 406 τοῦ
273 379 358 414 θυμοῦ
373 381 383 395 ¹
400 380 573 415 διαφέρονται
586 381 655 415 πρὸς
671 381 810 416 ἀλλήλους,
823 382 860 412 ὼς
875 382 906 407 ὲκ

112 425 249 461 διαφόρων
261 424 425 460 πνευμάτων
435 425 484 459 τῆς
496 425 599 459 πλάνης
606 425 691 457 ὄντες.
705 426 759 451 Καὶ
770 426 800 452 ἐκ
812 424 905 451 τούτου

114 471 168 507 γὰρ
185 471 307 505 ἀκριϐῶς
325 471 440 497 συνιδεῖν
451 471 537 504 ἔσται,
550 472 597 498 καὶ
611 472 663 507 πρὸ
676 472 725 507 τῆς
743 472 905 504 ἀποδείξεως

114 517 226 552 βεϐαίαν
234 517 283 552 τὴν
296 516 349 542 ὑπὸ
360 517 409 552 τῆς
431 516 594 552 Ἐκκλησίας
618 518 826 553 κηρυσσομένην
843 518 906 553 ἀλή-

114 563 199 595 θειαν,
214 563 262 588 καὶ
278 562 327 598 τὴν
341 562 393 588 ὑπὸ
409 561 512 588 τούτων
523 563 788 598 παραπεποιημένην
803 563 904 599 ψευδη-

113 609 216 645 γορίαν.
234 609 267 635 Ἥ
287 609 336 644 μὲν
350 608 404 644 γὰρ
419 608 576 644 Ἐκκλησία,
593 608 693 644 καίπερ
704 609 764 635 καθ’
779 609 843 644 ὅλης
854 609 903 645 τῆς

111 655 274 690 οἰκουμένης
289 654 342 686 ἕως
354 654 479 689 περάτων
492 653 542 688 τῆς
558 654 609 687 γῆς
619 653 816 690 διεσπαρμένη,
828 655 904 690 παρά

110 700 140 727 δὲ
152 700 206 726 τῶν
227 700 383 726 ἀποστόλων
409 701 457 727 καὶ
473 700 526 726 τῶν
539 699 650 726 ἐκείνων
669 700 797 735 μαθητῶν
814 709 903 736 παρα-

111 746 233 773 λαϐοῦσα
247 747 296 782 τὴν
309 746 348 778 εἰς
363 746 411 773 ἕνα
431 746 497 773 Θεὸν
518 747 627 782 Πατέρα
639 747 846 782 παντοκράτορα
858 747 902 774 τὸν

111 791 282 827 πεποιηκότα
301 791 346 817 τὸν
372 791 486 827 οὐρανὸν
513 791 559 817 καὶ
581 790 630 826 τὴν
645 790 708 825 γῆν,
727 790 773 816 καὶ
793 790 842 822 τὰς
856 790 902 816 θα-

111 837 225 869 λάσσας,
242 837 290 864 καὶ
307 837 396 864 πάντα
409 836 444 863 τὰ
459 837 488 863 ἐν
501 837 602 869 αὐτοῖς,
621 837 723 869 πίστιν,
739 837 786 863 καὶ
801 837 840 867 εἰς
854 837 902 863 ἕνα

110 883 228 918 Χριστὸν
252 882 355 917 Ἰησοῦν
372 882 417 909 τὸν
438 882 503 908 Υίὸν
521 882 568 909 τοῦ
583 882 649 909 Θεοῦ
663 882 708 908 τὸν
726 882 902 917 σαρκωθέντα

111 929 181 964 ὑπὲρ
195 928 245 963 τῆς
257 927 394 963 ἡμετέρας
410 928 557 962 σωτηρίας,
580 927 626 954 καὶ
648 928 688 959 εἰς
701 927 812 962 Πνεῦμα
824 927 900 961 ἆγιον

109 974 140 1001 τδ
154 975 198 1001 διὰ
211 975 266 1001 τῶν
281 973 430 1010 προφητῶν
444 973 595 1009 κεκηρυχός
608 973 658 1006 τὰς
674 973 838 1009 οἰκονομίας,
852 974 900 1000 καὶ

108 1021 159 1053 τὰς
174 1021 303 1052 ὲλεὺσεις,
319 1021 367 1047 καὶ
386 1020 435 1056 τὴν
449 1020 481 1046 ἐκ
497 1020 631 1055 παρθένου
650 1020 787 1055 γέννησιν,
807 1020 854 1047 καὶ
870 1019 900 1046 τὸ

109 1067 205 1100 πάθος,
218 1067 266 1093 καὶ
277 1067 327 1102 τὴν
340 1066 449 1101 ἔγερσιν
466 1067 497 1092 ὲκ
509 1065 624 1101 νεκρῶν,
642 1066 689 1092 καὶ
705 1066 754 1101 τὴν
767 1065 899 1101 ἕνσαρκον

108 1114 149 1144 είς
159 1114 220 1144 τοὺς
234 1112 365 1148 οὐρανοὺς
380 1111 511 1146 ἀνάληψιν
526 1110 573 1137 τοῦ
589 1111 768 1146 ἠγαπημένον
781 1109 898 1147 Χριστοῦ

114 1158 202 1194 Ἰησοῦ
213 1158 259 1185 τοῦ
280 1158 381 1193 Κυρίου
396 1157 485 1193 ἡμῶν,
499 1157 547 1184 καὶ
562 1157 610 1192 τὴν
622 1158 653 1184 ὲκ
663 1158 717 1183 τῶν
733 1157 854 1192 οὐρανῶν
870 1157 899 1184 ἐν

107 1209 139 1243 τῇ
152 1206 215 1242 δόξῃ
230 1205 277 1232 τοῦ
295 1206 400 1241 Harpe;
417 1206 568 1241 παρουσίαν
585 1204 678 1235 αὐτοῦ,
696 1205 781 1231 ὲπὶτὺ
798 1205 897 1232 ἀνακε-

107 1253 314 1289 φαλαιώσασθαι
324 1252 358 1278 τὰ
376 1252 474 1284 πάντα,
488 1252 535 1279 καὶ
545 1251 695 1286 ἀναστῆσαι
710 1252 792 1277 πᾶσιν
809 1252 898 1287 σάρκα

107 1300 198 1334 πάσης
214 1298 433 1334 ἀνῢρωπότητος,
455 1298 499 1324 ἴνα
521 1298 631 1333 Χριστῷ
646 1297 734 1333 Ἰησοῦ
749 1297 787 1332 τῷ
804 1297 898 1333 Κυρίῳ

106 1346 196 1382 ἡμῶν,
211 1346 258 1374 καὶ
267 1345 327 1381 Θεῷ
338 1346 385 1372 καὶ
399 1345 506 1380 Σωτῆρι
520 1345 565 1371 καὶ
581 1344 685 1379 βασιλεί
703 1344 773 1371 κατά
793 1345 841 1379 τὴν
853 1345 898 1371 εὐ-

105 1393 198 1420 δοκίαν
228 1391 274 1418 τοῦ
300 1392 407 1427 Πατρὸς
426 1391 472 1418 τοῦ
487 1392 603 1427 ἀοράτου
624 1390 685 1417 πᾶν
702 1391 775 1425 γόνυ
793 1390 896 1425 κάμψῃ

105 1438 302 1472 ἐπουρανίων,
320 1437 368 1464 καὶ
388 1437 537 1472 ἐπιγείων,
551 1436 600 1463 καὶ
619 1437 834 1470 καταχθονίων,
848 1436 896 1463 καὶ

105 1485 190 1511 πᾶσα
206 1483 333 1517 γλῶσσα
358 1482 616 1518 ἐξομολογήσηται
632 1481 722 1514 αὐτῷ,
748 1483 794 1509 καὶ
807 1483 896 1517 κρίσιν

105 1531 211 1557 δικαίαν
227 1532 256 1556 ὲν
271 1531 327 1561 τοῖς
344 1530 411 1555 πᾶσι
431 1529 593 1564 ποιήσηται·
612 1528 647 1555 τὰ
661 1528 710 1564 μὲν
724 1529 896 1564 πνευματικὰ

105 1577 153 1611 τῆς
166 1575 308 1612 πονηρίας,
323 1576 369 1602 καὶ
383 1575 513 1610 ἀγγέλους
527 1576 590 1606 τοὺς
603 1574 839 1609 παραϐεϐηκότας,
849 1575 896 1601 καὶ

104 1623 134 1648 ἐν
145 1622 297 1657 ἀποστασία
311 1622 467 1656 γεγονότας,
494 1622 540 1648 καὶ
558 1621 621 1652 τοὺς
637 1621 756 1653 ἀσεϐεῖς,
774 1621 820 1647 καὶ
838 1620 895 1647 ἀδί-

104 1677 179 1699 κους,
196 1669 243 1694 καὶ
267 1668 394 1703 ἀνόμους,
420 1667 468 1693 καὶ
483 1667 659 1702 βλασφήμους
673 1667 727 1693 τῶν
745 1666 896 1702 ἀνθρώπων

103 1715 144 1746 εἰς
154 1714 184 1740 τδ
197 1715 305 1740 αἰώνιον
317 1713 371 1749 πῦρ
381 1713 413 1739 πέ
419 1713 475 1748 pen
488 1721 494 1728 '
505 1715 560 1744 τοῖς
572 1713 599 1739 δὲ
613 1712 736 1744 δικαίοις,
746 1713 793 1739 καὶ
801 1713 894 1744 ὁσίοις,

104 1760 213 1792 καὶτὰς
230 1759 340 1791 ἐντολὰς
356 1758 437 1785 αὑτοῦ
458 1759 634 1795 τετηρηκόσι,
650 1760 697 1786 καὶ
709 1760 737 1785 ὲν
753 1760 786 1794 τῇ
802 1759 895 1794 ἀγάπῃ

103 1805 187 1832 αὑτοῦ
211 1804 425 1840 διαμεμενηκόσι
452 1805 509 1835 τοῖς
534 1804 582 1830 ἀπ’
607 1805 705 1840 ἀρχῆς,
730 1805 786 1835 τοῖς
805 1803 833 1830 δὲ
864 1805 896 1830 ὲκ

105 1851 249 1885 μετανοίας
257 1851 267 1865 ³
276 1850 349 1882 ζωὴν
360 1849 554 1885 χαρισάμενος,
567 1849 721 1885 ἀφθαρσίαν
728 1849 895 1886 δωρήσηται,

104 1897 151 1923 καὶ
160 1896 238 1928 δόξαν
256 1895 368 1923 αἰωνίαν
385 1897 561 1932 περιποιήσῃ.

139 1984 201 2010 AA’.
218 1983 304 2010 Τοῦτο
316 1983 346 2010 τὸ
367 1984 498 2019 κήρυγμα
516 1983 712 2019 παρειληφυῖα,
733 1983 779 2009 καὶ
794 1983 894 2018 ταύτην

103 2030 152 2065 τὴν
175 2029 275 2061 πίστιν,
293 2029 330 2061 ὡς
353 2029 522 2066 προέφαμεν,
540 2030 556 2064 ἡ
575 2029 732 2064 Ἐκκλησία,
748 2029 848 2065 καίπερ
866 2029 894 2056 ἐν

103 2076 156 2111 ὅλῳ
164 2075 203 2111 τῷ
219 2076 313 2111 κόσμῳ
325 2075 522 2111 διεσπαρμένη,
544 2075 683 2109 ἐπιμελῶς
698 2075 839 2110 φυλάσσει,
857 2076 895 2107 ὡς

103 2121 150 2148 ένα
168 2119 242 2148 οἶκον
254 2121 377 2149 οἰκοῦσα·
401 2122 447 2148 καὶ
468 2121 568 2156 ὁμοίως
585 2121 706 2148 πιστεύει
730 2122 843 2153 τούτοις,
857 2121 894 2153 ὡς

103 2168 168 2203 μίαν
177 2167 266 2203 ψυχὴν
279 2168 326 2194 καὶ
341 2168 391 2203 τὴν
401 2167 483 2202 αὐτὴν
503 2167 603 2203 ἔχουσα
619 2167 743 2203 καρδίαν·
761 2167 809 2194 καὶ
827 2176 894 2202 συμ-

103 2213 199 2248 φώνως
209 2214 296 2240 ταῦτα
309 2213 453 2250 κηρύσσει,
474 2213 520 2239 καὶ
532 2213 662 2245 διδάσκει,
680 2213 726 2240 καὶ
743 2213 895 2248 παραδίδω-

103 2269 155 2293 σιν,
183 2261 221 2292 ὼς
245 2261 274 2287 ἓν
303 2261 389 2296 στόμα
403 2261 569 2295 κεκτημένη.
587 2260 642 2286 Καὶ
657 2260 710 2295 γὰρ
725 2261 752 2286 αἱ
765 2260 835 2286 κατά
848 2259 892 2286 τὸν
909 2275 930 2303 D

103 2306 204 2341 κόσμον
216 2306 350 2332 διὰλεκτοι
364 2307 485 2342 ἀνόμοιοι
495 2315 501 2322 ’
514 2306 570 2333 ἀλλ’
585 2307 602 2340 ἡ
615 2306 728 2341 δύναμις
739 2306 788 2341 τῆς
801 2314 891 2341 παρα-

103 2353 201 2384 δόσεως
225 2353 274 2387 μία
289 2353 336 2379 καὶ
356 2353 372 2388 ἡ
394 2353 462 2388 αὐτή
477 2361 483 2367 ·
502 2352 622 2380 mlo-31:5
639 2353 668 2379 αἱ
685 2353 713 2379 ὲν
729 2353 893 2388 Γερμανίαις

104 2398 244 2433 ἱδρυμέναι
263 2398 419 2433 Ἐκκλησίαν.
436 2399 524 2430 ἄλλως
537 2398 791 2433 πεπιστεύκασιν,ῆ
806 2398 893 2430 ἄλλως

104 2443 305 2478 παραδιδόασιν,
329 2443 390 2470 οὔτε
417 2446 445 2471 ὲν
469 2446 528 2476 ταῖς
545 2444 681 2480 Ἰϐερίαις,
695 2443 758 2470 οὔτε
774 2445 803 2471 ὲν
823 2444 893 2471 Κελ-

105 2491 166 2522 τοῖς,
179 2489 241 2517 οὔτε
257 2490 326 2517 κατά
336 2491 384 2522 τὰς
395 2491 538 2523 ἀνατολὰς,
553 2491 615 2518 οὔτε
630 2490 815 2526 ένἋὶγύπτῳ,
831 2489 893 2516 οὔτε

105 2538 130 2562 ἓν
145 2535 243 2571 Λιϐύῃ,
258 2535 320 2562 οὔτε
335 2537 362 2562 αί
374 2537 445 2564 κατὰ
463 2537 534 2572 μέσα.
544 2537 590 2564 τοῦ
612 2537 715 2572 κόσμου
730 2536 870 2572 ἱδρυμέναι
883 2545 890 2551 ·

104 2581 158 2608 ἀλλ’
174 2580 378 2617 ὦσπερὸῆλιος
399 2582 429 2608 τὸ
443 2583 545 2617 κτίσμα
563 2583 609 2609 τοῦ
631 2582 699 2609 Θεοῦ
725 2584 754 2609 ἐν
778 2582 831 2617 ὅλῳ
852 2581 891 2617 τῷ

103 2629 196 2663 κόσμῳ
211 2625 251 2660 εἷς
283 2628 331 2655 καὶ
344 2629 359 2654 ὁ
383 2629 464 2660 αὑτός
476 2636 483 2642 ·
507 2628 578 2655 οὕτω
593 2629 640 2655 καὶ
656 2628 686 2654 τὸ
702 2629 832 2664 κήρυγμα
843 2628 891 2663 τῆς

102 2674 230 2709 ἀληθείας
237 2675 362 2709 πανταχῆ
374 2674 474 2709 φαίνει,
488 2673 653 2708 καὶφωτίζει
667 2674 771 2706 πάντας
785 2671 893 2708 ἀνθρὼ-

101 2728 169 2751 πους
193 2720 256 2751 τοὺς
275 2720 454 2755 βουλομένους
473 2721 511 2752 είς
536 2721 683 2754 ἐπίγνωσιν
698 2719 827 2756 ἀληθείας
848 2719 892 2746 ὲλ-

137 2799 144 2814 ¹
160 2798 221 2826 For.
240 2806 386 2835 επενεγκῃ.
425 2801 434 2815 ¹
450 2799 512 2827 For.
529 2799 575 2826 τοῦ
587 2799 615 2826 δὲ
632 2799 728 2835 μύθου.

101 2862 161 2889 cap.
190 2854 233 2881 18.
259 2853 314 2883 Nos
339 2859 429 2882 autem
455 2855 527 2883 aliud
548 2863 609 2883 esse
633 2857 684 2883 hoc
701 2855 810 2889 quidem
829 2855 889 2882 loco

101 2889 324 2923 suspicabamur,
342 2898 440 2925 nempe
455 2891 597 2920 exordium
614 2890 724 2920 tabulae.
744 2890 802 2920 Non
818 2890 890 2920 enim

322 2935 328 2947 Ι

957 289 1015 316 fore
1028 289 1166 320 duximus,
1186 289 1208 315 si
1224 288 1256 314 ad
1279 288 1386 314 illorum
1406 287 1605 314 confutandam
1623 294 1742 314 erroretr

956 334 1056 370 aliquid
1084 334 1291 367 subjiceremus.
1309 331 1361 360 Sed
1379 332 1455 367 prius
1478 337 1569 359 tatnen
1597 332 1742 359 ostenden-

954 381 1018 408 dum
1036 380 1102 407 illud
1119 386 1171 412 est,
1190 379 1290 414 quibus
1313 380 1339 406 in
1355 379 1437 406 rebus
1453 378 1550 405 fabula:
1568 378 1642 405 illius
1654 383 1736 404 aucto

955 434 999 454 res
1014 434 1029 452 a
1046 434 1074 453 se
1092 426 1210 453 invicem
1232 425 1392 456 dissideant,
1407 431 1476 459 quos
1490 423 1590 450 diversi
1607 423 1681 450 velut
1696 422 1742 448 l‘al-
1782 433 1786 436 “

955 473 1043 500 sitatis
1058 472 1171 507 spiritus
1190 471 1344 498 contrarias
1364 471 1390 497 in
1413 474 1504 505 partes
1522 469 1670 504 abripiunt.
1688 467 1742 495 Hoc

954 519 1025 545 enim
1040 526 1071 545 ex
1086 518 1175 553 capite
1193 517 1234 544 vel
1259 517 1324 544 citra
1341 516 1528 552 probationem
1545 515 1627 542 ullatn
1648 513 1740 541 certis-

955 564 1024 592 sime
1039 563 1185 595 constabit,
1203 570 1263 590 cum
1276 563 1391 590 solidam
1410 569 1441 588 ac
1456 561 1581 588 stabilem
1599 567 1659 588 esse
1674 559 1740 586 veri-

953 614 1036 637 tatem
1057 610 1141 641 illam,
1158 617 1239 644 quatn
1265 608 1386 636 Ecclesia
1402 607 1541 642 praedicat,
1564 611 1621 633 tum
1638 606 1742 633 adulte-

954 657 1041 683 rinam
1056 663 1088 682 ac
1100 654 1258 682 mendacem
1272 654 1380 681 illorum
1399 661 1460 681 esse
1473 652 1637 681 doctrinam.
1654 651 1736 687 Siqui-

953 701 1014 729 dem
1032 701 1155 728 Ecclesia
1186 705 1243 728 toto
1260 700 1324 728 licet
1350 700 1416 727 orbe
1445 699 1480 726 ad
1501 703 1636 727 extremos
1657 706 1741 734 usque

955 752 1089 775 terrarum
1116 746 1218 774 limites
1243 745 1380 781 dispersa,
1399 753 1461 773 eum
1490 745 1524 772 ab
1547 744 1677 780 apostolis
1696 752 1741 772 eo-

953 801 1068 828 rumque
1083 793 1226 827 discipulis
1255 791 1334 819 ildem
1359 791 1495 826 acceperit
1516 791 1541 818 in
1561 799 1644 818 unum
1660 790 1742 818 Deum

953 839 1061 867 Patrem
1085 839 1312 874 omnipotentem,
1338 839 1385 872 qui
1409 838 1520 869 cmlum,
1538 841 1694 872 terramque
1711 844 1741 864 ac

953 886 1050 918 maria,
1081 893 1142 912 cum
1172 885 1308 912 universis
1340 892 1400 919 quae
1427 885 1454 911 in
1476 883 1530 910 illis
1547 883 1741 918 comprehensa

953 936 1026 964 sunt,
1045 931 1187 964 condidit;
1203 935 1229 958 et
1252 931 1278 957 in
1296 938 1378 957 unum
1396 929 1488 957 Iesum
1507 928 1604 956 Filium
1624 929 1682 960 Dei,
1697 930 1740 964 qui

953 986 1002 1014 pro
1020 984 1113 1006 nostra
1129 979 1216 1006 salute
1228 985 1338 1005 carnem
1355 976 1458 1009 induit;
1475 976 1591 1011 atquein
1611 975 1741 1011 Spiritum

953 1029 1091 1057 sanctum,
1117 1024 1163 1059 qui
1179 1031 1286 1051 onmem
1319 1023 1393 1050 illam
1423 1023 1504 1050 unice
1527 1021 1619 1049 dilecti
1640 1021 1741 1049 Christi

952 1070 1015 1098 Jesu
1032 1069 1139 1097 Domini
1155 1068 1241 1096 nostri
1254 1067 1532 1099 administrationem,
1546 1070 1573 1094 et
1584 1066 1740 1100 adventum,

951 1121 1096 1151 ortumque
1116 1115 1150 1143 de
1167 1115 1279 1150 Virgine
1295 1122 1342 1150 per
1359 1114 1506 1149 prophetas
1530 1113 1741 1148 praenuntiavit;

952 1170 1059 1190 necnon
1076 1165 1102 1189 et
1123 1161 1326 1196 perpessionem
1342 1167 1374 1187 ac
1391 1159 1640 1191 resurrectionem,
1671 1163 1699 1186 et
1715 1159 1741 1186 in

951 1209 1050 1235 caelum
1067 1207 1255 1234 ascensionem
1272 1212 1334 1233 eum
1345 1212 1477 1240 corpore;
1492 1205 1666 1239 futurumque
1677 1205 1741 1232 olim

952 1254 1071 1281 indidem
1097 1258 1209 1288 paterna
1230 1259 1292 1279 cum
1316 1251 1460 1286 majestate
1475 1251 1647 1285 descensum,
1668 1255 1696 1279 ut
1714 1252 1741 1278 in

951 1307 1085 1328 smmiam
1101 1299 1175 1326 velut
1193 1299 1320 1326 universa
1343 1298 1498 1330 contrahat,
1514 1303 1541 1326 et
1556 1299 1678 1326 omnium
1696 1299 1732 1327 ho

951 1345 1054 1372 primum
1069 1351 1184 1380 corpora
1201 1348 1311 1371 revocet
1322 1344 1355 1370 ad
1373 1344 1475 1373 vitam:
1490 1348 1572 1380 atque
1588 1349 1617 1372 ut
1633 1345 1741 1372 Christo

950 1391 1014 1418 Jesu
1031 1390 1145 1418 Domino
1161 1394 1255 1418 nostro
1270 1397 1301 1417 ac
1317 1389 1372 1417 Deo
1387 1395 1415 1418 et
1430 1389 1564 1419 Salvatori
1582 1390 1695 1426 regique
1708 1391 1741 1419 de

950 1437 1024 1464 illius
1040 1436 1086 1471 qui
1103 1435 1188 1463 videri
1205 1443 1259 1462 non
1275 1439 1374 1470 potest,
1390 1436 1534 1464 voluntate
1549 1436 1648 1469 Patris,
1662 1446 1740 1464 omne

950 1481 1030 1516 202
1053 1489 1119 1516 genu
1142 1481 1264 1514 ﬂectatur
1284 1481 1443 1513 cwlestium,
1470 1482 1633 1508 terrestrium
1662 1487 1685 1508 et
1700 1483 1740 1510 ἰη-

950 1527 1096 1561 fcrnorvm,
1112 1530 1136 1552 et
1155 1526 1239 1552 omnis
1255 1527 1342 1560 ipsum
1361 1526 1451 1561 lingua
1467 1527 1625 1562 conﬁteatur
1639 1527 1668 1562 l‘;
1687 1528 1740 1555 uti-

949 1579 1002 1606 que
1020 1575 1123 1598 rectum
1140 1571 1166 1597 in
1187 1578 1282 1598 ontnes
1298 1571 1433 1605 judicium
1458 1576 1595 1604 exerceat,
1613 1580 1645 1599 ac
1659 1572 1740 1607 spiri-

948 1617 1012 1644 talia
1036 1616 1173 1651 nequitite,
1191 1616 1242 1643 hoc
1270 1621 1312 1643 est
1328 1616 1484 1643 desertores
1507 1617 1618 1652 angelos
1650 1625 1681 1644 ac
1697 1626 1740 1645 re-

947 1663 1042 1694 belles,
1060 1667 1086 1689 et
1103 1662 1201 1696 impios
1212 1669 1318 1694 omnes,
1334 1670 1366 1688 ac
1383 1662 1542 1695 sceleratos,
1561 1668 1587 1691 et
1604 1663 1740 1691 facinoro-

948 1716 1004 1740 sos,
1024 1715 1055 1734 ac
1071 1708 1286 1735 contumeliosos
1299 1707 1325 1733 in
1344 1707 1429 1734 Deum
1452 1708 1577 1736 homines
1593 1710 1739 1745 sempiter-

947 1755 990 1781 lis
1014 1754 1131 1780 flammis
1154 1753 1276 1786 addicat;
1292 1754 1377 1788 justis
1395 1762 1471 1785 vero.
1500 1755 1670 1790 sanctisque,
1686 1756 1734 1790 qui

947 1800 1075 1828 mandata
1103 1807 1153 1828 sua
1178 1799 1323 1834 diligenter
1348 1800 1565 1831 observaveriut,
1589 1806 1615 1828 et
1635 1801 1662 1828 in
1678 1801 1738 1836 ejus

947 1845 1080 1873 charitate
1105 1845 1162 1873 sive
1184 1846 1241 1880 jam
1263 1845 1326 1872 inde
1349 1845 1383 1873 ab
1399 1846 1487 1878 initio,
1505 1846 1562 1874 sive
1579 1851 1641 1882 post
1652 1847 1738 1882 pecni-

947 1892 1059 1919 tentiatn
1077 1891 1330 1927 perseveraverint,
1349 1891 1432 1918 vitam
1451 1892 1738 1928 immortalitatcmque

946 1938 1089 1972 largiatur,
1116 1942 1198 1972 atque
1220 1941 1350 1965 :cternam
1376 1938 1428 1966 illis
1445 1938 1559 1974 gloriam
1585 1939 1734 1974 impertiat.

981 1983 1077 2010 XXXI.
1093 1983 1160 2011 Cum
1175 1983 1258 2018 igitur
1273 1983 1398 2011 Ecclesia
1419 1984 1571 2011 doctrinam
1589 1986 1735 2019 ejusmodi,

947 2028 1092 2063 iidemque.
1127 2028 1166 2055 uti
1191 2028 1322 2061 diximus,
1350 2029 1496 2064 acceperit,
1523 2037 1581 2056 eam
1605 2031 1647 2057 vel
1671 2031 1737 2058 orbe

947 2078 1004 2101 toto
1022 2073 1120 2101 ditl‘usa
1139 2073 1262 2101 studiose
1283 2078 1438 2106 conservat,
1455 2074 1533 2109 quasi
1552 2074 1579 2101 in
1599 2082 1652 2101 una
1668 2083 1736 2110 qua-

946 2121 1009 2148 dam
1026 2121 1107 2148 domo
1120 2121 1258 2153 habitans,
1279 2128 1311 2148 ac
1330 2121 1456 2148 similiter
1473 2121 1600 2149 omnibus
1615 2122 1671 2149 illis
1691 2129 1737 2150 as.

947 2168 1074 2199 sentitur,
1091 2172 1218 2202 tanquam
1230 2168 1319 2195 anima
1331 2174 1394 2200 una,
1411 2167 1561 2202 eodemque
1574 2167 1657 2196 corde
1667 2173 1736 2203 pray-

947 2214 1021 2247 dita;
1036 2213 1185 2249 eademque
1205 2213 1422 2242 concordissime
1438 2214 1488 2247 sic,
1507 2213 1585 2249 quasi
1599 2221 1683 2241 unum
1703 2223 1735 2242 os

946 2260 1055 2292 habeat,
1072 2259 1150 2287 docet
1161 2267 1193 2287 ac
1201 2260 1340 2294 prtedieat.
1354 2259 1459 2286 Etenim
1476 2259 1584 2287 tatnetsi
1592 2259 1734 2288 hominum

946 2306 1045 2341 lingua:
1054 2306 1108 2333 sint
1116 2306 1273 2338 dissimiles,
1285 2306 1378 2333 eadem
1388 2309 1476 2332 tamen
1489 2305 1594 2333 tradita:
1604 2305 1734 2334 doctrinae

941 2351 984 2379 vis
997 2355 1040 2379 est
1055 2351 1156 2386 ubique
1172 2360 1179 2376 :
1194 2359 1284 2386 neque
1304 2355 1351 2378 aut
1370 2350 1527 2378 constituta:
1540 2350 1568 2378 in
1587 2350 1733 2379 Germania

942 2396 1071 2425 Ecclesia:
1097 2396 1212 2424 credunt
1237 2396 1325 2429 aliter,
1348 2403 1380 2423 ac
1402 2403 1467 2423 suos
1489 2396 1653 2431 perdocent;
1685 2401 1733 2424 aut

943 2450 1003 2478 qua:
1016 2443 1043 2470 in
1052 2442 1191 2478 Hispaniis
1203 2449 1236 2469 ac
1249 2442 1355 2475 Galliis,
1367 2447 1414 2469 aut
1425 2442 1459 2469 ad
1478 2441 1627 2474 Orientem,
1644 2446 1691 2470 aut
1705 2443 1732 2470 in

943 2489 1072 2524 Egypto,
1104 2488 1147 2516 vel
1164 2487 1260 2524 Lybia,
1289 2488 1413 2515 mediove
1436 2489 1503 2516 orbe
1523 2489 1660 2516 stabilitze.
1679 2488 1733 2516 Sed

943 2534 1175 2570 quemadmodum
1191 2535 1232 2562 sol
1250 2533 1452 2562 nobilissimum
1474 2533 1522 2562 Dei
1534 2542 1604 2570 opus
1620 2543 1691 2562 unus
1705 2535 1732 2562 in

941 2584 999 2608 toto
1022 2579 1126 2607 mundo
1153 2585 1235 2616 atque
1260 2579 1330 2607 idem
1351 2584 1394 2608 est
1414 2588 1539 2616 semper;
1557 2581 1598 2608 sic
1612 2581 1732 2609 veritatis

942 2627 1097 2662 praedicatio
1109 2627 1209 2662 ubique
1233 2630 1366 2654 terrarum
1386 2626 1521 2654 illucescit
1547 2634 1579 2654 ac
1603 2627 1731 2654 mortales

941 2681 1036 2700 omnes
1049 2673 1178 2704 illustrat,
1193 2672 1238 2707 qui
1256 2672 1365 2708 quidem
1388 2672 1463 2700 illitis
1477 2673 1511 2700 ad
1528 2673 1653 2700 notitiam
1672 2681 1728 2708 per-

941 2719 1034 2746 vettire
1050 2718 1196 2745 voluerint.
1207 2717 1282 2746 Adeo
1298 2722 1327 2745 ut
1344 2725 1432 2753 neque
1447 2718 1471 2746 is
1490 2719 1536 2754 qui
1550 2719 1621 2746 inter
1640 2718 1730 2746 Eccle-

768 2799 778 2814 ³
796 2798 859 2826 For.
875 2800 932 2830 τοῖς
947 2798 1004 2834 μέν.
1046 2798 1056 2813 ⁸
1071 2797 1187 2832 Philipp.
1205 2805 1233 2831 ιι,
1252 2797 1295 2830 10,
1313 2797 1355 2824 Η.

942 2855 975 2893 de
991 2853 1177 2918 ἁίπολυτρώσει
1192 2856 1237 2882 illa
1254 2854 1444 2882 haereticorum
1459 2854 1574 2882 aliorum
1593 2853 1675 2881 verba
1690 2852 1727 2880 fa-

946 2894 983 2918 Cll
1016 2897 1131 2918 l'ClliL‘US.

946 2894 983 2918 Cll
1005 2894 1131 2918 ll'ClliL‘LlS.
