1961 3046
205 134 257 162 535

903 135 931 163 S.
954 135 1124 163 EPIPIIANII

1781 130 1842 159 5.36

206 196 309 223 uiarum
338 196 476 224 antistites
493 195 602 223 dicendi
620 195 750 223 facultate
773 195 864 231 pollet,
887 196 921 223 ah
939 196 993 223 illis

1051 197 1111 224 δεῖν.
1131 197 1187 224 Καὶ
1213 195 1273 224 οὔτε
1287 198 1302 224 6
1323 196 1393 223 πάνυ
1406 195 1515 227 δυνατὸς
1529 196 1558 222 ὲν
1575 194 1647 230 λόγῳ
1657 193 1711 220 τῶν
1724 194 1753 220 ἐν
1772 196 1841 224 ταις

205 242 313 269 diversa
331 243 500 277 proﬁteatur.
515 241 600 270 Nemo
616 243 689 270 enim
704 247 746 270 est
761 246 927 277 praeceptore
941 250 991 269 suo

207 289 341 322 superior.
356 288 449 323 Neque
465 289 511 324 qui
528 288 618 315 infans
631 293 674 316 est
687 292 714 315 et
728 288 877 315 indisertus
889 287 924 315 de
938 293 992 315 tra-

206 333 262 358 dita
285 333 335 360 sibi
357 333 500 368 disciplina
520 334 667 368 quidquam
693 333 838 360 diminuat.
854 331 992 366 Quoniam

205 379 277 405 enim
293 386 346 405 una
360 383 401 406 est
417 380 565 414 cadentque
584 379 667 411 ﬁdes;
684 387 772 414 neque
785 379 832 414 qui
851 378 886 406 de
901 386 932 406 ea
949 386 993 406 co-

207 424 282 458 piose
298 429 388 458 potest
400 425 491 452 dicere
506 425 567 460 plus
586 425 688 460 aliquid
705 425 820 455 obtinet,
836 432 924 459 neque
941 424 993 451 mi-

206 478 268 500 nus,
285 471 330 505 qui
346 478 432 505 pauca
445 471 577 498 duntaxat
592 472 683 506 eloqui
698 475 796 506 potest.
808 470 886 504 Quod
902 474 994 497 autem

207 517 268 551 plus
276 517 399 545 minusve
415 519 539 545 nonnulli
553 518 734 554 intelligentia
754 525 786 545 ac
800 518 914 546 scientia
929 525 995 544 con-

207 567 368 598 sequantur,
394 564 461 591 nihil
484 565 535 591 hoc
561 565 594 591 ad
619 563 817 592 immutandum
840 563 994 590 doctrinam

207 610 324 644 pertinet
340 618 346 634 τ
364 618 452 645 neque
467 611 570 638 idcirco
582 611 667 638 Deum
686 611 768 637 alium
784 614 882 644 praeter
898 609 994 636 condi-

207 659 293 682 torem
300 655 466 689 excogitaut,
475 660 556 691 atque
565 656 646 691 hujus
654 655 841 682 universitatis
850 654 994 685 artiﬁcem,

207 707 233 729 et
244 702 368 732 altorem,
383 701 461 736 quasi
482 703 593 729 minime
618 703 672 729 sint
687 701 774 729 altero
790 701 836 728 illo
852 701 973 728 contenti
987 708 995 732 ;

208 755 296 782 neque
311 755 392 783 porro
407 747 582 783 Unigenitum
598 748 693 775 alium.

243 793 294 820 Sed
308 793 334 820 in
350 793 376 820 id
390 793 523 820 duntaxat
544 794 652 821 illorum
674 792 952 823 elaboratindustria,
966 796 997 819 nt

207 848 268 874 qua:
278 839 450 874 :cnigmatum
466 840 629 875 quibusdam
643 840 792 867 involucris
803 839 909 867 obtecta
922 841 996 872 sunt,

207 887 361 921 exspoliant
375 891 456 921 atque
466 887 648 922 explicent,ct
665 887 698 914 ad
713 886 867 914 communis
881 885 941 912 ﬁdei
956 885 996 911 in-
1014 875 1033 902 Β

208 932 332 959 stilutum
345 933 569 964 accommodent;
584 933 641 960 sive
655 937 684 959 ut
698 932 777 967 203
795 931 916 958 divinum
929 930 994 957 illud

207 979 235 1005 in
251 979 391 1006 hominum
421 979 509 1007 salute
524 979 695 1014 procuranda
714 978 864 1013 negotium,
879 977 997 1004 admini-

209 1026 423 1060 strationemque
449 1033 556 1053 omnem
573 1030 725 1060 exponant;
748 1025 829 1058 idque
849 1024 938 1059 ipsum
950 1024 997 1050 de-

208 1071 323 1102 clarent,
335 1070 470 1105 quomodo
496 1070 569 1097 illam
587 1070 726 1097 rebellium
750 1070 895 1104 spirituum
921 1068 997 1096 defe-

209 1117 326 1143 ctionem
359 1117 556 1150 hominumque
585 1116 786 1142 contumaciam
801 1115 872 1143 Deus
892 1116 997 1150 patien-

209 1163 314 1189 tissime
330 1162 421 1189 tulerit
437 1171 444 1192 ;
461 1161 526 1196 quid
546 1169 637 1189 causae
654 1162 701 1194 sit,
717 1169 767 1188 cur
785 1169 856 1188 unus
871 1161 997 1196 idemque

210 1207 282 1235 Deus
309 1207 361 1234 alia
394 1207 579 1242 temporaria,
611 1207 663 1233 alia
691 1207 857 1242 sempiterna
884 1206 994 1234 fecerit:

210 1253 328 1288 itemque
355 1254 476 1280 ctelestia
498 1253 633 1287 quaedam,
661 1253 712 1279 alia
742 1258 870 1285 terrena;
889 1259 938 1279 cur
951 1252 997 1286 qui

209 1299 298 1326 oculis
319 1299 404 1333 aspici
432 1299 537 1333 nequit,
554 1299 694 1334 prophetis
710 1306 763 1325 non
782 1305 834 1324 una
851 1297 942 1332 specie
956 1297 997 1324 vi-

210 1345 324 1372 sendum
339 1353 368 1372 se
383 1345 538 1379 praebuerit,
548 1344 594 1371 sed
609 1345 670 1372 aliis
686 1345 739 1372 alio
752 1344 831 1371 modo
846 1351 906 1378 qme
919 1343 999 1370 vellet

210 1391 412 1427 signiﬁcaverit.
427 1390 482 1418 Cur
497 1389 670 1418 Testamenta
683 1391 759 1424 plura
775 1390 829 1417 sint
841 1389 998 1416 hominibus

209 1436 330 1467 condita,
351 1443 444 1471 qtlzeve
468 1435 611 1470 utriusque
637 1439 708 1462 notae
736 1442 767 1461 ac
781 1434 890 1468 propria
915 1433 997 1460 veluti

211 1483 374 1509 lineamenta
385 1482 450 1510 sint.
462 1480 496 1508 Ut
510 1481 575 1507 illud
586 1480 667 1508 etiam
685 1480 835 1515 inquirant,
845 1487 893 1506 cur
906 1478 999 1506 omnia

212 1528 283 1556 Deus
318 1527 505 1563 perduellione
530 1526 707 1556 concluserit,
724 1529 754 1552 ut
776 1525 898 1552 omnium
916 1524 999 1552 mise-

212 1575 264 1601 reri
278 1578 380 1609 possct:
393 1577 475 1608 atque
489 1573 524 1599 ob
545 1573 572 1599 id
590 1572 811 1607 insupergratias
821 1574 912 1605 agant,
927 1569 1000 1605 quod

215 1618 331 1645 Vcrhum
345 1618 391 1645 Dei
407 1625 471 1645 caro
484 1617 594 1648 factum,
607 1624 638 1643 ac
654 1616 790 1650 supplicio
802 1619 844 1642 est
855 1614 999 1642 allectum:

213 1664 279 1691 illud
298 1663 380 1691 etiam
393 1663 556 1694 edisserant,
568 1670 617 1689 cur
630 1662 655 1688 in
671 1666 793 1688 extrema
808 1665 929 1695 tempora
939 1659 1001 1686 Filii

215 1710 260 1738 Dei
293 1710 425 1737 adventus
441 1709 579 1740 inciderit,
597 1709 649 1735 hoc
674 1712 716 1735 est
738 1715 788 1734 cur
802 1707 924 1734 omnium
941 1713 1001 1733 sese

215 1755 381 1790 Principium
407 1756 434 1782 in
464 1755 518 1782 ﬁne
546 1754 708 1790 prodiderit.
730 1753 769 1781 Ad
784 1753 841 1780 haec
857 1753 891 1780 de
906 1752 1000 1780 mundi

213 1802 297 1834 exitu,
313 1801 466 1836 futurisque
478 1801 561 1828 rebus
580 1808 749 1836 quaecunque
764 1799 850 1827 sacris
861 1799 1001 1834 reperiun-

215 1853 260 1876 tur
275 1849 301 1875 in
314 1848 578 1881 Libris,cxcutiant;
593 1856 643 1876 nec
660 1847 727 1874 illud
745 1851 864 1877 taceant.
878 1854 928 1874 cur
953 1847 1002 1874 de-

215 1890 330 1928 sperata:
341 1894 416 1929 prius
424 1898 519 1929 gentes
534 1894 560 1920 in
578 1894 647 1920 idem
663 1901 725 1920 cum
741 1893 843 1920 sanctis
856 1892 902 1927 jus
918 1893 1002 1920 haere-

214 1938 320 1969 ditatis,
331 1946 363 1965 ac
375 1939 460 1966 veluti
476 1945 576 1973 corpus
590 1942 617 1966 et
627 1939 785 1965 societatem
802 1945 816 1964 a
832 1937 887 1964 Deo
902 1937 1002 1964 fuerint

215 1986 317 2011 ascilte.
335 1983 386 2017 Qui
407 1983 464 2011 ﬁeri
483 1984 579 2018 possit,
598 1989 629 2011 ut.
645 1984 768 2010 mortalis
784 1984 836 2010 ista
854 1983 1003 2010 caruncula

217 2031 448 2058 immortalitatem
463 2035 490 2058 et
507 2031 714 2066 incorruptiliile
740 2030 791 2057 hoc
817 2030 1002 2064 incorruptio-

216 2085 276 2104 nem
288 2077 383 2104 induat
398 2086 406 2110 ;
423 2081 469 2104 aut
485 2077 714 2111 quemadmodum
731 2077 855 2104 dicturus
866 2077 920 2103 sit:
940 2075 1003 2102 Non

215 2124 324 2158 populus
341 2123 452 2157 populus
467 2123 529 2155 erit,
549 2129 574 2150 et
592 2132 644 2150 non
661 2123 768 2155 dilecta,
781 2123 877 2149 dilecta
895 2123 915 2155 ¹;
935 2130 1004 2156 quo-

216 2171 296 2197 modo
311 2170 399 2205 plures
408 2169 527 2202 desertae,
542 2178 620 2204 quam
634 2170 718 2196 virum
730 2169 847 2196 habentis
855 2169 906 2195 sint
919 2169 968 2203 ﬁlii
980 2170 1002 2196 ¹.

1045 243 1220 279 Ἐκκλησίαις
1234 245 1412 279 προεστώτων
1436 243 1519 277 ἕτερα
1535 242 1638 268 τούτων
1654 241 1727 277 ἐρεῖ·
1744 240 1840 272 οὐδεὶς

1044 292 1098 328 γὰρ
1113 292 1183 328 ὑπὲρ
1198 291 1243 318 τὸν
1257 291 1417 318 διδάσκαλον
1427 300 1434 306 ·
1451 290 1510 317 οὔτε
1523 292 1536 317 6
1548 290 1663 325 ἀσθενὴς
1673 290 1701 315 ὲν
1710 287 1748 323 τῷ
1759 288 1840 322 λόγῳ

1043 337 1189 365 ἐλαττώσει
1213 338 1262 372 τὴν
1280 337 1428 372 παράδοσιν
1441 345 1447 351 ⁵
1468 336 1532 371 μιᾶς
1546 335 1600 370 γὰρ
1615 334 1662 361 καὶ
1682 334 1730 369 τῆς
1747 333 1839 368 αὐτῆς

1046 385 1162 416 πίστεως
1184 384 1277 419 οὔσης,
1292 383 1352 410 οὗτε
1375 385 1389 410 ὁ
1408 382 1474 410 πολὺ
1498 382 1560 417 περὶ
1582 381 1666 416 αὐτῆς
1684 379 1839 414 δυνάμενος

1045 433 1133 458 εἰπεῖν
1153 431 1326 462 ἐπλεόνασεν,
1352 429 1412 456 οὔτε
1432 430 1445 455 6
1461 428 1490 455 τὸ
1502 428 1590 462 ὀλίγον
1603 426 1776 461 ὴλαττόνησε.
1796 425 1837 450 Τὸ

1045 477 1074 504 δὲ
1095 477 1185 503 πλεῖον
1201 477 1217 512 ἢ
1235 476 1343 502 ἔλαττον
1359 474 1430 501 κατὰ
1453 473 1560 500 σύνεσιν
1575 472 1672 499 ειδέναι
1689 471 1764 503 τινας
1780 471 1837 497 οὐκ

1046 525 1075 550 ἐν
1098 523 1137 559 τῷ
1164 523 1214 558 τὴν
1241 521 1369 549 ὑπόθεσιν
1394 520 1477 556 αὐτὴν
1494 519 1637 546 ἀλλάσσειν
1652 518 1764 552 γίνεται,
1784 517 1837 543 καὶ

1046 569 1124 596 ἄλλον
1153 568 1219 595 Θεὸν
1239 567 1413 602 παρεπινοεῖν
1428 565 1504 602 παρὰ
1523 565 1569 591 τὸν
1591 563 1764 599 δημιουργὸν,
1784 561 1837 588 καὶ

1046 616 1171 651 ποιητὴν,
1185 615 1231 642 καὶ
1243 613 1344 650 τροφέα
1358 613 1434 640 τοῦδε
1449 612 1496 639 τοῦ
1507 611 1616 642 παντὸς,
1628 610 1665 642 ὡς
1681 609 1717 645 μὴ
1731 609 1837 644 ἀρκου-

1048 662 1144 698 μένους
1171 660 1281 692 τούτους
1292 660 1313 691 ⁸,
1329 660 1345 695 ἦ
1363 659 1441 686 ἄλλον
1463 657 1590 694 Χριστὸν,
1608 656 1624 682 ἢ
1648 655 1726 683 ἄλλον
1749 655 1837 682 Μονο-

1046 716 1110 742 γενη
1115 727 1121 733 .

1081 797 1160 824 Ἀλλὰ
1174 797 1203 823 ὲν
1215 796 1254 832 τῷ
1279 796 1313 823 τὰ
1328 796 1377 822 ὃσα
1392 795 1420 821 ὲν
1435 793 1604 829 παραϐολαῖς
1625 792 1732 827 εἴρηται
1747 797 1834 825 προσ-

1047 842 1256 878 επεργὰζεσθαι,
1269 842 1315 868 καὶ
1331 840 1446 868 οἰκειοῦν
1454 841 1486 875 τῇ
1504 839 1552 873 τῆς
1562 839 1678 868 πίστεως
1694 835 1833 862 ὑποθέσει·

1048 890 1093 916 καὶ
1109 889 1138 915 ἐν
1154 888 1192 923 τῷ
1209 889 1258 924 τήν
1285 896 1314 914 τε
1340 886 1528 923 πραγματείαν
1545 885 1591 911 κα¹ι
1611 882 1763 917 οἰκονομίαν
1784 880 1833 907 τοῦ

1046 933 1113 960 Θεοῦ
1128 933 1176 969 τὴν
1187 933 1232 959 ἐπὶ
1242 934 1274 968 τῇ
1288 929 1628 968 ἁνθρωπότητι’,ἰνομένην
1638 926 1833 961 ἐκδιηγεῖσθαι,

1047 981 1094 1007 καὶ
1107 980 1147 1006 ὅτι
1167 979 1395 1015 ἐμακροούμησεν
1413 979 1427 1004 6
1444 977 1508 1009 Θεὸς
1525 976 1570 1002 ἐπί
1584 984 1614 1001 τε
1630 977 1663 1010 τῇ
1675 974 1728 1000 τῶν
1743 981 1832 1008 παρα-

1047 1026 1203 1062 ϐεϐηκότων
1222 1025 1346 1060 ἀγγέλων
1360 1023 1522 1057 ἀποστασία,
1538 1022 1586 1049 καὶ
1601 1022 1646 1048 ἐπὶ
1659 1022 1692 1056 τῇ
1706 1021 1833 1056 παρακοῇ

1046 1073 1100 1100 τῶν
1128 1071 1278 1108 ἀνθρώπων
1293 1070 1449 1106 σαφηνίζειν
1459 1078 1465 1084 '
1480 1069 1527 1095 καὶ
1542 1068 1585 1094 διὰ
1596 1067 1622 1094 τί
1637 1066 1669 1093 τὰ
1685 1066 1733 1102 μὲν
1748 1066 1831 1100 πρόσ-

1048 1127 1142 1154 καιρα,
1158 1119 1192 1144 τὰ
1211 1118 1239 1144 δὲ
1259 1117 1364 1148 αίὼνια,
1383 1116 1430 1142 καὶ
1443 1115 1477 1142 τὰ
1495 1115 1543 1150 μὲν
1559 1113 1682 1148 οὐράνια.
1698 1111 1745 1138 καὶ
1755 1111 1789 1137 τὰ
1804 1110 1833 1136 δὲ

1048 1166 1156 1200 ἐπίγεια
1167 1161 1206 1196 εἷς
1220 1165 1266 1191 καὶ
1278 1165 1292 1191 ὁ
1306 1163 1386 1194 αὐτὸς
1396 1162 1461 1194 Θεὸς
1474 1160 1631 1196 πεποίηκεν,
1640 1157 1832 1192 ἀπαγγέλλειψ

1048 1213 1095 1240 καὶ
1108 1212 1152 1239 διὰ
1165 1211 1191 1238 τί
1208 1211 1323 1246 ἀόρατος
1337 1209 1374 1235 ὢν
1391 1209 1477 1243 ἐφάνη
1493 1209 1550 1238 τοῖς
1560 1206 1711 1241 προφήταις
1725 1204 1738 1230 ὁ
1754 1203 1832 1234 Θεὸς.

1046 1258 1096 1284 οὐκ
1113 1257 1204 1292 ἐν’μιᾷ
1220 1255 1284 1291 ἰδέᾳ,
1297 1254 1363 1282 ἀλλὰ
1376 1254 1461 1284 ἄλλως
1486 1252 1584 1283 ἄλλοις,
1599 1251 1708 1277 συνιείν·
1723 1250 1770 1275 καὶ
1789 1247 1834 1274 διὰ

1047 1304 1073 1331 τί
1089 1303 1220 1339 Διαθῆκαι
1239 1301 1346 1332 πλείους
1366 1300 1492 1334 γεγόνασι
1514 1300 1547 1334 τῇ
1566 1297 1764 1333 ἁνθριιιπότητι,
1786 1304 1823 1330 μη

1048 1349 1131 1379 νύξιν,
1154 1348 1201 1374 καὶ
1217 1347 1259 1378 τίς
1283 1346 1400 1380 ἑκάστης
1414 1344 1468 1371 τῶν
1491 1341 1632 1378 Διαθηκῶν
1646 1343 1661 1368 ὁ
1680 1339 1832 1376 χαρακτὴρ,

1048 1395 1200 1421 διδάσκειν·
1219 1393 1267 1420 καὶ
1278 1392 1322 1418 διὰ
1334 1392 1360 1417 τί
1375 1390 1528 1417 συνέκλεισε
1541 1389 1630 1415 πάντα
1643 1389 1680 1419 εἰς
1693 1387 1833 1414 ἀπείθεια»

1048 1441 1062 1467 6
1075 1440 1150 1472 Θεὸς,
1166 1439 1209 1465 ἵνα
1232 1438 1295 1469 τοὺς
1319 1437 1422 1467 πάντας
1436 1436 1545 1470 ἐλεήσῃ,
1559 1434 1711 1470 ὲξερευνᾷν,
1726 1433 1773 1458 καὶ
1791 1431 1834 1457 διὰ

1048 1486 1075 1512 τί
1088 1487 1102 1512 ὁ
1126 1485 1212 1519 Λόγος
1227 1483 1275 1510 τοῦ
1291 1482 1359 1509 Θεοῦ
1384 1482 1450 1518 σὰρξ
1470 1481 1586 1515 ἐγένετο,
1602 1480 1649 1506 καὶ
1663 1478 1773 1507 ἔπαθεν,
1790 1477 1834 1502 εὖ·

1013 1543 1034 1572 C
1049 1531 1200 1565 χαριστεῖν·
1231 1529 1277 1556 καὶ
1301 1529 1346 1555 διὰ
1363 1527 1389 1554 τί
1416 1528 1458 1553 ἐπ’
1483 1527 1604 1561 ἐσχάτων
1623 1524 1675 1551 τῶν
1697 1522 1797 1572 καιρᾶῗν
1818 1523 1835 1556 ὴ

1052 1575 1187 1611 παρουσία
1201 1574 1247 1601 τοῦ
1261 1573 1326 1601 Υἱοῠ
1344 1573 1390 1600 τοῦ
1412 1572 1490 1603 Θεοῦ,
1506 1571 1644 1598 τουτέστιν
1657 1571 1685 1597 ἐν
1702 1569 1739 1604 τῷ
1753 1569 1835 1598 τέλει.

1051 1621 1136 1657 ἐφάνη
1151 1622 1167 1656 ὴ
1179 1620 1249 1656 ἁρχὴ
1257 1621 1277 1653 ³,
1287 1619 1467 1653 ἀπαγγέλλειν
1476 1626 1483 1632 ·
1491 1618 1538 1644 καὶ
1551 1626 1584 1644 πε
1590 1617 1615 1652 pl.
1626 1615 1672 1642 τοῦ
1686 1615 1779 1646 τέλους
1790 1615 1836 1640 καὶ

1052 1667 1105 1694 τῶν
1121 1666 1281 1702 μελλόντων,
1292 1665 1341 1691 ὅσα
1358 1673 1386 1690 τε
1404 1665 1491 1690 κεῖται
1506 1664 1535 1689 ἐν
1551 1663 1611 1693 ταῖς
1626 1661 1756 1696 Γραφαῖς,
1773 1660 1835 1686 ἅνα-

1052 1712 1182 1738 πτύσσειν
1195 1719 1202 1726 ο
1217 1711 1265 1738 καὶ
1279 1710 1305 1736 τί
1319 1710 1359 1736 ὅτι
1372 1709 1406 1736 τὰ
1421 1707 1619 1742 ἀπεγνωσμένα
1637 1706 1700 1740 ἔθνη
1718 1704 1832 1738 συγκλη-

1055 1757 1155 1795 ρονόμα
1170 1757 1217 1785 καὶ
1230 1756 1370 1791 σύσσωμα,
1387 1754 1433 1782 καὶ
1453 1752 1610 1789 σὺμμέτοχα
1624 1752 1677 1778 τῶν
1690 1752 1775 1786 ἁγίων
1790 1759 1834 1776 πε-

1053 1804 1166 1839 ποίηκεν
1178 1805 1192 1830 ό
1204 1803 1280 1834 Θεὸς,
1296 1802 1332 1838 μὴ
1349 1803 1468 1837 σιωπᾷν·
1485 1800 1531 1827 καὶ
1542 1799 1599 1831 πῶς
1609 1799 1638 1825 τὸ
1653 1798 1747 1832 θνητὸν
1759 1797 1837 1823 τοῦτο

1054 1852 1164 1887 σαρκίον
1176 1850 1314 1877 ἐνδύσεται
1329 1848 1488 1879 ἀθανασίαν,
1500 1847 1547 1874 καὶ
1561 1846 1590 1873 τὸ
1604 1845 1720 1880 φθαρτὸν
1733 1844 1835 1878 ἀφθαρ-

1054 1897 1123 1927 σίαν,
1138 1896 1317 1930 διαγγέλλειν·
1327 1895 1385 1926 πῶς
1402 1903 1430 1920 τε
1442 1894 1508 1928 ἐρεῖ.
1525 1893 1550 1918 Ὁ
1564 1889 1772 1923 οὺλαὸςμῑίιὸς,
1788 1889 1835 1916 καὶ

1052 1942 1072 1975 ’ἡ
1086 1942 1141 1968 οὐκ
1152 1940 1328 1975 ἠγαπημένη
1349 1938 1525 1974 ἠγαπημένη
1536 1946 1543 1952 ·
1560 1938 1606 1964 καὶ
1632 1937 1690 1967 πῶς
1713 1935 1835 1962 πλείονα

1053 1986 1109 2020 τῆς
1133 1985 1243 2020 ἐρήμου
1257 1986 1292 2012 τὰ
1303 1985 1393 2012 τέκνα
1402 1983 1522 2019 μᾶλλον·
1540 1983 1558 2016 ἣ
1583 1982 1636 2016 τῆς
1645 1982 1776 2016 ἐχούσης
1787 1980 1836 2006 τὸν

1054 2033 1156 2066 ἄνδρα,
1167 2032 1325 2068 κηρύσσειν.
1335 2031 1396 2058 Ἐπὶ
1404 2031 1504 2056 τούτων
1514 2030 1568 2065 γὰρ
1574 2029 1620 2055 καὶ
1627 2029 1672 2054 ἐπὶ
1681 2027 1732 2054 τῶν
1740 2027 1836 2062 ὁμοίων

1054 2079 1145 2111 αὐτοῖς
1165 2079 1312 2113 ἐπεϐόησεν
1331 2080 1345 2105 6
1365 2078 1524 2108 Ἀπόστολος
1538 2086 1544 2092 ·
1560 2078 1589 2102 Ὢ
1597 2075 1693 2108 βάθος
1708 2074 1836 2100 πλούτου

1055 2125 1102 2152 καὶ
1117 2126 1228 2160 σοφίας
1242 2125 1290 2152 καὶ
1311 2124 1446 2159 γνώσεως
1463 2123 1555 2150 Θεοῦ]
1571 2123 1611 2156 ὡς
1624 2121 1836 2154 ἀνεξερεύνητο

1055 2172 1090 2199 τὰ
1098 2173 1224 2206 κρίματα
1234 2171 1337 2204 αὑτοῦ,
1360 2171 1409 2198 καὶ
1430 2170 1654 2204 ἀνεξιχνίαστοι
1671 2169 1700 2194 al
1715 2166 1778 2194 ὁδοὶ
1790 2167 1826 2192 ait

215 2215 282 2242 Nam
305 2216 338 2243 de
367 2216 410 2243 his
429 2223 461 2242 ac
476 2215 614 2243 similibus
633 2215 770 2242 exclamat
789 2214 938 2249 Apostolus
956 2225 962 2242 :
981 2214 999 2242 0

1056 2218 1118 2244 τοῦ.
1137 2217 1217 2244 Ἀλλὰ
1232 2218 1281 2244 οὐκ
1295 2218 1323 2244 ὲν
1334 2217 1372 2252 τῷ
1387 2216 1456 2251 ὑπὲρ
1466 2216 1512 2242 τὸν
1525 2215 1636 2250 κτίστην
1651 2213 1698 2240 καὶ
1708 2214 1834 2247 Δημιουρ-

217 2260 330 2287 altitudo
356 2260 510 2287 divitiarum
534 2268 565 2286 ac
594 2260 741 2294 sapientiaz,
765 2264 789 2286 et
807 2260 924 2286 scientia:
938 2259 1005 2286 Dei’

216 2314 294 2339 quam
309 2305 578 2340 incomprehensibilia
601 2311 663 2332 sunt
681 2305 787 2340 judicia
808 2306 877 2340 ejus,
898 2311 922 2332 et
934 2306 1005 2333 inve-

217 2351 350 2386 stigabiles
365 2353 412 2379 vim
424 2352 482 2387 ejus
498 2352 523 2378 'l
542 2351 601 2379 Non
609 2349 644 2379 'id
661 2356 751 2379 autem
770 2356 864 2386 agunt,
880 2357 909 2380 ut
922 2360 1004 2388 supra

217 2397 374 2424 Creatorem
400 2405 432 2424 ac
445 2398 632 2430 Conditorem,
648 2398 746 2426 horum
762 2398 885 2431 Matrem,
899 2407 931 2426 ac
944 2400 1003 2434 vagi

220 2442 316 2471 [Bonis
329 2443 525 2479 Cogitationeut
542 2445 611 2472 male
629 2445 885 2477 comminiscuntur,
903 2453 935 2472 ac
950 2449 1004 2472 tam

219 2489 352 2523 insignem
371 2488 426 2516 Deo
452 2490 645 2517 contumeliam
664 2489 781 2522 faciant;
804 2498 893 2525 neque
908 2495 936 2517 ut
950 2490 1007 2518 Ple-

219 2542 294 2560 roma
315 2535 407 2562 nescio
420 2534 492 2569 quod
512 2535 558 2562 illa
575 2536 702 2570 superius
719 2536 799 2563 modo
810 2544 863 2563 xxx
873 2536 1007 2563 duntaxat

218 2581 353 2609 Aiouibus
376 2581 517 2612 deﬁniant,
537 2581 619 2608 modo
634 2581 767 2608 inlinitam
788 2581 897 2608 illorum
916 2582 1005 2608 natio-

1057 2264 1103 2298 γὸν
1119 2264 1232 2300 Μητέρα
1246 2265 1347 2290 τούτων
1364 2264 1385 2294 θ,
1401 2264 1448 2290 καὶ
1463 2262 1544 2289 αὐτοῦ
1557 2260 1721 2295 Ἐνῦύμησιν
1741 2257 1835 2288 Αἱῶνος

1057 2310 1265 2345 πεπλανημένοι)
1290 2310 1476 2345 παρεπινοεῖν,
1503 2308 1550 2334 καὶ
1565 2307 1604 2338 είς
1627 2305 1751 2332 τοσοῦτον
1764 2304 1836 2339 ἣκειι

1059 2355 1233 2390 βλασφημίας
1243 2362 1251 2370 ·
1265 2355 1326 2381 οὐδὲ
1340 2355 1371 2381 τὸ
1394 2354 1464 2389 ὑπὲρ
1479 2353 1580 2387 ταύτην
1599 2351 1678 2378 πάλιν
1694 2349 1830 2385 Πλήρωμα

1056 2400 1086 2426 τὸ
1107 2400 1155 2435 μὲν
1174 2400 1222 2427 ἕνα
1246 2400 1268 2430 ",
1291 2399 1338 2426 νῦν
1354 2399 1383 2425 δὲ
1400 2397 1551 2434 ἀνήριθμον
1564 2395 1646 2431 φῦλον
1662 2394 1770 2420 Λὶώνων
1786 2392 1834 2418 Em-

1056 2445 1211 2480 ψεύδεσθαι,
1229 2445 1319 2475 καθὼς
1346 2445 1471 2479 λέγουσιν
1493 2441 1564 2470 οὗτοι
1581 2442 1606 2468 ol
1630 2439 1736 2475 ἀληθῶς
1747 2438 1830 2473 ἐρημο

1057 2492 1131 2523 θείας
1154 2491 1289 2522 συνέσεως
1311 2490 1482 2521 διδάσκαλοι,
1506 2489 1555 2523 τῆς
1578 2486 1661 2521 οὔσης
1683 2483 1835 2518 Ἐκκλησίαι

1057 2538 1148 2572 πάσης
1163 2537 1226 2572 μίαν
1245 2536 1292 2563 καὶ
1304 2536 1352 2571 τὴν
1370 2535 1455 2570 αὐτὴν
1467 2534 1558 2560 πίστιν
1575 2532 1689 2568 ἐχούσης
1703 2531 1743 2561 εἰς
1756 2528 1836 2555 πάντα

1057 2583 1103 2609 τὸν
1117 2583 1228 2618 κόσμον,
1242 2581 1333 2614 καθὼς
1348 2581 1517 2617 προέφαμεν.

220 2638 280 2657 m-m
298 2630 477 2662 constituant,
496 2634 525 2656 ut
538 2630 638 2665 egregii
664 2631 702 2657 illi
720 2630 845 2665 magistri
867 2637 899 2657 ac
911 2629 1004 2657 divina
1024 2631 1104 2666 plane
1121 2631 1234 2660 scientia
1247 2631 1371 2658 destituti
1382 2630 1488 2657 faciunt
1507 2637 1513 2654 :
1535 2636 1597 2656 cum
1614 2633 1668 2654 una
1696 2622 1833 2657 eademqm

220 2677 265 2708 sit,
284 2681 309 2702 ιιι
331 2676 462 2708 diximus,
481 2680 539 2702 toto
556 2675 622 2703 orbe
630 2683 765 2709 germana'
783 2675 912 2702 Ecclesiae
930 2675 1005 2703 ﬁdes.

256 2721 362 2748 XXXII.
394 2722 450 2756 Age
482 2729 546 2748 vcro
571 2721 710 2748 videamus
736 2721 817 2748 modo
844 2724 946 2755 quanta
968 2722 1003 2749 sit

264 2809 344 2837 ‘Osc.
363 2818 382 2840 ι,
400 2809 442 2837 l0.
483 2810 493 2825 ’
508 2809 561 2836 lsa.
582 2817 637 2839 uv,
654 2808 678 2835 i.
718 2809 727 2824 ³
746 2808 823 2835 Rom.
838 2817 877 2841 ιιι,
891 2809 934 2836 55.

225 2847 271 2872 καὶ
287 2845 375 2871 αὐτῶν
423 2845 432 2859 "
453 2844 514 2872 For.
532 2845 591 2870 τότε
609 2845 657 2879 μὲν
667 2845 823 2879 τριάκοντα.

975 2808 986 2824 ⁸
1003 2808 1064 2836 For.
1078 2808 1176 2844 τούτῳ.

1093 2720 1155 2747 ΛΒ’.
1174 2720 1287 2755 Ἶδωμεν
1303 2719 1350 2746 νῦν
1367 2719 1414 2746 κα)⁸
1426 2719 1476 2753 τὴν
1492 2717 1593 2744 τούτων
1607 2716 1721 2743 ἄστατον
1734 2712 1834 2749 γνώμηι

1214 2809 1224 2824 ⁸
1244 2807 1314 2836 lren.
1331 2809 1377 2834 καὶ
1394 2808 1443 2834 οὐκ
1459 2807 1488 2833 ὲν
1503 2806 1585 2842 ἀρχῇ.
1624 2804 1635 2820 ⁵
1650 2804 1721 2831 lren.
1736 2801 1826 2829 τούτου
