1961 3046
196 159 248 187 559

890 160 918 188 S.
939 159 1111 188 EPIPHANII

1776 162 1832 192 510

196 213 245 239 tim
263 212 307 244 iis,
319 219 379 246 qua:
393 220 406 239 ο
425 212 504 240 nobis
518 213 636 241 breviter
651 219 714 242 sunt
725 215 875 250 disputata,
888 217 985 251 partim

1041 218 1103 252 παρ’
1121 218 1200 253 ἡμῶν
1217 217 1350 253 λεχθεῖσιν
1366 218 1477 253 ὀλίγοις,
1496 217 1543 245 καὶ
1567 219 1623 249 τοῖς
1639 217 1691 244 ὑπὸ
1708 217 1760 244 τῶν
1779 219 1829 253 τῆς

196 266 257 293 quae
278 258 313 285 ab
337 258 399 285 aliis
415 259 532 286 sinceris
550 259 576 285 id
594 267 681 294 genus
698 262 880 296 scriptoribus
894 263 989 290 elucu-

198 304 273 330 brata
302 308 376 335 sunt,
400 304 532 335 contenti,
554 311 615 331 cum
644 307 791 334 nonnullos
811 315 922 342 quoque
945 308 987 335 vi-

197 349 309 376 deamus
322 349 354 376 de
365 349 417 375 hoc
437 354 598 384 argumento
613 351 769 385 scripsisse,
783 353 989 388 praesertimque

196 395 372 427 Clementem,
386 396 516 423 lreuaaum
544 400 570 423 et
583 395 767 432 Hippolytum,
777 398 899 434 aliosque
913 407 989 426 eom-

197 442 302 476 plures,
328 442 374 476 qui
401 442 554 469 admirabili
575 443 693 477 quadam
722 444 853 473 facultate
879 446 988 474 illorum

197 488 325 522 dogmata
350 488 516 520 refutarunt,
533 496 588 516 non
603 490 718 517 multum
735 491 762 517 in
779 499 824 523 eo,
842 496 872 518 ut
885 492 987 520 dictum

197 538 250 565 est,
270 534 413 560 elaborare
444 534 610 566 studuimus,
626 535 694 562 satis
717 543 855 571 superque
879 537 987 564 illorum

197 587 279 614 opera
299 579 399 606 factum
415 579 537 606 arbitrati
551 590 557 605 :
575 580 655 614 idque
671 581 760 615 ipsum
779 583 849 617 apud
867 591 915 610 nos
931 585 989 611 exi-

198 626 350 658 stimantes,
374 625 508 652 neminem
532 633 593 652 esse
621 626 760 660 paululum
782 629 987 664 intelligentem,

197 671 241 698 cui
261 671 302 697 vel
316 679 349 698 ex
379 670 446 705 ipsis
463 669 571 697 illorum
597 671 675 698 libris
693 679 725 698 ac
742 672 916 707 dogmatibus
934 682 988 701 non

196 725 228 743 ea
244 716 322 744 facile
335 722 491 751 occurrant,
505 724 566 752 qu:e
586 716 620 743 ad
637 717 697 745 illos
713 718 875 746 refellendos
891 720 988 747 idonea

197 764 261 790 sint.

231 808 353 836 XXXIV.
372 808 400 836 In
414 810 510 845 primis
526 809 598 845 quod
615 810 775 845 opinionum
793 818 808 838 a
823 819 853 838 se
870 804 987 838 invicem

198 857 329 884 varietate
341 857 518 888 dissentiant,
531 857 656 892 alterque
673 857 787 884 alterius
800 857 909 884 decreta
921 864 987 883 con-

199 901 298 928 vellere
323 910 383 929 sese
406 903 575 936 profiteatur.
601 901 705 929 Deinde
730 902 802 936 quod
830 902 900 929 tales
931 902 986 929 sint

199 947 307 974 illorum
331 947 440 979 fabulae,
456 951 485 974 ut
509 947 647 974 cohaerere
675 947 750 974 nullo
767 947 847 974 modo
869 947 985 982 possint,

196 1001 258 1019 cum
274 1001 363 1028 neque
382 994 411 1021 in
434 995 521 1022 sacris
542 994 667 1027 Litteris,
690 1001 741 1022 nec
760 995 787 1022 in
815 994 900 1022 Mosis
917 994 984 1029 lege,

197 1047 284 1074 neque
313 1039 384 1074 apud
410 1039 484 1067 Mose
507 1040 675 1068 recentiores
700 1041 849 1075 prophetas
877 1040 985 1066 illarum

197 1089 287 1113 exstet
305 1086 359 1112 ulla
379 1086 497 1118 mentio;
521 1094 609 1121 neque
626 1093 641 1112 a
659 1085 803 1113 Salvatore
823 1085 986 1120 quidquam,

197 1131 239 1158 vel
255 1132 316 1166 ejus
333 1131 520 1167 evangelistis,
534 1136 581 1158 aut
598 1131 715 1166 denique
729 1131 860 1166 apostolis
874 1131 908 1158 de
920 1131 987 1158 iisce

197 1178 234 1204 sit
260 1177 415 1212 proditum:
446 1185 509 1204 nam
543 1177 566 1205 si
592 1177 702 1205 veritati
730 1177 776 1204 illa
803 1181 986 1204 consentanea

199 1223 299 1255 forent,
312 1227 385 1250 certe
401 1222 543 1254 Dominus.
556 1222 602 1256 qui
618 1221 650 1248 ad
665 1221 875 1248 illuminandum
891 1221 986 1249 orbem

198 1273 320 1300 venerat,
335 1273 363 1296 et
380 1273 443 1296 ante
460 1269 536 1296 illum
553 1267 704 1303 propheta,
721 1271 778 1294 tum
796 1267 922 1302 apostoli,
940 1267 986 1302 qui

199 1315 330 1342 falsorum
360 1313 474 1342 deorum
501 1314 737 1349 superstitionem,
762 1321 793 1341 ac
819 1313 986 1348 flagitiorum

198 1361 389 1395 scelerumque
400 1368 487 1395 genus
499 1367 580 1386 omne
592 1359 800 1394 redarguerunl,
812 1366 862 1386 nec
878 1359 986 1394 impiam

197 1414 306 1434 omnem
322 1406 547 1440 contrariamque
559 1405 713 1432 doctrinam
726 1405 838 1439 scriptis
853 1405 910 1431 suis
925 1411 988 1438 pro-

198 1452 290 1487 ﬂigare
306 1455 371 1479 sunt
384 1451 462 1478 veriti
479 1459 486 1483 ;
502 1450 552 1482 illi,
578 1450 701 1484 inquam,
728 1453 822 1483 aperte
842 1448 921 1476 nobis
941 1448 988 1474 illa

198 1496 421 1532 signiﬁcassent,
448 1495 600 1530 prazscrtim
626 1502 687 1522 cum
716 1492 845 1520 Salvator
870 1493 905 1520 ita
930 1493 989 1528 ipse

197 1543 330 1570 dixisset:
348 1541 457 1569 theris
473 1541 576 1576 quidem
595 1541 622 1567 in
639 1540 787 1575 parabolis,
805 1539 876 1566 vobis
901 1544 988 1566 autent

195 1588 332 1618 parabolae
345 1589 378 1614 ad
394 1588 466 1622 regni
478 1587 589 1614 caelestis
605 1587 801 1613 enarratione»:
814 1585 987 1612 edisserendi:

198 1639 259 1662 sunt
272 1634 618 1668 ‘.Quocircaqu:ecunque
639 1632 666 1659 in
690 1631 836 1666 Evangelio
853 1631 988 1666 parabola:

197 1680 232 1707 ab
245 1687 278 1707 eo
294 1679 441 1714 proposita}
461 1682 538 1710 sunt,
551 1678 643 1705 statim
665 1678 773 1705 illarum
794 1684 906 1704 sensum
926 1684 989 1711 ape-

198 1727 289 1753 ruisse
307 1725 425 1753 videtur.
443 1725 526 1760 206
540 1723 607 1750 Nam
623 1728 651 1751 et
667 1731 782 1758 granum
805 1722 910 1757 sinapis
923 1723 988 1758 quid

199 1772 252 1800 sibi
267 1772 347 1799 vellet
363 1771 501 1806 exposuit,
514 1770 579 1806 quid
596 1770 770 1801 fermentum,
785 1777 880 1804 quaeve
891 1769 989 1796 mulier

199 1824 272 1846 esset
286 1818 341 1849 illa,
354 1825 415 1853 quae
430 1817 457 1844 in
471 1817 524 1843 tria
540 1817 637 1843 farina:
653 1820 712 1843 sata
726 1815 888 1842 fermentum
901 1815 990 1842 immi-

199 1866 280 1898 serit;
297 1864 362 1899 quid
380 1864 427 1890 illa
445 1863 520 1895 vitis,
538 1870 571 1889 ac
587 1862 675 1895 licus;
701 1861 765 1896 quis
783 1861 828 1888 ille
842 1861 888 1896 qui
909 1860 990 1887 semi-

200 1915 256 1943 nat,
281 1917 377 1944 quaeve
402 1909 505 1943 optima
537 1907 572 1935 sit
596 1911 678 1934 terra.
701 1907 793 1940 Itaque
818 1905 921 1934 frustra
949 1905 989 1932 illi

199 1965 272 1984 caeco
284 1955 417 1984 daemoriis
432 1956 536 1989 impetu
552 1953 652 1980 conciti
668 1953 829 1987 rapiuntur;
843 1953 876 1979 de
890 1951 990 1986 quibus

201 2003 299 2030 merito
324 2007 436 2029 sanctus
461 2000 562 2027 Paulus
587 1999 624 2026 ita
648 1999 769 2034 loquitur
789 2007 796 2024 :
829 1997 989 2024 Novissimis

200 2050 358 2083 temporibus
375 2051 491 2074 avertant
505 2055 532 2073 se
549 2046 656 2081 quidam
674 2054 690 2071 a
703 2045 837 2076 doctrina,
854 2045 990 2070 intenden-

201 2102 236 2122 [εδ
251 2095 350 2130 fabulis
370 2099 394 2121 et
411 2093 540 2120 doctrinis
562 2092 711 2118 dwmonum
724 2091 745 2118 '.
759 2090 809 2117 Cui
825 2095 852 2117 et
870 2089 990 2117 Jacobus

201 2142 376 2176 astipulatur,
399 2140 433 2167 de
453 2138 589 2173 ejusmodi
608 2138 783 2173 dogmatibus
803 2137 840 2164 ita
859 2137 988 2172 loquens:

202 2186 263 2214 Non
282 2192 321 2214 est
341 2187 409 2213 enim
431 2186 483 2212 ista
505 2185 635 2219 sapientia
658 2185 797 2211 desursum
814 2183 990 2215 descendens;

201 2234 246 2260 sed
261 2237 376 2263 terrena,
394 2231 530 2263 animalis,
544 2230 687 2256 diabolica.
711 2230 777 2262 Qua.-
792 2234 880 2256 autcm
896 2228 989 2255 desur-
1005 2245 1029 2275 ι)

201 2285 260 2304 sum
270 2281 308 2303 est
323 2276 452 2310 sapientia
465 2276 579 2310 primum
596 2275 702 2309 quidem
714 2274 811 2307 pudica
828 2279 877 2304 est,
895 2273 989 2300 deinde

204 2323 322 2356 nasi/ica,
337 2322 467 2353 modesta,
477 2321 630 2352 suadibilil,
643 2320 717 2347 bonis
731 2319 990 2353 consentiens,plena

211 2369 384 2398 aiisericordia
415 2373 440 2395 et
472 2367 602 2403 fructibus
625 2366 701 2393 bonis
716 2367 744 2399 ³,
765 2370 830 2398 etc.,
857 2367 937 2400 cujus
956 2374 990 2394 ne

207 2413 333 2444 minimus
359 2413 469 2448 quidem
495 2413 523 2439 in
548 2412 592 2440 his
619 2419 687 2446 quos
716 2411 992 2439 commemoravimus

204 2461 309 2486 iructus
336 2460 468 2486 cernitur.
492 2459 599 2493 Quippe
624 2458 695 2493 apud
723 2459 784 2485 illos
807 2458 991 2485 inconstantia

202 2513 235 2533 ac
256 2505 360 2533 nefaria
382 2506 474 2533 omnia
501 2505 639 2536 facinora,
667 2505 877 2539 dazmonumque
900 2504 990 2536 fetus,

1039 261 1167 297 ἀληθείας
1189 263 1369 299 συγγραφέων
1398 263 1501 290 τούτων
1527 263 1643 299 λεχθεῖσι
1659 272 1689 290 τε
1707 263 1753 290 καὶ
1771 272 1829 290 συν-

1038 308 1168 344 ταχθεῖσι,
1184 310 1230 336 καὶ
1249 310 1376 345 ὁρῶντες,
1403 311 1445 337 ὅτι
1461 310 1534 337 ἄλλοι
1553 310 1829 345 πεπονήκασι,.φημὶ

1037 354 1065 380 δὲ
1082 354 1198 390 Κλήμης
1219 355 1266 382 καὶ
1282 356 1425 391 Εἰρηναῖος
1439 355 1487 382 καὶ
1509 355 1676 388 Ἱππόλυτος,
1695 356 1742 382 καὶ
1753 355 1828 382 ἄλλοι

1039 400 1157 432 πλείους,
1181 401 1205 427 οἳ
1232 401 1279 428 καὶ
1302 401 1468 437 θαυμαστῶς
1492 401 1541 436 τὴν
1571 401 1631 428 κατ’
1660 402 1748 428 αὐτῶν
1777 411 1828 428 πε-

1039 446 1164 481 ποίηνται
1183 447 1350 482 ἀνατροπὴν,
1369 448 1400 474 οὐ
1427 446 1498 474 πάνυ
1521 455 1547 473 τι
1561 446 1600 482 τῷ
1615 446 1730 482 καμάτῳ
1745 455 1829 482 προσ-

1039 491 1135 524 θεῖναι,
1151 493 1188 524 ὡς
1206 494 1346 527 προεῖπον,
1364 493 1548 529 ἠθελήσαμεν,
1577 492 1753 524 ἱκανωθέντες
1772 494 1830 524 τοῖς

1039 538 1247 574 προειρημένοις
1261 539 1386 574 ἀνδράσι,
1402 538 1448 565 καὶ
1461 539 1527 566 αὐτὸ
1541 538 1619 565 τοῦτο
1631 538 1827 573 διανοηθέντες,

1037 585 1078 611 ὃτι
1098 584 1180 611 παντὶ
1195 585 1298 620 συνετῷ
1313 585 1361 612 καὶ
1375 585 1404 618 ἐξ
1419 585 1509 611 αὐτῶν
1521 585 1576 611 τῶν
1587 585 1615 611 ἐν
1628 585 1683 615 τοῖς
1697 584 1828 619 διδάγμα-

1040 639 1081 657 σιν
1096 631 1185 657 αὐτῶν
1200 631 1286 665 λόγων
1301 632 1317 666 ἡ
1336 630 1476 667 ἀνατροπὴ
1494 631 1582 657 αὐτῶν
1599 632 1658 657 κατ’
1672 629 1760 656 αὐτῶν
1776 637 1828 663 φα-

1039 676 1160 710 νήσεται.

1073 806 1132 832 ΛΔν.
1146 804 1256 841 Πρῶτον
1268 805 1316 840 μὲν
1327 805 1368 832 ἔτι
1379 804 1494 840 διάφορα
1505 805 1570 840 παρ’
1581 804 1672 836 αὐτοῖς
1681 803 1715 831 τὰ
1726 804 1827 840 φρονή-

1040 859 1121 886 ματα,
1134 851 1181 877 καὶ
1193 851 1285 886 ἕτερος
1295 850 1330 876 τὰ
1341 849 1387 876 τοῦ
1399 850 1492 884 ἑτέρου
1507 849 1652 876 καταλύειν
1662 849 1828 883 ἐπαγγέλλε-

1003 891 1022 918 Β
1037 906 1081 924 ται
1088 905 1095 911 ⁸
1104 897 1227 932 δεύτερον
1237 897 1275 929 δὲ,
1282 897 1323 923 ὃτι
1333 897 1473 923 ἀσύστατα
1482 896 1516 922 τὰ
1525 896 1590 931 παρ’
1598 895 1690 926 αὐτοῖς
1699 895 1829 931 μυθοποι-

1037 943 1140 978 ήματα,
1149 942 1212 969 οὔτε
1225 935 1275 969 που
1291 943 1401 979 Γραφῆς
1413 942 1552 978 εἰπούσης,
1562 941 1624 968 οὔτε
1634 941 1681 968 τοῦ
1690 942 1827 973 Μωῡσέως

1037 989 1130 1023 νόμου,
1145 988 1206 1015 οὔτε
1223 989 1296 1020 τινος
1309 989 1450 1024 προφήτου
1466 989 1519 1015 τῶν
1544 988 1614 1023 μετὰ
1627 989 1756 1021 Μωῡσέα,
1770 989 1830 1014 ἀλλ’

1036 1033 1098 1060 οὔτε
1117 1033 1164 1060 τοῦ
1185 1034 1327 1069 Σωτῆρος,
1347 1034 1409 1060 οὔτε
1426 1034 1479 1061 τῶν
1501 1034 1583 1060 αὑτοῦ
1608 1033 1828 1068 εὐαγγελιστῶολ,

1037 1079 1094 1106 ἀλλ’
1108 1079 1169 1106 οὔτε
1188 1080 1242 1116 μὴν
1256 1080 1310 1106 τῶν
1325 1080 1490 1107 ἀποστόλων.
1504 1081 1535 1106 ΕΞ
1550 1080 1604 1116 γὰρ
1616 1080 1701 1106 ταῦτα
1713 1081 1827 1116 ἀληθινὰ

1037 1127 1170 1162 ὑπῆρχεν,
1190 1127 1204 1153 ὁ
1225 1126 1309 1154 ἐλθὼν
1326 1127 1441 1161 φωτίσαι
1460 1126 1509 1162 τὴν
1532 1126 1692 1162 οἰκουμένην
1715 1126 1828 1162 Κύριος,

1037 1171 1085 1197 καὶ
1099 1171 1152 1207 πρὸ
1168 1171 1250 1198 αὑτοῦ
1267 1172 1291 1197 οἰ
1311 1171 1459 1207 προφῆται,
1478 1171 1573 1198 ἔπειτα
1596 1172 1624 1198 δὲ
1641 1172 1688 1198 καὶ
1710 1172 1735 1197 οἱ
1758 1172 1828 1198 ἀπό-

1038 1217 1125 1244 στολοι
1147 1218 1172 1244 οἱ
1186 1217 1344 1252 ὲλέγξαντες
1366 1217 1416 1253 τὴν
1439 1217 1676 1253 εἰδωλολατρείαν,
1693 1217 1782 1244 πᾶσάν
1797 1226 1828 1245 τε

1037 1263 1196 1299 παράνομον
1207 1263 1318 1299 πρᾶξιν,
1330 1263 1377 1290 καὶ
1389 1263 1426 1298 μὴ
1437 1262 1619 1295 δειλιάσαντες
1631 1263 1746 1299 γράφειν
1757 1263 1830 1291 κατὰ

1038 1309 1128 1344 πάσης
1146 1309 1305 1345 παρανόμου
1323 1309 1496 1341 διδασκαλίας
1511 1310 1557 1336 καὶ
1570 1310 1766 1345 ἐναντιότητος,
1781 1318 1828 1336 σα-

1038 1355 1096 1389 φῶς
1112 1355 1146 1382 ἂν
1165 1355 1199 1381 τὰ
1218 1355 1330 1382 τοιαῦτα
1345 1355 1410 1390 ἡμῖν
1425 1355 1626 1390 κατήγγελλον*
1649 1355 1696 1382 καὶ
1712 1355 1829 1390 μάλιστα

1038 1401 1119 1428 αὑτοῦ
1138 1401 1184 1428 τοῦ
1200 1402 1326 1436 Σωτῆρος
1348 1401 1484 1434 λέγοντος,
1501 1401 1543 1427 ὃτι
1560 1401 1624 1434 Τοῖς
1642 1401 1701 1436 μὲν
1714 1401 1772 1433 ἔξω
1794 1401 1830 1427 ἐν

1039 1447 1232 1481 παραϐολαῖς,
1250 1447 1321 1482 ὑμῖν
1335 1447 1369 1473 δὲ
1383 1447 1434 1480 τὰς
1446 1447 1618 1481 παραϐολὰς
1631 1449 1675 1480 εὶς
1686 1447 1830 1474 ἐπίλυσιν

1036 1493 1198 1526 βασιλείας
1213 1492 1350 1527 οὐρανῶν
1368 1493 1488 1527 ῥητέον.
1505 1494 1589 1524 Ὀσας
1604 1492 1670 1526 γοῦν
1692 1494 1721 1519 ὲν
1739 1492 1830 1526 Εὐαγ-

1039 1538 1139 1573 γελίοις
1152 1539 1310 1574 παραϐολὰς
1324 1539 1444 1574 εἴρηκεν,
1455 1538 1535 1570 εὐθὺς
1549 1538 1679 1570 ὲπιλύσας
1693 1538 1828 1572 φαίνεται.

1045 1585 1153 1620 Ἀμέλει
1167 1585 1214 1611 καὶ
1236 1585 1277 1616 τίς
1292 1586 1306 1611 ὁ
1329 1585 1428 1616 κόκκος
1449 1584 1495 1611 τοῦ
1514 1584 1661 1616 σινάπεως,
1676 1584 1723 1611 καὶ
1745 1584 1788 1616 τίς
1812 1585 1829 1619 ἡ

1039 1631 1129 1667 ζύμη·
1149 1632 1195 1658 καὶ
1210 1631 1251 1662 τίς
1268 1631 1387 1666 βαλοῦσα
1398 1631 1448 1666 τὴν
1466 1630 1555 1666 ζύμην
1566 1631 1606 1662 εἰς
1620 1629 1655 1656 τὰ
1670 1630 1734 1666 τρία
1749 1630 1828 1662 σάτα,

1039 1678 1080 1709 τίς
1096 1679 1110 1704 ὁ
1136 1677 1282 1713 ἀμπελὼν,
1303 1677 1346 1708 τίς
1363 1678 1380 1713 ὴ
1406 1678 1490 1712 συκῆ,
1511 1677 1553 1708 τίς
1571 1677 1585 1703 ὁ
1602 1677 1728 1712 σπορεὺς,
1753 1676 1796 1707 τίς
1813 1677 1830 1711 ἡ

1040 1724 1169 1759 καλλίστη
1191 1724 1238 1759 γῆ.
1267 1724 1321 1750 Καὶ
1345 1724 1433 1759 μάτην
1460 1720 1535 1750 οὗτοι
1560 1722 1751 1749 ἐνθουσιῶνται
1778 1722 1832 1748 ὑπὸ

1039 1770 1173 1805 δαιμόνων
1191 1770 1381 1805 ἐλαυνόμενοι·
1409 1770 1474 1805 περὶ
1488 1766 1525 1796 ὦν
1546 1778 1628 1804 φησιν
1644 1770 1657 1796 ὁ
1679 1769 1832 1803 ἁγιώτατος

1039 1815 1188 1847 ἀπόστολος
1206 1815 1310 1847 Παῦλος
1321 1824 1327 1830 ”
1344 1817 1397 1843 Ἔν
1408 1815 1551 1849 ὑστέροις
1567 1815 1680 1850 καιροῖς
1699 1815 1832 1847 ἀποστή-

1040 1862 1147 1888 σονταί
1161 1870 1241 1893 τινες
1257 1861 1313 1896 τῆς
1330 1861 1539 1894 διδασκαλίας,
1559 1861 1762 1896 προσέχοντες
1773 1861 1832 1896 μύ-

1040 1907 1103 1939 θοις
1129 1906 1178 1933 καὶ
1206 1906 1415 1940 διδασκαλίαις
1439 1907 1600 1942 δαιμόνων.
1628 1907 1684 1933 Καὶ
1707 1907 1789 1933 πάλιν
1817 1906 1832 1932 6

1041 1952 1118 1986 ἅγιος
1139 1953 1267 1984 Ἰάκωϐος
1293 1953 1380 1987 λέγων
1405 1954 1468 1989 περὶ
1490 1953 1540 1988 τῆς
1563 1952 1690 1987 τοιαύτης
1709 1952 1834 1979 διδασκα-

1041 1999 1110 2031 λίας,
1129 1999 1170 2025 ὅτι
1183 2000 1244 2026 Οὐκ
1261 1999 1346 2026 ἐστιν
1363 1999 1478 2027 ἄνωθεν
1493 2000 1511 2032 ἡ
1532 1999 1608 2032 αὺτὴ
1623 1999 1717 2033 σοφία
1727 2007 1832 2033 κατερ-

1041 2046 1166 2081 χομένη,
1185 2047 1254 2073 ἀλλ’
1267 2047 1409 2082 ἐπίγειος,
1427 2046 1556 2081 ψυχικὴ,
1570 2044 1775 2080 δαιμονιώδης.
1797 2043 1832 2072 Ἢ

1041 2093 1075 2119 δὲ
1094 2093 1309 2128 ι’ἱνωθενσοςρία
1331 2093 1449 2127 πρῶτον
1458 2093 1516 2127 μὲν
1534 2092 1610 2128 ἁγνή
1622 2093 1716 2124 ἐστιν,
1730 2092 1834 2118 ἔπειτα

1041 2138 1194 2172 εἰρηνικὴ,
1220 2138 1375 2172 εὐπειθὴς,
1396 2138 1576 2172 ἀδιάκριτος,
1595 2137 1693 2172 μεστὴ
1715 2137 1831 2170 ἐλέους,

1041 2185 1090 2210 καὶ
1113 2184 1236 2219 καρπῶν
1253 2184 1388 2219 ἀγαθῶν,
1410 2185 1457 2212 καὶ
1480 2184 1514 2211 τὰ
1541 2185 1614 2218 ἑξῆς.
1631 2180 1684 2216 Ἦς
1709 2183 1769 2210 οὐδὲ
1792 2182 1833 2215 εἷς

1043 2230 1148 2266 καρπὸς
1168 2232 1196 2257 ὲν
1217 2232 1274 2263 τοῖς
1297 2231 1505 2266 προειρημένοις
1520 2231 1687 2266 εὑρίσκεται.
1703 2230 1770 2266 Παρ“
1786 2229 1833 2256 αὺ-

1042 2279 1098 2309 τοῖς
1111 2277 1165 2313 γὰρ
1181 2277 1381 2309 ἀκαταστασία,
1397 2277 1445 2303 καὶ¹
1462 2277 1517 2303 πᾶν
1536 2276 1692 2312 παράνομον
1705 2276 1833 2312 πρᾶγμα,

1042 2322 1176 2358 δαιμόνων
1200 2331 1230 2349 τε
1246 2323 1389 2358 κυήματα,
1413 2323 1460 2349 κα)⁸
1483 2323 1640 2358 συρίγματα
1661 2322 1833 2358 δρακόντων,

1044 2368 1138 2396 ἄλλοτε
1160 2368 1249 2401 ἄλλως
1266 2369 1314 2396 καὶ
1336 2369 1400 2396 ἄλλο
1428 2369 1543 2397 ἑκάστου
1566 2369 1655 2396 αὐτῶν
1678 2368 1834 2401 λαλοῦντος,

1044 2414 1113 2450 Παρ“
1129 2411 1169 2446 οἷς
1184 2415 1234 2441 οὐκ
1251 2415 1335 2447 ἔλεος,
1348 2415 1398 2442 οὐκ
1410 2413 1499 2447 οἶκτος
1511 2415 1680 2451 εὑρίσκεται,
1696 2415 1764 2442 ἀλλὰ
1776 2415 1821 2442 δια

1045 2460 1150 2495 κρίσεις
1165 2460 1212 2487 καὶ
1225 2461 1363 2497 διαφοραὶ,
1384 2460 1432 2488 καὶ
1447 2461 1565 2496 οὐδαμοῦ
1579 2462 1695 2495 ἁγνεῖαι,
1713 2459 1832 2496 οὐδαμοῦ

1045 2507 1152 2542 εἰρήνη,
1173 2507 1291 2542 οὐδαμοῦ
1308 2498 1452 2534 ἐπιείκεια.

203 2556 230 2580 et
244 2556 398 2587 serpentum
417 2553 488 2580 sibili
510 2546 694 2588 reperiuntur.
711 2552 797 2578 Aliter
811 2552 871 2578 aliis
886 2553 1066 2587 temporibus,
1084 2557 1167 2589 atque
1181 2554 1255 2581 aliud
1282 2554 1473 2589 unusquisque
1499 2554 1639 2589 praedicat.
1670 2553 1750 2581 Nulla
1780 2553 1832 2580 illic

205 2597 405 2629 misericordia,
441 2597 482 2624 vel
503 2597 665 2630 clementia,
688 2597 737 2624 sed
759 2597 947 2624 dissensiones
974 2605 1005 2625 ac
1025 2598 1186 2633 discordiae;
1208 2600 1283 2627 nulla
1310 2607 1426 2635 usquam
1451 2601 1631 2632 castimonia,
1655 2599 1730 2627 nulla
1765 2606 1832 2640 pax,

205 2644 317 2680 :equilas
334 2644 417 2671 animi
434 2644 521 2671 nulla.

226 2708 230 2718 ι
240 2690 348 2719 XXXV.
357 2691 395 2718 Ac
405 2692 470 2718 mihi
481 2699 547 2719 sane
555 2692 631 2724 libet,
640 2691 769 2727 quoniam
777 2691 810 2718 ad
821 2691 845 2718 id
856 2692 992 2719 sermonis

205 2741 230 2763 et
239 2738 389 2772 argumenti
402 2745 445 2764 me
454 2738 604 2765 necessitas
615 2738 738 2773 impellit.
747 2738 854 2764 tametsi
868 2738 948 2765 ﬁnem
957 2738 995 2764 fa-

205 2787 267 2809 cere
277 2782 484 2815 constitueram,
495 2790 581 2818 pauca
588 2790 621 2810 ex
633 2783 742 2810 illorum
750 2783 868 2810 decretis
878 2782 912 2809 ad
920 2782 990 2810 refu-

245 2862 254 2877 ¹
266 2861 333 2891 Luc.
349 2871 408 2894 vnI.
429 2863 470 2891 l0.
510 2865 519 2880 '
531 2863 541 2891 Ι
554 2863 613 2891 Tim
638 2872 673 2893 Iv.
692 2864 714 2891 Ι.
755 2863 764 2879 ³
776 2862 834 2891 Jac.
848 2871 890 2893 ιιι.
907 2862 997 2890 ίὸ-Π.

1079 2692 1140 2719 ΛΕ’.
1163 2691 1298 2727 Βούλομαι
1321 2691 1349 2718 δὲ
1371 2693 1452 2719 πάλιν
1478 2691 1700 2727 ἀναγκαζόμενος
1721 2692 1773 2718 ὑπὸ
1789 2691 1831 2719 τοί

1043 2738 1135 2772 λόγου,
1154 2738 1178 2764 εἱ
1194 2738 1240 2763 και)⁸
1266 2737 1423 2764 παύσασθαι
1445 2737 1619 2773 ὑπεσχόμην,
1644 2737 1742 2771 ὀλίγων
1770 2746 1827 2773 παρ

1045 2783 1136 2816 αὐτοῖς
1157 2782 1310 2819 εἰρημένων
1330 2783 1520 2820 μνημονεύσας
1542 2783 1702 2819 ἀνατρέψαι.
1721 2783 1758 2809 Οὐ
1781 2783 1830 2819 γὰι
