1961 3046
116 169 164 197 5H

486 170 670 198 ADVERSUS
689 171 862 198 lI/EltESES
881 171 945 199 LIB.
967 172 977 198 ῐ
996 172 1078 200 ΤΟΜ,
1100 173 1131 200 ll.
1152 188 1187 193 —
1206 172 1345 201 "AERES.
1363 173 1459 200 XXXI.

1690 170 1743 198 542

116 230 164 256 τοῦ
179 229 248 255 κατὰ
262 229 358 264 τέχνην
375 238 418 264 μοι
438 229 515 263 λόγου
534 231 618 265 μέλει,
642 230 709 257 ἀλλὰ
725 232 775 265 τῆς
795 230 847 257 τῶν
862 232 906 257 ἐν·

962 232 1070 259 tandum
1087 232 1210 267 seligere.
1223 232 1315 268 Neque
1329 233 1401 259 enim
1417 231 1548 259 orationis
1558 231 1682 262 artiﬂcio,
1693 230 1741 259 sed

116 276 304 310 τυγχανόντων
321 275 462 309 ὠφελείας.
489 275 604 309 Λέγουσι
620 275 718 309 τοίνυν,
744 276 785 302 ὅτι
800 276 814 301 6
828 275 906 301 δωδέ-

119 329 199 352 κατος
211 320 282 346 Λὶὼν
298 321 312 346 6
326 321 354 347 ἐν
368 320 467 356 ὑστερή
473 329 537 356 ματι
550 321 694 356 γενόμενος
710 321 848 352 παντελῶς
859 321 906 347 τοῦ

118 366 236 402 ἀριθμοῦ
255 367 309 393 τῶν
329 366 432 393 δώδεκα
447 365 570 398 ἐξέπεσε,
585 367 632 392 καὶ
648 366 798 393 ἀπόλλυται
819 367 833 392 6
847 366 907 401 ἀρι-

119 412 186 447 θμὸς
199 413 214 438 ὁ
229 411 388 443 δωδέκατος.
405 411 490 438 Τοῦτο
507 411 535 438 δέ
556 420 622 446 φασι
634 412 796 446 γεγενῆσθαι
809 411 848 446 τῷ
862 412 906 438 τὸν

125 459 225 485 Ἰούδαν
239 458 303 485 ὅντα
317 459 466 485 δωδέκατον
480 458 696 489 ἐκπεπτωκέναι,
713 459 759 485 καὶ
775 457 846 484 οὕτω
862 457 907 484 τὸν

119 505 268 531 δωδέκατον
283 504 398 540 ἀριθμὸν
416 504 572 538 ἠφανίσθαι.
595 504 711 539 Ὁμοίως
725 503 754 530 δὲ
774 504 821 530 καὶ
843 503 906 538 περὶ

119 550 168 584 τῆς
184 549 396 585 αἱμορῤοούσης.
417 549 465 576 καὶ
485 550 535 585 τῆς
553 549 602 584 τὴν
617 549 681 584 μίαν
705 549 830 585 δραχμὴν
853 548 907 575 ἀπὸ

118 595 173 621 τῶν
189 595 255 622 δέκα
275 595 404 631 δραχμῶν
427 595 608 630 ἀπολεσάσης.
636 595 778 621 Δείκνυται
803 594 845 624 δὲ.
866 595 906 620 ὅτι

119 639 179 666 οὔτε
193 641 208 666 ὁ
223 640 371 671 δωδέκατος
384 640 455 667 Λίὼν
477 640 622 675 πρόσωπον
637 640 723 667 Ἰούδα
740 640 811 675 ἔχειν
829 640 907 675 δυνή-

120 695 207 718 σεται,
226 686 263 718 ὡς
276 686 314 721 τῷ
331 686 475 720 ἁγιωτάτῳ
489 686 627 721 Εἰρηναίῳ
643 686 822 721 προείρηται-
837 685 906 712 Ἰού-

118 732 166 762 δας
184 731 233 766 μὲν
249 730 304 766 γὰρ
319 729 457 761 παντελῶς
469 730 607 756 ἀπόλωλεν
618 738 625 745 ·
642 731 656 756 6
669 730 819 762 δωδέκατος
831 730 904 764 λεγό-

121 785 200 811 μενος
219 776 291 802 Λίὼν
316 776 386 802 κατὰ
406 776 436 802 τὸ
456 776 546 802 αὐτῶν
567 775 678 811 πλάσμα
695 776 745 802 οὐκ
768 776 887 811 ἐκενὼθη
899 785 905 792 ·

119 822 185 856 ἔστη
200 821 254 857 γὰρ
269 821 383 848 ἐνώπιον
402 821 485 848 αὐτοῦ
504 821 518 847 ὁ
531 822 722 856 Μεταγωγεὺς,
738 821 754 858 ἢ
768 823 782 848 ὁ
800 822 907 857 Ὀροθέ-

119 876 178 903 της,
194 869 282 903 φήσας
298 867 365 904 πρὸς
386 867 478 899 αὐτὸν,
499 867 592 894 Ἰαώτ-
612 867 744 899 ὡσαύτως
765 868 843 903 φασὶ,
861 869 907 895 καὶ

960 278 1094 305 lectorum
1111 278 1222 305 utilitati
1240 279 1304 304 mihi
1322 278 1493 305 serviendum
1509 277 1637 304 arbitror.
1659 277 1744 304 Aiunt

958 325 1044 359 igitur
1058 324 1249 352 duodecimum
1268 324 1394 356 onnem,
1406 332 1467 352 eum
1480 324 1635 355 defecisset,
1646 331 1661 350 a
1676 324 1743 350 duo-

959 369 1073 397 denario
1099 370 1146 397 illo
1170 377 1285 397 numero
1309 370 1418 404 penitus
1441 369 1586 402 excidisse,
1603 375 1684 405 atque
1705 370 1743 397 ita

959 413 1153 441 duodecimum
1180 414 1253 441 hunc
1272 422 1414 442 numerum
1432 422 1493 442 esse
1516 415 1664 442 sublatum.
1686 413 1743 441 Hoc

958 462 1049 486 autem
1066 463 1123 486 tum
1137 460 1295 495 contigisse,
1305 468 1367 487 cum
1382 459 1467 487 Judas
1480 460 1665 494 apostolorum
1679 459 1744 486 duo-

959 503 1084 531 decimus
1096 504 1226 532 exclusus
1237 508 1294 537 est;
1311 505 1404 539 sicque
1422 504 1598 532 duodecimus
1611 512 1743 532 numerus

959 548 1004 576 ille
1022 549 1112 584 periit.
1134 549 1266 576 Similiter
1281 553 1308 577 et
1323 550 1350 576 in
1367 550 1480 577 muliere
1494 550 1550 581 illa,
1564 558 1624 585 qua:
1638 549 1744 584 sangui-

959 593 1001 620 nis
1020 593 1153 628 proﬂuvio
1174 594 1326 626 laborabat,
1342 599 1369 622 et
1395 594 1423 621 in
1443 594 1506 626 alia,
1524 603 1584 629 quae
1597 595 1690 622 decem
1709 603 1743 622 ex

958 639 1107 672 drachmis,
1117 647 1198 667 unam
1212 640 1376 675 perdiderat.
1388 640 1470 675 Atqui
1479 640 1660 668 demonstrari
1676 641 1742 668 illud

958 689 1058 720 potest,
1076 685 1191 713 Aﬂonem
1209 687 1285 713 illum
1303 686 1494 714 duodecimum
1508 686 1584 714 Iuda:
1599 694 1742 722 personam

961 731 1072 759 minime
1101 740 1182 767 posse
1210 733 1364 765 sustinere;
1391 733 1491 761 etenim
1513 732 1598 761 Judas
1621 733 1744 761 funditus

959 777 1058 812 periit;
1076 778 1255 806 duodecimus
1284 783 1373 806 autem
1396 781 1469 807 Aﬁon
1490 779 1545 811 ille,
1566 779 1609 807 vel
1629 783 1658 806 ut
1680 780 1745 814 ipsi—

958 826 1014 849 met
1030 823 1099 851 ﬁctis
1115 823 1182 851 iisce
1202 824 1302 852 fabulis
1320 825 1430 857 docent,
1451 832 1506 852 non
1522 825 1630 860 penitus
1643 825 1746 852 exstin-

959 872 1020 895 ctus
1035 873 1088 895 est.
1106 868 1186 896 Stetit
1203 870 1286 902 enim,
1299 870 1386 904 aiunt,
1405 877 1438 897 ex
1455 870 1515 905 ejus
1529 869 1645 897 adverso
1659 869 1744 897 Meta-

120 913 205 945 οὖτως
217 913 370 948 ἑστερεὼοη
379 921 385 928 ·
403 913 465 940 οὔτε
480 914 497 948 ἡ
508 913 612 940 δώδεκα
626 913 714 954 ἐτεσιν
725 913 908 949 αἱμορροοῦσα

962 921 1072 948 gogeus,
1091 914 1144 941 hoc
1160 919 1202 942 est
1219 915 1370 946 traductor,
1386 915 1431 950 qui
1450 920 1476 942 ct
1501 914 1661 946 llorotlieta,
1689 914 1745 942 sive

119 958 158 994 τῷ
177 958 266 984 αὐτῶν
287 958 406 993 δράματι
429 959 643 993 ὀμοιωθήσεται”
662 958 749 994 ἐσώθη
768 959 821 994 γὰρ
838 959 907 994 μετὰ

119 1004 223 1030 δώδεκα
244 1003 302 1038 ἔτη,
315 1005 344 1029 ἐν
359 1001 400 1035 οἷς
420 1003 458 1039 τῷ
476 1003 570 1038 αἵματι
585 1003 635 1038 τῆς
653 1003 756 1039 ῥύσεως
777 1004 905 1040 ἐφέρετο·

119 1050 150 1076 οὐ
164 1050 218 1085 γὰρ
239 1050 268 1075 ὲν
291 1051 348 1081 τοῖς
364 1049 460 1076 ἕνδεκα
486 1049 573 1076 ἐτεσιν
592 1049 700 1085 ἀπαθὴς
714 1050 835 1083 διετέλει,
860 1051 907 1078 καὶ

120 1095 149 1120 ὲν
169 1093 208 1128 τῷ
232 1093 374 1129 δωδεκάτῳ
396 1094 425 1120 δὲ
449 1093 599 1120 σέσωσται”
631 1093 693 1120 οὔτε
717 1095 734 1129 ἡ
764 1094 812 1126 τὰς
841 1095 907 1122 δέκα

119 1140 244 1175 δραχμὰς
258 1140 413 1176 κεκτημένη
427 1140 551 1167 ἀπώλεσε
564 1140 613 1175 τὴν
629 1140 693 1175 μίαν
707 1141 746 1172 εἰς
762 1141 846 1173 τέλος,
865 1141 907 1168 ἵνα

120 1187 134 1212 ὀ
149 1185 220 1213 Αἰὼν
239 1187 287 1222 τῆς
304 1186 370 1221 ὕλης
385 1185 532 1217 ἀπολωλὼς
548 1185 699 1221 μυθεύηται
719 1187 784 1222 παρ’
804 1187 905 1219 αὐτοῖς.

120 1231 193 1269 Ἦψε
206 1234 260 1269 γὰρ
274 1234 320 1261 τὸν
332 1234 438 1269 λύχνον,
450 1233 498 1260 καὶ
515 1231 581 1268 ηὗρε
596 1233 644 1269 τὴν
661 1233 796 1269 δραχμήν.

962 957 1095 985 Deﬁnitor
1111 958 1222 990 dicitur,
1244 964 1271 987 et
1295 960 1328 986 ad
1351 968 1414 987 cum
1430 959 1491 986 Jaot
1507 960 1668 991 inclamans,
1694 959 1746 987 hac

961 1004 1037 1031 illum
1052 1012 1118 1032 voce
1142 1005 1270 1033 ﬁrmavit.
1286 1004 1378 1040 Neque
1403 1013 1466 1033 vero
1484 1005 1675 1032 duodecimum
1689 1005 1744 1040 jam

960 1057 1061 1077 annum
1079 1051 1211 1085 sanguine
1228 1050 1317 1078 ﬂuens
1332 1052 1430 1078 mulier
1445 1051 1478 1078 ad
1493 1052 1608 1079 iStorum
1626 1051 1745 1078 fabulam

960 1097 1104 1131 convenit;
1124 1105 1184 1132 qua:
1200 1102 1322 1125 vertente
1346 1098 1454 1125 demum
1475 1105 1546 1125 anno
1570 1097 1744 1127 duodecimo,

960 1147 1106 1177 postquam
1137 1146 1194 1170 toto
1221 1143 1268 1170 illo
1291 1146 1411 1178 tempore
1440 1142 1574 1178 proﬂuvio
1604 1141 1746 1176 sanguinis

960 1188 1127 1221 laborasset,
1159 1193 1270 1224 repente
1297 1189 1452 1216 consanuit.
1480 1189 1559 1223 207
1588 1188 1648 1214 Non
1674 1187 1746 1214 enim

960 1235 1088 1263 undecim
1109 1237 1189 1263 annis
1213 1243 1311 1271 expers
1336 1236 1436 1268 morbi,
1457 1235 1619 1262 duodecimo
1636 1234 1747 1261 demum

121 1281 265 1309 sanitatem
294 1281 422 1308 obtinuit.
449 1281 490 1308 Ac
518 1288 606 1315 neque
635 1281 732 1308 mulier
758 1281 823 1313 illa,
849 1289 910 1316 quze
929 1282 1015 1311 denas
1049 1283 1198 1311 dracltmas
1216 1283 1341 1316 habebat,
1372 1291 1454 1311 unam
1470 1291 1502 1310 ex
1523 1283 1556 1310 iis
1577 1282 1668 1309 amisit
1687 1289 1747 1308 om-

122 1328 197 1360 nino,
213 1336 268 1363 quo
282 1328 486 1356 commentitius
501 1328 546 1356 ille
562 1335 594 1355 ac
617 1328 736 1355 materia:
759 1333 907 1356 concretus
927 1328 998 1356 ΑΞοιι
1033 1335 1163 1359 constare
1183 1332 1282 1366 possit.
1302 1331 1433 1358 Accendit
1466 1331 1536 1358 enim
1555 1330 1706 1362 lucernam,
1720 1333 1748 1356 et

121 1374 278 1402 drachmam
296 1375 408 1410 reperit.

156 1422 225 1454 Λςν.
247 1421 294 1447 Ἐκ
311 1420 402 1447 τοίνυν
418 1419 471 1447 τῶν
491 1419 538 1447 δύο
560 1420 647 1455 λόγων
667 1419 770 1447 τούτων
789 1420 806 1456 ἢ
825 1420 909 1457 τριῶν

122 1466 156 1493 τὰ
170 1466 258 1493 πάντα
279 1465 369 1493 αὐτῶν
390 1466 470 1497 εὐθὺς
487 1466 648 1501 ἐλεγχθέντα
665 1465 908 1501 καταλειφθήσεται

123 1513 401 1548 δραματουργήματα,
423 1511 470 1538 καὶ
493 1511 606 1547 ἀδρανῆ,
625 1512 673 1538 καὶ
691 1511 762 1538 ἕωλα
780 1513 836 1543 τοῖς
858 1511 908 1546 τῆς

1000 1419 1120 1447 XXXVI.
1137 1419 1319 1453 Quamobrem
1335 1419 1442 1446 duobus
1458 1419 1533 1446 hisce
1551 1419 1673 1447 tribusve
1687 1427 1748 1447 ver-

965 1465 1006 1493 bis
1026 1467 1134 1492 illoruin
1149 1466 1276 1493 discussa
1293 1466 1400 1493 somnia
1415 1473 1496 1500 quam
1515 1465 1608 1500 putida
1625 1469 1650 1493 et
1666 1466 1748 1493 imbe~

962 1512 1024 1539 cilla
1047 1512 1112 1543 sint,
1144 1511 1222 1538 facile
1250 1513 1369 1546 prudens
1392 1511 1520 1546 quilibet,
1538 1515 1564 1538 et
1589 1515 1690 1539 sanctae
1716 1520 1748 1539 ac

123 1558 278 1593 φρονήσεως
291 1558 358 1588 υἱοῖς
373 1557 419 1584 καὶ
433 1557 538 1589 τέκνοις
554 1558 610 1588 τοῖς
621 1557 670 1592 τῆς
685 1556 763 1591 ἁγίας
780 1557 826 1583 τοῦ
840 1557 906 1583 Θεοῦ

962 1558 1104 1584 catholicze
1131 1557 1177 1584 Dei
1202 1557 1331 1585 Ecolesia:
1357 1557 1428 1584 ﬁlius
1454 1557 1661 1585 animadvertet.
1686 1557 1746 1584 1am

123 1604 268 1638 καθολικῆς
280 1602 452 1638 Ἐκκλησίας.
468 1604 527 1629 ’Ἰνα
543 1603 597 1638 γὰρ
615 1602 651 1638 μὴ
667 1602 737 1628 κατὰ
751 1602 804 1628 τῶν
820 1602 909 1629 αὐτῶν

124 1650 272 1686 φερόμενος
280 1650 319 1680 εἰς
333 1650 418 1684 μῆκος
429 1649 540 1684 ἄπειρον
554 1649 641 1676 ὲλάσω
652 1649 700 1683 τὴν
712 1648 910 1684 πραγματείαν,

123 1696 175 1727 ἓως
191 1695 240 1730 τῆς
260 1694 375 1721 ἐνταῦθα
394 1695 558 1730 ὑφηγήσεως
580 1694 761 1729 ποιησάμενος
780 1694 829 1728 τὴν
846 1693 912 1720 ὑπό-

125 1750 233 1777 μνησιν,
249 1742 295 1768 καὶ
307 1740 410 1772 ἐπιθεὶς
426 1740 512 1776 πέρας
526 1742 559 1776 τῇ
573 1740 691 1776 τοσαύτῃ
703 1739 792 1766 αὐτῶν
809 1739 912 1775 μοχθη-

127 1787 189 1823 ρίᾳ,
207 1787 253 1813 ἐπὶ
272 1786 323 1819 τὰς
349 1786 412 1822 ἑξῆς
432 1786 589 1822 βαδιοῦμαι,
612 1786 677 1812 Θεὸν
701 1785 913 1820 ἐπικαλούμενος

127 1833 223 1868 ὁδηγόν
233 1841 262 1859 τε
277 1832 323 1859 καὶ
338 1832 484 1868 ἐπίκουρον
504 1831 552 1866 τῆς
568 1831 646 1868 ¹ἡμῶν
666 1831 819 1863 ἀσθενείας,
834 1831 873 1863 εἰς
882 1831 913 1857 τὸ

126 1879 248 1914 σωθῆναι
256 1879 309 1906 ἀπὸ
325 1879 425 1914 ταύτης
434 1879 480 1906 καὶ
491 1878 544 1904 τῶν
555 1877 760 1913 προειρημένων
769 1877 911 1914 αἱρέσεων,

127 1924 172 1951 καὶ
184 1924 237 1951 τῶν
252 1924 405 1960 μελλουσῶν
415 1923 622 1951 ἀναδείκνυσθαι
630 1925 686 1955 τοῖς
696 1923 857 1958 φιλολόγοις,
866 1924 913 1950 καὶ

127 1971 297 2006 βουλομένοις
310 1971 343 1998 τὰ
356 1971 458 2006 ἀκριϐῆ
470 1970 568 1997 εἰδέναι
578 1969 631 1996 τῶν
647 1971 676 1995 ὲν
689 1969 728 2004 τῷ
736 1969 829 2004 κόσμῳ
839 1978 914 1996 κενο-

127 2017 234 2052 φωνιῶν
251 2025 281 2044 τε
306 2017 353 2043 καὶ
379 2017 536 2044 ἁσυστάτων
561 2016 713 2051 δογμάτων.
731 2016 778 2047 Εἰς
801 2015 914 2047 πολλοὺς

125 2063 179 2098 γὰρ
195 2060 271 2095 οὗτος
283 2064 332 2098 τὴν
349 2063 445 2090 ἑαυτοῦ
459 2062 645 2098 ὀνειροπολίαν
658 2062 831 2097 ὲπισπείρας,
846 2062 914 2088 Γνω-

126 2110 217 2136 στικὸν
231 2110 327 2136 ἑαυτὸν
342 2110 461 2141 καλέσας
471 2129 478 2141 ,
495 2109 625 2141 πολλοὺς,
652 2109 690 2140 ὡς
706 2110 808 2140 εἰπεῖν,
832 2116 913 2143 σκορ-

126 2153 204 2184 πίους
216 2153 253 2184 ὠς
276 2153 340 2188 μίαν
364 2153 457 2180 ἅλυσιν
474 2153 629 2188 συνέδησεν,
647 2153 685 2184 ὡς
707 2153 725 2188 ή
747 2152 849 2179 παλαιὰ
869 2153 914 2179 καὶ

126 2200 243 2235 ἐναργὴς
273 2199 414 2235 παραϐολὴ
441 2200 575 2235 ὑπάρχει,
601 2200 658 2231 ὅτι,
684 2199 778 2226 ἆλυσίν
800 2207 861 2225 τινα
889 2199 913 2225 οἱ

962 1605 1034 1631 enim
1052 1604 1156 1631 veritus
1179 1611 1239 1639 ego,
1264 1611 1297 1631 ne
1323 1604 1345 1630 si
1367 1603 1491 1638 pluribus
1515 1605 1542 1630 in
1563 1611 1622 1630 eam
1645 1609 1747 1631 sectam

962 1651 1086 1677 invectus
1106 1650 1194 1682 fuero,
1212 1650 1239 1676 in
1256 1649 1392 1676 inﬁnitum
1410 1649 1488 1677 abeat
1510 1650 1607 1682 oratio,
1625 1650 1658 1677 ad
1676 1650 1748 1676 hunc

963 1704 1051 1731 usque
1069 1696 1158 1723 locum
1185 1703 1347 1731 progressus
1372 1696 1482 1723 modum
1507 1695 1642 1723 adhibebo
1667 1695 1748 1723 refel-

962 1742 1049 1769 lenda)
1066 1742 1174 1769 illorum
1193 1742 1332 1776 nequitize,
1350 1749 1446 1776 tneque
1471 1742 1503 1768 ad
1524 1746 1636 1769 caeteras
1655 1742 1749 1769 redar-

962 1787 1086 1822 guendas
1102 1787 1252 1814 conferam.
1272 1786 1325 1814 Sed
1352 1787 1469 1822 primum
1487 1787 1537 1814 via:
1553 1787 1618 1815 mihi
1640 1787 1746 1818 ducem.

963 1839 990 1860 et
1007 1833 1204 1860 imbecillitatis
1229 1832 1382 1868 adjutorem
1406 1841 1474 1860 mem
1495 1832 1578 1861 Deum
1603 1833 1747 1862 invocabo.

963 1880 1003 1906 uti
1023 1887 1064 1906 me
1078 1883 1104 1906 et
1121 1879 1154 1906 ab
1167 1879 1248 1914 hujus
1265 1884 1356 1912 sectm,
1372 1880 1598 1914 superiorumque
1614 1879 1748 1910 omnium,

963 1928 990 1951 et
1011 1924 1046 1951 ab
1074 1924 1280 1959 insequentium
1310 1924 1473 1958 contagione
1500 1923 1610 1955 liberet,
1628 1930 1695 1957 quas
1721 1923 1748 1949 in

963 1969 1133 1996 eruditorum
1153 1969 1294 1995 hominum
1312 1969 1438 2003 gratiam,
1463 1968 1508 2003 qui
1526 1967 1642 1995 absurda
1661 1967 1706 1993 illa
1722 1971 1749 1994 et

964 2016 1057 2042 inania
1076 2015 1220 2050 dogmata,
1241 2022 1301 2050 qua:
1330 2015 1356 2041 in
1383 2014 1455 2041 hunc
1475 2014 1568 2041 orbem
1588 2018 1747 2048 eruperunt,

964 2062 1123 2089 accuratius
1140 2061 1283 2096 explorare
1300 2060 1429 2093 student,
1450 2060 1579 2094 deinceps
1600 2066 1748 2094 perseque-

964 2116 1036 2135 mur.
1062 2107 1201 2142 Siquidem
1223 2107 1384 2134 Valentinus
1404 2107 1456 2134 iste
1479 2107 1536 2133 suis
1557 2106 1583 2132 in
1605 2106 1748 2140 quamplu-

965 2154 1049 2181 rimos
1061 2153 1167 2181 diﬂusis
1182 2153 1448 2187 communicatisque
1468 2151 1593 2183 soumiis,
1610 2159 1671 2178 cum
1689 2160 1749 2179 sesc

964 2201 1124 2229 Gnosticum
1139 2200 1270 2235 appellari
1287 2200 1437 2232 maluisset,
1454 2199 1564 2229 multos,
1580 2202 1609 2225 ut
1624 2198 1659 2224 ita
1674 2198 1749 2225 dixe-

127 2245 251 2280 σκορπίοι
269 2245 324 2281 (85)
340 2245 393 2272 ἀπὸ
417 2246 475 2277 ἑνὸς
494 2247 534 2277 είς
549 2245 595 2272 τὸν
616 2245 709 2280 ἕτερον
733 2245 909 2280 δεσμῶντες,

965 2246 1035 2278 rim,
1067 2246 1190 2281 scorpios
1214 2245 1242 2272 in
1265 2252 1347 2272 unam
1373 2248 1496 2271 catenam
1521 2242 1699 2275 constrinxit;
1722 2242 1748 2269 id

126 2291 177 2323 ἕως
196 2291 264 2318 δέκα
289 2291 306 2326 ἢ
335 2292 382 2318 καὶ
405 2291 512 2323 πλείους
542 2291 595 2318 ἀπὸ
625 2290 725 2326 στέγης
747 2291 764 2326 ἢ
788 2289 912 2326 δώματος

126 2337 239 2368 ἑαυτοὺς
258 2336 371 2372 χαλῶσι,
399 2336 446 2364 καὶ
460 2337 547 2368 οὓτως
570 2336 639 2372 μετὰ
661 2336 736 2362 δόλου
755 2336 805 2372 τὴν
823 2335 912 2371 λύμην

127 2385 181 2415 τοῖς
197 2383 349 2419 ἀνθρώποις
364 2383 536 2418 ἐργάζονται.
546 2382 639 2414 Οὕτως
657 2382 703 2408 καὶ
719 2378 806 2413 οὗτος,
826 2381 872 2408 καὶ
887 2382 912 2409 οι

127 2429 207 2457 αὑτοῦ
229 2429 389 2464 καλούμενοι
411 2429 431 2455 Γ
432 2429 559 2456 νωστικοὶ
573 2429 622 2464 τῆς
637 2428 740 2463 πλάνης
760 2428 911 2463 ἀρχηγέται

131 2476 263 2510 γεγόνασι,
275 2476 321 2502 καὶ
335 2475 399 2511 παρ’
410 2474 489 2502 αύτοῦ
501 2474 550 2506 τὰς
559 2475 708 2510 προφάσεις
720 2474 910 2508 ὑπειληιρότες,

128 2523 218 2559 έτερος
235 2523 278 2557 ὑφ’
297 2522 390 2558 ἑτέρου
408 2521 586 2557 μαθητευθεὶς
600 2521 669 2556 μετὰ
686 2521 731 2547 τὸν
752 2520 911 2547 διδάσκαλον

127 2568 286 2604 προσθήκην
301 2568 351 2603 τῆς
371 2568 474 2602 πλάνης
489 2567 647 2603 εἰργάσατο,
665 2567 712 2593 καὶ
725 2566 822 2602 ἑτέραν
836 2566 911 2601 αἶρε-

129 2623 169 2640 σιν
185 2615 362 2650 εἰσηγήσατο,
377 2614 509 2650 ἐχομένης
522 2614 531 2630 ¹
548 2613 599 2648 τῆς
614 2613 759 2649 προτέρας.
771 2612 827 2638 Καὶ
840 2611 911 2638 οὕτω

130 2661 197 2687 κατὰ
217 2660 266 2696 τὴν
286 2659 410 2695 διαδοχὴν
432 2660 472 2691 εἰς
491 2660 633 2694 διαφόρους
654 2659 774 2694 αἱρέσεις
794 2659 870 2685 αὐτοὶ
886 2659 910 2685 οί

131 2706 270 2741 κληθέντες
290 2706 438 2733 Γνωστικοὶ
463 2705 665 2742 ἐμερίσθησαν
693 2705 769 2741 παρὰ
794 2705 911 2732 υὺαλενς

170 2785 178 2799 ¹
192 2783 256 2811 For.
272 2783 413 2820 ἐχομένην.

964 2291 1037 2327 quod
1050 2295 1141 2324 vetus,
1153 2298 1186 2319 ac
1202 2294 1300 2318 testata
1311 2290 1459 2317 similitudo
1474 2289 1603 2316 declarat.
1615 2287 1749 2315 Nimirum

965 2338 1089 2373 scorpios
1106 2337 1139 2365 ad
1157 2337 1251 2365 decem
1269 2337 1394 2372 pluresve
1409 2339 1511 2363 catenae
1529 2334 1615 2362 instar
1631 2334 1699 2361 alios
1716 2334 1749 2360 ab

965 2385 1194 2419 aliis.suspensos
1208 2391 1268 2411 sese
1283 2390 1315 2410 ex
1336 2386 1408 2409 tecto
1423 2389 1455 2408 ac
1478 2380 1579 2408 solario
1595 2379 1748 2411 demittere.

965 2429 1060 2463 sicque
1073 2437 1106 2456 ex
1123 2429 1232 2456 insidiis
1250 2427 1374 2455 homines
1395 2426 1557 2461 opprimere.
1574 2425 1619 2452 Sic
1632 2425 1686 2458 ille,
1700 2432 1748 2459 po-

965 2475 1086 2510 sterique
1098 2475 1157 2509 ejus
1165 2482 1260 2502 omnes
1272 2473 1394 2501 Gnostici
1405 2472 1466 2499 falsi
1479 2471 1612 2506 dogmatis
1623 2474 1750 2497 auctores

963 2521 1110 2552 exstitere,
1134 2524 1161 2547 et
1187 2519 1282 2547 abillo
1305 2518 1408 2546 erroris
1432 2521 1589 2552 argumenta
1614 2515 1696 2547 nacti,
1717 2523 1750 2542 ac

964 2566 1141 2594 successione
1156 2566 1275 2600 quadam
1293 2565 1409 2592 invicem
1430 2564 1530 2595 ed0eti,
1543 2563 1576 2590 ad
1593 2570 1652 2590 eam
1667 2569 1749 2596 quam

965 2621 980 2640 a
996 2613 1127 2648 magistro
1147 2615 1290 2647 acceperat
1306 2619 1382 2639 suam
1406 2611 1520 2646 quilibet
1533 2610 1688 2645 opinionem
1703 2608 1751 2635 ad-

963 2658 1041 2693 jecit,
1065 2666 1217 2693 novamque
1237 2663 1340 2686 sectam
1364 2665 1426 2685 cum
1455 2657 1546 2692 priore
1570 2655 1748 2683 cohaerentem

967 2704 1081 2733 invexit.
1093 2704 1151 2738 Qua
1166 2712 1195 2732 re
1214 2703 1315 2732 factum
1331 2707 1383 2738 est,
1399 2707 1429 2730 ut
1443 2702 1564 2731 Gnostici
1576 2701 1650 2729 varia
1664 2700 1750 2728 hane

167 2872 223 2905 (83)
245 2874 304 2902 Ὀτι
331 2873 444 2904 ἅλυσίν
469 2882 534 2903 τινα
562 2874 588 2902 οὶ
617 2872 764 2904 σκορπίοι.
797 2871 906 2900 Ᾱῖιὶιιιιιι

964 2870 990 2898 b.
1007 2877 1034 2898 Vl
1052 2869 1135 2902 Hist,
1150 2876 1195 2896 an.
1212 2867 1273 2896 125.
