1961 3046
201 114 253 142 543

893 119 921 147 S.
943 119 1114 148 EPlPHANll

1778 120 1836 147 544

201 178 266 198 seon
281 171 397 199 divortia
414 173 544 208 paulatim
561 173 677 208 fecerint
689 184 696 206 ς
708 175 753 210 qui
772 176 881 210 quidem
895 184 990 205 omnes

1053 178 1115 204 πίνου
1130 186 1233 214 μεντοι,
1250 178 1288 210 ὡς
1305 178 1383 213 ἔφην,
1399 178 1446 204 καὶ
1460 163 1513 204 τῶν
1527 177 1580 212 πρὸ
1593 175 1676 203 αὑτοῦ
1693 175 1741 208 τὰς
1761 185 1833 211 προ-

201 224 215 243 a
241 216 396 250 Valentino,
427 224 457 245 ut
477 219 607 251 diximus,
627 222 715 255 iisque
744 222 866 257 insuper.
891 223 937 257 qui
957 231 990 250 eo

202 263 359 296 superiores
384 265 561 297 exstiterant,
587 266 695 293 initium
722 272 896 301 acceperunt.
912 267 991 295 Nunc

202 307 337 335 universae
365 309 469 343 pariter
494 310 618 338 veritatis
642 311 767 338 doctrina
793 317 937 346 prostrata:
959 321 991 340 ac

203 352 366 386 proculcata:
382 354 579 387 praetereunda:
599 359 675 387 sunt,
691 363 746 390 quo
762 357 857 384 eadem
874 356 921 385 Dei
941 365 992 394 ope

203 404 234 424 ac
251 397 351 424 virtute
368 397 429 425 l'reti
444 399 566 433 reliquas
581 404 787 434 perscrulemur

319 455 401 490 203
421 455 605 483 aoveusus
625 456 875 491 secunomos,

202 510 244 537 Ad
257 520 321 546 quos
338 520 392 538 sese
410 511 919 551 ΕμῐρΙιαζιεδπει-Ιδξάονιῳμῃηίῇταγωιι,
935 523 993 551 qua:

373 553 411 573 est
427 547 534 574 lut‘resis
550 547 608 575 XII
622 549 675 575 sive
695 548 819 576 XXXII.

238 590 258 617 l.
268 589 447 627 Posteaquam
459 592 646 621 Valentiniano
655 594 750 622 lueresi
758 595 877 622 defuncti
887 604 993 630 sumus,

203 641 230 664 et
249 639 276 664 in
292 637 352 673 ejus
368 638 485 666 dumetis
500 646 531 666 ac
552 640 681 674 vepribus
698 649 863 676 magnopere
886 643 994 669 labora-

203 686 306 716 vimus,
322 683 452 720 deinceps
471 685 625 712 incredibili
644 694 706 713 cum
728 690 828 714 sudore
848 696 880 715 ac
899 689 993 724 cujus-

203 730 266 756 dam
293 730 366 757 velut
390 732 565 766 agriculturae
587 732 710 760 molestia
729 733 762 760 ad
783 735 903 768 reliquas
920 735 994 763 illius

204 776 359 804 evellendas
374 777 478 811 spinas,
496 786 528 805 ac
543 782 628 806 tetras
644 783 799 813 Serpentqu
815 780 915 815 elligies
929 788 994 815 pro-

206 821 337 855 ﬂigandas
359 821 511 849 veniemus.
535 821 587 849 Sed
610 822 635 849 in
649 823 744 858 primis
767 823 886 857 Spiritus
907 825 994 850 sancti

1044 224 1140 257 φάσεις
1163 224 1323 258 εἰληφότες,
1350 224 1424 259 ὅμως
1447 223 1475 250 αι
1505 222 1700 258 προειρημέναι
1723 221 1772 248 σὺν
1799 222 1838 256 τῇ

1042 270 1137 296 τούτου
1152 269 1199 296 τοῦ
1215 269 1389 296 Οὐαλεντίνου
1406 270 1438 304 τῇ
1451 268 1502 304 τῆς
1523 268 1652 303 ἀληθείας
1671 267 1841 302 διδασκαλίᾳ

1045 316 1279 350 καταπατηθεῖσαι
1295 316 1339 351 ὑφ’
1361 316 1438 352 ἡμῶν
1461 315 1660 351 παρείσθωσαν.
1683 314 1778 349 Ἡμεῖς
1806 313 1841 339 δὲ

1043 363 1093 394 τὰς
1107 362 1170 398 ἑξῆς
1182 363 1211 389 ἐν
1225 363 1257 389 τῆ
1272 362 1318 389 τοῦ
1333 362 1400 389 Θεοῦ
1415 361 1527 397 δυνάμει
1541 361 1777 396 διασκοπήσωμεν.

1237 459 1332 486 ΚΑΤΑ
1358 458 1621 486 ΣΕΚΟΥΝΔΙᾹΝΩΝ
1628 478 1636 490 ,

1045 513 1098 548 Οἷς
1112 514 1253 550 συνήξςθη
1263 515 1428 550 Ἐπιφάνης
1440 515 1488 542 καὶ
1500 515 1660 548 Ἰσίδωρος,
1671 514 1837 548 δωδεκάτη,

1232 552 1252 584 ἡ
1270 551 1319 578 καὶ
1335 551 1495 585 τριακοστὴ
1512 550 1646 584 δευτέρα.

1080 596 1119 624 Δ’.
1146 596 1331 632 Παρελθόντες
1344 596 1372 623 δὲ
1385 596 1435 631 τὴν
1453 597 1500 622 τοῦ
1520 596 1695 622 Οὐαλεντίνου
1716 596 1839 631 αἵρεσιν,

1045 643 1092 670 καὶ
1122 643 1207 670 πολλὰ
1239 643 1424 678 μοχθήσαντες
1452 643 1480 669 ὲν
1510 643 1543 678 τῇ
1568 641 1717 669 ἀκανθώδει
1750 642 1839 669 αὑτοῦ

1046 689 1145 724 σπορᾷ,
1159 689 1203 715 διὰ
1220 687 1328 720 πολλοῦ,
1346 688 1383 720 ὼς
1400 688 1497 718 εἰπεῖν,
1512 688 1635 722 καμάτου
1651 687 1699 714 καὶ
1714 695 1840 721 γεωργι-

1045 735 1096 770 κῆς
1119 734 1304 766 κακοπαθείας
1332 734 1378 761 ἐπὶ
1401 734 1434 760 τὰ
1460 734 1573 768 λείψανα
1598 734 1647 768 τῆς
1663 733 1839 763 ἀκανθώδους

1045 780 1126 807 αὑτοῦ
1145 781 1248 816 σπορᾶς
1274 781 1321 807 καὶ
1343 780 1512 816 ἐρπετώδους
1531 779 1612 806 αὑτοῦ
1638 778 1840 816 θηριομορφίας

1047 826 1234 862 ἐλευσόμεθα,
1260 826 1290 852 τὸ
1313 827 1389 861 ἆγιον
1417 826 1530 862 Πνεῦμα
1552 826 1730 862 αἰτησάμενοι
1760 826 1840 861 παρὰ

205 874 284 901 opem
298 875 312 893 a
327 867 438 894 Christo
455 868 666 902 postulabimus,
679 874 709 896 ut
724 869 805 902 hujus
822 870 897 896 illum
911 870 996 897 inter-

1053 873 1178 910 Χριστοῦ,
1195 873 1285 912 εἰςίτὸ
1306 873 1338 900 δι’
1354 873 1435 900 αὺτοῦ
1448 873 1598 899 ὲπισπάσαι
1614 873 1674 903 ταῖς
1688 871 1786 906 ψυχαῖς
1802 872 1838 907 τῇ

206 916 288 938 νυιιιιι
308 920 356 947 per
375 913 516 940 caelestem
545 913 699 940 doctrinam
724 914 923 949 religiososque
940 923 997 943 ser-

206 965 300 985 mones
324 959 351 985 in
365 959 507 985 hominum
528 959 636 987 animos
649 960 760 992 elicere,
778 961 812 987 ah
834 961 931 996 iisque,
948 962 996 996 qui

206 1005 232 1031 id
246 1005 318 1031 ultro
332 1005 478 1037 voluerint,
500 1006 659 1040 pestiferum
675 1007 750 1034 virus
765 1008 910 1035 extrahere
933 1016 996 1043 pos-

206 1051 304 1077 simus.
321 1049 425 1085 Sequar
438 1059 503 1078 vero
521 1052 547 1078 in
565 1052 598 1079 iis
613 1052 782 1086 exponendis
798 1058 907 1080 relatum
921 1053 997 1081 ordi-

208 1103 281 1127 nem,
296 1104 328 1123 ac
349 1097 428 1131 cujus
443 1098 560 1133 quisque
575 1106 722 1126 successor
741 1099 877 1126 exstiterit
895 1100 922 1126 in
943 1099 997 1127 illis

207 1143 383 1170 recensendis
400 1144 531 1177 aperiam,
550 1144 596 1178 qui
620 1144 654 1171 ab
679 1145 724 1171 illo
748 1144 864 1180 profecti
888 1144 997 1173 diversa

207 1188 331 1222 quzedam
347 1189 479 1216 doctrinae
495 1190 600 1217 semina
613 1194 786 1224 sparserunt.

244 1234 346 1261 [lorum
367 1235 450 1270 igitur
463 1243 478 1263 e
502 1243 618 1263 nmnero
639 1235 783 1263 Secundus
806 1235 916 1271 quidam
934 1236 996 1268 fuit,

207 1280 254 1315 qui
269 1281 330 1315 plus
354 1280 458 1315 aliquid
475 1289 558 1316 quam
579 1281 669 1309 cteteri
688 1289 784 1316 sapere
807 1281 929 1313 studens,
947 1282 998 1309 etsi

208 1327 302 1354 eadem
317 1335 377 1364 quae
388 1326 550 1355 Valentinus
575 1328 674 1355 asserit
690 1328 792 1360 omnia,
807 1328 938 1362 ampliore
957 1332 999 1355 ta.

210 1381 270 1400 men
288 1373 379 1400 sonitu
406 1373 576 1405 furiosorum
591 1381 672 1401 aures
686 1374 815 1409 opplevit.
838 1373 888 1400 Hic
903 1374 998 1401 eodem

209 1426 264 1451 quo
281 1417 442 1447 Valentinus
460 1423 582 1454 tempore
598 1420 725 1447 eumdem
748 1420 837 1454 ipsum
861 1427 932 1447 novo
947 1419 999 1446 ali—

209 1471 264 1498 quo
283 1465 393 1492 invento
414 1472 545 1500 superare
560 1465 692 1501 gestiens,
708 1465 824 1501 primam
842 1465 998 1500 Ogdondem

210 1518 243 1537 ex
258 1510 378 1538 Tetrade
394 1511 491 1538 dextra
511 1519 543 1539 ac
556 1512 670 1539 sinistra
686 1512 800 1539 conllari
815 1511 918 1544 dOCuit,
932 1520 1000 1547 qua-

213 1564 271 1583 rmn
297 1557 409 1584 alteram
434 1557 550 1590 Lumen,
569 1558 708 1585 Tenebras
732 1558 845 1585 alteram
870 1557 1001 1592 appellari

211 1602 307 1629 voluit.
323 1602 382 1630 Jam
404 1611 468 1631 vero
489 1603 623 1631 Virtutem
640 1604 714 1631 illam
735 1612 796 1639 quae
811 1603 956 1636 defecisse,
974 1608 1001 1630 et

212 1648 246 1675 ad
263 1648 383 1683 inopiam
399 1648 486 1676 fuisse
505 1649 617 1676 redacta
639 1649 751 1681 dicitur,
773 1653 854 1684 negat
873 1656 906 1676 ex
921 1649 1002 1675 trice-

213 1693 292 1720 nario
309 1693 355 1719 illo
370 1701 484 1720 numero
500 1693 620 1720 [Eonum
635 1694 783 1726 exstitisse,
799 1694 847 1721 sed
861 1693 1001 1721 inferioris

213 1738 360 1774 cujusdam
376 1739 493 1771 ordinis,
509 1747 540 1766 ex
559 1746 655 1766 eorum
672 1739 799 1767 videlicet
810 1747 890 1774 grege
906 1739 1000 1771 fuisse,

213 1786 259 1820 qui
275 1784 346 1812 infra
366 1785 447 1812 aliam
466 1785 623 1820 Ogdoadem
639 1785 818 1812 collocantur.
840 1785 877 1812 De
893 1784 1003 1812 Christo

214 1831 329 1866 aliisque
350 1831 524 1867 dogmatibus
539 1832 633 1859 eadem
647 1839 709 1859 cum
727 1835 838 1859 auctore
851 1831 946 1859 veneni
960 1831 1003 1858 sui

214 1887 246 1906 ac
261 1879 450 1906 ministratore
463 1879 606 1906 Valentino
621 1877 726 1906 statuit.
744 1879 834 1910 Quare
848 1886 909 1906 cum
930 1877 1003 1905 haud

214 1925 252 1952 ita
269 1920 356 1952 multa
372 1925 427 1952 sint
441 1925 476 1952 ab
498 1925 551 1952 isto
566 1924 683 1952 diversis
702 1932 734 1951 ac
751 1924 900 1959 peregrinis
917 1924 1004 1959 expli-

214 1975 276 1997 cata
301 1970 423 2001 vocibus.
439 1977 525 2005 pauca
549 1970 605 1997 haec
625 1978 686 2004 qua:
707 1969 780 1996 dicta
796 1974 860 1997 sunt
882 1969 1005 1997 sullicere

216 2015 320 2051 putavi,
336 2023 397 2050 qua;
416 2022 464 2050 per
484 2014 573 2049 seipsa
594 2014 662 2042 satis
680 2014 712 2040 ad
731 2014 910 2041 refellendum
926 2022 1006 2049 argu—

215 2065 370 2088 mentorum
386 2060 571 2095 suppeditant.
596 2059 648 2086 Sed
666 2059 699 2086 de
717 2059 763 2086 illo
778 2064 865 2086 tamen
887 2059 1005 2086 breviter

215 2115 324 2142 quoque
350 2107 545 2142 disputandum
570 2110 628 2137 est,
653 2113 688 2133 ne
714 2106 794 2138 ideo,
819 2106 891 2140 quod
911 2111 1005 2133 contra

215 2153 305 2187 ipsum
320 2152 417 2180 aﬂ‘erre
433 2152 502 2179 nihil
520 2159 674 2187 possemus,
689 2152 897 2187 praetermisisse
912 2152 1006 2179 video-

1047 922 1076 947 ἐν
1091 919 1150 955 Θεῷ
1166 920 1326 955 διδασκαλίᾳ
1350 919 1398 946 καὶ
1421 918 1511 954 σεμνῷ
1531 918 1613 953 λόγῳ,
1633 918 1680 944 καὶ
1695 918 1757 949 τοὺς
1779 918 1840 948 ἰοὺς

1047 967 1203 993 ἀνασπάσαι
1231 965 1379 1000 δυνηθῆναι
1402 965 1456 992 ἀπὸ
1492 964 1546 991 τῶν
1573 964 1645 991 οὕτω
1668 964 1839 1000 προειρημέ-

1047 1022 1100 1040 νων
1114 1013 1180 1047 (84).
1197 1012 1331 1048 Ἀρξομαι
1347 1012 1376 1038 δὲ
1392 1012 1456 1046 περὶ
1472 1011 1575 1037 τούτων
1593 1011 1682 1044 λέγειν
1697 1010 1766 1037 κατὰ
1780 1011 1840 1036 δια-

1047 1058 1144 1093 δοχὴν,
1168 1057 1210 1089 τίς
1225 1057 1297 1088 τίνος
1311 1057 1431 1092 διάδοχος
1455 1057 1600 1091 γεγένηται
1623 1056 1677 1082 τῶν
1699 1055 1728 1088 ἐξ
1753 1053 1839 1082 αὑτοῦ

1047 1103 1226 1139 ὁρμωμένων,
1251 1104 1299 1130 καὶ
1319 1103 1415 1138 ἑτέραν
1441 1102 1516 1137 παρὰ
1537 1102 1587 1137 τὴν
1601 1101 1704 1128 ἐκείνου
1732 1099 1841 1135 σπορὰν

1048 1148 1238 1175 διδασκόντων.

1085 1237 1230 1268 Σεκοῦνδος
1244 1237 1332 1263 τοίνυν
1347 1245 1389 1269 τις
1404 1237 1434 1270 ἐξ
1448 1236 1538 1263 αὐτῶν
1552 1235 1599 1266 ὢν,
1613 1235 1660 1262 καὶ
1679 1235 1841 1272 περισσότε-

1052 1282 1097 1318 ρόν
1112 1291 1138 1308 τι
1153 1282 1312 1317 βουλόμενος
1327 1282 1469 1318 φρονῆσαι,
1488 1282 1577 1309 πάντα
1595 1281 1644 1317 μὲν
1661 1281 1694 1308 τὰ
1709 1281 1779 1308 κατὰ
1793 1281 1842 1308 τὸν

1049 1327 1225 1354 Οὐαλεντῖνον
1253 1327 1410 1362 ἐξηγεῖται,
1441 1327 1633 1362 περισσότερον
1657 1326 1685 1352 δὲ
1709 1323 1775 1361 ἧκον
1799 1327 1840 1356 είς

1051 1373 1135 1404 ἀκοὰς
1157 1372 1212 1399 τῶν
1228 1373 1488 1408 ὲμῦεὕροντημένων
1513 1372 1656 1408 ὲξήχησεν.
1679 1368 1763 1403 Οὗτος
1785 1371 1840 1407 γὰρ

1051 1419 1121 1445 κατὰ
1138 1418 1313 1445 Οὖαλεντῖνον
1329 1417 1376 1449 ὢν,
1390 1417 1426 1449 ὡς
1441 1419 1580 1453 προεῖπον,
1596 1417 1667 1452 ὑπὲρ
1679 1416 1706 1442 δὲ
1721 1415 1841 1442 Οὐαλεν-

1051 1466 1122 1490 τῖνον
1144 1464 1259 1499 φρονῶν,
1277 1463 1350 1498 λέγει
1366 1461 1436 1490 εἶναι
1452 1463 1502 1498 τὴν
1520 1462 1631 1498 πρώτην
1647 1462 1776 1496 Ὸγδοάδα
1791 1462 1841 1487 Τε-

1052 1510 1138 1546 τράδα
1151 1510 1252 1542 δεξιὰν,
1269 1510 1317 1536 καὶ
1332 1509 1454 1545 Τετράδα
1479 1508 1642 1544 ἀριστεράν·
1663 1507 1734 1534 οὕτω
1749 1516 1839 1543 παρα-

1050 1558 1138 1589 διδοὺς
1156 1557 1296 1584 καλεῖσθαι
1312 1556 1361 1590 τὴν
1387 1556 1437 1592 μὲν
1454 1556 1518 1591 μίαν
1540 1556 1599 1587 Φῶς
1610 1575 1617 1586 τ
1640 1555 1689 1590 τὴν
1712 1555 1740 1581 δὲ
1757 1554 1840 1589 ἄλλην

1052 1604 1168 1634 Σκότος-
1191 1603 1241 1638 τὴν
1262 1602 1290 1629 δὲ
1307 1601 1464 1629 ἀποστᾶσάν
1477 1610 1507 1627 τε
1530 1602 1577 1628 καὶ
1593 1601 1782 1636 ὑστερήσασαν
1796 1600 1842 1626 δύ-

1051 1659 1134 1686 ναμιν
1161 1648 1198 1685 μὴ
1223 1646 1293 1674 εἶναι
1310 1648 1364 1674 ἀπὸ
1387 1647 1441 1674 τῶν
1457 1647 1603 1683 τριάκοντα
1625 1646 1752 1679 Αὶώνων,
1774 1646 1841 1673 ἀλλὰ

1053 1697 1121 1732 μετὰ
1136 1697 1198 1727 τοὺς
1213 1695 1358 1730 τριάκοντα
1374 1695 1490 1726 Αίῶνας,
1502 1694 1540 1726 ὡς
1550 1691 1619 1720 εἶναι
1633 1694 1686 1720 ἀπὸ
1698 1693 1750 1719 τῶν
1772 1692 1841 1728 μετὰ

1052 1742 1101 1778 τὴν
1117 1742 1245 1776 Ὀγδοάδα
1257 1742 1307 1776 τὴν
1320 1740 1403 1775 ἄλλην
1420 1741 1567 1775 κατωτέρω
1580 1739 1743 1775 γενομένων.
1759 1739 1799 1766 Τὰ
1813 1738 1841 1765 δὲ

1053 1789 1141 1816 πάντα
1160 1788 1223 1824 περὶ
1235 1787 1353 1824 Χριστοῦ
1366 1787 1412 1813 καί
1429 1787 1483 1813 τῶν
1497 1786 1583 1813 ἄλλων
1597 1786 1739 1822 δογμάτων
1754 1785 1842 1812 ὡσαύ-

1053 1844 1107 1869 τως
1125 1835 1164 1871 τῷ
1182 1834 1239 1870 ὶόίῳ
1254 1833 1365 1869 χορηγῷ
1384 1833 1422 1868 τῷ
1442 1832 1481 1859 ἰοῦ
1506 1833 1552 1859 καὶ
1574 1833 1667 1868 δοτῆρι
1696 1832 1743 1859 τοῦ
1760 1832 1842 1867 δηλη-

1054 1882 1148 1917 τηρίου
1168 1880 1336 1915 Οὐαλεντὶνῳ
1347 1879 1515 1915 δογματίζει.
1532 1880 1577 1913 Μὴ
1593 1879 1697 1905 πολλῶν
1715 1879 1743 1905 δὲ
1759 1878 1842 1906 ὄντων

1053 1927 1107 1954 τῶν
1133 1927 1185 1954 ὑπὸ
1209 1926 1302 1953 τούτου
1327 1925 1464 1960 διαφόρως
1481 1924 1738 1960 ξενολεκτουμένων,
1761 1925 1842 1960 ἀρκε-

1056 1973 1151 2008 σθῆναι
1167 1973 1215 2008 μὲν
1228 1973 1376 2009 ἡγησάμην
1388 1972 1442 1998 δεῖν
1454 1973 1510 2003 τοῖς
1522 1971 1741 2008 προειρημένοις,
1752 1970 1841 2006 ἔχουσι

1056 2018 1103 2045 καὶ
1114 2019 1160 2052 ἀφ’
1174 2018 1279 2044 ἑαυτῶν
1290 2019 1340 2053 τὴν
1354 2017 1520 2053 ἀνατροπὴν,
1536 2017 1610 2051 ὅμως
1623 2016 1646 2042 δ’
1660 2014 1706 2043 οὖν
1720 2017 1766 2042 καὶ
1781 2016 1842 2052 περὶ

1056 2064 1139 2091 αὑτοῦ
1162 2063 1240 2098 ὀλίγα
1263 2064 1342 2097 λέξω,
1361 2064 1403 2091 ἵνα
1431 2063 1467 2099 μὴ
1496 2063 1529 2090 δι’
1552 2063 1669 2098 ἀπορίαν
1692 2062 1842 2098 παρεληλυ-

1057 2109 1132 2136 οέναι
1149 2118 1175 2135 τι
1201 2109 1260 2136 κατ’
1279 2108 1359 2135 αὑτὸν
1383 2108 1460 2141 δόξω.
1486 2108 1517 2134 Εἰ
1535 2107 1590 2142 γὰρ
1611 2107 1744 2141 Τετράδες
1761 2105 1842 2138 δεξιαὶ

1058 2157 1106 2183 καὶ
1121 2155 1255 2190 εὐώνυμος.
1271 2156 1336 2190 παρ’
1351 2155 1442 2186 αὐτοῖς
1456 2154 1612 2184 τάσσονται,
1629 2152 1803 2189 εὐρεθήσεταί
1818 2160 1842 2179 τι

216 2207 288 2226 n.ur.
308 2199 392 2234 Igitur
408 2199 431 2226 si
445 2198 577 2226 Tetrades
590 2206 622 2226 ex
640 2198 747 2225 illorum
764 2198 892 2232 opinione
905 2198 1000 2225 dextra

1059 2200 1225 2235 ζητούμενον
1235 2199 1317 2235 μέσον
1327 2199 1375 2225 τοῦ
1383 2208 1411 2225 τε
1420 2198 1507 2231 δεξιοῦ
1516 2199 1562 2225 καὶ
1571 2198 1615 2225 τοῦ
1625 2197 1780 2234 ἀριστεροῦ·
1792 2198 1842 2224 πᾶν

217 2249 282 2272 sunt
298 2253 329 2272 ac
353 2245 482 2276 sinistra’,
506 2244 625 2271 medium
642 2244 713 2271 inter
727 2252 774 2271 eas
789 2244 918 2279 quiddam
937 2245 1007 2271 assi-

217 2291 295 2326 gnari
323 2294 447 2325 oportet,
472 2293 615 2324 propterea
641 2288 714 2324 quod
735 2289 868 2324 quidquid
896 2289 1007 2317 dextros

218 2338 299 2364 habet
315 2344 346 2363 ac
365 2336 494 2364 sinistros
509 2335 631 2367 ordines,
652 2338 679 2362 ln
699 2343 794 2363 eorum
810 2335 901 2362 medio
919 2336 1006 2362 collo-

222 2383 279 2409 t-ari
303 2390 414 2410 necesse
427 2386 488 2415 est;
513 2381 594 2416 209
608 2389 695 2417 neque
714 2381 808 2409 dextra
829 2382 869 2408 vel
893 2381 1003 2409 sinistra

219 2428 325 2463 uspiam
347 2436 408 2455 esse
432 2432 564 2463 possunt,
592 2428 645 2455 nisi
672 2436 706 2455 ex
728 2427 872 2462 interjccto
891 2435 1007 2462 corpore

220 2475 363 2509 utriusque
385 2475 472 2509 partis
496 2474 644 2502 discrimen
670 2478 787 2509 petatur.
812 2474 1005 2507 Quamobrem,

219 2521 398 2549 stolidissime
418 2521 573 2548 mortalium
602 2520 747 2554 Secunde,
770 2529 873 2556 vosque
900 2520 1006 2549 Secun-

220 2569 292 2595 diaui
308 2575 414 2600 omnes,
432 2567 551 2595 medium
566 2567 619 2594 erit
636 2576 719 2595 unum
737 2568 850 2603 aliquid,
869 2569 914 2595 cui
939 2569 1007 2596 siui-

221 2619 276 2642 slra
294 2613 443 2648 dextraque
460 2621 520 2648 qua:
536 2613 666 2641 dicuntur
682 2614 805 2649 subjecta
825 2614 901 2642 sint:
919 2623 1007 2650 neque

222 2662 257 2688 ab
276 2668 330 2688 uno
347 2660 393 2688 illo
412 2660 530 2687 alienum
548 2660 575 2686 id
596 2667 658 2688 esse
681 2660 794 2695 poterit,
810 2661 883 2696 quod
901 2662 926 2688 ei
942 2661 1008 2689 sub-

222 2707 314 2741 iicitur
330 2706 456 2733 dextrum
475 2709 522 2732 aut
536 2705 680 2733 sinistrum
695 2715 702 2733 :
723 2711 807 2741 atque
824 2706 862 2733 ita
878 2705 913 2733 ad
928 2713 1010 2732 unam

221 2752 366 2788 quamdam
381 2756 507 2780 naturam
531 2751 660 2780 universa
681 2753 845 2787 referentur,
866 2760 920 2789 qua
941 2753 1011 2781 nihil

1057 2247 1112 2281 γὰρ
1134 2246 1223 2272 ὁτιοῦν
1240 2244 1329 2278 δεξιὰς
1347 2244 1407 2279 ἔχον
1422 2245 1469 2270 καὶ
1486 2243 1643 2278 εὐωνύμους
1658 2242 1749 2275 τάξεις
1765 2242 1841 2277 μέσον

1057 2293 1156 2326 ἕστηκε
1171 2291 1226 2318 τῶν
1242 2291 1390 2326 εὐωνύμων
1413 2290 1494 2317 αὐτοῦ
1514 2291 1560 2316 καὶ
1577 2289 1671 2322 δεξιῶν
1683 2296 1689 2303 “
1704 2289 1750 2316 καὶ
1768 2289 1842 2316 οὐδα-

1059 2337 1110 2373 μοῦ
1127 2337 1271 2372 δυνήσεται
1282 2334 1434 2367 εἷναιδεξιὰ
1447 2335 1614 2370 ἢὰριστερὰ,
1631 2335 1655 2361 εἰ
1670 2335 1706 2370 μή
1722 2343 1749 2360 τι
1767 2334 1799 2360 ἂν
1811 2335 1841 2361 ἐκ

1060 2390 1093 2417 με
1098 2381 1273 2413 σολαϐοὖντος
1287 2381 1412 2416 σώματος
1428 2380 1557 2415 ἑκατέρου
1567 2380 1668 2415 μέρους
1676 2381 1693 2414 ἡ
1710 2380 1842 2415 διάκρισις

1059 2427 1180 2463 γένηται.
1201 2427 1272 2462 "Aput
1288 2424 1345 2459 οὖν,
1360 2426 1456 2461 ἀνόητε
1476 2425 1616 2457 Σεκοῦνδε,
1636 2426 1682 2451 καὶ
1693 2425 1716 2451 οἱ
1728 2425 1781 2451 ἀπὸ
1795 2423 1837 2451 σοῦ

1058 2475 1242 2511 ἠπατημένοι,
1256 2473 1288 2500 τὸ
1303 2473 1475 2509 μεσαίτατον,
1487 2473 1532 2507 ἀφ’
1545 2470 1632 2507 οὗπερ
1647 2472 1694 2498 καὶ
1715 2471 1841 2507 ἀριστερὰ

1059 2521 1107 2547 καὶ
1126 2520 1201 2553 δεξιὰ
1222 2520 1431 2550 ὑποπίπτουσιν,
1449 2518 1524 2545 ἔσται
1549 2518 1578 2544 ἓν
1593 2526 1631 2548 τι,
1646 2518 1693 2544 καὶ
1713 2517 1744 2544 οὺ
1771 2517 1842 2553 δυνή-

1061 2576 1137 2594 σεται
1163 2566 1302 2602 ἀλλότριον
1325 2565 1394 2592 εἶναι
1417 2564 1465 2591 τοῦ
1484 2564 1543 2596 ἑνός
1563 2573 1636 2595 τινος
1657 2563 1686 2589 τὸ
1711 2563 1741 2596 ἐξ
1766 2564 1841 2590 αὑτοῦ

1060 2613 1213 2639 ὑποπίπτων
1225 2611 1311 2644 δεξιόν
1328 2620 1358 2638 τε
1380 2611 1427 2638 καὶ
1451 2609 1590 2645 εὐώνυμον
1602 2617 1608 2624 ·
1624 2609 1672 2636 καὶ
1696 2608 1842 2644 ὲξανάγκης

1063 2659 1246 2694 ἀναχθήσεται
1266 2658 1297 2684 τὸ
1312 2658 1366 2684 πᾶν
1382 2658 1422 2688 εἷς
1438 2657 1468 2683 τὸ
1492 2656 1521 2683 ἓν
1537 2655 1576 2687 ὃν,
1590 2651 1620 2681 οὗ
1637 2653 1773 2681 ἀνώτατον
1790 2655 1843 2681 οὐδὲ

1062 2706 1091 2732 ἓν
1107 2706 1192 2736 ἐστιν,
1209 2703 1270 2730 οὔτε
1292 2703 1476 2738 ὑποὸεϐηκδς,
1500 2701 1562 2728 οὔτε
1580 2701 1746 2733 κατώτατον,
1764 2701 1788 2727 εἰ
1811 2702 1842 2737 μὴ

1064 2760 1098 2779 τα
1114 2752 1160 2778 ὑπ’
1173 2750 1256 2778 αὑτοῦ
1281 2750 1444 2786 ἐκτισμένα·
1462 2748 1509 2777 καὶ
1528 2748 1612 2776 ἔσται·
1629 2746 1709 2774 τοῦτο
1734 2747 1842 2782 φανερὸν

259 2830 314 2865 (Si)
347 2830 411 2859 Απὸ
434 2830 491 2858 τῶν
512 2831 587 2858 οὕτω
612 2833 835 2866 προειρημένων.
855 2833 916 2860 Cor.
939 2831 1145 2867 προῃρημένων.
