1961 3046
116 150 169 178 585

477 148 662 177 ADVERSUS
680 147 853 176 ΠΕΠΕὸΕὸ
872 147 937 175 LlB.
959 147 980 175 l.
1003 146 1085 174 ἸῸΜ.
1106 146 1183 174 Π.-
1203 145 1338 174 ΙΙᾸΞΒΕΒ.
1356 145 1464 174 XXXII.

1690 146 1743 174 556

115 207 170 237 τοῖς
194 205 244 241 τὴν
270 205 400 241 ἀλήθειαν
424 206 691 241 καταμανθάνουσιν,
709 206 750 232 ὅτι
773 202 814 237 εἷς
837 205 902 237 θεός

960 212 1044 239 neque
1069 203 1198 238 superius
1217 203 1270 234 sit,
1299 211 1387 238 neque
1420 203 1549 236 inferius,
1574 203 1742 237 inﬁmumvo,

115 253 198 283 ἐστιν,
214 253 228 278 ὁ
244 252 349 288 Πατὴρ,
367 252 414 279 καὶ
429 252 503 284 Υἱὸς,
522 252 570 279 καὶ
590 252 666 286 ἆγιον
688 251 809 286 Πνεῦμα.
828 251 859 277 Ei
875 251 903 278 δὲ

115 296 155 330 εἷς
175 298 241 329 Θεός
264 299 348 328 ἐστιν.
368 298 397 329 ἐξ
418 294 449 324 οὗ
472 298 506 324 τὰ
527 298 626 328 πάντα,
641 296 702 324 οὔτε
721 306 748 324 τι
761 297 904 333 ἀριστερόν

115 345 189 370 ἐστιν
204 344 233 370 ἐν
252 343 337 378 αὐτῷ,
357 343 417 370 οὔτε
437 344 581 378 ἐλάττωμα
598 345 702 379 ἕτερον,
717 343 779 370 οὔτε
797 351 822 369 τι
839 344 906 369 ὕπο-

116 389 252 424 ϐεϐηκὸς,
275 389 343 426 πλὴν
370 389 423 416 τῶν
447 390 493 416 ὑπ’
514 390 596 416 αὐτοῦ
620 389 797 425 ὲκτισμένων.
814 389 855 415 Τὰ
877 388 905 414 δὲ

118 435 188 470 μετὰ
211 435 331 471 Πατέρα,
356 435 402 461 καὶ
425 435 499 466 Υίὸν,
517 435 564 461 καὶ¹
589 435 666 469 ἇγιον
682 434 794 469 Πνεῦμα
817 433 906 460 πάντα

117 481 206 512 καλῶς
224 481 381 516 ἐκτισμένα,
402 481 450 507 καὶ
470 482 510 513 είς
528 481 657 508 σύστασιν
669 481 713 508 ὑπ’
727 479 809 506 αὐτοῦ
822 479 906 514 ἀφθό-

118 535 172 558 νως
186 525 215 553 εὖ
231 526 444 562 προεληλυθότα.

151 660 189 688 B'.
210 660 242 686 Εἰ
259 660 286 686 δὲ
303 660 350 686 καὶ⁸
366 659 445 686 πάλιν
462 659 520 696 ὲρεῖ
541 659 556 685 ὁ
577 657 697 689 τοιοῦτος
717 658 783 693 ἡμῖν
806 657 904 693 προελ-

117 706 170 733 Θὼν
187 707 278 742 ἕτερος
299 705 370 740 ὄφις,
388 706 429 732 ὅτι
452 705 486 731 τὰ
503 705 552 740 μὲν
567 703 641 736 δεξιὰ
663 704 710 730 καὶ
731 703 858 738 εὐώνυμα
875 704 907 729 ἐκ

116 751 162 779 τοῦ
180 752 239 783 ἑνὸς
253 751 380 786 ὑπάρχει,
397 750 477 782 αὐτὸς
491 750 519 776 δὲ
536 748 698 784 μεσαίτατός
709 749 777 779 ἐστι,
789 748 836 774 καὶ
848 748 908 773 ἑαυ-

117 800 155 834 τῷ
173 799 222 834 μὲν
239 799 405 834 προσάγεται
420 797 454 824 τὰ
471 796 556 828 δεξιὰ,
571 796 618 822 καὶ
630 795 719 831 χαίρει
738 794 853 826 τούτοις,
865 794 907 820 δε-

117 844 162 877 ξιὰ
177 844 206 871 δὲ
224 844 300 870 καλεῖ
321 843 368 870 καὶ
385 842 457 877 φῶς·
472 841 506 868 τὰ
523 842 552 868 δὲ
572 840 700 876 εὐώνυμα
722 840 760 872 ὡς
781 840 908 875 ἀλλὰτρια

955 253 1136 285 prteterquam
1154 255 1214 283 qua:
1229 249 1263 275 ab
1276 255 1308 274 eo
1328 248 1438 275 condita
1451 253 1530 281 sunt;
1550 248 1656 283 eritque
1672 248 1744 276 veri-

955 296 1020 322 tatis
1049 295 1143 330 gnaris
1171 294 1243 320 haud
1273 294 1432 326 obscurum,
1451 302 1534 321 unum
1565 293 1649 321 Deum
1672 301 1744 325 essr,

955 340 1075 372 Patrem,
1094 340 1194 367 Filium
1210 344 1238 367 et
1254 339 1389 375 Spiritum
1405 345 1542 366 sanctum.
1556 339 1616 366 1am
1632 340 1656 367 si
1672 348 1743 367 unus

956 386 1028 414 Deus
1039 391 1091 417 est,
1104 394 1118 413 a
1135 393 1189 420 quo
1203 391 1267 413 sunt
1279 386 1388 412 oumia:
1405 385 1470 412 nihil
1485 393 1573 420 neque
1590 387 1742 417 sinistrum,

956 439 1045 466 neque
1062 431 1114 458 alia
1131 432 1237 458 ratione
1249 431 1379 458 deliciens
1393 431 1474 458 inerit
1492 432 1554 466 ipsi,
1567 440 1655 466 neque
1675 432 1741 459 infe-

956 478 1014 505 rius
1041 482 1137 512 praeter
1160 478 1204 504 illa
1225 485 1285 512 quae
1306 478 1470 512 procreavit.
1493 478 1597 505 Caetera
1615 483 1676 512 post
1697 478 1734 505 Pa

957 528 1025 550 trem
1045 524 1162 555 Filium,
1188 523 1376 559 Spiritumque
1402 529 1529 551 sanctum
1554 525 1684 559 pra-clare
1711 525 1746 551 ab

956 576 989 595 eo
1007 568 1139 602 producta
1160 573 1234 600 sunt,
1252 577 1284 595 ac
1307 570 1377 596 citra
1391 570 1474 596 ullam
1488 570 1619 597 invidiam
1637 570 1745 605 egregie

957 614 1117 641 constituta.

992 659 1024 685 ll.
1039 658 1115 691 Quod
1131 659 1153 686 si
1168 659 1301 693 ejusmodi
1314 659 1423 694 quidam
1440 659 1519 687 nobis
1531 668 1546 686 e
1556 659 1667 687 latebris
1679 659 1746 687 edu-

957 711 1017 733 ctus
1034 713 1146 740 serpens
1161 706 1281 740 objiciat,
1297 706 1331 732 ab
1347 714 1401 733 uno
1415 714 1476 733 esse
1490 706 1585 734 dextra
1602 706 1703 740 pariter
1719 710 1746 732 ct

958 751 1081 784 sinistra,
1097 751 1167 786 quod
1187 751 1275 786 ipsum
1291 751 1319 778 in
1337 760 1431 779 eorum
1448 753 1537 779 medio
1554 757 1688 785 versetur,
1705 753 1744 780 si-

958 795 1039 830 bique
1056 803 1115 830 qua:
1141 796 1236 822 dextra
1260 800 1323 823 sunt
1345 797 1479 828 aseiscat,
1510 797 1597 832 iisque
1618 798 1744 832 gaudeat,

957 845 984 868 et
1003 841 1097 868 eadem
1118 840 1276 868 dextrorum
1300 848 1331 868 ac
1349 841 1459 869 luminis
1479 842 1596 876 appellet
1619 842 1746 872 nomine,

118 889 212 917 αὐτοῦ.
228 890 275 916 καὶ
291 889 338 915 ἐπὶ
351 887 482 924 ἀριστερὰ
494 886 608 922 κείμενα
623 885 774 913 ἀπωθεῖται
785 893 792 900 ⁶
805 885 907 919 λεγέτω

960 891 1054 913 contra
1071 894 1135 913 vero
1152 886 1263 913 sinistra
1277 891 1406 921 tanquam
1423 894 1438 914 a
1458 894 1487 914 se
1503 887 1601 919 aliena,
1621 891 1648 914 et
1662 887 1689 913 in
1702 886 1747 913 ἰξυ-

119 944 165 970 μοι
178 934 259 961 πόθεν
276 933 408 970 λαμϐάνει
421 932 523 968 ταύτην
536 932 585 968 τὴν
598 932 781 967 γεωμετρίαν,
797 931 841 957 ἴνα
855 939 905 957 κα-

117 981 172 1012 λῶς
195 980 313 1016 ῥυθμίσῃ
335 979 522 1014 ἀμετάστατον
536 977 624 1010 δεξιάν
640 985 670 1004 τε
685 977 732 1004 καὶ
754 976 903 1011 εὐώνυμον.

118 1028 262 1064 Παρ¹ήμῖν
273 1028 326 1062 γὰρ
336 1026 411 1059 δεξιὰ
421 1025 532 1057 εἰκότως
545 1024 716 1060 ὀνομάζεται,
730 1025 788 1060 ἦτοι
799 1024 906 1059 ἀριστε-

120 1074 164 1107 ρὰ,
183 1073 238 1100 ἀπὸ
259 1073 313 1099 τῶν
327 1073 356 1099 ὲν
373 1072 411 1108 τῷ
426 1071 531 1107 σώματι
556 1070 739 1106 πεπηγμένων
764 1070 861 1106 μελῶν,
877 1070 906 1096 ὲν

118 1117 157 1151 οἷς
170 1118 296 1145 οὐδέποτε
308 1117 440 1153 ἐναλλαγὴ
451 1117 564 1151 γίνεται.
580 1116 620 1142 Τὰ
631 1116 660 1143 δὲ
674 1115 752 1147 ἐκτὸς
767 1115 845 1151 ἡμῶν
862 1115 906 1141 δύ-

118 1173 195 1191 ναται
209 1162 277 1191 εἶναι
292 1164 356 1190 ποτὲ
375 1164 424 1199 μὲν
446 1162 530 1196 δεξιὰ,
550 1163 615 1189 ποτὲ
627 1162 655 1189 δὲ
669 1161 807 1197 εὐώνυμα.
823 1162 907 1188 Παντὶ

120 1211 169 1246 μὲν
185 1211 237 1246 γὰρ
251 1210 288 1245 τῷ
301 1210 398 1246 ὁρῶντι
409 1210 478 1236 κατὰ
489 1209 620 1244 ἀνατολὴν
634 1209 720 1240 νότος,
735 1208 784 1235 εἴτ’
795 1205 841 1235 οὖν
860 1217 907 1243 με-

119 1256 253 1292 σημϐρία,
269 1255 346 1288 δεξιά
359 1255 540 1291 κληθήσεται·
559 1255 589 1281 τὸ
601 1254 687 1290 κλίμα
699 1254 727 1281 δὲ
743 1254 773 1280 τὸ
791 1253 905 1290 βόρειον,

119 1303 177 1338 ἦτοι
193 1302 325 1338 ἀρκτῴον,
342 1301 493 1337 ἀριστερόν.
513 1301 550 1327 Τὸ
562 1300 589 1327 δὲ
604 1300 739 1327 ἀνάπαλιν
751 1299 797 1326 ἐπὶ
817 1301 851 1326 τὰ
862 1299 908 1325 δυ-

119 1347 182 1374 τικὰ
200 1347 269 1383 μέρη
284 1347 500 1383 ἀναστραφέντος
513 1346 656 1382 ἀνθρώπου
667 1345 749 1377 τινὸς.
763 1345 907 1381 εὑρεθήσε-

119 1401 163 1420 ται
179 1392 358 1428 ὲτερωνύμως
371 1393 404 1419 τὰ
418 1391 546 1427 κλίματα,
562 1391 630 1427 ὅπερ
652 1392 706 1427 πρὸ
728 1391 800 1431 ὥρας
821 1390 907 1422 δεξιὸν

120 1439 235 1474 ὑπῆρχε,
248 1439 334 1465 νότιόν
358 1447 388 1464 τε
413 1437 607 1473 μεσημϐρινὸν,
622 1438 662 1469 εἰς
686 1437 817 1472 ἀριστερὰ
831 1435 908 1468 αὖθις

122 1484 354 1520 μεταϐαλλόμενον
365 1493 371 1498 ·
387 1484 433 1510 καὶ
455 1483 485 1510 τὸ
502 1484 541 1515 εἰς
558 1483 689 1519 ἀριστερὰ
708 1482 755 1510 τοῦ
777 1492 847 1515 τινος
862 1492 907 1510 κε-

121 1530 248 1566 κλιμένον
272 1529 426 1565 ἀνθρώπου,
441 1530 489 1556 εῖτ*
503 1527 550 1556 οὖν
575 1529 709 1565 ἀρκτῷον,
732 1529 781 1555 εἴτ’
799 1527 844 1555 οὖν
862 1529 907 1564 βό-

957 941 989 960 va
998 936 1073 967 parte
1083 932 1215 959 collocata
1231 932 1361 967 repudiet;
1373 933 1456 964 dicat,
1470 940 1572 967 quaeso,
1587 933 1659 960 unde
1672 933 1745 960 illam

957 978 1132 1013 geometriam
1145 978 1278 1009 hauserit,
1292 983 1321 1005 ut
1335 978 1458 1005 dextram
1479 979 1672 1014 sinistramque
1687 979 1746 1006 situ:

957 1024 1011 1050 ulla
1029 1024 1178 1051 mutatione
1194 1027 1363 1051 constantem
1374 1024 1517 1052 commode
1527 1024 1662 1052 metiatur.
1678 1024 1746 1052 Nam

957 1070 1027 1104 apud
1054 1078 1104 1097 nos
1129 1070 1224 1097 dextra
1253 1070 1400 1097 sinistt‘ave
1431 1071 1611 1105 quorumdaut
1641 1072 1747 1100 ratium:

957 1116 1153 1148 membrorum,
1170 1124 1231 1151 qua:
1249 1116 1300 1142 lixa
1320 1120 1394 1148 sunt,
1415 1117 1512 1144 merito
1530 1122 1671 1150 vocanturI
1687 1126 1747 1153 qua:

957 1161 1106 1196 permutari
1123 1161 1238 1188 invicem
1265 1167 1414 1196 nequeunt.
1436 1161 1501 1195 Quae
1518 1171 1583 1190 vero
1600 1168 1676 1190 extra
1696 1172 1748 1192 nos

958 1210 1033 1238 sunt,
1049 1208 1117 1234 alias
1134 1207 1228 1234 dextra
1245 1207 1328 1240 ﬁunt,
1351 1208 1418 1235 alias
1439 1209 1561 1236 sinistra.
1578 1209 1682 1236 [Etenim
1700 1210 1746 1244 qui

958 1261 986 1280 se
998 1253 1031 1280 ad
1048 1253 1180 1280 orientem
1196 1253 1355 1285 obverterit.
1371 1254 1415 1281 hic
1426 1254 1458 1281 ad
1470 1254 1610 1282 dexteram
1624 1261 1748 1283 austrum

957 1299 1013 1327 sive
1026 1300 1166 1326 meridiem
1185 1299 1304 1332 habebit,
1325 1301 1525 1335 septentriones
1543 1301 1576 1327 ad
1593 1302 1744 1329 sinistram.

958 1344 1006 1372 Sin
1022 1346 1191 1373 occidentem
1211 1354 1307 1373 versus
1323 1354 1383 1373 sese
1408 1348 1581 1378 converterit.
1596 1347 1690 1375 mundi
1708 1349 1747 1375 illi

958 1390 1084 1418 cardines
1115 1391 1231 1418 diversis
1262 1392 1418 1419 nominibus
1445 1392 1611 1424 allicieutur;
1635 1401 1749 1428 qumque

958 1437 1038 1472 paulo
1048 1441 1111 1464 ante
1125 1436 1219 1463 dextra
1234 1436 1321 1463 fuerat
1334 1437 1471 1469 meridies.
1488 1438 1514 1464 in
1532 1439 1672 1465 sinistram
1685 1446 1747 1465 mu-

958 1483 1060 1510 tabitur
1078 1492 1083 1509 :
1105 1490 1165 1517 qua:
1191 1483 1224 1508 ad
1247 1482 1386 1510 sinistram
1412 1491 1521 1518 vergere
1537 1484 1679 1511 dicebatur
1696 1485 1748 1511 ho-

960 1528 1041 1554 minis
1060 1527 1227 1562 aquilonaris
1242 1528 1327 1562 regio,
1346 1529 1378 1553 ad
1399 1528 1537 1554 dexteram
1553 1537 1614 1556 esse
1631 1529 1747 1558 dicetur.

124 1585 193 1612 ρειον
217 1576 312 1611 κλίμα,
329 1577 368 1608 είς
384 1575 473 1609 δεξιὰν
490 1575 573 1602 αὑτοῦ
589 1574 831 1610 μεταϐαλλόμενον.
853 1575 907 1601 Ποῦ

961 1573 1074 1600 Ubinam
1095 1581 1159 1607 ergo
1180 1579 1314 1601 veterator
1329 1575 1378 1601 iste
1394 1583 1470 1601 suam
1494 1576 1566 1602 illam
1584 1576 1748 1604 modulaudo

121 1630 209 1648 τοινυν
221 1622 234 1648 ὁ
244 1621 371 1648 ἀπατεὼν
386 1621 498 1656 ἐφεῦρεν
516 1619 604 1656 ἑαυτῷ
621 1620 669 1656 τὴν
681 1620 752 1647 κατὰ
764 1620 830 1646 Θεὸν
842 1629 910 1654 γεω-

123 1669 255 1704 μετρίαν;
272 1668 327 1695 Καὶ
350 1667 372 1694 ὣ
393 1668 442 1703 τῆς
464 1667 590 1702 τοιαύτης
614 1667 715 1702 πολλῆς
739 1667 908 1703 ληρολογίας,

122 1715 171 1750 τῆς
182 1714 216 1741 τὰ
230 1714 318 1740 πάντα
339 1714 519 1749 συγχεούσηςί
536 1714 637 1741 eam;
656 1714 683 1740 δὲ
701 1713 768 1748 μετὰ
787 1713 817 1739 τὸ
833 1713 911 1739 ὐστὲ-

124 1768 200 1795 ρημα
212 1759 267 1794 (85)
283 1759 330 1785 τοῦ
346 1760 490 1795 τριάκοντα
501 1762 509 1776 ¹
525 1760 627 1792 Λίὦνος
640 1759 812 1795 γεγενῆσθαι.
825 1760 909 1786 Πόθεν

122 1807 177 1843 ἄρα
189 1808 239 1843 τὴν
253 1807 299 1833 τοῦ
312 1809 499 1843 ὑστερήματος
512 1808 592 1843 φύσιν
602 1808 777 1843 κατείληφας,
788 1805 810 1834 ὧ
821 1804 908 1838 οὗτος,

122 1853 139 1889 ἢ
155 1854 313 1880 ἀποστᾶσαν
324 1853 447 1888 δύναμιν,
457 1854 520 1888 λέγε
530 1862 537 1886 ;
548 1855 579 1880 Εἰ
591 1854 640 1889 μὲν
655 1853 709 1889 γὰρ
721 1851 800 1888 εὗρες
808 1853 909 1888 ταύτην

123 1898 177 1925 ἀπὸ
195 1898 294 1933 βλαστή
300 1906 383 1933 ματος
398 1898 453 1924 τῶν
466 1898 531 1929 ἄνω,
545 1898 574 1924 οὑ
591 1897 712 1932 κτιστὴν,
730 1896 796 1923 ἀλλὰ
814 1904 909 1931 γεννη-

123 1944 183 1979 τὴν,
201 1943 292 1978 ἐπειδὴ
306 1945 346 1969 σοί
362 1952 391 1969 τε
407 1943 453 1970 καὶ
463 1943 502 1978 τῷ
516 1952 562 1970 σου
579 1943 710 1979 ἐπιστάτῃ
723 1943 772 1968 οὑκ
784 1941 910 1977 ἐκτισμέ-

122 1998 156 2016 να
169 1989 203 2016 τὰ
217 1990 312 2016 κτιστὰ
328 1990 458 2025 ὁρίζεται,
472 1989 538 2016 ἀλλὰ
552 1989 683 2024 γεννητὰ⁴
699 1989 746 2016 καὶ
769 1988 822 2015 ἀπὸ
844 1997 909 2024 μετ-

123 2035 215 2066 ουσίας
232 2035 349 2070 ἑκάστης
371 2035 477 2070 φύσεως
500 2037 563 2072 παρ’
579 2036 696 2070 ἑκάστης
720 2035 854 2070 λαϐούσης
876 2035 909 2062 τὰ

123 2076 201 2110 αὖθις
222 2079 378 2115 γεννώμενα
400 2079 621 2116 ἀναφῦναι.”Αρα
637 2088 667 2113 γε
685 2080 756 2106 κατὰ
769 2080 813 2105 τὸν
828 2079 909 2106 αὑτοῦ

123 2124 202 2158 λόγον
217 2126 287 2152 κατὰ
302 2125 401 2152 σαυτοῦ
415 2125 522 2161 ὁπλίζῃ.
541 2125 572 2152 Εἰ
588 2125 642 2161 γὰρ
654 2125 708 2152 ἀπὸ
721 2124 775 2151 τῶν
790 2125 845 2152 ἅνω
862 2125 910 2152 καὶ

123 2171 140 2205 ἡ
158 2171 258 2206 ὑστέρα
279 2170 402 2206 δύναμις,
425 2171 473 2197 καὶ
488 2171 504 2206 ὴ
521 2170 673 2197 ἀποστασία
688 2170 841 2205 γεγένηται,
859 2169 909 2204 ἔφυ

123 2216 162 2248 δὲ,
178 2217 216 2247 ὡς
229 2218 326 2248 εἰπεῖν,
341 2217 388 2242 καὶ
409 2216 573 2252 ἐϐλάστησε·
589 2216 696 2251 μετέχει
716 2216 770 2252 ἄρα
784 2216 839 2243 τῶν
853 2217 908 2243 ἀνω

123 2262 314 2298 χαρισμάτωνι
338 2262 429 2298 ἐπειδὴ
451 2263 620 2288 ἐπικοινωνεῖ
641 2262 679 2298 τῷ
703 2262 869 2298 Πληρώματι
892 2263 908 2298 ἡ

124 2305 234 2341 ὑστέρα,
248 2306 294 2332 καὶ
308 2306 338 2332 τὸ
351 2306 491 2342 Πλήρωμα
504 2308 536 2342 τῇ
550 2306 664 2342 ὑστέραν
680 2307 726 2334 καὶ
736 2307 812 2334 οὐδὲν
824 2316 909 2343 προσ-

125 2351 299 2386 ενεχθήσεται
313 2351 391 2378 τοῦτο
407 2352 476 2388 πρὸς
490 2353 586 2385 ἐκεῖνο,
601 2352 662 2379 οὔτε
672 2354 758 2380 ἐκεῖνο
773 2353 840 2389 πρὸς
850 2352 909 2379 τοῦ-

124 2405 164 2428 το,
179 2397 316 2432 ἑκατέρων
332 2397 401 2424 κατὰ
424 2398 458 2424 τὰ
478 2398 600 2434 τέρματα
621 2398 745 2434 ἀλλήλοις
768 2399 910 2425 ἐπικοινω-

123 2441 250 2469 νούντων.
265 2443 320 2469 Καὶ
345 2443 377 2469 ἐκ
402 2444 501 2475 παντὸς
517 2443 596 2478 λόγου
611 2444 788 2480 διελεγχῠήσῃ
802 2444 832 2477 ἐξ
847 2446 908 2471 ὲπι-

125 2489 229 2523 σπορᾶς
242 2488 367 2523 δαίμονος
379 2489 446 2524 ἔχων
456 2490 505 2525 τὴν
519 2490 568 2525 τῆς
582 2490 685 2526 πλάνης
700 2499 746 2518 σου
763 2491 908 2527 κόσμησιν,

125 2532 234 2559 πάντων
250 2532 373 2560 ἐλεεινῶν
388 2533 566 2561 ὲλεεινότατει

160 2620 197 2647 l".
216 2621 276 2648 Ἵνα
291 2620 319 2647 δὲ
338 2621 375 2656 μὴ
392 2621 602 2656 παραλείψωμαί
613 2630 639 2648 τι
651 2622 704 2648 τῶν
716 2622 792 2658 παρά
804 2631 857 2649 τισι
867 2631 908 2656 γι-

125 2667 244 2701 νομένων
257 2675 286 2692 τε
302 2667 349 2693 καὶ
363 2666 527 2702 λεγομένων,
543 2667 593 2694 κᾶν
608 2675 637 2693 τε
656 2668 685 2694 ἐν
700 2668 802 2704 ἑκάστῃ
817 2668 909 2694 πολλοὶ

162 2744 170 2759 ¹
186 2743 247 2771 For.
262 2743 350 2776 τοῦτο,
369 2747 395 2771 et
413 2754 420 2771 :
434 2743 481 2770 τοῦ
492 2744 523 2771 ἐκ
534 2744 588 2770 τῶν
603 2753 694 2780 τριακ.

961 1619 1016 1647 Deo
1041 1620 1216 1654 geometriam
1243 1620 1363 1655 reperit?
1379 1620 1401 1648 Ο
1420 1621 1605 1649 incredibilem
1635 1623 1749 1650 l'utilita-

960 1670 1025 1696 tem,
1035 1670 1116 1700 atque
1126 1666 1251 1693 univirrsa
1266 1667 1423 1694 miscentem
1435 1668 1441 1694 ί
1457 1667 1533 1700 Quod
1547 1676 1609 1695 vero
1620 1673 1682 1704 post
1696 1672 1748 1697 tri-

960 1713 1033 1747 ginta
1047 1713 1107 1739 illos
1121 1712 1221 1739 Eonas
1232 1713 1365 1739 defectuum
1377 1714 1514 1741 exstitisse
1524 1719 1627 1748 narrat,
1641 1716 1706 1743 libet
1715 1717 1748 1745 de

960 1765 993 1785 eo
1008 1758 1141 1785 sciscitari
1156 1766 1161 1783 :
1175 1758 1255 1793 210
1267 1758 1338 1786 lleus
1349 1764 1376 1786 tu
1388 1761 1393 1786 l
1405 1759 1485 1788 Potes
1494 1761 1584 1788 dicere
1595 1762 1749 1790 uudeillius

960 1801 1083 1830 defectus
1099 1807 1224 1830 naturam
1240 1812 1271 1830 ac
1290 1803 1486 1832 desciscentem
1503 1807 1629 1834 virtutem
1647 1815 1749 1843 cognito

959 1848 1050 1875 veris?
1063 1848 1090 1875 Si
1104 1851 1176 1876 enim
1194 1857 1208 1876 a
1225 1851 1411 1884 superioribus
1424 1852 1571 1886 pullulasse
1588 1853 1674 1886 dieue,
1692 1862 1746 1882 non

960 1899 1089 1928 creatam,
1104 1895 1151 1922 sed
1165 1896 1282 1930 genitam
1301 1905 1308 1923 :
1325 1904 1396 1929 cum,
1413 1906 1445 1925 ex
1459 1902 1504 1925 tua
1518 1906 1550 1926 ac
1568 1900 1691 1934 magistri
1707 1899 1746 1927 tui

961 1942 1094 1968 sententia
1109 1963 1115 1974 ,
1134 1949 1194 1976 quae
1216 1942 1325 1968 condita
1347 1947 1421 1974 sunt,
1443 1952 1496 1971 non
1513 1949 1603 1972 creata
1628 1945 1745 1979 fuerint,

961 1987 1008 2015 sed
1029 1989 1118 2023 genita
1142 1997 1148 2014 :
1168 1995 1200 2015 ac
1225 1989 1328 2023 qiizevis
1352 1993 1448 2016 natura
1470 1991 1585 2025 quadam
1610 1993 1643 2018 ab
1662 1993 1746 2020 altera

961 2034 1207 2061 communicatione
1234 2034 1403 2062 transfusum
1429 2035 1455 2062 id
1479 2037 1550 2071 quod
1569 2038 1647 2064 habet
1667 2046 1746 2066 accc-

959 2080 1042 2114 perit,
1064 2084 1144 2114 atque
1172 2079 1199 2106 in
1224 2080 1310 2107 lucem
1330 2080 1477 2114 prodierit;
1498 2082 1554 2116 jam
1570 2084 1627 2118 ipse
1641 2084 1747 2111 confes-

961 2125 1038 2152 sione
1058 2129 1104 2152 tua
1130 2125 1252 2152 induaris
1267 2130 1385 2160 oportet.
1406 2126 1511 2154 Etenim
1526 2129 1548 2154 si
1566 2136 1580 2154 a
1597 2130 1746 2164 superiori—

959 2170 1011 2197 bus
1027 2170 1160 2205 posterior
1176 2170 1221 2196 illa
1236 2170 1322 2197 virtus
1334 2178 1364 2197 ac
1379 2171 1504 2198 delectus
1518 2172 1662 2204 exstiterit,
1676 2174 1748 2201 itide-

960 2222 1022 2250 que,
1041 2219 1068 2241 ut
1084 2215 1120 2241 ita
1141 2215 1247 2249 loquar,
1264 2215 1414 2249 pullularit,
1442 2216 1493 2242 erit
1503 2217 1581 2250 plane
1596 2218 1749 2245 cmlestium

962 2264 1185 2288 ornamentorum
1202 2260 1353 2295 partiCeps.
1370 2261 1588 2297 quandoquidem
1605 2271 1749 2292 commune

963 2306 1064 2341 aliquid
1084 2314 1146 2333 cum
1171 2306 1322 2334 Pleromate
1335 2307 1414 2334 habet
1430 2308 1474 2334 illa
1488 2309 1632 2342 posterior,
1648 2315 1673 2336 et
1685 2318 1748 2337 cum

964 2353 1115 2387 posteriore
1137 2352 1284 2386 Pleroma;
1303 2361 1389 2388 neque
1412 2354 1484 2381 aliud
1506 2354 1540 2381 ab
1555 2355 1641 2383 altero
1663 2356 1748 2383 dissi-

963 2398 1049 2429 debit.
1065 2406 1126 2425 cum
1142 2403 1257 2434 utraque
1272 2400 1463 2428 communibus
1483 2401 1599 2428 invicem
1624 2402 1751 2429 terminis

963 2443 1136 2477 copulentur.
1163 2443 1343 2476 Quamobrem
1376 2445 1515 2472 hominum
1543 2447 1747 2475 infelicissimo!

965 2495 1018 2514 non
1032 2487 1143 2514 aliunde
1160 2496 1241 2523 quam
1256 2496 1289 2516 ex
1304 2489 1435 2516 daemonis
1451 2491 1581 2518 instinctu
1605 2496 1690 2520 totam
1715 2493 1748 2520 il-

963 2532 1017 2559 lam
1041 2540 1165 2560 errorum
1196 2534 1322 2562 hausisse
1345 2539 1511 2563 structuram
1527 2538 1601 2564 omni
1617 2546 1649 2565 ex
1672 2543 1752 2574 parte

963 2584 1145 2606 CORVIIICCI‘IS.

998 2623 1043 2652 Ill.
1072 2624 1123 2652 Sed
1143 2633 1176 2652 ne
1193 2626 1256 2661 quid
1280 2635 1294 2653 a
1315 2628 1394 2656 nobis
1419 2629 1654 2664 praetermittatur,
1675 2631 1747 2664 quod

964 2677 978 2696 a
999 2678 1135 2706 quoquam
1153 2671 1261 2700 dicatur
1276 2678 1323 2701 aut
1338 2674 1394 2709 liat,
1407 2683 1469 2702 cuin
1486 2677 1634 2708 pnrsertim
1657 2677 1748 2711 plures

163 2821 217 2856 (85)
235 2822 344 2865 Ἰζάσξει
357 2821 390 2847 δὲ
399 2821 474 2865 fierit.
486 2821 517 2848 τὸ
531 2821 690 2865 ὑστέρημα.
722 2822 923 2865 begaomuiuo,
945 2825 1042 2860 φάσκει
1061 2828 1090 2854 δε
1125 2826 1156 2854 τὸ
1177 2827 1319 2863 ὑστέρημα
1345 2829 1414 2863 μετὰ
1439 2830 1501 2862 τοὺς
1523 2829 1613 2865 τριάκ.
1633 2827 1744 2858 αἰῶνας.

128 2854 288 2885 Πιιιισριιίιιι
304 2854 419 2884 Secundi
437 2857 521 2885 fuisse
540 2854 700 2884 sententiam
715 2854 807 2886 docuit
830 2869 857 2887 n.
882 2862 906 2886 l.
