1961 3046
214 138 263 165 547

908 140 935 167 S.
957 139 1128 167 EPIPHANII

1785 139 1837 166 568

213 195 269 222 sint
284 195 310 222 in
327 195 420 223 eadem
437 200 510 224 secta
530 197 681 232 principes,
694 198 739 233 qui
754 198 870 226 diversis
886 200 998 226 concin-

1053 198 1105 226 εἷεν
1117 201 1140 226 οί
1151 200 1269 236 ἐξαρχοι,
1283 200 1329 227 καὶ
1340 199 1484 235 αὐχοῦντες
1497 199 1578 236 ἕτερα
1589 199 1645 226 ἀνθ’
1656 199 1756 234 ἐτέρων
1767 199 1837 234 ὑπὲρ

214 241 310 268 nandis
331 241 429 269 fabulis
441 242 584 277 mgistros
598 243 680 270 etiam
702 244 776 278 ipsos
799 252 929 279 superare
940 254 1001 273 sese

214 285 375 320 gloriantur,
393 288 456 314 volo
472 288 499 315 in
519 288 553 316 iis
572 290 830 323 commemorandis,
851 291 898 326 qui
912 291 940 318 in
955 299 1000 318 ea-

214 331 275 358 dem
295 333 390 360 haeresi
413 338 493 366 sunt,
517 334 564 362 sed
590 335 642 362 alia
657 337 781 370 quaedam
797 337 909 372 insuper
925 345 1000 365 assc-

215 383 287 411 rtmt,
305 379 442 414 paulisper
458 380 608 408 immorari.
630 380 799 417 Epiphanem
823 383 1000 418 atqnclsido-

214 431 273 450 rum
286 424 406 459 intelligo
425 434 431 451 :
451 425 498 460 qui
511 426 732 454 cohortationum
750 435 782 455 ac
797 433 997 463 prtcceptorum

214 470 304 504 specie
320 470 344 496 in
362 470 566 504 profundiorem
581 480 641 500 sese
658 473 828 501 infelicitatis
841 475 998 509 voraginem

214 515 357 542 immersit.
371 516 404 542 Et
421 524 483 543 cum
497 525 513 544 a
527 517 693 552 Carpocrate
707 524 819 553 parente
837 527 886 547 suo
906 527 999 547 revera

214 559 274 587 falsi
292 560 426 595 dogmatis
441 562 549 588 initium
565 564 712 598 acceperit,
729 565 761 591 ad
775 563 893 592 Secundi
909 569 999 592 tamen

212 605 356 639 opiniones
385 606 514 639 adhaesit,
543 612 569 636 et
589 609 623 635 ad
648 608 838 638 Secundianos
863 611 999 646 ascriptus

212 655 262 678 est.
280 650 309 677 ln
323 651 417 686 primis
433 653 505 680 enitn
519 661 616 689 magna
632 658 673 681 est
684 655 869 682 aberrantinm
887 656 998 683 istorum

212 695 352 722 hominum
367 704 383 723 a
401 705 431 724 se
446 697 560 725 invicem
577 699 724 733 dissensio,
740 705 768 727 et
781 701 947 728 inanissima:
964 701 1000 728 lo—

211 741 360 776 quacitatis
373 742 519 777 zincondita
539 744 662 778 quaedam
683 753 715 772 ac
732 746 890 780 perturbata
911 746 1000 773 varie-

212 792 264 815 tas.
284 787 406 821 Nam,ut
425 789 459 816 ab
478 789 616 825 Epiphane
631 791 740 823 ordiar,
761 791 934 826 Carpocratis
949 792 1000 819 iste

212 834 301 865 filius,
317 842 349 861 ex
368 834 531 862 Alexandria
554 841 643 864 matre
656 856 664 869 ,
691 837 745 864 hoc
759 838 831 864 enim
857 838 882 865 ei
900 845 998 865 nomen

1051 247 1113 277 τοὺς
1122 246 1211 272 αὐτῶν
1220 246 1395 277 διδασκάλους
1409 246 1621 281 μυθοποιεῖσθαι,
1633 246 1673 272 ἔτι
1684 245 1834 280 ἐπιμένων¹

1051 291 1239 326 ὑφηγούμενος
1255 291 1319 323 τοὺς
1334 291 1363 317 ὲν
1376 291 1444 326 αὐτῇ
1473 292 1505 326 τῇ
1532 291 1636 326 αἱρέσει
1651 291 1739 322 ὄντας,
1754 290 1836 324 ’ἐτερα

1050 336 1078 362 δέ
1100 337 1176 373 παρὰ
1196 337 1298 364 τούτων
1312 337 1449 371 λέγοντας,
1464 336 1535 371 φημὶ
1549 336 1577 363 δὲ
1599 336 1662 371 περὶ
1674 335 1836 369 Ἐπιφάνους

1050 381 1096 408 τοῦ
1111 382 1246 417 Ὶσιδώρου
1262 384 1294 409 ἐκ
1310 383 1472 418 προφάσεως
1487 382 1685 418 παραινετικῶν
1706 381 1836 417 ῥημάτων

1050 427 1144 454 ἑαυτὸν
1159 427 1198 454 ἔτι
1209 429 1248 459 εἰς
1259 431 1452 463 περισσότερον
1464 427 1543 462 βυθὸν
1565 427 1749 462 ταλαιπωρίας
1769 435 1835 452 κατ-

1050 474 1207 508 αγαγόντος.
1226 474 1336 507 Τάλτ.θῆ
1353 474 1403 508 μὲν
1424 472 1481 506 οὖν,
1492 474 1546 500 ἀπὸ
1560 473 1774 510 Καρποκράτους
1788 472 1834 498 τοῦ

1051 520 1115 546 ἰδίου
1138 521 1241 556 πατρὸς
1261 521 1331 548 κατὰ
1352 524 1439 556 σάρκα
1457 521 1597 556 εἰληφότος
1611 520 1660 551 τὰς
1675 520 1834 555 προφάσεις,

1051 566 1224 601 συνημμένου
1241 566 1269 593 δὲ
1282 567 1314 602 τῇ
1330 567 1433 600 αἱρέσει
1448 566 1494 593 τοῦ
1510 566 1706 602 προειρημένου
1721 565 1836 591 Σεκούν-

1049 609 1104 642 δου,
1123 610 1170 636 καὶ
1185 610 1267 637 αὑτοῦ
1282 610 1334 637 τῶν
1347 611 1543 637 Σεκουνδιανῶν
1558 611 1733 646 ὑπάρχοντος.
1748 609 1836 645 Πολλὴ

1050 656 1104 691 γὰρ
1118 656 1234 682 ἑκάστου
1246 656 1299 682 τῶν
1314 656 1528 692 πεπλανημένων
1540 658 1607 692 ττρὸς
1618 657 1663 683 τὸν
1676 655 1767 690 ἕτερον
1777 655 1836 682 δια-

1051 701 1131 736 φορὰ,
1149 702 1195 728 καὶ
1213 702 1398 737 συρφετώδης,
1419 703 1456 734 ὡς
1477 704 1573 733 εἰπεῖν,
1590 701 1735 736 πολυμιξία
1757 709 1836 728 κενο·

1051 747 1163 782 φωνίας.
1180 744 1262 779 Οὗτος
1286 748 1340 782 γὰρ
1353 749 1366 774 ὁ
1380 748 1530 783 Ἐπιφὰνης
1546 747 1613 782 (86),
1629 747 1667 778 ὡς
1684 747 1761 782 ἔφην,
1777 746 1835 778 υἱὸς

1050 792 1088 818 ὢν
1111 793 1336 828 Καρποκράτους,
1365 793 1467 828 μητρὸς
1490 794 1517 819 δέ
1540 792 1743 828 Ἀλεξανδρείας
1765 791 1836 817 οὓτω

1051 839 1229 873 καλουμένης,
1250 838 1363 870 τούτοις,
1380 839 1416 869 ὡς
1433 840 1572 874 προεῖπον,
1590 839 1763 868 συνάπτεται,
1782 837 1836 863 ἀπὸ

212 880 273 912 fuit,
289 881 322 908 ad
348 881 420 915 illos,
436 882 474 909 uti
488 882 619 915 diximus,
641 888 810 919 aggregatur,
824 883 870 918 qui
895 892 928 910 ex
947 883 998 910 Ce-

1053 884 1237 919 Κεφαλληνίας
1253 884 1302 919 μὲν
1316 885 1347 910 τὸ
1362 885 1429 918 πρὸς
1441 885 1543 918 πατρὸς
1554 884 1631 918 γένος
1644 883 1689 914 ὢν,
1704 884 1835 909 ἑπτακαι-

211 926 346 960 phallenia
368 932 481 963 paterno
506 937 605 963 genere
627 930 778 961 oriundus,
795 937 858 956 cum
882 930 915 956 ad
942 937 997 956 xvu

210 972 302 1000 atatis
317 980 418 1000 annum
439 975 620 1009 pervenisset,
634 976 778 1002 immatura
794 980 880 1003 morte
899 984 999 1010 pratre-

213 1022 277 1052 ptus
293 1023 345 1046 est.
359 1019 493 1046 Nimirum
507 1021 660 1048 sceleratos
672 1021 795 1048 homines
806 1021 877 1049 Deus
891 1022 930 1049 sic
939 1026 1000 1049 tan-

211 1071 292 1097 quam
308 1065 400 1099 spinas
416 1065 528 1098 evulsit,
542 1066 715 1101 humanoque
728 1067 819 1101 generi
838 1068 934 1095 melius
949 1068 999 1095 ali-

211 1109 274 1143 quid
293 1110 421 1144 providit.
439 1110 504 1138 Post
522 1111 595 1138 illius
610 1111 714 1138 obitum
732 1112 766 1139 iis
785 1112 831 1146 qui
849 1112 883 1139 ab
900 1120 933 1140 eo
952 1113 999 1140 de-

211 1156 281 1190 cepti
299 1155 406 1182 fuerant
420 1156 499 1192 plaga
519 1156 564 1183 illa
578 1156 666 1184 letalis
686 1157 810 1184 adhaesit.
830 1156 863 1183 Et
882 1158 909 1184 in
929 1158 999 1186 hanc

213 1201 376 1236 usquediem
386 1202 412 1228 in
423 1202 511 1229 insula
521 1201 603 1230 Samo
611 1202 710 1229 divinis
719 1202 867 1230 honoribus
874 1203 998 1231 allicitur.

211 1246 279 1274 Nam
298 1247 394 1274 incolze
414 1248 544 1283 templum
559 1248 584 1275 ei
600 1247 800 1281 condiderunt,
817 1249 895 1283 211
915 1253 941 1276 et
959 1249 1000 1276 in-

211 1298 292 1322 eunte
307 1302 400 1321 mense
417 1301 495 1322 sacra
510 1294 632 1329 quaedam
645 1301 676 1321 ac
688 1295 864 1322 caeremonias
875 1295 977 1322 obeunt
991 1303 998 1322 :

211 1347 261 1366 nec
278 1347 333 1366 non
351 1344 423 1367 artes
437 1344 464 1367 et
479 1347 604 1367 museum
623 1339 656 1366 ad
676 1339 831 1367 detestandi
856 1340 930 1367 illius
954 1348 1001 1366 no-

212 1386 294 1414 minis
315 1386 474 1414 memoriam
497 1390 714 1418 consecrarunt;
733 1385 882 1421 Epiphanis
901 1386 1001 1421 quippe

212 1431 334 1459 Museum
354 1431 503 1466 appellant.
519 1430 700 1466 Cephallenii,
716 1430 838 1465 inquam,
854 1438 886 1458 eo
906 1437 1001 1457 vecor-

211 1477 262 1504 diae
274 1476 411 1511 progressi
427 1481 501 1508 sunt,
521 1479 550 1503 ut
564 1480 591 1503 ct
614 1476 637 1503 ei
654 1476 788 1503 sacrificia
805 1482 837 1501 ac
856 1475 999 1502 libationes

211 1521 335 1552 otl‘erant,
353 1524 380 1548 et
411 1521 439 1547 in
473 1520 536 1547 fano
567 1520 640 1547 illius
668 1521 776 1555 epnlum
809 1520 957 1555 prmbeant,
975 1524 1001 1547 et

212 1565 326 1600 hymnos
340 1565 368 1592 in
388 1565 448 1600 ejus
464 1565 593 1592 honorem
609 1565 765 1593 concinant.
777 1564 877 1592 Habuit
889 1573 952 1592 vero
967 1565 1001 1592 ad

211 1611 336 1638 infelices
352 1611 413 1638 illos
426 1611 618 1645 decipiendos,
645 1618 677 1638 ac
701 1619 756 1638 non
784 1610 865 1638 modo
887 1611 920 1637 ad
940 1618 1000 1638 eam

211 1661 327 1689 sectam,
347 1657 395 1685 sed
418 1661 446 1684 et
462 1656 496 1683 ad
516 1657 589 1683 aliud
604 1665 690 1692 genus
706 1657 820 1688 erroris,
837 1657 888 1684 hoc
910 1663 951 1685 est
965 1658 1000 1685 si-

212 1704 394 1730 mulacrorum
421 1702 643 1737 superstitionem
669 1702 852 1729 traducendos
872 1709 997 1736 magnam

212 1749 368 1776 illecebram
383 1748 517 1783 exquisita
532 1747 656 1783 quaedam
681 1748 800 1776 hominis
819 1748 936 1775 eruditio
947 1769 954 1781 ,
971 1752 998 1776 et

212 1802 274 1822 cum
286 1794 313 1820 in
325 1794 399 1821 omni
414 1793 592 1820 humanitatis
606 1800 715 1828 genere,
733 1797 790 1819 tum
805 1793 833 1819 in
851 1792 998 1821 Platonicis

212 1840 385 1876 dogmatibus
400 1840 521 1875 apprime
543 1844 661 1866 versata.
679 1838 729 1871 Qui
749 1839 859 1874 quidem
881 1839 998 1874 Epipha-

213 1896 261 1916 nes
274 1889 307 1916 ad
322 1887 477 1915 Secundum
491 1895 521 1915 se
534 1891 614 1922 atque
625 1887 685 1921 ejus
704 1885 825 1914 fautores
855 1887 1000 1922 applicavit

212 1934 328 1971 quadam
345 1936 420 1968 peste
434 1932 626 1967 loquacitatem
641 1931 786 1965 expressit.

246 1980 291 2008 IV.
316 1980 450 2008 lsidorum
470 1987 535 2007 vero
559 1982 672 2005 narrant
690 1978 853 2013 quibusdam
869 1978 1002 2007 Cohorta-

213 2027 316 2054 lionum
331 2026 408 2054 libris
422 2025 551 2061 nequitiae
561 2032 617 2052 suae
632 2025 806 2051 fundamenta
816 2025 927 2059 jecisse.
947 2025 1001 2054 Sed

213 2077 304 2100 utrum
324 2071 420 2099 eadem
440 2072 464 2099 is
484 2079 516 2099 ex
536 2075 626 2102 secta,
650 2074 731 2104 atque
752 2070 849 2097 iisdem
865 2071 1002 2105 opinioni-

213 2119 264 2145 bus
278 2116 425 2149 exstiterit,
441 2124 474 2143 an
491 2124 524 2143 ex
542 2115 768 2151 philosophorum
788 2116 933 2151 disciplina
955 2125 1001 2143 co-

213 2162 397 2190 hortationum
414 2160 512 2187 artifex
534 2167 595 2188 esse
610 2159 755 2192 didicerit,
778 2159 846 2186 certi
869 2160 937 2186 nihil
952 2168 1000 2188 ex-

213 2208 319 2242 plorare
333 2206 486 2234 docuimus.
511 2205 655 2240 Utcunque
671 2214 700 2233 se
722 2214 766 2234 res
779 2206 888 2238 habeat,
905 2206 932 2233 in
949 2213 997 2233 eo-

213 2253 273 2280 dem
293 2260 388 2280 omnes
402 2251 562 2280 consuendo
578 2251 704 2286 dogmate
719 2255 876 2280 versantur.

248 2298 276 2326 In
289 2298 384 2333 Primis
402 2297 557 2333 Epiphanes
570 2297 643 2330 '_illud
656 2304 718 2323 cum
734 2296 814 2325 Patre
824 2317 832 2329 ,
848 2297 998 2332 eodemque

214 2345 325 2372 liazresis
341 2344 482 2371 conditore
495 2343 660 2377 Carpocrate
676 2344 809 2377 decrevit,
826 2343 997 2379 promiscuas

250 2424 257 2438 ¹
270 2421 333 2449 For.
350 2421 480 2457 ἐπιμενῶ.
498 2421 576 2448 Addo
593 2422 640 2447 καὶ
652 2421 712 2448 τοῦ.

249 2504 304 2539 (86)
325 2501 419 2536 Οὗτος
432 2504 487 2538 γὰρ
504 2504 520 2530 ό
537 2503 708 2539 Ἐπιφάνης,
723 2502 761 2530 Ex
774 2502 906 2539 Clement.
919 2503 997 2530 Alex.

216 2546 243 2566 ιιι
261 2538 361 2566 Strom.
380 2539 436 2566 haec
457 2538 595 2573 descripta
612 2542 676 2565 sunt
690 2546 697 2570 ;
714 2538 822 2565 tametsi
838 2538 873 2565 ab
886 2543 999 2566 auctore

215 2575 274 2609 ipso
298 2574 404 2601 diversa
427 2573 550 2608 quaedam
561 2573 729 2609 tradiderit;
746 2573 895 2609 Clementis
911 2573 997 2609 verba

216 2605 372 2636 necessario
387 2605 586 2636 hic‘attexenda
603 2611 666 2643 sunt
681 2617 687 2634 :
701 2607 852 2643 Ἐπιφρινης
868 2605 955 2639 οὗτος,
967 2605 997 2635 οὗ

217 2645 261 2671 καὶ
272 2644 305 2671 τὰ
321 2644 521 2680 ωγγράμμᾳτει
535 2642 685 2680 ’ξομίέξταιν
704 2643 761 2680 yth;
783 2641 814 2678 ἦν
830 2641 994 2680 Memmi-

219 2688 285 2711 τους,
298 2680 345 2706 καὶ
361 2677 461 2720 μητρὸς
473 2677 661 2720 ’ᾼλεξανδρίας
672 2677 849 2720 τοῦνομαάντὰ
931 2677 997 2720 πρὸς

217 2724 265 2755 παι
271 2713 542 2755 ρος-ςᾹλεξανδρευςι
552 2713 610 2755 ἀπὸ.
620 2713 648 2739 δὲ
667 2713 768 2755 μητρὸς
787 2713 978 2755 Κεφαλληνεύς
989 2722 997 2729 ι

216 2747 294 2785 ἐζησε
315 2749 343 2776 δέ
366 2749 400 2776 τὰ
420 2747 509 2785 πάντα
528 2748 577 2785 ἐτη
601 2747 793 2785 ἑπτακαίδεκα,
816 2748 864 2785 καί
884 2747 943 2785 θεδς
969 2749 997 2785 ἐν

216 2782 294 2826 Σάμῃ
309 2787 358 2846 της
378 2783 568 2845 Κεφαλληνίας
580 2783 721 2818 τετίμηται
731 2790 737 2796 ⁸
752 2782 815 2809 ἔνθα
835 2782 909 2823 αὐτῇ)
926 2782 997 2818 ἱερὸν

216 2821 303 2846 ὃυτων
317 2820 332 2846 λ
345 2821 408 2846 θων.
426 2819 500 2846 ϐωμο
523 2839 529 2846 .
546 2818 647 2846 τεμένη
659 2838 666 2846 .
689 2819 811 2846 μουσεῖον
825 2817 996 2846 ὠκοοόμηταί

216 2814 303 2854 ιδυὲὤῦ
317 2814 408 2852 λίθων,
426 2814 511 2854 βωμοὶ
523 2839 529 2850 ,
546 2814 647 2853 τεμένη
659 2814 677 2854 ,ί
688 2819 811 2852 μουσεῖον
825 2814 996 2854 ᾠκοδῦμηταί

217 2853 245 2882 τε
260 2855 306 2882 καὶ
330 2853 509 2884 καθιέρωται·
531 2854 578 2880 καὶ
600 2853 736 2883 συνιόντες
757 2853 798 2883 εἰς
818 2853 849 2879 τὸ
874 2853 946 2885 ἱερὸν
970 2853 994 2878 οἱ

1050 930 1163 966 δεκαὲτη
1180 930 1279 964 βιώσας
1295 931 1399 966 χρόνον,
1416 931 1512 957 θᾶττον
1524 931 1568 957 τὸν
1587 930 1643 965 βίον
1657 928 1835 964 κατέστρεψε,

1050 975 1096 1001 τοῦ
1113 975 1216 1010 Κυρίου
1233 974 1328 1010 ὥσπερ
1341 975 1463 1006 ἀκάνθας
1483 975 1547 1006 τοὺς
1569 975 1686 1009 φαύλους
1699 973 1836 1000 ἀπαλλάσ-

1051 1029 1150 1053 σοντος,
1163 1022 1284 1057 κρεῖττόν
1296 1031 1322 1048 τι
1336 1023 1400 1058 περὶ
1413 1023 1461 1057 τῆς
1472 1023 1633 1058 οἰκουμένης
1648 1021 1835 1058 προνοοῦντος.

1049 1067 1125 1093 Μετὰ
1141 1068 1169 1093 δέ
1183 1067 1232 1103 τὴν
1248 1068 1330 1094 αὑτοῦ
1341 1068 1470 1104 τελευτὴν
1487 1069 1512 1095 οί
1527 1069 1595 1103 πρὸς
1604 1068 1685 1095 αὑτοῦ
1699 1067 1836 1101 πεπλανη-

1052 1113 1127 1148 μένοι
1140 1114 1248 1149 τῆς”ἀπ’
1258 1114 1340 1141 αὑτοῦ
1356 1115 1462 1150 πληγῆς
1473 1115 1522 1141 οὐκ
1533 1116 1690 1150 ἀπέσχοντο.
1699 1113 1743 1140 Ἐν
1753 1114 1837 1148 Σάμῳ

1050 1158 1104 1193 γὰρ
1119 1157 1156 1190 ὡς
1177 1159 1236 1191 θεὸς
1253 1159 1308 1193 (87)
1323 1159 1363 1185 ἔτι
1376 1159 1422 1185 καὶ
1436 1160 1475 1191 εὶς
1488 1159 1567 1195 δεῦρο
1582 1160 1707 1194 τιμᾶται.
1718 1158 1836 1192 Τέμενος

1049 1204 1103 1239 γὰρ
1117 1204 1190 1237 αὐτῷ
1207 1203 1364 1240 ἱδρύσαντες
1379 1205 1404 1231 οἱ
1420 1204 1572 1240 ἐπιχώριοι,
1587 1204 1680 1236 θυσίας
1702 1205 1749 1230 καὶ
1762 1203 1829 1229 τελεο

1049 1249 1098 1280 τὰς
1108 1249 1260 1276 ἐπιτελοῦσι
1273 1250 1342 1276 κατὰ
1353 1251 1506 1285 νεομηνίαν,
1520 1250 1628 1286 βωμοὺς
1637 1250 1664 1276 δὲ
1674 1249 1747 1284 αὐτῷ
1759 1249 1836 1285 ἕστη-

1052 1301 1112 1326 σαν,
1125 1294 1172 1320 καὶ
1186 1296 1309 1329 μουσεῖον
1331 1296 1372 1327 είς
1389 1295 1474 1331 ὄνομα
1490 1296 1572 1323 αὑτοῦ
1588 1296 1767 1331 περίπτυστον
1789 1295 1836 1322 ἀν-

1051 1340 1209 1374 εστήσαντο,
1225 1340 1255 1366 τὸ
1277 1340 1308 1375 δὴ
1325 1341 1489 1375 Ἐπιφάνους
1515 1343 1638 1376 μουσεῖον
1660 1341 1836 1376 καλούμενον.

1051 1384 1149 1412 Θύουσι
1164 1386 1219 1426 γοὰρ
1235 1386 1309 1422 αὐτῷ
1325 1388 1348 1413 οἱ
1363 1387 1539 1422 Κεφαλλῆνες
1559 1389 1599 1419 είς
1614 1387 1746 1423 τοσαύτην
1770 1387 1836 1414 πλά-

1051 1439 1099 1466 νην
1122 1430 1292 1466 ἐληλακότες,
1308 1432 1354 1458 καὶ
1379 1432 1529 1466 σπένδουσι,
1548 1433 1595 1460 καὶ
1611 1434 1639 1459 ὲν
1650 1433 1688 1468 τῷ
1704 1433 1837 1468 ἱδρυμένῳ

1051 1478 1133 1504 αὑτοῦ
1156 1479 1265 1513 τεμένει
1289 1478 1468 1514 εὐωχοῦνται·
1487 1479 1588 1515 ὕμνους
1599 1479 1627 1505 δὲ
1644 1478 1717 1514 αὑτῷ
1733 1479 1836 1514 ᾄδουσι.

1052 1523 1091 1549 Δι’
1106 1523 1257 1559 ὑπερϐολὴν
1273 1524 1302 1550 δὲ
1323 1524 1373 1559 τῆς
1394 1525 1497 1551 ἐκείνου
1514 1524 1637 1556 παιδείας
1649 1524 1793 1558 ἐγκυκλίου
1807 1532 1837 1550 τε

1053 1569 1100 1595 καὶ
1114 1569 1287 1605 Πλατωνικῆς
1306 1570 1322 1605 ἡ
1338 1570 1412 1597 πᾶσα
1428 1570 1483 1601 τοῖς
1500 1570 1710 1606 προειρημένοις
1723 1569 1794 1596 κατά
1807 1578 1837 1595 τε

1052 1614 1102 1649 τὴν
1117 1614 1221 1650 αἵρεσιν
1236 1615 1282 1641 καὶ
1297 1615 1366 1642 κατὰ
1378 1616 1427 1650 τὴν
1447 1616 1542 1651 ἐτέραν
1563 1615 1678 1650 πλάνην,
1698 1615 1769 1648 λέγω
1789 1614 1837 1649 τὴν

1052 1661 1092 1691 εἰς
1107 1660 1301 1695 εἰδωλομανίαν
1317 1661 1380 1692 τοὺς
1394 1661 1557 1696 ἐπιχωρίους
1570 1661 1716 1696 τρέψασαν,
1728 1660 1838 1694 γέγονεν

1051 1706 1099 1732 ἀπ’
1112 1706 1193 1732 αὑτοῦ
1214 1707 1315 1742 ἀπάτη.
1331 1708 1475 1734 Συνείπετο
1489 1707 1553 1741 γοῦν
1566 1705 1642 1738 οὗτος
1657 1708 1671 1734 ὁ
1688 1706 1837 1741 Ἐπιφάνης

1051 1751 1190 1787 Σεκούνδῳ
1206 1752 1252 1779 καὶ
1268 1754 1323 1784 τοῖς
1338 1753 1405 1788 ἀμφ’
1417 1753 1508 1780 αὐτόν,
1525 1753 1580 1788 Τὴν
1596 1753 1650 1788 γὰρ
1669 1752 1752 1779 αὑτοῦ
1769 1752 1838 1779 ἰοϐο-

1051 1796 1110 1823 λίαν
1130 1797 1299 1832 ἀπεμάξατο,
1316 1797 1386 1833 λέγω
1397 1799 1448 1833 τὴν
1470 1798 1520 1834 τῆς
1544 1798 1711 1834 ἐρπετώδους
1735 1797 1838 1832 φθορᾶς

1052 1843 1265 1877 περιττολογίαν.

1011 1897 1018 1921 ;
1037 1889 1163 1926 illiusque
1188 1891 1216 1918 in
1241 1899 1270 1919 se
1290 1892 1377 1925 virus,
1400 1893 1452 1920 hoc
1475 1897 1517 1921 est
1540 1893 1671 1920 imbutam
1705 1895 1837 1919 venenata

1088 1980 1124 2006 A’.
1145 1979 1280 2015 Ἰσίδωρον
1291 1979 1320 2006 δέ
1333 1980 1482 2014 φάσκουσιν
1491 1980 1547 2015 (88)
1560 1981 1588 2007 ἐν
1601 1981 1777 2016 παραινέσεσι
1789 1983 1837 2018 τῆς

1052 2024 1135 2052 αὐτοῦ
1155 2024 1303 2060 μοχθηρίας
1318 2024 1402 2051 αἴτιον
1417 2025 1590 2060 γεγενῆσθαι.
1608 2027 1639 2053 Ei
1655 2027 1682 2053 δὲ
1697 2028 1743 2053 καὶ
1757 2027 1836 2059 αὺτδς

1051 2071 1085 2097 τὰ
1099 2071 1143 2097 ἴσα
1157 2071 1274 2106 φρονῶν,
1292 2072 1339 2097 καὶ
1359 2071 1388 2103 ἐξ
1405 2071 1493 2098 αὐτῶν
1507 2071 1666 2107 ὁρμώμενος
1679 2072 1836 2107 ἐτύγχανεν,

1051 2118 1068 2152 ἧ
1087 2118 1119 2143 ἐκ
1135 2117 1286 2151 φιλοσόφων
1305 2117 1398 2152 μαθὼν
1415 2118 1607 2152 παραινετικός
1622 2127 1664 2149 τις
1690 2118 1735 2144 καὶ
1757 2119 1836 2151 αὐτὸς

1052 2162 1185 2197 ὑπῆρχεν,
1201 2162 1230 2187 οὐ
1253 2162 1324 2188 πάνυ
1341 2161 1434 2196 σαφῶς
1449 2162 1512 2196 περὶ
1526 2162 1572 2188 τοῦ
1588 2162 1723 2198 Ἰσιδώρου
1737 2164 1836 2197 γνῶναι

1050 2206 1233 2242 ἠδυνήθημεν,
1249 2205 1322 2241 Πλὴν
1343 2203 1415 2233 οὗτοι
1434 2206 1533 2238 πάντες
1552 2206 1695 2233 καττύουσι
1713 2207 1761 2242 τὴν
1777 2208 1836 2244 ἴση»,

1052 2260 1125 2287 πραγ
1129 2261 1195 2287 ματε
1200 2252 1251 2279 ίαν.

1086 2297 1198 2333 Πρῶτον
1220 2299 1269 2333 μὲν
1284 2298 1324 2324 ὅτι
1338 2297 1491 2333 ἐνομοθέτει
1502 2297 1582 2330 αὐτὸς
1594 2299 1609 2325 ὁ
1623 2298 1773 2335 Ἐπιφάνης
1791 2301 1835 2326 σὺ»,

1051 2343 1090 2378 τῷ
1119 2343 1201 2371 αὑτοῦ
1226 2344 1311 2379 πατρὶ
1334 2352 1365 2370 τε
1387 2343 1434 2371 καὶ
1447 2345 1624 2380 πρωτοστάτῃ
1642 2345 1692 2380 τῆς
1705 2345 1836 2381 αἱρέσεως

1053 2503 1227 2540 Κεφαλλῆνες
1246 2502 1317 2540 κατὰ
1336 2504 1500 2540 νουμηνίαν,
1524 2503 1661 2537 γενέθλιον
1679 2503 1836 2540 κάποθέωσιι

1053 2538 1162 2574 θύουσιν
1171 2538 1334 2574 ξἘπιφάνει,
1361 2538 1500 2574 σπένδουσί
1526 2547 1566 2570 τε,
1589 2539 1772 2574 εὐωχοῦνται,
1794 2539 1837 2565 καὶ

1053 2573 1133 2608 ὕμνοι
1147 2573 1271 2608 λέγονται
1283 2583 1289 2588 ·
1305 2573 1449 2608 ἐπαιδεύθη
1471 2574 1520 2608 μὲν
1537 2574 1612 2616 παρὰ
1636 2573 1674 2609 τῷ
1692 2575 1776 2609 πατρὶ
1792 2575 1837 2609 τήν.

1053 2617 1082 2634 τε
1103 2609 1247 2636 ἐγκύκλιον
1271 2608 1390 2636 παιδίαν.
1412 2609 1506 2634 καὶτὰ
1530 2609 1684 2636 Πλατωνοε.
1703 2614 1755 2636 etc.
1778 2608 1837 2636 Haec

1052 2617 1082 2634 τε
1103 2617 1247 2642 εγκυκλιον
1271 2617 1390 2640 παιοιαν,
1412 2617 1459 2634 και
1473 2617 1506 2634 τα
1531 2617 1684 2640 υλατωνος,
1703 2617 1755 2636 CIC.
1778 2617 1837 2636 ηδε(

1053 2643 1108 2670 ille.
1126 2645 1164 2683 _A_t
1190 2643 1364 2683 Epiphanius
1384 2651 1398 2669 a
1420 2648 1496 2678 patre
1514 2644 1720 2678 Ccpltalleuium
1742 2644 1837 2676 fuisse,

1050 2686 1103 2705 non
1120 2679 1333 2706 Alexandrinum
1349 2678 1437 2705 docet.

1067 2749 1072 2753 I
1086 2714 1141 2748 (87)
1167 2714 1219 2740 Ἐν
1232 2713 1318 2748 Σάμῳ
1334 2713 1389 2748 γὰρ
1402 2713 1443 2746 ὡς
1457 2715 1533 2745 θεός.
1560 2713 1627 2746 Qua:
1650 2719 1676 2741 et
1699 2714 1780 2742 Same
1797 2714 1837 2741 di-

1050 2754 1300 2817 wllizmcltiumque.
1317 2782 1445 2818 Sameque
1459 2787 1484 2809 et
1499 2782 1608 2810 Neritos
1625 2785 1711 2810 ardua
1728 2784 1812 2811 saxis.

1094 2818 1148 2853 (88)
1175 2818 1328 2852 Ἰσίδωρον
1344 2818 1378 2844 δὲ
1400 2818 1584 2852 φάσκουσιν.
1605 2818 1641 2845 De
1656 2819 1759 2848 Isidoro
1784 2827 1835 2847 me

1049 2853 1126 2881 mittit
1144 2854 1213 2882 idem
1233 2853 1359 2882 Clemens
1373 2853 1506 2881 Alexand.
1523 2853 1569 2880 lib.
1588 2862 1615 2882 vt
1632 2853 1732 2882 Strom.
