1961 3046
389 227 574 257 ADVERSUS
600 228 856 262 PTOLEMAITAS,

333 296 399 330 Quae
415 302 453 325 est
467 297 573 325 luci-esis
592 297 678 330 XIII,
696 298 748 324 sive
763 296 907 325 XXXIII.

260 352 281 381 Ι.
300 353 533 389 Secundusigitur
550 358 631 388 atque
645 353 799 389 Epiphanes
810 354 905 382 lsidori
920 355 1017 382 cohor-

227 400 343 428 tationes
355 400 388 427 ad
406 408 485 428 usum
505 403 587 428 sectae
602 408 659 428 sua:
669 401 863 435 opinionisque
887 405 1015 428 transtu-

227 446 327 473 lerunt.
347 445 485 473 Successit
511 445 592 481 215
616 447 650 473 iis
680 447 858 481 Ptolaemeus,
886 448 933 483 qui
952 448 1018 475 licet

227 492 420 520 Gnosticoruin
437 492 483 526 qui
503 492 541 518 ita
553 493 690 524 dicuntur,
712 493 828 521 haeresin
840 513 847 526 ,
870 501 901 520 ac
916 493 1016 522 Valen-

228 538 414 571 tinianorum,
439 545 546 564 necnon
577 541 604 564 et
634 538 750 565 aliorum
781 539 960 573 quorumdam
980 539 1016 566 sit

229 585 379 620 amplexus,
408 585 539 612 nonnulla
554 587 645 612 tamen
664 585 697 612 ad
721 593 753 612 ea
768 593 828 620 qua:
844 593 859 612 a
876 586 1015 622 magistris

226 632 367 664 hauserat,
388 632 506 666 adjecit;
524 631 604 666 cujus
626 631 707 659 etiam
732 632 843 659 nomine
864 636 1015 659 sectatores

226 677 336 712 quidam
352 676 412 712 ejus
431 677 594 712 gloriantur,
606 684 675 712 quos
685 675 847 704 Ptolemzeos
857 677 1013 716 nominant,

1030 249 1054 277 Λ

262 723 311 751 Hic
326 724 370 752 ille
387 731 450 751 cum
469 724 527 751 suis
543 723 707 750 Ptolemaeus
723 723 802 758 longe
813 723 846 751 iis
862 731 932 758 quos
947 731 1014 757 pne-

225 775 350 806 ceptores
373 769 479 802 habuit,
509 770 662 797 eruditione
693 769 831 804 praestitit,
855 773 882 796 ct
902 769 1011 796 illorum

226 817 378 844 doctrinam
395 823 492 851 magna
526 816 687 843 accessione
714 816 875 842 cumulavit.
907 815 1013 842 Etenim

227 864 291 895 Deo,
309 871 388 898 quem
404 863 441 890 illi
459 862 564 898 Bython
574 862 720 897 appellant.
736 862 942 897 conjugesduas
961 869 1015 890 ase

225 912 349 938 inventas
379 910 516 943 attribuit,
543 917 611 945 quas
638 914 665 937 et
695 909 858 937 Allectiones
891 909 1013 942 vocavit,
1030 928 1051 958 Β

225 956 423 992 Cngitationem
466 954 591 982 videlicet
622 962 653 981 ac
681 954 864 982 Voluntatem.
893 956 1014 988 Quarum

226 1003 300 1038 prior
317 1003 344 1029 in
365 1002 412 1028 illo
432 1009 540 1035 semper
559 1001 695 1028 exsistens
717 1008 749 1028 ac
772 1001 895 1036 cogitans
912 1001 1015 1036 aliquid

225 1048 401 1083 produxerit;
418 1048 502 1074 altera
513 1055 577 1074 vero
592 1051 686 1082 postea
705 1048 842 1074 recentior
854 1048 1014 1075 accesserit.

225 1095 346 1122 Primum
371 1093 454 1125 enim,
482 1093 587 1129 inquit,
614 1092 648 1120 de
675 1093 845 1128 procreanda
875 1093 1014 1129 cogitavit,

224 1141 322 1169 deimle
339 1140 434 1168 voluit.
446 1140 581 1173 Quocirca
607 1139 713 1167 duabus
748 1140 781 1168 iis
805 1139 1014 1172 Allectionibus.

225 1187 283 1215 sive
297 1186 469 1219 Virtutibus,
499 1194 562 1213 nam
591 1190 618 1213 et
644 1186 763 1213 Virtute:
788 1187 896 1214 easdem
926 1192 1017 1220 vocat,

223 1233 394 1268 Cogitatione
410 1239 441 1258 ac
455 1231 612 1263 Voluntate,
633 1231 707 1258 velut
722 1231 838 1259 invicem
852 1232 1013 1265 commistis,

225 1280 355 1316 Unigena:
368 1278 552 1312 Veritatisque
574 1285 622 1312 par
641 1282 684 1305 est
704 1281 840 1304 exortum.
867 1277 942 1311 Quas
958 1279 1016 1313 qui-

223 1329 284 1357 dem
313 1328 428 1356 duarum
463 1330 638 1362 paternarum
669 1324 855 1359 aﬂ‘ectionum,
885 1329 1014 1360 tanquam

223 1383 284 1411 quae
297 1374 383 1402 videri
399 1376 548 1408 nequeunt,
566 1371 747 1406 aspectabiles
763 1371 863 1406 ﬁguras
877 1378 909 1398 ac
927 1371 1014 1398 simu-

225 1422 299 1448 lacra
313 1420 449 1455 prodiisse
465 1418 602 1446 sentiunt:
634 1416 788 1444 Voluntatis
810 1416 914 1445 scilicet
938 1415 1015 1443 Veri-

223 1471 318 1499 tatem,
336 1465 515 1502 Cogitationis
529 1472 592 1492 vero
614 1463 739 1491 Mentem.
767 1464 805 1490 Ac
820 1470 867 1497 per
882 1462 1015 1489 Volunta-

223 1518 278 1541 tem
293 1512 402 1548 quidem
418 1508 729 1546 ingenithogitalionis
740 1508 887 1535 masculam
899 1508 1012 1543 elligiem

224 1559 374 1587 exstitisse:
385 1554 906 1592 ipsiusmetveroVoluntatisfemineam
918 1553 928 1580 Γ
929 1554 1012 1580 uisse.

227 1605 362 1633 Voluntas
389 1611 454 1639 ergo
487 1602 667 1638 Cogitationis
697 1601 857 1628 administro
884 1601 925 1627 vis
952 1600 1012 1627 fuit.
1028 1607 1049 1636 ο

227 1651 366 1687 Siquidem
394 1650 452 1677 haec
479 1649 588 1676 tametsi
614 1648 647 1675 de
681 1647 859 1682 productione
885 1646 955 1681 apud
985 1653 1014 1673 se

225 1698 369 1733 cogitaret,
386 1695 499 1722 minime
522 1697 612 1721 tamen
636 1700 685 1728 per
715 1700 743 1720 se
775 1693 861 1727 ipsam
894 1691 1015 1727 proferre

226 1744 344 1779 cogitata
360 1741 457 1777 potuit.
488 1739 541 1767 Sed
571 1743 600 1766 ut
632 1737 784 1766 Voluntatis
814 1737 854 1764 vis
887 1737 1014 1769 aceessit,

226 1795 283 1817 tum
300 1787 373 1823 quod
393 1786 528 1821 cogitabat
543 1785 681 1820 produxit.

262 1833 293 1861 ll.
309 1833 331 1861 0
347 1833 445 1861 stultas
462 1831 602 1865 anilesque
622 1829 745 1856 fabulas!
769 1827 853 1856 Nemo
879 1828 950 1856 enim
968 1828 1015 1864 qui

225 1879 365 1915 paululum
385 1877 483 1913 judicii
502 1877 610 1906 habent,
636 1883 670 1902 ne
694 1874 728 1902 de
754 1874 863 1901 homine
892 1873 1014 1908 quidem,

226 1925 324 1952 nedum
334 1923 368 1951 de
380 1923 434 1950 Deo
447 1922 596 1958 quidquam
616 1921 714 1948 audeat
733 1919 867 1954 ejusmodi
885 1924 1014 1947 statuere.

224 1971 289 1999 Mihi
305 1978 368 1998 vero
389 1970 470 1996 etiam
503 1968 638 1994 Homerus
665 1966 825 2001 prudentior
846 1965 901 1992 'illo
930 1965 1016 1992 fuisse

223 2018 341 2050 videtur,
356 2016 421 2043 dum
440 2014 584 2043 sollicitum
600 2012 706 2045 Jovem,
721 2012 850 2046 curisque
860 2010 1016 2039 confectum

223 2067 251 2091 et
264 2063 376 2095 iratum,
396 2062 550 2088 insomnem
570 2063 680 2087 noctem
697 2061 785 2094 egisse
799 2057 961 2093 descripsit,
980 2057 1014 2084 de

221 2109 379 2138 Graecorum
395 2107 517 2143 pernicie
538 2106 721 2141 cogitantem:
737 2113 800 2133 cum
813 2108 888 2132 esset
902 2108 1014 2139 rogatus

223 2164 238 2183 a
257 2154 383 2187 Thetide,
401 2158 431 2181 ut
444 2153 479 2180 ad
493 2152 679 2180 ulciscendam
691 2152 806 2179 Achillis
821 2151 950 2186 iujuriam
960 2157 1014 2177 tam

223 2210 239 2230 a
254 2202 409 2229 Graecorum
431 2199 612 2235 principibus,
626 2206 706 2234 quam
720 2197 822 2226 Grmcis
842 2198 908 2233 ipsis
919 2205 1014 2232 pinnas

223 2251 366 2284 repeteret.
399 2245 471 2272 Nihil
502 2245 574 2273 enim
611 2243 774 2272 Ptolemaeus
807 2243 841 2271 de
877 2243 924 2272 illo
963 2252 1013 2271 suo

223 2294 345 2322 omnium
379 2295 501 2327 parente,
528 2298 610 2326 quem
633 2290 749 2325 Bythum
773 2291 906 2322 nominat,
923 2290 1014 2325 aptius
1031 2287 1052 2315 D

222 2339 397 2375 excogitavit,
420 2345 502 2373 quam
522 2341 565 2365 est
585 2337 620 2364 al)
644 2337 762 2365 Homero
786 2337 819 2364 de
844 2336 910 2364 Jove
927 2336 1013 2364 confi-

222 2391 306 2414 ctum.
323 2385 376 2413 Sed
391 2384 466 2412 Jovis
488 2384 570 2419 216
583 2385 680 2419 ipsius,
709 2384 816 2419 qualern
838 2384 873 2410 ab
895 2382 1012 2411 Homero

221 2432 365 2465 didicerat,
382 2431 522 2458 notionem
547 2430 711 2458 informasse
741 2430 856 2458 videtur.
872 2430 928 2457 lmo
947 2438 1011 2458 vero

220 2483 323 2506 tantam
334 2478 368 2504 ad
381 2476 593 2512 exproniendam
602 2477 744 2504 audaciam
754 2476 926 2503 Homericum
943 2476 1010 2503 illud

220 2524 254 2551 de
264 2523 341 2556 Jove,
360 2522 517 2558 Graecisque
533 2526 716 2550 commentum
736 2522 905 2549 tolerabilius
929 2529 1010 2549 usur-

220 2574 314 2607 paret,
343 2577 425 2606 quam
457 2569 494 2597 ita
522 2569 556 2596 de
580 2569 718 2596 communi
745 2569 866 2596 omnium
894 2567 1010 2595 Domino

220 2617 384 2652 disputaret.
417 2615 470 2648 Qui
503 2615 585 2642 simul
627 2619 710 2650 atque
750 2615 851 2642 animo
885 2615 1010 2649 concepit

221 2663 334 2699 aliquid,
358 2662 450 2690 statim
479 2661 612 2697 quidquid
643 2661 760 2688 voluerit
780 2661 876 2694 cllicit;
901 2661 1009 2688 statim-

220 2718 274 2746 que
317 2716 348 2737 ac
389 2707 487 2740 voluit,
523 2707 616 2734 animo
638 2707 759 2742 concipit
802 2706 876 2742 quod
897 2706 1006 2734 voluit:

280 2810 326 2837 γρ.
341 2801 475 2829 Διάθεσιν.
491 2801 562 2827 lren.
579 2798 729 2830 Διαθέσεις.
766 2799 777 2814 ⁹
792 2797 860 2825 lren.
874 2798 890 2832 ἡ
907 2796 1038 2832 προϐολή.

253 2893 312 2929 (95)
334 2891 427 2927 Οὗτος
442 2892 548 2921 τοίνυν
560 2894 576 2920 ό
591 2891 784 2927 Πτολεμαῖος.
797 2890 871 2928 illaec
889 2898 924 2919 ex
941 2890 1051 2929 'lrenaeo

903 169 933 196 S.
953 168 1125 197 EPIPHANll

1807 171 1861 199 556

1278 231 1372 258 ΚΑΤΑ
1392 230 1649 263 ΠΤΟΛΕΜΑΙΤΩΝ,

1151 298 1392 333 Τρισκαιδεκάτη,
1408 299 1427 332 ἡ
1444 299 1493 325 καὶ
1506 298 1669 333 τριακοστὴ
1686 298 1781 332 τρίτη.

1101 356 1140 382 A'.
1152 354 1206 382 Τοῦ
1221 355 1285 391 περὶ
1300 354 1445 381 Σεκοῦνδον
1459 355 1507 381 καὶ
1521 356 1566 381 τὸν
1579 354 1763 390 ὀνομασθέντα
1783 355 1860 380 Ἐπι-

1067 401 1154 437 φάνην
1171 400 1199 434 ἐξ
1222 400 1357 437 Ἰσιδὼρου
1375 400 1424 436 τὴν
1444 401 1604 437 παραίνεσιν
1615 402 1655 432 εἰς
1676 400 1779 427 ἑαυτῶν
1793 399 1859 426 ὑπό-

1066 455 1140 474 νοιαν
1159 446 1415 482 ἀπεμπολήσαντος,
1440 446 1607 481 Πτολεμαῖος
1629 446 1790 482 διαδέχεται,
1808 445 1859 480 τῆς

1068 493 1117 528 μὲν
1142 492 1232 520 αὐτῶν
1259 493 1312 519 τῶν
1338 493 1512 528 καλουμένων
1538 492 1698 519 Γνωστικῶν
1728 492 1859 528 ὑπάρχων

1066 538 1208 574 αἱρέσεως,
1224 539 1272 565 καὶ
1285 539 1339 565 τῶν
1353 538 1423 566 κατὰ
1438 538 1613 565 Οὑαλεντῖνον
1632 539 1680 565 σὺν
1699 538 1802 574 ἑτέροις
1817 547 1860 564 τι-

1067 587 1120 618 σὶν,
1133 586 1214 622 ἕτερα
1228 585 1255 612 δὲ
1273 585 1349 622 παρὰ
1361 587 1424 618 τοὺς
1441 585 1524 612 αὐτοῦ
1543 586 1718 618 διδασκάλους
1731 585 1858 612 ὑποτιθέ-

1068 638 1158 667 μενος,
1171 629 1202 659 οὗ
1216 632 1262 659 καὶ
1279 633 1308 659 τὸ
1321 632 1406 667 ὄνομα
1420 631 1548 667 αὐχοῦσιν
1564 632 1587 659 oi
1602 631 1676 667 αὐτῷ
1693 631 1859 667 πειθόμενοι,

1065 678 1228 713 Πτολεμαῖοι
1242 678 1325 704 καλού
1330 686 1415 713 μενοι.

1101 720 1185 754 Οὗτος
1198 723 1288 749 τοίνυν
1302 724 1317 749 ὁ
1332 723 1500 759 Πτολεμαῖος
1514 723 1582 758 (95l,
1603 724 1650 750 καὶ
1667 724 1691 750 οἱ
1708 723 1755 750 σὺν
1772 723 1858 759 αὐτῷ,

1066 768 1106 795 ἔτι
1125 769 1320 805 ἐμπειρότερος
1338 769 1403 804 ἡμῖν
1430 769 1476 796 τοῦ
1495 769 1599 796 ἑαυτῶν
1615 769 1775 796 διδασκάλου
1792 778 1859 805 προ-

1065 815 1188 850 ελήλυθε,
1202 817 1234 851 τῇ
1250 814 1361 842 ἐκείνων
1376 815 1511 851 ὑφηγήσει
1521 815 1679 851 προσθήκης
1689 815 1760 848 τινὸς
1776 816 1860 852 ὑπερ-

1066 860 1147 893 ϐολὰς
1169 860 1296 898 ἐξευρών.
1317 861 1369 888 Δύο
1385 862 1439 897 γὰρ
1455 859 1532 894 οὗτος
1551 862 1684 896 συζύγους
1698 861 1738 897 τῷ
1748 862 1807 897 Θεῴ
1820 861 1860 897 τῷ

1067 907 1131 941 παρ’
1145 906 1236 938 αὐτοῖς
1261 906 1338 942 Βυθῷ
1355 907 1514 942 καλουμένῳ
1534 907 1664 942 ἐπενόησέ
1686 916 1715 933 τε
1733 907 1779 933 καὶ
1797 909 1860 943 ἐχαι

1069 952 1178 987 ρίτατο·
1205 953 1306 985 ταύτας
1320 953 1348 980 δὲ
1373 954 1420 980 καὶ
1435 953 1591 980 Διαϐέσεσιν
1616 954 1745 980 ἐκάλεσεν
1760 955 1780 985 ¹,
1797 955 1860 981 Ἕνα

1066 1000 1139 1026 νοιάν
1156 1009 1186 1026 τε
1201 1001 1248 1026 καὶ
1262 999 1372 1035 Θέλημα
1385 1007 1390 1013 ·
1406 1000 1452 1026 καὶ
1469 1000 1518 1035 τὴν
1540 1000 1588 1035 μὲν
1603 1000 1727 1027 Ἔννοιαν
1743 1000 1786 1027 ἀεὶ
1798 1008 1860 1027 συν-

1067 1046 1224 1082 υπάρξασαν
1233 1047 1261 1072 ἐν
1270 1045 1351 1081 αὐτῷ,
1360 1046 1538 1082 ἐννοουμένην
1545 1046 1623 1073 ἀεὶτό
1632 1055 1658 1073 τι
1666 1046 1858 1083 προϐαλέσθαι,

1064 1093 1095 1119 τὸ
1109 1093 1137 1119 δὲ
1162 1093 1273 1128 Θὲλημα
1295 1093 1324 1120 ἐν
1340 1092 1415 1128 αὐτῷ
1441 1093 1640 1128 ὲπιγινόμενον.
1668 1093 1779 1130 Πρῶτον
1804 1093 1860 1128 γὰρ

1066 1139 1191 1175 ὲνενοήθη
1208 1139 1366 1176 προϐαλεῖν,
1391 1138 1460 1172 εἶτα,
1477 1141 1569 1175 φησὶν,
1590 1140 1717 1176 ἠθέλησε.
1740 1140 1786 1166 Διὸ
1811 1140 1860 1167 καὶ

1065 1186 1119 1213 τῶν
1136 1186 1182 1213 δύο
1195 1187 1347 1213 Διαθέσεων
1370 1186 1482 1219 τούτων,
1497 1187 1513 1222 ἥ
1530 1188 1577 1214 καὶ
1594 1187 1741 1222 Δυνάμεων
1760 1187 1854 1223 (Δυνάο

1067 1241 1127 1268 μεις
1146 1233 1201 1268 γὰρ
1221 1233 1306 1265 αὑτὰς
1324 1233 1404 1260 πάλιν
1427 1233 1527 1268 καλεῖ),
1540 1233 1590 1267 τῆς
1609 1234 1730 1265 Ἐννοίας
1748 1233 1860 1269 καὶτῆς

1065 1279 1216 1314 Θελήσεως,
1239 1279 1309 1306 ὥστε
1327 1279 1533 1315 συγκραϐεισῶν
1555 1280 1594 1311 εἰς
1613 1280 1730 1316 ἀλλήλας
1743 1281 1776 1315 τῇ
1792 1288 1860 1315 προ-

1065 1325 1130 1361 δολῇ
1139 1326 1205 1352 ¹τοῦ
1219 1326 1388 1360 Μονογενοῦς
1402 1327 1448 1352 καὶ
1463 1326 1511 1361 τῆς
1529 1323 1680 1361 Ἀληθείας,
1692 1325 1763 1353 κατὰ
1776 1325 1858 1358 συζυ-

1064 1373 1127 1406 γίαν
1142 1372 1259 1406 ἐγένετο.
1275 1372 1408 1404 Οὖστινας
1428 1372 1530 1403 τύπους
1551 1373 1597 1399 καὶ
1613 1372 1720 1404 εἰκόνας
1741 1372 1794 1398 τῶν
1812 1371 1861 1398 δύο

1065 1417 1216 1445 Διαθέσεων
1225 1417 1272 1444 τοῦ
1286 1417 1392 1453 Πατρός
1403 1417 1542 1453 προελθεῖν
1550 1417 1603 1444 τῶν
1615 1417 1737 1453 ἀοράτων
1746 1417 1858 1452 ὁρατὰς,

1064 1462 1111 1489 τοῦ
1129 1464 1180 1498 μὲν
1203 1463 1360 1499 Θελήματος
1376 1463 1426 1498 τὴν
1455 1463 1607 1498 Ἀλήθειαν,
1622 1464 1671 1500 τῆς
1691 1463 1719 1490 δὲ
1740 1463 1861 1496 Ἐννοίας

1064 1509 1109 1535 τὸν
1124 1509 1205 1541 Νοῦν1
1220 1509 1267 1535 καὶ
1278 1509 1322 1536 διὰ
1336 1508 1491 1536 τούτου·τοῦ
1507 1508 1665 1545 Θελήματος
1678 1510 1692 1535 ὁ
1706 1509 1755 1544 μὲν
1770 1509 1859 1544 ἄρρην

1064 1554 1146 1582 εἰκὼν
1160 1555 1209 1591 τῆς
1220 1556 1367 1591 ἀγεννήτου
1388 1556 1506 1588 Ἐννοίας
1517 1556 1637 1591 γέγονεν,
1649 1556 1663 1582 ὸ
1675 1555 1703 1581 δὲ
1716 1554 1797 1590 θῆλυς
1810 1553 1859 1580 τοῦ

1066 1602 1232 1637 Θελήματος.
1254 1602 1291 1628 Τὸ
1310 1601 1421 1638 Θέλημα
1435 1602 1525 1629 τοίνυν
1549 1601 1662 1637 δύναμις
1681 1601 1787 1635 ἐγένετο
1807 1601 1858 1636 τῆς

1072 1648 1199 1680 Ἐννοίας.
1221 1647 1335 1674 Ἐνενόει
1349 1648 1398 1683 μὲν
1412 1647 1466 1684 γὰρ
1516 1643 1626 1674 Ἐννοια
1643 1647 1693 1682 τὴν
1708 1647 1858 1683 προϐολήν

1064 1693 1094 1720 οὺ
1110 1694 1159 1729 μέν
1173 1703 1199 1720 τι
1214 1693 1360 1730 προϐαλεῖν
1375 1694 1443 1730 αὺτὴ
1459 1694 1519 1721 καθ’
1535 1693 1633 1729 ἑαυτὴν
1660 1693 1776 1728 ἠδύνατο
1786 1692 1804 1720 ἃ
1816 1694 1856 1719 ἐν·

1064 1740 1144 1768 ενόει.
1165 1739 1229 1767 Ὅτε
1248 1740 1277 1767 δὲ
1299 1741 1316 1776 ή
1336 1739 1383 1767 τοῦ
1397 1740 1554 1777 Θελήματος
1571 1740 1685 1775 δύναμις
1705 1739 1861 1774 ἐπεγένετο,

1064 1786 1125 1812 τότε
1140 1785 1154 1812 ὃ
1171 1785 1271 1812 ἐνενόει
1290 1786 1436 1822 προέϐαλε.

1099 1833 1137 1859 B'.
1153 1833 1209 1859 Καὶ
1225 1832 1277 1867 φεῦ
1300 1833 1350 1868 τῆς
1367 1832 1496 1868 τοιαύτης
1510 1832 1557 1859 τοῦ
1576 1832 1773 1868 ματαιὸφρονος
1795 1831 1862 1867 ληρ-

1065 1879 1163 1914 ῳδίαςῐ
1182 1879 1267 1905 Τοῦτο
1281 1879 1336 1914 γὰρ
1358 1879 1408 1906 οὐκ
1418 1879 1451 1906 ἂν
1459 1880 1520 1906 οὐδὲ
1534 1880 1581 1906 ἐπὶ
1594 1879 1737 1916 ἀνθρώπου
1754 1879 1786 1905 λα
1791 1878 1862 1914 96d-

1065 1933 1136 1952 νοιτο
1148 1925 1225 1962 παρά
1236 1934 1288 1952 τινι
1301 1925 1355 1952 τῶν
1369 1925 1485 1960 ἐχόντων
1498 1926 1659 1962 ἐρρωμένην
1670 1925 1719 1961 τὴν
1730 1925 1860 1957 διάνοιαν,

1066 1971 1165 2006 μήτιγε
1184 1971 1231 1997 ἐπὶ
1257 1971 1335 1997 Θεοῦ.
1356 1972 1436 1998 Δοκεῖ
1450 1971 1479 1998 δέ
1498 1980 1542 2007 μοι
1557 1971 1761 2008 φρονιμώτερος
1776 1971 1862 1998 αὐτοῦ

1065 2017 1198 2052 ὑπάρχειν
1210 2017 1343 2052 Ὄμηρος,
1358 2017 1387 2044 ὲν
1401 2017 1440 2053 τῷ
1452 2017 1497 2044 τὸν
1508 2017 1557 2044 Δία
1572 2017 1699 2052 φροντίδα
1710 2018 1775 2053 παρ’
1786 2016 1863 2052 αὐτῷ

1066 2063 1226 2099 ποιούμενον
1246 2063 1462 2099 ἀναγράφεσθαι,
1481 2064 1657 2100 μεριμνῶντά
1670 2073 1700 2091 τε
1718 2065 1765 2092 καὶ
1780 2064 1864 2100 χαλε-

1065 2110 1197 2137 παίνοντα
1221 2109 1268 2136 καὶ
1291 2109 1393 2137 ἄῦπνον
1417 2110 1562 2146 παννύχιος
1583 2109 1808 2142 διατετελεκότα,
1831 2111 1863 2137 τὸ

1065 2156 1124 2188 πῶς
1138 2158 1194 2187 τοῖς
1214 2156 1332 2190 Ἀχαιοῖς
1356 2156 1556 2189 ἐπιϐουλεύσει,
1580 2157 1631 2192 τῆς
1651 2156 1760 2188 Θέτιδος
1778 2156 1862 2184 αὑτὸν

1064 2202 1230 2238 ἁξιωσάσης,
1251 2204 1292 2235 εἰς
1310 2202 1340 2229 τὸ
1363 2202 1442 2238 δίκην
1466 2203 1541 2229 τῖσαι
1564 2203 1628 2233 τοὺς
1648 2201 1703 2228 τῶν
1725 2201 1863 2237 Ἐλλήνων

1065 2246 1195 2282 ἐξάρχους
1210 2256 1239 2274 τε
1259 2247 1306 2274 καὶ
1326 2247 1425 2278 αὐτοὺς
1434 2247 1497 2278 τοὺς
1509 2246 1654 2281 Ἕλληνας,
1667 2245 1711 2272 διὰ
1724 2246 1774 2281 τὴν
1791 2245 1862 2281 πρὸς

1065 2294 1111 2320 τὸν
1125 2294 1247 2328 Ἀχιλλέα
1260 2293 1348 2330 ὓϐριν.
1361 2293 1444 2321 Οὐδὲν
1454 2293 1507 2329 γὰρ
1522 2289 1600 2325 οὗτος
1613 2293 1627 2319 ὁ
1636 2292 1802 2328 Πτολεμαῖος
1819 2293 1861 2325 εἰς

1065 2339 1144 2373 δόξαν
1156 2339 1202 2366 τοῦ
1216 2340 1282 2376 παρ’
1298 2339 1381 2366 αὑτοῦ
1401 2339 1507 2374 Πατρος
1520 2339 1574 2366 τῶν
1590 2339 1669 2371 ὅλων,
1684 2339 1730 2365 τοῦ
1743 2338 1791 2365 καὶ
1805 2339 1860 2365 Βυ-

1066 2385 1113 2412 θοῦ
1130 2385 1308 2420 καλουμένου,
1325 2385 1508 2421 εὐλογώτερον
1521 2385 1575 2412 τῶν
1588 2385 1664 2420 παρὰ
1685 2384 1804 2420 Ὀμήρου
1819 2385 1861 2416 είς

1064 2433 1110 2459 τὸν
1123 2433 1172 2460 Δία
1185 2432 1336 2469 εἰρημένων
1347 2432 1502 2468 ἐπενόησεν.
1527 2432 1596 2458 Ἀλλ’
1611 2431 1691 2458 αὐτὸν
1711 2432 1860 2467 κατείληφε

1066 2478 1166 2514 μᾶλλον
1185 2478 1231 2506 τὸν
1255 2479 1313 2511 Δία,
1335 2478 1374 2510 ὡς
1396 2478 1472 2514 παρὰ
1488 2479 1610 2514 Ὀμήρου
1630 2477 1720 2504 λαϐὼν
1731 2478 1782 2512 τὴν
1795 2478 1862 2504 Ἔν-

1064 2533 1149 2551 νοιαν.
1166 2525 1275 2552 Μᾶλλον
1297 2527 1351 2560 γὰρ
1372 2525 1420 2560 τὴν
1443 2525 1596 2560 Ὁμηρικὴν
1616 2523 1768 2559 κατάληψιν
1793 2525 1860 2560 περὶ

1063 2569 1124 2601 Διὸς
1139 2570 1186 2596 καὶ
1208 2570 1324 2605 Ἀχαιῶν
1336 2570 1448 2601 εἰκότως
1468 2570 1501 2597 ἂν
1520 2570 1642 2605 φήσειεν,
1662 2569 1711 2605 τὴν
1723 2569 1859 2604 τοσαύτην

1064 2616 1145 2641 αὑτοῦ
1159 2616 1262 2651 τόλμαν
1278 2615 1421 2651 ὲξεμέσας,
1438 2615 1454 2651 ἢ
1471 2617 1535 2651 περὶ
1549 2615 1597 2642 τοῦ
1613 2615 1667 2642 τῶν
1679 2615 1748 2642 ὅλων
1759 2615 1860 2642 Δεσπό-

1063 2669 1109 2687 του
1120 2669 1126 2675 ·
1137 2661 1165 2693 ὃς
1183 2662 1240 2696 ἅμα
1259 2661 1297 2696 τῷ
1313 2660 1442 2696 νοηθῆναι
1458 2662 1505 2688 καὶ
1524 2661 1740 2688 ἐπιτετελεκέναι
1755 2661 1766 2677 ³
1781 2661 1857 2687 τοῦθ’

1062 2706 1131 2742 ὅπερ
1153 2706 1280 2741 ἠθέλησε,
1302 2707 1349 2734 καὶ
1374 2707 1432 2741 ἅμα
1454 2707 1494 2742 τῷ
1516 2707 1629 2743 θελῆσαι
1653 2707 1702 2734 καὶ
1724 2708 1856 2735 ἐννοεῖται

1077 2795 1088 2811 ³
1100 2794 1130 2822 F.
1145 2796 1318 2822 ἐπιτετέλεκε

1066 2889 1100 2920 ad
1111 2888 1379 2927 verbum‘descripta
1395 2891 1470 2923 sunt,
1485 2887 1534 2916 lib.
1551 2894 1647 2925 i,_cap.
1663 2888 1690 2916 6.
