1961 3046
83 162 140 191 οδτ

445 164 463 190 Λ
470 162 630 191 DVERSI'S
649 160 824 190 HIERESES
843 160 887 188 LII

943 181 950 188 .
971 161 1055 189 ΤΟΜ.
1077 161 1110 190 Il.
1131 177 1165 182 —
1179 162 1313 190 ILERES.
1330 162 1447 191 XXXIII.

1673 162 1725 192 558

83 222 162 248 τοῦθ’
178 222 247 257 ὅπερ
261 221 308 248 καὶ
325 221 451 257 ἠθέλησε,
467 222 547 248 τοῦτο
560 222 734 257 ὲννοοῡμενος
749 221 763 247 δ
777 221 830 253 καὶ,
840 219 884 246 θέ-

938 227 967 246 ac
983 224 1040 247 tum
1053 221 1177 256 cogitans
1191 229 1252 248 cum
1279 222 1338 248 vult
1359 223 1508 257 volensque
1527 228 1590 248 cum
1612 222 1724 255 cogitat.

88 269 132 293 λει
146 269 167 298 ',
181 267 228 294 καὶ
242 267 302 296 τότε
325 267 410 294 θέλων
423 268 466 294 ὅτε
492 268 633 299 ἐννοεῖται,
647 267 707 299 ὅλος
724 267 813 294 ἔννοια
836 265 884 297 ὢν,

87 313 151 345 ὅλος
169 312 359 348 θέλημα,.ὅλος
376 313 449 344 νοῦς,
473 313 533 345 ὅλος
550 313 700 348 ὀφθαλμὸς,
718 312 778 344 ὅλος
805 311 885 347 ἀκοὴ,

87 359 150 391 ὅλος
163 359 239 395 πηγὴ
261 359 370 386 πάντων
386 360 439 386 τῶν
461 359 581 394 ἀγαθῶν,
601 359 648 385 καὶ
663 359 770 390 οὐδενὸς
792 359 887 384 ἰσοπα-

88 405 155 437 θοῦς
170 407 180 421 ¹
195 406 362 441 περιέχεται.
383 406 450 438 Θεὸς
468 406 534 441 γὰρ,
554 405 601 432 καὶ
615 406 646 432 οὐ
661 405 820 441 φροντίζων,
839 405 886 431 καὶ

88 451 202 487 ἀπορῶν
214 452 252 483 ὡς
261 451 357 484 Βυοὸς,
371 453 430 488 ἦτοι
441 453 454 478 ὁ
465 452 542 484 Ζεὺς,
555 453 619 488 περὶ
628 449 659 479 οὗ
668 451 782 486 λέγοντα
796 449 886 486 ’Όμη-

90 506 139 532 ρον
155 498 321 534 Πτολεμαῖος
333 499 398 534 περὶ
412 498 499 525 Βυθοῦ
517 498 605 532 λέγων
617 498 781 533 ἐμιμήσατο.
800 497 846 528 Εἰς
858 497 886 523 δὲ

89 545 286 580 περισσότερον
301 545 412 580 ἔλεγχον
424 544 471 571 τοῦ
485 544 641 576 ἀπατεῶνος
660 544 721 571 καθ’
739 544 802 578 ἑξῆς
818 543 885 570 ὑπο-

88 591 186 623 τάξας,
204 591 399 626 παραθήσομαι
414 591 449 617 τὰ
463 591 509 617 ὑπ’
523 590 606 617 αὐτοῦ
626 589 705 623 φύσει
718 589 886 625 Πτολεμαίου

88 637 189 672 Φλὼρᾳ
200 638 252 664 τινὶ
267 638 377 671 γυναικὶ
391 637 542 673 γραφέντα,
558 636 691 671 ἐπαγωγά
700 645 729 662 τε
746 636 793 662 καὶ
805 635 882 671 δηλη-

88 684 175 720 τήρια
193 684 313 720 ῥήματα,
335 683 379 710 ἵνα
397 684 433 719 μή
448 692 490 714 τις
506 683 641 718 νομίσειεν
664 683 738 718 ἡμᾶς
752 681 781 714 ἐξ
801 682 885 716 ἀκοῆς

91 731 173 765 μόνον
186 731 231 757 τὸν
243 730 392 757 ἀπατεῶνα
409 730 542 765 ἐλέγχειν,
560 730 597 765 μὴ
616 729 747 765 πρότερον
761 729 885 763 ἐντυχόν-

89 786 140 808 τας
153 778 186 812 τῇ
198 777 263 812 παρ’
275 776 357 803 αὑτοῦ
370 785 546 812 παραπεποιη
552 775 619 811 μένῃ
632 774 800 810 διδασκαλίᾳ,
813 773 885 810 Πρὸς

88 825 147 858 γὰρ
163 824 218 854 τοῖς
232 823 389 859 εἰρημένοις
407 823 454 849 καὶ
473 821 519 849 τὸν
541 822 622 857 νόμον
635 821 681 848 τοῦ
699 821 766 847 Θεοῦ
779 821 825 847 τίιν
842 820 886 848 διὰ

91 869 233 901 Μωῦςέως
260 868 429 905 βλασφημῶν
446 869 498 895 οὐκ
518 867 693 903 αἰσχύνεται·
723 867 740 893 ἃ
755 867 802 894 καὶ
828 866 885 893 ἐστι

90 916 191 945 ταῦτα·

276 972 461 1006 Πτολεμαίου
474 970 549 1004 πρές
562 969 697 1004 Φλώραν.

128 1017 165 1045 Γ’.
184 1017 236 1044 Τὺν
250 1017 294 1044 διὰ
311 1018 450 1049 Μιυῦσεως
471 1017 581 1043 τεθέντα
600 1017 691 1051 νόμον,
711 1015 812 1052 ἀδελφή
835 1024 885 1050 μου

92 1063 162 1100 καὶὴ
188 1063 296 1098 ψλὼρα,
325 1065 366 1090 ὃτι
385 1063 423 1098 μὴ
436 1063 528 1090 πολλοὶ
549 1062 792 1099 προκατελάϐοντο,
818 1063 887 1098 μήτε

96 1109 137 1135 τὴν
156 1109 281 1145 θεμέλιον
296 1108 377 1136 αὑτὸν
396 1108 558 1142 ἐγνωκότες,
576 1109 644 1144 μήτε
658 1108 708 1140 τὰς
725 1108 886 1144 προστάξεις

93 1155 193 1187 αὐτῶν,
209 1155 330 1190 ἀκριϐῶς
342 1154 462 1190 ἡγοῦμαι
475 1155 523 1181 καὶ
541 1155 583 1181 σοι
598 1154 761 1181 εὐσύνοπτον
776 1154 885 1181 ἔσεσθαι

93 1202 232 1238 μαθούσης
244 1203 255 1218 ⁸
271 1203 321 1235 τὰς
339 1203 527 1238 ὁιαφωνοὺσας
538 1203 650 1239 γνώμας
664 1204 729 1239 περὶ
742 1203 836 1231 αὐτοῦ.
854 1203 886 1230 υἱ

93 1248 143 1283 μὲν
159 1249 216 1284 γᾶρ
230 1248 283 1275 ὑπὸ
306 1248 353 1275 τοῦ
375 1249 443 1275 θεοῦ
462 1250 508 1276 καὶ
528 1249 635 1285 [Ιατρὸς
658 1249 886 1284 νενομοθετῆσθαι

90 1295 196 1326 τούτοις
207 1294 346 1328 λέγουσιν·
363 1294 450 1330 ἕτεροι
467 1294 495 1321 δὲ
511 1294 615 1326 τούτοις
632 1294 680 1330 τὴν
694 1293 817 1321 ἐναντίαν
828 1294 886 1320 ὁδὸν

91 1340 252 1376 τραπέντες,
274 1341 326 1367 ὑπο
341 1340 387 1367 τοῦ
406 1340 595 1375 ἀντικειμένου
619 1340 778 1376 φθοροποιοῦ
793 1340 886 1367 διαϐό-

91 1387 138 1413 λου
154 1386 290 1413 τεθεῖσθαι
315 1386 409 1413 τοῦτον
433 1386 625 1422 ἰσχυρίζονται,
648 1386 686 1418 ὡς
701 1387 749 1413 καὶ
772 1386 821 1422 τὴν
838 1385 886 1413 τοῦ

92 1434 197 1468 κόσμου
223 1433 426 1466 προσάπτουσιν
451 1432 527 1468 αὐτῷ
550 1433 749 1469 δημιουργίαν,
774 1432 886 1468 Πατέρα

92 1481 140 1506 καὶ
169 1479 288 1515 Ποιητὴν
309 1479 403 1506 τοῦτον
432 1479 557 1513 λέγοντες
583 1477 661 1506 εἶναι.
681 1479 766 1506 Τοῦτο
787 1479 815 1506 δὲ
838 1478 885 1505 τοῦ

93 1523 195 1555 παντὸς
205 1523 363 1550 διέπταισαν
377 1519 450 1550 οὗτοι
465 1523 599 1555 διαδόντες
615 1523 750 1559 ἀλλήλοις.
765 1524 811 1550 καὶ
823 1523 886 1550 ἑκά-

935 265 1070 294 Nimirum
1091 272 1165 295 totus
1186 269 1244 303 ipse
1263 269 1392 303 cogitatio
1411 273 1464 301 est,
1492 272 1567 296 totus
1586 268 1723 298 voluntas.

936 315 1011 340 totus
1027 320 1115 344 mens,
1133 318 1207 340 totus
1221 314 1323 345 lumen,
1341 318 1414 341 totus
1433 315 1540 345 oculus,
1553 318 1627 342 totus
1646 313 1725 341 audi-

937 363 990 389 lus.
1006 363 1078 387 totus
1097 360 1230 387 bonorum
1254 361 1376 387 omnium
1399 360 1471 391 fons,
1497 367 1666 395 prorsusque
1690 359 1724 386 ab

936 405 1010 432 omni
1033 406 1238 440 perturbatione
1259 411 1397 439 remotus;
1421 414 1474 434 non
1502 406 1649 438 sollicitus,
1668 413 1724 433 non

937 451 1046 483 anxius,
1069 451 1141 479 velut
1155 451 1259 487 Bythus
1279 453 1335 485 ille,
1355 452 1397 479 vel
1419 451 1536 487 Jupiter.
1545 452 1579 479 de
1591 459 1646 487 quo
1662 458 1724 486 quin

937 497 971 524 ab
987 497 1103 525 Homero
1128 498 1229 533 scripta
1253 503 1328 530 sunt,
1353 497 1515 525 Ptolemmus
1547 497 1580 525 ad
1607 497 1723 533 Bythum

936 543 1087 570 transtulit.
1097 543 1185 578 Atque
1195 548 1223 570 ut
1238 543 1458 578 improbissimus
1473 543 1631 579 hicplanius
1639 543 1726 578 magis

936 589 1078 624 magisque
1098 590 1246 621 refellatur.
1265 590 1342 625 juvat
1370 590 1423 617 hoc
1447 591 1508 617 loco
1532 597 1564 617 ea
1577 589 1724 624 subjicere,

937 643 998 670 qua:
1019 634 1053 662 ad
1077 634 1185 662 Floram
1215 637 1358 671 quamdam
1392 636 1579 664 mulierculam
1603 635 1726 671 scripsit,

939 681 1016 715 plena
1034 681 1079 707 illa
1098 681 1206 716 quidem
1239 683 1374 710 illecebra:
1396 682 1428 709 ad
1446 681 1676 718 persuadendum,
1693 689 1726 708 ac

939 726 1079 761 pestifera,
1096 735 1130 754 ne
1145 729 1208 762 quis
1220 728 1333 756 forsitan
1350 733 1436 764 putet,
1454 737 1496 756 me
1510 737 1542 756 ex
1558 728 1651 755 auditu
1668 728 1727 755 solo

938 777 1034 799 contra
1054 774 1215 802 nebulonem
1240 774 1312 801 hunc
1332 775 1431 809 egisse.
1448 775 1609 809 nullumque
1628 774 1724 808 depra-

936 824 1005 846 vatae
1020 820 1080 854 ejus
1095 821 1228 848 dootrime
1244 821 1389 857 vestigium
1410 826 1490 848 antea
1517 821 1678 856 pervidisse.
1695 819 1727 846 Et

937 865 1044 900 quidem
1055 871 1152 900 pneter
1159 874 1188 894 ca
1198 875 1258 902 qua:
1265 867 1543 899 diximusMosaieam
1552 867 1633 894 etiam
1642 867 1727 902 legem

901 901 922 929 Β
938 911 1088 938 maledictis
1097 901 1219 940 incessit.
1230 912 1276 940 Est
1287 917 1377 940 autem
1390 913 1525 947 ejusmodi
1535 913 1591 940 haec
1600 913 1726 948 epistola.

1110 968 1247 997 Plolema'i
1269 971 1304 997 ad
1322 969 1432 998 Florum
1451 971 1572 1005 epistola.

946 1020 950 1024 '
972 1013 1014 1042 ΙΙΙ.
1029 1014 1126 1050 Legem
1147 1016 1221 1042 illam
1240 1024 1300 1051 qua:
1317 1024 1332 1042 a
1347 1016 1420 1044 Mose
1449 1016 1549 1043 tradita
1567 1021 1620 1048 est,
1647 1015 1726 1044 Flora

937 1068 1017 1088 soror
1029 1062 1232 1095 amantissima,
1242 1071 1330 1098 neque
1347 1067 1517 1098 perspectam
1531 1063 1623 1090 haberi
1632 1071 1727 1098 quam-

937 1108 1082 1142 plurimos,
1100 1117 1189 1144 neque
1212 1110 1274 1144 ejus
1295 1110 1369 1138 velut
1397 1110 1574 1137 fundamenta
1592 1111 1633 1138 vel
1658 1118 1727 1145 prae-

937 1155 1037 1189 scripta
1056 1162 1232 1190 cognoscere,
1244 1156 1324 1183 facile
1338 1160 1365 1183 te
1377 1157 1577 1184 intellecturam
1586 1157 1726 1188 existimo,

936 1202 958 1227 si
974 1208 1055 1236 quam
1071 1201 1153 1228 varize
1169 1201 1203 1229 de
1214 1202 1259 1228 illa
1276 1203 1331 1230 sint
1345 1203 1489 1238 opiniones
1503 1203 1643 1230 didiceris.
1657 1202 1727 1230 Sunt

936 1247 1009 1274 enim
1021 1247 1068 1282 qui
1083 1247 1157 1274 illam
1171 1254 1187 1273 a
1202 1246 1257 1274 Deo
1279 1252 1375 1283 putant
1390 1256 1422 1275 ac
1436 1249 1515 1277 Patre
1527 1249 1611 1277 fuisse
1624 1249 1728 1277 consti-

936 1296 1036 1321 tutam.
1046 1293 1097 1320 Alii
1107 1293 1274 1320 contrariam
1291 1294 1362 1320 viam
1376 1294 1502 1330 ingressi,
1513 1295 1548 1323 ab
1558 1295 1618 1330 ejus
1629 1295 1728 1323 aemulo

936 1339 1042 1366 nefario
1053 1339 1176 1367 daemone
1187 1339 1269 1367 latam
1287 1340 1434 1370 aﬂirmant.
1455 1349 1469 1368 ιι
1485 1349 1540 1377 quo
1552 1346 1578 1369 et
1595 1342 1726 1369 mundum

937 1384 1099 1412 fabricatum
1126 1390 1264 1417 asserunt,
1295 1390 1323 1412 et
1346 1386 1470 1414 eumdem
1498 1387 1673 1416 Conditorem
1694 1396 1726 1416 ac

936 1430 1046 1458 Patrem
1070 1439 1133 1459 esse
1161 1430 1302 1459 dictitant.
1324 1432 1425 1460 Verum
1448 1434 1498 1465 illi,
1522 1435 1568 1469 qui
1592 1435 1728 1469 ejusmodi

937 1477 1064 1513 dogmata
1078 1478 1130 1505 sibi
1148 1479 1265 1506 invicem
1285 1480 1535 1512 eommunicarunt,
1553 1481 1728 1508 vehementer

937 1526 1095 1554 hallucinati
1113 1531 1186 1560 sunt,
1209 1528 1279 1554 etab
1295 1535 1327 1554 eo
1347 1535 1427 1562 quem
1442 1529 1492 1556 sibi
1515 1532 1726 1563 proposuerant,

91 1578 166 1605 τεροι
190 1569 279 1596 αὐτῶν
302 1569 497 1605 διαμαρτόντες
516 1569 593 1605 παρὰ
615 1569 704 1604 σφίσιν
727 1571 819 1603 αὐτοῖς
836 1571 886 1606 τῆς

939 1579 1023 1607 scopo
1038 1573 1160 1600 veritatis
1167 1573 1340 1601 aberrarunt.
1356 1574 1421 1601 Nam
1435 1583 1485 1602 nec
1502 1583 1517 1602 a
1534 1575 1657 1610 perfecto
1671 1574 1726 1603 Deo

92 1614 140 1641 τοῦ
158 1615 339 1650 προκειμένου
354 1614 483 1650 ἀληθείας
493 1622 499 1628 '
514 1614 575 1641 οὔτε
591 1615 646 1651 γὰρ
662 1616 714 1642 ὑπὸ
727 1616 774 1642 τοῦ
785 1616 887 1643 τελείου

92 1660 162 1687 Θεοῦ
181 1661 229 1687 καὶ
242 1661 349 1696 Πατρὸς
365 1661 490 1696 φαίνεται
508 1661 602 1688 τοῦτον
621 1661 773 1689 τεθεῖσθαι·
788 1662 888 1698 ἑπόμε-

92 1716 139 1739 νος
156 1707 234 1742 ιγάρ
258 1708 347 1733 ἐστιν*
362 1707 444 1743 ἀτελῆ
460 1716 490 1733 τε
515 1707 591 1740 ὂντα,
612 1709 660 1734 καὶ
683 1708 731 1735 τοῦ
757 1709 887 1744 σφετέρου

93 1754 273 1790 πληρωθῆναι
290 1754 346 1789 (96)
362 1754 449 1789 ἐνδεῆ,
470 1754 565 1790 ἔχοντα
581 1763 613 1781 τε
636 1755 797 1795 προστάξεις
814 1756 887 1783 ἀνοι-

94 1801 171 1832 κείας
182 1802 215 1836 τῇ
230 1800 277 1826 τοῦ
290 1800 410 1826 τοιούτου
423 1800 491 1827 Θεοῦ
507 1801 586 1836 φύσει
601 1809 631 1827 τε
647 1801 694 1828 καὶ
704 1801 815 1838 γνώμῃ·
832 1801 888 1828 οὔτ’

94 1845 128 1873 αὖ
149 1846 230 1873 πάλιν
243 1847 276 1881 τῇ
301 1845 349 1873 τοῦ
374 1847 564 1882 ἀντικειμένου
587 1847 680 1883 ἀδικίᾳ
701 1848 783 1883 νόμον
802 1856 888 1883 προσ-

95 1894 191 1920 άπτειν
207 1894 218 1908 ⁸
233 1893 336 1920 ἀδικεῖν
355 1893 506 1929 αἱροῦντος,
535 1894 589 1920 τῶν
603 1903 633 1920 τε
651 1894 715 1929 ἑξῆς
730 1895 756 1921 τί
772 1895 810 1930 μὴ
827 1903 888 1921 συν-

95 1940 223 1975 ορώντων
239 1939 274 1966 τὰ
286 1939 339 1966 ὑπὸ
348 1939 396 1966 τοῦ
406 1940 531 1976 Σωτῆρος
547 1941 689 1976 εἰρημένα.
708 1941 787 1967 Οἰκία
798 1941 852 1977 γὰρ
870 1940 887 1977 ἢ

95 1985 173 2016 πόλις
189 1984 350 2020 μερισθεῖσα
362 1985 404 2019 ἐφ’
418 1985 528 2021 ἑαυτὴν,
543 1986 585 2012 ὅτι
602 1986 639 2022 μὴ
653 1985 765 2013 δύναται
781 1987 887 2022 στῆναι,

94 2032 110 2058 ὁ
124 2031 219 2066 Σωτὴρ
241 2030 323 2065 ἡμῶν
339 2031 506 2066 ἀπεφήνατο.
522 2032 582 2058 Ἔτι
600 2040 631 2066 γε
652 2032 701 2068 τὴν
717 2032 764 2058 τοῦ
784 2033 887 2068 κόσμου

95 2075 274 2112 δημιουργίαν
286 2075 354 2102 ἰδίαν
378 2076 451 2110 λέγει
469 2073 537 2102 εἶναι
553 2077 571 2103 ἆ
583 2085 612 2102 τε
629 2076 639 2092 ⁶
653 2077 742 2104 πάντα
751 2077 785 2103 δι’
806 2078 888 2104 αὑτοῦ

96 2123 247 2157 γεγονέναι,
272 2123 320 2149 καὶ
341 2123 425 2158 χωρὶς
451 2123 532 2149 αὑτοῦ
553 2124 664 2158 γέγονεν
685 2123 770 2155 οὐδὲν,
791 2125 805 2150 ὁ
820 2124 888 2150 ἀπο-

98 2169 190 2200 στολος
203 2170 447 2204 προαποστερήσας
458 2169 514 2204 (97)
525 2169 574 2204 τὴν
585 2169 638 2196 τῶν
648 2170 889 2205 ψευδηγορούντων

96 2215 282 2242 ἀνυπόστατον
303 2215 411 2250 σοφίαν,
429 2215 476 2242 καὶ
490 2215 520 2241 οὐ
542 2215 703 2251 φθοροποιοῦ
722 2215 800 2247 Θεοῦ,
820 2216 888 2243 ἀλλὰ

96 2260 199 2287 δικαίου
213 2261 261 2288 καὶ
282 2261 475 2297 μισοπονήρου.
499 2262 687 2297 Ἀπρονοήτων
706 2262 734 2289 δέ
754 2263 826 2289 ἐστιν
841 2264 888 2290 ἀν-

98 2305 213 2340 θρώπων
236 2307 285 2341 τῆς
308 2306 436 2342 προνοίας
460 2306 506 2333 τοῦ
534 2307 706 2343 Δημιουργοῦ
735 2308 772 2344 μὴ
798 2309 887 2336 αἰτίαν

97 2351 322 2387 λαμϐανομένων,
345 2353 392 2380 καὶ
410 2353 447 2389 μὴ
466 2353 545 2389 μόνον
564 2353 594 2381 τὸ
610 2354 660 2389 τῆς
683 2354 772 2390 ψυχῆς
799 2356 887 2391 ὖμμα,

98 2397 166 2424 ἀλλὰ
183 2398 230 2424 καὶ
247 2398 278 2424 τὸ
292 2398 340 2424 τοῦ
358 2397 484 2434 σώματος
505 2400 724 2435 πεπηρωμένων,
743 2397 822 2427 Οὗτοι
839 2402 888 2437 μὲν

98 2441 145 2470 οὖν
161 2444 200 2476 ὡς
219 2444 423 2481 διημαρτήκασι
439 2446 489 2481 τῆς
509 2446 648 2482 ἀληθείας.
663 2447 742 2483 δῆλόν
758 2448 799 2474 σοί
815 2449 888 2475 ἐστιν

99 2490 131 2516 ἐκ
142 2489 197 2516 τῶν
211 2491 373 2526 εἰρημένων.
393 2491 545 2518 Πεπόνθασι
561 2492 590 2519 δὲ
603 2492 682 2519 τοῦτο
705 2493 775 2525 ἰδίως
791 2494 887 2521 ἑκάτε-

102 2544 146 2571 ρος
157 2536 259 2568 αὐτῶν,
275 2537 300 2563 οί
313 2537 362 2572 μὲν
373 2537 417 2564 διὰ
431 2537 462 2563 τὸ
475 2538 582 2572 ἀγνοεῖν
594 2538 640 2564 τὸν
654 2538 704 2574 τῆς
714 2539 886 2576 δικαιοσύνης

135 2615 143 2629 ¹
159 2612 230 2640 lren.
243 2614 304 2640 τότε
319 2615 387 2641 ἐννο.
402 2615 446 2641 ὅτε
464 2614 543 2641 θέλει.
584 2617 593 2631 ²
610 2615 638 2642 F.
656 2616 721 2643 εἵσω
736 2616 848 2649 πάθους.

99 2649 134 2675 τὰ
148 2657 189 2676 τε.
227 2650 237 2664 ⁷
255 2649 347 2676 Matth.
364 2658 412 2682 xu,
427 2650 471 2677 25.
511 2651 521 2666 ⁸
537 2650 614 2678 Joan.
632 2659 651 2683 I,
665 2652 690 2678 5.

135 2728 191 2763 (96)
211 2727 266 2769 ιςαὶ
286 2729 340 2756 τοῦ
360 2729 507 2770 σφετέρου
522 2731 726 2770 πληρωθῆναι.
745 2731 891 2770 Uteunque

102 2771 200 2801 sensus
218 2765 305 2801 iisrex
325 2765 491 2801 verbisferui
505 2768 603 2800 possit,
621 2768 693 2801 quod
710 2768 820 2795 nonnisi
833 2765 891 2796 v'io-

103 2800 189 2837 leniter
209 2799 280 2837 fieri
293 2804 391 2837 potest.
416 2799 513 2837 Longe
524 2801 589 2837 mihi
607 2799 698 2837 aptius
712 2803 819 2830 videtur
846 2805 893 2831 καὶ

102 2833 150 2874 ερῆ
231 2833 541 2874 ’ἑτέρουιπληρωθῆναμ
561 2833 735 2866 Νεο”όιιι)ιιο
757 2839 823 2874 quin
842 2839 895 2866 hoc

103 2868 273 2905 Epiphanius
285 2868 443 2905 scripserit.

137 2903 192 2940 (97)
219 2905 245 2931 '0
269 2903 447 2939 ἀπόσζτολος
469 2909 748 2944 προαποστερήσας.
774 2909 897 2944 Λροειοιί

901 2620 911 2634 ³
925 2618 955 2646 F.
976 2620 1111 2658 μαθούσῃ.

939 1627 972 1646 ac
986 1618 1067 1646 Patre
1089 1619 1209 1647 stabilita
1226 1621 1348 1653 videtur,
1370 1626 1466 1658 utpote
1491 1623 1583 1651 minus
1595 1623 1726 1658 perfecta,

938 1669 965 1692 et
982 1665 1015 1692 ad
1029 1665 1072 1693 sui
1087 1666 1286 1695 absolutionem
1315 1670 1394 1703 plura
1422 1668 1583 1696 desiderans
1600 1676 1632 1696 ac
1650 1677 1729 1697 man-

938 1712 1002 1738 data
1018 1713 1141 1747 quaedam
1160 1714 1317 1746 continens,
1332 1723 1393 1750 qua:
1408 1714 1454 1742 Dei
1465 1719 1562 1743 natura
1576 1723 1608 1743 ac
1619 1716 1729 1744 decreto

939 1763 1003 1786 Sunt
1023 1759 1122 1787 aliena.
1138 1759 1232 1795 Neque
1246 1769 1312 1789 vero
1324 1761 1474 1790 adversarii
1492 1762 1574 1797 217
1596 1763 1729 1798 improbi-

938 1804 986 1831 tati
999 1805 1145 1832 tribuenda
1160 1807 1202 1834 lex
1221 1811 1273 1838 est,
1290 1808 1371 1842 cujus
1402 1808 1545 1843 proprium
1575 1809 1611 1836 sit
1634 1809 1729 1843 inique

938 1850 1045 1880 facere:
1058 1853 1160 1887 quique
1174 1854 1210 1880 ita
1234 1858 1370 1886 statuunt,
1381 1861 1441 1889 quae
1458 1861 1474 1881 a
1497 1854 1639 1882 Salvatore
1654 1854 1728 1881 dicta

939 1901 1005 1925 sunt
1030 1905 1205 1933 nequaquam
1224 1899 1454 1928 animadvertunt.
1475 1899 1513 1927 lla
1527 1901 1599 1928 enim
1613 1900 1657 1928 ille
1666 1908 1730 1934 pro-

939 1943 1091 1976 nuntiavit,
1108 1948 1183 1972 stare
1202 1944 1314 1972 domum
1330 1945 1372 1973 vel
1390 1945 1530 1973 civitatem
1554 1953 1609 1973 non
1637 1953 1727 1981 posse.

939 1997 1001 2024 quae
1021 1990 1048 2017 in
1065 1990 1184 2026 seipsam
1211 1991 1298 2019 divisa
1329 1991 1400 2019 sit".
1419 1991 1552 2019 Praeterea
1567 1993 1697 2019 mundum
1713 2000 1729 2020 a

939 2043 969 2063 se
982 2036 1146 2064 fabricatum
1163 2038 1281 2070 asserit;
1307 2038 1455 2073 omniaque
1472 2046 1518 2073 per
1539 2038 1627 2073 ipsum
1647 2038 1728 2070 facta.

938 2086 965 2109 et
979 2083 1038 2110 sine
1055 2082 1114 2118 ipso
1132 2084 1199 2110 nihil
1220 2091 1281 2111 esse
1291 2083 1417 2111 factum“.
1435 2083 1540 2117 Quibus
1557 2084 1647 2111 verbis
1663 2091 1730 2118 apo-

939 2128 1027 2155 stolus
1040 2128 1314 2156 mendacissimorum
1331 2129 1471 2156 hominum
1487 2129 1600 2157 minime
1614 2130 1729 2157 solidam

939 2174 1101 2208 sapientiam
1115 2174 1225 2207 refellit,
1258 2183 1308 2202 nec
1333 2175 1463 2210 pestifero
1491 2176 1573 2203 alicui
1600 2175 1664 2209 Deo,
1681 2176 1728 2204 sed

937 2220 1023 2254 justo,
1040 2224 1067 2247 et
1084 2220 1267 2255 improbitatis
1287 2221 1376 2249 omnis
1392 2221 1503 2248 inimico
1516 2221 1623 2249 illarum
1638 2229 1728 2249 rerum

941 2266 1129 2294 auctoritatem
1154 2267 1287 2295 concedit.
1302 2267 1353 2295 Sed
1371 2268 1575 2295 temerariorum
1589 2268 1730 2295 hominum

940 2311 986 2338 illa
1009 2311 1113 2346 judicia
1141 2317 1222 2345 sunt,
1250 2321 1339 2349 neque
1372 2313 1530 2342 Conditoris
1553 2315 1732 2350 providentiae

941 2366 1040 2387 causas
1057 2359 1276 2395 intelligentium,
1292 2361 1393 2396 quique
1404 2367 1457 2388 n0n
1474 2362 1556 2388 animi
1566 2362 1664 2395 solum,
1682 2362 1730 2390 sed

940 2405 1021 2432 etiam
1031 2406 1154 2440 corporis
1170 2407 1257 2434 oculis
1275 2406 1418 2434 videantur
1436 2415 1496 2436 esse
1513 2408 1595 2443 capti.
1609 2409 1730 2441 Quanto-

942 2457 1006 2484 pere
1022 2451 1106 2485 igitur
1134 2451 1171 2477 illi
1193 2459 1207 2478 a
1225 2452 1340 2480 veritate
1369 2452 1530 2486 dissideant,
1550 2461 1583 2481 ex
1614 2455 1648 2482 iis
1671 2463 1733 2490 quae

943 2496 1016 2523 dicta
1029 2500 1094 2524 sunt
1110 2497 1216 2525 abunde
1239 2502 1315 2533 potes
1344 2505 1518 2534 cognoscere.
1537 2500 1590 2528 Sed
1602 2505 1734 2537 utrosque

943 2543 1084 2578 proprium
1100 2544 1229 2579 quiddam
1247 2553 1278 2572 ac
1293 2547 1430 2580 peculiare
1449 2546 1482 2573 ad
1506 2547 1541 2573 ita
1560 2548 1731 2575 sentiendum

1162 2623 1172 2638 ⁸
1189 2622 1219 2650 F.
1239 2623 1380 2659 ἑπόμενον.
1441 2625 1452 2640 ⁵
1470 2625 1550 2653 Deest
1570 2627 1634 2662 χρή.
1675 2627 1685 2642 ⁸
1699 2626 1730 2654 F.

940 2735 1052 2772 nomine
1074 2735 1206 2762 Joannem
1234 2737 1384 2771 intelligere
1410 2736 1528 2770 videtur,
1554 2741 1584 2764 ut
1608 2737 1640 2764 ad
1658 2737 1732 2772 λέγει

941 2771 1024 2805 paulo
1037 2775 1099 2798 ante
1114 2772 1231 2805 positum
1249 2772 1393 2805 referatur,
1409 2773 1460 2800 hac
1473 2781 1555 2800 sensu
1571 2783 1577 2800 :
1596 2771 1731 2800 Prwlerea

945 2806 1073 2843 mundum
1097 2809 1130 2843 ab
1152 2808 1208 2843 ipsa
1230 2807 1406 2841 fabricatum;
1430 2809 1570 2843 omniaque
1584 2808 1729 2842 periptum

945 2841 1029 2877 facta,
1041 2846 1064 2868 et
1078 2842 1134 2868 sine
1148 2842 1204 2875 ἱρεο
1220 2842 1285 2868 nihil
1299 2851 1355 2869 esse
1373 2844 1473 2877 [actum
1491 2841 1604 2870 testatur
1619 2841 1730 2877 Aposto-

946 2876 1003 2910 lus;
1016 2885 1047 2904 ac
1062 2877 1323 2905 mendacissimorum
1338 2876 1482 2911 frontiuum,
1496 2882 1549 2907 etc.
