1961 3046
211 161 264 191 559

883 159 913 188 δ.
934 157 1108 186 EPIPHANll

1794 157 1850 187 560

210 219 327 248 induxit.
339 217 414 246 Alios
425 215 628 253 quidem,quod
645 214 906 250 auctoremjustitia:
921 214 1001 242 Deum

1056 215 1133 247 Θεδν,
1146 214 1172 242 οι
1186 214 1214 242 δὲ
1229 214 1274 242 διὰ
1298 214 1328 242 τὸ
1342 215 1449 250 ἀγνοεῖν
1468 215 1514 242 τὸν
1531 216 1585 244 τῶν
1599 217 1667 244 ὅλων
1683 216 1803 253 Πατέρα,
1817 217 1849 243 ὃν

209 266 381 301 ignorarent,
402 265 471 292 alios
484 263 556 300 quod
575 263 765 290 universorum
779 265 919 296 parentem
943 269 1006 296 pcr-

209 319 286 347 azque
302 311 451 342 nescirent,
468 317 548 345 quem
563 309 608 336 ille
623 308 698 336 solus
709 307 857 335 adveniens
869 306 916 342 qui
930 307 1006 334 solus

211 361 292 385 norat
317 357 433 392 aperuit.
449 355 534 383 Nobis
564 362 627 382 vero
657 354 758 389 quibus
791 357 940 388 utrumque
959 351 1004 379 Dei

210 403 343 432 beneﬁcio
375 403 514 438 cognitum
529 405 581 434 est,
603 401 738 435 reliquum
756 398 822 426 illud
847 402 898 430 est,
929 401 958 424 ut
972 397 1005 425 de

210 449 269 485 lege
280 449 346 477 certi
362 448 464 484 aliquid
481 446 670 483 exploratique
681 443 1003 478 doceamus,cujusmodi

210 495 336 523 videlicet
350 495 396 522 illa
415 495 462 526 sit,
479 498 506 522 et
526 501 541 520 a
557 499 676 528 quonam
706 491 862 527 legislatore
880 490 1001 525 sancitaj:

209 541 248 568 ita
263 546 353 569 tamen
366 545 397 568 ut
411 540 567 576 quidquida
581 539 661 567 nobis
681 538 792 565 allatum
800 536 893 569 fuerit,
903 537 929 564 id
947 544 1001 564 non

1056 262 1136 297 μόνος
1155 260 1241 288 ἐλθὼν
1254 262 1268 288 ό
1284 261 1364 296 μόνος
1381 261 1458 293 είδὼς
1475 262 1641 298 ἐφανέρωσε.
1656 262 1850 298 Περιλείπεται

1053 307 1082 334 δὲ
1096 308 1161 343 ἡμῖν
1180 307 1319 340 ἀξιωθεῖσί
1331 316 1361 334 τε
1377 308 1426 344 τῆς
1440 308 1451 323 ³
1471 308 1634 345 ἀμφοτέρων
1646 308 1748 336 τούτων
1762 309 1851 344 ἐκφῆ-

1053 353 1098 380 ναί
1116 362 1157 380 σοι
1174 355 1221 380 καὶ
1241 353 1394 389 ἀκριϐὦσαι
1413 353 1494 381 αὐτόν
1508 363 1537 381 τε
1553 355 1598 382 τὸν
1616 355 1708 391 νόμον,
1727 355 1851 386 murto;
1883 349 1885 351 ’

1053 408 1096 431 τις
1110 400 1164 435 εἴη,
1188 400 1235 426 καὶ
1249 400 1295 426 τὸν
1311 400 1356 434 ὑφ’
1371 397 1402 427 οὗ
1415 400 1535 428 τέθειται
1552 401 1598 428 τὸν
1620 401 1780 437 νομοθέτην,
1801 402 1851 437 ρησ

1055 445 1213 481 θησομένων
1227 446 1294 481 ἡμῖν
1309 446 1358 478 τὰς
1379 446 1531 478 ἀποδείξεις
1550 447 1583 474 ἐκ
1597 447 1651 474 τῶν
1662 447 1709 474 τοῦ
1724 447 1851 482 Σωτῆρος

1054 491 1133 526 ἡμῶν
1143 491 1229 526 λόγων
1245 492 1443 527 παριστῶντες,
1458 492 1491 519 δι¹
1507 490 1545 519 ὧν
1566 493 1645 528 μόνον
1663 493 1737 520 ἐστιν
1748 493 1851 520 ἀπταί-

1056 545 1126 568 στως
1141 537 1188 563 ἐπὶ
1200 536 1254 572 τὴν
1267 537 1420 573 κατάληψιν
1432 538 1485 565 τῶν
1499 538 1584 566 ὀντων
1594 539 1760 574 ὁδηγεῖσθαι.

209 587 319 622 aliunde
333 594 415 622 quam
440 594 474 614 ex
495 585 562 622 ipsis
587 584 736 612 Salvatoris
751 583 843 611 verbis
862 583 1004 618 probetur.
1024 581 1074 610 llis
1086 582 1158 610 enim
1173 583 1241 611 solis
1261 583 1335 610 velut
1365 584 1473 613 itineris
1497 584 1615 613 ducibus
1640 585 1780 618 adhibitis,
1817 585 1849 613 all

208 641 301 662 rerum
315 633 500 669 cognitionem
517 632 576 660 sine
590 639 683 659 errore
691 630 877 666 perducimur.

242 679 287 708 ιν.
304 679 333 707 In
347 680 442 715 primis
472 680 554 715 igitur
587 679 729 707 sciendum
757 682 810 710 est,
845 678 1000 706 nnhersam

210 725 287 753 illam
303 726 400 762 legem,
416 734 476 761 quae
490 726 612 761 quinque
626 725 709 754 Mosis
728 725 913 753 voluminibus
933 732 999 751 con-

209 773 324 806 tinetur,
343 781 396 800 nun
427 773 461 800 ab
490 780 544 800 uno
569 780 629 801 esse
657 773 813 808 legislatore
838 771 1000 807 profectam,

208 819 268 847 solo
281 819 406 846 videlicet
423 818 495 853 Deo;
513 818 560 847 sed
581 819 700 846 admista
714 817 838 854 quaedam
858 817 1001 844 hominum

206 871 269 892 esse
296 863 434 896 mandata,
467 867 508 897 ut,
543 863 771 898 quemadmodum
799 863 924 890 Salvator
944 863 1002 897 ipse

1090 676 1126 703 A'.
1148 676 1259 712 Πρῶτον
1276 674 1323 704 οὖν
1342 677 1489 713 μαθητέον,
1513 677 1554 704 ὅτι
1573 678 1589 704 ὁ
1611 677 1723 713 σύμπας
1745 679 1849 711 ἐκεῖνος

1053 722 1135 757 νόμος
1157 723 1172 749 ὁ
1194 723 1390 758 περιεχόμενος
1414 724 1447 758 τῇ
1469 722 1592 754 Μωσέως
1613 723 1791 759 Πεντατεύχῳ
1817 725 1849 751 οὐ

1053 767 1122 803 πρὸς
1139 769 1198 800 ἐνός
1220 778 1294 801 τινος
1316 769 1538 805 νενομοθέτηται,
1557 769 1630 804 λέγω
1650 770 1694 806 δὴ,
1721 771 1770 806 οὺχ
1796 771 1850 798 ὑπὸ

1054 815 1136 850 μόνου
1158 815 1237 847 Θεοῦ,
1254 815 1311 842 ἀλλ’
1333 816 1394 843 εἰσί·
1410 824 1483 848 τινες
1508 815 1598 843 αὐτῶν
1616 817 1778 852 προστάξεις
1802 818 1850 844 καὶ

1053 859 1098 886 ὑπ’
1116 859 1269 896 ἀνθρώπων
1288 859 1420 894 τεθεῖσαι,
1445 861 1493 887 καὶ
1516 861 1597 896 τριχῆ
1619 861 1712 888 τοῦτον
1737 862 1849 897 διαιρεῖ-

207 908 311 941 docuit,
324 909 457 936 trifariam
474 909 516 937 lex
536 909 573 937 sit
587 909 678 937 omnis
693 909 851 936 distributa.
869 907 999 941 Quaedam

1055 906 1116 933 σθαι
1130 906 1154 932 οι
1167 906 1215 933 τοῦ
1232 907 1359 942 Σωτῆρος
1373 907 1447 942 λόγοι
1469 907 1641 935 διδάσκουσιν
1653 909 1736 944 ἡμᾶς.
1755 909 1803 940 Εἷς
1818 917 1848 936 τε

206 954 281 982 enim
300 955 334 982 ad
351 954 441 990 ipsum
452 954 536 982 Deum
553 955 668 990 ejusque
676 955 834 983 sanctiones
850 955 1002 990 pertinent;

207 1000 260 1028 alia
275 1000 343 1028 Mosi
369 1000 516 1028 tribuenda
545 1004 619 1033 sunt,
649 1007 703 1028 nOn
728 1000 839 1035 quidem
869 1004 1004 1035 quatenus

206 1046 311 1082 aliquid
327 1054 342 1074 a
362 1045 417 1074 Deo
432 1047 506 1075 illius
523 1047 678 1074 interventu
708 1046 846 1074 decretum
872 1051 924 1078 est,
954 1046 1002 1073 sed

206 1097 342 1128 quatenus
363 1100 411 1128 per
424 1101 485 1121 sese
503 1101 536 1120 ac
551 1097 649 1128 suapte
669 1097 767 1128 sponte
786 1093 919 1120 nonnulla
934 1100 1003 1120 con-

206 1138 314 1172 stituit;
331 1139 447 1166 aliorum
468 1139 586 1174 denique
619 1139 743 1166 seniores
774 1138 820 1173 qui
844 1138 871 1165 in
902 1138 1004 1173 populo

206 1188 286 1211 erant
313 1188 442 1212 auctores
465 1185 649 1218 exstiterunt,
670 1191 702 1211 ac
729 1183 810 1219 primi
835 1183 873 1210 illi
896 1183 1003 1218 privata

209 1229 333 1264 quaedam
347 1235 482 1266 praecepta
499 1230 619 1258 inserere
642 1234 707 1258 sunt
726 1230 796 1258 ausi.
813 1229 893 1262 Quod
909 1237 1004 1264 quem-

207 1276 355 1304 admodum
371 1284 432 1304 sese
459 1276 570 1309 habeat,
593 1284 627 1303 ex
657 1276 724 1311 ipsis
737 1275 887 1304 Salvatoris
912 1276 1004 1304 verbis

207 1321 355 1357 intelliges.
371 1321 422 1349 Hic
441 1322 513 1349 enim
528 1322 646 1357 quodam
675 1321 704 1349 in
732 1322 792 1349 loco
808 1321 842 1348 ad
857 1329 904 1349 eos
920 1321 1003 1349 verba

206 1367 322 1398 faciens.
339 1367 387 1403 qui
405 1367 439 1395 de
454 1368 560 1403 repudii
578 1367 670 1395 libello
687 1375 779 1396 secum
808 1367 1001 1402 disputabant,

206 1413 278 1449 quod
296 1413 479 1449 permissione
492 1413 560 1448 legis
580 1413 689 1445 licebat.
709 1413 750 1442 sic
776 1413 838 1441 illos
866 1413 1004 1442 allocutus

206 1463 249 1488 est
263 1469 270 1487 :
289 1459 395 1496 Moyses
408 1460 444 1487 ad
460 1459 589 1487 duritiam
603 1460 693 1488 cordis
705 1461 785 1489 vestri
798 1461 916 1496 permisit
931 1461 1003 1488 vobis

206 1505 339 1534 dimittere
363 1513 459 1534 uxore:
477 1512 588 1535 vestras.
611 1506 651 1534 Ab
681 1507 758 1534 initio
775 1513 864 1535 autem
889 1508 1004 1543 nonfuit

208 1553 272 1580 εἰς’.
289 1553 372 1588 218
382 1552 454 1581 Deus
465 1554 550 1586 enirn,
571 1555 672 1589 inquit,
688 1554 845 1589 conjugium
859 1554 911 1582 hoc
919 1563 1005 1590 copu-

1054 951 1108 988 γὰρ
1125 952 1207 979 αὐτὸν
1225 953 1270 978 τὸν
1294 952 1370 985 Θεὸν,
1391 953 1438 979 καὶ
1463 953 1513 989 τὴν
1544 953 1640 980 τούτου
1671 954 1848 989 νομοθεσίαν·

1053 998 1199 1034 διαιρεῖται
1220 999 1249 1025 δὲ
1273 999 1320 1026 καὶ
1340 1000 1380 1031 εἰς
1400 999 1446 1026 τὸν
1459 1000 1572 1031 Μωσέα,
1587 1000 1617 1026 οὗ
1635 1000 1696 1026 καθ’
1711 1000 1776 1027 αὐτὸ
1791 1000 1802 1016 ⁸
1814 1000 1848 1027 δι’

1054 1044 1137 1071 αὑτοῦ
1154 1044 1296 1080 νομοθετεί
1318 1046 1332 1072 ὁ
1355 1045 1431 1077 Θεὸς,
1449 1045 1517 1072 ἀλλὰ
1542 1045 1614 1072 καθὰ
1629 1046 1683 1073 ἀπὸ
1707 1046 1758 1081 τῆς
1781 1046 1850 1078 ἰδίας

1053 1090 1157 1122 ἐννοίας
1173 1091 1334 1127 ὁρμώμενος
1348 1092 1394 1118 καὶ
1410 1093 1425 1119 ὁ
1446 1092 1550 1128 Μωσῆς
1574 1092 1756 1128 ἐνομοθέτησὲ
1769 1101 1831 1120 τινα
1841 1101 1848 1108 ο

1053 1136 1099 1162 καὶ
1113 1137 1153 1168 είς
1169 1137 1233 1169 τοὺς
1250 1137 1453 1174 πρεσϐυτέρους
1476 1138 1523 1164 τοῦ
1540 1138 1605 1165 λαοῦ
1628 1138 1782 1174 διαιρεῖται,
1802 1140 1851 1166 καὶ

1054 1181 1157 1217 πρῶτοι
1183 1182 1355 1217 εὑρίσκονται
1380 1182 1491 1214 ἐντολάς
1513 1192 1589 1215 τινας
1617 1183 1742 1216 ἐνθέντες
1769 1184 1848 1216 ίδίας.

1054 1227 1116 1259 Πῶς
1137 1226 1185 1254 οὖν
1205 1228 1285 1255 τοῦτο
1311 1228 1398 1260 οὕτως
1423 1229 1485 1264 ἔχον
1510 1230 1543 1256 ἐκ
1571 1229 1626 1257 τῶν
1649 1229 1696 1256 τοῦ
1723 1230 1850 1266 Σωτῆρος

1053 1273 1191 1301 δείκνυται
1214 1274 1311 1308 λόγων,
1337 1275 1434 1310 μάθοις
1459 1275 1481 1301 δ’
1504 1275 1537 1302 ἂν
1562 1275 1623 1311 ἤδη.
1651 1276 1848 1312 Διαλεγόμενός

1054 1329 1105 1347 που
1122 1321 1136 1347 ὁ
1153 1321 1248 1356 Σωτὴρ
1272 1321 1340 1357 πρὸς
1364 1321 1427 1353 τοὺς
1445 1322 1508 1357 περὶ
1534 1321 1581 1348 τοῦ
1607 1322 1774 1349 ἀποστασίου
1798 1331 1848 1349 συ-

1054 1364 1201 1401 ζητοῦντας
1222 1366 1308 1402 αὐτῷ,
1325 1366 1339 1393 ὃ
1356 1367 1388 1402 δὴ
1413 1359 1579 1394 ἀποστάσιον
1601 1367 1702 1401 ἐξεῖναι
1724 1369 1850 1404 ἐνενομο-

1054 1412 1160 1448 θέτητο,
1178 1413 1230 1448 ἔφη
1245 1415 1348 1447 αὐτοῖς,
1371 1415 1412 1440 ὃτι
1429 1414 1561 1448 Μωΰσῆς
1577 1414 1653 1449 πρὸς
1669 1415 1726 1449 τὴν
1748 1417 1849 1450 σκλη-

1049 1459 1215 1493 ροκαρδίαν
1228 1459 1283 1494 (98)
1300 1460 1384 1495 ὑμῶν
1407 1460 1554 1495 ἐπέτρεψε
1574 1460 1606 1487 τὸ
1620 1461 1769 1488 ἀπολύειν
1790 1461 1849 1496 τὴν

1053 1506 1182 1540 γυναῖκα
1198 1506 1302 1534 αὐτοῦ.
1326 1506 1484 1542 Ἀπ’ἀρχῆς
1492 1507 1547 1542 γὰρ
1558 1508 1593 1534 οὐ
1609 1508 1735 1544 γέγονεν
1742 1507 1848 1542 οὕτως.

1053 1551 1120 1584 Θεὸς
1138 1552 1204 1588 γὰρ,
1225 1553 1302 1587 φησὶ,
1331 1553 1474 1586 συνέζευεε
1499 1554 1602 1589 ταύτην
1624 1554 1674 1589 τὴν
1699 1554 1849 1589 συζυγίαν

206 1598 273 1626 lavit
287 1604 353 1631 ;et:
371 1598 448 1631 Quod
460 1598 531 1626 Deus
549 1600 686 1634 conjunxit
699 1600 776 1627 homo
795 1608 847 1626 non
864 1600 995 1634 separet’.

1054 1599 1106 1631 καὶ,
1119 1599 1150 1625 Ὃ
1164 1598 1344 1631 συνέζευξεν
1353 1601 1369 1626 ὁ
1379 1601 1496 1634 Κύριος,
1512 1600 1667 1635 ἄνθρωπος
1678 1600 1722 1636 μὴ
1732 1599 1851 1635 χωριζέ-

207 1643 261 1672 Ubi
277 1643 358 1671 aliam
372 1652 434 1672 esse
456 1643 502 1672 Dei
527 1645 612 1680 legem
628 1645 760 1677 ostendit,
783 1652 844 1680 qua:
861 1653 973 1672 uxorem
985 1653 1001 1673 a

206 1690 267 1716 viro
286 1689 394 1725 sejungi
419 1690 574 1725 prohibeat,
600 1691 682 1718 aliam
702 1691 796 1722 Mosis.
811 1691 857 1726 qui
872 1691 907 1719 ob
924 1691 1000 1719 duri-

206 1735 272 1764 tiem
289 1735 381 1764 cordis
392 1743 443 1770 par
459 1736 525 1765 illud
540 1737 687 1766 dissociari
707 1737 855 1773 permittat.

241 1827 271 1855 ln
284 1835 339 1864 quo
351 1827 441 1857 Moses
455 1828 586 1864 quiddam
615 1827 672 1857 Deo
695 1828 867 1856 contrarium
886 1829 960 1862 tulit,
976 1829 1002 1858 ei

205 1874 312 1902 scilicet
323 1875 457 1908 cautioni,
473 1883 528 1911 qua
543 1875 658 1904 dissolvi
675 1875 850 1903 matrimonia
865 1879 998 1904 vetuerat.

209 1920 264 1948 Sed
277 1919 300 1948 si
319 1920 484 1956 legislatoris
501 1922 591 1957 ipsius
607 1927 735 1954 mentem,
750 1930 803 1957 qua
821 1921 855 1949 ad
874 1922 939 1950 illud
954 1922 1002 1950 de-

206 1966 374 1994 cernendum
388 1967 519 1995 inductus
534 1971 586 1999 est,
605 1972 748 1995 accurrate
771 1967 998 2000 consideremus:

206 2012 380 2042 inveniemus
392 2014 489 2049 procul
500 2014 585 2042 dubio
596 2022 651 2042 non
665 2013 692 2041 id
707 2021 769 2042 eum
779 2017 876 2049 sponte
885 2021 945 2046 sua,
953 2013 1001 2041 sed

207 2059 371 2088 necessitate
390 2059 503 2088 fecisse:
517 2068 572 2096 quo
584 2068 679 2088 eorum
692 2061 794 2096 quibus
809 2061 1002 2096 praescribebat

207 2104 390 2133 imbecillitati
408 2106 575 2133 consuleret.
593 2105 645 2139 Qui
658 2114 719 2134 cum
733 2106 855 2134 divinum
871 2106 938 2134 illud
953 2107 1001 2134 de-

207 2154 312 2178 cretum
329 2150 364 2178 de
379 2151 530 2180 retinendis
560 2153 695 2180 uxoribus
723 2153 781 2180 suis
810 2152 928 2180 tolerare
945 2160 1000 2180 non

1054 1653 1104 1677 τω,
1114 1644 1177 1680 ἔφη.
1186 1645 1318 1672 Ἐνταῦθα
1326 1646 1418 1681 ἕτερον
1428 1646 1479 1681 μὲν
1489 1645 1536 1673 τοῦ
1546 1646 1614 1673 Θεοῦ
1625 1646 1745 1673 δείκνυσι
1754 1647 1848 1682 νόμον,

1053 1690 1099 1717 τὸν
1121 1690 1260 1718 κωλύοντα
1282 1690 1446 1726 χωρίζεσθαι
1469 1693 1586 1726 γυναῖκα
1608 1692 1662 1719 ἀπὸ
1684 1692 1730 1718 τοῦ
1750 1691 1849 1727 ἀνδρὸς

1051 1736 1279 1772 αὺτῆς,ἐτερονδὲ
1294 1737 1339 1763 τὸν
1355 1736 1404 1763 τοῦ
1415 1737 1566 1770 Μωῠσέως,
1583 1737 1630 1764 τὸν
1643 1738 1687 1765 διὰ
1705 1738 1754 1774 τὴν
1766 1738 1849 1774 σκλη-

1051 1783 1198 1819 ροκαρδίαν
1212 1783 1394 1819 ἐπιτρέποντα
1414 1784 1579 1820 χωρίζεσθαι
1595 1784 1674 1811 τοῦτο
1693 1784 1724 1811 τὸ
1741 1784 1847 1819 ζεῦγος.

1088 1829 1144 1856 Καὶ
1160 1829 1192 1865 δὴ
1215 1831 1286 1856 κατὰ
1310 1830 1389 1857 τοῦτο
1410 1831 1518 1858 ἐναντία
1537 1830 1574 1867 τῷ
1590 1831 1650 1866 Θεῷ
1668 1831 1810 1866 νομοθετεῖ
1833 1832 1851 1858 ὁ

1053 1875 1166 1910 Μωσῆς.
1197 1875 1333 1902 Ἐναντίον
1359 1875 1413 1911 γάρ
1438 1875 1496 1902 ἐστι
1521 1875 1560 1911 τῷ
1585 1876 1623 1912 μὴ
1646 1876 1846 1911 διαζευγνύναι.

1059 1919 1122 1946 Ἐὰν
1136 1919 1228 1955 μέντοι
1241 1920 1287 1946 καὶ
1303 1919 1352 1955 τὴν
1366 1920 1413 1946 τοῦ
1439 1920 1577 1952 Μωῦσέως
1597 1919 1721 1956 γνώμην,
1736 1920 1799 1948 καθ’
1812 1922 1847 1957 ἢν

1051 1964 1131 1992 τοῦτο
1148 1965 1354 2002 ἐνομοθέτησεν,
1372 1965 1555 2002 ἐξετάσωμεν,
1574 1967 1752 2004 εὑρεθήσεται
1767 1968 1848 1996 τοῦτο

1052 2011 1083 2038 οὺ
1098 2011 1170 2038 κατά
1184 2012 1342 2048 προαίρεσιν
1357 2013 1474 2048 ποιήσας
1495 2013 1545 2049 τὴν
1563 2013 1671 2047 ἑαυτοῦ,
1685 2014 1754 2041 ἀλλὰ
1775 2016 1846 2042 κατὰ

1053 2058 1176 2094 ἀνάγκην
1195 2058 1240 2085 διὰ
1264 2058 1313 2094 τὴν
1337 2059 1391 2085 τῶν
1416 2059 1673 2096 νενομόθετημένων
1691 2061 1846 2090 ἀσθένειαν.

1057 2104 1135 2131 Ἐπεὶ
1147 2104 1201 2140 γὰρ
1220 2105 1269 2141 τὴν
1287 2105 1333 2131 τοῦ
1346 2105 1414 2132 Θεοῦ
1431 2104 1544 2141 γνώμην
1558 2106 1701 2140 φυλάττειν
1717 2108 1767 2134 οὐκ
1780 2108 1844 2143 ἡδύ-

1051 2158 1132 2178 ναντο
1145 2147 1229 2182 οὗτοι,
1246 2152 1275 2178 ἐν
1288 2151 1328 2187 τῷ
1343 2151 1381 2187 μὴ
1400 2151 1499 2184 ἐξεῖναι
1522 2152 1613 2184 αὐτοῖς
1634 2153 1777 2180 ἐκϐάλλειν
1795 2154 1846 2188 τὰς

207 2200 332 2230 possent,
343 2203 376 2223 ac
386 2196 502 2224 moleste
522 2197 634 2232 quidam
650 2205 744 2225 earnm
762 2198 902 2225 consortia
917 2197 1000 2226 susti-

1054 2197 1181 2230 γυναϊκας
1204 2196 1303 2228 αὐτῶν,
1320 2196 1421 2228 αἵτινες
1437 2197 1448 2212 ⁵
1465 2197 1555 2224 αὐτῶν
1580 2197 1671 2234 ἀηδῶς
1693 2199 1843 2235 συνῴκουν.

207 2245 314 2274 nerent,
334 2242 486 2277 periculum
502 2248 532 2270 ut
551 2247 634 2276 esset,
645 2251 681 2271 ne
695 2251 727 2271 ea
742 2251 771 2271 se
783 2244 929 2272 occasione
941 2251 1001 2279 gra-

206 2287 329 2316 vioribus
343 2289 494 2317 sceleribus
509 2289 717 2325 obstringerlnt,
735 2290 834 2325 quibus
847 2295 999 2318 extremam

207 2333 236 2361 in
247 2334 395 2369 perniciem
407 2339 529 2366 ruerent,
544 2339 573 2362 ut
586 2335 638 2363 hoc
653 2335 856 2363 incommodum
868 2336 1001 2365 devitaret

208 2378 331 2415 Moyses,
358 2381 431 2416 quod
453 2381 487 2408 ad
521 2381 630 2409 illorum
660 2382 800 2409 interitum
839 2382 1000 2417 spectabat,

209 2426 358 2454 secundam
378 2427 525 2462 quamdam
535 2427 641 2463 repudii
662 2427 749 2463 legem
767 2427 872 2463 privata
906 2432 1001 2455 aucto-

208 2472 290 2499 ritate
307 2472 466 2506 constituit;
483 2473 630 2508 minusque
645 2481 679 2502 ex
691 2481 723 2501 ea
736 2473 883 2502 occasione
899 2470 1000 2501 malum

209 2524 273 2544 cum
292 2518 396 2553 majore
421 2520 630 2554 compensavit,
655 2524 686 2547 ut
711 2520 734 2547 si
763 2520 854 2548 minus
881 2519 999 2556 priorem

209 2562 285 2590 illam
302 2571 414 2592 servare
423 2565 539 2599 possint,
553 2565 624 2593 hanc
635 2565 731 2594 saltem
748 2566 894 2599 retineant,
911 2573 1001 2601 neque

210 2617 240 2638 se
249 2609 383 2645 inllagitia
401 2611 561 2647 sceleraque
583 2612 769 2644 committant,
784 2619 833 2646 per
853 2619 914 2647 qua:
932 2612 1000 2639 ulti-

1053 2242 1100 2268 καὶ
1126 2242 1296 2269 ἐκινδύνευον
1322 2243 1354 2269 ἐκ
1382 2242 1476 2270 τούτου
1499 2243 1680 2280 ἐκτρέπεσθαι
1706 2245 1785 2273 πλέον
1805 2246 1846 2278 εἰς

1053 2288 1171 2320 ἀδικίαν,
1190 2289 1237 2316 καὶ
1252 2290 1283 2316 ἐκ
1293 2289 1396 2325 ταύτης
1411 2291 1452 2322 εἰς
1463 2289 1612 2324 ἀπώλειαν,
1629 2291 1659 2318 τὸ
1675 2292 1756 2326 ἀηδὲς
1766 2292 1846 2319 τοῦτο

1053 2334 1214 2370 βουλόμενος
1239 2335 1352 2370 ἐκκόψαι
1375 2336 1465 2362 αὐτῶν
1489 2337 1504 2363 ὸ
1531 2337 1662 2373 Μωῡσῆς,
1684 2337 1718 2364 δι’
1742 2335 1773 2365 οὗ
1798 2339 1846 2365 καὶ

1052 2380 1219 2407 ἀπόλλυσθαι
1243 2381 1429 2415 ἐκινδύνευον,
1452 2382 1578 2418 δεύτερόν
1607 2391 1667 2410 τινα
1698 2383 1736 2416 ὠς
1775 2385 1846 2412 κατά

1052 2426 1213 2462 περίστασιν
1228 2424 1309 2462 ἦττον
1326 2427 1410 2454 κακὸν
1421 2428 1481 2454 ἀντὶ
1495 2428 1618 2464 μείζονος
1630 2429 1845 2456 ἀντικαταλλασ-

1053 2473 1175 2508 σόμενος,
1189 2473 1235 2500 τὸν
1251 2473 1298 2500 τοῦ
1319 2475 1484 2501 ἀποστασίου
1505 2474 1588 2511 νόμον
1606 2476 1654 2511 ἀφ’
1675 2477 1772 2504 ἐαυτοῦ
1788 2478 1847 2504 ἐνο-

1054 2519 1202 2555 μοθέτησεν
1219 2520 1326 2552 αὐτοῖς·
1343 2520 1398 2553 ἴνα,
1418 2521 1464 2547 ἐὰν
1477 2521 1581 2548 ἐκεῖνον
1595 2522 1632 2558 μὴ
1647 2522 1779 2549 δύνωνται
1793 2531 1845 2557 φυ-

1051 2564 1167 2598 λάττειν,
1181 2565 1232 2592 κᾶν
1246 2566 1341 2593 τοῦτόν
1356 2575 1388 2600 γε
1403 2565 1551 2602 φυλάξωσι,
1567 2567 1616 2594 καὶ
1632 2567 1669 2603 μὴ
1681 2568 1721 2599 εἱς
1735 2567 1844 2599 ἀδικίας

1051 2612 1099 2639 καὶ
1135 2612 1234 2644 κακίας
1272 2612 1443 2649 ἐκτραπῶσι,
1475 2613 1508 2640 δι’
1543 2610 1582 2641 ὃν
1603 2613 1728 2641 ἀπώλεια
1751 2614 1844 2646 αὐτοῖς

245 2715 254 2733 ⁸
271 2715 366 2745 Matth.
381 2724 438 2752 nx,
454 2717 481 2745 8.
519 2717 530 2733 ¹
543 2717 608 2745 ibid.
624 2717 652 2745 6.
690 2717 700 2734 ³
717 2717 797 2745 Deest
809 2717 947 2752 γνώσεως.
984 2717 996 2733 ‘

1057 2717 1087 2744 οὐ
1103 2716 1175 2744 καθά
1193 2717 1283 2748 αὑτός.
1321 2717 1333 2734 ⁸
1348 2717 1379 2745 ιτ.
1393 2717 1437 2750 αἷς
1452 2727 1535 2746 τινες.

245 2804 302 2839 (98)
321 2804 383 2831 Ὅτι
409 2803 539 2838 Μωῦσῆς
561 2804 636 2839 πρὸς
655 2804 714 2839 τὴν
738 2803 995 2838 σκληροκαρδίαν.

210 2839 335 2873 Quonam
359 2843 440 2875 pacto
464 2839 568 2875 Moyses
599 2840 625 2868 id
648 2839 750 2867 Juilaais
775 2840 945 2874 permiserit,
971 2843 998 2867 et

211 2878 346 2909 quatenus
362 2874 534 2904 Christianis
545 2875 694 2904 divortium
711 2875 800 2903 facere
822 2875 915 2909 liceat,
934 2875 998 2911 plu-

1051 2803 1128 2842 ribus
1148 2804 1276 2832 catholici
1291 2805 1456 2841 interpretes
1470 2805 1504 2842 ad
1522 2804 1621 2833 Mauri.
1637 2813 1684 2833 xtx
1698 2806 1843 2842 disputare

1051 2839 1140 2903 sol‘en:
1157 2847 1164 2866 :
1179 2848 1297 2876 quorum
1321 2839 1534 2870 commentarios
1556 2842 1701 2871 consulere
1724 2839 1844 2879 quisque

1051 2882 1087 2903 no
1099 2882 1128 2903 es
1143 2896 1150 2902 .

1050 2882 1150 2910 potest.
