1961 3046
216 159 267 186 565

891 168 920 196 S.
942 169 1111 199 EPlPllANII

1792 168 1796 170 ’
1801 172 1855 202 5ῧὲ

217 214 273 242 lam
301 223 364 244 vero
383 225 451 252 pura
473 219 517 247 illa
539 221 702 257 sinceraque
722 223 763 250 lex
795 223 842 252 Dei
868 233 919 253 nec
941 235 1001 254 cum

1054 230 1155 264 χείρονι
1171 231 1240 266 αὑτὴ
1256 232 1271 266 ἡ
1289 231 1450 266 Δεκάλογος,
1465 233 1490 259 οἱ
1513 232 1579 259 δέκα
1599 232 1674 266 λόγοι
1692 232 1801 262 ἐκεῖνοι,
1826 231 1852 256 οἱ

215 261 350 290 deteriore
364 264 521 300 conjuncta,
536 267 685 304 Decalogus
700 274 742 296 est
756 271 892 304 ipse,sive
910 272 1003 300 decem

215 308 259 336 illa
274 315 407 345 pramepta
438 312 546 341 duabus
571 314 702 342 distincta
716 316 828 350 tabulis,
843 318 944 353 quibus
958 324 1004 346 aut

215 356 339 383 cavenda
355 357 602 391 prohibentur,aut
619 361 1005 398 facienda:niandanturﬂme

214 401 265 428 etsi
278 409 346 435 pura
361 404 418 430 sint
428 411 460 431 ac
481 405 594 440 liquida,
611 411 701 434 tamen
718 409 790 442 quod
807 410 929 437 nondum
944 419 1005 446 per-

215 445 285 473 fecta
299 447 363 480 sint,
380 449 489 485 impleri
505 460 519 478 a
533 451 675 481 Salvatore
703 455 863 484 debuerant.
878 457 918 484 Ad
937 445 1004 485 illud

213 499 279 520 vero
296 501 392 527 genus,
407 497 480 531 quod
502 497 645 532 injustitize
675 500 780 536 aliquid
811 503 904 535 habet,
930 504 1004 539 leges

215 540 268 567 illa:
279 541 428 570 referendm
437 549 512 577 sunt,
536 547 637 581 quibus
653 548 816 583 injuriarum
835 552 1002 585 persecutio.

214 597 365 625 eorumque
378 591 425 625 qui
444 591 551 626 priores
567 601 618 621 nos
626 594 757 627 laeserint,
776 596 923 625 vindicatio
935 606 1004 633 pra:-

216 636 358 663 scribitur.
382 636 461 665 Velut
480 645 542 665 cum
567 640 678 667 oculum
697 649 747 675 pro
775 642 866 676 oculo,
895 645 1002 671 dentem

214 679 293 706 evelli
306 688 356 715 pro
371 680 480 713 dente‘,
495 689 526 708 ac
541 682 643 710 caedem
660 685 733 712 caede
752 687 922 722 compensari
938 696 1005 723 pra:-

214 726 290 760 cipit.
305 726 400 762 Neque
414 728 487 755 enim
513 729 605 757 minus
623 729 727 765 injuste
749 733 816 767 agit.
833 734 879 769 qui
895 734 921 761 id
942 739 1004 770 post

215 771 331 798 alterum
357 777 514 807 perpetrat,
541 782 605 802 cum
631 776 717 805 solius
748 779 854 807 ordinis
881 781 1002 812 intersit.

215 821 295 852 atque
309 818 381 845 idem
401 820 515 847 omnino
532 820 640 848 facinus
656 824 819 852 committat.
849 824 902 853 Sed
934 827 1002 855 illud

216 867 378 898 prau-eptum
395 865 498 900 alioqui
513 867 619 901 justum
642 873 713 902 erat,
732 873 759 897 et
774 876 816 898 est
833 872 926 905 modo,
945 881 1004 908 pro-

216 912 275 942 pter
288 917 382 936 eorum
396 910 594 945 inﬁrmitatem,
611 915 714 949 quibus
733 917 839 944 editum
862 918 925 952 fuit,
941 905 1002 947 cum
1019 905 1040 932 Β

215 956 251 983 sit
264 957 396 984 adversus
416 957 575 987 sincerioris
590 960 657 996 legis
678 962 854 991 violationem
879 967 1005 1000 praescri-

215 1006 302 1037 ptum,
317 1003 379 1030 licet
391 1011 406 1030 a
423 1006 578 1033 communis
600 1007 725 1035 onmium
742 1011 876 1044 ,parentis
891 1017 1002 1044 natura.

215 1054 248 1073 ac
265 1047 386 1076 bonitate
410 1049 445 1076 sit
464 1050 601 1078 alienant:
621 1053 663 1080 vel
680 1059 893 1084 consentaneum
911 1060 1002 1093 potius

214 1097 267 1125 est,
282 1094 331 1121 sed
348 1096 513 1123 necessitate
529 1097 647 1132 quadam
666 1107 838 1135 expressum.
865 1103 933 1132 Nam
956 1107 1002 1141 qui

215 1140 258 1166 vel
269 1141 380 1167 unicum
391 1141 569 1171 homicidium
585 1150 657 1172 vetat
670 1146 738 1180 ﬁeri,
755 1148 819 1175 dum
833 1150 870 1177 ila
885 1140 980 1179 statuit
993 1163 999 1179 :

216 1184 277 1211 Non
289 1186 391 1213 occides
403 1187 424 1218 ³,
439 1195 502 1214 cum
517 1193 610 1223 postea
626 1191 707 1218 caadis
720 1199 860 1221 auctorem
878 1197 999 1225 vicissim

217 1231 334 1258 iuterlici
354 1231 441 1266 jubet,
459 1240 490 1259 ac
508 1234 655 1262 secundam
683 1236 767 1272 legem
796 1238 886 1269 ferens
910 1242 1000 1277 dupli-

217 1283 276 1302 cem
298 1275 399 1302 cwdem
415 1276 541 1312 irruperat,
554 1279 601 1313 qui
620 1288 702 1307 unam
719 1282 907 1319 prohibuerat,
921 1275 1001 1316 adea

215 1323 378 1351 necessitate
391 1328 503 1353 coactus
525 1330 552 1353 et
568 1327 727 1362 imprudens
754 1331 909 1362 deeurrisse
929 1336 1003 1363 vidc-

215 1373 269 1395 tur.
282 1371 369 1404 Atque
384 1370 444 1398 ideo
455 1372 556 1400 missus
575 1374 609 1400 ab
621 1374 668 1401 illo
678 1374 764 1404 Filius
779 1386 839 1406 eam
856 1380 922 1416 legis
938 1390 1002 1417 par-

214 1420 266 1442 tem
292 1417 456 1452 antiquavit,
471 1427 553 1454 quam
583 1422 692 1456 quidem
705 1431 720 1450 a
736 1424 792 1452 Deo
805 1426 888 1454 latam
901 1432 928 1455 et
945 1430 1003 1465 ipse

1054 277 1083 302 ἐν
1108 278 1169 308 ταῖς
1185 278 1245 304 δυσὶ
1268 279 1350 311 πλαξὶ
1373 279 1571 315 δεδιχασμένοι,
1597 279 1637 311 εἴς
1659 288 1689 305 τε
1710 278 1852 312 ἀναίρεσιν

1054 322 1108 348 τῶν
1128 323 1292 358 ἀφθέγκτων
1308 325 1319 340 ⁸
1335 325 1382 352 καὶ
1404 327 1445 357 εἰς
1463 326 1612 361 πρόσταξιν
1633 325 1688 352 τῶν
1704 324 1850 359 ποιητέων,

1054 367 1090 400 οἳ,
1106 369 1207 405 καίπερ
1237 369 1361 406 καθαρὰν
1387 371 1494 406 ἔχοντες
1514 371 1564 406 τὴν
1597 370 1775 406 νομοθεσίαν.
1812 369 1850 404 μὴ

1055 414 1161 450 ἔχοντες
1175 415 1243 442 δὲτὸ
1257 416 1370 448 τέλειον,
1385 417 1488 443 ἐδέοντο
1502 417 1552 452 τῆς
1568 416 1644 452 παρὰ
1661 415 1707 442 τοῦ
1724 414 1850 450 Σωτῆρος

1055 461 1238 496 πληρώσεως·
1263 463 1277 488 ὁ
1300 463 1328 489 δέ
1353 464 1410 489 ἐστι
1435 462 1680 498 συμπεπλεγμένος
1690 462 1724 496 τῇ
1745 461 1851 495 ἀδικίᾳ,

1055 503 1131 539 οὗτος
1145 509 1159 534 ὁ
1172 509 1242 535 κατά
1254 509 1303 544 τὴν
1317 509 1423 544 ἄμυναν
1438 509 1485 535 καὶ
1500 509 1678 536 ἀνταπόδοσιν
1708 507 1762 534 τῶν
1779 516 1850 541 προ-

1055 555 1241 590 αδικησάντων
1266 555 1391 590 κείμενος
1406 576 1413 587 ,
1442 554 1580 590 ὀφθαλμὸν
1607 554 1669 581 ἀντὶ
1695 553 1849 588 ὀφθαλμοῦ,

1055 602 1102 627 καὶ
1139 601 1234 628 ὀδόντα
1265 602 1326 628 ἀντὶ
1364 602 1470 634 ὀδόντος
1499 600 1683 629 ὲκκόπτεσοαι
1718 599 1849 631 κελεύων,

1055 648 1102 674 καὶ
1122 647 1201 682 φόνον
1229 648 1289 674 ἀντὶ
1319 648 1400 682 φόνου
1418 647 1584 683 ἀμύνασθαι.
1599 646 1682 674 Οὐδὲν
1699 646 1754 681 γὰρ
1766 644 1850 682 ἦττον

1055 692 1102 718 καὶ
1115 693 1128 719 ὁ
1142 691 1266 728 δεύτερος
1289 693 1388 719 ἀδικῶν
1404 693 1500 725 ἀδικεῖ,
1522 694 1555 728 τῇ
1573 692 1647 724 τάξει
1671 692 1752 726 μόνον
1773 691 1848 718 διαλ-

1054 738 1171 772 λάσσων,
1188 739 1218 766 τὸ
1234 739 1300 766 αὐτὸ
1315 739 1497 775 ἐργαζόμενος
1512 739 1601 773 ἔργον.
1618 737 1704 764 Τοῦτο
1719 737 1747 763 δὲ
1762 737 1848 773 πρόσ-

1054 793 1150 820 ταγμα
1180 785 1284 812 δίκαιον
1310 786 1359 821 μὲν
1374 785 1461 816 ἄλλως
1476 785 1524 811 καὶ
1537 782 1571 820 ἧν
1588 785 1634 810 καὶ
1649 784 1718 816 ἐστι,
1740 784 1784 810 διὰ
1798 784 1849 817 τὴν

1054 830 1198 858 ἀσθένειαν
1223 831 1278 858 τῶν
1301 830 1536 866 νομοθετηθέντων
1561 830 1589 856 ἐν
1614 829 1783 864 παρεκδάσει
1799 828 1848 854 τοῦ

1055 876 1175 911 καθαροῦ
1197 876 1279 912 νόμου
1300 876 1388 909 τεθὲν,
1419 877 1553 903 ἀνοίκειον
1582 876 1610 902 δὲ
1626 877 1658 911 τῇ
1677 875 1726 902 τοῦ
1742 875 1849 910 Πατρὶς

1053 922 1108 950 τῶν
1128 923 1196 950 ὅλων
1216 923 1296 958 φύσει
1313 932 1343 949 τε
1361 923 1408 950 καὶ
1426 923 1592 958 ἀγαθότητι·
1620 923 1685 953 ἴσως
1710 921 1738 948 δὲ
1769 921 1849 948 τοῦτο

1054 970 1232 1006 κατάλληλον,
1257 970 1412 1004 ἐπάναγκες
1429 970 1457 996 δὲ
1482 969 1593 1005 μᾶλλον.
1617 969 1647 995 '0
1667 969 1721 1004 γὰρ
1738 968 1783 994 καὶ
1802 968 1848 994 τὸν

1054 1016 1102 1043 ἕνα
1121 1017 1200 1051 φόνον
1215 1017 1245 1043 οὐ
1265 1016 1428 1051 βουλόμενος
1448 1015 1557 1042 ἔσεσθαι
1578 1016 1607 1041 ὲν
1627 1015 1664 1050 τῷ
1680 1015 1780 1049 λέγειν,
1806 1015 1848 1041 Οὺ

1055 1064 1226 1098 φονεύσεις,
1253 1063 1411 1099 προστάξας
1433 1062 1479 1089 τὸν
1503 1062 1586 1096 φονέα
1612 1062 1847 1097 ἀντιφονεύεσθαι,

1053 1108 1179 1144 δεύτερον
1197 1109 1278 1144 νόμον
1291 1108 1455 1144 νομοθετῶν,
1467 1108 1513 1134 καὶ
1526 1108 1586 1134 δυσὶ
1601 1108 1690 1142 φόνοις
1706 1108 1847 1143 βραϐεύων

1054 1155 1068 1180 ὁ
1081 1154 1127 1180 τὸν
1141 1153 1190 1180 ἕνα
1205 1154 1408 1189 ἀπαγορεύσας,
1425 1153 1519 1180 ἔλαθεν
1541 1154 1637 1180 ἑαυτὸν
1656 1154 1703 1180 ὑπ“
1724 1154 1847 1189 ἀνάγκης

1055 1199 1177 1231 κλαπείς.
1201 1200 1246 1226 Διὸ
1260 1199 1293 1235 δὴ
1311 1201 1325 1226 ὁ
1348 1200 1395 1226 ἀπ’
1413 1200 1516 1226 ἐκείνου
1533 1201 1756 1236 παραγενόμενος
1782 1201 1847 1232 Υἱὸς

1053 1246 1133 1273 τοῦτο
1146 1247 1177 1274 ’τὸ
1193 1247 1275 1283 μέρος
1289 1247 1336 1273 ’τοῦ
1351 1247 1433 1283 νόμου
1452 1247 1600 1283 ἀνῄρηκεν,
1615 1248 1785 1283 ὁμολογήσας
1798 1247 1848 1274 καὶ

1054 1293 1135 1326 αὐτὸς
1148 1291 1216 1320 εἶναι
1230 1293 1278 1320 τοῦ
1292 1293 1370 1327 θεοῦ,
1385 1293 1413 1320 ἓν
1428 1303 1458 1320 τε
1481 1295 1536 1325 τοῖς
1560 1294 1649 1325 ἄλλοις
1668 1294 1847 1330 καταριθμεῖ-

1054 1349 1098 1366 ται
1114 1340 1151 1376 (2)
1175 1341 1209 1376 τῇ
1234 1340 1336 1376 παλαιᾷ
1358 1340 1473 1376 αἱρέσει,
1500 1340 1547 1367 καὶ
1563 1341 1593 1367 ἐν
1617 1338 1658 1372 οἷς
1678 1341 1728 1376 ἔφη
1746 1341 1760 1366 ὁ
1779 1341 1847 1372 Θεὸς

1055 1385 1156 1412 εἰπών·
1183 1387 1214 1413 '0
1234 1385 1408 1421 κακολογῶν
1431 1386 1543 1421 πατέρα
1557 1387 1576 1422 ἢ
1594 1387 1710 1422 μητέρα
1728 1387 1847 1419 θανάτῳ

1054 1432 1229 1460 τελευτάτω.

214 1463 358 1493 confeSSus
370 1471 426 1499 est;
445 1475 504 1502 qute
530 1476 592 1496 cum
620 1470 646 1497 in
674 1473 781 1501 caeteris
803 1474 838 1501 ad
859 1477 999 1512 antiquam
1018 1481 1134 1509 hmresin
1151 1481 1309 1515 ascribitur,
1323 1486 1379 1509 tum
1394 1481 1422 1509 in
1436 1481 1470 1510 iis
1491 1489 1552 1518 qua;
1579 1481 1652 1511 Deus
1673 1482 1848 1512 hisceverbis

213 1513 324 1540 statuit:
342 1514 394 1548 Qui
414 1515 578 1544 nia/edixerit
591 1520 661 1551 patri
674 1520 714 1547 vel
729 1523 818 1555 matri,
832 1529 914 1552 marte
929 1528 1060 1555 moriatur
1073 1529 1092 1556 ’.

248 1559 289 1586 Ad
304 1559 370 1587 illud
388 1568 452 1588 vero
467 1570 552 1597 genus
576 1566 648 1598 quod
673 1568 806 1602 typicum,
833 1571 891 1599 sive
907 1573 1001 1601 adum-

1091 1578 1126 1604 Τὸ
1148 1578 1176 1604 δέ
1199 1578 1256 1604 ἐστι
1274 1578 1357 1613 μέρος
1372 1578 1455 1605 αὐτοῦ
1478 1579 1602 1610 τυπικὺν,
1619 1578 1650 1605 τὸ
1667 1578 1726 1605 κατ’
1753 1577 1848 1604 εἰκόνα

214 1606 321 1633 bratum
342 1608 453 1642 dicitur,
470 1610 497 1637 id
515 1619 596 1640 omne
616 1615 744 1648 pertinet,
759 1617 841 1652 220
857 1621 929 1654 quod
944 1623 1001 1657 spi-

1053 1623 1107 1649 τῶν
1126 1623 1330 1658 πνευματικῶν,
1348 1624 1395 1650 καὶ
1418 1624 1601 1660 διαφερόντως
1623 1625 1634 1640 ⁵
1659 1625 1794 1659 κείμενον,
1816 1623 1848 1649 τὸ

212 1653 332 1680 ritalium
345 1659 427 1690 atque
437 1658 629 1686 excellentium
646 1669 737 1689 rerum
754 1664 853 1699 ﬁguras
865 1669 999 1703 continet;

211 1699 365 1735 cujusmodi
373 1706 437 1729 sunt
445 1710 587 1731 sacrorum
602 1705 804 1735 otl‘erendorum
814 1713 984 1740 cmremonize
991 1735 998 1748 ,

211 1745 397 1780 circumcisio,
419 1747 580 1782 Sabbatum,
593 1751 742 1787 jejunium,
759 1755 877 1789 Pascha,
894 1765 1000 1794 azyma,

211 1792 320 1829 aliaque
347 1794 447 1822 similia
464 1796 522 1831 lege
551 1800 722 1834 praascripta.
741 1801 806 1834 Qua:
830 1792 1000 1832 omnia-cum

212 1840 281 1868 nihil
306 1842 382 1869 aliud
398 1849 497 1878 praeter
514 1845 614 1880 liguras
640 1851 723 1882 atque
742 1849 875 1885 imagines
901 1851 1000 1885 forent,

211 1887 347 1922 patefacta
361 1890 474 1918 veritate
489 1892 621 1919 translata
633 1897 696 1920 sunt
707 1903 714 1927 ;
724 1895 778 1922 imo
796 1904 859 1924 vero
881 1898 953 1932 quod
967 1898 1001 1925 ad

211 1939 351 1962 externam
365 1937 483 1970 speciem
494 1938 601 1971 attinet,
617 1947 752 1975 usumque
762 1949 925 1977 corporeum
938 1945 1002 1972 sub-

212 1980 278 2012 lata,
292 1983 407 2017 spiritali
427 1984 544 2018 quadam
563 1985 668 2014 ratione
697 1991 802 2015 retenta
814 1993 888 2016 sunt.
903 1988 1000 2018 Iisdem

212 2026 312 2061 quippe
336 2029 512 2057 manentibus
528 2029 618 2058 adhuc
643 2033 810 2067 nominibus,
839 2043 930 2062 rerum
958 2039 1001 2063 est

212 2071 284 2100 facta
301 2074 427 2102 mutatio.
439 2074 506 2102 Nam
523 2076 622 2105 oﬂ‘erre
641 2078 752 2113 quidem
772 2087 850 2107 sacra
867 2080 1001 2109 Dominus

212 2118 350 2148 instituit:
365 2125 393 2147 at
408 2129 461 2148 non
480 2126 618 2150 mutarum
643 2125 789 2159 pecudum,
806 2129 852 2154 aut
872 2127 899 2153 id
913 2135 1000 2162 genus

211 2165 370 2201 sullituum',
390 2167 438 2194 sed
456 2167 588 2204 spiritalis
606 2170 697 2204 potius
718 2171 808 2199 laudis
819 2179 850 2199 ac
867 2173 1000 2208 przedira—

212 2212 312 2243 tionis.
330 2217 357 2240 et
383 2214 572 2249 eucltaristiw;
602 2220 660 2243 tum
688 2216 715 2244 in
741 2218 882 2245 hominum
914 2227 1000 2254 genus

1053 1669 1082 1696 ἐν
1103 1671 1281 1704 προσφοραῖς,
1304 1669 1386 1703 λέγω,
1401 1669 1448 1696 καὶ
1473 1671 1618 1706 περιτομῇ,
1635 1670 1682 1697 καὶ
1702 1669 1845 1702 Σαϐϐάτῳ,

1053 1713 1099 1740 καὶ
1124 1713 1255 1750 νηστείᾳ,
1276 1714 1322 1740 καὶ
1351 1714 1463 1750 Πάσχα,
1492 1714 1540 1741 καὶ
1563 1714 1692 1749 ἀζύμοις,
1717 1714 1764 1740 καὶ
1789 1715 1846 1745 τοῖς

1052 1759 1182 1792 τοιούτοις
1197 1760 1422 1796 νομοθετηθέντα.
1449 1761 1541 1788 Πάντα
1560 1761 1615 1797 γὰρ
1637 1760 1722 1787 ’ταῦτα
1742 1760 1847 1791 εἰκόνες

1053 1806 1099 1832 καὶ
1132 1805 1254 1840 σύμϐολα
1283 1805 1364 1838 ὄντα,
1394 1806 1445 1841 τῆς
1471 1806 1600 1842 ἀληθείας
1629 1805 1845 1841 φανερωθείσης,

1054 1852 1201 1888 μετετέθη·
1217 1852 1287 1879 κατά
1312 1853 1361 1888 μὲν
1375 1853 1405 1879 τὸ
1428 1852 1590 1887 φαινόμενον
1612 1852 1658 1878 καὶ
1681 1851 1847 1887 σωματικῶς

1053 1897 1219 1925 ἐκτελεῖσθαι
1237 1898 1366 1934 ἀνῃρέθη,
1382 1898 1452 1925 κατὰ
1465 1898 1494 1924 δὲ
1509 1898 1539 1924 τὸ
1548 1898 1732 1933 πνευματικὸν
1747 1897 1845 1934 ἀνελὴ-

1053 1943 1125 1979 φοη·
1153 1943 1208 1970 τῶν
1234 1944 1284 1979 μὲν
1326 1945 1467 1980 ὀνομάτων
1497 1943 1551 1970 τῶν
1579 1943 1670 1970 αὐτῶν
1698 1943 1844 1978 μενόντων,

1053 1989 1260 2025 ἐνηλλαγμένων
1280 1990 1308 2017 δὲ
1334 1989 1388 2017 τῶν
1404 1990 1584 2025 πραγμάτων,
1609 1989 1663 2016 Καὶ
1686 1991 1739 2026 γὰρ
1761 1998 1846 2025 προσ-

1053 2034 1138 2070 φορὰς
1162 2035 1327 2071 προσφέρειν
1350 2035 1516 2071 προσέταξεν
1531 2037 1597 2071 ἡμῖν
1615 2037 1630 2062 ὁ
1648 2036 1760 2071 Σωτήρο
1787 2035 1845 2062 ἀλλ’

1051 2079 1112 2114 οὐχὶ
1130 2078 1178 2111 τὰς
1191 2079 1225 2106 δι’
1240 2080 1345 2114 ἀλόγων
1357 2080 1444 2113 ζώων,
1467 2081 1483 2115 ἢ
1504 2080 1606 2107 τούτων
1627 2080 1682 2106 τῶν
1703 2080 1845 2116 θυμιαμά-

1051 2132 1116 2157 των,
1139 2124 1207 2151 ἀλλά
1226 2124 1269 2151 διὰ
1292 2125 1483 2161 πνευματικῶν
1501 2125 1592 2159 αἶνων,
1618 2126 1666 2152 καὶ
1679 2126 1773 2158 δοξῶν,
1797 2126 1845 2153 καὶ

1052 2171 1236 2207 εὐχαριστίας,
1252 2171 1299 2198 καὶ
1316 2171 1359 2201 διὰ
1373 2172 1422 2207 τῆς
1436 2172 1475 2203 εἰς
1488 2173 1551 2204 τοὺς
1566 2171 1679 2207 πλησίον
1702 2172 1846 2203 κοινωνίας

1052 2218 1099 2244 καὶ
1122 2217 1257 2249 εὐποιίας.
1285 2217 1341 2244 Καὶ
1364 2219 1500 2253 περιτομῇ
1528 2217 1746 2253 περιτετμῆσθαι
1771 2219 1845 2254 ἡμᾶς

211 2258 383 2286 liberalitatis
403 2267 435 2287 ac
447 2260 644 2290 beneﬁcentiae.
667 2261 741 2290 Idem
752 2253 997 2300 circumcidiprae-

1054 2263 1189 2298 βούλεται,
1204 2264 1262 2290 ἀλλ’
1278 2264 1338 2299 οὐχὶ
1350 2264 1398 2300 τῆς
1411 2264 1593 2300 ἀκροϐυστίας
1607 2265 1656 2300 τῆς
1671 2265 1844 2300 σωματικῆς,

211 2305 285 2331 terea
294 2311 348 2332 non
360 2306 494 2339 corporis,
511 2306 558 2334 sed
569 2307 662 2336 cordis
676 2308 817 2345 animique
832 2312 997 2346 praeputium

212 2349 297 2383 jubet.
312 2349 432 2386 Itemque
444 2353 548 2380 servari
565 2353 726 2386 Sabbatum,
741 2360 796 2382 uta
813 2357 905 2391 pravis
934 2357 1001 2385 dun-

212 2399 288 2422 taxat
316 2397 472 2425 actionibus
503 2397 642 2426 feriemur.
672 2399 802 2435 Jejunare
830 2409 914 2437 porro
937 2411 1000 2432 cum

213 2440 338 2476 imperat,
355 2450 410 2470 non
430 2443 505 2471 illam
532 2445 656 2480 corporis
684 2446 813 2479 inediam,
842 2448 891 2476 sed
915 2449 999 2476 animi

212 2488 421 2521 temperantiam
445 2490 580 2524 decernit,
598 2495 628 2518 ut
643 2500 657 2518 a
674 2492 784 2527 ﬂagitiis
798 2494 926 2523 omnibus
942 2495 1001 2523 abs-

212 2528 357 2561 tineamus.
392 2534 552 2571 Quanquam
584 2545 600 2564 a
634 2538 735 2566 nostris
769 2540 907 2568 exercitiis
933 2541 1001 2570 illud

213 2586 320 2614 quoque
332 2579 467 2615 jejunium
478 2582 632 2614 adhibetur,
644 2588 779 2619 quatenus
796 2586 829 2613 ad
844 2586 999 2615 animorum

213 2626 358 2654 utilitatem
369 2628 476 2655 confert
486 2628 598 2664 aliquid,
616 2629 639 2656 si
650 2637 712 2657 cum
727 2632 834 2659 ratione
851 2633 998 2668 suscipias;

213 2680 266 2700 non
282 2673 406 2701 imitandi
421 2674 584 2711 cujusquam
597 2676 699 2710 studio,
713 2684 768 2707 non
784 2680 998 2714 consuetudine,

1053 2309 1120 2339 ἀλλὰ
1146 2310 1258 2345 καρδίας
1281 2310 1331 2347 τῆς
1351 2312 1554 2347 πνευματικῆς·
1582 2312 1628 2338 καὶ
1651 2311 1681 2339 τὸ
1705 2311 1845 2338 Σάϐϐατον

1054 2356 1217 2390 φυλάσσειν·
1242 2358 1336 2393 ἀργεῖν
1353 2357 1408 2393 γὰρ
1430 2358 1501 2384 θέλει
1521 2359 1594 2393 ἡμᾶς
1610 2358 1665 2385 ἀπὸ
1687 2357 1740 2385 τῶν
1755 2358 1844 2394 ἔργων

1054 2402 1109 2429 τῶν
1129 2403 1271 2438 πονηρῶν
1297 2404 1344 2429 καὶ
1366 2403 1506 2438 νηστεύειν
1529 2404 1567 2434 δὲ.
1590 2403 1648 2431 ἀλλ’
1666 2404 1696 2430 οὐ
1718 2404 1767 2441 τὴν
1790 2413 1843 2431 σω-

1056 2449 1173 2484 ματικὴν
1201 2448 1323 2484 βούλεται
1349 2450 1476 2486 νηστείαν
1501 2450 1575 2485 ἡμᾶς
1601 2450 1751 2485 νηστεύειν,
1776 2449 1845 2477 ἀλλὰ

1052 2495 1102 2530 τὴν
1126 2495 1329 2531 πνευματικὴν,
1354 2496 1383 2522 ὲν
1446 2496 1519 2522 ἐστιν
1541 2495 1631 2531 ἀποχὴ
1658 2495 1767 2522 πάντων
1791 2495 1845 2522 τῶν

1054 2540 1174 2575 φαύλων.
1192 2541 1360 2568 Φυλάσσεται
1376 2542 1469 2577 μέντοι
1489 2550 1520 2576 γε
1535 2543 1581 2568 καὶ
1604 2542 1679 2578 παρὰ
1702 2543 1759 2574 τοῖς
1775 2543 1844 2578 ἡμε-

1053 2587 1143 2623 τέροις
1169 2588 1186 2623 ἡ
1215 2587 1286 2614 κατά
1313 2588 1344 2615 τὸ
1370 2589 1531 2624 φαινόμενον
1558 2589 1686 2624 νηστεια’
1709 2589 1771 2616 ἐπεὶ
1797 2590 1845 2617 καὶ

1053 2633 1125 2669 ψυχῇ
1150 2643 1176 2660 τι
1199 2634 1400 2669 συμϐάλλεσθαι
1423 2634 1533 2663 δύναται
1558 2635 1638 2671 αὕτη,
1671 2635 1741 2671 μετὰ
1763 2635 1843 2670 λόγου

1053 2680 1198 2715 γινομένη·
1220 2680 1300 2707 ὁπότε
1317 2681 1384 2716 μηδὲ
1408 2681 1452 2708 διὰ
1472 2680 1522 2716 τὴν
1542 2675 1707 2716 πρὸς’τινας
1725 2682 1843 2717 μίμησιν

246 2763 352 2791 'Levit.
371 2771 445 2796 xxiv,
462 2765 505 2792 20.
546 2766 556 2780 '
573 2765 657 2792 Exod.
675 2774 719 2799 xx,
738 2767 779 2796 l3.
819 2769 829 2784 ³
841 2768 927 2797 Levit.
942 2772 1001 2803 xx,!

1064 2770 1074 2785 θ
1088 2769 1117 2796 F.
1136 2771 1284 2806 ἀφεκτέων.
1324 2772 1334 2788 ⁵
1349 2771 1378 2799 F.
1393 2772 1586 2808 διαφερόντων.

246 2856 285 2891 (2)
306 2857 362 2885 Ἐν
375 2865 405 2883 τε
421 2857 482 2896 τοῖς
494 2856 599 2888 ἄλλοις
614 2857 841 2896 καταριθμεῖται.
866 2858 928 2889 ΙΙωο
946 2859 1001 2889 mill

1053 2861 1174 2898 expedita
1191 2869 1222 2890 ac
1256 2861 1359 2899 liquida
1381 2863 1446 2891 mihi
1481 2863 1607 2891 videntur
1635 2869 1641 2889 :

210 2897 319 2927 cunque
334 2892 496 2920 sententiam
514 2893 710 2929 expressimus.

1675 2863 1782 2895 tametsi
1798 2866 1843 2892 ut-
