  <div class='ocr_page' id='page_1' title='image "/cluster/home/n/w/nwhite01/storage/ocr_20150623/41/njp.32101007805813/308.png"; bbox 0 0 1961 3046; ppageno 0'>
   <div class='ocr_carea' id='block_1_1' title="bbox 142 130 202 161">
    <p class='ocr_par' dir='ltr' id='par_1_1' title="bbox 142 130 202 161">
     <span class='ocr_line' id='line_1_1' title="bbox 142 130 202 161; baseline 0 0"><span class='ocrx_word' id='word_1_1' title='bbox 142 130 202 161; x_wconf 70' lang='lat'><strong>535</strong></span> 
     </span>
    </p>
   </div>
   <div class='ocr_carea' id='block_1_2' title="bbox 514 132 1515 166">
    <p class='ocr_par' dir='ltr' id='par_1_2' title="bbox 514 132 1515 166">
     <span class='ocr_line' id='line_1_2' title="bbox 514 132 1515 166; baseline 0.006 -6"><span class='ocrx_word' id='word_1_2' title='bbox 514 132 700 162; x_wconf 74' lang='lat' dir='ltr'><strong>ADVERSUS</strong></span> <span class='ocrx_word' id='word_1_3' title='bbox 719 135 892 166; x_wconf 66' lang='lat' dir='ltr'><strong>HERESES</strong></span> <span class='ocrx_word' id='word_1_4' title='bbox 911 137 976 166; x_wconf 82' lang='lat' dir='ltr'><strong>LIB.</strong></span> <span class='ocrx_word' id='word_1_5' title='bbox 997 137 1018 165; x_wconf 93' lang='lat' dir='ltr'><strong>I.</strong></span> <span class='ocrx_word' id='word_1_6' title='bbox 1041 136 1123 165; x_wconf 87' lang='lat' dir='ltr'><strong>TOM.</strong></span> <span class='ocrx_word' id='word_1_7' title='bbox 1145 137 1216 164; x_wconf 91' lang='lat' dir='ltr'><strong>II.—</strong></span> <span class='ocrx_word' id='word_1_8' title='bbox 1238 137 1377 165; x_wconf 59' lang='lat' dir='ltr'><strong>IIIERES.</strong></span> <span class='ocrx_word' id='word_1_9' title='bbox 1395 137 1515 166; x_wconf 80' lang='lat' dir='ltr'><strong>XXXIII.</strong></span> 
     </span>
    </p>
   </div>
   <div class='ocr_carea' id='block_1_3' title="bbox 1733 138 1788 169">
    <p class='ocr_par' dir='ltr' id='par_1_3' title="bbox 1733 138 1788 169">
     <span class='ocr_line' id='line_1_3' title="bbox 1733 138 1788 169; baseline 0.036 -2"><span class='ocrx_word' id='word_1_10' title='bbox 1733 138 1788 169; x_wconf 79' lang='lat'><strong>565</strong></span> 
     </span>
    </p>
   </div>
   <div class='ocr_carea' id='block_1_4' title="bbox 143 191 944 234">
    <p class='ocr_par' dir='ltr' id='par_1_4' title="bbox 143 191 939 234">
     <span class='ocr_line' id='line_1_4' title="bbox 143 191 939 234; baseline 0.009 -16"><span class='ocrx_word' id='word_1_11' title='bbox 143 192 261 227; x_wconf 82' lang='grc' dir='ltr'>γίνεται,</span> <span class='ocrx_word' id='word_1_12' title='bbox 279 192 347 226; x_wconf 82' lang='grc' dir='ltr'>μήτε</span> <span class='ocrx_word' id='word_1_13' title='bbox 367 191 411 218; x_wconf 78' lang='grc' dir='ltr'>διὰ</span> <span class='ocrx_word' id='word_1_14' title='bbox 423 191 452 218; x_wconf 83' lang='grc' dir='ltr'><strong>τὸ</strong></span> <span class='ocrx_word' id='word_1_15' title='bbox 466 191 537 225; x_wconf 74' lang='grc' dir='ltr'>ἔθος,</span> <span class='ocrx_word' id='word_1_16' title='bbox 555 194 624 230; x_wconf 89' lang='grc' dir='ltr'>μήτε</span> <span class='ocrx_word' id='word_1_17' title='bbox 638 194 681 222; x_wconf 84' lang='grc' dir='ltr'>διὰ</span> <span class='ocrx_word' id='word_1_18' title='bbox 704 195 753 231; x_wconf 87' lang='grc' dir='ltr'><strong>τὴν</strong></span> <span class='ocrx_word' id='word_1_19' title='bbox 769 197 886 234; x_wconf 79' lang='grc' dir='ltr'><strong>ἡμέραν,</strong></span> <span class='ocrx_word' id='word_1_20' title='bbox 902 197 939 229; x_wconf 86' lang='grc' dir='ltr'>ὡς</span> 
     </span>
    </p>
   </div>
   <div class='ocr_carea' id='block_1_5' title="bbox 998 191 1787 234">
    <p class='ocr_par' dir='ltr' id='par_1_5' title="bbox 998 196 1787 234">
     <span class='ocr_line' id='line_1_5' title="bbox 998 196 1787 234; baseline 0.003 -10"><span class='ocrx_word' id='word_1_21' title='bbox 998 205 1046 224; x_wconf 72' lang='grc' dir='ltr'><strong>ιοη</strong></span> <span class='ocrx_word' id='word_1_22' title='bbox 1063 201 1200 225; x_wconf 87' lang='lat' dir='ltr'><strong>certarum</strong></span> <span class='ocrx_word' id='word_1_23' title='bbox 1220 197 1327 224; x_wconf 91' lang='lat' dir='ltr'><strong>dierum</strong></span> <span class='ocrx_word' id='word_1_24' title='bbox 1346 196 1489 232; x_wconf 75' lang='lat' dir='ltr'><strong>religione,</strong></span> <span class='ocrx_word' id='word_1_25' title='bbox 1505 197 1548 225; x_wconf 90' lang='lat' dir='ltr'><strong>vel</strong></span> <span class='ocrx_word' id='word_1_26' title='bbox 1566 197 1679 226; x_wconf 77' lang='lat' dir='ltr'><strong>deﬁnito</strong></span> <span class='ocrx_word' id='word_1_27' title='bbox 1693 198 1787 234; x_wconf 92' lang='lat' dir='ltr'><strong>aliquo</strong></span> 
     </span>
    </p>
   </div>
   <div class='ocr_carea' id='block_1_6' title="bbox 144 237 943 276">
    <p class='ocr_par' dir='ltr' id='par_1_6' title="bbox 144 237 943 276">
     <span class='ocr_line' id='line_1_6' title="bbox 144 237 943 276; baseline 0.01 -13"><span class='ocrx_word' id='word_1_28' title='bbox 144 238 305 274; x_wconf 71' lang='grc' dir='ltr'><strong>ὡρισμένης</strong></span> <span class='ocrx_word' id='word_1_29' title='bbox 329 237 408 263; x_wconf 78' lang='grc' dir='ltr'>τοῦτο</span> <span class='ocrx_word' id='word_1_30' title='bbox 421 238 528 274; x_wconf 79' lang='grc' dir='ltr'>ἡμέρας</span> <span class='ocrx_word' id='word_1_31' title='bbox 550 238 606 275; x_wconf 77' lang='grc'><strong>(5)·</strong></span> <span class='ocrx_word' id='word_1_32' title='bbox 631 240 688 276; x_wconf 73' lang='grc' dir='ltr'><strong>ἅμα</strong></span> <span class='ocrx_word' id='word_1_33' title='bbox 711 242 739 268; x_wconf 84' lang='grc' dir='ltr'><strong>δὲ</strong></span> <span class='ocrx_word' id='word_1_34' title='bbox 756 244 802 270; x_wconf 81' lang='grc' dir='ltr'><strong>καὶ</strong></span> <span class='ocrx_word' id='word_1_35' title='bbox 825 245 865 276; x_wconf 78' lang='grc' dir='ltr'>εἰς</span> <span class='ocrx_word' id='word_1_36' title='bbox 878 244 943 270; x_wconf 81' lang='grc' dir='ltr'>ἀνά-</span> 
     </span>
    </p>
   </div>
   <div class='ocr_carea' id='block_1_7' title="bbox 148 280 942 323">
    <p class='ocr_par' dir='ltr' id='par_1_7' title="bbox 148 280 942 323">
     <span class='ocr_line' id='line_1_7' title="bbox 148 280 942 323; baseline 0.01 -15"><span class='ocrx_word' id='word_1_37' title='bbox 148 292 248 318; x_wconf 80' lang='grc' dir='ltr'>μνησιν</span> <span class='ocrx_word' id='word_1_38' title='bbox 269 283 317 318; x_wconf 81' lang='grc' dir='ltr'>τῆς</span> <span class='ocrx_word' id='word_1_39' title='bbox 334 280 464 318; x_wconf 83' lang='grc' dir='ltr'>ἀληθίνῆς</span> <span class='ocrx_word' id='word_1_40' title='bbox 483 285 621 320; x_wconf 80' lang='grc' dir='ltr'><strong>νηστείας,</strong></span> <span class='ocrx_word' id='word_1_41' title='bbox 638 287 681 313; x_wconf 88' lang='grc' dir='ltr'>ῖνα</span> <span class='ocrx_word' id='word_1_42' title='bbox 695 287 719 313; x_wconf 79' lang='lat' dir='ltr'><strong>oi</strong></span> <span class='ocrx_word' id='word_1_43' title='bbox 742 288 855 323; x_wconf 81' lang='grc' dir='ltr'>μηδέπω</span> <span class='ocrx_word' id='word_1_44' title='bbox 870 289 942 316; x_wconf 75' lang='grc' dir='ltr'>ὲκεί-</span> 
     </span>
    </p>
   </div>
   <div class='ocr_carea' id='block_1_8' title="bbox 145 329 943 370">
    <p class='ocr_par' dir='ltr' id='par_1_8' title="bbox 145 329 943 370">
     <span class='ocr_line' id='line_1_8' title="bbox 145 329 943 370; baseline 0.01 -16"><span class='ocrx_word' id='word_1_45' title='bbox 145 337 197 364; x_wconf 78' lang='grc' dir='ltr'><strong>νην</strong></span> <span class='ocrx_word' id='word_1_46' title='bbox 212 329 358 364; x_wconf 78' lang='grc' dir='ltr'>δυνάμενοι</span> <span class='ocrx_word' id='word_1_47' title='bbox 373 329 513 364; x_wconf 76' lang='grc' dir='ltr'><strong>νηστεύειν</strong></span> <span class='ocrx_word' id='word_1_48' title='bbox 530 331 583 358; x_wconf 81' lang='grc' dir='ltr'><strong>ἀπὸ</strong></span> <span class='ocrx_word' id='word_1_49' title='bbox 601 332 650 367; x_wconf 82' lang='grc' dir='ltr'>τῆς</span> <span class='ocrx_word' id='word_1_50' title='bbox 669 335 742 360; x_wconf 83' lang='grc' dir='ltr'><strong>κατά</strong></span> <span class='ocrx_word' id='word_1_51' title='bbox 762 334 794 361; x_wconf 80' lang='grc' dir='ltr'>τὸ</span> <span class='ocrx_word' id='word_1_52' title='bbox 814 335 943 370; x_wconf 70' lang='grc' dir='ltr'>φαινόμε-</span> 
     </span>
    </p>
   </div>
   <div class='ocr_carea' id='block_1_9' title="bbox 145 375 943 415">
    <p class='ocr_par' dir='ltr' id='par_1_9' title="bbox 145 375 943 415">
     <span class='ocr_line' id='line_1_9' title="bbox 145 375 943 415; baseline 0.006 -14"><span class='ocrx_word' id='word_1_53' title='bbox 145 383 193 402; x_wconf 92' lang='grc' dir='ltr'><strong>νον</strong></span> <span class='ocrx_word' id='word_1_54' title='bbox 220 376 348 410; x_wconf 81' lang='grc' dir='ltr'>νηστείας</span> <span class='ocrx_word' id='word_1_55' title='bbox 370 375 452 410; x_wconf 86' lang='grc' dir='ltr'>ἔχωσι</span> <span class='ocrx_word' id='word_1_56' title='bbox 475 377 524 412; x_wconf 81' lang='grc' dir='ltr'><strong>τὴν</strong></span> <span class='ocrx_word' id='word_1_57' title='bbox 540 377 692 414; x_wconf 85' lang='grc' dir='ltr'>ἀνάμνησιν</span> <span class='ocrx_word' id='word_1_58' title='bbox 710 379 806 415; x_wconf 81' lang='grc' dir='ltr'>αὐτῆς.</span> <span class='ocrx_word' id='word_1_59' title='bbox 834 381 888 408; x_wconf 67' lang='grc' dir='ltr'><strong>Καὶ</strong></span> <span class='ocrx_word' id='word_1_60' title='bbox 912 381 943 406; x_wconf 81' lang='grc' dir='ltr'>τὸ</span> 
     </span>
    </p>
   </div>
   <div class='ocr_carea' id='block_1_10' title="bbox 146 422 941 462">
    <p class='ocr_par' dir='ltr' id='par_1_10' title="bbox 146 422 941 462">
     <span class='ocr_line' id='line_1_10' title="bbox 146 422 941 462; baseline 0.005 -13"><span class='ocrx_word' id='word_1_61' title='bbox 146 422 245 457; x_wconf 69' lang='grc' dir='ltr'>Πάσχα</span> <span class='ocrx_word' id='word_1_62' title='bbox 267 423 295 449; x_wconf 78' lang='grc' dir='ltr'>δὲ</span> <span class='ocrx_word' id='word_1_63' title='bbox 310 423 420 457; x_wconf 81' lang='grc' dir='ltr'>ὁμοίως,</span> <span class='ocrx_word' id='word_1_64' title='bbox 441 422 488 449; x_wconf 66' lang='grc' dir='ltr'><strong>καὶ</strong></span> <span class='ocrx_word' id='word_1_65' title='bbox 504 423 538 449; x_wconf 81' lang='grc' dir='ltr'>τὰ</span> <span class='ocrx_word' id='word_1_66' title='bbox 552 423 655 459; x_wconf 73' lang='grc' dir='ltr'>ἄζυμα,</span> <span class='ocrx_word' id='word_1_67' title='bbox 679 426 720 452; x_wconf 85' lang='grc' dir='ltr'>ὅτι</span> <span class='ocrx_word' id='word_1_68' title='bbox 737 426 839 458; x_wconf 75' lang='grc' dir='ltr'><strong>εἰκόνες</strong></span> <span class='ocrx_word' id='word_1_69' title='bbox 859 425 941 462; x_wconf 86' lang='grc' dir='ltr'>ἦσαν,</span> 
     </span>
    </p>
   </div>
   <div class='ocr_carea' id='block_1_11' title="bbox 144 468 941 507">
    <p class='ocr_par' dir='ltr' id='par_1_11' title="bbox 144 468 941 507">
     <span class='ocr_line' id='line_1_11' title="bbox 144 468 941 507; baseline 0.006 -13"><span class='ocrx_word' id='word_1_70' title='bbox 144 468 223 503; x_wconf 88' lang='grc' dir='ltr'>δηλοῖ</span> <span class='ocrx_word' id='word_1_71' title='bbox 235 468 282 495; x_wconf 80' lang='grc' dir='ltr'>καὶ</span> <span class='ocrx_word' id='word_1_72' title='bbox 299 468 404 500; x_wconf 82' lang='grc' dir='ltr'><strong>Παῦλος</strong></span> <span class='ocrx_word' id='word_1_73' title='bbox 418 470 432 495; x_wconf 86' lang='grc' dir='ltr'>ὁ</span> <span class='ocrx_word' id='word_1_74' title='bbox 446 468 594 501; x_wconf 75' lang='grc' dir='ltr'><strong>ἀπόστολος</strong></span> <span class='ocrx_word' id='word_1_75' title='bbox 605 477 612 484; x_wconf 69' lang='grc' dir='ltr'><strong>ο</strong></span> <span class='ocrx_word' id='word_1_76' title='bbox 632 469 666 496; x_wconf 86' lang='grc' dir='ltr'><strong>Τὸ</strong></span> <span class='ocrx_word' id='word_1_77' title='bbox 679 470 713 497; x_wconf 81' lang='grc' dir='ltr'>δὲ</span> <span class='ocrx_word' id='word_1_78' title='bbox 725 471 831 507; x_wconf 82' lang='grc' dir='ltr'><em>Πάσχα</em></span> <span class='ocrx_word' id='word_1_79' title='bbox 847 471 941 506; x_wconf 81' lang='grc' dir='ltr'>ήμῶν,</span> 
     </span>
    </p>
   </div>
   <div class='ocr_carea' id='block_1_12' title="bbox 144 513 943 553">
    <p class='ocr_par' dir='ltr' id='par_1_12' title="bbox 144 513 943 553">
     <span class='ocr_line' id='line_1_12' title="bbox 144 513 943 553; baseline 0.005 -13"><span class='ocrx_word' id='word_1_80' title='bbox 144 513 267 548; x_wconf 79' lang='grc' dir='ltr'>λέγεται,</span> <span class='ocrx_word' id='word_1_81' title='bbox 278 514 368 548; x_wconf 82' lang='grc' dir='ltr'><strong>ἐτύθη</strong></span> <span class='ocrx_word' id='word_1_82' title='bbox 383 514 523 548; x_wconf 77' lang='grc' dir='ltr'>Χριστός·</span> <span class='ocrx_word' id='word_1_83' title='bbox 535 515 592 548; x_wconf 79' lang='grc' dir='ltr'>καὶ,</span> <span class='ocrx_word' id='word_1_84' title='bbox 608 515 670 543; x_wconf 84' lang='grc' dir='ltr'><strong>Ἵνα</strong></span> <span class='ocrx_word' id='word_1_85' title='bbox 687 514 750 551; x_wconf 83' lang='grc' dir='ltr'>ἦτε,</span> <span class='ocrx_word' id='word_1_86' title='bbox 766 518 858 553; x_wconf 70' lang='grc' dir='ltr'>φησιν,</span> <span class='ocrx_word' id='word_1_87' title='bbox 877 517 943 548; x_wconf 76' lang='grc' dir='ltr'><strong>ἄζυ-</strong></span> 
     </span>
    </p>
   </div>
   <div class='ocr_carea' id='block_1_13' title="bbox 141 559 944 599">
    <p class='ocr_par' dir='ltr' id='par_1_13' title="bbox 141 559 944 599">
     <span class='ocr_line' id='line_1_13' title="bbox 141 559 944 599; baseline 0.006 -13"><span class='ocrx_word' id='word_1_88' title='bbox 141 569 206 594; x_wconf 77' lang='grc' dir='ltr'>μοι,</span> <span class='ocrx_word' id='word_1_89' title='bbox 224 559 267 594; x_wconf 81' lang='grc' dir='ltr'>μὴ</span> <span class='ocrx_word' id='word_1_90' title='bbox 290 560 469 595; x_wconf 80' lang='grc' dir='ltr'><strong>μετέχοντες</strong></span> <span class='ocrx_word' id='word_1_91' title='bbox 483 560 575 595; x_wconf 82' lang='grc' dir='ltr'>ζύμης</span> <span class='ocrx_word' id='word_1_92' title='bbox 593 561 693 597; x_wconf 81' lang='grc' dir='ltr'>(ζῦμην</span> <span class='ocrx_word' id='word_1_93' title='bbox 707 571 736 589; x_wconf 84' lang='grc' dir='ltr'><strong>τε</strong></span> <span class='ocrx_word' id='word_1_94' title='bbox 751 563 797 590; x_wconf 85' lang='grc' dir='ltr'>νῦν</span> <span class='ocrx_word' id='word_1_95' title='bbox 821 563 869 599; x_wconf 84' lang='grc' dir='ltr'><strong>τὴν</strong></span> <span class='ocrx_word' id='word_1_96' title='bbox 895 573 944 591; x_wconf 67' lang='grc' dir='ltr'>»ια-</span> 
     </span>
    </p>
   </div>
   <div class='ocr_carea' id='block_1_14' title="bbox 145 604 695 642">
    <p class='ocr_par' dir='ltr' id='par_1_14' title="bbox 145 604 695 642">
     <span class='ocr_line' id='line_1_14' title="bbox 145 604 695 642; baseline 0.004 -10"><span class='ocrx_word' id='word_1_97' title='bbox 145 605 211 632; x_wconf 77' lang='grc' dir='ltr'>κίαν</span> <span class='ocrx_word' id='word_1_98' title='bbox 223 605 319 640; x_wconf 85' lang='grc' dir='ltr'>λέγει),</span> <span class='ocrx_word' id='word_1_99' title='bbox 333 606 402 633; x_wconf 77' lang='grc' dir='ltr'><strong>ἀλλ’</strong></span> <span class='ocrx_word' id='word_1_100' title='bbox 415 604 468 640; x_wconf 83' lang='grc' dir='ltr'>ἦτε</span> <span class='ocrx_word' id='word_1_101' title='bbox 483 605 555 633; x_wconf 72' lang='grc' dir='ltr'>’νέον</span> <span class='ocrx_word' id='word_1_102' title='bbox 564 607 695 642; x_wconf 69' lang='grc' dir='ltr'>φύραμα.</span> 
     </span>
    </p>
   </div>
   <div class='ocr_carea' id='block_1_15' title="bbox 183 650 943 692">
    <p class='ocr_par' dir='ltr' id='par_1_15' title="bbox 183 650 943 692">
     <span class='ocr_line' id='line_1_15' title="bbox 183 650 943 692; baseline 0.004 -11"><span class='ocrx_word' id='word_1_103' title='bbox 183 654 229 687; x_wconf 71' lang='grc' dir='ltr'><strong>ς’.</strong></span> <span class='ocrx_word' id='word_1_104' title='bbox 236 650 322 686; x_wconf 75' lang='grc' dir='ltr'>Οὗτος</span> <span class='ocrx_word' id='word_1_105' title='bbox 330 652 395 688; x_wconf 82' lang='grc' dir='ltr'>γοῦν</span> <span class='ocrx_word' id='word_1_106' title='bbox 404 654 450 680; x_wconf 78' lang='grc' dir='ltr'>καὶ</span> <span class='ocrx_word' id='word_1_107' title='bbox 458 654 540 685; x_wconf 82' lang='grc' dir='ltr'>αὐτὸς</span> <span class='ocrx_word' id='word_1_108' title='bbox 554 655 567 681; x_wconf 92' lang='lat'><strong>6</strong></span> <span class='ocrx_word' id='word_1_109' title='bbox 575 654 621 681; x_wconf 75' lang='grc' dir='ltr'>τοῦ</span> <span class='ocrx_word' id='word_1_110' title='bbox 631 654 699 682; x_wconf 82' lang='grc' dir='ltr'>Θεοῦ</span> <span class='ocrx_word' id='word_1_111' title='bbox 712 653 781 683; x_wconf 75' lang='grc' dir='ltr'>εἶναι</span> <span class='ocrx_word' id='word_1_112' title='bbox 790 656 871 692; x_wconf 85' lang='grc' dir='ltr'>νόμος</span> <span class='ocrx_word' id='word_1_113' title='bbox 878 658 943 692; x_wconf 85' lang='grc' dir='ltr'>ὁμο-</span> 
     </span>
    </p>
   </div>
   <div class='ocr_carea' id='block_1_16' title="bbox 144 699 942 738">
    <p class='ocr_par' dir='ltr' id='par_1_16' title="bbox 144 699 942 738">
     <span class='ocr_line' id='line_1_16' title="bbox 144 699 942 738; baseline 0.005 -13"><span class='ocrx_word' id='word_1_114' title='bbox 144 699 314 734; x_wconf 79' lang='grc' dir='ltr'>λογούμενος</span> <span class='ocrx_word' id='word_1_115' title='bbox 335 699 376 730; x_wconf 85' lang='grc' dir='ltr'><strong>εἰς</strong></span> <span class='ocrx_word' id='word_1_116' title='bbox 393 699 456 734; x_wconf 86' lang='grc' dir='ltr'>τρία</span> <span class='ocrx_word' id='word_1_117' title='bbox 479 699 634 735; x_wconf 82' lang='grc' dir='ltr'><strong>διαιρεῖται,</strong></span> <span class='ocrx_word' id='word_1_118' title='bbox 660 700 700 732; x_wconf 86' lang='grc' dir='ltr'>εἶς</span> <span class='ocrx_word' id='word_1_119' title='bbox 719 709 749 727; x_wconf 83' lang='grc' dir='ltr'><strong>τε</strong></span> <span class='ocrx_word' id='word_1_120' title='bbox 770 702 801 728; x_wconf 84' lang='grc' dir='ltr'>τὸ</span> <span class='ocrx_word' id='word_1_121' title='bbox 821 701 942 738; x_wconf 86' lang='grc' dir='ltr'>πληρού-</span> 
     </span>
    </p>
   </div>
   <div class='ocr_carea' id='block_1_17' title="bbox 146 744 942 782">
    <p class='ocr_par' dir='ltr' id='par_1_17' title="bbox 146 744 942 782">
     <span class='ocr_line' id='line_1_17' title="bbox 146 744 942 782; baseline 0.005 -11"><span class='ocrx_word' id='word_1_122' title='bbox 146 753 228 780; x_wconf 81' lang='grc' dir='ltr'><strong>μενον</strong></span> <span class='ocrx_word' id='word_1_123' title='bbox 254 744 309 771; x_wconf 84' lang='grc' dir='ltr'><strong>ἀπὸ</strong></span> <span class='ocrx_word' id='word_1_124' title='bbox 329 744 376 772; x_wconf 75' lang='grc' dir='ltr'>τοῦ</span> <span class='ocrx_word' id='word_1_125' title='bbox 404 745 548 780; x_wconf 76' lang='grc' dir='ltr'><strong>Σωτῆρος*</strong></span> <span class='ocrx_word' id='word_1_126' title='bbox 570 745 600 772; x_wconf 86' lang='grc' dir='ltr'><strong>τδ</strong></span> <span class='ocrx_word' id='word_1_127' title='bbox 621 745 686 782; x_wconf 79' lang='grc' dir='ltr'>γὰρ,</span> <span class='ocrx_word' id='word_1_128' title='bbox 705 748 746 774; x_wconf 85' lang='grc' dir='ltr'><strong>Οὺ</strong></span> <span class='ocrx_word' id='word_1_129' title='bbox 771 749 942 782; x_wconf 73' lang='grc' dir='ltr'><strong>φονεύσεις,</strong></span> 
     </span>
    </p>
   </div>
   <div class='ocr_carea' id='block_1_18' title="bbox 140 790 942 828">
    <p class='ocr_par' dir='ltr' id='par_1_18' title="bbox 140 790 942 828">
     <span class='ocr_line' id='line_1_18' title="bbox 140 790 942 828; baseline 0.005 -12"><span class='ocrx_word' id='word_1_130' title='bbox 140 791 186 817; x_wconf 84' lang='grc' dir='ltr'><strong>οὺ</strong></span> <span class='ocrx_word' id='word_1_131' title='bbox 206 790 393 825; x_wconf 83' lang='grc' dir='ltr'>μοιχεύσεις,</span> <span class='ocrx_word' id='word_1_132' title='bbox 418 791 479 817; x_wconf 81' lang='grc' dir='ltr'><strong>Οὐκ</strong></span> <span class='ocrx_word' id='word_1_133' title='bbox 504 790 714 825; x_wconf 81' lang='grc' dir='ltr'><strong>ἐπιορκήσεις,</strong></span> <span class='ocrx_word' id='word_1_134' title='bbox 745 793 773 818; x_wconf 82' lang='grc' dir='ltr'>ὲν</span> <span class='ocrx_word' id='word_1_135' title='bbox 799 792 849 828; x_wconf 84' lang='grc' dir='ltr'><strong>τῷ,</strong></span> <span class='ocrx_word' id='word_1_136' title='bbox 865 793 942 828; x_wconf 78' lang='grc' dir='ltr'>Μηδ¹</span> 
     </span>
    </p>
   </div>
   <div class='ocr_carea' id='block_1_19' title="bbox 144 836 940 875">
    <p class='ocr_par' dir='ltr' id='par_1_19' title="bbox 144 836 940 875">
     <span class='ocr_line' id='line_1_19' title="bbox 144 836 940 875; baseline 0.005 -13"><span class='ocrx_word' id='word_1_137' title='bbox 144 836 334 871; x_wconf 76' lang='grc' dir='ltr'>ὀργισθῆναι,</span> <span class='ocrx_word' id='word_1_138' title='bbox 358 836 436 871; x_wconf 84' lang='grc' dir='ltr'>μηδὲ</span> <span class='ocrx_word' id='word_1_139' title='bbox 457 836 656 872; x_wconf 75' lang='grc' dir='ltr'>ἐπιθυμήσεις</span> <span class='ocrx_word' id='word_1_140' title='bbox 674 839 682 854; x_wconf 86' lang='grc'>¹</span> <span class='ocrx_word' id='word_1_141' title='bbox 699 858 706 870; x_wconf 87' lang='grc'><strong>,</strong></span> <span class='ocrx_word' id='word_1_142' title='bbox 734 839 940 875; x_wconf 82' lang='grc' dir='ltr'>περιείληπται·</span> 
     </span>
    </p>
   </div>
   <div class='ocr_carea' id='block_1_20' title="bbox 145 875 980 920">
    <p class='ocr_par' dir='ltr' id='par_1_20' title="bbox 145 875 980 920">
     <span class='ocr_line' id='line_1_20' title="bbox 145 875 980 920; baseline 0.006 -11"><span class='ocrx_word' id='word_1_143' title='bbox 145 883 292 918; x_wconf 80' lang='grc' dir='ltr'>διαιρεῖται</span> <span class='ocrx_word' id='word_1_144' title='bbox 313 883 342 910; x_wconf 80' lang='grc' dir='ltr'><strong>δὲ</strong></span> <span class='ocrx_word' id='word_1_145' title='bbox 360 884 408 910; x_wconf 70' lang='grc' dir='ltr'>καὶ</span> <span class='ocrx_word' id='word_1_146' title='bbox 427 884 466 915; x_wconf 85' lang='grc' dir='ltr'><strong>είς</strong></span> <span class='ocrx_word' id='word_1_147' title='bbox 485 883 515 910; x_wconf 83' lang='grc' dir='ltr'>τὸ</span> <span class='ocrx_word' id='word_1_148' title='bbox 540 884 736 920; x_wconf 77' lang='grc' dir='ltr'><strong>ἀναιρούμενον</strong></span> <span class='ocrx_word' id='word_1_149' title='bbox 760 886 880 918; x_wconf 84' lang='grc' dir='ltr'>τελείως.</span> <span class='ocrx_word' id='word_1_150' title='bbox 907 887 944 914; x_wconf 82' lang='grc' dir='ltr'><strong>Τὸ</strong></span> <span class='ocrx_word' id='word_1_151' title='bbox 960 875 980 901; x_wconf 69' lang='grc' dir='ltr'>Β</span> 
     </span>
    </p>
   </div>
   <div class='ocr_carea' id='block_1_21' title="bbox 145 930 944 967">
    <p class='ocr_par' dir='ltr' id='par_1_21' title="bbox 145 930 944 967">
     <span class='ocr_line' id='line_1_21' title="bbox 145 930 944 967; baseline 0.004 -10"><span class='ocrx_word' id='word_1_152' title='bbox 145 932 211 966; x_wconf 79' lang='grc' dir='ltr'>γὰρ,</span> <span class='ocrx_word' id='word_1_153' title='bbox 229 930 402 965; x_wconf 66' lang='grc' dir='ltr'><strong>Ὀφθαλμὸν·</strong></span> <span class='ocrx_word' id='word_1_154' title='bbox 414 930 481 958; x_wconf 81' lang='grc' dir='ltr'>ἀντὶ</span> <span class='ocrx_word' id='word_1_155' title='bbox 498 931 666 967; x_wconf 67' lang='grc' dir='ltr'>ὀφθαλμοῦ,</span> <span class='ocrx_word' id='word_1_156' title='bbox 684 933 732 959; x_wconf 72' lang='grc' dir='ltr'>καὶ</span> <span class='ocrx_word' id='word_1_157' title='bbox 752 932 862 960; x_wconf 78' lang='grc' dir='ltr'><strong>ὀδόντα</strong></span> <span class='ocrx_word' id='word_1_158' title='bbox 877 933 944 961; x_wconf 76' lang='grc' dir='ltr'>ἀντὶ</span> 
     </span>
    </p>
   </div>
   <div class='ocr_carea' id='block_1_22' title="bbox 145 977 944 1015">
    <p class='ocr_par' dir='ltr' id='par_1_22' title="bbox 145 977 944 1015">
     <span class='ocr_line' id='line_1_22' title="bbox 145 977 944 1015; baseline 0.005 -12"><span class='ocrx_word' id='word_1_159' title='bbox 145 977 290 1011; x_wconf 70' lang='grc' dir='ltr'>ὀδόντος,</span> <span class='ocrx_word' id='word_1_160' title='bbox 321 977 568 1013; x_wconf 81' lang='grc' dir='ltr'>συμπεπλεγμένον</span> <span class='ocrx_word' id='word_1_161' title='bbox 596 979 630 1014; x_wconf 86' lang='grc' dir='ltr'>τῇ</span> <span class='ocrx_word' id='word_1_162' title='bbox 662 978 770 1015; x_wconf 87' lang='grc' dir='ltr'>ἀδικίᾳ,</span> <span class='ocrx_word' id='word_1_163' title='bbox 802 979 849 1006; x_wconf 75' lang='grc' dir='ltr'><strong>καὶ</strong></span> <span class='ocrx_word' id='word_1_164' title='bbox 879 980 944 1007; x_wconf 78' lang='grc' dir='ltr'>αὐτὸ</span> 
     </span>
    </p>
   </div>
   <div class='ocr_carea' id='block_1_23' title="bbox 146 1023 944 1061">
    <p class='ocr_par' dir='ltr' id='par_1_23' title="bbox 146 1023 944 1061">
     <span class='ocr_line' id='line_1_23' title="bbox 146 1023 944 1061; baseline 0.003 -11"><span class='ocrx_word' id='word_1_165' title='bbox 146 1023 227 1059; x_wconf 73' lang='grc' dir='ltr'>ἔργον</span> <span class='ocrx_word' id='word_1_166' title='bbox 241 1024 292 1059; x_wconf 83' lang='grc' dir='ltr'><strong>τῆς</strong></span> <span class='ocrx_word' id='word_1_167' title='bbox 314 1023 422 1056; x_wconf 81' lang='grc' dir='ltr'><strong>ἀδικίας</strong></span> <span class='ocrx_word' id='word_1_168' title='bbox 449 1023 520 1060; x_wconf 74' lang='grc' dir='ltr'>ἔχον,</span> <span class='ocrx_word' id='word_1_169' title='bbox 545 1024 667 1060; x_wconf 80' lang='grc' dir='ltr'><strong>ἀνῃρέθη</strong></span> <span class='ocrx_word' id='word_1_170' title='bbox 683 1025 736 1051; x_wconf 82' lang='grc' dir='ltr'>ὑπὸ</span> <span class='ocrx_word' id='word_1_171' title='bbox 756 1024 804 1051; x_wconf 78' lang='grc' dir='ltr'>τοῦ</span> <span class='ocrx_word' id='word_1_172' title='bbox 817 1025 944 1061; x_wconf 82' lang='grc' dir='ltr'>Σωτῆρος</span> 
     </span>
    </p>
   </div>
   <div class='ocr_carea' id='block_1_24' title="bbox 143 1070 944 1107">
    <p class='ocr_par' dir='ltr' id='par_1_24' title="bbox 143 1070 944 1107">
     <span class='ocr_line' id='line_1_24' title="bbox 143 1070 944 1107; baseline 0.004 -11"><span class='ocrx_word' id='word_1_173' title='bbox 143 1070 191 1096; x_wconf 72' lang='grc' dir='ltr'>διὰ</span> <span class='ocrx_word' id='word_1_174' title='bbox 219 1070 273 1097; x_wconf 83' lang='grc' dir='ltr'><strong>τῶν</strong></span> <span class='ocrx_word' id='word_1_175' title='bbox 300 1070 440 1097; x_wconf 73' lang='grc' dir='ltr'>ἐναντίων.</span> <span class='ocrx_word' id='word_1_176' title='bbox 470 1070 511 1097; x_wconf 80' lang='grc' dir='ltr'><strong>Τὰ</strong></span> <span class='ocrx_word' id='word_1_177' title='bbox 536 1070 564 1097; x_wconf 83' lang='grc' dir='ltr'>δὲ</span> <span class='ocrx_word' id='word_1_178' title='bbox 594 1071 703 1098; x_wconf 76' lang='grc' dir='ltr'>ἐναντία</span> <span class='ocrx_word' id='word_1_179' title='bbox 725 1071 847 1107; x_wconf 89' lang='grc' dir='ltr'>ἀλλήλων</span> <span class='ocrx_word' id='word_1_180' title='bbox 875 1072 944 1099; x_wconf 80' lang='grc' dir='ltr'>εἰσὶν</span> 
     </span>
    </p>
   </div>
   <div class='ocr_carea' id='block_1_25' title="bbox 146 1115 943 1152">
    <p class='ocr_par' dir='ltr' id='par_1_25' title="bbox 146 1115 943 1152">
     <span class='ocr_line' id='line_1_25' title="bbox 146 1115 943 1152; baseline 0.003 -10"><span class='ocrx_word' id='word_1_181' title='bbox 146 1115 318 1152; x_wconf 81' lang='grc' dir='ltr'>ἁναιρετικά.</span> <span class='ocrx_word' id='word_1_182' title='bbox 346 1115 420 1150; x_wconf 81' lang='grc' dir='ltr'><strong>Ἐγὼ</strong></span> <span class='ocrx_word' id='word_1_183' title='bbox 439 1116 496 1151; x_wconf 74' lang='grc' dir='ltr'><strong>γὰρ</strong></span> <span class='ocrx_word' id='word_1_184' title='bbox 517 1116 596 1151; x_wconf 76' lang='grc' dir='ltr'><strong>λέγω</strong></span> <span class='ocrx_word' id='word_1_185' title='bbox 611 1116 683 1151; x_wconf 78' lang='grc' dir='ltr'>ὑμῖν</span> <span class='ocrx_word' id='word_1_186' title='bbox 699 1117 742 1152; x_wconf 79' lang='grc' dir='ltr'>μὴ</span> <span class='ocrx_word' id='word_1_187' title='bbox 765 1117 943 1152; x_wconf 79' lang='grc' dir='ltr'><strong>ἀντιστῆναι</strong></span> 
     </span>
    </p>
   </div>
   <div class='ocr_carea' id='block_1_26' title="bbox 145 1160 944 1197">
    <p class='ocr_par' dir='ltr' id='par_1_26' title="bbox 145 1160 944 1197">
     <span class='ocr_line' id='line_1_26' title="bbox 145 1160 944 1197; baseline 0.003 -10"><span class='ocrx_word' id='word_1_188' title='bbox 145 1161 163 1187; x_wconf 82' lang='grc' dir='ltr'><em>ὅ</em></span> <span class='ocrx_word' id='word_1_189' title='bbox 176 1163 225 1194; x_wconf 86' lang='grc' dir='ltr'>ιως</span> <span class='ocrx_word' id='word_1_190' title='bbox 238 1160 278 1193; x_wconf 88' lang='grc' dir='ltr'>τῷ</span> <span class='ocrx_word' id='word_1_191' title='bbox 297 1160 429 1195; x_wconf 80' lang='grc' dir='ltr'><strong>πονηρῷ,</strong></span> <span class='ocrx_word' id='word_1_192' title='bbox 447 1161 527 1188; x_wconf 83' lang='grc' dir='ltr'><strong>ἀλλὰ</strong></span> <span class='ocrx_word' id='word_1_193' title='bbox 538 1160 592 1190; x_wconf 81' lang='grc' dir='ltr'><strong>ἐάν</strong></span> <span class='ocrx_word' id='word_1_194' title='bbox 607 1162 653 1194; x_wconf 82' lang='grc' dir='ltr'><strong>τίς</strong></span> <span class='ocrx_word' id='word_1_195' title='bbox 667 1169 704 1188; x_wconf 85' lang='grc' dir='ltr'><strong>σε</strong></span> <span class='ocrx_word' id='word_1_196' title='bbox 716 1162 842 1197; x_wconf 77' lang='grc' dir='ltr'>ραπίσῃ,</span> <span class='ocrx_word' id='word_1_197' title='bbox 858 1163 944 1196; x_wconf 79' lang='grc' dir='ltr'>στρέ-</span> 
     </span>
    </p>
   </div>
   <div class='ocr_carea' id='block_1_27' title="bbox 146 1207 943 1244">
    <p class='ocr_par' dir='ltr' id='par_1_27' title="bbox 146 1207 943 1244">
     <span class='ocr_line' id='line_1_27' title="bbox 146 1207 943 1244; baseline 0.004 -11"><span class='ocrx_word' id='word_1_198' title='bbox 146 1209 209 1241; x_wconf 69' lang='grc' dir='ltr'><strong>ψον</strong></span> <span class='ocrx_word' id='word_1_199' title='bbox 223 1207 304 1239; x_wconf 79' lang='grc' dir='ltr'><strong>αὐτῷ</strong></span> <span class='ocrx_word' id='word_1_200' title='bbox 318 1207 368 1234; x_wconf 80' lang='grc' dir='ltr'><strong>καὶ</strong></span> <span class='ocrx_word' id='word_1_201' title='bbox 385 1207 443 1241; x_wconf 76' lang='grc' dir='ltr'><strong>τὴν</strong></span> <span class='ocrx_word' id='word_1_202' title='bbox 456 1207 558 1242; x_wconf 75' lang='grc' dir='ltr'>ἄλλην</span> <span class='ocrx_word' id='word_1_203' title='bbox 571 1208 708 1243; x_wconf 79' lang='grc' dir='ltr'>σιαγόνα.</span> <span class='ocrx_word' id='word_1_204' title='bbox 740 1208 943 1244; x_wconf 83' lang='grc' dir='ltr'>Ἀλληγορείται</span> 
     </span>
    </p>
   </div>
   <div class='ocr_carea' id='block_1_28' title="bbox 144 1253 942 1289">
    <p class='ocr_par' dir='ltr' id='par_1_28' title="bbox 144 1253 942 1289">
     <span class='ocr_line' id='line_1_28' title="bbox 144 1253 942 1289; baseline 0.004 -10"><span class='ocrx_word' id='word_1_205' title='bbox 144 1253 176 1280; x_wconf 77' lang='grc' dir='ltr'>δὲ</span> <span class='ocrx_word' id='word_1_206' title='bbox 201 1253 248 1280; x_wconf 79' lang='grc' dir='ltr'><strong>καὶ</strong></span> <span class='ocrx_word' id='word_1_207' title='bbox 263 1254 303 1285; x_wconf 83' lang='grc' dir='ltr'><strong>είς</strong></span> <span class='ocrx_word' id='word_1_208' title='bbox 323 1253 354 1279; x_wconf 84' lang='grc' dir='ltr'>τὸ</span> <span class='ocrx_word' id='word_1_209' title='bbox 384 1253 542 1288; x_wconf 76' lang='grc' dir='ltr'><strong>μετατεθὲν,</strong></span> <span class='ocrx_word' id='word_1_210' title='bbox 567 1254 614 1280; x_wconf 78' lang='grc' dir='ltr'>καὶ</span> <span class='ocrx_word' id='word_1_211' title='bbox 644 1254 791 1289; x_wconf 78' lang='grc' dir='ltr'>ὲναλλαγὲν</span> <span class='ocrx_word' id='word_1_212' title='bbox 817 1255 870 1282; x_wconf 79' lang='grc' dir='ltr'>ἀπὸ</span> <span class='ocrx_word' id='word_1_213' title='bbox 894 1255 942 1282; x_wconf 82' lang='grc' dir='ltr'>τοῦ</span> 
     </span>
    </p>
   </div>
   <div class='ocr_carea' id='block_1_29' title="bbox 147 1299 942 1336">
    <p class='ocr_par' dir='ltr' id='par_1_29' title="bbox 147 1299 942 1336">
     <span class='ocr_line' id='line_1_29' title="bbox 147 1299 942 1336; baseline 0.004 -11"><span class='ocrx_word' id='word_1_214' title='bbox 147 1299 309 1335; x_wconf 87' lang='grc' dir='ltr'>σωματικοῦ</span> <span class='ocrx_word' id='word_1_215' title='bbox 323 1299 370 1327; x_wconf 70' lang='grc' dir='ltr'><strong>ἐπὶ</strong></span> <span class='ocrx_word' id='word_1_216' title='bbox 387 1299 418 1326; x_wconf 78' lang='grc' dir='ltr'>τὺ</span> <span class='ocrx_word' id='word_1_217' title='bbox 432 1300 618 1335; x_wconf 83' lang='grc' dir='ltr'>πνευματικὸν</span> <span class='ocrx_word' id='word_1_218' title='bbox 631 1300 662 1327; x_wconf 80' lang='grc' dir='ltr'><strong>τὸ</strong></span> <span class='ocrx_word' id='word_1_219' title='bbox 674 1301 838 1336; x_wconf 76' lang='grc' dir='ltr'>συμϐολικὸν</span> <span class='ocrx_word' id='word_1_220' title='bbox 853 1301 942 1335; x_wconf 82' lang='grc' dir='ltr'>τοῦτο,</span> 
     </span>
    </p>
   </div>
   <div class='ocr_carea' id='block_1_30' title="bbox 147 1345 942 1383">
    <p class='ocr_par' dir='ltr' id='par_1_30' title="bbox 147 1345 942 1383">
     <span class='ocr_line' id='line_1_30' title="bbox 147 1345 942 1383; baseline 0.005 -12"><span class='ocrx_word' id='word_1_221' title='bbox 147 1345 209 1372; x_wconf 69' lang='grc' dir='ltr'>κατ’</span> <span class='ocrx_word' id='word_1_222' title='bbox 230 1346 322 1372; x_wconf 80' lang='grc' dir='ltr'>εἰκόνα</span> <span class='ocrx_word' id='word_1_223' title='bbox 346 1345 401 1372; x_wconf 85' lang='grc' dir='ltr'><strong>τῶν</strong></span> <span class='ocrx_word' id='word_1_224' title='bbox 421 1346 603 1381; x_wconf 75' lang='grc' dir='ltr'>διαφερόντων</span> <span class='ocrx_word' id='word_1_225' title='bbox 628 1346 885 1383; x_wconf 84' lang='grc' dir='ltr'>νενομοθετημένον.</span> <span class='ocrx_word' id='word_1_226' title='bbox 910 1350 942 1375; x_wconf 80' lang='grc' dir='ltr'><strong>Αἱ</strong></span> 
     </span>
    </p>
   </div>
   <div class='ocr_carea' id='block_1_31' title="bbox 149 1391 944 1427">
    <p class='ocr_par' dir='ltr' id='par_1_31' title="bbox 149 1391 944 1427">
     <span class='ocr_line' id='line_1_31' title="bbox 149 1391 944 1427; baseline 0.004 -10"><span class='ocrx_word' id='word_1_227' title='bbox 149 1391 204 1425; x_wconf 78' lang='grc' dir='ltr'>γὰρ</span> <span class='ocrx_word' id='word_1_228' title='bbox 222 1391 325 1422; x_wconf 80' lang='grc' dir='ltr'>εἰκόνες</span> <span class='ocrx_word' id='word_1_229' title='bbox 338 1391 433 1418; x_wconf 76' lang='grc' dir='ltr'>καὶτὰ</span> <span class='ocrx_word' id='word_1_230' title='bbox 448 1391 580 1426; x_wconf 76' lang='grc' dir='ltr'>σύμϐολα,</span> <span class='ocrx_word' id='word_1_231' title='bbox 591 1392 783 1427; x_wconf 84' lang='grc' dir='ltr'>παραστατικὰ</span> <span class='ocrx_word' id='word_1_232' title='bbox 804 1393 868 1419; x_wconf 81' lang='grc' dir='ltr'>ὅντα</span> <span class='ocrx_word' id='word_1_233' title='bbox 885 1393 944 1420; x_wconf 81' lang='grc' dir='ltr'>ἐτέ-</span> 
     </span>
    </p>
   </div>
   <div class='ocr_carea' id='block_1_32' title="bbox 150 1435 942 1474">
    <p class='ocr_par' dir='ltr' id='par_1_32' title="bbox 150 1435 942 1474">
     <span class='ocr_line' id='line_1_32' title="bbox 150 1435 942 1474; baseline 0.006 -14"><span class='ocrx_word' id='word_1_234' title='bbox 150 1435 511 1470; x_wconf 82' lang='grc' dir='ltr'>ρωνπραγμάτων,καλῶς</span> <span class='ocrx_word' id='word_1_235' title='bbox 535 1436 656 1470; x_wconf 72' lang='grc' dir='ltr'>ἐγίνοντο</span> <span class='ocrx_word' id='word_1_236' title='bbox 685 1437 764 1473; x_wconf 83' lang='grc' dir='ltr'>μέχρι</span> <span class='ocrx_word' id='word_1_237' title='bbox 789 1437 826 1473; x_wconf 86' lang='grc' dir='ltr'>μὴ</span> <span class='ocrx_word' id='word_1_238' title='bbox 852 1439 942 1474; x_wconf 83' lang='grc' dir='ltr'>παρῆν</span> 
     </span>
    </p>
   </div>
   <div class='ocr_carea' id='block_1_33' title="bbox 147 1480 944 1519">
    <p class='ocr_par' dir='ltr' id='par_1_33' title="bbox 147 1480 944 1519">
     <span class='ocr_line' id='line_1_33' title="bbox 147 1480 944 1519; baseline 0.005 -13"><span class='ocrx_word' id='word_1_239' title='bbox 147 1480 272 1516; x_wconf 83' lang='grc' dir='ltr'>ἀλήθεια.</span> <span class='ocrx_word' id='word_1_240' title='bbox 287 1480 434 1516; x_wconf 78' lang='grc' dir='ltr'>Παρούσης</span> <span class='ocrx_word' id='word_1_241' title='bbox 444 1481 473 1508; x_wconf 80' lang='grc' dir='ltr'><strong>δὲ</strong></span> <span class='ocrx_word' id='word_1_242' title='bbox 486 1483 535 1517; x_wconf 88' lang='grc' dir='ltr'>τῆς</span> <span class='ocrx_word' id='word_1_243' title='bbox 547 1481 686 1517; x_wconf 79' lang='grc' dir='ltr'>ἀληθείας,</span> <span class='ocrx_word' id='word_1_244' title='bbox 702 1482 737 1508; x_wconf 84' lang='grc' dir='ltr'>τὰ</span> <span class='ocrx_word' id='word_1_245' title='bbox 751 1483 800 1518; x_wconf 86' lang='grc' dir='ltr'>τῆς</span> <span class='ocrx_word' id='word_1_246' title='bbox 815 1483 944 1519; x_wconf 85' lang='grc' dir='ltr'>ἀληθείας</span> 
     </span>
    </p>
   </div>
   <div class='ocr_carea' id='block_1_34' title="bbox 147 1526 944 1566">
    <p class='ocr_par' dir='ltr' id='par_1_34' title="bbox 147 1526 944 1566">
     <span class='ocr_line' id='line_1_34' title="bbox 147 1526 944 1566; baseline 0.005 -13"><span class='ocrx_word' id='word_1_247' title='bbox 147 1526 189 1553; x_wconf 85' lang='grc' dir='ltr'>δεῖ</span> <span class='ocrx_word' id='word_1_248' title='bbox 203 1529 298 1559; x_wconf 79' lang='grc' dir='ltr'>ποιεῖν,</span> <span class='ocrx_word' id='word_1_249' title='bbox 320 1528 350 1554; x_wconf 80' lang='grc' dir='ltr'>οὐ</span> <span class='ocrx_word' id='word_1_250' title='bbox 373 1527 406 1554; x_wconf 71' lang='grc' dir='ltr'>τὰ</span> <span class='ocrx_word' id='word_1_251' title='bbox 419 1528 468 1563; x_wconf 81' lang='grc' dir='ltr'>τῆς</span> <span class='ocrx_word' id='word_1_252' title='bbox 484 1529 600 1560; x_wconf 79' lang='grc' dir='ltr'>εἰκόνος.</span> <span class='ocrx_word' id='word_1_253' title='bbox 624 1528 717 1556; x_wconf 78' lang='grc' dir='ltr'>Ταῦτα</span> <span class='ocrx_word' id='word_1_254' title='bbox 738 1529 766 1556; x_wconf 82' lang='grc' dir='ltr'>δὲ</span> <span class='ocrx_word' id='word_1_255' title='bbox 781 1530 828 1556; x_wconf 66' lang='grc' dir='ltr'><strong>καὶ</strong></span> <span class='ocrx_word' id='word_1_256' title='bbox 844 1530 868 1556; x_wconf 84' lang='grc' dir='ltr'><strong>οἱ</strong></span> <span class='ocrx_word' id='word_1_257' title='bbox 893 1539 944 1566; x_wconf 88' lang='grc' dir='ltr'>μα-</span> 
     </span>
    </p>
   </div>
   <div class='ocr_carea' id='block_1_35' title="bbox 148 1573 945 1609">
    <p class='ocr_par' dir='ltr' id='par_1_35' title="bbox 148 1573 945 1609">
     <span class='ocr_line' id='line_1_35' title="bbox 148 1573 945 1609; baseline 0.006 -10"><span class='ocrx_word' id='word_1_258' title='bbox 148 1573 230 1608; x_wconf 85' lang='grc' dir='ltr'>θηταὶ</span> <span class='ocrx_word' id='word_1_259' title='bbox 258 1573 350 1606; x_wconf 81' lang='grc' dir='ltr'>αὐτοῦ,</span> <span class='ocrx_word' id='word_1_260' title='bbox 387 1575 435 1601; x_wconf 80' lang='grc' dir='ltr'>καὶ</span> <span class='ocrx_word' id='word_1_261' title='bbox 458 1575 472 1600; x_wconf 97' lang='lat'><strong>6</strong></span> <span class='ocrx_word' id='word_1_262' title='bbox 492 1575 640 1607; x_wconf 78' lang='grc' dir='ltr'>ἀπόστολος</span> <span class='ocrx_word' id='word_1_263' title='bbox 660 1575 746 1608; x_wconf 78' lang='grc' dir='ltr'>ἔδειξε</span> <span class='ocrx_word' id='word_1_264' title='bbox 771 1576 892 1609; x_wconf 81' lang='grc' dir='ltr'>Παῦλος·</span> <span class='ocrx_word' id='word_1_265' title='bbox 915 1578 945 1604; x_wconf 84' lang='grc' dir='ltr'><strong>τὸ</strong></span> 
     </span>
    </p>
   </div>
   <div class='ocr_carea' id='block_1_36' title="bbox 151 1619 946 1658">
    <p class='ocr_par' dir='ltr' id='par_1_36' title="bbox 151 1619 946 1658">
     <span class='ocr_line' id='line_1_36' title="bbox 151 1619 946 1658; baseline 0.005 -13"><span class='ocrx_word' id='word_1_266' title='bbox 151 1619 200 1654; x_wconf 79' lang='grc' dir='ltr'><strong>μὲν</strong></span> <span class='ocrx_word' id='word_1_267' title='bbox 214 1619 268 1646; x_wconf 85' lang='grc' dir='ltr'>τῶν</span> <span class='ocrx_word' id='word_1_268' title='bbox 293 1620 417 1653; x_wconf 72' lang='grc' dir='ltr'>εἰκόνων,</span> <span class='ocrx_word' id='word_1_269' title='bbox 433 1620 470 1652; x_wconf 86' lang='grc' dir='ltr'>ὡς</span> <span class='ocrx_word' id='word_1_270' title='bbox 495 1621 545 1656; x_wconf 72' lang='grc' dir='ltr'>ήδη</span> <span class='ocrx_word' id='word_1_271' title='bbox 575 1620 699 1657; x_wconf 73' lang='grc' dir='ltr'>εἴπομεν,</span> <span class='ocrx_word' id='word_1_272' title='bbox 717 1622 761 1648; x_wconf 77' lang='grc' dir='ltr'>διὰ</span> <span class='ocrx_word' id='word_1_273' title='bbox 776 1621 823 1648; x_wconf 77' lang='grc' dir='ltr'>τοῦ</span> <span class='ocrx_word' id='word_1_274' title='bbox 849 1623 946 1658; x_wconf 78' lang='grc' dir='ltr'>Πάσχα</span> 
     </span>
    </p>
   </div>
   <div class='ocr_carea' id='block_1_37' title="bbox 149 1665 947 1704">
    <p class='ocr_par' dir='ltr' id='par_1_37' title="bbox 149 1665 947 1704">
     <span class='ocr_line' id='line_1_37' title="bbox 149 1665 947 1704; baseline 0.005 -13"><span class='ocrx_word' id='word_1_275' title='bbox 149 1665 197 1692; x_wconf 75' lang='grc' dir='ltr'><strong>καὶ</strong></span> <span class='ocrx_word' id='word_1_276' title='bbox 230 1665 284 1692; x_wconf 84' lang='grc' dir='ltr'><strong>τῶν</strong></span> <span class='ocrx_word' id='word_1_277' title='bbox 305 1665 418 1701; x_wconf 78' lang='grc' dir='ltr'>ἀζύμων</span> <span class='ocrx_word' id='word_1_278' title='bbox 437 1666 526 1699; x_wconf 82' lang='grc' dir='ltr'>δείξας</span> <span class='ocrx_word' id='word_1_279' title='bbox 543 1667 576 1693; x_wconf 84' lang='grc' dir='ltr'>δι’</span> <span class='ocrx_word' id='word_1_280' title='bbox 593 1668 686 1703; x_wconf 81' lang='grc' dir='ltr'>ἡμᾶς·</span> <span class='ocrx_word' id='word_1_281' title='bbox 705 1667 736 1694; x_wconf 84' lang='grc' dir='ltr'><strong>τὸ</strong></span> <span class='ocrx_word' id='word_1_282' title='bbox 758 1667 786 1694; x_wconf 86' lang='grc' dir='ltr'>δὲ</span> <span class='ocrx_word' id='word_1_283' title='bbox 808 1667 855 1694; x_wconf 83' lang='grc' dir='ltr'>τοῦ</span> <span class='ocrx_word' id='word_1_284' title='bbox 879 1677 947 1704; x_wconf 80' lang='grc' dir='ltr'>συμ-</span> 
     </span>
    </p>
   </div>
   <div class='ocr_carea' id='block_1_38' title="bbox 149 1710 947 1749">
    <p class='ocr_par' dir='ltr' id='par_1_38' title="bbox 149 1710 947 1749">
     <span class='ocr_line' id='line_1_38' title="bbox 149 1710 947 1749; baseline 0.006 -13"><span class='ocrx_word' id='word_1_285' title='bbox 149 1710 340 1746; x_wconf 82' lang='grc' dir='ltr'>πεπλεγμένου</span> <span class='ocrx_word' id='word_1_286' title='bbox 357 1712 440 1749; x_wconf 63' lang='grc' dir='ltr'>νόμου</span> <span class='ocrx_word' id='word_1_287' title='bbox 457 1714 490 1748; x_wconf 86' lang='grc' dir='ltr'><strong>τῇ</strong></span> <span class='ocrx_word' id='word_1_288' title='bbox 509 1712 610 1749; x_wconf 77' lang='grc' dir='ltr'>ἀδικίᾳ,</span> <span class='ocrx_word' id='word_1_289' title='bbox 627 1713 713 1740; x_wconf 81' lang='grc' dir='ltr'>εἰπὼν</span> <span class='ocrx_word' id='word_1_290' title='bbox 726 1713 773 1740; x_wconf 85' lang='grc' dir='ltr'><strong>τὸν</strong></span> <span class='ocrx_word' id='word_1_291' title='bbox 795 1714 876 1749; x_wconf 86' lang='grc' dir='ltr'>νόμον</span> <span class='ocrx_word' id='word_1_292' title='bbox 892 1713 947 1740; x_wconf 88' lang='grc' dir='ltr'>τῶν</span> 
     </span>
    </p>
   </div>
   <div class='ocr_carea' id='block_1_39' title="bbox 150 1744 947 1794">
    <p class='ocr_par' dir='ltr' id='par_1_39' title="bbox 150 1744 947 1794">
     <span class='ocr_line' id='line_1_39' title="bbox 150 1744 947 1794; baseline 0.004 -12"><span class='ocrx_word' id='word_1_293' title='bbox 150 1744 265 1783; x_wconf 67' lang='grc' dir='ltr'>ἐντολῶν</span> <span class='ocrx_word' id='word_1_294' title='bbox 282 1758 311 1784; x_wconf 80' lang='grc' dir='ltr'><strong>έν</strong></span> <span class='ocrx_word' id='word_1_295' title='bbox 331 1744 447 1792; x_wconf 51' lang='lat' dir='ltr'><strong>etiam</strong></span> <span class='ocrx_word' id='word_1_296' title='bbox 462 1744 671 1794; x_wconf 66' lang='grc' dir='ltr'>κατηργῆσθαν</span> <span class='ocrx_word' id='word_1_297' title='bbox 687 1759 718 1785; x_wconf 81' lang='grc' dir='ltr'>τὺ</span> <span class='ocrx_word' id='word_1_298' title='bbox 736 1759 764 1786; x_wconf 78' lang='grc' dir='ltr'>δὲ</span> <span class='ocrx_word' id='word_1_299' title='bbox 789 1744 836 1785; x_wconf 64' lang='grc' dir='ltr'><strong>τοθ</strong></span> <span class='ocrx_word' id='word_1_300' title='bbox 858 1760 947 1794; x_wconf 87' lang='grc' dir='ltr'>ἀσυμ-</span> 
     </span>
    </p>
   </div>
   <div class='ocr_carea' id='block_1_40' title="bbox 150 1802 946 1840">
    <p class='ocr_par' dir='ltr' id='par_1_40' title="bbox 150 1802 946 1840">
     <span class='ocr_line' id='line_1_40' title="bbox 150 1802 946 1840; baseline 0.004 -11"><span class='ocrx_word' id='word_1_301' title='bbox 150 1802 252 1829; x_wconf 80' lang='grc' dir='ltr'>πλόκου</span> <span class='ocrx_word' id='word_1_302' title='bbox 271 1803 310 1838; x_wconf 83' lang='grc' dir='ltr'>τῷ</span> <span class='ocrx_word' id='word_1_303' title='bbox 337 1803 450 1839; x_wconf 85' lang='grc' dir='ltr'>χείρονι,</span> <span class='ocrx_word' id='word_1_304' title='bbox 483 1804 514 1830; x_wconf 92' lang='lat'><strong>&#39;0</strong></span> <span class='ocrx_word' id='word_1_305' title='bbox 528 1803 587 1839; x_wconf 78' lang='grc' dir='ltr'><strong>μὲν</strong></span> <span class='ocrx_word' id='word_1_306' title='bbox 608 1805 711 1839; x_wconf 77' lang='grc' dir='ltr'>νόμος,</span> <span class='ocrx_word' id='word_1_307' title='bbox 734 1804 830 1838; x_wconf 66' lang='grc' dir='ltr'>εἰπὼν,</span> <span class='ocrx_word' id='word_1_308' title='bbox 851 1805 946 1840; x_wconf 80' lang='grc' dir='ltr'>ἅγιος,</span> 
     </span>
    </p>
   </div>
   <div class='ocr_carea' id='block_1_41' title="bbox 150 1849 832 1886">
    <p class='ocr_par' dir='ltr' id='par_1_41' title="bbox 150 1849 832 1886">
     <span class='ocr_line' id='line_1_41' title="bbox 150 1849 832 1886; baseline 0.004 -11"><span class='ocrx_word' id='word_1_309' title='bbox 150 1849 199 1876; x_wconf 82' lang='grc' dir='ltr'>καὶ</span> <span class='ocrx_word' id='word_1_310' title='bbox 213 1850 232 1883; x_wconf 78' lang='grc' dir='ltr'><strong><em>ἡ</em></strong></span> <span class='ocrx_word' id='word_1_311' title='bbox 245 1849 355 1884; x_wconf 77' lang='grc' dir='ltr'>ἐντολὴ</span> <span class='ocrx_word' id='word_1_312' title='bbox 370 1850 450 1885; x_wconf 76' lang='grc' dir='ltr'>ἁγία,</span> <span class='ocrx_word' id='word_1_313' title='bbox 468 1851 517 1877; x_wconf 80' lang='grc' dir='ltr'><strong>καὶ</strong></span> <span class='ocrx_word' id='word_1_314' title='bbox 535 1850 637 1878; x_wconf 77' lang='grc' dir='ltr'>δικαία</span> <span class='ocrx_word' id='word_1_315' title='bbox 659 1851 708 1878; x_wconf 79' lang='grc' dir='ltr'>καὶ</span> <span class='ocrx_word' id='word_1_316' title='bbox 725 1851 832 1886; x_wconf 77' lang='grc' dir='ltr'>ἀγαθή.</span> 
     </span>
    </p>
   </div>
   <div class='ocr_carea' id='block_1_42' title="bbox 186 1893 947 1932">
    <p class='ocr_par' dir='ltr' id='par_1_42' title="bbox 186 1893 947 1932">
     <span class='ocr_line' id='line_1_42' title="bbox 186 1893 947 1932; baseline 0.003 -10"><span class='ocrx_word' id='word_1_317' title='bbox 186 1896 222 1922; x_wconf 91' lang='grc' dir='ltr'><strong>Ζ’.</strong></span> <span class='ocrx_word' id='word_1_318' title='bbox 241 1895 285 1927; x_wconf 83' lang='grc' dir='ltr'>Ὠς</span> <span class='ocrx_word' id='word_1_319' title='bbox 303 1895 352 1931; x_wconf 76' lang='grc' dir='ltr'>μὲν</span> <span class='ocrx_word' id='word_1_320' title='bbox 367 1893 412 1923; x_wconf 83' lang='grc' dir='ltr'>οὖν</span> <span class='ocrx_word' id='word_1_321' title='bbox 430 1896 569 1932; x_wconf 78' lang='grc' dir='ltr'>συντόμως</span> <span class='ocrx_word' id='word_1_322' title='bbox 592 1896 665 1923; x_wconf 77' lang='grc' dir='ltr'>ἔστιν</span> <span class='ocrx_word' id='word_1_323' title='bbox 682 1898 778 1929; x_wconf 77' lang='grc' dir='ltr'>εἰπεῖν,</span> <span class='ocrx_word' id='word_1_324' title='bbox 801 1897 947 1932; x_wconf 76' lang='grc' dir='ltr'>αὐτάρκως</span> 
     </span>
    </p>
   </div>
   <div class='ocr_carea' id='block_1_43' title="bbox 149 1938 946 1979">
    <p class='ocr_par' dir='ltr' id='par_1_43' title="bbox 149 1938 946 1979">
     <span class='ocr_line' id='line_1_43' title="bbox 149 1938 946 1979; baseline 0.004 -12"><span class='ocrx_word' id='word_1_325' title='bbox 149 1938 228 1976; x_wconf 80' lang='grc' dir='ltr'>οἶμαί</span> <span class='ocrx_word' id='word_1_326' title='bbox 244 1950 285 1968; x_wconf 84' lang='grc' dir='ltr'><strong>σοι</strong></span> <span class='ocrx_word' id='word_1_327' title='bbox 298 1941 442 1977; x_wconf 83' lang='grc' dir='ltr'>δεδεῖχθαι,</span> <span class='ocrx_word' id='word_1_328' title='bbox 461 1943 508 1969; x_wconf 77' lang='grc' dir='ltr'>καὶ</span> <span class='ocrx_word' id='word_1_329' title='bbox 522 1941 571 1978; x_wconf 80' lang='grc' dir='ltr'><strong>τὴν</strong></span> <span class='ocrx_word' id='word_1_330' title='bbox 586 1941 615 1976; x_wconf 75' lang='grc' dir='ltr'>ἐξ</span> <span class='ocrx_word' id='word_1_331' title='bbox 629 1942 781 1978; x_wconf 87' lang='grc' dir='ltr'>ἀνθρώπων</span> <span class='ocrx_word' id='word_1_332' title='bbox 796 1943 946 1979; x_wconf 81' lang='grc' dir='ltr'>παρεισδύ-</span> 
     </span>
    </p>
   </div>
   <div class='ocr_carea' id='block_1_44' title="bbox 152 1987 947 2024">
    <p class='ocr_par' dir='ltr' id='par_1_44' title="bbox 152 1987 947 2024">
     <span class='ocr_line' id='line_1_44' title="bbox 152 1987 947 2024; baseline 0.005 -12"><span class='ocrx_word' id='word_1_333' title='bbox 152 1995 238 2013; x_wconf 79' lang='grc' dir='ltr'>σασαν</span> <span class='ocrx_word' id='word_1_334' title='bbox 259 1987 430 2022; x_wconf 75' lang='grc' dir='ltr'>νομοθεσίαν,</span> <span class='ocrx_word' id='word_1_335' title='bbox 448 1989 495 2015; x_wconf 79' lang='grc' dir='ltr'>καὶ</span> <span class='ocrx_word' id='word_1_336' title='bbox 523 1989 606 2016; x_wconf 81' lang='grc' dir='ltr'>αὑτὸν</span> <span class='ocrx_word' id='word_1_337' title='bbox 629 1989 674 2016; x_wconf 83' lang='grc' dir='ltr'><strong>τὸν</strong></span> <span class='ocrx_word' id='word_1_338' title='bbox 698 1989 745 2015; x_wconf 83' lang='grc' dir='ltr'><strong>τοῦ</strong></span> <span class='ocrx_word' id='word_1_339' title='bbox 771 1988 840 2015; x_wconf 80' lang='grc' dir='ltr'>Θεοῦ</span> <span class='ocrx_word' id='word_1_340' title='bbox 866 1989 947 2024; x_wconf 79' lang='grc' dir='ltr'>νόμον</span> 
     </span>
    </p>
   </div>
   <div class='ocr_carea' id='block_1_45' title="bbox 152 2034 947 2071">
    <p class='ocr_par' dir='ltr' id='par_1_45' title="bbox 152 2034 947 2071">
     <span class='ocr_line' id='line_1_45' title="bbox 152 2034 947 2071; baseline 0.003 -11"><span class='ocrx_word' id='word_1_341' title='bbox 152 2036 232 2070; x_wconf 81' lang='grc' dir='ltr'>τριχῆ</span> <span class='ocrx_word' id='word_1_342' title='bbox 255 2034 459 2070; x_wconf 84' lang='grc' dir='ltr'>διαιρούμενον·</span> <span class='ocrx_word' id='word_1_343' title='bbox 482 2035 668 2071; x_wconf 81' lang='grc' dir='ltr'>περιλείπεται</span> <span class='ocrx_word' id='word_1_344' title='bbox 693 2035 721 2062; x_wconf 79' lang='grc' dir='ltr'>δὲ</span> <span class='ocrx_word' id='word_1_345' title='bbox 747 2036 814 2071; x_wconf 89' lang='grc' dir='ltr'>ἡμῖν</span> <span class='ocrx_word' id='word_1_346' title='bbox 832 2036 859 2062; x_wconf 86' lang='grc' dir='ltr'><strong>τί</strong></span> <span class='ocrx_word' id='word_1_347' title='bbox 882 2037 947 2062; x_wconf 84' lang='grc' dir='ltr'>ποτέ</span> 
     </span>
    </p>
   </div>
   <div class='ocr_carea' id='block_1_46' title="bbox 152 2077 947 2118">
    <p class='ocr_par' dir='ltr' id='par_1_46' title="bbox 152 2077 947 2118">
     <span class='ocr_line' id='line_1_46' title="bbox 152 2077 947 2118; baseline 0.004 -12"><span class='ocrx_word' id='word_1_348' title='bbox 152 2081 225 2107; x_wconf 73' lang='grc' dir='ltr'>ἐστιν</span> <span class='ocrx_word' id='word_1_349' title='bbox 242 2077 320 2113; x_wconf 79' lang='grc' dir='ltr'>οὗτος</span> <span class='ocrx_word' id='word_1_350' title='bbox 338 2083 353 2108; x_wconf 91' lang='lat'><strong>6</strong></span> <span class='ocrx_word' id='word_1_351' title='bbox 371 2081 438 2113; x_wconf 83' lang='grc' dir='ltr'>Θεὸς</span> <span class='ocrx_word' id='word_1_352' title='bbox 459 2081 473 2107; x_wconf 90' lang='lat'><strong>6</strong></span> <span class='ocrx_word' id='word_1_353' title='bbox 495 2081 541 2109; x_wconf 84' lang='grc' dir='ltr'><strong>τὸν</strong></span> <span class='ocrx_word' id='word_1_354' title='bbox 564 2082 645 2118; x_wconf 87' lang='grc' dir='ltr'>νόμον</span> <span class='ocrx_word' id='word_1_355' title='bbox 666 2081 787 2117; x_wconf 80' lang='grc' dir='ltr'>θέμενος.</span> <span class='ocrx_word' id='word_1_356' title='bbox 809 2082 888 2109; x_wconf 85' lang='grc' dir='ltr'>Ἀλλὰ</span> <span class='ocrx_word' id='word_1_357' title='bbox 901 2082 947 2109; x_wconf 79' lang='grc' dir='ltr'>καὶ</span> 
     </span>
    </p>
   </div>
   <div class='ocr_carea' id='block_1_47' title="bbox 153 2127 945 2164">
    <p class='ocr_par' dir='ltr' id='par_1_47' title="bbox 153 2127 945 2164">
     <span class='ocr_line' id='line_1_47' title="bbox 153 2127 945 2164; baseline 0.003 -11"><span class='ocrx_word' id='word_1_358' title='bbox 153 2127 230 2154; x_wconf 74' lang='grc' dir='ltr'>τοῦτο</span> <span class='ocrx_word' id='word_1_359' title='bbox 247 2127 368 2163; x_wconf 80' lang='grc' dir='ltr'>ἡγοῦμαί</span> <span class='ocrx_word' id='word_1_360' title='bbox 384 2137 424 2154; x_wconf 90' lang='grc' dir='ltr'><strong>σοι</strong></span> <span class='ocrx_word' id='word_1_361' title='bbox 440 2127 572 2163; x_wconf 82' lang='grc' dir='ltr'>δεδεῖχθαι</span> <span class='ocrx_word' id='word_1_362' title='bbox 588 2129 634 2155; x_wconf 74' lang='grc' dir='ltr'>ἐπὶ</span> <span class='ocrx_word' id='word_1_363' title='bbox 653 2128 706 2155; x_wconf 87' lang='grc' dir='ltr'>τῶν</span> <span class='ocrx_word' id='word_1_364' title='bbox 727 2128 945 2164; x_wconf 81' lang='grc' dir='ltr'>προειρημένων,</span> 
     </span>
    </p>
   </div>
   <div class='ocr_carea' id='block_1_48' title="bbox 154 2174 948 2210">
    <p class='ocr_par' dir='ltr' id='par_1_48' title="bbox 154 2174 948 2210">
     <span class='ocr_line' id='line_1_48' title="bbox 154 2174 948 2210; baseline 0.001 -10"><span class='ocrx_word' id='word_1_365' title='bbox 154 2174 178 2199; x_wconf 84' lang='grc' dir='ltr'>εἰ</span> <span class='ocrx_word' id='word_1_366' title='bbox 198 2174 335 2209; x_wconf 70' lang='grc' dir='ltr'>ἐπιμελῶς</span> <span class='ocrx_word' id='word_1_367' title='bbox 353 2175 485 2210; x_wconf 79' lang='grc' dir='ltr'>ἀκήκοας.</span> <span class='ocrx_word' id='word_1_368' title='bbox 508 2175 540 2201; x_wconf 80' lang='lat' dir='ltr'><strong>El</strong></span> <span class='ocrx_word' id='word_1_369' title='bbox 562 2174 617 2210; x_wconf 81' lang='grc' dir='ltr'><strong>γὰρ</strong></span> <span class='ocrx_word' id='word_1_370' title='bbox 642 2175 712 2210; x_wconf 85' lang='grc' dir='ltr'>μήτε</span> <span class='ocrx_word' id='word_1_371' title='bbox 733 2175 779 2201; x_wconf 87' lang='grc' dir='ltr'><strong>ὑπ’</strong></span> <span class='ocrx_word' id='word_1_372' title='bbox 795 2174 879 2202; x_wconf 80' lang='grc' dir='ltr'>αὐτοῦ</span> <span class='ocrx_word' id='word_1_373' title='bbox 904 2183 948 2201; x_wconf 87' lang='grc' dir='ltr'>τε-</span> 
     </span>
    </p>
   </div>
   <div class='ocr_carea' id='block_1_49' title="bbox 995 241 1784 277">
    <p class='ocr_par' dir='ltr' id='par_1_49' title="bbox 995 241 1784 277">
     <span class='ocr_line' id='line_1_49' title="bbox 995 241 1784 277; baseline 0 -7"><span class='ocrx_word' id='word_1_374' title='bbox 995 246 1131 277; x_wconf 86' lang='lat' dir='ltr'><strong>tempore:</strong></span> <span class='ocrx_word' id='word_1_375' title='bbox 1156 242 1306 277; x_wconf 67' lang='lat' dir='ltr'><strong>prazsertim</strong></span> <span class='ocrx_word' id='word_1_376' title='bbox 1338 249 1401 269; x_wconf 87' lang='lat' dir='ltr'><strong>cum</strong></span> <span class='ocrx_word' id='word_1_377' title='bbox 1427 242 1484 269; x_wconf 87' lang='lat' dir='ltr'><strong>veri</strong></span> <span class='ocrx_word' id='word_1_378' title='bbox 1507 241 1606 277; x_wconf 86' lang='lat' dir='ltr'><strong>jejunii</strong></span> <span class='ocrx_word' id='word_1_379' title='bbox 1621 243 1784 270; x_wconf 86' lang='lat' dir='ltr'><strong>memoriam</strong></span> 
     </span>
    </p>
   </div>
   <div class='ocr_carea' id='block_1_50' title="bbox 994 287 1784 323">
    <p class='ocr_par' dir='ltr' id='par_1_50' title="bbox 994 287 1784 323">
     <span class='ocr_line' id='line_1_50' title="bbox 994 287 1784 323; baseline 0.001 -8"><span class='ocrx_word' id='word_1_380' title='bbox 994 287 1114 320; x_wconf 88' lang='lat' dir='ltr'><strong>refricet,</strong></span> <span class='ocrx_word' id='word_1_381' title='bbox 1129 292 1159 315; x_wconf 93' lang='lat' dir='ltr'><strong>ut</strong></span> <span class='ocrx_word' id='word_1_382' title='bbox 1173 288 1220 323; x_wconf 86' lang='lat' dir='ltr'><strong>qui</strong></span> <span class='ocrx_word' id='word_1_383' title='bbox 1234 288 1354 315; x_wconf 89' lang='lat' dir='ltr'><strong>nondum</strong></span> <span class='ocrx_word' id='word_1_384' title='bbox 1372 287 1439 314; x_wconf 91' lang='lat' dir='ltr'><strong>illud</strong></span> <span class='ocrx_word' id='word_1_385' title='bbox 1468 289 1589 315; x_wconf 88' lang='lat' dir='ltr'><strong>assecuti</strong></span> <span class='ocrx_word' id='word_1_386' title='bbox 1620 288 1733 321; x_wconf 83' lang='lat' dir='ltr'><strong>fuerint,</strong></span> <span class='ocrx_word' id='word_1_387' title='bbox 1750 289 1784 317; x_wconf 88' lang='lat' dir='ltr'><strong>ab</strong></span> 
     </span>
    </p>
   </div>
   <div class='ocr_carea' id='block_1_51' title="bbox 992 333 1784 365">
    <p class='ocr_par' dir='ltr' id='par_1_51' title="bbox 992 333 1784 365">
     <span class='ocr_line' id='line_1_51' title="bbox 992 333 1784 365; baseline -0.003 -3"><span class='ocrx_word' id='word_1_388' title='bbox 992 334 1130 362; x_wconf 80' lang='lat' dir='ltr'><strong>exteriore</strong></span> <span class='ocrx_word' id='word_1_389' title='bbox 1148 333 1368 365; x_wconf 85' lang='lat' dir='ltr'><strong>commonefacti,</strong></span> <span class='ocrx_word' id='word_1_390' title='bbox 1387 333 1500 361; x_wconf 77' lang='lat' dir='ltr'><strong>alterius</strong></span> <span class='ocrx_word' id='word_1_391' title='bbox 1527 333 1722 363; x_wconf 72' lang='lat' dir='ltr'><strong>recordentur.</strong></span> <span class='ocrx_word' id='word_1_392' title='bbox 1740 334 1784 360; x_wconf 91' lang='lat' dir='ltr'><strong>Si-</strong></span> 
     </span>
    </p>
   </div>
   <div class='ocr_carea' id='block_1_52' title="bbox 993 379 1784 415">
    <p class='ocr_par' dir='ltr' id='par_1_52' title="bbox 993 379 1784 415">
     <span class='ocr_line' id='line_1_52' title="bbox 993 379 1784 415; baseline 0.001 -8"><span class='ocrx_word' id='word_1_393' title='bbox 993 380 1094 408; x_wconf 87' lang='lat' dir='ltr'><strong>militer</strong></span> <span class='ocrx_word' id='word_1_394' title='bbox 1104 383 1130 408; x_wconf 91' lang='lat' dir='ltr'><strong>et</strong></span> <span class='ocrx_word' id='word_1_395' title='bbox 1143 380 1257 412; x_wconf 80' lang='lat' dir='ltr'><strong>Pascha,</strong></span> <span class='ocrx_word' id='word_1_396' title='bbox 1270 387 1419 415; x_wconf 88' lang='lat' dir='ltr'><strong>azymaque</strong></span> <span class='ocrx_word' id='word_1_397' title='bbox 1436 380 1537 415; x_wconf 78' lang='lat' dir='ltr'><strong>ﬁguras</strong></span> <span class='ocrx_word' id='word_1_398' title='bbox 1553 379 1691 408; x_wconf 76' lang='lat' dir='ltr'><strong>exstitisse</strong></span> <span class='ocrx_word' id='word_1_399' title='bbox 1700 388 1784 415; x_wconf 86' lang='lat' dir='ltr'><strong>quas-</strong></span> 
     </span>
    </p>
   </div>
   <div class='ocr_carea' id='block_1_53' title="bbox 993 424 1784 461">
    <p class='ocr_par' dir='ltr' id='par_1_53' title="bbox 993 424 1784 461">
     <span class='ocr_line' id='line_1_53' title="bbox 993 424 1784 461; baseline 0.001 -9"><span class='ocrx_word' id='word_1_400' title='bbox 993 425 1055 453; x_wconf 86' lang='lat' dir='ltr'><strong>dam</strong></span> <span class='ocrx_word' id='word_1_401' title='bbox 1084 425 1187 453; x_wconf 78' lang='lat' dir='ltr'><strong>Paulus</strong></span> <span class='ocrx_word' id='word_1_402' title='bbox 1202 426 1260 460; x_wconf 90' lang='lat' dir='ltr'><strong>ipse</strong></span> <span class='ocrx_word' id='word_1_403' title='bbox 1272 425 1410 452; x_wconf 77' lang='lat' dir='ltr'><strong>declarat:</strong></span> <span class='ocrx_word' id='word_1_404' title='bbox 1426 424 1650 461; x_wconf 82' lang='lat' dir='ltr'><strong>Pascha,inquit,</strong></span> <span class='ocrx_word' id='word_1_405' title='bbox 1663 431 1784 454; x_wconf 74' lang='lat' dir='ltr'><strong>nostrum</strong></span> 
     </span>
    </p>
   </div>
   <div class='ocr_carea' id='block_1_54' title="bbox 993 470 1786 508">
    <p class='ocr_par' dir='ltr' id='par_1_54' title="bbox 993 470 1786 508">
     <span class='ocr_line' id='line_1_54' title="bbox 993 470 1786 508; baseline 0.001 -10"><span class='ocrx_word' id='word_1_406' title='bbox 993 471 1147 499; x_wconf 78' lang='lat' dir='ltr'><strong>immolatus</strong></span> <span class='ocrx_word' id='word_1_407' title='bbox 1157 475 1197 499; x_wconf 80' lang='lat' dir='ltr'><strong>est</strong></span> <span class='ocrx_word' id='word_1_408' title='bbox 1209 471 1368 504; x_wconf 78' lang='lat' dir='ltr'><strong>Christus&#39;;</strong></span> <span class='ocrx_word' id='word_1_409' title='bbox 1383 471 1428 506; x_wconf 68' lang='grc' dir='ltr'><strong>οῐξε</strong></span> <span class='ocrx_word' id='word_1_410' title='bbox 1444 470 1477 498; x_wconf 89' lang='lat' dir='ltr'><strong>Ut</strong></span> <span class='ocrx_word' id='word_1_411' title='bbox 1492 471 1563 504; x_wconf 75' lang='lat' dir='ltr'><strong>sitis,</strong></span> <span class='ocrx_word' id='word_1_412' title='bbox 1576 472 1624 505; x_wconf 86' lang='lat' dir='ltr'><strong>ait,</strong></span> <span class='ocrx_word' id='word_1_413' title='bbox 1637 473 1786 508; x_wconf 78' lang='lat' dir='ltr'><strong>azyminon</strong></span> 
     </span>
    </p>
   </div>
   <div class='ocr_carea' id='block_1_55' title="bbox 993 517 1784 553">
    <p class='ocr_par' dir='ltr' id='par_1_55' title="bbox 993 517 1784 553">
     <span class='ocr_line' id='line_1_55' title="bbox 993 517 1784 553; baseline 0.003 -9"><span class='ocrx_word' id='word_1_414' title='bbox 993 518 1117 545; x_wconf 74' lang='lat' dir='ltr'><strong>habentes</strong></span> <span class='ocrx_word' id='word_1_415' title='bbox 1149 518 1308 552; x_wconf 82' lang='lat' dir='ltr'><strong>fermentum</strong></span> <span class='ocrx_word' id='word_1_416' title='bbox 1348 517 1524 553; x_wconf 89' lang='lat' dir='ltr'><strong>(fermentum</strong></span> <span class='ocrx_word' id='word_1_417' title='bbox 1548 526 1613 546; x_wconf 86' lang='lat' dir='ltr'><strong>vero</strong></span> <span class='ocrx_word' id='word_1_418' title='bbox 1651 519 1784 546; x_wconf 82' lang='lat' dir='ltr'><strong>malitiam</strong></span> 
     </span>
    </p>
   </div>
   <div class='ocr_carea' id='block_1_56' title="bbox 993 563 1554 600">
    <p class='ocr_par' dir='ltr' id='par_1_56' title="bbox 993 563 1554 600">
     <span class='ocr_line' id='line_1_56' title="bbox 993 563 1554 600; baseline 0 -10"><span class='ocrx_word' id='word_1_419' title='bbox 993 564 1133 600; x_wconf 87' lang='lat' dir='ltr'><strong>appellat),</strong></span> <span class='ocrx_word' id='word_1_420' title='bbox 1152 563 1197 591; x_wconf 82' lang='lat' dir='ltr'><strong>sed</strong></span> <span class='ocrx_word' id='word_1_421' title='bbox 1210 564 1269 591; x_wconf 84' lang='lat' dir='ltr'><strong>sitis</strong></span> <span class='ocrx_word' id='word_1_422' title='bbox 1283 571 1349 590; x_wconf 80' lang='lat' dir='ltr'><strong>nova</strong></span> <span class='ocrx_word' id='word_1_423' title='bbox 1365 564 1515 598; x_wconf 75' lang='lat' dir='ltr'><strong>conspersio</strong></span> <span class='ocrx_word' id='word_1_424' title='bbox 1533 563 1554 591; x_wconf 88' lang='grc'><strong>³.</strong></span> 
     </span>
    </p>
   </div>
   <div class='ocr_carea' id='block_1_57' title="bbox 1028 651 1787 687">
    <p class='ocr_par' dir='ltr' id='par_1_57' title="bbox 1028 651 1787 687">
     <span class='ocr_line' id='line_1_57' title="bbox 1028 651 1787 687; baseline 0 -8"><span class='ocrx_word' id='word_1_425' title='bbox 1028 651 1074 681; x_wconf 78' lang='grc' dir='ltr'><strong>Ἣ.</strong></span> <span class='ocrx_word' id='word_1_426' title='bbox 1090 651 1136 680; x_wconf 85' lang='lat' dir='ltr'><strong>Sic</strong></span> <span class='ocrx_word' id='word_1_427' title='bbox 1153 652 1235 687; x_wconf 77' lang='lat' dir='ltr'><strong>igitur</strong></span> <span class='ocrx_word' id='word_1_428' title='bbox 1252 652 1293 679; x_wconf 87' lang='lat' dir='ltr'><strong>lex</strong></span> <span class='ocrx_word' id='word_1_429' title='bbox 1311 652 1381 687; x_wconf 89' lang='lat' dir='ltr'><strong>ipsa,</strong></span> <span class='ocrx_word' id='word_1_430' title='bbox 1399 659 1482 687; x_wconf 87' lang='lat' dir='ltr'><strong>quam</strong></span> <span class='ocrx_word' id='word_1_431' title='bbox 1499 659 1514 678; x_wconf 91' lang='lat' dir='ltr'><strong>a</strong></span> <span class='ocrx_word' id='word_1_432' title='bbox 1530 651 1586 680; x_wconf 85' lang='lat' dir='ltr'><strong>Deo</strong></span> <span class='ocrx_word' id='word_1_433' title='bbox 1602 659 1730 680; x_wconf 89' lang='lat' dir='ltr'><strong>manasse</strong></span> <span class='ocrx_word' id='word_1_434' title='bbox 1746 651 1787 679; x_wconf 84' lang='lat' dir='ltr'><strong>fa-</strong></span> 
     </span>
    </p>
   </div>
   <div class='ocr_carea' id='block_1_58' title="bbox 993 698 1785 734">
    <p class='ocr_par' dir='ltr' id='par_1_58' title="bbox 993 698 1785 734">
     <span class='ocr_line' id='line_1_58' title="bbox 993 698 1785 734; baseline -0.001 -8"><span class='ocrx_word' id='word_1_435' title='bbox 993 703 1087 727; x_wconf 87' lang='lat' dir='ltr'><strong>tentur</strong></span> <span class='ocrx_word' id='word_1_436' title='bbox 1106 706 1212 732; x_wconf 87' lang='lat' dir='ltr'><strong>omnes,</strong></span> <span class='ocrx_word' id='word_1_437' title='bbox 1226 698 1362 726; x_wconf 81' lang='lat' dir='ltr'><strong>trifariam</strong></span> <span class='ocrx_word' id='word_1_438' title='bbox 1377 698 1523 725; x_wconf 85' lang='lat' dir='ltr'><strong>dividitur:</strong></span> <span class='ocrx_word' id='word_1_439' title='bbox 1540 699 1566 725; x_wconf 94' lang='lat' dir='ltr'><strong>in</strong></span> <span class='ocrx_word' id='word_1_440' title='bbox 1599 706 1658 726; x_wconf 90' lang='lat' dir='ltr'><strong>eam</strong></span> <span class='ocrx_word' id='word_1_441' title='bbox 1681 704 1785 734; x_wconf 88' lang='lat' dir='ltr'><strong>partem</strong></span> 
     </span>
    </p>
   </div>
   <div class='ocr_carea' id='block_1_59' title="bbox 993 744 1786 781">
    <p class='ocr_par' dir='ltr' id='par_1_59' title="bbox 993 744 1786 781">
     <span class='ocr_line' id='line_1_59' title="bbox 993 744 1786 781; baseline 0 -9"><span class='ocrx_word' id='word_1_442' title='bbox 993 753 1075 781; x_wconf 87' lang='lat' dir='ltr'><strong>quam</strong></span> <span class='ocrx_word' id='word_1_443' title='bbox 1088 744 1353 780; x_wconf 85' lang='lat' dir='ltr'><strong>Salvatorimplevit.</strong></span> <span class='ocrx_word' id='word_1_444' title='bbox 1364 744 1425 772; x_wconf 77' lang='lat' dir='ltr'><strong>Ilaec</strong></span> <span class='ocrx_word' id='word_1_445' title='bbox 1439 745 1510 772; x_wconf 88' lang='lat' dir='ltr'><strong>enim</strong></span> <span class='ocrx_word' id='word_1_446' title='bbox 1525 745 1627 778; x_wconf 82' lang='lat' dir='ltr'><strong>omnia,</strong></span> <span class='ocrx_word' id='word_1_447' title='bbox 1641 744 1703 772; x_wconf 88' lang='lat' dir='ltr'><strong>Non</strong></span> <span class='ocrx_word' id='word_1_448' title='bbox 1715 746 1786 773; x_wconf 82' lang='lat' dir='ltr'><strong>occi-</strong></span> 
     </span>
    </p>
   </div>
   <div class='ocr_carea' id='block_1_60' title="bbox 993 790 1787 826">
    <p class='ocr_par' dir='ltr' id='par_1_60' title="bbox 993 790 1787 826">
     <span class='ocr_line' id='line_1_60' title="bbox 993 790 1787 826; baseline 0.003 -10"><span class='ocrx_word' id='word_1_449' title='bbox 993 790 1050 823; x_wconf 76' lang='lat' dir='ltr'><strong>des,</strong></span> <span class='ocrx_word' id='word_1_450' title='bbox 1066 800 1119 818; x_wconf 82' lang='lat' dir='ltr'><strong>non</strong></span> <span class='ocrx_word' id='word_1_451' title='bbox 1135 790 1316 823; x_wconf 74' lang='lat' dir='ltr'><strong>mwchaberis,</strong></span> <span class='ocrx_word' id='word_1_452' title='bbox 1337 799 1388 817; x_wconf 88' lang='lat' dir='ltr'><strong>non</strong></span> <span class='ocrx_word' id='word_1_453' title='bbox 1402 790 1531 826; x_wconf 73' lang='lat' dir='ltr'><strong>pejerabis</strong></span> <span class='ocrx_word' id='word_1_454' title='bbox 1543 791 1554 807; x_wconf 62' lang='grc' dir='ltr'>ι</span> <span class='ocrx_word' id='word_1_455' title='bbox 1567 810 1574 823; x_wconf 92' lang='grc'><strong>,</strong></span> <span class='ocrx_word' id='word_1_456' title='bbox 1599 791 1627 818; x_wconf 93' lang='lat' dir='ltr'><strong>in</strong></span> <span class='ocrx_word' id='word_1_457' title='bbox 1641 791 1708 819; x_wconf 78' lang='lat' dir='ltr'><strong>iisce</strong></span> <span class='ocrx_word' id='word_1_458' title='bbox 1719 799 1787 820; x_wconf 92' lang='lat' dir='ltr'><strong>con-</strong></span> 
     </span>
    </p>
   </div>
   <div class='ocr_carea' id='block_1_61' title="bbox 993 836 1786 872">
    <p class='ocr_par' dir='ltr' id='par_1_61' title="bbox 993 836 1786 872">
     <span class='ocr_line' id='line_1_61' title="bbox 993 836 1786 872; baseline 0.003 -8"><span class='ocrx_word' id='word_1_459' title='bbox 993 838 1125 870; x_wconf 74' lang='lat' dir='ltr'><strong>tinentur,</strong></span> <span class='ocrx_word' id='word_1_460' title='bbox 1139 836 1201 864; x_wconf 86' lang='lat' dir='ltr'><strong>Nan</strong></span> <span class='ocrx_word' id='word_1_461' title='bbox 1219 837 1354 869; x_wconf 74' lang='lat' dir='ltr'><strong>irasceris,</strong></span> <span class='ocrx_word' id='word_1_462' title='bbox 1375 846 1426 864; x_wconf 88' lang='lat' dir='ltr'><strong>non</strong></span> <span class='ocrx_word' id='word_1_463' title='bbox 1455 838 1649 872; x_wconf 65' lang='lat' dir='ltr'><strong>concupisces&quot;.</strong></span> <span class='ocrx_word' id='word_1_464' title='bbox 1680 837 1709 865; x_wconf 90' lang='lat' dir='ltr'><strong>In</strong></span> <span class='ocrx_word' id='word_1_465' title='bbox 1725 846 1786 866; x_wconf 82' lang='lat' dir='ltr'><strong>eam</strong></span> 
     </span>
    </p>
   </div>
   <div class='ocr_carea' id='block_1_62' title="bbox 995 883 1787 920">
    <p class='ocr_par' dir='ltr' id='par_1_62' title="bbox 995 883 1787 920">
     <span class='ocr_line' id='line_1_62' title="bbox 995 883 1787 920; baseline -0.001 -8"><span class='ocrx_word' id='word_1_466' title='bbox 995 892 1055 919; x_wconf 68' lang='lat' dir='ltr'><strong>qua:</strong></span> <span class='ocrx_word' id='word_1_467' title='bbox 1069 884 1179 919; x_wconf 84' lang='lat' dir='ltr'><strong>penitus</strong></span> <span class='ocrx_word' id='word_1_468' title='bbox 1191 885 1300 911; x_wconf 87' lang='lat' dir='ltr'><strong>sublata</strong></span> <span class='ocrx_word' id='word_1_469' title='bbox 1310 889 1361 912; x_wconf 83' lang='lat' dir='ltr'><strong>est.</strong></span> <span class='ocrx_word' id='word_1_470' title='bbox 1381 883 1429 911; x_wconf 82' lang='lat' dir='ltr'><strong>llis</strong></span> <span class='ocrx_word' id='word_1_471' title='bbox 1444 884 1517 911; x_wconf 89' lang='lat' dir='ltr'><strong>enim</strong></span> <span class='ocrx_word' id='word_1_472' title='bbox 1538 884 1697 920; x_wconf 63' lang='lat' dir='ltr'><strong>prmeeptis,</strong></span> <span class='ocrx_word' id='word_1_473' title='bbox 1714 884 1787 912; x_wconf 87' lang='lat' dir='ltr'><strong>Ocu-</strong></span> 
     </span>
    </p>
   </div>
   <div class='ocr_carea' id='block_1_63' title="bbox 995 929 1786 966">
    <p class='ocr_par' dir='ltr' id='par_1_63' title="bbox 995 929 1786 966">
     <span class='ocr_line' id='line_1_63' title="bbox 995 929 1786 966; baseline 0.001 -10"><span class='ocrx_word' id='word_1_474' title='bbox 995 930 1049 956; x_wconf 87' lang='lat' dir='ltr'><strong>lum</strong></span> <span class='ocrx_word' id='word_1_475' title='bbox 1063 937 1110 964; x_wconf 89' lang='lat' dir='ltr'><strong>pro</strong></span> <span class='ocrx_word' id='word_1_476' title='bbox 1125 930 1211 962; x_wconf 83' lang='lat' dir='ltr'><strong>oculo,</strong></span> <span class='ocrx_word' id='word_1_477' title='bbox 1234 930 1337 957; x_wconf 83' lang='lat' dir='ltr'><strong>dentem</strong></span> <span class='ocrx_word' id='word_1_478' title='bbox 1361 938 1408 964; x_wconf 87' lang='lat' dir='ltr'><strong>pro</strong></span> <span class='ocrx_word' id='word_1_479' title='bbox 1429 929 1506 957; x_wconf 84' lang='lat' dir='ltr'><strong>dente</strong></span> <span class='ocrx_word' id='word_1_480' title='bbox 1519 930 1540 963; x_wconf 79' lang='grc'>⁸,</span> <span class='ocrx_word' id='word_1_481' title='bbox 1559 938 1620 965; x_wconf 80' lang='lat' dir='ltr'><strong>qua:</strong></span> <span class='ocrx_word' id='word_1_482' title='bbox 1633 938 1695 957; x_wconf 86' lang='lat' dir='ltr'><strong>cum</strong></span> <span class='ocrx_word' id='word_1_483' title='bbox 1713 930 1786 966; x_wconf 88' lang='lat' dir='ltr'><strong>inju-</strong></span> 
     </span>
    </p>
   </div>
   <div class='ocr_carea' id='block_1_64' title="bbox 995 976 1785 1011">
    <p class='ocr_par' dir='ltr' id='par_1_64' title="bbox 995 976 1785 1011">
     <span class='ocr_line' id='line_1_64' title="bbox 995 976 1785 1011; baseline 0.001 -9"><span class='ocrx_word' id='word_1_484' title='bbox 995 976 1068 1003; x_wconf 89' lang='lat' dir='ltr'><strong>stitia</strong></span> <span class='ocrx_word' id='word_1_485' title='bbox 1087 976 1216 1011; x_wconf 87' lang='lat' dir='ltr'><strong>permisla</strong></span> <span class='ocrx_word' id='word_1_486' title='bbox 1229 980 1303 1007; x_wconf 89' lang='lat' dir='ltr'><strong>sunt,</strong></span> <span class='ocrx_word' id='word_1_487' title='bbox 1317 976 1433 1011; x_wconf 82' lang='lat' dir='ltr'><strong>ejusque</strong></span> <span class='ocrx_word' id='word_1_488' title='bbox 1442 983 1537 1003; x_wconf 85' lang='lat' dir='ltr'><strong>secum</strong></span> <span class='ocrx_word' id='word_1_489' title='bbox 1549 976 1652 1011; x_wconf 90' lang='lat' dir='ltr'><strong>aliquid</strong></span> <span class='ocrx_word' id='word_1_490' title='bbox 1661 976 1785 1010; x_wconf 86' lang='lat' dir='ltr'><strong>trahunt,</strong></span> 
     </span>
    </p>
   </div>
   <div class='ocr_carea' id='block_1_65' title="bbox 994 1018 1788 1055">
    <p class='ocr_par' dir='ltr' id='par_1_65' title="bbox 994 1018 1788 1055">
     <span class='ocr_line' id='line_1_65' title="bbox 994 1018 1788 1055; baseline 0.001 -7"><span class='ocrx_word' id='word_1_491' title='bbox 994 1021 1143 1048; x_wconf 80' lang='lat' dir='ltr'><strong>contrariis</strong></span> <span class='ocrx_word' id='word_1_492' title='bbox 1172 1020 1279 1055; x_wconf 76' lang='lat' dir='ltr'><strong>legibus</strong></span> <span class='ocrx_word' id='word_1_493' title='bbox 1293 1021 1441 1055; x_wconf 79' lang='lat' dir='ltr'><strong>derogatur</strong></span> <span class='ocrx_word' id='word_1_494' title='bbox 1453 1029 1460 1047; x_wconf 85' lang='lat'><strong>:</strong></span> <span class='ocrx_word' id='word_1_495' title='bbox 1473 1021 1613 1048; x_wconf 84' lang='lat' dir='ltr'><strong>contraria</strong></span> <span class='ocrx_word' id='word_1_496' title='bbox 1628 1028 1710 1055; x_wconf 89' lang='lat' dir='ltr'><strong>porro</strong></span> <span class='ocrx_word' id='word_1_497' title='bbox 1726 1018 1788 1049; x_wconf 74' lang='grc' dir='ltr'>εεεό</span> 
     </span>
    </p>
   </div>
   <div class='ocr_carea' id='block_1_66' title="bbox 995 1065 1788 1102">
    <p class='ocr_par' dir='ltr' id='par_1_66' title="bbox 995 1065 1788 1102">
     <span class='ocr_line' id='line_1_66' title="bbox 995 1065 1788 1102; baseline 0 -8"><span class='ocrx_word' id='word_1_498' title='bbox 995 1067 1110 1094; x_wconf 86' lang='lat' dir='ltr'><strong>invicem</strong></span> <span class='ocrx_word' id='word_1_499' title='bbox 1124 1069 1262 1102; x_wconf 86' lang='lat' dir='ltr'><strong>perimunt</strong></span> <span class='ocrx_word' id='word_1_500' title='bbox 1277 1077 1283 1094; x_wconf 91' lang='lat'>:</span> <span class='ocrx_word' id='word_1_501' title='bbox 1296 1067 1374 1101; x_wconf 76' lang='lat'><strong>221</strong></span> <span class='ocrx_word' id='word_1_502' title='bbox 1387 1066 1442 1102; x_wconf 85' lang='lat' dir='ltr'><strong>Ego</strong></span> <span class='ocrx_word' id='word_1_503' title='bbox 1458 1067 1527 1094; x_wconf 86' lang='lat' dir='ltr'><strong>enim</strong></span> <span class='ocrx_word' id='word_1_504' title='bbox 1543 1066 1601 1093; x_wconf 83' lang='lat' dir='ltr'><strong>dico</strong></span> <span class='ocrx_word' id='word_1_505' title='bbox 1615 1065 1686 1094; x_wconf 81' lang='lat' dir='ltr'><strong>vobis</strong></span> <span class='ocrx_word' id='word_1_506' title='bbox 1703 1067 1788 1094; x_wconf 86' lang='lat' dir='ltr'><strong>omni-</strong></span> 
     </span>
    </p>
   </div>
   <div class='ocr_carea' id='block_1_67' title="bbox 995 1113 1788 1149">
    <p class='ocr_par' dir='ltr' id='par_1_67' title="bbox 995 1113 1788 1149">
     <span class='ocr_line' id='line_1_67' title="bbox 995 1113 1788 1149; baseline 0 -9"><span class='ocrx_word' id='word_1_507' title='bbox 995 1121 1027 1140; x_wconf 85' lang='lat' dir='ltr'><strong>no</strong></span> <span class='ocrx_word' id='word_1_508' title='bbox 1050 1121 1103 1139; x_wconf 85' lang='lat' dir='ltr'><strong>non</strong></span> <span class='ocrx_word' id='word_1_509' title='bbox 1134 1113 1255 1140; x_wconf 81' lang='lat' dir='ltr'><strong>resistere</strong></span> <span class='ocrx_word' id='word_1_510' title='bbox 1272 1113 1352 1140; x_wconf 82' lang='lat' dir='ltr'><strong>malo.</strong></span> <span class='ocrx_word' id='word_1_511' title='bbox 1371 1113 1422 1140; x_wconf 80' lang='lat' dir='ltr'><strong>Sed</strong></span> <span class='ocrx_word' id='word_1_512' title='bbox 1436 1114 1459 1140; x_wconf 77' lang='lat' dir='ltr'><strong>si</strong></span> <span class='ocrx_word' id='word_1_513' title='bbox 1475 1113 1534 1149; x_wconf 79' lang='lat' dir='ltr'><strong>quis</strong></span> <span class='ocrx_word' id='word_1_514' title='bbox 1547 1118 1570 1140; x_wconf 86' lang='lat' dir='ltr'><strong>te</strong></span> <span class='ocrx_word' id='word_1_515' title='bbox 1584 1114 1742 1148; x_wconf 77' lang='lat' dir='ltr'><strong>percusserit</strong></span> <span class='ocrx_word' id='word_1_516' title='bbox 1760 1114 1788 1140; x_wconf 80' lang='lat' dir='ltr'><strong>in</strong></span> 
     </span>
    </p>
   </div>
   <div class='ocr_carea' id='block_1_68' title="bbox 996 1159 1787 1196">
    <p class='ocr_par' dir='ltr' id='par_1_68' title="bbox 996 1159 1787 1196">
     <span class='ocr_line' id='line_1_68' title="bbox 996 1159 1787 1196; baseline 0.003 -11"><span class='ocrx_word' id='word_1_517' title='bbox 996 1159 1147 1192; x_wconf 70' lang='lat' dir='ltr'><strong>maxillam,</strong></span> <span class='ocrx_word' id='word_1_518' title='bbox 1160 1160 1247 1194; x_wconf 69' lang='lat' dir='ltr'><strong>praebe</strong></span> <span class='ocrx_word' id='word_1_519' title='bbox 1271 1159 1313 1186; x_wconf 80' lang='lat' dir='ltr'><strong>illi</strong></span> <span class='ocrx_word' id='word_1_520' title='bbox 1330 1164 1355 1186; x_wconf 88' lang='lat' dir='ltr'><strong>et</strong></span> <span class='ocrx_word' id='word_1_521' title='bbox 1369 1159 1514 1187; x_wconf 83' lang='lat' dir='ltr'><strong>atteram&quot;.</strong></span> <span class='ocrx_word' id='word_1_522' title='bbox 1530 1159 1608 1193; x_wconf 89' lang='lat' dir='ltr'><strong>Quod</strong></span> <span class='ocrx_word' id='word_1_523' title='bbox 1625 1160 1735 1196; x_wconf 84' lang='lat' dir='ltr'><strong>quidem</strong></span> <span class='ocrx_word' id='word_1_524' title='bbox 1752 1159 1787 1187; x_wconf 85' lang='lat' dir='ltr'><strong>ad</strong></span> 
     </span>
    </p>
   </div>
   <div class='ocr_carea' id='block_1_69' title="bbox 994 1205 1787 1241">
    <p class='ocr_par' dir='ltr' id='par_1_69' title="bbox 994 1205 1787 1241">
     <span class='ocr_line' id='line_1_69' title="bbox 994 1205 1787 1241; baseline 0.001 -9"><span class='ocrx_word' id='word_1_525' title='bbox 994 1206 1186 1233; x_wconf 80' lang='lat' dir='ltr'><strong>excellentium</strong></span> <span class='ocrx_word' id='word_1_526' title='bbox 1207 1213 1299 1233; x_wconf 90' lang='lat' dir='ltr'><strong>rerum</strong></span> <span class='ocrx_word' id='word_1_527' title='bbox 1309 1205 1525 1233; x_wconf 89' lang='lat' dir='ltr'><strong>adumbrandam</strong></span> <span class='ocrx_word' id='word_1_528' title='bbox 1548 1207 1666 1241; x_wconf 84' lang='lat' dir='ltr'><strong>speciem</strong></span> <span class='ocrx_word' id='word_1_529' title='bbox 1682 1205 1787 1234; x_wconf 87' lang='lat' dir='ltr'><strong>consti-</strong></span> 
     </span>
    </p>
   </div>
   <div class='ocr_carea' id='block_1_70' title="bbox 995 1252 1788 1288">
    <p class='ocr_par' dir='ltr' id='par_1_70' title="bbox 995 1252 1788 1288">
     <span class='ocr_line' id='line_1_70' title="bbox 995 1252 1788 1288; baseline 0.001 -9"><span class='ocrx_word' id='word_1_530' title='bbox 995 1256 1094 1284; x_wconf 89' lang='lat' dir='ltr'><strong>tutum,</strong></span> <span class='ocrx_word' id='word_1_531' title='bbox 1110 1256 1138 1280; x_wconf 87' lang='lat' dir='ltr'><strong>et</strong></span> <span class='ocrx_word' id='word_1_532' title='bbox 1162 1259 1177 1279; x_wconf 90' lang='lat' dir='ltr'><strong>a</strong></span> <span class='ocrx_word' id='word_1_533' title='bbox 1191 1252 1332 1288; x_wconf 85' lang='lat' dir='ltr'><strong>corporeis</strong></span> <span class='ocrx_word' id='word_1_534' title='bbox 1349 1252 1381 1279; x_wconf 89' lang='lat' dir='ltr'><strong>ad</strong></span> <span class='ocrx_word' id='word_1_535' title='bbox 1410 1252 1545 1288; x_wconf 84' lang='lat' dir='ltr'><strong>spiritalia</strong></span> <span class='ocrx_word' id='word_1_536' title='bbox 1567 1253 1732 1280; x_wconf 84' lang='lat' dir='ltr'><strong>translatum</strong></span> <span class='ocrx_word' id='word_1_537' title='bbox 1755 1260 1788 1280; x_wconf 88' lang='lat' dir='ltr'><strong>ac</strong></span> 
     </span>
    </p>
   </div>
   <div class='ocr_carea' id='block_1_71' title="bbox 996 1298 1788 1334">
    <p class='ocr_par' dir='ltr' id='par_1_71' title="bbox 996 1298 1788 1334">
     <span class='ocr_line' id='line_1_71' title="bbox 996 1298 1788 1334; baseline 0 -8"><span class='ocrx_word' id='word_1_538' title='bbox 996 1303 1130 1326; x_wconf 87' lang='lat' dir='ltr'><strong>mutatum</strong></span> <span class='ocrx_word' id='word_1_539' title='bbox 1146 1307 1194 1334; x_wconf 87' lang='lat' dir='ltr'><strong>per</strong></span> <span class='ocrx_word' id='word_1_540' title='bbox 1205 1299 1365 1334; x_wconf 77' lang='lat' dir='ltr'><strong>allegoriam</strong></span> <span class='ocrx_word' id='word_1_541' title='bbox 1381 1299 1538 1334; x_wconf 80' lang='lat' dir='ltr'><strong>exponitur.</strong></span> <span class='ocrx_word' id='word_1_542' title='bbox 1553 1299 1660 1326; x_wconf 87' lang='lat' dir='ltr'><strong>Etenim</strong></span> <span class='ocrx_word' id='word_1_543' title='bbox 1686 1298 1788 1334; x_wconf 76' lang='lat' dir='ltr'><strong>efﬁgies</strong></span> 
     </span>
    </p>
   </div>
   <div class='ocr_carea' id='block_1_72' title="bbox 998 1344 1788 1379">
    <p class='ocr_par' dir='ltr' id='par_1_72' title="bbox 998 1344 1788 1379">
     <span class='ocr_line' id='line_1_72' title="bbox 998 1344 1788 1379; baseline 0 -8"><span class='ocrx_word' id='word_1_544' title='bbox 998 1352 1029 1371; x_wconf 89' lang='lat' dir='ltr'><strong>ac</strong></span> <span class='ocrx_word' id='word_1_545' title='bbox 1044 1345 1121 1379; x_wconf 81' lang='lat' dir='ltr'><strong>signa</strong></span> <span class='ocrx_word' id='word_1_546' title='bbox 1133 1344 1195 1371; x_wconf 89' lang='lat' dir='ltr'><strong>aliis</strong></span> <span class='ocrx_word' id='word_1_547' title='bbox 1207 1345 1291 1372; x_wconf 86' lang='lat' dir='ltr'><strong>rebus</strong></span> <span class='ocrx_word' id='word_1_548' title='bbox 1303 1344 1480 1371; x_wconf 80' lang='lat' dir='ltr'><strong>declarandis</strong></span> <span class='ocrx_word' id='word_1_549' title='bbox 1510 1344 1633 1371; x_wconf 84' lang='lat' dir='ltr'><strong>adhibita</strong></span> <span class='ocrx_word' id='word_1_550' title='bbox 1652 1344 1788 1379; x_wconf 83' lang='lat' dir='ltr'><strong>tantisper</strong></span> 
     </span>
    </p>
   </div>
   <div class='ocr_carea' id='block_1_73' title="bbox 997 1390 1788 1426">
    <p class='ocr_par' dir='ltr' id='par_1_73' title="bbox 997 1390 1788 1426">
     <span class='ocr_line' id='line_1_73' title="bbox 997 1390 1788 1426; baseline -0.001 -7"><span class='ocrx_word' id='word_1_551' title='bbox 997 1391 1229 1426; x_wconf 86' lang='lat' dir='ltr'><strong>opportunitatem</strong></span> <span class='ocrx_word' id='word_1_552' title='bbox 1257 1391 1422 1423; x_wconf 83' lang='lat' dir='ltr'><strong>habuerunt,</strong></span> <span class='ocrx_word' id='word_1_553' title='bbox 1440 1390 1531 1426; x_wconf 83' lang='lat' dir='ltr'><strong>quoad</strong></span> <span class='ocrx_word' id='word_1_554' title='bbox 1552 1391 1672 1418; x_wconf 92' lang='lat' dir='ltr'><strong>nondum</strong></span> <span class='ocrx_word' id='word_1_555' title='bbox 1687 1391 1788 1418; x_wconf 83' lang='lat' dir='ltr'><strong>veritas</strong></span> 
     </span>
    </p>
   </div>
   <div class='ocr_carea' id='block_1_74' title="bbox 995 1436 1789 1472">
    <p class='ocr_par' dir='ltr' id='par_1_74' title="bbox 995 1436 1789 1472">
     <span class='ocr_line' id='line_1_74' title="bbox 995 1436 1789 1472; baseline -0.003 -7"><span class='ocrx_word' id='word_1_556' title='bbox 995 1437 1145 1466; x_wconf 62' lang='lat' dir='ltr'><strong>affulserat.</strong></span> <span class='ocrx_word' id='word_1_557' title='bbox 1174 1437 1233 1471; x_wconf 86' lang='lat' dir='ltr'><strong>Qua</strong></span> <span class='ocrx_word' id='word_1_558' title='bbox 1255 1439 1430 1471; x_wconf 85' lang='lat' dir='ltr'><strong>succedente,</strong></span> <span class='ocrx_word' id='word_1_559' title='bbox 1446 1445 1500 1465; x_wconf 94' lang='lat' dir='ltr'><strong>non</strong></span> <span class='ocrx_word' id='word_1_560' title='bbox 1513 1444 1575 1472; x_wconf 62' lang='lat' dir='ltr'><strong>quae</strong></span> <span class='ocrx_word' id='word_1_561' title='bbox 1594 1437 1717 1472; x_wconf 76' lang='lat' dir='ltr'><strong>imagini,</strong></span> <span class='ocrx_word' id='word_1_562' title='bbox 1740 1436 1789 1464; x_wconf 85' lang='lat' dir='ltr'><strong>sed</strong></span> 
     </span>
    </p>
   </div>
   <div class='ocr_carea' id='block_1_75' title="bbox 995 1482 1787 1520">
    <p class='ocr_par' dir='ltr' id='par_1_75' title="bbox 995 1482 1787 1520">
     <span class='ocr_line' id='line_1_75' title="bbox 995 1482 1787 1520; baseline 0 -9"><span class='ocrx_word' id='word_1_563' title='bbox 995 1492 1056 1520; x_wconf 77' lang='lat' dir='ltr'><strong>qme</strong></span> <span class='ocrx_word' id='word_1_564' title='bbox 1086 1484 1195 1511; x_wconf 87' lang='lat' dir='ltr'><strong>veritati</strong></span> <span class='ocrx_word' id='word_1_565' title='bbox 1231 1487 1388 1519; x_wconf 78' lang='lat' dir='ltr'><strong>congruunt</strong></span> <span class='ocrx_word' id='word_1_566' title='bbox 1417 1483 1507 1510; x_wconf 86' lang='lat' dir='ltr'><strong>facere</strong></span> <span class='ocrx_word' id='word_1_567' title='bbox 1537 1483 1674 1510; x_wconf 78' lang='lat' dir='ltr'><strong>convenit.</strong></span> <span class='ocrx_word' id='word_1_568' title='bbox 1703 1482 1787 1518; x_wconf 89' lang='lat' dir='ltr'><strong>quue</strong></span> 
     </span>
    </p>
   </div>
   <div class='ocr_carea' id='block_1_76' title="bbox 999 1523 1788 1566">
    <p class='ocr_par' dir='ltr' id='par_1_76' title="bbox 999 1523 1788 1566">
     <span class='ocr_line' id='line_1_76' title="bbox 999 1523 1788 1566; baseline -0.003 -7"><span class='ocrx_word' id='word_1_569' title='bbox 999 1532 1089 1566; x_wconf 90' lang='lat' dir='ltr'><strong>ipsum</strong></span> <span class='ocrx_word' id='word_1_570' title='bbox 1105 1538 1166 1558; x_wconf 91' lang='lat' dir='ltr'><strong>cum</strong></span> <span class='ocrx_word' id='word_1_571' title='bbox 1187 1531 1284 1566; x_wconf 85' lang='lat' dir='ltr'><strong>reliqui</strong></span> <span class='ocrx_word' id='word_1_572' title='bbox 1302 1538 1397 1558; x_wconf 88' lang='lat' dir='ltr'><strong>oumes</strong></span> <span class='ocrx_word' id='word_1_573' title='bbox 1410 1529 1550 1565; x_wconf 87' lang='lat' dir='ltr'><strong>discipuli,</strong></span> <span class='ocrx_word' id='word_1_574' title='bbox 1568 1533 1625 1557; x_wconf 91' lang='lat' dir='ltr'><strong>tum</strong></span> <span class='ocrx_word' id='word_1_575' title='bbox 1636 1523 1788 1565; x_wconf 67' lang='lat' dir='ltr'><strong>&#39;apostolus</strong></span> 
     </span>
    </p>
   </div>
   <div class='ocr_carea' id='block_1_77' title="bbox 999 1574 1789 1611">
    <p class='ocr_par' dir='ltr' id='par_1_77' title="bbox 999 1574 1789 1611">
     <span class='ocr_line' id='line_1_77' title="bbox 999 1574 1789 1611; baseline -0.001 -8"><span class='ocrx_word' id='word_1_576' title='bbox 999 1576 1099 1604; x_wconf 87' lang='lat' dir='ltr'><strong>Paulus</strong></span> <span class='ocrx_word' id='word_1_577' title='bbox 1112 1576 1243 1604; x_wconf 86' lang='lat' dir='ltr'><strong>ostendit.</strong></span> <span class='ocrx_word' id='word_1_578' title='bbox 1256 1576 1308 1609; x_wconf 84' lang='lat' dir='ltr'><strong>Qui</strong></span> <span class='ocrx_word' id='word_1_579' title='bbox 1325 1575 1471 1611; x_wconf 83' lang='lat' dir='ltr'><strong>ﬁguratum</strong></span> <span class='ocrx_word' id='word_1_580' title='bbox 1490 1574 1557 1604; x_wconf 90' lang='lat' dir='ltr'><strong>illud</strong></span> <span class='ocrx_word' id='word_1_581' title='bbox 1570 1583 1657 1610; x_wconf 80' lang='lat' dir='ltr'><strong>genus</strong></span> <span class='ocrx_word' id='word_1_582' title='bbox 1678 1580 1789 1611; x_wconf 85' lang='lat' dir='ltr'><strong>propter</strong></span> 
     </span>
    </p>
   </div>
   <div class='ocr_carea' id='block_1_78' title="bbox 998 1620 1789 1656">
    <p class='ocr_par' dir='ltr' id='par_1_78' title="bbox 998 1620 1789 1656">
     <span class='ocr_line' id='line_1_78' title="bbox 998 1620 1789 1656; baseline -0.003 -6"><span class='ocrx_word' id='word_1_583' title='bbox 998 1630 1059 1654; x_wconf 88' lang='lat' dir='ltr'><strong>nos,</strong></span> <span class='ocrx_word' id='word_1_584' title='bbox 1076 1627 1106 1650; x_wconf 93' lang='lat' dir='ltr'><strong>ut</strong></span> <span class='ocrx_word' id='word_1_585' title='bbox 1122 1622 1252 1654; x_wconf 87' lang='lat' dir='ltr'><strong>diximus,</strong></span> <span class='ocrx_word' id='word_1_586' title='bbox 1271 1622 1298 1649; x_wconf 90' lang='lat' dir='ltr'><strong>in</strong></span> <span class='ocrx_word' id='word_1_587' title='bbox 1313 1621 1448 1649; x_wconf 87' lang='lat' dir='ltr'><strong>Paschate</strong></span> <span class='ocrx_word' id='word_1_588' title='bbox 1483 1621 1644 1656; x_wconf 88' lang='lat' dir='ltr'><strong>azymisque</strong></span> <span class='ocrx_word' id='word_1_589' title='bbox 1673 1620 1789 1648; x_wconf 87' lang='lat' dir='ltr'><strong>demon-</strong></span> 
     </span>
    </p>
   </div>
   <div class='ocr_carea' id='block_1_79' title="bbox 998 1667 1788 1702">
    <p class='ocr_par' dir='ltr' id='par_1_79' title="bbox 998 1667 1788 1702">
     <span class='ocr_line' id='line_1_79' title="bbox 998 1667 1788 1702; baseline -0.003 -6"><span class='ocrx_word' id='word_1_590' title='bbox 998 1673 1077 1696; x_wconf 88' lang='lat' dir='ltr'><strong>strat.</strong></span> <span class='ocrx_word' id='word_1_591' title='bbox 1088 1668 1125 1696; x_wconf 91' lang='lat' dir='ltr'><strong>De</strong></span> <span class='ocrx_word' id='word_1_592' title='bbox 1141 1669 1228 1697; x_wconf 86' lang='lat' dir='ltr'><strong>altero</strong></span> <span class='ocrx_word' id='word_1_593' title='bbox 1245 1676 1310 1696; x_wconf 85' lang='lat' dir='ltr'><strong>vero</strong></span> <span class='ocrx_word' id='word_1_594' title='bbox 1324 1667 1397 1702; x_wconf 89' lang='lat' dir='ltr'><strong>quod</strong></span> <span class='ocrx_word' id='word_1_595' title='bbox 1409 1667 1577 1702; x_wconf 88' lang='lat' dir='ltr'><strong>implicatum</strong></span> <span class='ocrx_word' id='word_1_596' title='bbox 1591 1667 1727 1702; x_wconf 86' lang='lat' dir='ltr'><strong>injustitia</strong></span> <span class='ocrx_word' id='word_1_597' title='bbox 1735 1672 1788 1699; x_wconf 88' lang='lat' dir='ltr'><strong>est,</strong></span> 
     </span>
    </p>
   </div>
   <div class='ocr_carea' id='block_1_80' title="bbox 998 1712 1788 1750">
    <p class='ocr_par' dir='ltr' id='par_1_80' title="bbox 998 1712 1788 1750">
     <span class='ocr_line' id='line_1_80' title="bbox 998 1712 1788 1750; baseline -0.001 -9"><span class='ocrx_word' id='word_1_598' title='bbox 998 1715 1129 1750; x_wconf 88' lang='lat' dir='ltr'><strong>loquitur,</strong></span> <span class='ocrx_word' id='word_1_599' title='bbox 1137 1722 1200 1741; x_wconf 89' lang='lat' dir='ltr'><strong>cum</strong></span> <span class='ocrx_word' id='word_1_600' title='bbox 1218 1715 1304 1749; x_wconf 78' lang='lat' dir='ltr'><strong>legem</strong></span> <span class='ocrx_word' id='word_1_601' title='bbox 1316 1713 1507 1740; x_wconf 82' lang='lat' dir='ltr'><strong>mandatorum</strong></span> <span class='ocrx_word' id='word_1_602' title='bbox 1520 1712 1560 1739; x_wconf 84' lang='lat' dir='ltr'><strong>ait</strong></span> <span class='ocrx_word' id='word_1_603' title='bbox 1571 1712 1599 1739; x_wconf 94' lang='lat' dir='ltr'><strong>in</strong></span> <span class='ocrx_word' id='word_1_604' title='bbox 1614 1712 1788 1748; x_wconf 82' lang='lat' dir='ltr'><strong>dogmatibus</strong></span> 
     </span>
    </p>
   </div>
   <div class='ocr_carea' id='block_1_81' title="bbox 997 1758 1791 1796">
    <p class='ocr_par' dir='ltr' id='par_1_81' title="bbox 997 1758 1791 1796">
     <span class='ocr_line' id='line_1_81' title="bbox 997 1758 1791 1796; baseline -0.004 -8"><span class='ocrx_word' id='word_1_605' title='bbox 997 1761 1154 1796; x_wconf 82' lang='lat' dir='ltr'><strong>abrogatam</strong></span> <span class='ocrx_word' id='word_1_606' title='bbox 1166 1760 1187 1788; x_wconf 78' lang='lat'><strong>&quot;.</strong></span> <span class='ocrx_word' id='word_1_607' title='bbox 1204 1760 1242 1787; x_wconf 87' lang='lat' dir='ltr'><strong>De</strong></span> <span class='ocrx_word' id='word_1_608' title='bbox 1254 1760 1334 1787; x_wconf 86' lang='lat' dir='ltr'><strong>tertio</strong></span> <span class='ocrx_word' id='word_1_609' title='bbox 1355 1758 1484 1793; x_wconf 83' lang='lat' dir='ltr'><strong>denique,</strong></span> <span class='ocrx_word' id='word_1_610' title='bbox 1500 1758 1574 1793; x_wconf 91' lang='lat' dir='ltr'><strong>quod</strong></span> <span class='ocrx_word' id='word_1_611' title='bbox 1589 1758 1734 1786; x_wconf 86' lang='lat' dir='ltr'><strong>deterioris</strong></span> <span class='ocrx_word' id='word_1_612' title='bbox 1747 1762 1791 1787; x_wconf 88' lang='lat' dir='ltr'><strong>est</strong></span> 
     </span>
    </p>
   </div>
   <div class='ocr_carea' id='block_1_82' title="bbox 998 1803 1788 1842">
    <p class='ocr_par' dir='ltr' id='par_1_82' title="bbox 998 1803 1788 1842">
     <span class='ocr_line' id='line_1_82' title="bbox 998 1803 1788 1842; baseline -0.005 -7"><span class='ocrx_word' id='word_1_613' title='bbox 998 1815 1115 1842; x_wconf 83' lang='lat' dir='ltr'><strong>expers:</strong></span> <span class='ocrx_word' id='word_1_614' title='bbox 1131 1806 1195 1838; x_wconf 71' lang='lat' dir='ltr'><strong>Lex,</strong></span> <span class='ocrx_word' id='word_1_615' title='bbox 1213 1805 1313 1841; x_wconf 89' lang='lat' dir='ltr'><strong>inquit,</strong></span> <span class='ocrx_word' id='word_1_616' title='bbox 1334 1809 1428 1832; x_wconf 79' lang='lat' dir='ltr'><strong>sancta</strong></span> <span class='ocrx_word' id='word_1_617' title='bbox 1441 1809 1489 1835; x_wconf 78' lang='lat' dir='ltr'><strong>est.</strong></span> <span class='ocrx_word' id='word_1_618' title='bbox 1502 1808 1528 1831; x_wconf 86' lang='lat' dir='ltr'><strong>et</strong></span> <span class='ocrx_word' id='word_1_619' title='bbox 1548 1803 1707 1831; x_wconf 86' lang='lat' dir='ltr'><strong>mandatum</strong></span> <span class='ocrx_word' id='word_1_620' title='bbox 1723 1812 1788 1832; x_wconf 84' lang='lat' dir='ltr'><strong>san-</strong></span> 
     </span>
    </p>
   </div>
   <div class='ocr_carea' id='block_1_83' title="bbox 998 1850 1428 1886">
    <p class='ocr_par' dir='ltr' id='par_1_83' title="bbox 998 1850 1428 1886">
     <span class='ocr_line' id='line_1_83' title="bbox 998 1850 1428 1886; baseline -0.009 -6"><span class='ocrx_word' id='word_1_621' title='bbox 998 1858 1080 1884; x_wconf 84' lang='lat' dir='ltr'><strong>ctum,</strong></span> <span class='ocrx_word' id='word_1_622' title='bbox 1096 1858 1121 1879; x_wconf 85' lang='lat' dir='ltr'><strong>et</strong></span> <span class='ocrx_word' id='word_1_623' title='bbox 1137 1852 1238 1886; x_wconf 85' lang='lat' dir='ltr'><strong>iustum</strong></span> <span class='ocrx_word' id='word_1_624' title='bbox 1251 1856 1276 1878; x_wconf 81' lang='lat' dir='ltr'><strong>et</strong></span> <span class='ocrx_word' id='word_1_625' title='bbox 1291 1850 1428 1877; x_wconf 58' lang='lat' dir='ltr'><strong>bonum’.’</strong></span> 
     </span>
    </p>
   </div>
   <div class='ocr_carea' id='block_1_84' title="bbox 1035 1893 1790 1931">
    <p class='ocr_par' dir='ltr' id='par_1_84' title="bbox 1035 1893 1790 1931">
     <span class='ocr_line' id='line_1_84' title="bbox 1035 1893 1790 1931; baseline -0.004 -6"><span class='ocrx_word' id='word_1_626' title='bbox 1035 1897 1091 1926; x_wconf 80' lang='lat' dir='ltr'><strong>VII.</strong></span> <span class='ocrx_word' id='word_1_627' title='bbox 1110 1897 1293 1931; x_wconf 85' lang='lat' dir='ltr'><strong>Quamobrem</strong></span> <span class='ocrx_word' id='word_1_628' title='bbox 1311 1896 1378 1924; x_wconf 89' lang='lat' dir='ltr'><strong>satis</strong></span> <span class='ocrx_word' id='word_1_629' title='bbox 1405 1893 1542 1930; x_wconf 84' lang='lat' dir='ltr'><strong>superque</strong></span> <span class='ocrx_word' id='word_1_630' title='bbox 1570 1895 1631 1929; x_wconf 83' lang='lat' dir='ltr'><strong>tibi,</strong></span> <span class='ocrx_word' id='word_1_631' title='bbox 1655 1899 1790 1931; x_wconf 90' lang='lat' dir='ltr'><strong>quantum</strong></span> 
     </span>
    </p>
   </div>
   <div class='ocr_carea' id='block_1_85' title="bbox 997 1942 1791 1979">
    <p class='ocr_par' dir='ltr' id='par_1_85' title="bbox 997 1942 1791 1979">
     <span class='ocr_line' id='line_1_85' title="bbox 997 1942 1791 1979; baseline -0.004 -5"><span class='ocrx_word' id='word_1_632' title='bbox 997 1946 1117 1974; x_wconf 86' lang='lat' dir='ltr'><strong>breviter</strong></span> <span class='ocrx_word' id='word_1_633' title='bbox 1131 1943 1326 1979; x_wconf 85' lang='lat' dir='ltr'><strong>comprehendi</strong></span> <span class='ocrx_word' id='word_1_634' title='bbox 1348 1947 1448 1979; x_wconf 84' lang='lat' dir='ltr'><strong>potest,</strong></span> <span class='ocrx_word' id='word_1_635' title='bbox 1468 1942 1622 1971; x_wconf 89' lang='lat' dir='ltr'><strong>declaratas</strong></span> <span class='ocrx_word' id='word_1_636' title='bbox 1650 1950 1697 1971; x_wconf 87' lang='lat' dir='ltr'><strong>eas</strong></span> <span class='ocrx_word' id='word_1_637' title='bbox 1717 1943 1791 1978; x_wconf 79' lang='lat' dir='ltr'><strong>leges</strong></span> 
     </span>
    </p>
   </div>
   <div class='ocr_carea' id='block_1_86' title="bbox 998 1989 1790 2027">
    <p class='ocr_par' dir='ltr' id='par_1_86' title="bbox 998 1989 1790 2027">
     <span class='ocr_line' id='line_1_86' title="bbox 998 1989 1790 2027; baseline -0.005 -7"><span class='ocrx_word' id='word_1_638' title='bbox 998 1993 1127 2025; x_wconf 85' lang='lat' dir='ltr'><strong>arbitror,</strong></span> <span class='ocrx_word' id='word_1_639' title='bbox 1144 1999 1204 2027; x_wconf 83' lang='lat' dir='ltr'><strong>quae</strong></span> <span class='ocrx_word' id='word_1_640' title='bbox 1219 1998 1252 2018; x_wconf 83' lang='lat' dir='ltr'><strong>ex</strong></span> <span class='ocrx_word' id='word_1_641' title='bbox 1267 1990 1428 2017; x_wconf 81' lang='lat' dir='ltr'><strong>auctoritate</strong></span> <span class='ocrx_word' id='word_1_642' title='bbox 1444 1989 1584 2016; x_wconf 90' lang='lat' dir='ltr'><strong>hominum</strong></span> <span class='ocrx_word' id='word_1_643' title='bbox 1602 1989 1790 2025; x_wconf 83' lang='lat' dir='ltr'><strong>irrepserunt;</strong></span> 
     </span>
    </p>
   </div>
   <div class='ocr_carea' id='block_1_87' title="bbox 999 2034 1792 2074">
    <p class='ocr_par' dir='ltr' id='par_1_87' title="bbox 999 2034 1792 2074">
     <span class='ocr_line' id='line_1_87' title="bbox 999 2034 1792 2074; baseline -0.003 -9"><span class='ocrx_word' id='word_1_644' title='bbox 999 2038 1141 2074; x_wconf 85' lang='lat' dir='ltr'><strong>ipsamque</strong></span> <span class='ocrx_word' id='word_1_645' title='bbox 1157 2037 1202 2064; x_wconf 86' lang='lat' dir='ltr'><strong>Dei</strong></span> <span class='ocrx_word' id='word_1_646' title='bbox 1218 2037 1303 2072; x_wconf 80' lang='lat' dir='ltr'><strong>legem</strong></span> <span class='ocrx_word' id='word_1_647' title='bbox 1316 2035 1450 2062; x_wconf 83' lang='lat' dir='ltr'><strong>trifariam</strong></span> <span class='ocrx_word' id='word_1_648' title='bbox 1469 2043 1530 2063; x_wconf 84' lang='lat' dir='ltr'><strong>esse</strong></span> <span class='ocrx_word' id='word_1_649' title='bbox 1542 2035 1668 2062; x_wconf 82' lang='lat' dir='ltr'><strong>divisam.</strong></span> <span class='ocrx_word' id='word_1_650' title='bbox 1689 2034 1792 2071; x_wconf 88' lang='lat' dir='ltr'><strong>Super-</strong></span> 
     </span>
    </p>
   </div>
   <div class='ocr_carea' id='block_1_88' title="bbox 998 2080 1790 2118">
    <p class='ocr_par' dir='ltr' id='par_1_88' title="bbox 998 2080 1790 2118">
     <span class='ocr_line' id='line_1_88' title="bbox 998 2080 1790 2118; baseline -0.004 -6"><span class='ocrx_word' id='word_1_651' title='bbox 998 2088 1086 2112; x_wconf 90' lang='lat' dir='ltr'><strong>estut</strong></span> <span class='ocrx_word' id='word_1_652' title='bbox 1107 2083 1170 2118; x_wconf 88' lang='lat' dir='ltr'><strong>quis</strong></span> <span class='ocrx_word' id='word_1_653' title='bbox 1198 2082 1243 2109; x_wconf 93' lang='lat' dir='ltr'><strong>ille</strong></span> <span class='ocrx_word' id='word_1_654' title='bbox 1273 2081 1308 2109; x_wconf 86' lang='lat' dir='ltr'><strong>sit</strong></span> <span class='ocrx_word' id='word_1_655' title='bbox 1325 2080 1397 2108; x_wconf 84' lang='lat' dir='ltr'><strong>Deus</strong></span> <span class='ocrx_word' id='word_1_656' title='bbox 1424 2081 1491 2117; x_wconf 76' lang='lat' dir='ltr'><strong>legis</strong></span> <span class='ocrx_word' id='word_1_657' title='bbox 1519 2084 1616 2108; x_wconf 84' lang='lat' dir='ltr'><strong>auctor</strong></span> <span class='ocrx_word' id='word_1_658' title='bbox 1642 2081 1790 2110; x_wconf 88' lang='lat' dir='ltr'><strong>dicendum</strong></span> 
     </span>
    </p>
   </div>
   <div class='ocr_carea' id='block_1_89' title="bbox 998 2127 1790 2164">
    <p class='ocr_par' dir='ltr' id='par_1_89' title="bbox 998 2127 1790 2164">
     <span class='ocr_line' id='line_1_89' title="bbox 998 2127 1790 2164; baseline -0.001 -6"><span class='ocrx_word' id='word_1_659' title='bbox 998 2131 1133 2158; x_wconf 89' lang='lat' dir='ltr'><strong>videatur.</strong></span> <span class='ocrx_word' id='word_1_660' title='bbox 1150 2128 1233 2164; x_wconf 81' lang='lat' dir='ltr'><strong>Atqui</strong></span> <span class='ocrx_word' id='word_1_661' title='bbox 1261 2127 1334 2155; x_wconf 90' lang='lat' dir='ltr'><strong>istud</strong></span> <span class='ocrx_word' id='word_1_662' title='bbox 1350 2127 1432 2155; x_wconf 87' lang='lat' dir='ltr'><strong>etiam</strong></span> <span class='ocrx_word' id='word_1_663' title='bbox 1452 2127 1543 2160; x_wconf 75' lang='lat' dir='ltr'><strong>exiis,</strong></span> <span class='ocrx_word' id='word_1_664' title='bbox 1563 2135 1624 2162; x_wconf 77' lang='lat' dir='ltr'><strong>quae</strong></span> <span class='ocrx_word' id='word_1_665' title='bbox 1655 2128 1790 2157; x_wconf 88' lang='lat' dir='ltr'><strong>hactenus</strong></span> 
     </span>
    </p>
   </div>
   <div class='ocr_carea' id='block_1_90' title="bbox 999 2173 1791 2212">
    <p class='ocr_par' dir='ltr' id='par_1_90' title="bbox 999 2173 1791 2212">
     <span class='ocr_line' id='line_1_90' title="bbox 999 2173 1791 2212; baseline -0.004 -8"><span class='ocrx_word' id='word_1_666' title='bbox 999 2177 1137 2212; x_wconf 86' lang='lat' dir='ltr'><strong>disputata</strong></span> <span class='ocrx_word' id='word_1_667' title='bbox 1147 2179 1223 2208; x_wconf 88' lang='lat' dir='ltr'><strong>sunt,</strong></span> <span class='ocrx_word' id='word_1_668' title='bbox 1239 2174 1261 2202; x_wconf 91' lang='lat' dir='ltr'><strong>si</strong></span> <span class='ocrx_word' id='word_1_669' title='bbox 1275 2177 1378 2201; x_wconf 89' lang='lat' dir='ltr'><strong>attente</strong></span> <span class='ocrx_word' id='word_1_670' title='bbox 1395 2173 1525 2206; x_wconf 84' lang='lat' dir='ltr'><strong>audieris,</strong></span> <span class='ocrx_word' id='word_1_671' title='bbox 1537 2177 1604 2208; x_wconf 89' lang='lat' dir='ltr'><strong>puto</strong></span> <span class='ocrx_word' id='word_1_672' title='bbox 1620 2174 1791 2202; x_wconf 87' lang='lat' dir='ltr'><strong>tibidemon-</strong></span> 
     </span>
    </p>
   </div>
   <div class='ocr_carea' id='block_1_91' title="bbox 153 2216 944 2257">
    <p class='ocr_par' dir='ltr' id='par_1_91' title="bbox 153 2216 944 2257">
     <span class='ocr_line' id='line_1_91' title="bbox 153 2216 944 2257; baseline 0.004 -12"><span class='ocrx_word' id='word_1_673' title='bbox 153 2219 225 2246; x_wconf 79' lang='grc' dir='ltr'>λείου</span> <span class='ocrx_word' id='word_1_674' title='bbox 242 2219 309 2246; x_wconf 74' lang='grc' dir='ltr'>Θεοῦ</span> <span class='ocrx_word' id='word_1_675' title='bbox 325 2220 442 2247; x_wconf 81' lang='grc' dir='ltr'>τέθειται</span> <span class='ocrx_word' id='word_1_676' title='bbox 464 2216 551 2253; x_wconf 75' lang='grc' dir='ltr'>οὗτος,</span> <span class='ocrx_word' id='word_1_677' title='bbox 566 2221 604 2252; x_wconf 85' lang='grc' dir='ltr'><strong>ὡς</strong></span> <span class='ocrx_word' id='word_1_678' title='bbox 620 2220 789 2256; x_wconf 77' lang='grc' dir='ltr'>ἐδιδάξαμεν,</span> <span class='ocrx_word' id='word_1_679' title='bbox 807 2221 876 2257; x_wconf 87' lang='grc' dir='ltr'>μήτε</span> <span class='ocrx_word' id='word_1_680' title='bbox 893 2221 944 2257; x_wconf 85' lang='grc' dir='ltr'><strong>μὴν</strong></span> 
     </span>
    </p>
   </div>
   <div class='ocr_carea' id='block_1_92' title="bbox 998 2216 1791 2257">
    <p class='ocr_par' dir='ltr' id='par_1_92' title="bbox 1000 2219 1791 2255">
     <span class='ocr_line' id='line_1_92' title="bbox 1000 2219 1791 2255; baseline -0.001 -6"><span class='ocrx_word' id='word_1_681' title='bbox 1000 2226 1126 2250; x_wconf 87' lang='lat' dir='ltr'><strong>stratum.</strong></span> <span class='ocrx_word' id='word_1_682' title='bbox 1152 2220 1220 2248; x_wconf 84' lang='lat' dir='ltr'><strong>Nam</strong></span> <span class='ocrx_word' id='word_1_683' title='bbox 1236 2220 1258 2248; x_wconf 92' lang='lat' dir='ltr'><strong>si</strong></span> <span class='ocrx_word' id='word_1_684' title='bbox 1275 2227 1363 2255; x_wconf 85' lang='lat' dir='ltr'><strong>neque</strong></span> <span class='ocrx_word' id='word_1_685' title='bbox 1377 2226 1392 2246; x_wconf 90' lang='lat' dir='ltr'><strong>a</strong></span> <span class='ocrx_word' id='word_1_686' title='bbox 1407 2219 1528 2254; x_wconf 89' lang='lat' dir='ltr'><strong>perfecto</strong></span> <span class='ocrx_word' id='word_1_687' title='bbox 1555 2219 1602 2247; x_wconf 90' lang='lat' dir='ltr'><strong>illo</strong></span> <span class='ocrx_word' id='word_1_688' title='bbox 1630 2219 1686 2248; x_wconf 90' lang='lat' dir='ltr'><strong>Deo</strong></span> <span class='ocrx_word' id='word_1_689' title='bbox 1701 2221 1791 2255; x_wconf 86' lang='lat' dir='ltr'><strong>posita</strong></span> 
     </span>
    </p>
   </div>
   <div class='ocr_carea' id='block_1_93' title="bbox 154 2264 948 2302">
    <p class='ocr_par' dir='ltr' id='par_1_93' title="bbox 154 2264 948 2302">
     <span class='ocr_line' id='line_1_93' title="bbox 154 2264 948 2302; baseline 0.004 -11"><span class='ocrx_word' id='word_1_690' title='bbox 154 2265 206 2291; x_wconf 74' lang='grc' dir='ltr'>ὑπὸ</span> <span class='ocrx_word' id='word_1_691' title='bbox 221 2264 268 2291; x_wconf 80' lang='grc' dir='ltr'>τοῦ</span> <span class='ocrx_word' id='word_1_692' title='bbox 288 2265 420 2298; x_wconf 78' lang='grc' dir='ltr'>διαϐόλου,</span> <span class='ocrx_word' id='word_1_693' title='bbox 437 2265 451 2292; x_wconf 76' lang='grc' dir='ltr'><strong>ὃ</strong></span> <span class='ocrx_word' id='word_1_694' title='bbox 467 2266 535 2302; x_wconf 75' lang='grc' dir='ltr'>μηδὲ</span> <span class='ocrx_word' id='word_1_695' title='bbox 557 2266 667 2301; x_wconf 87' lang='grc' dir='ltr'>θεμιτόν</span> <span class='ocrx_word' id='word_1_696' title='bbox 684 2267 756 2293; x_wconf 76' lang='grc' dir='ltr'>ἐστιν</span> <span class='ocrx_word' id='word_1_697' title='bbox 771 2268 857 2294; x_wconf 84' lang='grc' dir='ltr'>είπεῖν</span> <span class='ocrx_word' id='word_1_698' title='bbox 868 2275 874 2282; x_wconf 88' lang='grc'>·</span> <span class='ocrx_word' id='word_1_699' title='bbox 888 2267 948 2294; x_wconf 75' lang='grc' dir='ltr'>ἕτε-</span> 
     </span>
    </p>
   </div>
   <div class='ocr_carea' id='block_1_94' title="bbox 155 2310 949 2348">
    <p class='ocr_par' dir='ltr' id='par_1_94' title="bbox 155 2310 949 2348">
     <span class='ocr_line' id='line_1_94' title="bbox 155 2310 949 2348; baseline 0.004 -11"><span class='ocrx_word' id='word_1_700' title='bbox 155 2311 200 2348; x_wconf 79' lang='grc' dir='ltr'><strong>ρός</strong></span> <span class='ocrx_word' id='word_1_701' title='bbox 215 2311 257 2343; x_wconf 87' lang='grc' dir='ltr'><strong>τίς</strong></span> <span class='ocrx_word' id='word_1_702' title='bbox 274 2313 330 2338; x_wconf 76' lang='grc' dir='ltr'>ἐστι</span> <span class='ocrx_word' id='word_1_703' title='bbox 347 2312 422 2348; x_wconf 74' lang='grc' dir='ltr'>παρὰ</span> <span class='ocrx_word' id='word_1_704' title='bbox 436 2312 547 2344; x_wconf 82' lang='grc' dir='ltr'>τούτους</span> <span class='ocrx_word' id='word_1_705' title='bbox 567 2310 645 2344; x_wconf 79' lang='grc' dir='ltr'>οὗτος</span> <span class='ocrx_word' id='word_1_706' title='bbox 669 2313 683 2339; x_wconf 85' lang='grc' dir='ltr'><strong>ό</strong></span> <span class='ocrx_word' id='word_1_707' title='bbox 705 2313 817 2348; x_wconf 78' lang='grc' dir='ltr'>θέμενος</span> <span class='ocrx_word' id='word_1_708' title='bbox 837 2313 883 2341; x_wconf 83' lang='grc' dir='ltr'><strong>τὸν</strong></span> <span class='ocrx_word' id='word_1_709' title='bbox 904 2313 949 2340; x_wconf 90' lang='grc' dir='ltr'>νό-</span> 
     </span>
    </p>
   </div>
   <div class='ocr_carea' id='block_1_95' title="bbox 155 2353 947 2394">
    <p class='ocr_par' dir='ltr' id='par_1_95' title="bbox 155 2353 947 2394">
     <span class='ocr_line' id='line_1_95' title="bbox 155 2353 947 2394; baseline 0.003 -10"><span class='ocrx_word' id='word_1_710' title='bbox 155 2366 215 2393; x_wconf 85' lang='grc' dir='ltr'>μον.</span> <span class='ocrx_word' id='word_1_711' title='bbox 240 2353 324 2390; x_wconf 73' lang='grc' dir='ltr'>Οὗτος</span> <span class='ocrx_word' id='word_1_712' title='bbox 348 2358 376 2384; x_wconf 80' lang='grc' dir='ltr'>δὲ</span> <span class='ocrx_word' id='word_1_713' title='bbox 399 2358 564 2394; x_wconf 78' lang='grc' dir='ltr'>δημιουργὸς</span> <span class='ocrx_word' id='word_1_714' title='bbox 587 2359 634 2385; x_wconf 78' lang='grc' dir='ltr'>καὶ</span> <span class='ocrx_word' id='word_1_715' title='bbox 661 2359 775 2394; x_wconf 81' lang='grc' dir='ltr'>ποιητὴς</span> <span class='ocrx_word' id='word_1_716' title='bbox 799 2359 877 2386; x_wconf 71' lang='grc' dir='ltr'>τοῦδε</span> <span class='ocrx_word' id='word_1_717' title='bbox 901 2359 947 2386; x_wconf 82' lang='grc' dir='ltr'>τοῦ</span> 
     </span>
    </p>
   </div>
   <div class='ocr_carea' id='block_1_96' title="bbox 155 2404 947 2441">
    <p class='ocr_par' dir='ltr' id='par_1_96' title="bbox 155 2404 947 2441">
     <span class='ocr_line' id='line_1_96' title="bbox 155 2404 947 2441; baseline 0.003 -11"><span class='ocrx_word' id='word_1_718' title='bbox 155 2405 255 2436; x_wconf 77' lang='grc' dir='ltr'>παντός</span> <span class='ocrx_word' id='word_1_719' title='bbox 276 2405 332 2431; x_wconf 76' lang='grc' dir='ltr'>ἐστι</span> <span class='ocrx_word' id='word_1_720' title='bbox 354 2405 469 2441; x_wconf 82' lang='grc' dir='ltr'>κόσμου,</span> <span class='ocrx_word' id='word_1_721' title='bbox 487 2405 534 2432; x_wconf 76' lang='grc' dir='ltr'>καὶ</span> <span class='ocrx_word' id='word_1_722' title='bbox 555 2405 609 2432; x_wconf 85' lang='grc' dir='ltr'><strong>τῶν</strong></span> <span class='ocrx_word' id='word_1_723' title='bbox 633 2405 662 2432; x_wconf 79' lang='grc' dir='ltr'>ἐν</span> <span class='ocrx_word' id='word_1_724' title='bbox 688 2405 773 2440; x_wconf 80' lang='grc' dir='ltr'>αὐτῷ,</span> <span class='ocrx_word' id='word_1_725' title='bbox 797 2405 891 2441; x_wconf 73' lang='grc' dir='ltr'>ἕτερος</span> <span class='ocrx_word' id='word_1_726' title='bbox 909 2404 947 2432; x_wconf 83' lang='grc' dir='ltr'><strong>ὢν</strong></span> 
     </span>
    </p>
   </div>
   <div class='ocr_carea' id='block_1_97' title="bbox 156 2449 946 2486">
    <p class='ocr_par' dir='ltr' id='par_1_97' title="bbox 156 2449 946 2486">
     <span class='ocr_line' id='line_1_97' title="bbox 156 2449 946 2486; baseline 0.003 -11"><span class='ocrx_word' id='word_1_727' title='bbox 156 2449 231 2485; x_wconf 76' lang='grc' dir='ltr'><strong>παρά</strong></span> <span class='ocrx_word' id='word_1_728' title='bbox 253 2449 303 2481; x_wconf 79' lang='grc' dir='ltr'>τὰς</span> <span class='ocrx_word' id='word_1_729' title='bbox 321 2450 423 2477; x_wconf 80' lang='grc' dir='ltr'>τούτων</span> <span class='ocrx_word' id='word_1_730' title='bbox 443 2450 547 2482; x_wconf 83' lang='grc' dir='ltr'>οὐσίας,</span> <span class='ocrx_word' id='word_1_731' title='bbox 573 2450 656 2486; x_wconf 76' lang='grc' dir='ltr'>μέσος</span> <span class='ocrx_word' id='word_1_732' title='bbox 677 2450 780 2477; x_wconf 84' lang='grc' dir='ltr'>τούτων</span> <span class='ocrx_word' id='word_1_733' title='bbox 806 2449 946 2482; x_wconf 82' lang='grc' dir='ltr'>καθεστὼς</span> 
     </span>
    </p>
   </div>
   <div class='ocr_carea' id='block_1_98' title="bbox 155 2495 944 2534">
    <p class='ocr_par' dir='ltr' id='par_1_98' title="bbox 155 2495 944 2534">
     <span class='ocr_line' id='line_1_98' title="bbox 155 2495 944 2534; baseline 0.003 -13"><span class='ocrx_word' id='word_1_734' title='bbox 155 2495 276 2528; x_wconf 80' lang='grc' dir='ltr'>ἐνδίκως,</span> <span class='ocrx_word' id='word_1_735' title='bbox 291 2497 338 2523; x_wconf 77' lang='grc' dir='ltr'>καὶ</span> <span class='ocrx_word' id='word_1_736' title='bbox 352 2496 382 2523; x_wconf 83' lang='grc' dir='ltr'><strong>τὸ</strong></span> <span class='ocrx_word' id='word_1_737' title='bbox 394 2498 444 2532; x_wconf 87' lang='grc' dir='ltr'>τῆς</span> <span class='ocrx_word' id='word_1_738' title='bbox 459 2497 606 2533; x_wconf 75' lang='grc' dir='ltr'>μεσότητος</span> <span class='ocrx_word' id='word_1_739' title='bbox 621 2497 707 2534; x_wconf 75' lang='grc' dir='ltr'>δνομα</span> <span class='ocrx_word' id='word_1_740' title='bbox 722 2497 887 2532; x_wconf 82' lang='grc' dir='ltr'>ἀποφέροιτο</span> <span class='ocrx_word' id='word_1_741' title='bbox 901 2497 944 2524; x_wconf 81' lang='grc' dir='ltr'><strong>ἄν.</strong></span> 
     </span>
    </p>
   </div>
   <div class='ocr_carea' id='block_1_99' title="bbox 155 2541 946 2578">
    <p class='ocr_par' dir='ltr' id='par_1_99' title="bbox 155 2541 946 2578">
     <span class='ocr_line' id='line_1_99' title="bbox 155 2541 946 2578; baseline 0.001 -10"><span class='ocrx_word' id='word_1_742' title='bbox 155 2542 210 2568; x_wconf 73' lang='grc' dir='ltr'><strong>Καὶ</strong></span> <span class='ocrx_word' id='word_1_743' title='bbox 225 2543 248 2568; x_wconf 83' lang='grc' dir='ltr'><strong>εἰ</strong></span> <span class='ocrx_word' id='word_1_744' title='bbox 265 2543 279 2568; x_wconf 92' lang='lat'><strong>6</strong></span> <span class='ocrx_word' id='word_1_745' title='bbox 297 2542 396 2574; x_wconf 77' lang='grc' dir='ltr'>τέλειος</span> <span class='ocrx_word' id='word_1_746' title='bbox 410 2543 476 2575; x_wconf 77' lang='grc' dir='ltr'>Θεὸς</span> <span class='ocrx_word' id='word_1_747' title='bbox 490 2543 592 2578; x_wconf 86' lang='grc' dir='ltr'>ἀγαθός</span> <span class='ocrx_word' id='word_1_748' title='bbox 614 2543 672 2570; x_wconf 75' lang='grc' dir='ltr'>ἐστι</span> <span class='ocrx_word' id='word_1_749' title='bbox 697 2543 768 2570; x_wconf 86' lang='grc' dir='ltr'><strong>κατά</strong></span> <span class='ocrx_word' id='word_1_750' title='bbox 783 2543 833 2578; x_wconf 81' lang='grc' dir='ltr'>τὴν</span> <span class='ocrx_word' id='word_1_751' title='bbox 848 2541 946 2569; x_wconf 78' lang='grc' dir='ltr'>ἑαυτοῦ</span> 
     </span>
    </p>
   </div>
   <div class='ocr_carea' id='block_1_100' title="bbox 156 2588 948 2626">
    <p class='ocr_par' dir='ltr' id='par_1_100' title="bbox 156 2588 948 2626">
     <span class='ocr_line' id='line_1_100' title="bbox 156 2588 948 2626; baseline 0.003 -11"><span class='ocrx_word' id='word_1_752' title='bbox 156 2588 245 2623; x_wconf 73' lang='grc' dir='ltr'>φύσιν,</span> <span class='ocrx_word' id='word_1_753' title='bbox 258 2588 353 2625; x_wconf 82' lang='grc' dir='ltr'>ὥσπερ</span> <span class='ocrx_word' id='word_1_754' title='bbox 367 2589 414 2617; x_wconf 81' lang='grc' dir='ltr'>καὶ</span> <span class='ocrx_word' id='word_1_755' title='bbox 432 2589 506 2617; x_wconf 78' lang='grc' dir='ltr'>ἐστιν</span> <span class='ocrx_word' id='word_1_756' title='bbox 521 2590 580 2626; x_wconf 75' lang='grc' dir='ltr'>(ἕνα</span> <span class='ocrx_word' id='word_1_757' title='bbox 597 2590 651 2626; x_wconf 82' lang='grc' dir='ltr'><strong>γὰρ</strong></span> <span class='ocrx_word' id='word_1_758' title='bbox 671 2590 750 2626; x_wconf 81' lang='grc' dir='ltr'>μόνον</span> <span class='ocrx_word' id='word_1_759' title='bbox 764 2588 833 2617; x_wconf 77' lang='grc' dir='ltr'>εἶναι</span> <span class='ocrx_word' id='word_1_760' title='bbox 848 2589 948 2625; x_wconf 80' lang='grc' dir='ltr'>ἀγαθὸν</span> 
     </span>
    </p>
   </div>
   <div class='ocr_carea' id='block_1_101' title="bbox 999 2265 1792 2301">
    <p class='ocr_par' dir='ltr' id='par_1_101' title="bbox 999 2265 1792 2301">
     <span class='ocr_line' id='line_1_101' title="bbox 999 2265 1792 2301; baseline 0 -7"><span class='ocrx_word' id='word_1_761' title='bbox 999 2267 1042 2294; x_wconf 83' lang='lat' dir='ltr'><strong>lex</strong></span> <span class='ocrx_word' id='word_1_762' title='bbox 1053 2270 1105 2300; x_wconf 87' lang='lat' dir='ltr'><strong>est,</strong></span> <span class='ocrx_word' id='word_1_763' title='bbox 1127 2266 1167 2294; x_wconf 85' lang='lat' dir='ltr'><strong>uti</strong></span> <span class='ocrx_word' id='word_1_764' title='bbox 1180 2265 1346 2297; x_wconf 82' lang='lat' dir='ltr'><strong>docuimus;</strong></span> <span class='ocrx_word' id='word_1_765' title='bbox 1365 2272 1453 2299; x_wconf 86' lang='lat' dir='ltr'><strong>neque</strong></span> <span class='ocrx_word' id='word_1_766' title='bbox 1467 2271 1531 2292; x_wconf 91' lang='lat' dir='ltr'><strong>vero</strong></span> <span class='ocrx_word' id='word_1_767' title='bbox 1551 2272 1566 2292; x_wconf 89' lang='lat' dir='ltr'><strong>a</strong></span> <span class='ocrx_word' id='word_1_768' title='bbox 1582 2265 1701 2299; x_wconf 86' lang='lat' dir='ltr'><strong>diabolo,</strong></span> <span class='ocrx_word' id='word_1_769' title='bbox 1719 2266 1792 2301; x_wconf 88' lang='lat' dir='ltr'><strong>quod</strong></span> 
     </span>
    </p>
   </div>
   <div class='ocr_carea' id='block_1_102' title="bbox 999 2311 1792 2348">
    <p class='ocr_par' dir='ltr' id='par_1_102' title="bbox 999 2311 1792 2348">
     <span class='ocr_line' id='line_1_102' title="bbox 999 2311 1792 2348; baseline 0 -8"><span class='ocrx_word' id='word_1_770' title='bbox 999 2313 1072 2340; x_wconf 90' lang='lat' dir='ltr'><strong>dictu</strong></span> <span class='ocrx_word' id='word_1_771' title='bbox 1086 2312 1168 2340; x_wconf 88' lang='lat' dir='ltr'><strong>etiam</strong></span> <span class='ocrx_word' id='word_1_772' title='bbox 1192 2311 1270 2339; x_wconf 81' lang='lat' dir='ltr'><strong>nefas</strong></span> <span class='ocrx_word' id='word_1_773' title='bbox 1290 2314 1352 2344; x_wconf 86' lang='lat' dir='ltr'><strong>est;</strong></span> <span class='ocrx_word' id='word_1_774' title='bbox 1371 2311 1441 2339; x_wconf 88' lang='lat' dir='ltr'><strong>alius</strong></span> <span class='ocrx_word' id='word_1_775' title='bbox 1463 2311 1500 2338; x_wconf 87' lang='lat' dir='ltr'><strong>sit</strong></span> <span class='ocrx_word' id='word_1_776' title='bbox 1526 2315 1644 2346; x_wconf 86' lang='lat' dir='ltr'><strong>oportet,</strong></span> <span class='ocrx_word' id='word_1_777' title='bbox 1666 2313 1712 2348; x_wconf 92' lang='lat' dir='ltr'><strong>qui</strong></span> <span class='ocrx_word' id='word_1_778' title='bbox 1730 2321 1792 2341; x_wconf 86' lang='lat' dir='ltr'><strong>eam</strong></span> 
     </span>
    </p>
   </div>
   <div class='ocr_carea' id='block_1_103' title="bbox 999 2355 1792 2394">
    <p class='ocr_par' dir='ltr' id='par_1_103' title="bbox 999 2355 1792 2394">
     <span class='ocr_line' id='line_1_103' title="bbox 999 2355 1792 2394; baseline 0 -9"><span class='ocrx_word' id='word_1_779' title='bbox 999 2359 1084 2394; x_wconf 73' lang='lat' dir='ltr'><strong>legem</strong></span> <span class='ocrx_word' id='word_1_780' title='bbox 1104 2357 1259 2385; x_wconf 86' lang='lat' dir='ltr'><strong>stabilierit.</strong></span> <span class='ocrx_word' id='word_1_781' title='bbox 1285 2355 1335 2384; x_wconf 82' lang='lat' dir='ltr'><strong>Hic</strong></span> <span class='ocrx_word' id='word_1_782' title='bbox 1358 2359 1400 2384; x_wconf 91' lang='lat' dir='ltr'><strong>est</strong></span> <span class='ocrx_word' id='word_1_783' title='bbox 1418 2356 1501 2392; x_wconf 77' lang='lat' dir='ltr'><strong>igitur</strong></span> <span class='ocrx_word' id='word_1_784' title='bbox 1527 2357 1611 2385; x_wconf 88' lang='lat' dir='ltr'><strong>totius</strong></span> <span class='ocrx_word' id='word_1_785' title='bbox 1628 2358 1673 2385; x_wconf 89' lang='lat' dir='ltr'><strong>ille</strong></span> <span class='ocrx_word' id='word_1_786' title='bbox 1696 2358 1792 2386; x_wconf 90' lang='lat' dir='ltr'><strong>mundi</strong></span> 
     </span>
    </p>
   </div>
   <div class='ocr_carea' id='block_1_104' title="bbox 999 2403 1793 2439">
    <p class='ocr_par' dir='ltr' id='par_1_104' title="bbox 999 2403 1793 2439">
     <span class='ocr_line' id='line_1_104' title="bbox 999 2403 1793 2439; baseline 0.001 -7"><span class='ocrx_word' id='word_1_787' title='bbox 999 2412 1150 2439; x_wconf 87' lang='lat' dir='ltr'><strong>eorumque</strong></span> <span class='ocrx_word' id='word_1_788' title='bbox 1165 2411 1225 2439; x_wconf 65' lang='lat' dir='ltr'><strong>quae</strong></span> <span class='ocrx_word' id='word_1_789' title='bbox 1245 2403 1273 2430; x_wconf 91' lang='lat' dir='ltr'><strong>in</strong></span> <span class='ocrx_word' id='word_1_790' title='bbox 1298 2411 1331 2431; x_wconf 90' lang='lat' dir='ltr'><strong>eo</strong></span> <span class='ocrx_word' id='word_1_791' title='bbox 1352 2404 1528 2431; x_wconf 89' lang='lat' dir='ltr'><strong>continentur</strong></span> <span class='ocrx_word' id='word_1_792' title='bbox 1542 2404 1638 2432; x_wconf 79' lang='lat' dir='ltr'><strong>artifex</strong></span> <span class='ocrx_word' id='word_1_793' title='bbox 1653 2409 1680 2432; x_wconf 86' lang='lat' dir='ltr'><strong>et</strong></span> <span class='ocrx_word' id='word_1_794' title='bbox 1695 2405 1793 2434; x_wconf 80' lang='lat' dir='ltr'><strong>condi-</strong></span> 
     </span>
    </p>
   </div>
   <div class='ocr_carea' id='block_1_105' title="bbox 1001 2449 1792 2483">
    <p class='ocr_par' dir='ltr' id='par_1_105' title="bbox 1001 2449 1792 2483">
     <span class='ocr_line' id='line_1_105' title="bbox 1001 2449 1792 2483; baseline 0.003 -6"><span class='ocrx_word' id='word_1_795' title='bbox 1001 2454 1054 2483; x_wconf 91' lang='lat' dir='ltr'><strong>tor,</strong></span> <span class='ocrx_word' id='word_1_796' title='bbox 1075 2450 1109 2477; x_wconf 90' lang='lat' dir='ltr'><strong>ab</strong></span> <span class='ocrx_word' id='word_1_797' title='bbox 1123 2450 1232 2477; x_wconf 88' lang='lat' dir='ltr'><strong>illorum</strong></span> <span class='ocrx_word' id='word_1_798' title='bbox 1247 2453 1346 2477; x_wconf 85' lang='lat' dir='ltr'><strong>natura</strong></span> <span class='ocrx_word' id='word_1_799' title='bbox 1362 2449 1498 2482; x_wconf 85' lang='lat' dir='ltr'><strong>diversus,</strong></span> <span class='ocrx_word' id='word_1_800' title='bbox 1510 2454 1537 2477; x_wconf 90' lang='lat' dir='ltr'><strong>et</strong></span> <span class='ocrx_word' id='word_1_801' title='bbox 1549 2450 1576 2477; x_wconf 93' lang='lat' dir='ltr'><strong>in</strong></span> <span class='ocrx_word' id='word_1_802' title='bbox 1591 2458 1685 2478; x_wconf 87' lang='lat' dir='ltr'><strong>eorum</strong></span> <span class='ocrx_word' id='word_1_803' title='bbox 1702 2451 1792 2479; x_wconf 91' lang='lat' dir='ltr'><strong>medio</strong></span> 
     </span>
    </p>
   </div>
   <div class='ocr_carea' id='block_1_106' title="bbox 1001 2494 1792 2530">
    <p class='ocr_par' dir='ltr' id='par_1_106' title="bbox 1001 2494 1792 2530">
     <span class='ocr_line' id='line_1_106' title="bbox 1001 2494 1792 2530; baseline -0.001 -7"><span class='ocrx_word' id='word_1_804' title='bbox 1001 2503 1051 2524; x_wconf 92' lang='lat' dir='ltr'><strong>suo</strong></span> <span class='ocrx_word' id='word_1_805' title='bbox 1062 2495 1125 2530; x_wconf 89' lang='lat' dir='ltr'><strong>jure</strong></span> <span class='ocrx_word' id='word_1_806' title='bbox 1141 2494 1332 2522; x_wconf 88' lang='lat' dir='ltr'><strong>collocandus:</strong></span> <span class='ocrx_word' id='word_1_807' title='bbox 1351 2502 1403 2529; x_wconf 87' lang='lat' dir='ltr'><strong>qua</strong></span> <span class='ocrx_word' id='word_1_808' title='bbox 1414 2502 1447 2522; x_wconf 84' lang='lat' dir='ltr'><strong>ex</strong></span> <span class='ocrx_word' id='word_1_809' title='bbox 1459 2495 1648 2523; x_wconf 89' lang='lat' dir='ltr'><strong>mediocritate</strong></span> <span class='ocrx_word' id='word_1_810' title='bbox 1664 2495 1719 2530; x_wconf 89' lang='lat' dir='ltr'><strong>peti</strong></span> <span class='ocrx_word' id='word_1_811' title='bbox 1731 2495 1792 2530; x_wconf 83' lang='lat' dir='ltr'><strong>ejus</strong></span> 
     </span>
    </p>
   </div>
   <div class='ocr_carea' id='block_1_107' title="bbox 1001 2540 1792 2579">
    <p class='ocr_par' dir='ltr' id='par_1_107' title="bbox 1001 2540 1792 2579">
     <span class='ocr_line' id='line_1_107' title="bbox 1001 2540 1792 2579; baseline -0.001 -9"><span class='ocrx_word' id='word_1_812' title='bbox 1001 2542 1147 2579; x_wconf 85' lang='lat' dir='ltr'><strong>appellatio</strong></span> <span class='ocrx_word' id='word_1_813' title='bbox 1164 2545 1263 2577; x_wconf 88' lang='lat' dir='ltr'><strong>potest.</strong></span> <span class='ocrx_word' id='word_1_814' title='bbox 1280 2540 1357 2574; x_wconf 88' lang='lat' dir='ltr'><strong>Quod</strong></span> <span class='ocrx_word' id='word_1_815' title='bbox 1381 2541 1404 2568; x_wconf 87' lang='lat' dir='ltr'><strong>si</strong></span> <span class='ocrx_word' id='word_1_816' title='bbox 1433 2540 1572 2576; x_wconf 86' lang='lat' dir='ltr'><strong>perfectus</strong></span> <span class='ocrx_word' id='word_1_817' title='bbox 1594 2541 1640 2569; x_wconf 85' lang='lat' dir='ltr'><strong>ille</strong></span> <span class='ocrx_word' id='word_1_818' title='bbox 1654 2540 1725 2568; x_wconf 86' lang='lat' dir='ltr'><strong>Deus</strong></span> <span class='ocrx_word' id='word_1_819' title='bbox 1742 2549 1792 2569; x_wconf 84' lang='lat' dir='ltr'><strong>na-</strong></span> 
     </span>
    </p>
   </div>
   <div class='ocr_carea' id='block_1_108' title="bbox 1003 2588 1793 2621">
    <p class='ocr_par' dir='ltr' id='par_1_108' title="bbox 1003 2588 1793 2621">
     <span class='ocr_line' id='line_1_108' title="bbox 1003 2588 1793 2621; baseline 0 -6"><span class='ocrx_word' id='word_1_820' title='bbox 1003 2592 1065 2616; x_wconf 88' lang='lat' dir='ltr'><strong>tura</strong></span> <span class='ocrx_word' id='word_1_821' title='bbox 1083 2595 1133 2615; x_wconf 87' lang='lat' dir='ltr'><strong>sua</strong></span> <span class='ocrx_word' id='word_1_822' title='bbox 1149 2588 1239 2615; x_wconf 90' lang='lat' dir='ltr'><strong>bonus</strong></span> <span class='ocrx_word' id='word_1_823' title='bbox 1255 2591 1307 2621; x_wconf 88' lang='lat' dir='ltr'><strong>est,</strong></span> <span class='ocrx_word' id='word_1_824' title='bbox 1321 2591 1349 2614; x_wconf 88' lang='lat' dir='ltr'><strong>ut</strong></span> <span class='ocrx_word' id='word_1_825' title='bbox 1370 2592 1412 2615; x_wconf 84' lang='lat' dir='ltr'><strong>est</strong></span> <span class='ocrx_word' id='word_1_826' title='bbox 1441 2595 1535 2615; x_wconf 86' lang='lat' dir='ltr'><strong>revera</strong></span> <span class='ocrx_word' id='word_1_827' title='bbox 1551 2588 1647 2620; x_wconf 85' lang='lat' dir='ltr'><strong>(unum</strong></span> <span class='ocrx_word' id='word_1_828' title='bbox 1661 2588 1734 2615; x_wconf 88' lang='lat' dir='ltr'><strong>enim</strong></span> <span class='ocrx_word' id='word_1_829' title='bbox 1743 2588 1793 2615; x_wconf 87' lang='lat' dir='ltr'><strong>ho-</strong></span> 
     </span>
    </p>
   </div>
   <div class='ocr_carea' id='block_1_109' title="bbox 193 2665 944 2702">
    <p class='ocr_par' dir='ltr' id='par_1_109' title="bbox 193 2666 943 2702">
     <span class='ocr_line' id='line_1_109' title="bbox 193 2666 943 2702; baseline 0.001 -9"><span class='ocrx_word' id='word_1_830' title='bbox 193 2666 275 2694; x_wconf 81' lang='lat' dir='ltr'><strong>ICor.</strong></span> <span class='ocrx_word' id='word_1_831' title='bbox 298 2668 478 2702; x_wconf 75' lang='grc' dir='ltr'>ἐπιθυμῆσαι.</span> <span class='ocrx_word' id='word_1_832' title='bbox 517 2668 526 2683; x_wconf 88' lang='grc'>¹</span> <span class='ocrx_word' id='word_1_833' title='bbox 540 2666 550 2693; x_wconf 94' lang='lat' dir='ltr'><strong>I</strong></span> <span class='ocrx_word' id='word_1_834' title='bbox 565 2667 627 2695; x_wconf 90' lang='lat' dir='ltr'><strong>Cor.</strong></span> <span class='ocrx_word' id='word_1_835' title='bbox 641 2675 668 2702; x_wconf 81' lang='grc' dir='ltr'><strong>ν,</strong></span> <span class='ocrx_word' id='word_1_836' title='bbox 685 2668 711 2695; x_wconf 87' lang='lat'><strong>7.</strong></span> <span class='ocrx_word' id='word_1_837' title='bbox 750 2668 761 2684; x_wconf 90' lang='grc'>³</span> <span class='ocrx_word' id='word_1_838' title='bbox 779 2667 845 2695; x_wconf 89' lang='lat' dir='ltr'><strong>ibid.</strong></span> <span class='ocrx_word' id='word_1_839' title='bbox 883 2667 894 2684; x_wconf 74' lang='grc'><strong>⁸</strong></span> <span class='ocrx_word' id='word_1_840' title='bbox 907 2666 943 2694; x_wconf 88' lang='lat' dir='ltr'><strong>Ex</strong></span> 
     </span>
    </p>
   </div>
   <div class='ocr_carea' id='block_1_110' title="bbox 998 2665 1792 2702">
    <p class='ocr_par' dir='ltr' id='par_1_110' title="bbox 1008 2665 1792 2702">
     <span class='ocr_line' id='line_1_110' title="bbox 1008 2665 1792 2702; baseline 0 -8"><span class='ocrx_word' id='word_1_841' title='bbox 1008 2675 1054 2698; x_wconf 82' lang='lat' dir='ltr'><strong>xx.</strong></span> <span class='ocrx_word' id='word_1_842' title='bbox 1071 2666 1119 2702; x_wconf 62' lang='lat'><strong>55,</strong></span> <span class='ocrx_word' id='word_1_843' title='bbox 1134 2667 1177 2697; x_wconf 80' lang='lat' dir='ltr'><strong>M,</strong></span> <span class='ocrx_word' id='word_1_844' title='bbox 1193 2666 1236 2693; x_wconf 83' lang='grc'><strong>16.</strong></span> <span class='ocrx_word' id='word_1_845' title='bbox 1254 2701 1261 2702; x_wconf 23' lang='lat'><em>7</em></span> <span class='ocrx_word' id='word_1_846' title='bbox 1275 2666 1285 2682; x_wconf 82' lang='lat'><strong>&#39;</strong></span> <span class='ocrx_word' id='word_1_847' title='bbox 1300 2665 1395 2693; x_wconf 84' lang='lat' dir='ltr'><strong>Matth.</strong></span> <span class='ocrx_word' id='word_1_848' title='bbox 1414 2674 1441 2700; x_wconf 89' lang='lat' dir='ltr'><strong>v,</strong></span> <span class='ocrx_word' id='word_1_849' title='bbox 1457 2666 1503 2700; x_wconf 73' lang='grc'><strong>22,</strong></span> <span class='ocrx_word' id='word_1_850' title='bbox 1520 2666 1567 2694; x_wconf 69' lang='grc'><strong>28.</strong></span> <span class='ocrx_word' id='word_1_851' title='bbox 1606 2667 1617 2683; x_wconf 81' lang='grc'><strong>⁸</strong></span> <span class='ocrx_word' id='word_1_852' title='bbox 1628 2666 1716 2694; x_wconf 85' lang='lat' dir='ltr'><strong>Exod.</strong></span> <span class='ocrx_word' id='word_1_853' title='bbox 1733 2674 1792 2701; x_wconf 80' lang='lat' dir='ltr'><strong>xxi,</strong></span> 
     </span>
    </p>
   </div>
   <div class='ocr_carea' id='block_1_111' title="bbox 155 2701 468 2736">
    <p class='ocr_par' dir='ltr' id='par_1_111' title="bbox 155 2701 468 2736">
     <span class='ocr_line' id='line_1_111' title="bbox 155 2701 468 2736; baseline 0.003 -7"><span class='ocrx_word' id='word_1_854' title='bbox 155 2702 208 2736; x_wconf 68' lang='lat'><strong>214;</strong></span> <span class='ocrx_word' id='word_1_855' title='bbox 229 2701 316 2730; x_wconf 89' lang='lat' dir='ltr'><strong>Levit.</strong></span> <span class='ocrx_word' id='word_1_856' title='bbox 334 2701 468 2734; x_wconf 47' lang='lat' dir='ltr'><strong>nihil).</strong></span> 
     </span>
    </p>
   </div>
   <div class='ocr_carea' id='block_1_112' title="bbox 192 2781 946 2817">
    <p class='ocr_par' dir='ltr' id='par_1_112' title="bbox 192 2781 946 2817">
     <span class='ocr_line' id='line_1_112' title="bbox 192 2781 946 2817; baseline 0 -8"><span class='ocrx_word' id='word_1_857' title='bbox 192 2783 229 2817; x_wconf 82' lang='lat'><strong>(5)</strong></span> <span class='ocrx_word' id='word_1_858' title='bbox 244 2781 292 2814; x_wconf 74' lang='grc' dir='ltr'>Ὠς</span> <span class='ocrx_word' id='word_1_859' title='bbox 309 2781 477 2817; x_wconf 80' lang='grc' dir='ltr'>ὡρισμένης</span> <span class='ocrx_word' id='word_1_860' title='bbox 491 2781 579 2809; x_wconf 82' lang='grc' dir='ltr'>τοῦτο</span> <span class='ocrx_word' id='word_1_861' title='bbox 589 2782 711 2817; x_wconf 76' lang='grc' dir='ltr'>ἡμέρας.</span> <span class='ocrx_word' id='word_1_862' title='bbox 726 2781 791 2816; x_wconf 77' lang='lat' dir='ltr'><strong>ch.</strong></span> <span class='ocrx_word' id='word_1_863' title='bbox 807 2782 847 2813; x_wconf 81' lang='grc' dir='ltr'>εἰς</span> <span class='ocrx_word' id='word_1_864' title='bbox 856 2781 946 2809; x_wconf 85' lang='grc' dir='ltr'>τοῦτο.</span> 
     </span>
    </p>
   </div>
   <div class='ocr_carea' id='block_1_113' title="bbox 154 2815 947 2852">
    <p class='ocr_par' dir='ltr' id='par_1_113' title="bbox 154 2815 947 2852">
     <span class='ocr_line' id='line_1_113' title="bbox 154 2815 947 2852; baseline -0.001 -8"><span class='ocrx_word' id='word_1_865' title='bbox 154 2815 291 2844; x_wconf 64' lang='lat' dir='ltr'><strong>Cancrum</strong></span> <span class='ocrx_word' id='word_1_866' title='bbox 315 2815 425 2845; x_wconf 83' lang='lat' dir='ltr'><strong>videant</strong></span> <span class='ocrx_word' id='word_1_867' title='bbox 446 2817 527 2852; x_wconf 89' lang='lat' dir='ltr'><strong>hujus</strong></span> <span class='ocrx_word' id='word_1_868' title='bbox 551 2815 682 2852; x_wconf 81' lang='lat' dir='ltr'><strong>temporis</strong></span> <span class='ocrx_word' id='word_1_869' title='bbox 695 2815 835 2848; x_wconf 57' lang='lat' dir='ltr'><strong>haeretici,</strong></span> <span class='ocrx_word' id='word_1_870' title='bbox 849 2824 947 2852; x_wconf 81' lang='lat' dir='ltr'><strong>quem-</strong></span> 
     </span>
    </p>
   </div>
   <div class='ocr_carea' id='block_1_114' title="bbox 156 2852 948 2889">
    <p class='ocr_par' dir='ltr' id='par_1_114' title="bbox 156 2852 948 2889">
     <span class='ocr_line' id='line_1_114' title="bbox 156 2852 948 2889; baseline 0 -9"><span class='ocrx_word' id='word_1_871' title='bbox 156 2859 220 2881; x_wconf 76' lang='lat' dir='ltr'><strong>nam</strong></span> <span class='ocrx_word' id='word_1_872' title='bbox 245 2852 298 2881; x_wconf 84' lang='lat' dir='ltr'><strong>sibi</strong></span> <span class='ocrx_word' id='word_1_873' title='bbox 317 2852 549 2889; x_wconf 80' lang='lat' dir='ltr'><strong>pervicacissimi,</strong></span> <span class='ocrx_word' id='word_1_874' title='bbox 567 2860 598 2882; x_wconf 89' lang='lat' dir='ltr'><strong>ac</strong></span> <span class='ocrx_word' id='word_1_875' title='bbox 613 2853 757 2882; x_wconf 83' lang='lat' dir='ltr'><strong>vanissimi</strong></span> <span class='ocrx_word' id='word_1_876' title='bbox 771 2852 882 2881; x_wconf 74' lang='lat' dir='ltr'><strong>erroris~</strong></span> <span class='ocrx_word' id='word_1_877' title='bbox 891 2859 948 2880; x_wconf 85' lang='lat' dir='ltr'><strong>ma-</strong></span> 
     </span>
    </p>
   </div>
   <div class='ocr_carea' id='block_1_115' title="bbox 505 2702 1006 2738">
    <p class='ocr_par' dir='ltr' id='par_1_115' title="bbox 505 2702 1006 2738">
     <span class='ocr_line' id='line_1_115' title="bbox 505 2702 1006 2738; baseline 0 -9"><span class='ocrx_word' id='word_1_878' title='bbox 505 2703 515 2719; x_wconf 67' lang='lat'><strong>&quot;&#39;</strong></span> <span class='ocrx_word' id='word_1_879' title='bbox 535 2702 630 2731; x_wconf 82' lang='lat' dir='ltr'><strong>Matth.</strong></span> <span class='ocrx_word' id='word_1_880' title='bbox 645 2711 672 2738; x_wconf 91' lang='lat' dir='ltr'><strong>v,</strong></span> <span class='ocrx_word' id='word_1_881' title='bbox 688 2703 734 2730; x_wconf 84' lang='lat'><strong>&#39;59.</strong></span> <span class='ocrx_word' id='word_1_882' title='bbox 771 2703 782 2718; x_wconf 81' lang='lat'><strong><em>&quot;</em></strong></span> <span class='ocrx_word' id='word_1_883' title='bbox 795 2703 895 2738; x_wconf 83' lang='lat' dir='ltr'><strong>Ephes.</strong></span> <span class='ocrx_word' id='word_1_884' title='bbox 917 2711 946 2735; x_wconf 85' lang='grc' dir='ltr'><strong>ιι,</strong></span> <span class='ocrx_word' id='word_1_885' title='bbox 963 2702 1006 2729; x_wconf 75' lang='grc'><strong>15.</strong></span> 
     </span>
    </p>
   </div>
   <div class='ocr_carea' id='block_1_116' title="bbox 1044 2701 1277 2734">
    <p class='ocr_par' dir='ltr' id='par_1_116' title="bbox 1044 2701 1277 2734">
     <span class='ocr_line' id='line_1_116' title="bbox 1044 2701 1277 2734; baseline -0.004 -5"><span class='ocrx_word' id='word_1_886' title='bbox 1044 2703 1054 2719; x_wconf 84' lang='grc'>⁰</span> <span class='ocrx_word' id='word_1_887' title='bbox 1069 2701 1148 2729; x_wconf 80' lang='lat' dir='ltr'><strong>Rom.</strong></span> <span class='ocrx_word' id='word_1_888' title='bbox 1172 2709 1218 2734; x_wconf 89' lang='lat' dir='ltr'><strong>vu,</strong></span> <span class='ocrx_word' id='word_1_889' title='bbox 1235 2701 1277 2728; x_wconf 72' lang='grc'><strong>12.</strong></span> 
     </span>
    </p>
   </div>
   <div class='ocr_carea' id='block_1_117' title="bbox 1001 2779 1788 2816">
    <p class='ocr_par' dir='ltr' id='par_1_117' title="bbox 1001 2779 1788 2816">
     <span class='ocr_line' id='line_1_117' title="bbox 1001 2779 1788 2816; baseline -0.001 -9"><span class='ocrx_word' id='word_1_890' title='bbox 1001 2780 1118 2815; x_wconf 75' lang='lat' dir='ltr'><strong>gistrum</strong></span> <span class='ocrx_word' id='word_1_891' title='bbox 1134 2787 1166 2807; x_wconf 88' lang='lat' dir='ltr'><strong>ac</strong></span> <span class='ocrx_word' id='word_1_892' title='bbox 1180 2784 1325 2816; x_wconf 85' lang='lat' dir='ltr'><strong>patronum</strong></span> <span class='ocrx_word' id='word_1_893' title='bbox 1338 2780 1485 2809; x_wconf 88' lang='lat' dir='ltr'><strong>asciverint</strong></span> <span class='ocrx_word' id='word_1_894' title='bbox 1500 2790 1506 2807; x_wconf 90' lang='lat'>:</span> <span class='ocrx_word' id='word_1_895' title='bbox 1525 2780 1590 2808; x_wconf 87' lang='lat' dir='ltr'><strong>dum</strong></span> <span class='ocrx_word' id='word_1_896' title='bbox 1609 2779 1722 2816; x_wconf 18' lang='lat' dir='ltr'><strong>jejuniar</strong></span> <span class='ocrx_word' id='word_1_897' title='bbox 1738 2783 1788 2816; x_wconf 84' lang='lat' dir='ltr'><strong>sta-</strong></span> 
     </span>
    </p>
   </div>
   <div class='ocr_carea' id='block_1_118' title="bbox 1002 2815 1795 2852">
    <p class='ocr_par' dir='ltr' id='par_1_118' title="bbox 1002 2815 1795 2852">
     <span class='ocr_line' id='line_1_118' title="bbox 1002 2815 1795 2852; baseline 0.001 -10"><span class='ocrx_word' id='word_1_898' title='bbox 1002 2817 1038 2843; x_wconf 87' lang='lat' dir='ltr'><strong>tis</strong></span> <span class='ocrx_word' id='word_1_899' title='bbox 1053 2816 1225 2852; x_wconf 84' lang='lat' dir='ltr'><strong>temporibus</strong></span> <span class='ocrx_word' id='word_1_900' title='bbox 1241 2816 1356 2852; x_wconf 86' lang='lat' dir='ltr'><strong>indicta,</strong></span> <span class='ocrx_word' id='word_1_901' title='bbox 1372 2824 1404 2845; x_wconf 89' lang='lat' dir='ltr'><strong>ac</strong></span> <span class='ocrx_word' id='word_1_902' title='bbox 1415 2820 1553 2845; x_wconf 86' lang='lat' dir='ltr'><strong>certorum</strong></span> <span class='ocrx_word' id='word_1_903' title='bbox 1565 2816 1671 2844; x_wconf 84' lang='lat' dir='ltr'><strong>dierum</strong></span> <span class='ocrx_word' id='word_1_904' title='bbox 1686 2815 1795 2851; x_wconf 63' lang='lat' dir='ltr'><strong>religio-</strong></span> 
     </span>
    </p>
   </div>
   <div class='ocr_carea' id='block_1_119' title="bbox 1002 2851 1222 2880">
    <p class='ocr_par' dir='ltr' id='par_1_119' title="bbox 1002 2851 1222 2880">
     <span class='ocr_line' id='line_1_119' title="bbox 1002 2851 1222 2880; baseline 0 -1"><span class='ocrx_word' id='word_1_905' title='bbox 1002 2859 1064 2880; x_wconf 85' lang='lat' dir='ltr'><strong>nem</strong></span> <span class='ocrx_word' id='word_1_906' title='bbox 1081 2851 1222 2880; x_wconf 85' lang='lat' dir='ltr'><strong>damnant.</strong></span> 
     </span>
    </p>
   </div>
  </div>
