1961 3046
219 112 273 140 567

905 126 936 154 S.
958 129 1130 160 EPlPﬂANli

1806 145 1861 174 568

217 179 282 200 num
300 181 363 203 esse
385 175 469 204 Deum
485 185 517 206 ac
533 185 673 215 parentem
685 190 763 211 suum
792 184 918 214 Salvator
935 197 980 218 uss

217 220 288 241 ruiti
322 230 402 241 nnmn
415 228 440 241 nl
460 224 616 241 Lnndnnu...
644 229 782 241 ...ιιιηι-,λη
811 239 819 241 -
839 236 847 241 .
906 239 911 241 .

1034 199 1050 227 ι
1062 192 1128 219 Θεὸν
1142 194 1188 222 τὸν
1205 195 1303 223 ἑαυτοῦ
1319 197 1429 235 Πατέρα
1449 200 1464 226 ὁ
1481 200 1576 237 Σωτὴρ
1591 202 1670 237 ἡμῶν
1687 203 1860 241 ἀπεφήνατο,

214 220 300 252 ruit‘,
322 230 402 256 quem
415 228 443 251 et
460 224 617 255 hominibus
644 229 794 266 patefecit);
807 236 849 260 est
867 239 958 263 autem
981 241 1008 265 et

213 269 354 296 contraria
378 274 476 298 natura
492 273 633 307 prmditus,
651 276 740 304 malus
751 277 878 307 videlicet
893 289 926 309 ac
940 290 1005 317 pra-

213 318 274 345 vus,
288 314 335 348 qui
348 314 482 350 injustitia
497 319 572 347 velut
586 322 696 356 propria
717 329 781 351 nota
797 325 1005 357 circumscribi-

211 364 273 395 tur;
290 363 424 398 qui‘inter
441 367 537 395 ambos
552 368 614 396 illos
628 369 789 405 interjectus
802 378 855 407 est,
868 379 898 402 ut
913 384 1004 411 neque

210 406 316 441 bonus,
345 417 434 445 neque
460 413 549 441 malus
578 415 614 442 sit
644 420 691 443 aut
713 416 844 452 injustus,
871 422 1004 455 peculiari

209 455 326 487 quadam
346 457 452 485 ratione
475 459 568 494 justus
584 462 714 496 appellari
745 470 844 500 potest,
863 472 1003 502 quatenus

207 499 324 533 justitia:
339 510 420 536 quam
437 504 519 532 habet
546 507 734 537 moderatione
757 499 890 547 fungitur.
912 514 1002 550 Atque

208 550 235 572 et
249 547 370 580 perfecto
387 548 441 577 Deo
461 551 561 585 minor,
587 558 614 581 et
630 554 746 588 justitia:
763 558 836 586 illius
861 559 951 595 impar
965 561 1001 589 sit

207 591 277 618 idem
296 593 340 620 ille
350 593 420 622 Deus
431 601 548 632 oportet,
560 604 652 634 utp0te
660 609 716 629 non
727 602 878 640 ingenitus,
889 607 936 634 sed
953 615 1000 643 ge-

206 640 346 666 neratione
356 641 515 675 productus.
532 643 607 672 Unus
618 650 661 673 est
675 648 748 675 enim
761 649 896 686 ingenitus
907 652 999 686 Pater,

204 680 286 716 222
304 690 318 710 a
333 692 388 719 quo
407 688 518 721 proprie
541 693 606 716 sunt
637 691 766 721 universa
779 680 803 727 ,v
818 702 881 724 cum
910 699 945 725 ab
965 706 999 726 eo

204 733 266 761 apta
288 729 344 756 sint
362 735 389 758 et
404 739 556 767 suspensa:
574 736 627 762 erit
653 740 744 765 tamen
775 739 935 770 adversario
951 743 998 772 illo

202 772 288 801 allero
306 776 394 810 major
415 785 447 805 ac
473 781 661 815 praestantior,
675 785 785 813 tametsi
804 786 944 815 diversam
961 790 997 819 sit

201 817 237 844 ab
249 823 366 856 utroque
381 826 507 851 naturam
530 825 769 864 substantiamque
783 833 909 861 sortitus.
926 833 994 862 Nam

1059 239 1088 266 ὃν
1103 240 1184 273 αὐτὸς
1205 243 1403 280 ὲφανέρωπεν)·
1424 245 1482 273 ἐστι
1500 247 1529 273 δὲ
1550 248 1598 274 καὶ
1615 249 1630 274 ὸ
1645 249 1694 285 τῆς
1712 250 1759 277 τοῦ
1774 239 1856 280 tvm-7

1057 285 1184 321 κειμένου
1207 287 1314 322 φύσεως
1337 290 1422 322 κακός
1441 299 1471 317 τε
1495 292 1543 319 καὶ
1568 294 1695 330 πονηρὸς,
1719 296 1749 322 ὲν
1763 297 1857 334 ἀδικίᾳ.

1057 332 1336 370 χαρακτηριζόμενος.
1352 336 1462 364 Τούτων
1479 337 1508 364 δὲ
1530 336 1576 366 οὖν
1596 340 1677 375 μέσον
1701 332 1854 376 καθεστὼς,

1056 377 1103 403 καὶ
1117 378 1185 413 μήτε
1205 379 1307 413 ἀγαθὸς
1319 381 1367 414 ὢν,
1384 383 1452 418 μήτε
1471 383 1524 419 μὴν
1546 385 1641 418 κακὸς,
1663 387 1733 421 μήτε
1748 389 1853 422 ἄδικος,

1056 422 1129 455 ῐδίως
1142 433 1172 450 τε
1189 424 1298 463 λεχθείη
1311 427 1345 455 ἂν
1359 428 1473 461 δίκαιος,
1492 431 1543 466 τῆς
1564 433 1624 458 κατ’
1646 434 1727 460 αὑτὸν
1749 434 1854 463 δικαιο-

1055 469 1138 506 σύνης
1151 469 1188 497 ὢν
1210 471 1372 511 βραϐευτής.
1392 476 1446 502 Καὶ
1471 476 1548 504 ἔσται
1569 479 1620 514 μὲν
1639 481 1852 518 καταδεέστερος

1051 516 1099 543 τοῦ
1114 517 1217 545 τελείου
1233 520 1312 553 Θεοῦ,
1334 521 1443 557 καὶτῆς
1459 523 1566 551 ἐκείνου
1583 526 1757 564 δικαιοσύνης
1770 529 1850 556 ἐλάτη

1051 570 1105 589 των
1117 560 1195 597 οὗτος
1215 565 1230 592 ὁ
1251 565 1329 599 Θεὸς,
1348 566 1395 593 ἅτε
1412 568 1444 604 δὴ
1465 569 1512 596 καὶ
1527 572 1656 607 γεννητὸς
1674 573 1722 606 ὢν,
1735 560 1784 601 οιαὶ
1801 574 1849 602 οὖν

1050 607 1197 645 ἀγέννητος
1215 608 1268 646 (εἷς
1288 613 1342 648 γάρ
1359 613 1434 641 ἐστιν
1456 615 1604 652 ἀγέννητος
1618 618 1632 644 ὁ
1647 619 1752 655 Πατὴρ,
1771 620 1801 653 ἐξ
1815 617 1848 647 οὗ

1049 654 1083 682 τὰ
1098 655 1186 683 πάντα
1198 657 1281 691 ιδιως,
1297 659 1352 686 τῶν
1366 659 1475 688 πάντων
1489 663 1653 699 ἠρτημένων
1672 654 1843 701 ἀπίγαὺτοῦν

1050 701 1154 736 μείζων
1176 703 1204 729 δὲ
1227 704 1275 730 καὶ
1296 705 1465 742 κυριώτερος
1497 708 1544 735 τοῦ
1566 710 1773 746 ἀντικειμένου,
1796 713 1846 740 καὶ

1047 747 1145 783 ἐτέρας
1166 750 1261 782 οὐσίας
1285 760 1315 778 τε
1342 753 1391 779 καὶ
1415 753 1524 788 φύσεως
1543 756 1674 790 πεφυκὼς
1697 758 1773 793 παρὰ
1792 759 1845 795 τὴν

1046 793 1184 830 ἑκατέρων
1197 797 1300 824 τούτων
1318 799 1423 827 οὐσίαν.
1437 801 1490 827 Τοῦ
1508 802 1558 837 μὲν
1578 803 1634 839 γὰρ
1651 793 1843 840 ἀντικειμένου

1045 839 1119 868 ἐστὶν
1135 843 1152 878 ἡ
1167 843 1257 876 οὐσία,
1272 845 1361 879 φθορά
1371 855 1403 873 τε
1415 849 1461 874 καὶ
1471 848 1576 879 σκότος·
1590 849 1680 882 ὑλικὸς
1694 850 1748 887 γὰρ
1760 839 1843 883 οὗτος

200 865 353 895 adversarii
382 874 480 897 natura
498 875 641 908 corruptio
666 880 709 903 est
727 884 760 904 ac
785 878 914 912 tenebrw,
931 889 981 908 cun

200 913 313 931 mnlnrh
339 915 440 931 nutum.
455 922 598 931 ..μω-λι..-
621 925 658 931 μ.
677 929 703 931 η
775 924 802 931 ...
826 925 831 931 .
899 927 905 931 .
938 927 956 931 ..

1064 865 1072 867 .
1138 865 1152 878 .,
1169 865 1257 876 --π-ν
1273 865 1361 879 ,τυ-μ..
1377 865 1403 873 νε
1416 865 1461 874 nui
1471 865 1564 879 unvt‘v‘
1591 865 1680 882 υιιυινς,
1698 865 1748 887 [etp
1762 865 1839 883 υυιυς

1038 887 1093 913 ’καὶ
1108 887 1286 926 πολυσχεδής·
1305 891 1354 918 τοῦ
1368 892 1396 919 δὲ
1412 893 1519 930 Πατρδς
1533 894 1587 921 τῶν
1606 895 1675 922 ὅλων
1695 896 1742 923 τοῦ
1756 897 1839 931 ἀγεν-

198 913 314 939 materia
339 915 440 951 quippe
453 922 600 948 concretus
617 925 660 949 est
674 929 706 950 ac
726 924 878 959 multiplex.
893 927 926 953 At
938 927 990 954 Pa-

198 956 283 984 rentis
310 960 433 987 omnium
459 962 573 997 ingeniti
600 969 698 993 natura
728 970 918 1005 corruptionis
946 977 990 1000 est

195 1010 305 1037 expers,
323 1004 425 1041 luxque
438 1007 498 1043 ipsa
528 1017 578 1045 per
601 1017 688 1041 semet
701 1015 847 1050 exsistens,
872 1018 988 1054 simplex

195 1052 222 1074 et
236 1049 401 1079 uniusmodi.
419 1052 522 1082 Horum
538 1061 637 1085 natura
655 1059 792 1095 duplicem
809 1071 877 1092 sane
892 1064 987 1093 Virtu-

194 1096 248 1119 tem
259 1097 380 1130 peperit;
393 1098 442 1126 sed
464 1099 598 1129 Conditor
617 1107 707 1132 tamen
726 1106 783 1142 ipse
812 1108 902 1145 imago
917 1118 986 1145 pne-

193 1139 335 1169 stanlioris
347 1147 398 1171 est.
414 1143 509 1181 Neque
527 1155 592 1176 vero
605 1157 637 1177 ea
649 1153 674 1178 te
687 1159 732 1180 res
745 1156 897 1188 perturbet,
913 1157 985 1186 scire

192 1186 358 1221 cupientem,
379 1193 517 1225 quomodo
532 1201 595 1222 cum
618 1205 703 1225 unum
720 1199 765 1232 sit,
781 1204 807 1229 et
819 1209 881 1230 esse
895 1202 976 1232 fatea-

191 1238 254 1258 mur
280 1240 313 1260 ac
343 1237 507 1271 credamus,
533 1247 624 1268 rerum
651 1246 774 1273 omnium
812 1246 982 1285 Principium

189 1279 375 1312 generationis
387 1289 465 1318 aeque
481 1292 513 1312 ac
527 1289 714 1323 corruptionis
729 1299 838 1327 expers,
855 1294 982 1331 idemque

189 1323 303 1357 bonum,
320 1326 407 1355 ambat
422 1331 463 1357 ha:
477 1335 582 1359 naturae
596 1339 723 1364 constare
749 1340 900 1374 potuerint,
919 1350 982 1370 cor-

188 1371 321 1404 ruptionis
331 1373 471 1408 nimirum,
483 1380 511 1404 et
528 1379 623 1406 mediae
637 1371 780 1415 cujusdam
801 1386 979 1420 conditionis,

187 1421 251 1448 qua:
264 1422 280 1442 a
297 1424 325 1444 se
339 1418 456 1446 invicem
486 1427 583 1450 natura
600 1425 768 1462 discrepent,
786 1437 849 1457 cum
860 1431 886 1458 id
907 1432 979 1461 bono

186 1460 297 1489 insitum
323 1464 368 1497 sit,
400 1471 429 1493 ut
455 1467 508 1496 sibi
526 1477 607 1505 quam
625 1460 775 1508 simillima,
800 1478 980 1516 ejusdemque

185 1515 279 1536 secum
296 1515 402 1540 natura:
424 1514 518 1551 gignat
534 1525 567 1544 ac
581 1520 716 1553 proferat.
732 1522 772 1550 Tu
788 1525 872 1560 enim,
886 1514 978 1563 opitu-

866 1553 872 1560 _
891 1553 963 1563 Τ.-

185 1553 258 1582 lante
272 1555 336 1591 Deo,
353 1558 435 1594 hujus
451 1563 616 1598 principium
625 1574 657 1594 ac
665 1570 869 1603 generationem
886 1574 978 1603 animo

184 1601 330 1636 percipies,
359 1605 405 1632 ubi
436 1607 564 1636 traditam
602 1601 749 1646 quamdam
783 1616 818 1644 ab
842 1620 975 1653 apostolis

183 1645 336 1676 doctrinam
353 1651 485 1686 audieris,
501 1663 582 1690 quam
598 1665 650 1686 nos
662 1663 839 1691 successione
853 1666 972 1700 quadam

185 1692 220 1719 ad
235 1701 286 1721 nos
296 1703 384 1732 usque
399 1706 576 1736 propagatam
595 1707 769 1741 accepimus:
785 1717 847 1738 cum
865 1720 898 1740 eo
910 1715 973 1748 qui-

185 1737 242 1748 ,ω
264 1747 269 1748 γ
284 1744 291 1748 _
341 1741 365 1748 ..
408 1744 413 1748 .
427 1745 432 1748 .
469 1745 487 1748 _

182 1737 244 1765 dem
263 1741 434 1778 utquidquid
448 1745 577 1774 aﬂ‘eretur
604 1749 631 1776 in
642 1737 772 1784 medium.
785 1754 811 1782 id
830 1737 975 1787 τιό-ἑοῖο-

181 1785 250 1813 toris
263 1785 416 1816 doctrinam
427 1792 502 1818 velut
514 1795 636 1829 regulam
658 1798 794 1834 exigatur.
813 1801 877 1830 Hazc
900 1806 973 1840 apud

704 1829 718 1834 _
853 1829 874 1830 η
900 1829 973 1840 η.--

182 1833 219 1863 te,
235 1829 315 1858 Flora
331 1841 410 1862 soror
433 1837 607 1873 charissima,
624 1844 721 1877 paucis
742 1848 974 1882 comprehendere

179 1883 213 1904 ac
235 1877 377 1914 disputare
400 1884 488 1917 potui,
518 1889 731 1926 summatimque
742 1895 972 1931 przescripsi:ita

177 2023 351 2052 compenses.

278 2077 413 2108 Hactenus
427 2081 565 2112 Ptalemwi
580 2087 614 2112 ad
627 2087 739 2117 Florum
756 2093 878 2127 epistola.

211 2141 279 2170 Vill.
297 2143 366 2177 Quis
381 2147 516 2182 ejusmodi
530 2152 687 2186 verborum,
705 2163 738 2183 ac
753 2157 967 2198 circumforanei

1040 934 1122 969 νήτου
1138 936 1154 970 ὴ
1174 936 1252 963 οὐσία
1272 938 1348 965 ἐστὶν
1368 939 1509 976 ἀφθαρσία
1532 949 1562 968 τε
1585 941 1632 968 καὶ
1650 941 1708 976 φῶς
1729 942 1837 976 αὑτόον,

1039 980 1142 1008 ἁπλοῦν
1158 991 1188 1008 τε
1207 984 1254 1011 καὶ
1274 986 1422 1020 μονοειδές,
1444 986 1475 1013 Ἦ
1486 986 1515 1013 δὲ
1527 987 1631 1015 τούτων
1649 988 1727 1016 οὐσία
1744 988 1838 1026 διττὴν

1040 1027 1090 1063 μέν
1104 1037 1163 1056 τινα
1177 1029 1292 1066 δύναμιν
1312 1034 1470 1069 προήγαγεν
1480 1042 1487 1050 '
1506 1035 1590 1068 αὐτὸς
1604 1036 1634 1063 δὲ
1647 1036 1695 1063 τοῦ
1711 1037 1835 1072 κρειττο·

1038 1073 1083 1106 νός
1098 1075 1172 1102 ἐστιν
1194 1077 1285 1104 εἰκών.
1307 1078 1381 1115 Μηδέ
1403 1089 1433 1107 σε
1454 1080 1488 1107 τὰ
1511 1081 1558 1109 νῦν
1576 1082 1655 1109 τοῦτο
1672 1083 1832 1119 θορυϐεετω,

1037 1119 1166 1148 θέλουσαν
1183 1122 1288 1157 μαθεῖν,
1303 1124 1363 1156 πῶς
1379 1125 1433 1152 ἀπὸ
1449 1127 1514 1161 μιᾶς
1529 1127 1617 1163 ἀρχῆς
1631 1128 1686 1155 τῶν
1703 1128 1771 1156 ὅλων
1784 1129 1832 1155 οὖ-

1036 1175 1088 1201 σης
1115 1168 1161 1194 καὶ
1184 1169 1404 1207 ὀμολογουμὲνης
1425 1173 1508 1208 ἡμῖν,
1531 1175 1577 1200 καὶ
1598 1175 1829 1211 πεπιστευμένης,

1034 1212 1082 1239 τοῦ
1098 1214 1107 1229 ¹
1121 1215 1289 1251 ἀγεννήτου,
1310 1218 1358 1244 καὶ
1381 1218 1531 1255 ἀφθάρτου,
1555 1220 1603 1247 καὶ
1625 1221 1742 1257 ἀγαθῆς,
1766 1230 1830 1249 συν-

1033 1257 1152 1295 έστησαν
1172 1261 1221 1287 καὶ
1241 1257 1322 1289 αὗται
1338 1263 1366 1289 αξ
1387 1264 1492 1298 φύσεις,
1514 1265 1531 1300 ἦ
1548 1274 1578 1292 τε
1595 1266 1645 1301 τῆς
1658 1265 1761 1302 φθορᾶς
1779 1267 1829 1293 καὶ

1032 1305 1082 1340 τῆς
1102 1307 1250 1344 μεσότητος
1268 1309 1444 1344 ἀνομοούσιαι
1467 1308 1545 1338 αὗται
1565 1312 1754 1346 καθεστῶσαι,
1779 1313 1830 1340 τοῦ

1031 1350 1135 1383 ἀγαθοῦ
1150 1351 1230 1385 φύσιν
1247 1352 1355 1388 ἔχοντος
1367 1354 1401 1381 τὰ
1423 1356 1506 1391 ὃμοια
1520 1357 1617 1384 ἑαυτοῦ
1637 1358 1685 1384 καὶ
1697 1358 1829 1394 ὁμοούσια

1030 1397 1127 1432 γεννᾷν
1144 1405 1174 1424 τε
1191 1399 1238 1425 καὶ
1254 1400 1414 1436 προφέρειν.
1431 1402 1550 1439 Μαθήσῃ
1570 1403 1636 1440 γὰρ,
1654 1404 1720 1431 Θεοῦ
1741 1405 1828 1432 διδόν·
1852 1424 1857 1428 ι

1029 1450 1085 1473 τος,
1106 1443 1171 1479 ἑξῆς
1192 1445 1239 1472 καὶ
1261 1446 1310 1482 τὴν
1331 1447 1427 1474 τούτου
1449 1449 1536 1485 ἀρχήν
1564 1459 1594 1477 τε
1617 1451 1664 1477 καὶ
1687 1451 1825 1487 γέννησιν,

1029 1487 1176 1524 ἀξιουμένη
1189 1490 1240 1526 τῆς
1255 1491 1435 1529 ἀποστολικῆς
1459 1495 1644 1531 παραδόσεως.
1662 1497 1695 1533 ἢν
1716 1498 1749 1524 ὲκ
1766 1498 1827 1525 δια-

1028 1533 1109 1569 δοχῆς
1126 1536 1173 1561 καὶ
1184 1536 1265 1571 ἡμεῖς
1280 1539 1501 1576 παρειλήφαμεν,
1520 1541 1590 1576 μετὰ
1613 1543 1659 1570 καὶ
1680 1543 1727 1570 τοῦ
1746 1552 1827 1571 κανο-

1030 1579 1103 1606 νίσαι
1123 1582 1227 1614 πάντας
1240 1584 1305 1616 τοὺς
1324 1585 1420 1619 λόγους
1437 1588 1470 1622 τῇ
1491 1587 1538 1614 τοῦ
1555 1588 1682 1624 Σωτῆρος
1697 1589 1827 1616 διδασκα-

1029 1625 1083 1661 λίᾳ.
1098 1627 1192 1654 Ταῦτά
1207 1637 1260 1659 σοι,
1273 1627 1295 1656 ὧ
1311 1631 1414 1668 ἀδελφή
1432 1641 1482 1668 μου
1504 1633 1611 1670 Φλώρα,
1624 1634 1657 1662 δι’
1675 1635 1774 1670 ὀλίγων
1787 1637 1827 1663 εἱ-

1028 1672 1136 1707 ρημένα
1149 1674 1199 1700 οὐκ
1210 1675 1331 1712 ἠτὸνησα
1344 1677 1393 1713 (4),
1407 1679 1454 1705 καὶ
1477 1679 1508 1706 τὸ
1522 1680 1572 1715 τῆς
1595 1682 1742 1717 συντομίας
1758 1691 1827 1718 προ-

1026 1718 1150 1754 έγραψω
1168 1721 1226 1757 ἅμα
1251 1723 1301 1758 μὲν
1316 1724 1347 1750 τὸ
1368 1726 1548 1761 προκείμενον
1572 1728 1753 1763 ἀποχρώντως
1781 1729 1827 1761 ἐξ·

1029 1763 1126 1800 έφηνα,
1146 1766 1164 1793 ἃ
1183 1767 1230 1794 καὶ
1251 1769 1291 1800 εὶς
1309 1769 1343 1796 τὰ
1368 1771 1432 1806 ἑξῆς
1457 1772 1492 1799 τὰ
1508 1765 1626 1808 μέγισῖτά
1653 1783 1695 1801 σοι
1720 1775 1825 1810 συμϐα-

1027 1810 1124 1845 λεῖται,
1146 1813 1194 1841 ἐάν
1212 1823 1255 1849 γε,
1277 1816 1316 1848 ὡς
1346 1817 1415 1854 καλὴ
1437 1819 1472 1854 γῆ
1499 1820 1547 1847 καὶ
1573 1820 1673 1856 ἀγαθὴ,
1702 1822 1827 1857 γονίμων

1061 2102 1275 2136 Πεπλήρωνται
1291 2105 1328 2132 τὰ
1343 2107 1531 2142 Πτολεμαίου
1547 2110 1624 2144 πρὸς
1642 2111 1776 2146 Φλώραν.

1053 2168 1094 2196 H’.
1113 2168 1159 2201 Τίς
1172 2170 1200 2196 δὲ
1220 2171 1323 2199 τούτων
1334 2172 1388 2201 τῶν
1407 2175 1549 2210 ῥημάτων,
1563 2177 1610 2204 καὶ
1625 2178 1675 2213 τῆς
1690 2178 1737 2206 τοῦ
1752 2180 1818 2215 γόη-

175 2187 268 2222 ῙιιιῙυ8,
287 2191 513 2230 aSSCClnrumque
535 2197 605 2232 ejus,
632 2199 808 2232 Ptolemaaum
828 2213 859 2233 ac
874 2210 966 2237 socios

175 2234 308 2261 intellitzo.
327 2240 467 2261 vesaniam
494 2245 579 2261 “nun
596 2248 733 2261 smn..-“
765 2252 806 2261 »η-
824 2253 828 2258 -
892 2258 906 2261 ,.
942 2257 948 2261 .

1053 2187 1076 2194 ..
1086 2188 1094 2196 .
1117 2187 1158 2201 ..ς
1172 2187 1200 2196 ua
1226 2187 1323 2199 twuuv
1334 2187 1388 2201 'EWV
1407 2187 1549 2210 μηματων,
1563 2187 1610 2204 και
1625 2187 1675 2213 της
1690 2187 1737 2206 του
1752 2187 1816 2215 γοη-

1036 2222 1064 2245 ος
1080 2214 1185 2246 τούτου,
1204 2218 1250 2244 καὶ
1263 2218 1312 2254 τῆς
1328 2220 1383 2247 τῶν
1399 2222 1449 2248 σὺν
1470 2222 1545 2258 αὐτῷ
1564 2224 1687 2257 ἀνέξεται
1718 2235 1816 2261 φρενο-

174 2234 308 2271 intelligo,
327 2240 467 2268 vesaniam
494 2245 581 2278 possit
596 2248 745 2283 sustinere,
761 2252 807 2286 qui
822 2253 964 2290 ineplissi-

173 2287 233 2308 mas
250 2281 357 2311 fabulas
369 2285 406 2313 ita
421 2287 594 2318 confundunt
607 2298 639 2320 ac
653 2281 879 2326 consuunt?Nori
890 2302 963 2329 enim

172 2327 320 2363 quisquam
336 2338 368 2358 ex
384 2333 506 2369 antiquis
520 2336 574 2365 illis
600 2340 797 2375 tragoediarum
818 2345 964 2381 seriptori-

172 2372 235 2405 bus,
251 2379 298 2402 aut
310 2384 343 2404 ex
356 2381 556 2413 posterioribus
575 2372 677 2419 mimis,
705 2389 796 2423 qualis
821 2390 960 2428 Philistio,

170 2424 199 2446 et
223 2419 360 2456 Diogenes
389 2424 450 2460 fuit,
479 2427 526 2462 qui
549 2419 722 2461 incredibilia
740 2436 866 2471 scripsit:
883 2447 929 2467 aut
946 2449 961 2469 e

170 2465 285 2501 reliquis
327 2471 455 2501 omnibus
487 2475 642 2506 fabularum
673 2486 720 2509 aut
750 2465 958 2520 rhapsodiarum

169 2514 341 2548 auctoribus,
370 2521 426 2546 tam
458 2520 589 2551 immania
614 2528 788 2557 comminisci
815 2533 959 2561 mendacia

169 2563 327 2594 potuerunt,
344 2563 425 2600 223
436 2567 528 2601 qualia
543 2570 694 2601 nebulones
709 2575 754 2602 isti
770 2578 910 2612 propriam
929 2579 958 2607 in

167 2606 315 2639 perniciem
331 2613 511 2641 exsecrabilia
535 2615 727 2655 horrendaque
757 2606 952 2654 fabricarum:

165 2651 265 2686 quibus
273 2659 440 2685 sectatorum
447 2660 553 2690 animos
563 2651 735 2696 stultissimis
743 2670 953 2708 questionibus,

201 2740 208 2757 '
227 2741 323 2771 Matth.
340 2753 396 2778 nx,
419 2747 461 2776 l7.
498 2749 582 2780 'Cor.
597 2753 656 2789 τῆς.

1019 2260 1157 2296 ελαὸεῐας,
1173 2263 1341 2300 Πτολεμαίου
1357 2276 1396 2298 τε,
1411 2269 1493 2305 φημὶ,
1511 2270 1557 2296 καὶ
1572 2270 1626 2297 τῶν
1646 2273 1713 2307 ἀμφ’
1732 2260 1816 2300 αὐτὸν

1016 2306 1055 2337 εἰς
1069 2309 1195 2335 τοσοῦτον
1218 2310 1364 2338 κυκώντων
1382 2313 1430 2340 καὶ
1452 2316 1624 2343 καττυόντων
1646 2318 1813 2353 πλάσματα;

1016 2351 1084 2379 Οὔτε
1100 2353 1154 2389 γὰρ
1177 2355 1230 2382 τῶν
1255 2357 1377 2385 παλαιῶν
1394 2360 1605 2395 τραγῳδοποιῶν
1626 2372 1678 2396 τις,
1697 2351 1760 2390 οὔτε
1786 2366 1812 2391 οε

1014 2399 1132 2436 καθεξῆς
1157 2402 1274 2438 μιμηλώ⁵
1297 2404 1342 2431 τὸν
1366 2406 1476 2442 τρόπον,
1497 2408 1522 2435 οι
1547 2409 1611 2445 περὶ
1635 2410 1808 2444 Φιλιστίωνα,

1014 2445 1062 2472 καὶ
1082 2447 1206 2484 Διογένη,
1228 2449 1274 2477 τὸν
1298 2450 1331 2478 τὰ
1351 2451 1455 2480 ἄπιστα
1477 2454 1633 2490 γράψαντα,
1651 2457 1668 2492 ἢ
1689 2458 1713 2483 οἱ
1734 2457 1811 2485 ἄλλοι

1014 2493 1125 2525 πάντες,
1150 2495 1174 2521 οἱ
1195 2497 1259 2528 τοὺς
1279 2497 1382 2532 μύθους
1405 2500 1631 2537 ἀναγεγραφότες
1663 2504 1709 2530 καὶ
1738 2505 1809 2540 ῥαψ-

1011 2537 1310 2573 ῳδήσαντες,τοσοῦτον
1333 2543 1431 2579 ψεῦδος
1448 2546 1622 2584 ἠδυνήθησαν
1638 2537 1807 2583 ὲκτυπῶσαι,

1009 2582 1048 2615 ὡς
1061 2580 1134 2611 οὗτοι
1147 2586 1293 2624 τολμηρῶς
1307 2580 1537 2628 φερόμενοι,μετα
1553 2580 1604 2630 τῆς
1617 2596 1720 2623 ἑαυτῶν
1733 2580 1807 2633 ζωῆς

1008 2629 1083 2658 δεινὰ
1097 2632 1205 2666 ἑαυτοῖς
1221 2639 1437 2672 κατεσκεύασαν,
1456 2641 1503 2668 καὶ
1514 2641 1561 2669 τὸν
1572 2641 1633 2670 νοῦν
1646 2643 1700 2670 τῶν
1712 2644 1806 2670 πειθο-

1009 2676 1098 2711 μένων
1119 2679 1211 2713 αὐτοῖς
1229 2681 1381 2719 ἀνθρώπων
1400 2686 1440 2719 εις
1460 2687 1556 2723 μωρὰς
1575 2688 1704 2726 ζητήσεις
1725 2698 1805 2727 περι-

198 2819 237 2854 (ι)
256 2821 296 2848 Δι’
310 2824 421 2860 ὀλίγων
436 2827 577 2863 εἰρημένα
590 2833 646 2860 οὐκ
665 2833 810 2871 ὴτόνησα.
830 2837 910 2868 Forte
930 2841 1076 2882 ὶιρθὸνηυ.
