1961 3046
101 154 156 182 569

478 151 662 181 ADVERSUS
682 149 853 179 lI/ERESES
872 149 935 177 LIB.
957 149 978 179 Ι.
998 151 1080 179 ΤΟΜ.
1100 150 1134 180 II.
1152 167 1186 174 —-
1206 150 1345 179 HIERES.
1361 149 1483 180 XXXIII.
1680 151 1732 180 570

103 211 210 242 έὸαλον,
231 211 278 238 καὶ
299 210 474 245 γενεαλογίας
496 211 681 246 ἀπεράντους,
702 211 780 238 αὐτοὶ
798 211 833 237 τὰ
862 211 891 237 ἐν

951 211 1149 246 regenealogiis
1169 210 1439 238 lnterminabilibus‘
1466 210 1653 245 implicarunt,
1668 218 1731 237 cum

103 257 182 292 χερσὶ
198 255 235 291 μὴ
250 256 434 291 ἐπιστάμενοι,
452 256 499 282 καὶ
513 256 548 283 τὰ
560 257 709 293 ἐπουράνια
726 255 892 290 ἐπαγγελλό-

105 310 181 337 μενοι
205 301 314 337 μέτροις
329 302 399 328 τισὶν
413 302 559 337 όροθετεῖν,
576 302 622 328 καί
641 310 721 328 τινων
737 300 892 337 μαιωτικῶν

106 346 229 382 μητρῶν,
244 346 281 378 ὡς
294 347 461 383 ἐπουρανίων
475 347 596 382 μητρῶν,
614 347 652 379 ὡς
673 346 852 383 ὑπαρχουσῶν
870 346 891 378 ⁸,

104 391 260 427 ἐπιστήμας
273 393 473 428 ἁναδεχόμενοι.
500 393 630 425 Ἀκούσας
646 393 673 420 δέ
688 401 728 424 τις
742 392 816 428 παρὰ
829 391 892 419 τού-

104 445 170 471 των,
185 437 209 463 εἰ
225 437 274 473 μὲν
289 437 343 464 τῶν
356 438 562 473 ἀφρονεστάτων
576 438 630 474 είη,
652 437 690 474 τῷ
708 437 800 473 ψεύδει
817 437 893 473 νομίο

105 482 151 514 ζον
174 491 200 509 τι
216 484 226 498 ³
247 483 311 519 παρ’
330 483 422 514 αὺτοῖς
444 483 587 518 μετάρσιον
607 484 773 518 ἐγνωκέναι,
795 483 893 519 ῥᾳδίως

105 529 305 565 ὑπαχθήσεται·
323 528 384 556 Ὅτι
403 527 466 556 πᾶν
489 528 594 563 ὄρνεον
617 528 692 556 κατὰ
712 528 798 564 γένος
819 537 894 556 avr-

104 574 216 609 ἄγεται,
233 575 282 602 καί
301 575 342 607 τῷ
358 575 448 609 ὁμοίῳ
464 574 687 609 κολληθήσεται
708 575 796 610 ἀνὴρ,
812 575 894 611 φησὶν

105 622 122 656 ἡ
140 621 246 656 Γραφή,
262 621 294 647 Et
313 620 341 647 δέ
361 629 402 652 τις
429 620 505 656 τύχοι
524 621 616 653 αὐτοῖς
632 621 686 648 τῶν
705 621 832 654 συνετῶν,
847 623 895 649 καὶ

105 667 151 693 τὸν
162 666 272 701 εὔλογον
290 667 420 702 λογισμὸν
441 666 628 702 κεκτημένων,
650 668 828 702 καταγελάσει
845 668 894 703 μὲν

104 712 156 748 τῆς
169 712 303 748 τοσαύτης
316 712 462 748 ληρῳδίας,
477 713 524 740 ἀπ’
537 713 623 749 αὐτῆς
636 714 664 740 δέ
678 714 726 749 τῆς
742 714 895 746 ὑποθέσεως

105 757 160 785 τῶν
175 758 240 793 παρ’
255 758 345 789 αὐτοῖς
363 757 516 793 λεγομένων
537 757 587 794 τὴν
608 758 763 795 ἀνατροπὴν
782 759 893 786 εἵσεται.

112 802 284 838 ἐλέγχονται
297 803 350 839 γὰρ
366 800 438 830 οὗτοι
453 803 608 831 παντάπασι
622 804 683 832 καθ’
697 804 802 832 ἐαυτῶν
817 803 895 832 ὁπλι-

106 848 214 884 ζόμενοι
229 848 264 876 τὰ
282 848 367 884 ψεύδη
382 848 432 885 τῆς
449 848 538 876 αὐτῶν
552 850 758 885 ματαιοπονίας.

143 986 229 1014 Πόθεν
239 986 294 1023 γὰρ
309 987 384 1021 ὑμῖν,
401 983 424 1014 ὦ
437 984 509 1014 οὗτοι
522 987 684 1023 Πτολεμαῖοί
697 996 726 1014 τε
741 987 788 1014 καὶ
801 987 899 1015 Πτολε-

109 1034 199 1068 μαίαι,
222 1033 269 1060 τοῦ
291 1033 375 1060 Βυθοῦ
396 1033 430 1061 τὰ
454 1033 550 1070 μέτρα,
573 1034 620 1061 καὶ
643 1035 671 1061 at
691 1034 822 1070 μαιώσεις
845 1035 897 1063 τῶν

107 1079 237 1112 τοκετῶν,
257 1080 304 1106 καὶ
319 1081 485 1115 γεννητικῶν
505 1081 658 1108 ὑποθέσεων
677 1082 694 1117 ή
713 1082 831 1117 γνῶσις;
852 1083 897 1116 Ὧς

108 1125 165 1161 γὰρ
180 1125 321 1162 παρόντες,
337 1127 384 1152 καὶ
403 1126 456 1154 τῶν
474 1127 641 1163 ἐπουρανίων
656 1128 705 1160 τὰς
726 1128 821 1163 φύσεις
836 1129 899 1157 θεα-

110 1171 233 1207 σάμενοι,
252 1172 299 1198 καὶ
315 1172 353 1205 ὡς
366 1172 442 1199 αὐτοὶ
462 1173 589 1209 προόντες
607 1174 654 1200 τοῦ
676 1175 740 1211 παρ’
754 1175 830 1210 ὑμῶν
848 1176 899 1202 Βυ-

113 1216 160 1243 θοῦ
178 1217 355 1253 καλουμένου,
371 1218 571 1253 ὲπαγγέλλεσθε
580 1219 629 1255 τὴν
643 1219 746 1255 εἴδησιν
758 1221 823 1256 ἡμῖν
838 1221 900 1248 ὐπο-

108 1263 255 1295 ὂεικνυναι,
269 1264 375 1295 οὐδενὸς
393 1263 501 1291 πώποτε
517 1264 571 1291 τῶν
594 1266 742 1301 προφητῶν
762 1266 841 1293 τοῦτο
861 1267 900 1293 εί-

110 1309 236 1345 ρηκότος,
251 1309 301 1336 οὑκ
314 1309 395 1336 αὑτοῦ
410 1311 558 1343 Μωῦσέως,
576 1311 607 1338 οὐ
618 1311 674 1338 τῶν
689 1312 742 1348 πρὸ
758 1312 850 1343 αὑτοῦ.
869 1314 899 1340 οὐ

109 1354 164 1381 τῶν
177 1354 235 1390 μετ’
246 1355 342 1388 αὑτὸν,
358 1357 388 1383 οὺ
403 1356 457 1383 τῶν
479 1357 688 1392 εὐαγγελιστῶν,
708 1359 739 1385 οὐ
761 1359 814 1386 τῶν
833 1359 901 1386 ἀπο-

111 1400 227 1427 στόλων
254 1402 278 1428 εί
302 1401 339 1438 μὴ
362 1402 416 1437 ἄρα
436 1402 470 1429 τὰ
486 1403 623 1438 ἐθνόμυθα
649 1405 789 1440 ποιήματα
811 1405 901 1437 εἴποις

110 1445 165 1472 τῶν
190 1446 254 1482 περὶ
280 1447 381 1483 Ὀρφέα
407 1456 437 1474 τε
465 1448 512 1475 καὶ
533 1448 672 1482 Ἡσίοδον,
700 1450 748 1476 καὶ
773 1450 901 1486 Στησίχο-

111 1499 159 1528 ρον
181 1491 237 1528 (5),
263 1493 328 1528 παρ’
344 1492 384 1525 οἷς
404 1494 431 1520 αἱ
459 1494 513 1521 τῶν
541 1495 691 1531 ἀνθρώπων
719 1497 811 1531 γενεαὶ
838 1506 902 1532 μετ-

111 1537 278 1573 εποιήθησαν
294 1539 334 1571 είς
352 1538 419 1566 θεῶν
434 1539 602 1576 ἐπωνυμίας,
624 1541 671 1567 καὶ
687 1540 721 1568 τὰ
747 1542 776 1568 ἐν
797 1542 902 1578 ἀνθρὼ-

111 1590 173 1615 ποις
193 1583 372 1619 τετελεσμένα
392 1585 540 1620 ποιητικῶς
560 1585 816 1624 ἐδραματουργὴθη.
841 1589 894 1616 Κά-

111 1630 195 1655 κεῖνοι
212 1630 266 1665 γὰρ
280 1629 365 1662 οὕτως
384 1631 522 1666 ἐνόμισαν,
541 1632 732 1665 ἐκθειάσαντες
748 1633 812 1666 τοὺς
837 1635 901 1670 περὶ

111 1674 172 1706 Δία,
189 1675 237 1702 καὶ
257 1676 346 1707 Ῥέαν,
366 1677 413 1704 καὶ
424 1678 523 1713 ’⁷Ηραν,
538 1679 585 1705 καὶ
605 1679 730 1715 Ἀθηνᾶν,
744 1681 792 1707 καὶ
807 1681 902 1708 Ἀπόλ-

111 1719 194 1753 λωνα,
211 1720 258 1747 καὶ
278 1721 445 1758 Ἀφροδίτην,
461 1724 507 1750 καὶ
521 1723 569 1756 τὰς
581 1724 682 1752 τούτων
698 1725 902 1761 κακίας³γονὰς

111 1767 286 1802 τιμήσαντες,
302 1768 342 1800 εἰς
361 1769 510 1802 φαντασίαν
533 1770 677 1804 πολυθεῖας
696 1773 743 1800 καὶ
761 1773 903 1800 εἰδωλολα-

111 1813 204 1847 τρείας
220 1812 265 1839 τὸν
278 1813 379 1846 κόσμον
398 1814 533 1842 ἐνέϐαλον.
554 1816 634 1843 Ἀλλὰ
647 1817 737 1844 οὐκέτι
754 1826 799 1853 μοι
816 1818 901 1854 πολλή

111 1865 154 1888 τις
168 1857 245 1893 χρεία
266 1860 410 1895 γενήσεται
423 1861 463 1892 είς
477 1862 529 1897 τήν
546 1870 603 1894 σου,
620 1859 643 1889 ὦ
663 1863 824 1898 Πτολεμαῖε,
838 1865 903 1891 ἁνα-

112 1904 217 1940 τροπήν
239 1912 269 1931 τε
293 1905 341 1932 καὶ
361 1906 481 1942 ἔλεγχον,
499 1908 546 1934 καὶ
568 1908 622 1935 τῶν
639 1909 710 1936 κατὰ
726 1910 764 1942 σὲ,
780 1911 831 1946 ἤδη
849 1912 903 1939 τῶν

115 1949 170 1975 σῶν
186 1950 367 1986 προπατόρων
380 1952 425 1979 τὸν
443 1952 552 1988 ἔλεγχον
568 1954 667 1986 ζκανῶς
683 1955 841 1991 εἰληφότων.
855 1957 904 1984 Διὰ

113 1994 168 2021 τῶν
186 1997 392 2032 προειρημένων
410 1998 459 2033 τὴν
474 1999 544 2026 κατὰ
556 1999 603 2027 σοῦ
620 2001 751 2037 αἰσχύνην
767 2004 903 2039 συστησά-

117 2049 207 2076 μενος,
222 2041 335 2077 διέξειμι
349 2042 397 2079 τὴν
413 2044 466 2069 τῶν
482 2044 583 2080 ἐτέρων
597 2045 710 2082 πλάνην,
727 2047 793 2074 Θεὸν
808 2048 905 2076 ἐπικα-

115 2086 245 2122 λούμενος
269 2088 411 2124 ἐπίκουρον
435 2089 486 2125 τῆς
514 2090 593 2126 ἡμῶν
617 2093 808 2129 μετριότητος,
830 2095 905 2128 ὅπως

116 2133 167 2168 τὴν
188 2134 254 2169 παρ’
276 2135 384 2171 ἑκάστῳ
403 2135 472 2162 ἔθνει
491 2137 584 2169 κακῶς
604 2139 815 2177 ὲπινενοημένην
837 2142 903 2169 ὑπό-

118 2177 192 2205 Θεσιν
209 2179 326 2215 φωράσω
347 2189 375 2207 τε
395 2181 443 2207 καὶ.
467 2180 653 2216 θριαμϐεύσω,
671 2184 716 2210 ἐπὶ
735 2187 767 2220 τῇ
787 2187 905 2221 ἐπαγγε-

117 2222 162 2258 λίᾳ
180 2223 230 2256 τῆς
246 2224 363 2259 σπουδῆς
379 2225 453 2261 παρὰ
465 2226 534 2253 Θεοῦ
550 2227 709 2263 αἰτούμενος
720 2229 768 2265 τὴν
782 2230 872 2266 χάριν.

941 265 976 285 ne
993 265 1024 285 ea
1035 257 1143 292 quidem
1159 257 1271 290 scirent,
1287 265 1348 292 quae
1360 258 1386 284 in
1402 257 1527 285 manibus
1551 260 1616 285 sunt
1631 257 1731 292 posita,

942 307 969 331 et
985 304 1069 331 certis
1080 303 1189 331 interim
1208 304 1346 332 mensuris
1361 303 1482 331 coelestia
1496 310 1526 330 sc
1545 302 1660 330 deﬁnire
1669 310 1733 338 pro-

942 349 1095 383 ﬁterentur,
1113 353 1195 384 atque
1218 349 1457 376 obstetricantium
1479 349 1660 384 quorumdam
1671 353 1731 376 ute-

943 403 1036 423 rorum
1063 395 1138 423 velut
1159 395 1313 422 cmlestium
1337 395 1493 427 matricum,
1514 396 1553 422 rei
1568 395 1647 430 plane
1657 401 1731 422 com-

942 443 1083 474 mentitiaz,
1101 442 1142 470 sic
1169 446 1300 476 tauquam
1335 449 1407 468 verae
1422 440 1569 476 solidasque
1591 440 1732 468 scientiam

942 497 998 525 prae
1011 488 1164 517 seferrent.
1191 487 1352 523 Cujusmodi
1379 488 1427 523 qui
1451 487 1486 515 ab
1505 487 1560 515 illis
1586 486 1690 518 audiat,
1707 485 1732 513 si

943 536 1025 571 paulo
1038 535 1213 570 insipientior
1239 535 1285 568 sit,
1305 535 1424 562 sublime
1447 533 1577 569 quiddam
1601 541 1631 561 se
1660 531 1732 567 apud

943 582 1005 609 illos
1023 581 1153 610 didicisse
1166 585 1256 614 ratus,
1286 580 1366 608 facile
1394 578 1600 607 mendaciorum
1625 577 1731 605 lenoci-

944 628 1000 656 niis
1016 628 1161 656 inducetur
1174 636 1181 654 ι
1196 627 1329 660 Quoniam
1342 626 1396 654 avi:
1410 624 1644 661 omnisisecundum
1652 631 1732 659 genus

943 681 1021 701 suum
1038 677 1222 708 congregatur,
1237 676 1262 699 et
1277 672 1361 698 omnis
1387 672 1464 698 homo
1480 669 1563 698 simili
1580 669 1622 696 sui
1646 669 1733 696 socia-

945 719 1025 751 bitur,
1041 719 1079 746 ait
1093 718 1235 753 Scriptura
1246 718 1269 745 '.
1283 717 1331 745 Sin
1347 717 1429 753 paulo
1458 715 1654 751 intelligentior
1679 713 1732 741 ali-

944 763 1018 798 quis,
1037 770 1070 790 ac
1092 766 1169 789 recto
1190 761 1295 796 judicio
1322 761 1454 797 praeditus
1481 763 1620 791 occurrat,
1646 766 1734 794 nugas

945 809 1006 836 illas
1021 807 1185 836 deridendas
1206 807 1321 843 putabit,
1348 811 1431 843 atque
1445 815 1478 834 ex
1499 806 1554 834 illis
1580 805 1646 841 ipsis
1672 813 1734 840 qua:

945 855 1086 890 disputant
1094 853 1322 889 quemadmodum
1339 853 1452 881 refutari
1468 853 1574 887 possint
1590 851 1732 887 perspicit.

909 894 932 922 Β
946 899 975 928 Si
990 900 1099 935 quidem
1109 899 1167 927 suis
1184 899 1236 934 ipsi
1248 898 1408 926 vanissimis
1427 898 1576 926 mendaciis
1587 901 1684 926 contra
1702 903 1733 924 se

946 943 1046 972 armati
1059 951 1122 971 esse
1133 943 1243 979 penitus
1256 946 1420 978 arguuntur.

982 999 1050 1027 Volo
1060 999 1133 1027 enim
1147 999 1215 1026 mihi
1232 998 1434 1033 respondeatis,
1449 1006 1466 1025 ο
1480 997 1617 1026 Ptolemaei
1638 1005 1735 1025 omnes

947 1054 980 1074 ac
1002 1045 1172 1074 Ptolemaeaa!
1200 1045 1273 1073 unde
1287 1045 1340 1072 illze
1358 1046 1436 1073 vobis
1451 1045 1530 1081 Bythi
1546 1052 1691 1078 mensurae,
1703 1051 1735 1071 ac

949 1095 1077 1128 partuum
1105 1091 1357 1124 obstetricationes,
1374 1095 1401 1119 et
1423 1092 1563 1118 variarum
1580 1089 1736 1126 generatio-

949 1146 1014 1166 num
1028 1137 1158 1173 cognitio.
1175 1137 1222 1164 Sic
1235 1137 1308 1165 enim
1339 1142 1469 1172 tanquam
1484 1139 1633 1171 praesentes
1645 1135 1735 1162 inter-

949 1184 1068 1215 fueritis.
1085 1191 1117 1211 ac
1131 1183 1284 1210 caelestium
1318 1186 1444 1210 naturam
1459 1181 1636 1216 contemplati
1660 1180 1734 1213 sitis,

949 1229 1006 1256 imo
1021 1228 1137 1264 Bythum
1157 1227 1234 1254 illum
1255 1231 1375 1255 vestrum
1397 1225 1612 1256 autecesserilis.
1637 1233 1732 1252 earum

951 1273 1030 1301 nobis
1046 1280 1138 1300 rerum
1165 1273 1309 1300 scientiam
1332 1271 1488 1300 ostenditis.
1504 1271 1587 1306 Atqui
1605 1271 1697 1298 nullus
1709 1270 1737 1298 id

951 1327 1071 1355 unquam
1088 1318 1305 1354 eprophetarum
1323 1325 1438 1346 numero
1451 1317 1534 1345 dixit:
1556 1325 1610 1344 non
1630 1316 1737 1353 Moyses

951 1366 1097 1400 lpse;non
1125 1365 1217 1400 Moyse
1242 1365 1318 1400 prior
1339 1364 1440 1399 aliquis
1456 1364 1498 1391 vel
1517 1363 1664 1399 posterior,
1683 1370 1740 1390 non

951 1410 1195 1445 evangelistarum,
1205 1417 1259 1437 non
1269 1409 1454 1444 apostolorum
1462 1409 1581 1443 denique
1590 1408 1737 1443 quispiam.

950 1456 1009 1485 Nisi
1022 1456 1091 1484 forte
1110 1455 1144 1483 ad
1165 1455 1304 1490 gentilium
1320 1459 1444 1490 poemata
1473 1454 1627 1489 confugias,
1647 1453 1741 1489 qualia

952 1508 1018 1531 sunt
1033 1502 1145 1537 Orphei,
1165 1502 1285 1533 Hesiodi,
1300 1501 1461 1533 Stesichori.
1475 1501 1547 1536 apud
1564 1508 1634 1536 quos
1648 1500 1739 1527 homi-

952 1557 1017 1578 num
1034 1550 1223 1585 generationes
1246 1548 1280 1576 ad
1301 1548 1414 1575 deorum
1439 1547 1635 1582 appellationes
1646 1551 1739 1574 trans-

952 1595 1013 1623 latae
1042 1598 1116 1628 sunt,
1134 1601 1222 1629 eaque
1236 1602 1296 1629 quae
1309 1594 1381 1621 inter
1394 1593 1522 1620 mortales
1535 1596 1610 1628 gesta
1626 1591 1737 1619 fuerant

950 1641 1059 1678 poetico
1078 1648 1155 1669 more
1167 1639 1348 1668 conformata.
1361 1639 1423 1668 Fuit
1446 1640 1518 1667 enim
1546 1638 1738 1674 hujuscemodi

951 1688 1060 1716 illorum
1089 1687 1193 1722 opinio,
1208 1694 1270 1714 cum
1296 1685 1401 1720 Jovem,
1421 1693 1454 1713 ac
1479 1685 1594 1718 Rheam,
1610 1689 1638 1713 et
1652 1684 1741 1712 Juno-

951 1741 1035 1765 nem,
1063 1732 1213 1765 Palladem,
1244 1732 1397 1767 Apollinem
1428 1731 1615 1766 Veneremque
1641 1729 1745 1758 divinis

952 1779 1102 1807 honoribus
1116 1782 1322 1809 consecrantcs,
1334 1784 1484 1812 eorumque
1497 1777 1644 1811 pessimam
1658 1775 1742 1803 sobo-

952 1825 1004 1853 lem
1024 1824 1158 1857 venerati,
1179 1828 1266 1851 totum
1295 1823 1389 1851 orbem
1406 1823 1543 1850 variorum
1578 1822 1691 1850 deorum
1709 1828 1744 1848 ac

954 1869 1164 1897 simulacrorum
1179 1868 1303 1896 inanium
1324 1868 1467 1896 erroribus
1486 1867 1654 1895 imbuerunt.
1675 1866 1743 1893 Mihi

952 1923 1017 1942 vero
1032 1915 1066 1942 ad
1081 1918 1165 1948 tuam,
1181 1921 1198 1942 ο
1211 1913 1355 1942 Ptolemaee
1365 1935 1373 1947 ,
1386 1917 1552 1948 tuorumque
1571 1911 1735 1940 confutatio—

953 1968 1014 1988 nem
1029 1960 1096 1988 nihil
1110 1960 1213 1987 idcirco
1223 1967 1388 1995 magnopere
1396 1959 1591 1994 requirendum
1607 1960 1659 1988 est,
1669 1957 1745 1992 quod

954 2007 1073 2042 majores
1089 2009 1151 2033 tuos
1165 2005 1272 2032 abunde
1298 2004 1356 2040 jam
1379 2004 1541 2032 rel‘ellimus.
1565 2003 1655 2036 Quare
1678 2010 1742 2030 cum

954 2060 987 2079 ex
1003 2051 1036 2079 iis
1053 2059 1112 2086 qua:
1126 2050 1199 2077 dicta
1219 2054 1392 2085 sunt..quam
1420 2049 1547 2084 pudenda
1569 2049 1624 2076 sint
1636 2052 1682 2075 tua
1698 2048 1744 2075 illa

954 2098 1080 2133 dogmata
1094 2096 1262 2124 declaratum
1281 2096 1374 2127 fuerit,
1388 2096 1532 2133 implorata
1557 2094 1639 2130 224
1663 2095 1741 2129 prius

954 2151 1006 2178 ope
1018 2142 1152 2176 Numinis,
1169 2143 1209 2169 uti
1222 2150 1288 2169 mea:
1303 2142 1430 2169 tenuitati
1448 2146 1601 2171 succurrat,
1615 2141 1649 2168 ad
1668 2141 1740 2167 alio-

955 2196 1016 2215 rum
1030 2187 1216 2216 discutiendos
1241 2194 1348 2215 errores
1370 2194 1412 2214 me
1429 2186 1583 2218 conferam,
1594 2190 1624 2212 ut
1639 2193 1700 2222 qua:
1715 2186 1743 2214 in

923 2231 948 2260 1)
961 2240 1126 2268 unaquaque
1141 2237 1220 2272 gente
1230 2233 1365 2267 pestiferae
1380 2231 1524 2269 opiniones
1535 2232 1652 2263 inventa:
1662 2238 1741 2264 sunt,

117 2276 165 2297 eas
187 2270 329 2306 detegam;
365 2279 398 2300 ac
416 2272 449 2300 de
478 2274 604 2303 omnibus
621 2276 823 2311 quodammodo
844 2280 897 2307 triu

951 2282 1018 2309 hem.
1035 2280 1113 2314 Quod
1141 2270 1299 2310 instituhnn
1327 2290 1343 2310 a
1366 2290 1409 2310 me
1433 2282 1661 2317 propositumque
1683 2286 1745 2310 stu-

118 2315 193 2344 dium
210 2322 238 2344 ut
253 2326 404 2354 exsequar,
432 2321 572 2350 caelestem
600 2323 666 2350 mihi
697 2323 817 2353 favorem
840 2315 1012 2364 gratiamque
1026 2328 1184 2364 postulabo.

153 2376 192 2403 Θ¹.
213 2377 272 2404 Ἵνα
286 2378 313 2405 δὲ
328 2379 365 2414 μὴ
389 2379 555 2408 ἁϐασάνιστα
612 2383 647 2410 τὰ
667 2384 731 2420 τρία
753 2393 799 2412 σου
821 2386 908 2419 λεξεί-

118 2421 174 2454 δια,
192 2421 211 2449 ἃ
236 2422 268 2458 δὴ
294 2423 362 2459 πρὸς
395 2424 507 2461 Φλώραν
539 2426 568 2453 τὸ
596 2427 707 2462 γύναιον
741 2431 907 2460 ἐπιστέλλων

120 2467 279 2503 ἐκομπάσω,
300 2467 322 2496 ὣ
343 2471 494 2507 Πτολεμαῖε
516 2473 569 2508 (ἀεὶ
581 2473 636 2509 γὰρ
654 2475 684 2501 αί
698 2474 822 2509 demam
833 2478 906 2505 διδα-

122 2513 232 2540 σκαλίαι
257 2516 419 2552 γυναικάρια
446 2519 638 2554 σεσωρευμένα
663 2520 809 2556 ἁμαρτίαις
835 2524 904 2551 dm.

121 2560 197 2607 τῶσι,
212 2562 282 2589 κατὰ
297 2562 342 2589 τὸν
354 2563 400 2590 τοῦ
417 2564 578 2592 Ἀποστόλου
594 2565 698 2602 λόγον),
713 2568 760 2595 καὶ
774 2569 860 2601 αὐτὰς
873 2570 906 2607 δὴ

119 2606 170 2638 τὰς
187 2607 273 2641 λέξεις
293 2609 394 2642 κυρίως
415 2610 531 2638 ἐνταῦθα
553 2612 762 2650 παραθήσομαι,
787 2616 834 2642 καὶ
857 2606 907 2652 τὴν

157 2709 165 2724 ¹
180 2707 209 2736 F.
235 2712 286 2738 οὐκ
299 2712 398 2740 οὐσῶν.

452 2713 463 2728 ¹
480 2711 511 2740 F.
528 2713 645 2749 νομίζων
653 2723 688 2741 τι.

121 2750 166 2776 ιιι,
179 2743 206 2771 6.

739 2715 752 2731 ⁹
767 2715 831 2752 Reg.
844 2717 944 2750 κακίας
962 2716 1055 2753 μονάς.

993 2388 1038 2417 ΙΧ.
1059 2388 1159 2417 Verum
1176 2391 1206 2416 ut
1220 2395 1306 2424 pauca
1319 2388 1364 2416 illa
1382 2387 1466 2416 verba
1479 2387 1590 2415 interim
1604 2387 1746 2423 expenda-

959 2443 1031 2467 mus.
1045 2443 1106 2470 quae
1118 2435 1151 2462 ad
1161 2435 1269 2462 Floram
1285 2434 1388 2470 ingenti
1403 2442 1464 2462 cum
1478 2434 1549 2462 fastu
1573 2435 1746 2469 arrogantia-

959 2488 1012 2516 que
1044 2480 1180 2516 scripsisti
1220 2480 1321 2515 (solent
1363 2481 1435 2508 enim
1472 2484 1579 2507 onustae
1625 2481 1747 2515 peccatis

959 2526 1127 2554 mulierculae
1142 2546 1149 2559 ,
1169 2530 1198 2553 ut
1223 2527 1262 2554 ait
1277 2526 1424 2561 Apostolus
1440 2526 1461 2558 ',
1477 2526 1596 2561 vipereis
1611 2526 1746 2560 ejusmodi

958 2571 1132 2607 dogmatibus
1147 2572 1258 2607 decipi);
1268 2577 1330 2600 tuas
1341 2573 1425 2607 ipsas,
1435 2571 1587 2604 Ptolemaee,
1600 2579 1679 2600 voces
1696 2572 1747 2599 hoc

959 2616 1019 2645 loco
1033 2625 1194 2653 proponam,
1207 2625 1310 2654 easque
1328 2618 1494 2648 necessitate
1507 2623 1631 2651 coactus,
1648 2624 1683 2645 ne
1694 2625 1747 2652 qua

1109 2717 1121 2733 ⁸
1136 2717 1144 2744 Ι
1159 2717 1228 2746 Tim.
1244 2726 1263 2748 ι,
1280 2718 1307 2746 4.
1337 2718 1347 2734 ⁸
1363 2718 1452 2747 Eccle.
1465 2725 1527 2752 xm,
1538 2718 1583 2745 20.
1622 2718 1632 2733 ³
1649 2716 1748 2746 llTim.

291 2829 484 2864 Στησίχορον.
514 2828 690 2859 Stesichorus
720 2832 861 2862 fabulosus
890 2834 1002 2864 deorum
1028 2837 1171 2874 prosapias
1192 2837 1394 2874 descripserat,
1419 2842 1449 2867 ut
1465 2838 1530 2869 alibi
1563 2837 1666 2866 indicat
1685 2835 1743 2871 Epi-

121 2863 250 2898 pluuias.
