1961 3046
244 147 293 176 57!

936 152 966 182 S.
986 153 1162 184 EPlPllANIl

1828 158 1884 187 572

244 207 363 236 infelicis
377 208 434 236 lolii
452 210 531 239 radix
546 212 677 248 supersit,
700 220 824 250 congruo
838 215 937 244 ordine
950 216 1017 245 refel

1085 217 1175 244 αὐτῶν
1190 218 1346 255 ἀνατροπὴν
1362 219 1512 254 ἀναγκαίαν
1530 215 1622 252 οὖσαν,
1643 219 1682 250 εἰς
1696 219 1733 254 τὺ,
1746 217 1783 255 μὴ
1797 227 1883 246 κατα-

244 255 313 291 iam.

277 347 375 383 Legem
396 351 498 378 asseris
513 351 648 379 trifariam
663 360 724 380 esse
736 353 863 386 divisam,
880 358 909 381 ut
934 355 1032 390 partim

242 401 257 419 a
274 393 339 425 Deo,
351 397 449 429 partim
461 404 476 423 a
491 397 592 432 Moyse,
608 399 708 434 partim
724 407 738 426 a
756 401 913 428 senioribus
935 408 1033 427 mana-

243 437 288 466 rit.
302 439 338 467 De
357 441 514 470 senioribus
538 451 621 478 porro
637 452 687 471 cur
702 445 739 471 ita
757 446 871 478 sentias,
899 446 976 479 nihil,
1003 451 1032 474 ut

241 489 364 518 apparet,
388 486 485 515 atl'erre
512 494 590 523 potes
620 490 648 516 in
675 489 826 526 Scripturis
859 499 1030 527 expressum.

240 527 380 564 Nusquam
402 531 475 558 enim
498 533 526 559 ln
557 533 615 569 lege
641 534 741 561 tradita
769 535 814 562 illa
838 543 854 563 a
876 537 1031 565 senioribus

239 574 350 602 decreta
383 583 581 606 memorantur.
619 579 672 607 Sed
711 587 853 608 sacrorutn
887 581 1030 609 Librorum

240 626 366 654 perzeque
395 629 427 649 ac
453 623 578 650 veritatis
609 623 720 658 ignarus
745 625 909 652 calumniari
939 626 1030 655 sciens

239 666 372 699 instituis,
397 673 587 702 accuratzeque
612 669 782 705 singulorum
806 672 910 699 notitia:
930 680 1030 700 conse-

239 712 380 745 quentiam
406 721 461 741 non
491 715 580 742 vides.
605 715 673 743 Nam
701 717 840 744 seniorum
869 718 1030 747 traditiones

237 757 415 794 δευτερώσεις
443 768 458 786 a
483 759 585 789 ludatis
600 766 744 790 vocantur.
778 763 902 796 Quatuor
936 769 1030 792 autem

240 803 348 831 illarum
362 810 426 832 sunt
440 815 550 842 genera.
567 808 690 836 Primum
712 814 764 841 est,
788 811 862 845 quod
879 811 930 838 sul)
946 811 1030 839 Masis

239 851 350 879 nomine
378 852 576 881 circumferuut
595 863 603 888 ;
619 856 769 883 secundum
785 860 838 888 est,
854 857 928 891 quod
940 856 1028 884 Rabbi

237 896 331 924 Akibae
359 898 495 931 tribuunt,
513 900 626 927 tertium
642 900 738 933 Addae,
760 901 819 929 sive
835 901 922 933 Judae,
943 909 1028 936 quar-
1045 895 1064 922 Β

237 947 294 969 tum
323 943 358 970 ad
385 944 537 972 Asamonaei
560 945 630 974 filios
660 946 789 974 refertur.
825 947 900 975 Cedo
931 948 1026 983 igitur.

236 990 318 1017 homo
346 992 598 1020 contentiosissime
625 1000 657 1020 ac
684 993 821 1022 levissime
835 1015 842 1027 ,
861 1002 981 1029 quonam
998 995 1027 1023 in

235 1035 412 1064 Pentateuchi
433 1037 586 1073 divinaeque
606 1039 673 1074 legis
689 1040 828 1067 volumine
853 1041 927 1068 illam
949 1046 1026 1077 potes

234 1082 423 1110 demonstrare
446 1085 621 1116 sententiam,
647 1093 729 1120 quam
749 1086 776 1112 in
790 1085 938 1122 Evangelia
949 1088 1028 1116 Chri-

235 1133 295 1156 stus
315 1130 424 1156 attulit:
443 1131 494 1163 Qui
505 1131 602 1157 dixerit
618 1132 690 1164 patri
705 1140 754 1158 suo
770 1131 887 1165 Corban,
907 1134 976 1168 quod
987 1140 1026 1161 est

233 1175 343 1208 donum,
360 1176 426 1203 nihil
450 1177 501 1211 ipsi
521 1178 667 1211 proderit',
688 1178 761 1212 quod
789 1178 856 1205 mihi
886 1187 1025 1215 nunquam

233 1221 373 1250 ostendes.
391 1223 574 1255 Quamobrem
607 1223 687 1258 friget
717 1224 763 1251 illa
790 1227 836 1251 tua
858 1225 1023 1260 disputatio,

231 1276 295 1294 cum
312 1268 338 1294 id
351 1269 426 1295 nullo
441 1267 619 1296 Pentateuclti
630 1269 690 1296 loco
716 1269 850 1304 scriptum
865 1274 973 1305 exstet;
993 1279 1025 1299 ac

233 1314 338 1341 misera:
366 1314 405 1341 illi
434 1314 604 1341 tnulierculaa
633 1315 817 1350 nequidquam
855 1316 1023 1352 imposuisti.

231 1360 366 1388 Caeterum
382 1369 443 1396 qua:
463 1369 477 1387 a
492 1360 565 1388 Mose
589 1363 696 1389 sancita
713 1366 788 1392 sunt.
805 1370 820 1389 a
833 1362 888 1390 Deo
910 1363 1024 1391 minime.

231 1412 295 1434 sunt
312 1407 410 1437 aliena.
426 1415 441 1434 a
459 1415 525 1442 quo,
551 1408 644 1443 Moyse
674 1413 817 1442 sequestre
846 1414 928 1444 atque
942 1410 1023 1437 inter-

229 1457 318 1487 prete,
330 1453 428 1480 tradita
448 1459 528 1481 sunt:
543 1455 615 1489 quod
630 1460 656 1482 et
678 1455 768 1489 ipsum
783 1455 935 1484 Salvatoris
947 1457 1023 1492 judi-

229 1500 303 1526 cium
320 1499 461 1528 evidenter
489 1501 634 1536 approbat,
656 1501 780 1536 adeoque
809 1503 909 1537 quibus
935 1504 1022 1533 uteris

218 1547 407 1577 testimoniis,
429 1555 461 1574 ea
490 1551 587 1574 contra
614 1548 790 1583 temetipsum
808 1550 958 1584 protulisti.
974 1550 1020 1578 Sic

228 1594 301 1621 enim
317 1594 342 1620 in
357 1593 504 1628 Evangelia
530 1593 662 1620 Dominus
686 1594 824 1629 loquitur:
840 1597 947 1632 Moyses
966 1596 1021 1625 haec

220 1638 333 1671 scripsit
349 1638 382 1664 ad
397 1638 522 1665 duritiem
537 1638 624 1666 cordis
636 1641 715 1666 vestri
729 1641 750 1668 ‘.

263 1682 323 1710 Jan)
339 1684 412 1718 quod
427 1684 534 1719 Moyses
547 1685 670 1720 scripsit,
686 1694 740 1713 non
749 1686 819 1713 citra
834 1686 879 1715 Dei
894 1688 1020 1716 volunta-

229 1733 283 1756 tem
295 1730 424 1764 scripsit;
444 1730 490 1758 sed
507 1735 604 1758 sancto
634 1731 738 1766 Spiritu
766 1733 921 1767 impellente
937 1734 1018 1770 225

227 1775 380 1802 constituit.
398 1774 458 1802 Max
467 1776 540 1803 enim
558 1776 683 1804 Salvator
698 1778 725 1804 in
736 1777 831 1805 eodem
849 1778 1016 1814 Evangelia,

228 1820 305 1853 Quod
321 1820 403 1853 Deus,
418 1822 517 1856 inquit,
546 1823 694 1857 conjunxit,
726 1823 804 1851 homo
830 1834 883 1853 non
905 1832 1016 1861 separet.

227 1866 461 1900 Quemadmodum
485 1876 550 1896 vero
577 1870 763 1904 conjunxerit,
791 1872 874 1899 verba
899 1873 971 1908 ipsa,
988 1879 1017 1902 ut

227 1913 454 1949 intellig’eremus,
473 1914 594 1950 adjecit:
613 1915 726 1950 Propter
738 1917 787 1944 hoc
798 1918 925 1954 relinquet
940 1920 1017 1948 homo

228 1965 332 1995 patrem
345 1969 434 1993 suum,
449 1966 474 1988 et
490 1961 635 1989 adltwrebit
653 1964 732 1991 uxori
748 1973 814 1997 suae,
832 1970 857 1993 et
872 1972 949 1994 erunt
964 1968 1016 1995 duo

226 2009 252 2034 in
264 2016 370 2035 carnem
384 2017 474 2035 unam.
486 2009 556 2036 Tum
574 2010 672 2038 infert:
689 2011 765 2044 Quod
784 2021 845 2047 ergo
872 2013 942 2041 Deus
954 2023 1017 2041 con-

222 2055 324 2089 junxit,
352 2055 429 2083 Itomo
458 2065 509 2083 non
530 2049 643 2091 separet.
667 2057 750 2093 Atqui
780 2067 919 2095 nunquam
949 2061 1015 2088 illud

227 2101 367 2134 Dominus,
382 2110 444 2129 cum
458 2102 592 2130 Adamum
619 2103 759 2139 Evamque
775 2104 916 2139 formarat,
932 2115 1015 2134 usur-

224 2153 304 2180 passe
319 2146 430 2181 legitur;
446 2147 493 2174 sed
510 2147 561 2174 hoc
582 2148 688 2175 solum:
707 2149 853 2177 Faciamus
871 2152 895 2178 ei
907 2152 1016 2187 adjuto-

223 2192 292 2218 rium
312 2193 396 2219 simile
408 2192 487 2219 sibi“:
506 2193 578 2220 istud
595 2201 659 2221 vero
673 2195 707 2222 ab
723 2195 827 2223 Adamo
845 2197 946 2225 dictum
960 2202 1013 2231 est,

222 2239 268 2272 qui
284 2246 298 2264 a
321 2245 419 2265 somno
456 2239 675 2274 expergefactus,
695 2239 753 2267 lloc
780 2250 848 2268 nunc
860 2251 899 2274 os,
916 2244 964 2276 ait,
982 2252 1014 2271 επ

222 2282 325 2309 assibus
337 2282 411 2315 meis,
422 2287 447 2309 et
462 2291 525 2310 caro
553 2284 584 2311 de
609 2293 688 2312 carne
709 2294 785 2313 mea:
801 2287 858 2314 Itwc
874 2289 1012 2316 vocabitur

222 2329 322 2363 virago,
336 2330 399 2363 quia
426 2337 459 2356 ea:
481 2330 538 2356 uiro
563 2335 670 2365 sumpta
695 2337 745 2358 est.
761 2332 853 2368 Pergit
886 2334 1009 2364 deinde:

223 2373 335 2408 Propter
351 2374 400 2401 hoc
414 2375 541 2410 relinquet
558 2376 635 2403 homo
664 2382 767 2411 patrem
791 2384 817 2405 et
841 2385 963 2412 matrem,
987 2387 1013 2409 et

222 2418 365 2446 adluerebit
381 2421 460 2447 uxori
479 2429 547 2453 sum,
568 2427 592 2449 et
606 2428 684 2450 erunt
700 2423 753 2451 duo
767 2424 793 2451 in
806 2434 1011 2456 carnentunam.

221 2465 290 2491 Cum
304 2464 387 2500 igitur
412 2474 468 2494 non
486 2468 538 2494 hac
554 2467 635 2502 Dens,
656 2471 702 2497 sed
722 2469 843 2499 Adamus
861 2472 970 2506 dixerit,
986 2478 1014 2502 et

221 2518 253 2538 ea
269 2510 326 2545 ipsa
335 2515 426 2539 tamen
441 2512 489 2540 Dei
504 2521 566 2541 esse
581 2515 663 2542 verba
678 2515 811 2544 Dominus
827 2517 853 2544 in
865 2517 1012 2554 Evangelia

220 2561 346 2589 testctnr,
374 2558 441 2586 satis
466 2566 511 2586 res
534 2559 594 2595 ipsa
619 2560 752 2596 declarat,
768 2567 825 2590 tum
844 2564 901 2592 haec
914 2565 1010 2597 Adami

1084 263 1227 298 λειφθῆναι
1243 265 1320 300 ῥίζαν
1342 265 1391 299 τῆς
1412 264 1586 298 ζιζανιώδους
1607 274 1653 292 σου
1677 266 1792 300 σπορᾶς,
1815 264 1880 299 ἑξῆς

1084 309 1239 342 ἀκολούθως
1255 310 1318 346 ποιή
1324 319 1415 346 σομαι.

1119 357 1236 389 Φάσκεις
1253 357 1316 393 γὰρ,
1331 355 1353 384 ὦ
1371 355 1458 391 οὗτος,
1471 358 1515 385 τὸν
1529 359 1610 394 νόμον
1628 359 1707 395 τριχῆ
1720 359 1877 395 διῃρῆσθαι,

1084 402 1130 428 καὶ
1149 403 1179 428 τὸ
1197 403 1246 438 μὲν
1262 403 1334 439 ἔχειν
1344 413 1370 431 τι
1389 407 1421 431 ἐκ
1435 405 1481 431 τοῦ
1496 404 1574 436 Θεοῦ,
1591 405 1622 432 τὸ
1637 405 1664 432 δὲ
1678 406 1710 431 ὲκ
1724 406 1875 439 Μωῡσέως,

1083 449 1113 474 τὸ
1134 451 1162 477 δὲ
1187 451 1220 476 ὲκ
1239 451 1292 478 τῶν
1321 450 1525 487 πρεσϐυτέρων.
1548 451 1602 478 Καὶ
1624 452 1665 478 ὅτι
1687 452 1736 488 μὲν
1761 453 1794 479 ἐκ
1822 453 1876 480 τῶν

1083 498 1276 534 πρεσϐυτέρων
1297 498 1359 531 οἴει,
1376 497 1567 533 γεγραμμένον
1586 497 1636 524 οὐκ
1654 498 1726 533 ἔχεις
1743 499 1790 526 τοῦ
1812 500 1876 526 ἀπο-

1082 543 1177 576 δεῖξαι,
1194 543 1274 570 τοῦτό
1294 544 1353 569 ἐστι
1367 543 1455 579 δῆλον.
1475 543 1601 579 Οὐδαμοῦ
1621 544 1674 580 γὰρ
1695 545 1725 570 ὲν
1739 545 1814 580 νόμῳ
1829 546 1876 572 ὲκ-

1082 591 1210 626 φέρονται
1235 591 1263 617 αἱ
1292 591 1345 618 τῶν
1379 590 1571 626 πρεσϐυτέρων
1601 590 1772 626 παραδόσεις.
1794 591 1875 617 Ἀλλὰ

1081 637 1187 672 ἀγνοῶν
1211 637 1259 664 καὶ
1279 638 1328 669 τὰς
1355 637 1480 672 βίϐλους,
1511 638 1557 665 καὶ
1577 638 1626 673 τὴν
1650 637 1778 673 ἀληθειαν
1803 646 1874 672 φαν-

1081 684 1150 720 τάζῃ
1164 685 1348 718 συκοφαντῶν,
1368 685 1415 710 καὶ
1437 684 1486 716 τὰς
1509 683 1668 716 ἀκολουθίας
1684 684 1788 719 ἀγνοῶν
1808 685 1874 722 ἐκά-

1082 738 1148 766 στης
1177 730 1308 766 ἀκριϐοῦς
1331 730 1470 765 εἰδήσεως.
1498 730 1530 757 Ai
1553 730 1607 765 γὰρ
1634 731 1797 766 παραδόσεις
1818 731 1873 758 τῶν

1081 775 1283 812 πρεσϐυτέρων,
1304 776 1482 812 δευτερώσεις
1501 777 1574 812 παρὰ
1592 778 1647 808 τοῖς
1675 776 1811 808 Ἰουδαίοις
1828 777 1874 803 λέ-

1079 830 1183 856 γονται.
1203 822 1264 848 Εἰσὶ
1285 821 1313 849 δὲ
1333 818 1413 849 αὗται
1431 822 1562 858 τέσσαρες
1578 822 1632 857 (6)·
1652 823 1702 858 μία
1723 823 1781 858 μὲν,
1832 825 1872 855 είς

1079 867 1164 902 ὄνομα
1173 867 1311 900 Μωῦσέως
1327 868 1464 904 φερομένη
1475 876 1481 882 ·
1496 869 1610 905 δευτέρα
1625 869 1664 902 δὲ,
1680 870 1697 904 ἡ
1711 869 1758 895 τοῦ
1775 869 1873 896 καλου-

1082 913 1161 949 μένου
1182 913 1363 941 Ῥαϐϐιακιὸά
1374 923 1381 929 ·
1405 915 1495 950 τρίτη,
1516 915 1609 946 Ἀδδὰ,
1627 915 1686 950 ἤτοι
1701 916 1784 942 Ἰούδα
1795 923 1802 930 ο
1826 924 1872 942 τε-

1080 960 1179 995 τάρτη,
1201 960 1255 987 τῶν
1269 961 1334 987 υἱῶν
1356 961 1554 997 Ἀσαμωναίου,
1573 962 1648 988 Ἐπεὶ
1662 962 1712 988 ποῦ
1732 962 1813 997 ἔχεις,
1825 971 1872 996 φι-

1077 1006 1181 1033 λόνεικε
1195 1007 1242 1034 καὶ
1256 1007 1428 1034 ἀκατάστατε
1450 1007 1499 1043 τὴν
1518 1007 1642 1043 γνώμην,
1664 1008 1748 1042 δεῖξαι
1766 1009 1794 1035 ὲν
1810 1011 1872 1041 ταῖς

1078 1052 1158 1079 πέντε
1174 1052 1276 1087 βίϐλοις
1286 1054 1336 1089 τῆς
1346 1054 1533 1089 Πεντατεῦχου
1549 1056 1595 1080 καὶ
1613 1053 1680 1080 Θεοῦ
1697 1054 1870 1090 νομοθεσίας,

1077 1098 1117 1124 ὅτι
1132 1098 1235 1134 ἐρρήθη
1257 1099 1271 1124 ὁ
1291 1098 1379 1133 λόγος,
1400 1099 1414 1125 ὁ
1434 1098 1508 1133 παρὰ
1527 1098 1564 1132 τῷ
1584 1099 1689 1134 Σωτῆρι
1708 1099 1870 1134 εἰρημένοςο

1077 1143 1088 1160 ⁸
1101 1144 1178 1178 Ἑρεῖ
1189 1143 1228 1178 τῷ
1241 1145 1328 1178 πατρὶ
1344 1144 1438 1171 αὑτοῦ
1453 1145 1578 1178 Κορϐάν,
1588 1144 1604 1170 ὅ
1615 1144 1683 1171 ἐστιν
1698 1143 1804 1178 δῶρον,
1814 1145 1871 1171 οὐκ

1076 1189 1305 1224 ὠφεληθήσεται
1319 1199 1345 1217 τι
1363 1191 1397 1223 ἐξ
1411 1191 1523 1222 αὐτοῦ;
1540 1191 1610 1217 Ἀλλ’
1625 1191 1673 1217 οὐκ
1688 1191 1870 1226 Ξχειςδεῐξαι.

1078 1236 1150 1272 ’Ἄρα
1161 1236 1226 1271 γοῦν
1241 1237 1353 1270 ἐξέπεσέ
1366 1246 1412 1263 σου
1426 1237 1535 1271 ὁλόγος,
1547 1237 1593 1264 τοῦ
1610 1239 1732 1273 ῥήματος
1749 1238 1871 1273 οὐδαμοῦ

1073 1283 1107 1318 τῇ
1121 1281 1298 1317 Πεντατεύχῳ
1311 1282 1511 1318 ὲμφερομένου,
1524 1283 1571 1309 καὶ
1585 1283 1674 1318 μάτην
1691 1283 1740 1319 τὴν
1755 1284 1808 1310 ὑπὸ
1822 1284 1870 1311 σοῦ

1075 1328 1255 1365 ὴπατημένην
1273 1329 1385 1364 Φλώραν
1407 1329 1573 1363 ὲφάντασας.
1597 1329 1638 1356 Τὰ
1661 1329 1688 1356 δὲ
1711 1330 1763 1356 ὑπὸ
1784 1331 1870 1357 Μωῦ-

1076 1375 1145 1406 σέως
1161 1375 1212 1402 οὐκ
1234 1375 1312 1407 ἐκτὸς
1337 1374 1384 1401 τοῦ
1406 1375 1474 1401 θεοῦ
1502 1376 1549 1402 καὶ
1578 1375 1649 1402 αὐτὰ
1675 1376 1870 1412 ἐνομοθετήθη,

1074 1420 1142 1448 ἀλλά
1156 1422 1189 1448 ἐκ
1203 1420 1249 1448 τοῦ
1266 1421 1333 1448 Θεοῦ
1349 1421 1394 1448 διὰ
1407 1422 1556 1454 Μωΰσέως,
1572 1422 1585 1448 ὃ
1603 1422 1649 1448 καὶ
1671 1422 1701 1454 ἐξ
1719 1423 1804 1458 αὐτῆς
1818 1423 1870 1457 τῆς

1072 1467 1121 1493 τοῦ
1131 1467 1256 1503 Σωτῆρος
1263 1468 1427 1503 ἐπικρίσεως
1440 1468 1585 1495 δείκνυται.
1597 1469 1686 1501 Αὐτὰς
1694 1469 1748 1505 γὰρ
1755 1469 1787 1501 ἃς
1797 1478 1870 1505 παρ-

1073 1513 1176 1548 ήγαγες
1198 1513 1362 1548 μαρτυρίας,
1378 1514 1448 1540 κατᾶ
1471 1514 1568 1541 σαυτοῦ
1588 1515 1798 1550 ὲπισυνήγαγες.
1813 1515 1869 1541 Φά-

1074 1567 1133 1586 σκει
1154 1559 1208 1594 γὰρ
1227 1560 1241 1585 6
1259 1559 1361 1594 Κύριος
1385 1561 1414 1586 ἐν
1433 1560 1471 1595 τῷ
1490 1561 1656 1596 Εὑαγγελίῳ.
1675 1562 1716 1587 ὅτι
1739 1560 1870 1596 Μωῡσῆς

1073 1604 1185 1640 ἔγραψε
1202 1605 1277 1632 κατὰ
1293 1605 1350 1640 τὴν
1363 1607 1608 1642 σκληροκαρδίαν
1619 1607 1715 1642 ὑμῶν.

1109 1696 1141 1723 Ὃ
1152 1696 1180 1722 δὲ
1199 1695 1302 1732 ἔγραψε
1319 1697 1448 1733 Μωῡσῆς,
1464 1698 1514 1724 οὐκ
1530 1697 1609 1729 ἐκτὸς
1629 1697 1781 1733 βουλήσεως
1797 1697 1866 1725 Θεοῦ

1070 1741 1205 1777 ἔγραψεν·
1230 1734 1297 1769 ἀλλὰ
1323 1744 1355 1770 ὲκ
1382 1743 1541 1779 Πνεύματος
1568 1744 1645 1778 ἁγίου
1673 1744 1865 1779 ἐνομοθέτησε.

1069 1788 1150 1822 Λέγει
1169 1789 1222 1824 γὰρ
1246 1790 1260 1815 ὁ
1285 1789 1386 1824 Κύριος
1411 1790 1439 1816 ὲν
1459 1789 1498 1825 τῷ
1518 1789 1692 1825 Εὑαγγελίῳ·
1711 1791 1745 1816 "0
1759 1792 1776 1817 ὀ
1794 1790 1868 1824 Θεὸς

1070 1833 1264 1866 συνέζευξεν.
1291 1834 1446 1869 ἄνθρωπος
1471 1835 1514 1870 μὴ
1540 1834 1691 1870 χωριζέτω.
1722 1836 1778 1863 Καὶ
1806 1836 1868 1869 πῶς

1070 1878 1222 1913 συνέζευξε,
1245 1879 1367 1915 διεξῆλθε
1383 1880 1414 1907 τὸ
1434 1881 1519 1916 ῥῆμα,
1536 1882 1579 1908 ἵνα
1599 1882 1740 1917 μάθωμεν,
1761 1883 1865 1917 λέγων·

1074 1925 1154 1952 Ἀντὶ
1172 1926 1279 1952 τούτου
1302 1927 1479 1961 καταλείψει
1501 1927 1657 1961 ἄνθρωπος
1679 1929 1733 1955 τὸν
1751 1928 1867 1963 πατέρα

1068 1971 1174 2002 αὑτοῦ.
1193 1972 1242 1998 καὶ
1260 1972 1481 2006 κολληθήσεται
1501 1973 1538 2008 τῇ
1555 1975 1675 2009 γυναικὶ
1691 1975 1797 2009 αὑτοῦ,
1814 1977 1865 2003 καὶ

1067 2016 1190 2043 ἔσονται
1210 2019 1237 2045 οἱ
1258 2017 1312 2045 δύο
1338 2020 1381 2052 εἷς
1402 2018 1502 2053 σάρκα
1521 2020 1605 2054 μίαν.
1629 2020 1694 2048 Εῐτα
1717 2023 1864 2058 ἐπιφέρει,

1067 2062 1154 2097 λέγων
1164 2071 1170 2077 ·
1187 2064 1222 2090 ⁸0
1235 2061 1292 2090 οὖν
1303 2065 1319 2090 ὁ
1331 2064 1402 2098 Θεὸς
1425 2065 1616 2099 συνέζευξεν,
1646 2067 1801 2101 ἄνθρωπος
1819 2068 1864 2102 μὴ

1067 2108 1319 2143 χωριζέτω·καίτοι
1333 2118 1364 2144 γε
1373 2111 1490 2146 οὐδαμοῦ
1502 2111 1549 2138 τοῦ
1569 2113 1673 2149 Κυρίου
1692 2113 1772 2140 τοῦτο
1788 2115 1866 2150 εἰρη-

1066 2154 1154 2186 κότος,
1179 2156 1296 2190 ὁπηνίκα
1318 2156 1362 2183 τὺν
1385 2157 1469 2192 Ἀδὰμ
1492 2158 1538 2184 καὶ
1559 2158 1610 2194 τὴν
1635 2158 1706 2186 Εὔαν
1733 2159 1863 2192 ἔπλασεν,

1066 2201 1082 2236 ἢ
1105 2201 1202 2236 μόνον·
1229 2201 1406 2237 Ποιήσωμεν
1429 2203 1508 2237 αὐτῷ
1533 2205 1597 2232 κατ’
1620 2205 1714 2232 αὐτὸν
1734 2205 1862 2240 βοηθόν.

1031 2260 1056 2290 D
1075 2247 1154 2274 Ἀλλὰ
1168 2247 1246 2274 τοῦτο
1269 2249 1321 2275 ὑπὸ
1338 2249 1384 2276 τοῦ
1406 2250 1491 2286 Ἀδὰμ
1509 2251 1630 2287 εἴρηται·
1649 2252 1690 2278 ὅτι
1711 2252 1809 2288 ἀνέστη
1830 2252 1864 2279 ἐκ

1066 2293 1113 2320 τοῦ
1130 2293 1224 2327 ὕπνου,
1239 2294 1286 2321 καί
1315 2293 1390 2322 εἶπεε
1418 2297 1507 2324 Τοῦτο
1529 2297 1588 2324 νῦν
1610 2297 1723 2325 ὀστοῦν
1744 2298 1778 2324 ἐκ
1803 2298 1863 2325 τῶν

1067 2339 1166 2366 ὀστῶν
1180 2349 1250 2375 μου,
1265 2342 1312 2368 καὶ
1333 2342 1412 2377 σὰρξ
1433 2343 1467 2370 ἐκ
1480 2342 1534 2378 τῆς
1553 2344 1667 2378 σαρκός
1686 2352 1763 2378 μου’
1784 2344 1861 2379 αὕτη

1067 2386 1250 2420 κληθήσεται
1265 2388 1353 2422 γυνὴ,
1370 2388 1414 2415 ὅτι
1433 2389 1467 2416 ἐκ
1483 2389 1546 2424 [toﬁ
1556 2390 1666 2424 ἀνδρὸς
1679 2389 1776 2424 αὐτῆς
1790 2390 1861 2425 ἐλή-

1053 2434 1125 2466 ’φθη
1146 2432 1233 2467 αὕτη.
1249 2431 1316 2460 Εἶτά
1339 2443 1436 2469 φησιν·
1457 2435 1537 2462 Ἀντὶ
1557 2435 1664 2462 τούτου
1684 2435 1860 2470 καταλείψει

1063 2477 1219 2512 ἄνθρωπος
1237 2479 1291 2507 τὸν
1303 2480 1416 2515 πατέρα
1431 2481 1524 2508 αὐτοῦ
1540 2481 1590 2507 καὶ
1604 2481 1661 2515 τὴν
1672 2481 1788 2518 μητέρα
1804 2483 1860 2509 αὐ-

1062 2523 1127 2554 τοῦ,
1153 2524 1203 2550 καὶ
1227 2525 1450 2560 κολληθήσεται
1474 2525 1512 2560 τῇ
1534 2526 1653 2561 γυναικὶ
1679 2527 1783 2559 αὑτοῦ,
1807 2527 1858 2554 καὶ

1062 2568 1186 2596 ἔσονται
1199 2571 1226 2597 οἱ
1237 2570 1291 2598 δύο
1303 2572 1347 2604 εἱς
1361 2571 1461 2606 σάρκα
1470 2572 1555 2607 μίαν.
1580 2573 1616 2599 Οὐ
1627 2571 1674 2599 τοῦ
1689 2572 1756 2599 Θεοῦ
1768 2573 1858 2600 τοίνυν

259 2635 266 2650 '
282 2634 366 2664 Marc.
382 2644 428 2668 vn,
445 2636 490 2664 il.
526 2639 536 2653 ²
557 2637 640 2666 Matth
671 2648 728 2673 xIx,
742 2641 758 2668 8
772 2649 832 2677 sqq.
871 2644 881 2659 ³
894 2642 962 2673 Gen.
983 2653 1013 2678 ll,
1029 2646 1045 2674 8
1068 2655 1129 2683 sqq.
1168 2648 1179 2664 ⁸
1195 2648 1275 2677 Deest
1291 2650 1330 2682 ὃς.

255 2693 294 2729 (ϐ)
314 2693 383 2736 Είσὶ
396 2693 430 2721 δὲ
443 2692 532 2736 αὗται
550 2696 707 2736 τεσσαρεςἶ
723 2700 847 2736 Quatuor
862 2703 933 2736 apud
959 2701 1013 2730 lle-

220 2729 308 2757 brzcas
331 2729 542 2772 Aeutsptbcawv',
560 2732 618 2772 sive
638 2729 816 2772 traditionem
832 2729 937 2772 gen-era
952 2729 1014 2772 per-

219 2768 315 2805 eenset
332 2765 364 2805 :_i
376 2769 442 2805 “est
460 2766 533 2805 quod
560 2767 645 2805 Moysi
670 2765 851 2805 inscribitur";
877 2771 895 2798 ‘2
924 2765 1014 2801 Βελιὠὶ

221 2799 326 2837 ᾼξιὶὺῃ
342 2801 358 2827 5
376 2799 409 2827 R.
427 2799 516 2837 Adda,
547 2799 613 2830 sive'
626 2803 696 2830 Juda
708 2813 715 2837 ;
729 2805 746 2832 4
761 2799 1011 2837 Assamonzearum.

222 2833 345 2877 Fingunt
368 2840 459 2877 autem
481 2836 592 2872 Moysen
605 2839 641 2877 βο
666 2833 847 2877 illisrdiebus,
865 2833 1013 2877 quibusin

220 2874 314 2899 monte
334 2872 476 2907 constitit,
493 2877 592 2908 praeter
606 2874 692 2910 legem
705 2895 712 2908 ,
729 2876 795 2912 legis
811 2872 1012 2915 interpretatio-

1063 2706 1291 2745 nem‘accepisse,
1307 2715 1422 2743 eamque
1436 2707 1511 2745 LX)"
1518 2708 1701 2745 Senioribus,
1718 2708 1769 2737 bas
1785 2709 1856 2745 [pro-

1065 2741 1174 2779 pltetis,
1191 2741 1241 2770 hos
1255 2741 1403 2779 Synagogle
1424 2743 1580 2771 tradidisse.
1604 2744 1680 2771 Hanc
1703 2741 1856 2779 legi-fcer-

1064 2777 1199 2815 ruptelam
1227 2778 1317 2813 potius
1327 2798 1334 2809 ,
1352 2777 1704 2815 quaminterpretaticnem
1718 2777 1855 2815 appellant

1064 2825 1102 2861 [ID
1122 2814 1203 2854 51:11::
1220 2828 1313 2861 .‘mn,
1324 2824 1405 2861 legem
1418 2833 1477 2860 qua:
1495 2814 1540 2852 ore
1555 2825 1655 2852 tradita
1671 2826 1716 2859 sit,
1731 2814 1856 2861 tantique

1063 2857 1168 2886 facmnt
1183 2879 1190 2892 ,
1217 2863 1246 2887 ut
1262 2859 1314 2896 ipsi
1333 2857 1379 2887 Dei
1396 2857 1477 2888 verbo
1499 2860 1694 2896 prafercndam
1710 2857 1853 2890 censeant.
