1961 3046
107 171 149 199 ὅτε

108 230 187 256 τοῦτο
203 229 338 259 εἰπόντος,
357 228 403 254 τοῦ
420 228 448 255 δὲ
471 229 557 263 Ἀδὰμ
577 228 728 264 εἰρηκότος,
739 227 786 254 τοῦ
802 227 905 263 Κυρίου

108 276 138 302 δὲ
162 275 414 311 ἐπιμαρτυροῦντος
444 276 472 301 ὲν
495 274 534 310 τῷ
561 274 719 309 Εὖαγγελίῳ
742 274 810 300 Θεοῦ
837 271 907 300 εἶναι

109 322 140 348 τὸ
161 322 249 357 ῥῆμα,
273 321 305 347 τὸ
324 321 370 348 διὰ
390 321 437 347 τοῦ
461 320 548 355 Ἀδὰμ
572 319 727 355 εἰρημένον,
749 320 798 345 ἀπ’
823 319 909 354 αὐτῆς

109 368 159 402 τῆς
179 367 335 399 ὑποθέσεως
356 367 468 400 ἔδειξεν,
488 367 530 393 ὅτι
547 367 606 392 ἐκεῖ
631 365 680 401 μὲν
700 365 786 401 ’Λδὰμ
803 366 908 401 εἴρηκε,

109 413 179 440 Θεοῦ
194 413 222 439 δὲ
237 412 362 448 βούλησις
378 412 537 447 ἐφθέγγετο.
552 412 607 438 Καὶ
620 408 670 438 ὧδε
686 412 699 437 ὁ
715 410 835 445 Μωῡσῆς
853 411 909 435 ένο-

113 459 258 494 μοθέτησε,
279 458 346 486 Θεοῦ
377 458 453 493 αὐτῷ
477 457 708 491 καταγγείλαντος
732 457 782 492 τὴν
799 455 911 490 νομοθε-

112 505 185 532 σίαν.
199 505 255 532 Καὶ
266 502 346 532 αὗται
362 505 411 540 μὲν
424 504 476 539 ἥδη
501 504 530 531 αἱ
550 503 597 529 δύο
613 511 659 530 σου
673 501 760 534 λέξεις
774 501 910 535 διέπεσον,

112 553 159 578 καὶ
172 552 202 578 οὺ
216 551 368 588 πόρρωθεν,
388 550 457 577 ἀλλὰ
477 550 524 576 ἀπ’
539 549 626 583 αὐτῆς
639 548 690 583 τῆς
706 549 840 584 χρήσεως.
856 547 912 574 Καὶ

111 598 154 624 ὃτι
183 597 231 632 μὲν
248 596 395 633 νομοθεσία
420 596 488 623 Θεοῦ
508 596 576 628 ἐστι,
599 594 680 621 τοῦτο
699 594 788 629 δῆλον.
805 594 912 620 Παντα-

113 643 162 679 χοῦ
177 643 206 670 δὲ
220 643 285 676 Θεὸς
300 643 443 679 νομοθετεῖ
455 642 489 669 τὰ
508 643 556 678 μὲν
575 642 615 673 είς
635 641 758 677 χρόνους,
773 640 807 667 τὰ
825 640 853 666 δὲ
872 639 913 671 εἱς

113 690 226 722 τύπους,
249 691 284 718 τὰ
304 691 332 718 δὲ
355 692 395 723 εὶς
417 690 590 725 ἀποκάλυψιν
608 689 662 716 τῶν
684 688 835 725 μελλόντων
853 687 907 714 ἔσε-

113 739 177 765 σθαι
193 738 315 773 ἀγαθῶν,
333 735 370 765 ὧν
386 736 471 764 ἐλθὼν
484 737 498 763 ό
510 736 613 773 Κύριος
630 736 709 771 ἡμῶν
730 734 832 770 Ἰησοῦς
847 735 912 769 Χρι-

114 787 177 818 στὸς
194 786 277 818 ἔδειξε
289 786 338 821 τὴν
352 785 492 820 πλήρωσιν
504 784 534 811 ὲν
547 783 587 819 τῷ
602 782 770 817 Εὑαγγελίιρ.

151 834 179 860 l'.
201 833 241 859 Τὰ
265 833 294 859 δὲ
313 833 362 868 τῆς
392 832 469 868 παρὰ
489 831 530 858 σοὶ
551 831 648 866 ἐτέρας
671 830 739 856 θεῶν
754 828 914 865 διαιρέσεως

113 880 197 916 τριχῆ
233 879 314 906 πάλιν
346 878 529 914 διαιρεθείσης
559 876 747 909 ὲπαναλαϐὼν,
772 876 820 902 καὶ
843 875 913 902 αὐτὰ

467 171 651 199 ADVEItSUS
671 169 843 198 llA‘IftESES
862 170 925 197 LIB.
948 170 967 198 1.
991 169 1073 197 T0.\l.
1095 169 1126 196 ll.
1148 184 1182 189 -—
1202 167 1340 196 IlAlllES.
1359 167 1478 195 XXXIIL

1700 163 1754 192 574

923 233 942 258 Α
958 228 1069 262 quidem
1084 234 1143 258 ore,
1155 226 1203 254 sed
1212 226 1258 254 Dei
1272 233 1334 254 esse
1346 226 1484 253 voluntate
1493 224 1610 260 prolata.
1621 223 1754 251 Similiter

961 278 988 301 et
997 273 1104 310 Moyses
1117 273 1203 308 legem
1219 272 1317 304 edidit,
1331 279 1426 308 quam,
1436 271 1559 299 dictante
1573 271 1698 303 Domino,
1714 269 1754 296 di-

960 321 1075 347 dicerat.
1092 319 1184 352 Quare
1199 319 1254 346 duo
1283 319 1328 346 illa
1355 322 1446 346 tamen
1464 319 1545 346 verba
1572 325 1625 344 non
1654 316 1752 352 procul

961 365 1103 393 arcessitis
1132 364 1298 396 rationibus,
1326 363 1373 391 sed
1395 371 1445 390 usu
1463 362 1660 398 propemodum
1681 362 1752 396 ipso.

961 418 993 438 ac
1007 411 1158 446 prolatione
1178 409 1368 438 conciderunt.
1389 410 1493 436 Etenim
1508 409 1582 436 illam
1596 416 1610 435 a
1621 407 1676 435 Deo
1689 415 1756 442 pro-

963 457 1062 485 lectam
1092 466 1154 486 esse
1190 457 1276 492 legem
1312 456 1414 484 nemini
1444 456 1592 483 obscurum
1622 454 1753 482 arbitror.

964 504 1037 532 ldem
1055 505 1100 532 ille
1116 512 1181 532 vero
1201 504 1302 539 ubique
1317 503 1465 530 decernere
1481 502 1560 534 solet,
1577 501 1676 537 partim
1693 508 1754 536 qua:

963 551 1135 586 temporibus
1162 553 1330 585 congruunt,
1357 549 1456 584 partim
1482 556 1543 584 qua:
1569 547 1653 575 certis
1674 547 1757 576 rebus

964 597 1162 624 adumbrandis
1183 596 1318 628 serviunt,
1338 595 1437 630 partiu.
1455 595 1556 630 quibus
1575 593 1668 622 futura
1683 595 1756 622 bona

965 644 1158 676 declarantur;
1176 651 1237 678 qua:
1264 643 1291 670 in
1318 642 1467 677 Evangelio
1495 641 1606 669 demum
1637 641 1757 669 adventu

965 697 1015 717 suo
1029 689 1158 718 Christus
1171 687 1391 717 .lesusDominus
1405 691 1499 715 noster
1513 687 1647 722 implevit.

998 822 1034 851 Χ.
1054 822 1139 850 Venio
1155 822 1211 858 jam
1235 821 1267 849 ad
1287 822 1400 849 alteram
1422 820 1495 848 illam
1522 819 1676 848 institutam
1698 826 1712 846 a
1734 822 1761 846 te

965 869 1075 897 deorum
1089 869 1223 904 triplicem
1238 867 1429 899 dillerenliam,
1446 874 1528 902 quam
1542 866 1636 894 eadem
1654 865 1762 892 ratione

113 926 194 959 δείξω
211 926 287 961 παρὰ
307 925 349 952 σοὶ
375 923 649 959 σεσυκοφαντημένα,
669 923 716 949 καὶ
732 923 782 949 οὑκ
802 921 865 950 ἄλλο
883 930 909 948 τι

979 916 1132 944 alumniose
1164 915 1308 942 eonlictam
1334 922 1412 946 esse,
1442 919 1523 949 teque
1545 913 1572 940 id
1594 911 1668 948 quod
1686 912 1761 948 plani

114 973 144 1000 ὂν
158 972 226 1000 ἀλλὰ
240 971 338 1007 γόητος
354 971 385 998 τὺ
397 970 488 1007 ἔργον.
502 970 581 1001 Ποῖος
591 969 644 1004 γὰρ
660 970 725 1004 ἡμῖν
741 968 831 1004 τρίτος
845 968 910 999 Θεὸς

116 1019 260 1054 πάρεστιν,
278 1018 311 1044 ἐκ
339 1016 387 1043 δύο
402 1015 545 1048 συσταθεὶς
564 1016 752 1051 ὀμοιομάτων,
782 1014 829 1041 καὶ
854 1012 910 1040 οὗθ’

115 1065 210 1100 ἕτερος
225 1062 263 1090 ὢν
274 1062 328 1089 τῶν
342 1061 470 1095 δύο,οὕτε
482 1061 531 1097 τὴν
540 1060 639 1087 κακίαν
652 1060 721 1095 ἔχων
734 1059 780 1087 καὶ
794 1058 911 1090 ἀδικίαν,

115 1110 154 1141 ὡς
170 1110 249 1144 ἔφης,
264 1108 326 1135 οὒτε
355 1108 405 1144 τὴν
422 1107 581 1143 ἀγαοότητα
594 1107 641 1133 καὶ
661 1105 793 1141 φωτεινὴν
807 1104 911 1136 οὐσίαν,

119 1156 282 1192 μεσαίτατος
296 1156 324 1182 δὲ
338 1155 375 1181 ὢν
389 1155 511 1187 δίκαιος;
525 1154 580 1181 Καὶ
589 1154 642 1189 γὰρ
656 1153 763 1188 ἀληθῶς
775 1152 913 1187 ἀλλότριος

117 1203 156 1230 ὢν
173 1203 264 1238 πάσης
276 1201 460 1237 δικαιοσύνης,
476 1200 589 1232 εἰκότως
611 1200 718 1234 ἀγνοεῖς
732 1199 758 1225 τί
774 1198 840 1224 ποτέ
856 1198 913 1224 ἐστι

117 1249 286 1284 δικαιοσύνη,
299 1248 395 1284 ἑτέραν
408 1248 494 1283 αὐτὴν
511 1247 587 1282 παρὰ
603 1246 651 1282 τὴν
664 1245 821 1281 ἀγαθότητα
836 1244 913 1279 νομί-

120 1296 185 1328 ζων.
207 1295 278 1322 Πολὺ
304 1295 332 1322 δὲ
346 1294 509 1330 ὲλεγχθήσῃ,
525 1291 548 1320 ὦ
568 1292 712 1329 ρᾳδιουργὲ
728 1292 775 1319 καὶ
793 1291 915 1325 ἀλλότριε

119 1342 170 1377 τῆς
183 1341 323 1377 ἀληθείας.
336 1340 492 1377 Οὑδαμόθεν
506 1340 561 1377 γὰρ
573 1340 678 1375 γίνεται
687 1339 717 1366 τὸ
730 1338 844 1370 δίκαιον,
859 1337 915 1363 ἀλλ’

121 1389 151 1422 ἐξ
161 1389 330 1425 ἁγαθότητος
339 1398 345 1404 ·
364 1389 412 1416 καὶ
420 1389 480 1415 οὐδὲ
495 1388 582 1419 ἄλλως
593 1396 634 1419 τις
646 1387 787 1422 γενήσεται
805 1385 916 1420 ἀγαθὸς,

121 1435 147 1461 εἰ
164 1433 230 1472 μὴῇ
247 1424 361 1466 δίκαιος.
380 1434 463 1462 Ὅθεν
484 1434 531 1460 καὶ
547 1424 657 1469 Κῦριος,
677 1430 795 1458 ἐπαινῶν
813 1430 862 1465 τὴν
880 1438 918 1456 νο-

124 1481 255 1516 μοθεσίαν
265 1480 313 1507 καὶ
326 1480 390 1512 τοὺς
409 1480 493 1515 αὐτῆς
510 1476 643 1511 δικαίους,
665 1479 741 1512 έλεγε
752 1487 758 1493 ·
774 1477 919 1512 Κοσμεῖτε

122 1527 195 1560 τοὺς
213 1527 327 1561 τάφους
347 1526 406 1553 τῶν
424 1525 596 1561 προφητῶν,
619 1526 667 1552 καὶ
690 1523 870 1559 οἰκοδομεῖτε
884 1523 920 1550 τὰ

119 1572 253 1608 μνημεῖα
271 1572 330 1600 τῶν
348 1572 480 1606 δικαίων,
499 1572 549 1599 καὶ
567 1573 594 1599 οἱ
612 1571 735 1606 πατέρες
770 1570 849 1605 ὑμῶν
864 1570 920 1597 ἀπ-

123 1621 263 1648 έκτειναν
279 1620 402 1653 αὐτούς.
422 1619 508 1646 Πόθεν
523 1619 551 1645 δὲ
568 1618 696 1653 γεγόνασι
717 1617 857 1653 προφῆται
874 1616 920 1642 καὶ

123 1667 224 1693 δίκαιοι
236 1666 292 1693 ἀλλ’
312 1666 329 1701 ἢ
344 1665 398 1692 ἀπὸ
416 1665 466 1700 τῆς
481 1665 528 1692 τοῦ
544 1664 650 1700 [ἰατρὸς
668 1663 851 1698 ἁγαθότητος;
867 1661 922 1688 Καὶ

125 1713 171 1739 ῐνα
189 1712 275 1749 δείξῃ,
290 1712 331 1738 ὅτι
348 1712 376 1738 ὲν
386 1711 425 1746 τῷ
442 1711 520 1747 μέρει
540 1711 589 1746 τῆς
605 1709 773 1744 ἀγαθότητος
791 1709 805 1734 ὁ
820 1707 922 1738 δίκαιος

125 1758 252 1793 ἔστηκεν,
264 1757 372 1791 ἔλεγεν·
395 1757 506 1791 Ὅμοιοι
524 1756 648 1791 γένεσθε
667 1754 708 1788 τῷ
729 1753 821 1788 Πατρὶ
840 1751 924 1787 ὑμῶν

126 1805 168 1838 τῷ
179 1806 214 1832 ἐν
227 1805 290 1838 τοῖς
304 1805 453 1839 οὐρανοῖς,
471 1804 515 1831 ὅτι
525 1804 684 1831 ἀνατέλλει
698 1803 751 1829 τὸν
767 1802 856 1835 ἣλιον
870 1802 924 1828 αὐ-

128 1852 183 1879 τοῦ
207 1851 257 1878 ἐπὶ
278 1851 408 1886 ἀγαθοὺς
432 1851 481 1878 καὶ
504 1849 666 1884 πονηροὺς,
691 1849 739 1875 καὶ
750 1847 855 1882 ,βρέχει
875 1846 925 1874 ἐπὶ

128 1898 267 1930 δικαίους
286 1897 335 1924 καὶ
353 1896 493 1929 ἀδίκους·
512 1895 556 1922 ἵνα
568 1895 643 1931 δείξῃ
658 1894 688 1920 τὸ
701 1894 802 1920 δίκαιον
815 1892 925 1927 ἀγαθὸν,

131 1944 180 1972 καὶ
203 1944 233 1970 τὸ
260 1943 363 1978 ἀγαθὸν
378 1942 493 1975 δίκαιον,
509 1942 557 1970 καὶ
573 1941 603 1968 τὸ
619 1940 737 1976 πονηρὸν
760 1939 862 1973 ἄδικον,
882 1939 928 1965 καὶ

131 1991 162 2017 τὸ
178 1991 269 2018 ἄδικον
284 1989 413 2026 πονηρόν.

168 2037 224 2072 Τὴν
250 2036 279 2063 δὲ
306 2035 456 2070 ἐπιπλοκὴν
468 2035 500 2070 ἢν
519 2034 588 2070 ἔφης
603 2033 650 2060 τοῦ
663 2033 757 2068 νόμου,
772 2032 802 2059 οὑ
816 2032 930 2059 δύνασαι

133 2083 283 2115 ἀποδεῖξαι.
315 2082 416 2113 Ἐάλως
436 2081 491 2117 γὰρ
506 2080 681 2115 συκοφαντῶν
695 2080 741 2106 τὸν
758 2079 851 2114 νόμον,
870 2079 931 2104 ἐπι-

133 2130 238 2165 πλοκὴν
254 2137 314 2155 τινα
339 2127 415 2163 αὐτῷ
436 2127 610 2163 προσάπτων,
628 2125 673 2152 διὰ
687 2125 718 2151 τὸ
734 2124 872 2160 εἰρηκέναι
886 2123 932 2150 τὸν

133 2175 233 2210 νόμον·
260 2172 427 2208 Ὀφθαλμὸν
454 2171 521 2200 ἀντὶ
548 2170 722 2206 ὀφθαλμοῦ,
752 2169 798 2198 καὶ
826 2169 933 2196 ὀδόντα

134 2221 201 2248 ἀντὶ
215 2220 338 2253 ὀδόντος
348 2228 356 2235 ·
385 2219 433 2246 καὶ
465 2218 559 2253 ἐπειδὴ
580 2216 687 2252 φονεύει
701 2217 716 2243 ὁ
731 2216 812 2251 νόμος
827 2215 872 2242 τὸν
885 2222 934 2248 φο-

135 2267 243 2302 νευτήν-
264 2265 345 2292 Ἀλλὰ
358 2265 387 2298 ἐξ
402 2264 488 2300 αὐτῆς
503 2264 552 2299 τῆς
568 2263 615 2290 τοῦ
629 2263 731 2299 Κυρίου
747 2262 825 2297 ἡμῶν
846 2260 932 2297 Ἰησοῦ

136 2312 256 2349 Χριστοῦ
269 2311 460 2348 πραγματείας
475 2310 659 2345 δειχθήσεται,
672 2309 712 2335 ὅτι
728 2309 778 2335 οὐκ
795 2307 930 2342 έπιπλοκή

135 2368 178 2391 τις
192 2357 236 2395 ἦν,
251 2358 309 2386 ἀλλ’
325 2359 341 2394 ἡ
361 2357 430 2393 αὑτὴ
441 2355 476 2392 ἦν
495 2356 651 2393 νομοθεσία,
669 2355 716 2382 καὶ
735 2355 765 2381 τὸ
778 2354 844 2380 αὐτὸ
857 2354 932 2389 ὲνερ-

138 2407 181 2439 γεί
194 2406 227 2440 τῇ
248 2404 300 2431 ὑπὸ
317 2403 364 2430 τοῦ
377 2403 503 2438 Σωτῆρος
516 2401 651 2438 εἰρημένῃ
670 2399 774 2436 ἐντολῇ,
799 2399 841 2430 τὸ,
864 2397 932 2424 Ὲιίν

138 2452 185 2485 τίς
197 2458 234 2478 σε
247 2449 386 2484 τυπτήσῃ
402 2449 446 2482 εἰς
462 2448 519 2483 τὴν
530 2448 634 2479 δεξιὰν
648 2446 784 2481 σιαγόνα,
797 2443 932 2478 στρέψον

139 2496 220 2530 αὐτῷ
253 2496 303 2524 καὶ
324 2495 383 2528 τὴν
413 2495 524 2527 ἄλλην.
546 2493 601 2521 Καὶ
616 2493 631 2519 ὁ
644 2491 727 2527 νόμος
743 2490 827 2517 πάλαι
856 2488 935 2515 τοῦτο

141 2542 334 2575 κατεσκεύαζε,
365 2541 468 2576 λέγων·
489 2539 657 2575 Ὀφθαλμὸν
677 2537 744 2566 ἀντὶ
768 2534 935 2571 ὀφθαλμοῦ,

141 2588 264 2615 τουτέστι
275 2587 389 2623 στρέψον
418 2586 493 2622 αὐτῷ
518 2586 568 2622 τὴν
597 2584 718 2619 σιαγόνα.
735 2583 794 2610 ἰνα
808 2582 863 2618 γὰρ
876 2581 935 2608 δια-

143 2635 225 2670 φύγοι
247 2634 265 2661 ἆ
294 2634 376 2661 πάθοι
396 2633 441 2665 ἂν.
457 2633 481 2659 εί
497 2632 603 2667 πλήξει,
625 2632 738 2666 παρεῖχε
756 2629 805 2664 τὴν
826 2627 938 2662 σιαγόνα

143 2681 182 2717 τῷ
195 2680 332 2712 τύπτοντι,
349 2679 495 2712 εἰδὼς,ὃτι,
511 2679 535 2705 εἰ
549 2677 644 2713 ἀφέλοι
656 2675 806 2713 ὀφθαλμὸν,
823 2674 858 2701 τὰ
870 2673 940 2701 αὐτὰ

144 2727 269 2754 πείσεται
285 2725 331 2753 διὰ
344 2725 390 2753 τόν
404 2725 496 2760 νόμον.

181 2816 233 2845 IA'.
255 2816 300 2848 Ὠς
311 2816 365 2852 γὰρ
380 2817 394 2843 ὁ
405 2817 500 2852 Πατὴρ
510 2815 635 2851 βούλεται
649 2815 787 2842 παιδεύειν
800 2822 834 2840 τα
846 2812 940 2843 τέκνα,

187 2896 195 2913 ⁸
210 2895 305 2926 Matth.
321 2904 399 2929 xxzn,
418 2896 462 2926 29.
500 2897 510 2911 ³
525 2894 619 2923 Matth.
636 2902 662 2927 ν,
677 2893 721 2923 ιδ.
760 2894 769 2909 ³
786 2891 872 2920 Exod.
891 2898 946 2924 ut,

966 962 1084 990 hominis
1109 969 1141 988 ac
1165 960 1311 988 nebulonis
1339 964 1382 987 est
1399 959 1489 994 egisse
1516 958 1661 994 perspicue
1685 965 1762 984 com-

966 1009 1097 1044 probabo.
1123 1007 1223 1042 Ecquis
1247 1006 1319 1033 enim
1342 1005 1439 1033 tertius
1463 1005 1509 1032 ille
1533 1004 1614 1032 nobis
1630 1004 1698 1031 deus
1722 1009 1765 1031 est

966 1055 1067 1090 duplici
1078 1061 1112 1081 ex
1127 1052 1307 1081 similitudine
1323 1051 1468 1083 conﬂatus,
1489 1051 1535 1086 qui
1549 1058 1600 1078 nec
1617 1050 1686 1077 alter
1700 1050 1736 1076 sit
1750 1057 1766 1076 e

966 1101 1084 1133 duobus,
1098 1108 1149 1128 nec
1160 1099 1313 1126 infuscatus
1328 1098 1442 1130 malitia,
1454 1098 1496 1125 vel
1509 1097 1652 1132 injuslitia,
1669 1100 1698 1124 ut
1713 1096 1766 1130 ais,

969 1148 1036 1179 ulla.
1053 1154 1143 1182 neque
1164 1146 1304 1178 bonitate,
1327 1145 1472 1180 lucidaque
1497 1149 1596 1171 natura
1617 1144 1765 1180 praeditus.

969 1193 1017 1221 sed
1039 1192 1122 1220 medii
1138 1191 1283 1226 cujusdam
1307 1191 1344 1219 sit
1360 1191 1467 1218 ordinis
1485 1190 1597 1225 justus?
1611 1189 1650 1217 Ac
1668 1190 1768 1217 merito

969 1244 998 1267 tu
1022 1239 1133 1275 quidem
1160 1240 1195 1266 ab
1211 1237 1286 1265 omni
1311 1241 1434 1265 remotus
1458 1237 1566 1272 justitia
1586 1236 1653 1272 quid
1678 1243 1710 1264 ea
1731 1235 1768 1263 sit

970 1285 1097 1322 ignoras,
1122 1292 1186 1312 cum
1207 1284 1278 1312 hanc
1295 1285 1383 1319 ipsam
1407 1291 1422 1310 a
1440 1283 1563 1310 bonitate
1586 1282 1719 1317 sejungis.
1739 1281 1768 1307 in

970 1338 1035 1366 quo,
1049 1330 1190 1357 hominum
1213 1329 1391 1364 nequissime,
1410 1335 1442 1354 ac
1457 1327 1581 1355 veritatis
1604 1325 1768 1353 inimicissi-

973 1377 1032 1405 me!
1055 1375 1192 1403 manifesti
1218 1374 1322 1402 erroris
1345 1381 1480 1408 argueris.
1495 1371 1554 1400 Non
1569 1372 1642 1399 enim
1659 1369 1770 1398 aliunde

972 1430 1054 1458 quam
1074 1430 1108 1450 ex
1123 1421 1246 1449 bonitate
1266 1419 1340 1455 quod
1353 1420 1459 1454 justum
1476 1417 1646 1453 appellamus
1664 1416 1769 1448 oritur;

974 1478 1061 1505 neque
1080 1469 1225 1504 quisquam
1238 1487 1246 1498 ,
1267 1466 1321 1493 nisi
1338 1465 1408 1493 idem
1435 1467 1524 1491 bonus
1537 1463 1591 1496 sit,
1614 1461 1697 1497 226
1709 1468 1772 1488 esse

972 1516 1064 1552 justus
1082 1515 1192 1550 poterit.
1217 1513 1336 1547 Ideoque
1357 1511 1490 1538 Dominus
1505 1510 1589 1538 Mosis
1613 1509 1702 1544 legem
1720 1514 1772 1535 suo

976 1561 1112 1598 przeconio
1137 1559 1334 1588 commendans
1365 1557 1455 1584 aiebat
1479 1555 1623 1590 :lOmatis
1651 1552 1773 1587 sepulcra

933 1604 954 1632 (ἒ
971 1608 1156 1644 prophetarum
1177 1610 1202 1632 et
1225 1603 1366 1639 azdi/icatis
1388 1602 1551 1629 munimenta
1575 1600 1731 1635 justorum,
1747 1600 1773 1624 et

970 1660 1059 1690 patres
1073 1654 1150 1681 vestri
1166 1651 1316 1679 acciderunt
1327 1649 1388 1676 illas
1402 1649 1421 1676 ι.
1435 1647 1513 1676 Unde
1529 1647 1612 1682 igitur
1624 1645 1772 1681 prophetae,

970 1701 1093 1737 justique
1110 1699 1162 1726 nisi
1177 1706 1191 1725 a
1208 1698 1327 1724 Parente
1344 1694 1476 1723 bonitatis
1490 1691 1675 1721 exstiterunt?
1686 1692 1775 1725 Atque
1800 1712 1801 1715 η

974 1751 1005 1775 ut
1020 1745 1188 1781 intelligeres
1211 1744 1318 1779 justum
1343 1742 1370 1770 in
1397 1740 1530 1768 bonitatis
1544 1744 1622 1775 parte
1641 1736 1748 1765 versari
1765 1746 1772 1764 :

976 1792 1094 1824 Similes,
1107 1791 1155 1821 ait.
1171 1794 1253 1818 estote
1271 1789 1351 1816 Patri
1371 1793 1457 1815 vestro
1474 1787 1519 1822 qui
1534 1786 1562 1813 in
1576 1785 1648 1812 caelis
1659 1789 1713 1816 est,
1730 1783 1776 1819 qui

976 1839 1042 1867 oriri
1055 1838 1122 1874 facit
1135 1837 1216 1864 salem
1229 1844 1306 1863 suum
1324 1843 1402 1869 super
1415 1834 1495 1860 bonos
1511 1837 1535 1859 et
1552 1832 1638 1858 mulos
1648 1851 1656 1863 ,
1669 1834 1695 1857 et
1710 1829 1777 1864 pluit

977 1894 1056 1921 super
1077 1885 1166 1920 justos
1179 1888 1204 1911 et
1224 1882 1340 1916 injustas
1354 1882 1364 1896 '
1378 1890 1384 1907 :
1400 1884 1429 1907 ut
1454 1884 1481 1907 et
1500 1879 1625 1914 justum,
1650 1884 1713 1903 esse
1728 1876 1778 1903 bo-

978 1939 1060 1964 num,
1080 1935 1107 1958 et
1117 1930 1219 1957 bonum
1234 1928 1359 1963 justum,
1372 1931 1399 1953 et
1416 1924 1571 1959 improbum
1588 1921 1734 1956 injustum,
1751 1925 1779 1947 et

979 1978 1113 2013 iniustum
1129 1975 1283 2011 improbum
1297 1981 1358 2000 esse
1371 1974 1549 1999 monstraret.

1015 2021 1084 2049 Nam
1106 2021 1179 2056 quod
1200 2019 1369 2054 implicatam
1389 2021 1416 2044 et
1430 2015 1587 2050 perplexam
1610 2013 1696 2048 legem
1718 2019 1780 2039 esse

981 2067 1141 2099 contendis,
1158 2066 1185 2094 id
1205 2065 1318 2093 omnino
1343 2064 1535 2090 demonstrare
1554 2067 1609 2087 non
1633 2063 1710 2094 potes
1727 2067 1733 2084 :
1748 2065 1781 2084 ac

983 2122 1032 2150 per
1060 2119 1194 2141 summam
1216 2116 1246 2138 ut
1275 2113 1418 2146 appareret
1439 2107 1606 2135 calumniam
1649 2105 1720 2131 hanc
1755 2103 1781 2131 ei

984 2161 1072 2188 labem
1102 2158 1226 2194 aspergis
1252 2166 1285 2184 ex
1317 2165 1350 2185 eo
1371 2156 1444 2191 quod
1479 2155 1515 2182 ita
1543 2154 1586 2181 lex
1614 2152 1780 2188 prmeipiat:

986 2206 1100 2235 Oculum
1114 2213 1162 2240 pro
1174 2204 1261 2236 oculo,
1275 2204 1378 2230 dentem
1394 2210 1441 2237 pro
1459 2202 1535 2228 dente
1552 2200 1580 2233 ³;
1599 2198 1682 2226 simul
1699 2197 1782 2225 etiam

985 2255 1059 2291 quod
1076 2252 1329 2289 parricidamjubet
1344 2249 1471 2277 inlerlici.
1498 2247 1599 2275 Verum
1619 2253 1680 2281 quae
1696 2251 1711 2270 a
1731 2243 1784 2271 Do-

986 2302 1061 2329 mino
1074 2300 1139 2328 Jesu
1153 2300 1218 2327 dum
1233 2299 1336 2326 viveret
1347 2301 1434 2333 gesta,
1447 2294 1695 2327 administrataque
1705 2295 1783 2322 sunt,

985 2346 1209 2375 manifestissime
1226 2344 1425 2373 demonstrant.
1441 2340 1510 2368 nihil
1526 2338 1558 2366 in”
1570 2340 1628 2374 lege
1643 2345 1706 2365 esse
1721 2344 1786 2372 per—

986 2394 1094 2429 plexum
1111 2395 1158 2418 aut
1172 2389 1335 2425 implicitura
1361 2388 1388 2415 in
1413 2394 1490 2419 sese,
1506 2385 1633 2420 idemque
1655 2388 1786 2419 praestare

987 2448 1100 2476 prorsus
1124 2438 1198 2473 quod
1221 2437 1268 2464 illa
1288 2435 1438 2463 Salvatoris
1467 2434 1511 2461 lex
1538 2431 1646 2460 el‘licit’:
1674 2429 1702 2457 Si
1726 2430 1786 2465 quis

986 2486 1144 2522 percusserit
1161 2489 1184 2511 te
1201 2484 1228 2510 in
1242 2482 1365 2510 dextram
1382 2476 1787 2513 maxillam,prtebeillietalla-

989 2542 1046 2560 ram
1064 2532 1083 2558 ⁸.
1100 2531 1177 2565 Quod
1191 2531 1280 2566 ipsum
1300 2529 1340 2556 lex
1357 2528 1422 2556 olim
1436 2526 1561 2554 obtinere
1573 2524 1710 2557 studebat,
1723 2530 1787 2550 cum

989 2579 1027 2606 ita
1049 2578 1209 2614 praeciperet
1230 2586 1237 2603 :
1263 2575 1376 2603 Oculum
1396 2581 1444 2608 pro
1462 2572 1548 2603 oculo,
1567 2575 1633 2602 ete.,
1655 2570 1708 2597 hoc
1729 2572 1787 2599 est,

991 2626 1081 2662 praebe
1099 2624 1136 2651 illi
1158 2623 1306 2650 maxillam.
1320 2620 1387 2647 Nam
1403 2624 1433 2647 ut
1455 2627 1503 2647 eas
1521 2626 1617 2654 plenas
1642 2617 1788 2651 eﬂ'ugeret,

995 2659 1029 2700 ob
1050 2678 1119 2706 quas
1142 2669 1166 2697 si
1188 2670 1342 2704 percuteret
1358 2666 1434 2693 luere
1454 2668 1609 2700 oporteret,
1633 2659 1789 2690 verberanti

995 2717 1133 2745 maxillam
1149 2713 1265 2750 praebuit
1281 2722 1287 2740 :
1303 2713 1375 2740 haud
1394 2712 1507 2747 ignarus
1526 2710 1548 2738 si
1574 2709 1683 2737 oculum
1699 2706 1791 2734 eruis-

996 2768 1048 2794 set,
1065 2762 1136 2790 idem
1153 2762 1204 2790 sibi
1216 2769 1250 2790 ex
1267 2761 1325 2796 lege
1339 2766 1400 2787 esse
1415 2756 1620 2786 sustinendum.

1031 2809 1076 2837 XI.
1094 2810 1183 2845 Atque
1209 2813 1238 2836 ut
1263 2807 1343 2835 Pater
1369 2806 1470 2834 liberos
1489 2803 1531 2831 sic
1551 2800 1688 2833 instituit,
1707 2802 1736 2826 ut
1755 2797 1791 2826 ad

951 2277 971 2304 Ι)

967 2889 1016 2924 ειη
1035 2888 1123 2918 Levit.
1145 2895 1220 2922 xxtv,
1236 2886 1281 2914 ΞΟ.
1322 2886 1331 2902 ⁵
1346 2883 1440 2912 Matth.
1458 2891 1484 2916 v,
1500 2881 1547 2910 59.
