1961 3046
95 160 142 187 Ητ

611 154 797 184 ADVERSUS
816 151 991 182 IIIERESES
1010 150 1076 180 UB.
1100 151 1121 179 I.
1144 149 1228 180 TOM.
1250 150 1296 179 III.

1687 152 1744 184 ηε

95 219 190 255 ἔφερες
204 219 282 254 ἡμῖν,
300 218 400 245 μᾶλλον
409 216 439 244 δὲ
452 215 544 252 σαυτῷ
557 216 605 244 καὶ
620 217 678 249 τοῖς
691 216 745 243 ὑπὸ
761 214 808 242 σοῦ
819 215 892 250 ἠπα-

958 216 1026 245 iato,
1041 211 1182 239 ceterisve
1202 210 1336 246 disputat.
1354 210 1444 247 Atque
1469 211 1576 240 utinam
1595 216 1742 241 veritatem

95 264 223 301 τημένοις
238 265 245 292 1

130 397 181 423 IB’.
198 396 311 432 Νομίζω
326 396 355 423 δὲ
366 396 412 423 καὶ
428 397 458 423 ὲν
468 395 508 432 τῷ
523 395 638 432 παρόντι
655 394 755 426 ἱκανῶς
763 393 834 430 πρὸς
843 394 893 427 τάς

99 452 143 471 σου
160 443 259 476 λέξεις,
282 439 304 470 ὦ
327 442 446 478 άγύρτα,
475 442 612 478 εἰρῆσθαι.
637 438 687 468 Ὧν
709 441 826 476 ποιήσας
847 440 893 467 τὸν

98 488 219 523 ἔλεγχον,
235 488 285 515 ἐπὶ
302 487 351 520 τὰς
368 487 432 522 ἑξῆς
445 487 565 524 αἱρέσεις
584 485 738 521 βαδιοῦμαι,
751 485 797 512 τὸν
813 485 894 512 αὑτὸν

98 534 163 561 Θεὸν
188 533 312 569 συνήθως
335 533 551 569 ἐπικαλούμενος
569 532 750 568 ἐπικουρῆσαι
762 532 796 567 τῇ
815 530 895 567 ἡμῶν

101 580 266 617 μετριότητι,
282 580 321 612 εἰς
339 580 369 607 τὸ
389 581 516 615 φωρᾶσαι
528 579 648 615 ἑκάστης
662 578 794 614 αἱρέσεως
812 585 897 613 παρα-

99 625 288 662 πεποιημένης
299 626 344 652 τὸν
365 625 487 660 ἔλεγχον.
511 625 573 652 ’Ὁτι
595 625 644 660 μὲν
659 624 713 660 γὰρ
731 624 896 660 συρίγμασιν

100 672 208 700 ἑαυτοῦ.
221 672 258 704 ὡς
275 672 329 699 ἀπὸ
341 671 480 708 Θαλάσσης
493 671 613 698 ἀνελθὼν
621 671 659 707 (8)
675 670 836 706 καρχαρίας,
850 670 897 697 καὶ

100 718 207 754 ἔχιδναν
219 718 459 754 προσκαλούμενος
484 717 532 754 τὴν
544 717 657 753 Φλώραν
678 717 723 743 διὰ
735 716 790 743 τῶν
804 724 897 751 γραμ-

102 766 204 802 μάτων,
217 765 304 801 αὑτήν
318 773 348 791 τε
363 765 411 791 καὶ
427 763 524 796 ἄλλους
549 764 598 791 σὺν
616 764 686 800 αὐτῇ
706 764 843 799 ἡπάτησε,
855 762 898 789 δέ-

100 813 205 840 δεικται
229 812 258 838 ὲν
281 812 338 843 τοῖς
362 811 537 847 εἰρημένοις·
552 811 581 838 ὲν
599 811 628 838 δὲ
654 812 685 847 τῇ
705 810 756 846 τῆς
769 809 899 845 ἀληθείας

103 860 221 896 σαγήνῃ,
244 855 277 894 ἧς
295 859 326 885 τὸ
347 858 461 894 αἴνιγμα
475 859 489 885 ὁ
513 857 615 894 Κύριος
632 858 661 884 ὲν
685 857 724 892 τῷ
739 855 899 891 Εὑαγγελῑῳ

943 259 972 287 in
984 258 1114 286 omnibus
1136 257 1288 293 retineres.
1305 265 1394 292 neque
1414 258 1525 286 tertium
1543 259 1637 286 nescio
1657 267 1740 294 quem

943 305 1025 333 deum
1039 312 1072 331 ac
1090 304 1210 332 medium
1221 324 1229 337 ,
1242 303 1289 339 qui
1306 304 1398 331 nullus
1411 308 1455 332 est
1469 304 1561 337 nobis,
1573 305 1615 332 vel
1630 305 1680 333 tibi
1691 312 1742 340 po-

943 352 998 380 tius
1016 358 1048 378 ac
1063 351 1119 378 tuis
1137 350 1314 378 obtruderes!

980 397 1064 432 228
1079 395 1135 424 XII.
1153 396 1208 424 Sed
1224 395 1442 431 impurissimam
1459 395 1533 423 illam
1554 400 1628 423 tuam
1646 403 1741 423 vocem

945 445 1013 472 satis
1030 444 1057 470 in
1078 443 1251 478 praesentiam
1279 450 1466 478 compressam
1484 442 1616 473 arbitror.
1636 442 1744 477 impru-

945 490 1107 518 dentissimo
1124 490 1243 517 nebulo!
1269 488 1357 524 Cujus
1381 489 1509 516 convicta
1529 488 1652 516 falsitate
1667 492 1745 516 ante-

946 545 1028 572 quam
1042 537 1163 572 reliquas
1180 536 1214 563 ad
1241 535 1361 563 haereses
1387 535 1607 571 progrediamur,
1623 535 1744 562 divinam

946 592 997 620 pro
1011 591 1045 612 eo
1060 591 1092 611 ac
1104 583 1237 614 solemus,
1256 590 1335 618 opem
1352 581 1573 618 implorabimus,
1591 585 1621 608 ut
1637 581 1670 608 ad
1684 581 1746 608 illas

945 629 1111 666 jugulandas
1127 629 1255 656 tenuitati
1273 632 1376 656 nostra:
1397 628 1469 655 vires
1487 627 1654 662 suppeditet.
1672 626 1748 654 Satis

947 677 1020 704 enim
1043 683 1076 703 ex
1093 675 1127 703 iis
1142 683 1204 710 quae
1222 675 1344 702 diximus
1362 674 1531 702 intellectum
1547 674 1647 709 opinor
1660 695 1668 707 ,
1682 673 1748 701 Pto-

948 723 1090 754 Iemzenm,
1108 721 1208 749 marini
1225 721 1304 748 canis
1332 721 1430 753 instar,
1457 720 1505 756 qui
1530 727 1546 748 e
1568 720 1666 756 pelago
1682 728 1747 755 pro~

949 769 1045 797 siliens
1065 769 1187 803 viperam
1213 767 1302 795 sibilis
1325 767 1385 794 suis
1410 774 1523 798 evocat,
1536 767 1577 793 sic
1592 766 1670 793 illum
1686 764 1749 792 Flo-

949 823 1008 843 ram
1024 815 1123 842 litteris
1139 814 1277 842 excivisse
1288 834 1295 847 ,
1313 821 1346 840 ac
1363 818 1419 840 tam
1439 820 1517 845 eam,
1535 819 1617 846 quam
1633 814 1750 839 caeteros

950 860 978 888 in
992 859 1117 888 fraudem
1133 859 1287 894 impulisse.
1306 858 1361 886 Nos
1373 862 1465 886 autem
1479 862 1657 893 poateaquam
1676 856 1750 884 veri-

103 905 243 940 βασιλεεαν
269 904 393 940 οὐρανῶν
423 904 600 940 ἀπεφήνατο,
625 903 825 939 ἑνειλήσαντες,
851 904 899 931 καὶ

958 907 1014 935 .atis
1039 907 1113 934 hunc
1127 914 1246 942 sagena.
1271 906 1351 941 cujus
1382 904 1563 932 similitudine
1580 904 1696 931 cmleste
1720 903 1750 930 in

101 951 155 978 τῶν
169 950 296 987 πονηρῶν
313 950 412 985 ἰχθύων
435 950 483 976 ἕνα
497 949 562 977 ὅντα
577 949 659 976 αὐτὸν
676 949 847 984 ὲλέγξαντες,
860 950 900 985 τῷ

102 997 136 1024 τὰ
155 996 282 1032 μοχθηρὰ
307 997 419 1032 ῥήματα
434 996 516 1023 αὑτοῦ
533 996 647 1032 φωρατὰ
667 995 790 1032 ποιῆσαι,
803 997 836 1031 τῇ
851 996 901 1032 τῆς

103 1043 221 1079 ἀληθοῦς
235 1043 354 1074 πίστεως
380 1042 541 1078 διδασκαλίᾳ
565 1043 717 1078 ῂτήσαμεν.
739 1042 784 1069 Ἐν
795 1043 829 1078 τῇ
853 1041 900 1068 τοῦ

104 1089 172 1116 Θεοῦ
202 1089 293 1116 τοίνυν
315 1088 430 1124 δυνάμει
459 1087 656 1124 συντρίψαντες
687 1087 792 1120 τοῦτον,
823 1087 901 1115 αὐτοὶ

109 1136 159 1171 μὲν
171 1135 230 1170 Θεῷ
245 1135 498 1172 εὐχαριστήσωμεν,
526 1134 573 1160 ἐπὶ
593 1134 621 1160 δὲ
635 1133 687 1166 τὰς
707 1133 771 1169 ἑξῆς
787 1133 899 1169 ὁμοίως,

104 1181 142 1214 ὡς
153 1183 296 1217 προεῖπον,
322 1180 506 1217 προέρχεσθαι
518 1179 723 1215 ἐπιϐαλώμεθα.

950 954 1098 990 Evangelia
1120 961 1235 989 regnum
1262 953 1396 981 Dominus
1422 952 1577 987 expressit,
1611 951 1749 979 irretitum

952 998 1111 1029 tenuimus,
1134 1003 1217 1034 atque
1240 1005 1256 1026 e
1271 999 1406 1026 malorum
1423 997 1540 1033 piscium
1557 1004 1620 1024 esse
1633 1003 1752 1024 numero

952 1044 1220 1078 demonstravimus,
1245 1044 1312 1072 dum
1331 1044 1446 1071 sincerae
1473 1042 1535 1069 ﬁdei
1559 1041 1685 1069 doctrina
1698 1040 1751 1068 im-

953 1097 1038 1126 puras
1054 1090 1129 1118 illius
1151 1097 1234 1118 voces
1259 1089 1401 1123 elisimns;
1422 1088 1527 1116 obtrito
1542 1087 1590 1115 Dei
1616 1095 1668 1123 ope
1686 1094 1751 1122 pro-

953 1135 1101 1171 ﬂigathue
1120 1139 1261 1169 monstro,
1278 1135 1396 1171 primum
1411 1134 1450 1162 illi
1466 1137 1585 1169 quantas
1604 1139 1752 1169 possumus

953 1183 1056 1218 gratias
1081 1182 1233 1215 habemus;
1259 1182 1358 1210 deinde
1386 1181 1420 1209 ad
1444 1184 1558 1209 caeteras
1578 1180 1696 1213 eodem.
1721 1182 1752 1207 ut

953 1229 1089 1261 diximus,
1108 1228 1177 1265 pede
1190 1228 1304 1264 gradum
1321 1227 1465 1256 faciemus.

118 1365 1741 1385 mm

491 1443 576 1480 229
593 1444 702 1472 mu:
720 1442 893 1471 εΝΕΣΤι
918 1443 978 1470 EN
1004 1443 1052 1478 To
1087 1442 1217 1478 ΤΡΙΤῼ
1250 1443 1362 1478 Toup

742 1502 812 1529 ΤΟΥ
826 1501 965 1529 ΠΡΩΤΟΥ
980 1501 1131 1535 ΒΙΒΛΙΟΥ,

673 1560 726 1588 Ἑν
747 1556 771 1594 ᾧ
786 1566 869 1588 εισιν
884 1559 1018 1593 αἱρέσεις
1035 1558 1199 1594 δεκατρεῖς.

276 1671 484 1703 ἸΝΒΙΟΠΕΗΞ
509 1671 723 1704 HERESEON
747 1672 833 1710 QUE
861 1673 902 1705 IN
926 1673 969 1704 III
994 1672 1098 1703 TOMO
1126 1671 1233 1701 LIBRI
1255 1671 1271 1701 I
1298 1670 1579 1709 CONTINENTUR,

766 1746 888 1771 SUNTQUE
911 1746 1020 1767 κυνί-ςιο
1037 1746 1100 1766 XIII.

147 1868 329 1905 Μαρκὼσιοι.
340 1868 457 1906 Μάρκος
483 1878 525 1902 τις
547 1870 694 1907 γεγένηται
727 1871 904 1908 Κολορὸάσου

991 1873 1018 1900 Μ
1023 1872 1121 1900 arcon‘i
1126 1893 1132 1900 .
1145 1870 1254 1899 Marcus
1262 1870 1372 1907 quidam
1385 1870 1489 1898 exstitit
1495 1869 1637 1898 Colorbasi
1646 1869 1758 1899 condis-

111 1916 310 1953 συμφοιτητὴς,
327 1915 373 1943 δύο
381 1916 470 1953 ἀρχὰς
482 1917 530 1944 καὶ
537 1917 618 1949 αὐτὸς
631 1918 816 1954 παρεισάγων.
832 1920 907 1947 ’Λθε-

109 1965 154 1991 sai
174 1964 203 1990 δὲ
233 1964 340 2000 νεκρῶν
357 1965 515 1993 ἀνάστασιν.
542 1966 695 1998 Φαντασίας
720 1966 750 1993 δέ
771 1968 906 2000 τινας’δι’

111 2010 286 2045 ἐκπωμάτων
308 2009 338 2042 ἐξ
349 2010 477 2046 ὲπαοιδῆς
488 2012 528 2043 εἰς
541 2012 655 2039 κυάνεον
669 2013 767 2048 χρῶμα
777 2013 825 2040 καὶ
841 2022 909 2050 πορ-

112 2055 215 2092 φύρεον
245 2055 424 2092 μεταϐαλὼν,
447 2057 639 2092 ὲμυσταγὼγει
654 2058 703 2090 τὰς
725 2059 909 2095 ἁπατωμένας

111 2103 256 2136 γυναῖκας.
277 2102 333 2128 Καὶ
354 2101 436 2134 αὐτὸς
473 2101 502 2128 δὲ
521 2102 575 2129 τῶν
590 2103 819 2140 εἰκοσιτεσσάρων
836 2113 910 2132 στοι-

112 2149 196 2185 χείων
206 2147 331 2185 βούλεται
339 2147 373 2175 τὰ
379 2147 468 2174 πάντα
477 2148 602 2184 ἡγεῖσθαι
617 2149 718 2184 ὁμοίως
729 2149 907 2187 Οὐαλεντινῳ.

150 2238 358 2273 Κολορόἀσιοι.
370 2239 424 2265 Καὶ
432 2235 510 2270 οὗτος
523 2239 537 2265 ὁ
548 2238 721 2274 Κολόρὸασος
734 2239 864 2272 ὡσαύτως
876 2241 910 2269 τὰ

113 2285 186 2312 αὐτὰ
202 2284 391 2321 διηγούμενος,
406 2285 477 2312 κατά
489 2293 516 2311 τι
527 2284 556 2312 δὲ
567 2284 761 2321 διαφερόμενος
776 2286 845 2322 πρὸς
862 2287 912 2319 τὰς

114 2331 199 2362 ἄλλας
213 2331 348 2365 αἱρέσεις,
368 2330 441 2366 φημὶ
459 2330 487 2358 δὲ
501 2331 569 2367 πρὸς
586 2331 636 2363 τὰς
653 2331 718 2367 περὶ
734 2331 848 2367 Μάρκον
865 2334 912 2360 καὶ

114 2377 306 2411 Οὑαλεντίνον,
322 2377 372 2410 τὰς
385 2377 521 2414 προϐολὰς
552 2378 601 2405 καὶ
622 2379 766 2414 Ὄγδοὰδας
780 2379 891 2416 ἐτέρους
901 2381 910 2396 ¹

114 2422 233 2450 ἐδίδαξε.

159 2422 190 2449 δα
209 2431 233 2450 ε.

159 2422 396 2503 Ἠξακλεωνῖται.
411 2470 466 2497 Καὶ
481 2469 559 2497 αὐτοὶ
577 2471 610 2506 τῇ
625 2470 680 2497 τῶν
701 2471 850 2506 Ὀγδοάδων
865 2472 914 2507 φέ-

957 1919 1107 1956 cipulus.ls
1121 1920 1176 1947 duo
1190 1918 1317 1946 similiter
1331 1917 1464 1953 principia
1474 1917 1626 1944 constituit.
1634 1917 1757 1944 Mortuo-

958 1975 1018 1994 rum
1027 1966 1257 1994 resurrectionem
1265 1963 1527 1999 negabat;‘_utebatur
1536 1963 1758 1998 praestigiisejus-

958 2013 1043 2046 modi,
1060 2016 1089 2040 ut
1106 2013 1190 2040 certis
1207 2011 1376 2040 carminibus
1394 2011 1555 2046 poculorum
1575 2011 1708 2046 liquorem
1729 2012 1757 2038 in

959 2059 1105 2087 caeruleum
1119 2064 1340 2094 purpureumque
1374 2057 1493 2084 colorem
1509 2061 1643 2085 verteret:
1659 2057 1758 2093 qt'ibns

959 2105 1049 2133 sacris
1070 2104 1194 2132 infelices
1218 2103 1397 2131 mulierculas
1418 2103 1527 2130 initiare
1552 2103 1666 2130 solebat.
1685 2103 1757 2131 ldetn

960 2152 993 2179 ad
1019 2158 1082 2178 xxtv
1113 2151 1248 2178 elementa
1267 2149 1379 2184 perinde
1397 2157 1429 2177 ac
1450 2148 1611 2177 Valentinus
1629 2150 1758 2178 universa

960 2204 1091 2226 revocare
1103 2197 1211 2224 nititur.

997 2241 1450 2270 Colorbasii.Colorbasuseasdem
1469 2240 1526 2268 fere
1535 2240 1678 2275 opiniones
1696 2248 1758 2268 am-

961 2288 1167 2325 plcxnsest.Sed
1178 2289 1307 2316 nonnulla
1315 2292 1406 2315 tamen
1418 2292 1494 2317 sunt.
1508 2287 1534 2314 in
1544 2287 1643 2322 quibus
1654 2287 1687 2314 ab
1695 2287 1760 2316 aliis

962 2336 1114 2365 hmresibus
1125 2336 1276 2371 discrepat,
1290 2334 1373 2362 Marci
1383 2342 1414 2362 ac
1426 2332 1563 2361 Valentini
1573 2334 1758 2369 potissimum.

963 2381 1107 2417 Siquidem
1129 2382 1342 2417 propagationes
1360 2380 1479 2408 AEonum
1496 2384 1523 2408 et
1541 2379 1685 2416 Ogdoadas
1704 2380 1761 2407 alio

963 2428 1045 2456 modo
1061 2427 1181 2457 tradidit.

1000 2474 1207 2502 Ηεναιιεοηὶιιε.
1223 2474 1312 2502 Etiam
1330 2474 1374 2502 isti
1395 2474 1599 2503 commentitias
1615 2473 1762 2510 Ogdoadas

118 2522 212 2550 ρονται
225 2514 390 2550 μυθολογίᾳ·
404 2514 505 2550 ἑτέρως
523 2514 551 2541 δὲ
569 2514 646 2551 παρὰ
661 2514 708 2543 τὸν
724 2515 848 2551 Μάρκον.
866 2515 904 2543 κα¹

965 2520 1147 2549 retinuerunt.
1166 2520 1195 2549 In
1212 2521 1312 2556 quibus
1328 2522 1499 2557 explicandis
1512 2530 1528 2548 a
1544 2521 1638 2553 Marci,
1654 2526 1681 2549 et
1694 2520 1760 2548 Pto—

118 2560 308 2595 Πτολεμαῖον,
336 2560 384 2588 καὶ
408 2560 584 2598 Οὐαλεντζνον
602 2579 611 2593 ,
641 2561 688 2587 καὶ
715 2561 779 2593 τοὺς
805 2561 911 2593 ἄλλους.

124 2605 206 2633 ’Δλλὰ
220 2607 269 2634 καὶ
291 2606 360 2642 πρὸς
376 2607 410 2643 τῇ
429 2606 541 2642 τελευτῇ
553 2606 617 2639 τοὺς
633 2606 699 2644 παρ’
714 2607 805 2640 αὐτοῖς
818 2607 913 2635 τελευ-

156 2717 166 2734 ¹
182 2716 250 2754 Leg.
265 2717 381 2755 ἑτέρως.

155 2798 194 2839 (β)
209 2797 507 2839 ὀςναέξοιιξαλάσσης
528 2796 672 2839 angam.
690 2798 852 2839 Καρχαρῐας
866 2797 920 2827 He.

117 2832 199 2875 sych.
229 2838 272 2862 est
297 2833 548 2875 θαλάττιος-’κύων
561 2832 769 2875 ¹(ἓτιιισιῐιηιιίξὲο
781 2832 919 2862 marinum

119 2868 231 2904 viperas
253 2876 369 2896 evoeare
383 2868 498 2904 sibilis,
523 2871 570 2895 aut
593 2876 656 2895 cum
681 2869 715 2896 iis
736 2877 918 2897 consuescere

119 2903 264 2941 nunquam
288 2904 351 2940 legi.
379 2903 451 2932 Sane
476 2911 613 2931 murmnas
643 2911 658 2931 ο
685 2905 860 2940 serpentibus
883 2904 916 2932 ad

967 2566 1066 2599 lemaz-i,
1082 2574 1114 2594 ac
1132 2566 1269 2595 Valentini
1283 2570 1503 2603 caeterorumque
1515 2568 1644 2602 opinione
1656 2567 1762 2595 disces-

968 2615 1073 2640 serunt.
1091 2610 1163 2640 Suos
1176 2619 1260 2648 porro
1274 2612 1326 2641 sub
1340 2612 1430 2647 ipsum
1450 2612 1511 2640 vita:
1527 2613 1630 2641 exitum
1648 2612 1763 2647 perinde

974 2797 1076 2825 coitum
1093 2797 1202 2826 evocari
1224 2797 1314 2826 sibilis
1335 2797 1433 2825 scribit
1448 2795 1520 2824 Plin.
1538 2804 1624 2826 xuii,
1643 2802 1704 2829 cap.
1719 2795 1738 2821 ἓ
1755 2801 1763 2820 :

974 2833 1013 2861 Ob
1040 2834 1066 2860 id
1086 2833 1165 2860 sibilo
1184 2842 1200 2860 α
1221 2833 1417 2869 piscatoribus,
1443 2838 1569 2869 tanquam
1590 2830 1765 2865 serpentibm,

971 2870 1084 2899 evocari,
1102 2874 1126 2896 et
1139 2869 1208 2902 capi.
1227 2869 1388 2905 Καρχαριαν
1401 2868 1475 2895 aliud
1491 2875 1552 2896 esse
1571 2874 1652 2903 qutun
1667 2873 1766 2893 canem

971 2905 1023 2932 hoc
1043 2904 1153 2940 quidem
1172 2906 1231 2932 loco
1248 2911 1362 2933 necesse
1374 2908 1426 2932 est.
