1952 3045
218 153 271 182 579

927 153 957 181 S.
978 151 1150 179 EPIPHANII

1815 153 1871 180 580

219 223 252 242 ac
269 215 376 241 manus
391 213 522 246 instituit,
551 213 622 245 oleo.
640 212 831 248 opobalsama.
847 216 875 239 et
892 219 962 247 aqua
979 212 1014 239 lu-

1072 211 1176 244 τῶντας
1201 211 1302 247 ὁμοίως
1326 211 1367 247 τῷ
1392 211 1499 248 Μάρκῳ
1523 210 1684 247 λυτροῦνται
1709 211 1741 238 δι’
1764 211 1869 243 ἐλαίου.

220 265 324 289 stratos
339 261 366 288 in
382 261 499 288 salutem
508 263 655 292 asserunt;
670 267 779 294 unaque
798 266 879 286 voces
887 258 1021 294 quasdam

220 307 369 335 llebraicas
386 307 413 334 in
431 306 492 342 ejus
502 306 549 341 qui
565 306 691 340 expiatur
704 308 787 340 caput
800 304 986 332 insusurrant.

257 398 372 433 Ophitw.
388 397 420 425 lli
441 401 598 433 serpentem
616 400 784 424 venerantur
801 403 832 422 ac
849 394 1019 430 prmdicant;

218 452 337 480 cumque
360 452 422 473 esse
440 444 583 472 Christum
604 447 742 471 asserunt.
762 441 804 470 0b
823 442 851 470 id
871 449 965 470 verum
992 442 1021 468 in

219 491 290 518 cista
307 494 462 526 serpentem
478 493 632 518 asservant.

255 537 363 565 Caiam’.
387 536 512 565 Veterem
536 537 640 571 legem,
659 539 685 563 et
704 543 766 562 eum
786 534 833 570 qui
855 534 929 562 illius
952 533 1020 569 legis

220 588 344 618 tempore
373 583 481 610 locutus
508 586 567 613 est,
599 581 753 616 repudiarit.
780 580 1018 608 Resurrectionem

220 629 315 656 carnis
349 629 508 664 abnegant,
540 628 656 656 Cainum
692 627 902 661 commendant;
937 635 1018 662 quem

221 676 418 709 praestantioris
444 675 590 710 cujusdam
613 674 725 701 virtutis
750 673 1016 708 fuissefprmdicant.

221 721 275 749 Sed
294 726 318 749 et
331 721 437 756 .Jndam
454 721 555 749 divinis
570 721 721 748 honoribus
744 719 883 753 alliciunt;
909 728 1017 748 necnon

218 773 246 794 et
259 767 341 800 Core,
357 767 474 800 Dathan,
492 770 518 794 et
531 766 646 798 Abiron,
665 774 698 794 ac
711 765 880 794 Sodomitas.

253 860 336 895 23o
365 859 500 887 δειΙιὶαηῑ.
529 859 562 886 lli
591 858 704 886 Sethum
733 858 861 886 laudibus
889 857 1014 886 eﬂerunt.

1073 257 1277 293 ὀποϐαλσάμου,
1294 258 1342 285 καὶ
1357 257 1452 289 ὓδατος
1465 279 1472 290 ,
1489 257 1648 293 ἐπικλήσεις
1662 256 1738 289 τινὰς
1759 256 1871 292 Ἐὃραῖ-

1073 305 1135 336 καῖς
1153 304 1256 337 λέξεσιν
1275 303 1449 338 ἐπιλέγοντες
1465 303 1513 330 ἐπὶ
1532 304 1565 339 τῇ
1583 304 1687 339 κεφαλῇ
1715 303 1762 330 τοῦ
1787 303 1871 339 δῆθεν

1072 349 1253 386 λυτρουμένου
1258 370 1264 376 .

1107 395 1232 430 ’οφῖται.
1254 395 1361 429 Ὀφῖταί
1374 396 1443 421 εἰσιν
1457 396 1481 422 οἱ
1495 395 1540 422 τὸν
1553 395 1614 429 ὅφιν
1625 395 1781 428 δοξάζοντες
1791 415 1798 426 ,
1820 396 1869 422 καὶ

1070 441 1165 468 τοῦτον
1183 441 1228 468 τὸν
1245 441 1363 477 Χριστὸν
1378 441 1524 477 ἡγούμενοι
1537 449 1544 456 ⁶
1565 442 1673 477 ἔχοντες
1694 442 1722 469 δὲ
1739 442 1821 476 φύσει
1836 443 1868 469 τὸ

1071 487 1187 523 ἑρπετὸν
1202 487 1232 514 ὲν
1245 487 1326 523 κίστῃ
1337 489 1399 514 τινί.

1105 533 1237 560 Καῖανοί.
1255 533 1310 559 Καὶ
1325 533 1437 559 Καῖανοὶ
1448 533 1578 565 ὡσαύτως
1589 534 1648 569 ἅμα
1662 534 1716 560 τῶν
1730 534 1866 571 προτερον

1068 578 1114 605 τὸν
1127 578 1208 613 νόμον
1220 598 1228 611 ,
1245 579 1292 605 καὶ
1308 579 1353 605 τὸν
1375 579 1529 614 λαλήσαντα
1549 580 1578 610 ἐν
1602 580 1677 615 νόμῳ
1691 580 1864 613 ἀθετοῦντες,

1070 625 1170 661 σαρκός
1186 633 1217 651 τε
1231 625 1379 652 ἀνάστασιν
1394 625 1555 662 ἀρνούμενοι
1565 647 1573 658 ,
1589 626 1634 652 τὸν
1652 626 1722 653 Κάῐν
1738 627 1866 660 δοξάζου-

1069 680 1095 698 σι
1107 691 1114 700 .
1129 671 1254 706 λέγοντες
1267 671 1349 698 αὐτὸν
1364 671 1412 706 τῆς
1431 672 1607 708 ἰσχυροτέρας
1622 670 1691 699 εἶναι
1710 673 1862 708 δυνάμεως.

1070 717 1145 753 Ἅμα
1159 717 1188 744 δὲ.
1202 718 1250 744 καὶ
1264 716 1309 744 τὸν
1335 717 1435 744 Ἰούδαν
1455 718 1641 750 ἐκθειάζουσιν
1653 739 1662 752 ,
1678 719 1746 754 ὁμοῦ
1762 728 1792 745 τε
1816 721 1863 746 καὶ

1068 763 1131 794 τοὺς
1145 762 1209 798 περὶ
1223 762 1292 798 Κορὲ
1313 763 1361 789 καὶ
1382 762 1472 790 Δαοὰν
1489 764 1536 790 καὶ
1557 763 1694 799 Ἀδειρὼμ.
1706 783 1714 794 .
1732 763 1800 791 ἀλλὰ
1816 766 1863 792 καὶ

1067 809 1131 840 τοὺς
1146 809 1305 844 Σοδομίτας.

1101 856 1252 889 ,Σηθιανοι’.
1263 853 1343 883 Οὗτοι
1353 856 1434 883 πάλιν
1448 856 1492 883 τὸν
1501 856 1556 892 Σὴθ
1570 855 1721 890 δοξάζουσι,
1740 857 1862 891 φάσκον-

217 906 305 938 Quem
320 914 335 932 a
350 913 477 940 suprema
491 904 606 932 Parente
623 907 798 940 procreatum
819 907 933 939 putant;
950 911 1014 930 cum

1072 909 1112 932 τες
1125 901 1206 928 αὑτὸν
1228 900 1299 929 εἶναι
1314 903 1347 929 ὲκ
1360 903 1410 938 τῆς
1422 902 1477 929 ἄνω
1488 903 1600 939 Μητρὸς
1613 903 1861 939 μεταμεληθείσης,

218 958 279 978 eam
293 950 448 986 paeniteret,
463 950 536 985 quod
551 950 668 977 Cainum
681 949 823 978 edidisset.
840 949 901 982 Quo
916 949 1015 984 ejecto,

219 997 358 1032 Abeloque
383 995 529 1024 interfecto
550 1003 613 1022 cum
636 1002 744 1023 summo
767 994 847 1022 Patre
867 1002 1016 1029 congressa

219 1043 357 1070 sinceram
371 1042 495 1077 stirpem,
507 1042 635 1070 videlicet
648 1040 774 1072 Sethum,
789 1040 903 1075 protulit
915 1049 921 1067 :
934 1048 948 1066 a
961 1047 1016 1075 quo

220 1090 379 1117 universum
408 1097 496 1124 genus
529 1089 672 1115 hominum
702 1087 836 1114 manavit.
870 1086 1016 1114 Postremo

217 1135 370 1170 principia,
394 1139 422 1162 et
438 1138 605 1170 potestates,
626 1137 781 1168 czeteraquc
804 1137 835 1161 ut
858 1133 904 1160 alii
923 1133 1016 1160 omnia

218 1185 354 1209 statuunt.

255 1273 419 1301 Archontici.
440 1273 537 1302 Plures
553 1274 598 1302 isti
617 1274 651 1302 ad
669 1274 807 1310 principes
825 1275 952 1303 universa
967 1282 1015 1303 re-

219 1319 349 1351 ferentes,
367 1328 537 1356 qumcunque
560 1320 631 1348 facta
652 1324 717 1348 sunt
734 1321 768 1347 ab
787 1321 840 1348 illis
866 1325 926 1348 orta
950 1322 1017 1350 deli-

218 1368 308 1395 niunt.
332 1367 440 1395 [labent
458 1371 485 1395 et
508 1367 667 1397 fmdissimm
684 1367 821 1402 quoddam
839 1368 960 1397 libidinis
974 1378 1018 1406 ge-

218 1423 281 1442 nus.
299 1413 400 1442 Carnis
413 1415 644 1442 resurrectionem
662 1419 806 1448 respuunt.
824 1413 909 1442 Vetus
925 1415 1017 1448 'l'esta_

218 1466 341 1489 mentum
354 1461 526 1489 calumniose
539 1460 678 1496 rejiciimt.
695 1460 858 1494 Quanquam
871 1465 898 1488 et
910 1462 972 1494 hoc.
990 1468 1018 1491 ct

216 1506 294 1534 Novo
305 1507 419 1542 insuper
432 1515 629 1542 nonnunquam
648 1511 761 1534 utantur
776 1515 781 1533 :
800 1514 832 1534 ex
846 1507 948 1542 quibus
960 1510 1018 1537 sin-

218 1553 297 1588 gulas
317 1553 432 1581 voculas
452 1553 551 1581 callide
569 1554 603 1581 ad
623 1557 742 1582 mentem
761 1560 839 1581 suam
859 1561 1016 1584 accommo-

218 1599 296 1628 dant.

252 1645 425 1673 Cerdoniani.
451 1646 475 1672 Α
495 1645 620 1674 Cerdone
643 1647 694 1674 orti
715 1652 789 1681 Sunt,
811 1650 858 1685 qui
881 1657 961 1685 quem
981 1649 1016 1677 ab

218 1693 345 1721 Heraclio
365 1700 488 1721 errorem
508 1693 640 1721 hauserat
660 1695 739 1722 novis
755 1695 875 1724 inventis
892 1696 1014 1723 adauxit.

216 1740 256 1765 Ac
281 1746 344 1765 cum
367 1737 484 1766 Romam
509 1747 524 1766 e
547 1738 626 1774 Syria
651 1740 791 1774 prolectus
815 1745 898 1774 esset.
917 1741 1014 1778 Hygini

217 1791 294 1819 papm
313 1784 483 1819 temporibus
507 1792 558 1812 sua
579 1785 707 1820 dogmata
730 1786 931 1814 disseminavit.
957 1787 1015 1815 Duo

217 1838 300 1866 porro
320 1830 454 1866 principia
474 1831 614 1859 contraria
638 1832 754 1859 invicem
781 1832 906 1860 aliirmat.
929 1833 1016 1869 Negat

215 1878 355 1905 Christum
379 1885 442 1905 esse
462 1878 594 1913 genitum.
624 1877 794 1906 Morinorum
818 1879 1013 1908 excitationem

217 1932 279 1951 cum
296 1923 392 1952 Vetere
403 1923 581 1952 Testamento
594 1924 694 1960 rejicit.

253 2015 445 2042 Marcionistaz.
468 2014 570 2042 Marcio
587 2015 724 2044 oriundus
735 2024 767 2044 ex
780 2015 868 2044 Ponto
883 2017 1015 2053 episcopo

218 2067 296 2098 patre
310 2066 391 2090 natus
404 2066 447 2089 est
463 2071 469 2089 :
486 2069 501 2088 a
519 2069 574 2097 quo
590 2062 627 2089 ob
640 2062 754 2098 virginis
769 2067 893 2098 stuprum
911 2064 1015 2098 ejectus

216 2117 251 2136 ex
275 2108 397 2136 Ecclesia
418 2108 532 2135 Romam
553 2108 669 2143 aufugit.
691 2107 742 2136 Ubi
763 2117 824 2136 cum
848 2109 884 2137 ab
903 2110 949 2142 iis,
967 2111 1013 2144 qui

218 2159 276 2182 tum
290 2154 420 2182 Ecclesia:
436 2158 580 2189 prmerant,
595 2155 786 2190 pcenitentiam
801 2155 903 2183 frustra
916 2161 1014 2191 postu-

219 2201 481 2233 Iasset,catholicam
491 2201 570 2228 ﬁdem
589 2209 748 2236 oppugnare
764 2202 894 2229 instituit.
912 2202 1011 2236 Quam-

1067 947 1110 982 ἐφ’
1123 945 1157 984 ἦς
1168 949 1176 963 ¹
1198 948 1262 980 τοὺς
1285 949 1350 985 περὶ
1372 949 1417 976 τὸν
1430 949 1498 977 Κάῖν
1513 950 1678 985 προεϐάλετο
1688 957 1696 965 ·
1718 948 1777 977 εἶτα
1793 951 1862 985 μετὰ

1067 993 1113 1020 τὸν
1128 994 1138 1009 ¹
1155 993 1222 1021 Κάῖν
1242 995 1428 1031 ἀποϐληθῆναι
1440 1015 1447 1028 ,
1463 996 1510 1023 καὶ
1527 996 1573 1023 τὸν
1596 996 1678 1022 ’Ἅϐελ
1692 996 1863 1031 ἀποκτανθῆ-

1067 1049 1111 1067 ναι
1122 1059 1129 1072 ,
1148 1040 1328 1077 συνελθούσης
1339 1041 1378 1077 τῷ
1391 1042 1448 1069 ἄνω
1462 1042 1549 1077 Πατρὶ
1563 1061 1570 1073 ,
1582 1043 1629 1068 καὶ
1642 1042 1761 1078 καθαρὸν
1777 1043 1862 1077 σπέρ-

1069 1094 1106 1120 μα
1125 1085 1169 1112 τὸν
1182 1086 1235 1122 Σὴθ
1253 1087 1406 1123 ποιησάσης
1416 1096 1423 1103 ·
1439 1088 1468 1121 ἐξ
1482 1085 1568 1123 οὗπερ
1582 1088 1675 1114 λοιπὸν
1693 1088 1819 1124 κατήχθη
1832 1088 1862 1115 τὺ

1068 1131 1178 1158 πάντων
1193 1132 1344 1168 ἀνθρώπων
1371 1133 1458 1168 γένος.
1480 1134 1626 1161 Rata-3:01
1646 1134 1676 1160 δὲ
1694 1135 1796 1170 ἀρχὰς,
1815 1136 1862 1161 καὶ

1067 1178 1208 1211 ἐξουσίας,
1226 1182 1272 1206 καὶ
1292 1181 1342 1207 ὃσα
1367 1181 1391 1207 οἰ
1411 1180 1486 1207 ἄλλοι
1502 1181 1728 1216 δογματίζουσιν,
1744 1181 1860 1216 ἐδογμάι

1066 1233 1155 1252 τισαν.

1110 1273 1300 1308 Ἀρχοντικοί.
1318 1269 1398 1301 Οὗτοι
1408 1273 1489 1301 πάλιν
1502 1274 1542 1305 εἰς
1561 1273 1674 1306 πολλοὺς
1682 1275 1816 1310 ἄρχοντας
1831 1274 1862 1300 τὸ

1067 1319 1122 1346 πᾶν
1136 1320 1319 1355 ἀναφέρουσι,
1333 1320 1381 1346 καὶ
1397 1319 1432 1347 τὰ
1451 1320 1584 1356 γενόμενα
1606 1321 1638 1347 ὲκ
1661 1321 1764 1347 τούτων
1781 1329 1862 1354 γεγε-

1068 1365 1165 1401 νῆσθαι
1179 1365 1314 1400 λέγουσιν.
1335 1366 1504 1392 ’Λλῑσκονται
1521 1366 1549 1392 δὲ
1573 1366 1621 1393 καὶ
1639 1366 1685 1392 ἐπὶ
1701 1365 1861 1401 αἰσχρότητὶ

1067 1421 1129 1440 τινι.
1157 1412 1263 1448 Σαρκδς
1286 1412 1315 1439 δὲ
1339 1412 1489 1439 ἀνάστασιν
1505 1412 1651 1442 ἀθετοῦσι,
1673 1412 1720 1438 καὶ
1737 1412 1861 1438 Παλαιὰν

1068 1459 1207 1494 Διαθήκην
1233 1458 1418 1485 διαϐάλλουσι.
1446 1458 1603 1494 Κέχρηνται
1629 1458 1657 1484 δὲ
1682 1458 1729 1484 κα)¹
1754 1458 1861 1493 Παλαιᾷ

1068 1506 1114 1532 καὶ
1123 1505 1180 1541 Νέᾳ
1195 1505 1332 1542 Διαθήκῃ,
1348 1505 1466 1541 ἑκάστην
1481 1505 1553 1538 λέξιν
1566 1505 1606 1536 εἰς
1620 1504 1666 1531 τὸν
1679 1504 1783 1531 ἑαυτῶν
1797 1504 1860 1531 νοῦν

1070 1550 1268 1587 μεθοδεύοντες.
1291 1558 1295 1563 ’

1102 1643 1310 1678 Κερδωνιιινοί.
1337 1643 1369 1669 υἱ
1388 1643 1443 1669 ἀπὸ
1464 1642 1607 1678 Κέρδωνος
1622 1641 1860 1677 ἀπὸῇἰίρακλείου

1067 1689 1207 1725 δεξάμενοι
1226 1688 1236 1703 ³
1260 1688 1310 1724 τὴν
1338 1688 1455 1724 μετοχὴν
1481 1688 1530 1723 τῆς
1552 1687 1675 1722 πλάνης,
1696 1686 1861 1722 προσθέντος

1066 1735 1095 1762 δὲ
1108 1736 1141 1771 τῇ
1158 1735 1261 1771 ἀπάτῃ.
1280 1735 1338 1766 Ὃς,
1356 1734 1411 1761 άπὸ
1428 1734 1477 1769 τῆς
1495 1734 1595 1769 Συρίας
1611 1734 1651 1765 εἰς
1669 1732 1778 1768 Ῥώμην
1795 1742 1861 1769 μετ-

1066 1781 1199 1814 αναστὰς,
1225 1782 1255 1807 τὸ
1283 1781 1414 1816 κήρυγμα
1441 1780 1524 1807 αὐτοῦ
1550 1779 1656 1811 ἐξέθετο
1697 1780 1726 1805 ὲν
1753 1780 1860 1815 χρόνοις

1073 1827 1181 1862 Ὑγίνου
1203 1827 1362 1854 ἐπισκόπου.
1381 1827 1433 1853 Δύο
1461 1827 1489 1853 δὲ
1515 1825 1602 1861 ἀρχὰς
1625 1825 1756 1861 κηρύττει
1781 1823 1861 1858 οὗτος

1066 1875 1191 1907 ἐναντίας
1211 1874 1348 1910 ἀλλήλαις.
1366 1873 1412 1908 Μὴ
1436 1872 1505 1900 εἶναι
1528 1873 1557 1899 δὲ
1571 1872 1616 1899 τὸν
1628 1872 1746 1908 Χριστὸν
1762 1881 1861 1909 γεννη-

1066 1921 1122 1947 τόν.
1146 1920 1261 1956 Ὁμοίως
1285 1929 1315 1947 τε
1334 1919 1438 1956 νεκρῶν
1463 1919 1611 1946 ἀνάστασιν
1634 1918 1742 1952 ἀθετεῖ,
1763 1919 1811 1946 καὶ
1826 1919 1859 1946 τὰ

1066 1966 1137 1995 κατὰ
1150 1967 1199 2003 τὴν
1212 1967 1334 1994 Παλαιὰν
1345 1967 1493 2002 Διαθήκην.

1101 2012 1333 2047 Μαρκιωνισταί.
1343 2012 1474 2047 Μαρκίων
1488 2012 1502 2038 ὁ
1518 2011 1571 2038 ἀπὸ
1581 2011 1681 2038 Πόντου
1696 2010 1860 2047 ὁρμώμενος

1066 2059 1218 2086 ἐπισκόπου
1236 2059 1286 2095 μὲν
1317 2056 1351 2094 ἦν
1369 2059 1440 2090 υἱός·
1460 2058 1574 2093 φθείρας
1590 2057 1619 2084 δὲ
1638 2058 1770 2094 παρθένον
1803 2059 1859 2085 ὰπ-

1066 2107 1147 2141 ἐδρα,
1167 2106 1211 2133 διὰ
1225 2106 1256 2133 τὸ
1269 2105 1400 2139 ἐξεῶσθαι
1417 2106 1469 2133 ὑπὸ
1485 2106 1531 2133 τοῦ
1547 2107 1612 2133 ἰδίου
1623 2106 1725 2142 πατρὸς
1742 2107 1796 2133 ἀπὸ
1808 2108 1858 2142 τῆς

1072 2152 1245 2188 Ἐκκλησίας.
1274 2151 1404 2178 ’Λνελθών
1420 2160 1450 2178 τε
1471 2152 1511 2183 εἰς
1531 2151 1658 2188 Ῥώμην,
1679 2153 1725 2178 καὶ
1740 2153 1858 2187 αἰτήσας

1067 2199 1210 2234 μετάνοιαν
1226 2199 1288 2230 τοὺς
1304 2199 1365 2225 κατ’
1386 2199 1475 2225 ἐκεῖνο
1494 2198 1606 2234 καιροῦε
1629 2198 1674 2226 καὶ
1697 2197 1735 2234 μὴ
1754 2199 1855 2234 τυχὼν,

218 2250 311 2276 ohrem
333 2249 385 2276 tria
401 2256 463 2276 esse
487 2249 623 2284 principia
643 2249 721 2288 divit,
740 2249 852 2282 bonum,
867 2250 971 2284 justum
987 2254 1014 2277 et

1072 2246 1196 2282 ἐπαρθεὶς
1211 2245 1282 2272 κατὰ
1301 2245 1351 2280 τῆς
1373 2245 1490 2276 πίστεως
1500 2265 1507 2276 ,
1523 2244 1684 2279 ἐδογμάτισε
1695 2264 1702 2275 ,
1718 2245 1792 2279 τρεῖς
1806 2245 1856 2280 ἀρ-

219 2294 332 2321 malum.
344 2293 449 2321 Novum
467 2293 672 2321 Testamentum
690 2301 705 2321 a
722 2293 820 2322 Vetere
832 2294 1011 2330 ejusdemque

218 2345 331 2368 auctore
342 2341 462 2368 alienum
478 2349 538 2368 esse
551 2340 653 2369 docuit.
667 2341 765 2369 Carnis
782 2342 1010 2369 resurrectionem

218 2386 341 2414 sustulit.
359 2385 418 2413 Non
438 2395 522 2414 unum
544 2387 678 2422 baptisma
698 2387 842 2418 duntaxat.
863 2387 910 2415 sed
929 2387 1010 2414 etiam

219 2433 271 2459 tria
293 2435 354 2467 post
380 2432 510 2460 delictum
536 2433 667 2468 indulget.
691 2433 743 2461 Pro
767 2434 882 2461 mortuis
904 2434 1011 2461 illorum

218 2478 424 2506 catechumenis
452 2478 617 2513 baptismum
649 2479 693 2506 alii
723 2480 886 2514 suscipiunt.
918 2480 1012 2507 Mulir-

219 2523 295 2551 ribus
307 2523 434 2551 conferre
444 2524 610 2559 baptismum
638 2525 697 2552 sine
711 2525 766 2553 ullo
776 2525 936 2554 discrimine
951 2534 1012 2561 per-

220 2569 313 2596 mittit.

255 2614 425 2642 Lucianiataz.
456 2614 594 2642 Luciunus
622 2615 665 2643 his
688 2617 836 2651 antiquior,
863 2625 918 2644 non
941 2618 1010 2645 alter

219 2659 265 2688 ille
280 2661 325 2696 qui
340 2660 521 2688 Constantino
541 2661 692 2696 imperante
711 2661 814 2693 ﬂoruit.
834 2663 860 2690 in
881 2664 1010 2691 omnibus

219 2706 366 2734 Marcionis
386 2707 509 2743 vestigiis
531 2707 649 2735 inhaesit.
672 2707 728 2736 Etsi
762 2710 925 2744 quibusdam
960 2711 1010 2738 ad-

216 2753 298 2788 jectis
313 2753 479 2782 cumulatius
494 2754 595 2789 aliquid
609 2755 708 2783 docere
722 2756 836 2783 studuit.

256 2886 310 2916 5F.
326 2889 360 2924 ἐφ
382 2885 434 2921 υῗς.
474 2890 484 2905 ⁹
499 2887 529 2917 F.
546 2887 577 2916 τὸ
589 2888 644 2916 τόν.
683 2889 692 2906 ³
707 2889 737 2918 F.
761 2887 918 2920 δεξαμένου.

1064 2291 1114 2327 χὰς
1128 2291 1361 2327 εἰσηγησάμενος,
1375 2290 1476 2325 ἀγαθόν
1490 2299 1519 2316 τε
1536 2291 1584 2316 καὶ
1598 2290 1701 2316 δίκαιον
1719 2295 1765 2316 καὶ
1790 2290 1856 2324 φαῦτ

1064 2338 1109 2364 λον
1121 2347 1128 2353 ·
1146 2336 1216 2364 εἶναι
1231 2347 1261 2364 τε
1288 2337 1389 2373 Καινὴν
1408 2337 1546 2372 Διαθήκην
1566 2336 1711 2372 ἀλλοτρίαν
1728 2336 1777 2371 τῆς
1800 2337 1857 2363 Πα-

1064 2384 1143 2416 λαιᾶς
1155 2384 1258 2411 καὶτοῦ
1271 2385 1298 2411 ὲν
1312 2384 1381 2420 αὐτῇ
1395 2384 1572 2420 λαλήσαντος.
1584 2383 1744 2411 ’Λνάστασιν
1756 2384 1856 2418 σαρκὸς

1066 2431 1165 2457 ἀθετεῖ.
1193 2430 1339 2465 Βάπτισμα
1358 2430 1465 2456 δίδωσιν
1491 2430 1522 2456 οὐ
1542 2429 1622 2464 μόνον
1644 2428 1691 2461 ἓν,
1719 2428 1786 2455 ἀλλὰ
1807 2430 1856 2456 καὶ

1065 2476 1129 2511 τρία
1143 2475 1213 2511 μετὰ
1235 2476 1266 2502 τὺ
1281 2477 1461 2511 παραπεσεῖν.
1484 2475 1570 2510 ’Υπὲρ
1584 2475 1613 2501 δὲ
1634 2475 1689 2501 τῶν
1701 2474 1856 2502 τεθνεώτων

1065 2522 1277 2557 κατηχουμένων
1289 2521 1362 2548 ἄλλοι
1376 2522 1442 2557 παρ’
1454 2521 1543 2553 αὐτοῖς
1556 2521 1742 2556 βαπτίζονται.
1760 2521 1856 2552 Ἀδεῶς

1065 2568 1093 2595 εὲ
1107 2570 1154 2595 καὶ
1172 2568 1294 2603 γυναιξὶν
1308 2568 1450 2604 ἐπιτρέπει
1463 2568 1543 2602 δῆθεν
1562 2567 1674 2603 λουτρὸν
1692 2567 1802 2593 διδόναι.

1101 2616 1326 2643 Λουκιανισταί.
1342 2615 1492 2646 Λουκιανός
1509 2623 1550 2646 τις
1566 2615 1695 2650 ἀρχαῖος,
1711 2614 1760 2648 οὐχ
1777 2615 1791 2640 ὁ
1810 2612 1857 2640 νῦν

1066 2664 1094 2688 ὲν
1123 2662 1229 2697 χρόνοις
1253 2661 1457 2688 Κωνσταντίνου
1483 2661 1647 2696 γενόμενος,
1671 2659 1761 2686 πάντα
1787 2659 1859 2686 κατὰ

1066 2709 1217 2743 Μαρκίωνα
1237 2707 1408 2743 ἐδογμάτισε.
1438 2707 1509 2744 Πρὸς
1526 2707 1554 2733 δὲ
1576 2705 1687 2738 τούτους
1705 2707 1753 2732 καὶ
1776 2705 1857 2742 inpii

1064 2763 1124 2782 τινα
1138 2754 1214 2791 παρὰ
1230 2754 1275 2781 τὸν
1295 2754 1463 2790 Μαρκίωνα,
1485 2753 1533 2780 καὶ
1551 2752 1632 2784 αὐτὸς
1656 2752 1737 2788 δῆθεν
1759 2760 1843 2787 περισ

1066 2801 1184 2837 ποτέρως
1199 2800 1366 2836 δογματίζει.
1760 2795 1765 2798 ”
1844 2797 1847 2799 ’
