1952 3045
111 142 162 172 531
457 144 642 174 ADVERSUS
661 144 834 173 HERESES
851 143 915 172 LIB.

1703 144 1758 171 582

935 143 956 173 1.
976 144 1059 173 ΤΟΜ.
1081 144 1124 172 111.
1145 161 1179 166 -
1198 145 1337 173 ΗΑΞΠΕΞ.
1354 145 1472 172 XXXIV.

156 205 363 238 Ἀπελληανοί.
384 205 440 232 Καὶ
464 202 541 236 οὗτος
567 206 583 231 ὁ
607 204 741 240 Ἀπελλῆς
766 205 801 231 τὰ
828 205 907 240 ὅμοια

992 205 1217 240 231Apelliani.
1226 205 1334 240 Apelles
1340 205 1467 232 similiter
1473 207 1554 239 atque
1563 203 1757 232 MarcioctLu-

114 251 261 286 Μαρκίωνι
278 251 326 277 καὶ
339 250 481 285 Λουκιανῷ
494 249 604 282 κακίζει
619 251 668 285 τὴν
687 251 778 277 πᾶσαν
791 250 911 286 ποίησιν,

115 297 163 324 καὶ
187 297 232 324 τὸν
256 298 435 332 πεποιηκότα.
454 298 510 333 Οὐχ
532 297 632 333 ὁμοίως
655 297 682 323 δὲ
709 297 813 328 τούτοις
839 298 914 332 τρεῖς

115 342 204 378 ἀρχὰς
219 342 386 377 εἰσηγήσατο
398 363 405 374 ,
429 342 499 369 ἀλλὰ
523 343 587 378 μίαν
604 342 653 377 μὲν
673 343 761 378 ἀρχὴν
776 363 783 374 ,
802 342 849 369 καὶ
865 342 914 369 ἕνα

115 388 183 414 Θεὸν
205 387 270 415 ὄντα
290 387 428 414 ἀνώτατον
449 388 496 415 καὶ
513 388 735 424 ἀκατονόμαστον
750 398 757 405 ·
784 389 865 416 αὐτὸν
885 389 914 416 δὲ

114 433 162 461 τὸν
187 434 235 460 ἕνα
261 434 440 469 πεποιηκέναι
457 434 548 461 ἄλλον.
577 433 630 461 Καὶ
647 432 724 466 οὗτος
752 436 766 462 ὁ
782 435 912 469 γεγονὼς,

115 480 236 516 πονηρὸς
260 480 399 516 εὑρεθεὶς,
420 481 549 516 εποίησεν
563 481 592 507 ὲν
614 482 646 516 τῇ
667 480 749 507 αὐτοῦ
765 480 913 516 φαυλότητι

113 526 162 553 τὸν
179 527 291 562 κόσμον.

150 573 337 607 Σευηριανοί.
356 573 475 608 Σευῆρος
489 573 569 600 πάλιν
595 581 637 605 τις
653 572 692 608 τῷ
709 573 826 609 ’Δπελλῇ
849 582 912 600 συν-

113 619 261 654 επόμενος,
276 619 322 646 τὸν
340 619 390 654 μὲν
409 617 482 646 οἶνον
501 620 683 647 ἁποὸάλλεται
698 620 743 647 καὶ
759 621 809 656 τὴν
823 621 913 656 ἄμπε-

113 665 160 692 λον
174 686 181 696 ,
202 665 234 692 ἑκ
258 674 287 692 τε
311 665 358 692 τοῦ
374 666 594 702 δρακοντοειδοῦς
604 668 712 694 Σατανᾶ
729 667 776 694 καὶ
791 667 846 702 Γῆς
863 677 913 703 μυ-

114 711 235 746 θολογῶν
259 713 426 747 πεφυκέναι,
456 713 637 740 συνελθόντων
655 713 791 749 ἀλλήλοις.
813 713 868 749 Τήν
882 722 912 740 τε

113 759 233 792 γυναῖκα
248 760 442 794 παραιτεῖται,
464 759 576 793 φάσκων
603 760 752 794 ἀριστερᾶς
770 759 912 794 δυνάμεως

113 803 200 839 αὐτὴν
213 804 357 839 ὑπάρχειν.
381 805 545 840 Ὀνομασίας
561 806 590 832 τέ
607 815 681 838 τινας
701 805 851 841 ἀρχόντων,
866 806 912 831 καὶ

114 850 224 885 βίσλους
238 851 314 883 τινὰς
330 851 506 887 ἀποκρύφους
526 852 700 888 παρεισάγει.
717 852 758 878 Τὰ
781 852 860 888 ὃμοια
885 851 911 878 δὲ

114 897 175 927 ταῖς
194 896 287 928 ἄλλαις
305 896 354 932 τὴν
373 897 474 933 σαρκὸς
495 897 644 925 ἀνάστασιν
667 897 780 932 ἀθετεῖ,
795 898 842 924 καὶ
856 898 912 924 Πα-

113 941 195 969 λαιὰν
211 942 361 978 Διαϐήκην.

153 990 300 1016 Tatius-0!.
319 986 403 1022 Οὗτος
430 989 606 1025 συνήκμασεν
627 989 763 1025 Ἰουστίνῳ
780 990 820 1026 τῷ
837 989 909 1026 μάρ-

112 1035 232 1071 τυρι,τῷ
239 1035 309 1071 ἁγίῳ
317 1036 364 1063 καὶ
373 1036 520 1071 φιλοσόφῳ.
532 1028 610 1063 Μετὰ
620 1036 648 1062 δὲ
654 1036 703 1071 τὴν
711 1036 759 1063 τοῦ
771 1037 909 1072 μάρτυρος

120 1081 263 1108 Ἰουστίνου
276 1082 416 1118 τελευτὴν,
434 1082 481 1109 τοῦ
496 1082 544 1109 καὶ
561 1082 717 1117 φιλοσόφου,
729 1082 907 1118 προσεφθάρη

111 1127 170 1158 τοῖς
186 1127 234 1153 τοῦ
249 1128 413 1164 Μαρκίωνος
428 1127 556 1163 δόγμασι,
574 1127 756 1163 μαθητευθεὶς
770 1127 809 1163 τῷ
823 1127 907 1163 αὐτῷ,

112 1171 148 1198 τά
161 1181 191 1198 τε
209 1173 254 1199 ἴσα
266 1173 340 1209 αὐτῷ
357 1174 531 1208 ἐδογμάτισε,
545 1173 592 1200 καὶ
605 1173 687 1209 ἕτερα
697 1174 827 1209 προσθεὶς
844 1174 910 1210 παρ’

112 1219 228 1245 ἐκεῖνον.
257 1220 380 1254 Ἐλὲγετο
394 1220 422 1246 δὲ
440 1220 494 1247 ἀπὸ
511 1219 725 1255 Μεσοποταμίας
742 1220 890 1256 ὁρμᾶσθαι.

963 252 1060 278 cianus
1075 251 1216 286 'quidquid
1236 251 1375 278 conditum
1391 255 1433 278 est
1451 257 1513 278 eum
1534 251 1594 285 ipso
1610 250 1757 278 Conditore

962 298 1108 333 vituperat.
1137 296 1196 324 Non
1222 301 1314 324 tamen
1339 297 1390 324 tria
1416 302 1446 324 ut
1468 297 1506 323 illi
1534 297 1679 331 principia,
1709 298 1755 324 sed

963 352 1047 371 unum
1071 349 1178 371 tantum
1200 344 1304 371 invexit
1322 351 1328 369 :
1348 343 1496 378 itidemque
1518 343 1601 370 Deum
1623 351 1706 370 unum
1724 350 1756 369 ac

963 398 1136 426 supremum,
1157 395 1184 418 et
1203 391 1323 418 nominis
1342 394 1497 424 expertem,
1521 391 1566 425 qui
1589 389 1755 424 singularem

963 438 1077 465 alterum
1108 438 1303 472 proeremerit.
1330 437 1382 471 Qui
1407 444 1470 464 cum
1497 437 1586 463 malus
1610 436 1755 469 evasisset,

962 484 1094 511 mundum
1110 491 1160 511 sua
1174 483 1221 510 illa
1239 483 1413 519 improbitate
1428 482 1561 510 condidit.

998 572 1144 600 Seueriani.
1163 572 1281 601 Severus
1297 573 1340 600 hic
1355 571 1476 608 Appellis
1490 572 1596 600 asseela
1614 571 1708 599 vinum
1723 578 1757 599 ac

962 619 1044 647 vitem
1063 620 1172 655 penitus
1185 620 1306 646 damnat.
1322 619 1388 653 Qua-
1405 627 1438 646 ex
1458 618 1566 646 Satanae
1584 619 1718 654 serpentis
1729 621 1755 647 et

963 665 1055 693 Terrae
1074 673 1224 701 congressu
1240 670 1388 701 propagala
1407 666 1492 701 ﬁngit.
1512 665 1671 692 Muliebrem
1689 672 1757 699 quo-

962 719 1015 746 que
1032 719 1126 739 sexum
1149 711 1292 746 repudiat,
1315 711 1387 746 quod
1406 712 1439 738 ad
1463 711 1603 738 sinistram
1622 709 1756 737 Virtutem

962 759 1107 793 pertineat.
1122 758 1279 792 Principum
1294 757 1427 784 vocabula
1440 756 1575 792 quaedam.
1597 759 1679 790 atque
1691 762 1757 789 apo-

962 804 1080 840 cryphos
1118 804 1204 832 libros
1237 804 1352 831 inducit.
1390 803 1419 831 In
1458 807 1626 830 mortuorum
1663 808 1756 828 resur-

962 851 1095 884 rectione,
1129 851 1276 886 Veterique
1304 850 1481 878 Testamento
1514 848 1662 876 refellendo
1693 854 1756 874 cum

928 895 950 922 Β
964 899 1024 926 aliis
1041 898 1192 926 haeresibus
1208 897 1355 925 consentit.

1001 989 1118 1018 Taliam‘.
1144 990 1275 1017 Tatianus
1297 989 1415 1025 primum
1443 995 1506 1015 cum
1528 991 1623 1015 saneto
1646 985 1756 1013 Justiuo

962 1040 1083 1072 martyre
1103 1043 1135 1062 ac
1155 1035 1317 1070 philosopho
1339 1034 1440 1062 ﬂoruit.
1464 1033 1529 1060 Post
1550 1033 1629 1067 cujus
1651 1032 1754 1059 obitum

963 1082 1125 1117 contagione
1141 1081 1288 1108 Marcionis
1317 1080 1475 1116 dogmatum
1496 1079 1602 1106 aiilatus
1613 1099 1620 1111 ,
1639 1077 1700 1112 ejus
1714 1076 1754 1103 di-

963 1128 1085 1163 scipulus
1102 1128 1167 1161 fuit;
1192 1127 1227 1154 ad
1251 1134 1407 1161 eaquequa:
1433 1133 1495 1152 cum
1515 1132 1548 1151 eo
1573 1123 1755 1150 communiter

959 1174 1049 1201 tenuit
1065 1181 1135 1201 nova
1150 1173 1264 1207 insuper
1280 1172 1395 1199 addidit.
1415 1170 1516 1198 Ferunt
1532 1178 1547 1197 c
1561 1167 1756 1204 Mesopotamia

960 1218 1104 1248 oriundum
1114 1219 1188 1247 hunc
1201 1219 1297 1247 fuisse.
1723 1218 1725 1220 ’

1670 1295 1738 1302 ...-

385 1355 577 1400 ΤΟΜΟΣ
603 1355 798 1399 ΤΡΙΤΟΣ
827 1357 940 1399 ΤΟΥ
973 1355 1204 1400 ΠΡΩΤΟΥ
1257 1354 1493 1397 ΒΙΒΛΙΟΥ.

647 1459 811 1503 LIBRI
852 1458 869 1502 Ι
909 1455 1112 1503 TOMUS
1149 1455 1245 1500 111.

350 1573 446 1600 ΚΑΤΑ
462 1574 675 1608 ΜΑΡΚΩΣΙΩΝ,

111 1629 449 1664 Τεσσαρεσκαιδεκάτη,
470 1632 489 1665 ἢ
507 1631 556 1658 καὶ
579 1633 742 1668 τριακοστὴ
766 1633 900 1668 τετάρτη.
915 1638 937 1667 C

146 1686 186 1712 A'.
193 1684 307 1720 Μάρκος
317 1684 345 1711 δέ
354 1693 405 1716 τις,
417 1685 464 1720 ἀφ’
474 1682 560 1722 οὗπερ
568 1686 592 1712 οἱ
600 1686 761 1722 Μαρκώσιοι
771 1687 906 1723 καλούμε-

109 1738 172 1762 νοι,
191 1730 245 1756 ἀπὸ
260 1729 363 1756 τούτων
382 1730 560 1766 ἧρμώμενος,
579 1731 627 1758 καὶ
643 1731 726 1767 ἕτερα
753 1732 828 1769 παρὰ
847 1733 906 1759 τού-

108 1786 174 1809 τους
189 1777 342 1813 τολμήσας,
365 1778 438 1805 κακὰ
459 1778 498 1814 τῷ
519 1779 615 1815 κόσμῳ
636 1779 764 1816 ὲξήμεσε.
788 1776 906 1814 Τούτους

109 1823 165 1859 γὰρ
177 1823 330 1859 διαδέχεται
347 1824 411 1856 τοὺς
431 1825 496 1861 περὶ
509 1825 670 1858 Σεκοῦνδον,
687 1827 735 1854 καὶ
757 1827 903 1864 Ἐπιφάνη,

109 1870 158 1896 καὶ
176 1870 360 1905 Πτολεμαῖον,
375 1871 422 1897 καὶ
441 1871 633 1899 Οὐαλεντῖνον·
646 1873 686 1905 εἰς
707 1874 905 1910 περισσοτέραν

108 1916 139 1943 δὲ
159 1916 302 1952 ἀγυρτώδη
330 1917 503 1952 συνάοροισιν
521 1917 638 1954 ἐπήρθη.
657 1918 758 1946 Γύναια
783 1920 838 1956 γὰρ
859 1921 906 1947 καὶ

109 1961 210 1997 ἄνδρας
224 1961 270 1987 ὑπ’
287 1961 368 1995 αὐτοῦ
386 1962 584 1998 πεπλανημένα
601 1972 632 1990 τε
658 1964 705 1990 καὶ
729 1965 906 2001 πεπλανημέ-

109 2015 173 2039 νους
185 2008 350 2042 ἐπηγάγετο,
367 2008 533 2043 ὑποληφθεὶς
546 2010 560 2036 ὁ
574 2009 690 2042 ἐλεεινὸς
705 2010 852 2048 διορθωτὴς
866 2009 906 2038 εἴ-

109 2062 155 2080 ναι
171 2053 225 2080 τῶν
241 2054 451 2090 προειρημένων
467 2055 634 2082 ἀπατεώνων
645 2075 652 2086 ,
676 2057 906 2093 μαγικῆςηὺπάρ-

108 2108 165 2135 χων
176 2099 289 2132 κυϐείας
304 2100 510 2136 ἐμπειρότατος.
531 2102 689 2138 ’Λπατήσας
702 2102 731 2128 δὲ
742 2103 805 2134 τοὺς
818 2112 906 2138 προει-

109 2146 246 2181 ρημένους
261 2146 366 2178 πάντας
384 2147 430 2173 καὶ
448 2147 498 2179 τὰς
524 2147 727 2183 προειρημένας
740 2169 747 2181 ,
764 2148 906 2184 προσέχειν

106 2191 184 2226 αὐτῷ
200 2192 208 2207 ¹
224 2192 262 2223 ὡς
277 2193 504 2229 γνωστικωτάτῳ,
521 2194 569 2220 καὶ
582 2194 696 2229 δύναμιν
708 2194 757 2230 τὴν
774 2194 906 2230 μεγίστην

107 2236 164 2263 ἀπὸ
174 2237 229 2264 τῶν
244 2238 369 2274 ἀοράτων
386 2238 433 2265 καὶ
448 2239 680 2275 ἀκατονομάστων
696 2240 787 2267 τόπων
805 2240 903 2276 ἔχοντι,

108 2282 147 2315 ὡς
163 2283 317 2319 πρόδρομος
335 2283 372 2310 ὦν
398 2284 507 2320 ἀληθῶς
526 2285 573 2312 τοῦ
604 2286 788 2322 ’Λντιχρίστου
808 2287 905 2314 ἀποδέ-

107 2329 223 2356 δεικται.
240 2329 281 2356 Τὰ
301 2330 356 2366 γὰρ
379 2331 536 2364 ’Λναξιλάου
554 2331 592 2367 (9)
609 2332 724 2366 παίγνια
745 2334 778 2368 τῇ
794 2333 849 2360 τῶν
863 2333 906 2360 λε-

105 2375 232 2411 γομένων
260 2375 356 2411 μάγων
387 2377 539 2414 πανουργίᾳ
564 2378 704 2413 συμμίξας
720 2399 727 2412 ,
754 2379 788 2405 δι’
814 2379 904 2405 αὐτῶν

106 2421 254 2455 φαντάζων
267 2430 296 2448 τε
312 2423 359 2449 καὶ
377 2423 516 2458 μαγεύων,
535 2424 575 2455 εις
592 2423 723 2460 ἔκπληξιν
739 2425 804 2457 τοὺς
817 2425 903 2461 ὀρῶν-

104 2467 155 2499 τάς
170 2476 199 2493 τε
212 2468 260 2494 καὶ
276 2468 455 2502 πειθομένους
476 2469 550 2506 αὐτῷ
564 2470 740 2506 περιέϐαλεν·
759 2471 797 2503 ὡς
812 2472 858 2498 καὶ
877 2472 902 2498 οἱ

105 2512 152 2539 ὑπ’
165 2512 248 2539 αὑτοῦ
263 2513 303 2540 ἔτι
325 2514 371 2540 καὶ
390 2515 430 2546 εὶς
454 2514 534 2550 δεῦρο
553 2515 632 2542 τοῦτο
655 2515 834 2544 ἐπιτελοῦσιν.
868 2517 900 2544 Οἱ

103 2556 135 2591 δὲ
161 2557 196 2584 τὰ
220 2558 274 2585 ἀπὸ
298 2559 460 2594 περιεργίας
482 2559 617 2595 ὁρῶντες,
637 2560 746 2588 δοκοῦσι
769 2561 900 2598 δυνάμεις

142 2615 151 2630 ¹
167 2614 249 2643 Deest
261 2615 387 2652 ἐποίησε,
401 2620 448 2643 aut
462 2616 549 2643 ἔπτει.

135 2674 180 2738 lS9)
203 2675 241 2702 Τὰ
262 2675 317 2710 γὰρ
341 2675 517 2707 Ἀναξιλάου
539 2676 671 2711 παίγνια.
694 2676 823 2710 Quaenam
848 2677 902 2706 ista

155 2711 211 2737 icra
228 2711 298 2738 sint.
315 2712 435 2738 sparsim
452 2711 555 2738 indicat
569 2711 690 2738 Plinius.
705 2718 736 2738 ul
754 2714 802 2738 lib.
820 2722 902 2738 xxxv.

105 2711 298 2747 .udicrasin},
315 2712 435 2746 sparsim
452 2711 555 2738 indicat
569 2711 690 2745 Plinius,
705 2718 736 2740 ut
754 2714 802 2740 lib.
819 2722 902 2747 xxxv,

103 2754 166 2781 cap.
187 2745 221 2773 45
235 2754 243 2784 :_
259 2745 338 2784 Lusii
351 2751 376 2773 et
390 2746 542 2784 ᾼιιατὶιααδ
553 2755 583 2774 eo
600 2747 642 2782 (de
661 2748 794 2783 sulphure
811 2745 903 2784 loquié

104 2786 160 2814 tur)
174 2781 290 2818 pandens
312 2782 340 2808 in
353 2782 443 2818 Δι-ιιιὶεέξ
461 2790 538 2813 novo.
561 2790 698 2818 prunaque
706 2781 833 2818 subjecta
848 2781 905 2812 Eir—

103 2817 253 2851 cumferena
273 2816 471 2844 exardescentis
486 2825 640 2851 repercussu
656 2816 787 2852 pallorem
803 2820 903 2851 dirum,

103 2853 172 2879 velut
198 2852 403 2888 defunctorum,
432 2853 586 2887 olfuudeute
612 2855 750 2882 conviviis.
786 2855 905 2892 Scripsit

1117 1572 1199 1608 232
1219 1570 1359 1600 comm.
1378 1571 1586 1606 nmrrcosros,

1130 1627 1248 1655 llwresis
1263 1627 1345 1660 XIV,
1359 1627 1412 1654 sive
1428 1626 1563 1654 XXXIV.

993 1683 1013 1710 l.
1032 1683 1141 1711 Marcus
1159 1691 1224 1711 vero
1235 1683 1359 1718 quidam,
1371 1691 1385 1709 a
1398 1691 1453 1718 quo
1467 1683 1664 1710 MarcosiOrum
1679 1687 1755 1710 secta

957 1731 1109 1766 pullulavit,
1135 1739 1149 1757 a
1170 1730 1310 1765 prioribus
1333 1730 1387 1758 illis
1411 1730 1562 1765 profectus,
1589 1737 1620 1756 ac
1645 1729 1754 1756 diversa

956 1779 1080 1814 quaedam
1094 1778 1127 1805 ab
1139 1778 1193 1806 illis
1209 1779 1339 1809 sentiens.
1353 1777 1513 1813 pestiferum
1529 1777 1556 1804 in
1568 1777 1663 1804 orbem
1679 1777 1754 1804 virus

955 1825 1085 1852 evomuit.
1111 1823 1162 1851 Hic
1187 1825 1258 1852 enim
1291 1824 1427 1856 Secundo,
1451 1828 1534 1859 atque
1555 1823 1705 1858 Epiphanio
1728 1828 1755 1849 et

956 1870 1118 1904 Ptolemaeo,
1142 1869 1341 1905 Valcntinoque
1362 1871 1523 1901 succedens,
1543 1870 1698 1897 insaniores
1719 1868 1753 1895 ad

957 1925 1056 1953 nugas.
1081 1925 1113 1945 ac
1135 1918 1208 1945 velut
1232 1918 1427 1944 circulatorum
1456 1917 1564 1944 fabulas
1590 1916 1754 1944 asserendas

956 1971 1119 2000 progressus
1141 1966 1195 1991 est.
1230 1963 1263 1990 Et
1284 1964 1394 1998 quidem
1421 1963 1596 1991 mulierculas
1623 1963 1754 1998 virosque

957 2009 1100 2037 fraudibus
1121 2009 1180 2037 suis
1207 2010 1410 2037 circumventos
1433 2009 1551 2040 induxit,
1579 2009 1752 2044 superiorum

957 2056 1064 2083 illorum
1080 2056 1259 2090 impostorum
1273 2062 1412 2083 corrector
1424 2055 1544 2088 habitus,
1558 2064 1620 2083 cum
1632 2056 1754 2091 magica-

955 2110 1018 2130 rum
1044 2106 1118 2131 esset
1143 2103 1242 2129 artium
1268 2103 1390 2138 apprime
1414 2103 1528 2137 peritus.
1558 2102 1753 2138 Compluribus

956 2149 1040 2185 igitur
1059 2148 1203 2183 utriusque
1222 2157 1305 2177 sexus
1327 2157 1357 2177 se
1381 2154 1409 2176 ut
1431 2149 1603 2185 potissimum
1626 2150 1752 2177 audirent

957 2197 1104 2230 persuasit,
1118 2201 1214 2233 utpote
1229 2196 1456 2227 scientissimum.
1471 2197 1646 2231 maximaque
1659 2204 1692 2223 ex
1706 2204 1753 2223 no-

956 2242 1030 2270 mine
1047 2244 1205 2270 carentibus
1242 2243 1385 2278 visumque
1406 2243 1572 2278 fugientibus
1589 2243 1657 2270 locis
1674 2247 1751 2278 pote-

958 2292 1029 2316 state
1043 2289 1186 2324 praeditum
1200 2299 1206 2322 ;
1225 2297 1258 2318 ex
1278 2297 1333 2324 quo
1354 2297 1446 2317 revera
1456 2297 1485 2317 se
1502 2289 1662 2316 Antichristi
1681 2297 1752 2324 prae-

957 2342 1098 2362 cursorem
1114 2335 1236 2363 ostendit
1261 2335 1386 2362 Auaxilai
1406 2335 1509 2362 ludicra
1526 2335 1626 2370 quippe
1643 2335 1751 2362 somnia

957 2388 1020 2408 cum
1039 2389 1146 2413 eorum.
1167 2389 1236 2416 quos
1258 2389 1352 2417 magos
1372 2381 1526 2414 nominant,
1546 2382 1664 2409 versutia
1685 2389 1750 2408 cou-

953 2426 1072 2462 jungeus
1084 2446 1090 2458 ,
1106 2430 1188 2461 atque
1202 2427 1268 2454 iisce
1285 2427 1430 2462 praestigiis
1447 2431 1473 2455 et
1491 2427 1595 2455 artibus
1611 2427 1728 2455 illudens
1740 2447 1749 2459 ,

956 2478 1126 2509 spectatores
1149 2483 1244 2502 omnes
1266 2482 1298 2501 ac
1326 2474 1446 2501 fautores
1471 2481 1537 2501 SUOS
1559 2473 1585 2500 111
1610 2478 1750 2508 stuporem

954 2519 1218 2554 admiratioucmque
1235 2520 1370 2548 convertit
1390 2528 1398 2546 :
1416 2520 1497 2556 233
1514 2520 1585 2555 quod
1608 2520 1696 2555 ipsum
1718 2520 1751 2546 ad

952 2563 1114 2592 hodiernam
1142 2573 1230 2600 usque
1256 2565 1328 2593 diem
1357 2569 1508 2593 sectatores
1533 2565 1608 2593 illius
1634 2565 1749 2592 facium.

923 2322 944 2348 D

953 2680 1015 2711 iste,
1032 2679 1087 2706 nisi
1107 2679 1199 2713 fallor,
1224 2679 1259 2707 de
1280 2680 1391 2707 arcanis
1408 2679 1574 2713 quibusdam
1590 2684 1696 2706 natura:
1717 2685 1750 2705 ac

955 2687 1015 2711 Isle,
1032 2687 1087 2706 ms:
1107 2687 1199 2713 rauor,
1224 2687 1259 2707 (te
1280 2687 1391 2707 arcanis
1408 2687 1574 2742 qpmusuam
1590 2687 1696 2706 natura:
1717 2687 1749 2705 ac

953 2715 1031 2742 miris
1048 2715 1191 2750 operibus.
1209 2719 1238 2742 ut
1256 2723 1289 2743 ex
1303 2716 1399 2743 eodem
1438 2715 1505 2742 linio
1523 2715 1585 2742 licet
1609 2715 1749 2747 colligere,

953 2750 1002 2778 lib.
1017 2758 1081 2782 xxx,
1095 2758 1155 2785 cap.
1174 2751 1200 2782 1,
1222 2750 1270 2778 lib.
1287 2759 1392 2781 xxvul.
1423 2758 1475 2785 cap
1492 2750 1521 2777 11
1540 2755 1566 2778 et
1586 2750 1634 2777 lib.
1651 2757 1749 2782 xxxm,

953 2792 1014 2823 capp.
1031 2786 1075 2823 10.
1098 2786 1171 2819 Quin
1187 2789 1214 2813 et
1238 2789 1340 2822 szepius
1358 2786 1430 2814 libro
1446 2786 1537 2823 primo
1557 2787 1585 2812 in
1604 2789 1750 2813 auctorum

954 2820 1076 2850 indiculo
1091 2823 1202 2849 citatur.
