1952 3045
80 164 130 192 585

418 163 604 192 ADVERSUS
626 164 796 192 IIERESES
816 164 880 191 LIB.
901 165 922 191 l.
944 164 1025 191 ΤΟΜ.
1047 164 1091 192 Ill.
1113 181 1146 185 —
1165 165 1304 194 HAZRES.
1322 165 1442 194 XXXIV.

1645 165 1696 195 586

81 213 255 257 παραπλήσια
284 221 366 248 ποιῶν
389 222 545 258 ἐξηπάτησε
568 223 699 255 πολλοὺς,
724 224 770 250 καὶ
807 224 860 250 ἀπ-

920 223 1069 258 ιιιεωᾶιιιη,
1089 223 1170 258 cujus
1188 231 1272 259 opera
1298 228 1325 251 et
1353 223 1498 251 vaticinari
1517 222 1652 256 videatur,
1669 227 1698 250 et

79 268 192 303 ηγήοχεν
214 267 402 296 ὀπίσωαὺτοῦ.
418 268 498 300 Εἰκὸς
522 268 551 294 δὲ
572 269 653 295 αὐτὸν
672 269 787 304 δαίμονά
802 278 861 295 τινα

80 314 210 349 πάρεδρον
227 313 309 349 ἔχειν,
326 314 360 340 δι’
373 310 404 340 οὗ
424 314 505 346 αὑτός
524 323 554 341 τε
573 315 753 350 προφητεύειν
777 315 860 348 δοκεῖ,

79 361 124 387 καὶ
139 360 204 391 ὅσας
218 359 296 391 ἀξίας
310 361 418 394 ἡγεῖται
431 361 560 396 μετόχους
574 361 624 395 τῆς
640 361 749 396 χάριτος
768 361 860 392 αὑτοῦ.

80 407 260 443 προφητεύειν
292 408 372 433 ποιεῖ.
400 407 526 434 Μάλιστα
556 408 610 443 γὰρ
642 408 705 443 περὶ
730 409 862 442 γυναῖκας

80 453 241 489 ἀσχολεῖται,
258 453 305 479 καὶ
325 453 426 480 τούτων
441 454 489 486 τας
513 454 697 490 εὐπαρύφους,
721 455 767 481 καὶ
785 463 862 489 περι-

81 498 250 534 πορφύρους.
290 499 336 525 καὶ
364 499 579 531 πλουσιωτάτας,
604 499 638 531 ἃς
656 499 786 531 πολλάκις
811 501 862 526 ὑπ-

78 544 190 578 άγεσθαι
202 543 369 580 πειρώμενος
387 544 541 571 κολακεύων
552 545 632 580 φησὶν
644 546 737 576 αὑταῖς
746 554 752 559 ·
767 547 862 572 Μετα-

78 589 183 616 δοῦναί
205 597 255 616 σοι
283 589 359 616 θέλω
380 589 434 624 τῆς
462 589 536 625 ἐμῆς
558 589 688 624 χάριτος.
714 590 817 624 ἐπειδὴ
846 592 862 617 ό

78 634 178 668 Πατὴρ
200 634 259 661 τῶν
283 635 363 662 ὅλων
385 635 439 662 τὸν
458 635 588 669 ἄγγελόν
612 643 670 662 σου
699 635 863 669 διαπαντὸς

75 679 183 711 ,βλέπει
200 680 257 714 πρὸ
275 680 437 714 προσώπου
459 681 562 708 αὐτοῦ.
585 681 615 707 '0
637 681 671 708 δὲ
696 682 787 715 τόπος
809 681 862 709 τοῦ

74 725 219 760 μεγέθους
233 726 268 752 ἐν
285 725 358 760 ἡμῖν
371 727 378 741 ³
393 726 459 753 ἐστι
479 726 515 753 δι’
535 726 613 761 ἡμᾶς
627 726 861 761 ἐγκαταστῆσαι.

78 771 214 805 Λάμϐανε
243 771 361 806 πρῶτον
385 772 437 799 ἀπ’
463 772 536 807 ἐμοῦ
564 773 614 799 καὶ
644 773 682 800 δι’
706 773 779 808 ἐμοῦ
806 772 864 806 τὴν

76 817 173 852 χάριν.
191 818 380 852 Εὐτρέπισον
401 819 546 853 σεαυτὴν,
563 819 603 852 ὡς
623 821 724 854 νύμφη
743 819 863 854 ἐκδεχο-

75 864 150 899 ιιένη
173 865 226 891 τὸν
243 865 374 900 νυμφίον
395 865 516 899 ἑαυτῆς,
537 866 587 892 ἵνα
605 866 663 900 ἔσῃ
687 865 703 892 ὃ
725 864 791 900 ἐγὼ,
813 865 862 891 καὶ

913 277 982 304 quas
995 278 1058 298 esse
1073 269 1169 305 dignas
1187 270 1336 302 censuerit,
1349 270 1471 298 eamdem
1486 269 1541 297 illis
1555 269 1696 296 divinandi

912 316 967 343 vim
1001 316 1115 343 tribuat.
1144 315 1212 342 Nam
1241 323 1305 343 cum
1334 315 1498 342 mulieribus
1522 315 1696 350 potissimum

913 366 1047 394 versatur,
1071 361 1229 396 eisdemque
1250 361 1368 395 eleganti
1390 364 1500 390 ornatu,
1527 367 1559 386 ac
1576 365 1696 394 purpura

913 407 1095 442 praetextatis,
1112 411 1139 434 et
1158 406 1351 442 locupletibus,
1369 413 1438 441 quas
1455 409 1485 432 ut
1498 405 1532 432 ad
1547 413 1608 432 sese
1621 405 1699 440 pelli-

913 452 977 483 ciat.
992 451 1032 478 sic
1047 458 1094 478 eas
1108 451 1253 478 blandiens
1268 451 1414 485 alloquitur
1431 459 1438 478 :
1451 450 1525 478 Libet
1539 450 1634 485 gratia:
1651 449 1697 476 tibi

913 506 978 525 mete
993 498 1095 534 aliquid
1111 507 1256 534 aspergere,
1272 500 1396 534 quoniam
1407 507 1495 526 rerum
1507 499 1624 525 omnium
1642 497 1698 524 Pan

913 553 973 572 rens
991 546 1112 581 angelum
1129 549 1202 572 tuum
1220 545 1330 572 assiduo
1347 553 1437 572 coram
1452 553 1507 572 sese
1519 545 1597 572 videt.
1611 543 1698 571 Locus

913 599 992 626 porro
1007 591 1198 626 magnitudinis
1225 596 1277 618 tum
1297 592 1324 618 in
1346 591 1421 618 nobis
1433 596 1481 618 est.
1500 590 1532 617 In
1547 597 1700 617 unumcoa-

914 638 1010 664 [escere
1029 646 1076 664 nos
1091 643 1192 673 oportet
1208 646 1217 665 :
1237 639 1352 673 primum
1366 638 1449 673 igitur
1467 646 1484 664 α
1501 646 1541 664 me
1557 645 1588 664 ac
1603 644 1648 671 per
1659 643 1700 664 me

913 685 1028 719 gratiam
1060 685 1156 719 accipe.
1195 683 1326 718 ,Pra’para
1365 688 1398 715 te,
1434 689 1560 718 tanquam
1602 690 1700 717 sponsa

913 739 1039 766 sponsum
1056 739 1131 758 suum
1151 737 1313 765 exspectans,
1330 735 1358 757 ut
1371 735 1395 757 et
1412 736 1439 756 tu
1451 730 1565 764 idipsum
1577 730 1614 756 sis
1630 728 1699 764 quod

913 785 959 812 ego
974 785 1043 809 sum,
1064 781 1090 804 et
1108 785 1154 812 ego
1165 777 1217 804 sint
1232 776 1301 812 quod
1321 781 1347 802 tu
1363 784 1400 803 es.
1418 776 1482 811 Age,
1511 776 1578 803 lucts
1598 775 1700 802 sentina

914 823 942 850 in
959 823 1076 850 thalamo
1097 827 1142 849 tuo
1156 822 1269 849 colloca.
1285 822 1379 856 Accipe
1399 831 1415 848 a
1431 830 1470 849 me
1481 828 1702 856 sponsum,eum~

914 875 962 902 que
976 876 1050 902 cape.
1059 872 1084 895 et
1100 868 1133 894 ab
1152 876 1181 894 eo
1199 875 1301 902 capere.
1319 867 1385 894 Ecce
1399 867 1533 894 descendit
1546 867 1574 894 in
1596 871 1621 894 te
1637 875 1697 902 gra-

75 908 133 943 ὲγὼ
150 908 166 935 ὃ
190 909 240 936 σύ.
260 909 450 943 Καθίδρυσον
474 910 509 936 ὲν
529 910 570 942 τῷ
584 909 723 944 νυμφῶνι
749 918 808 936 σου
832 909 865 936 τὸ

920 914 971 946 ιὶα;
986 914 1060 948 aperi
1071 922 1100 940 οε
1117 917 1201 944 tuum,
1215 917 1241 940 et
1256 913 1412 940 vaticinare.
1436 913 1478 940 Ad
1506 913 1564 940 haec
1589 920 1701 948 respou-

75 954 194 989 σπέρμα
208 954 262 982 τοῦ
276 955 383 990 φωτός.
395 955 472 982 Λάϐε
483 955 551 990 παρ’
566 956 639 990 ἐμοῦ
655 955 708 983 τὸν
719 955 860 990 νυμφίον,

76 1001 124 1028 καὶ
139 1000 279 1035 χώρησον
293 1002 396 1033 αὑτὸν,
410 1002 459 1029 καὶ
472 1002 620 1037 χωρήθητι
638 1002 673 1028 ἐν
685 1001 774 1034 αὐτῷ.
787 1001 860 1029 Ἰδοὺ

75 1046 94 1079 ἠ
109 1046 194 1081 χάρις
206 1046 356 1080 κατῆλθεν
367 1047 416 1074 ἐπὶ
436 1047 474 1075 σέ
483 1057 489 1063 ·
503 1048 626 1080 ἄνοιξον
637 1048 670 1074 τὸ
684 1049 780 1083 στόμα
791 1056 860 1080 σου,

76 1092 123 1118 καί
139 1092 363 1126 προφήτευσον.
375 1094 432 1129 Τῆς
446 1094 473 1120 δὲ
485 1094 612 1128 γυναικὸς
630 1093 858 1129 άποκρινομένης,

77 1139 119 1166 οὐ
133 1140 344 1174 προεφήτευσα
365 1141 494 1172 πώποτε,
513 1140 563 1166 καὶ
588 1141 643 1167 οὐκ
663 1139 729 1167 οἶδα
747 1147 860 1174 προφη-

914 960 996 987 dente
1016 959 1116 987 femina
1131 968 1138 987 :
1154 958 1298 995 Nunquam
1315 959 1460 986 vaticinata
1477 967 1547 991 sum,
1561 967 1641 994 neque
1653 967 1701 986 va-

915 1004 1023 1030 ticinari
1037 1004 1092 1030 scio
1113 1011 1122 1029 :
1145 1003 1190 1031 ille
1216 1008 1306 1031 certas
1335 1004 1522 1031 invocationes
1546 1003 1700 1038 proferens,

914 1057 1026 1077 rursum
1057 1055 1088 1077 ut.
1114 1050 1220 1077 stolidre
1237 1050 1275 1077 illi
1305 1054 1445 1085 stuporem
1468 1050 1591 1084 injiciat:
1609 1049 1700 1084 Aperi,

914 1095 1017 1130 inquit.
1035 1103 1064 1122 os
1080 1099 1165 1128 tuum,
1177 1100 1202 1122 et
1213 1095 1340 1130 quidquid
1360 1095 1475 1122 volueris
1491 1095 1608 1130 loquere,
1626 1099 1703 1123 ctu:-

914 1141 1078 1168 ticinaberis.

75 1188 183 1219 τεύειν,
209 1187 368 1222 ἐπικλήσεις
401 1186 477 1218 τινὰς
503 1185 680 1221 ποιούμενος,
704 1187 737 1212 ἐκ
765 1187 892 1223 δευτέρου
925 1187 965 1219 εὶς
1001 1185 1169 1221 κατάπληξιν
1194 1185 1244 1221 τῆς
1277 1186 1479 1222 ὰπατωμένης,
1512 1187 1594 1222 φησὶν
1621 1187 1702 1224 circa“

77 1235 213 1267 Ἀνοιξον
231 1235 264 1261 τὸ
283 1236 380 1269 στόμα
392 1242 462 1266 σου,
478 1233 617 1268 itii-mror
633 1234 650 1261 ὅ
672 1243 699 1261 τι
721 1234 842 1268 δήποτε,
857 1235 906 1262 καὶ
925 1234 1130 1269 προφητεύεις.

115 1282 148 1308 Ἠ
165 1282 204 1313 δὲ,
220 1281 400 1317 χαυνωθεῇια,
412 1282 459 1308 καὶ
475 1281 650 1315 κεπφωθετσα
661 1281 713 1308 ὑπὸ
728 1281 782 1308 τῶν
798 1291 864 1318 προ-⁴

76 1327 240 1363 ειρημένων,
255 1326 482 1362 διαθερμανοείσα
494 1326 543 1362 τὴν
554 1326 642 1362 ψυχὴν
654 1327 706 1353 ὑπὸ
717 1327 766 1363 τῆς
781 1336 865 1363 προσ-

75 1373 168 1406 δοκίας
182 1373 229 1400 τοῦ
248 1373 354 1408 μέλλειν
370 1372 454 1408 αὐτὴν
472 1373 666 1408 προφητεύειν,
684 1373 734 1408 τῆς
751 1373 864 1408 καρδίας

75 1418 158 1445 πλέον
175 1418 222 1445 τοῦ
238 1418 344 1450 δέοντος
368 1418 522 1453 παλλούσης
532 1438 539 1450 ,
555 1418 695 1453 ἀποτολμᾷ
715 1418 804 1445 λαλεῖν
817 1419 866 1454 λη-

77 1465 162 1501 ρώδη.
177 1465 224 1492 καὶ
241 1464 276 1491 τὰ
296 1465 412 1500 τυχόντα
426 1464 517 1491 πάντα
532 1464 619 1496 κενῶς
640 1465 686 1491 καὶ
708 1465 863 1500 τολμηρῶς,

77 1511 127 1538 ἅτε
150 1511 204 1538 ὑπὸ
228 1511 308 1538 κενοῦ
328 1510 536 1546 τεθερμασμένη
553 1510 725 1546 πνεύματος·
745 1511 835 1543 καθὼς
851 1513 864 1537 ὁ

76 1557 213 1593 κρείσσων
232 1557 309 1593 ἡμῶν
334 1556 386 1592 ἔφη
407 1557 471 1592 περὶ
495 1556 549 1583 τῶν
565 1556 708 1583 τοιούτων·
726 1557 786 1583 ’Ότι
806 1558 864 1583 τολ-

953 1281 1001 1309 llla
1019 1281 1176 1310 istiusmodi
1192 1281 1284 1309 inﬂata
1310 1281 1413 1314 verbis,
1428 1281 1565 1317 elataque,
1590 1289 1622 1309 ac
1638 1289 1704 1317 pro-

918 1329 1018 1364 phetici
1047 1328 1123 1355 illius
1152 1328 1259 1355 aﬂlatus
1292 1327 1497 1362 exspectatione
1523 1326 1703 1360 inﬂammata,

918 1375 1067 1410 palpitante
1083 1374 1145 1409 plus
1167 1374 1248 1401 solito
1265 1377 1386 1409 pectore,
1404 1381 1492 1408 nugas
1515 1373 1647 1408 quasdam
1663 1374 1705 1401 er-

918 1420 1011 1451 futirc.
1027 1427 1059 1447 ac
1076 1419 1210 1454 quidquid
1234 1420 1262 1446 in
1292 1419 1405 1446 buccam
1431 1419 1537 1446 venerit
1563 1418 1705 1447 eﬁ‘undere

918 1473 973 1493 non
986 1465 1103 1495 dubitat,
1124 1473 1178 1492 non
1194 1465 1285 1492 minus
1302 1473 1372 1492 vane
1385 1471 1468 1500 quam
1486 1469 1597 1497 temere,
1610 1469 1706 1500 utpote

919 1512 994 1538 inani
1026 1511 1125 1546 spiritu
1147 1511 1291 1538 calefacta.
1322 1510 1400 1543 Nam,
1429 1514 1460 1537 ut
1486 1510 1598 1546 quidam
1625 1510 1705 1538 nobis

919 1558 1004 1585 multo
1031 1558 1208 1592 praestantior
1235 1557 1269 1584 de
1293 1556 1452 1584 hontinibus
1468 1556 1603 1592 ejusmodi
1623 1557 1704 1590 dixit,

79 1603 168 1638 μηρὸν
184 1603 231 1630 καὶ
247 1604 354 1633 ἀναιδὲς
375 1603 447 1639 ψυχὴ
474 1603 546 1639 κενῷ
563 1604 622 1640 ἀέρι
645 1604 844 1640 Θερμαινομένη
856 1613 863 1620 ·

920 1602 1007 1629 audax
1028 1606 1055 1630 et
1080 1602 1225 1637 itnpudens
1247 1606 1290 1630 est
1316 1603 1424 1630 animus
1440 1602 1513 1629 inani
1528 1609 1591 1630 aere
1601 1601 1705 1629 calefa-

77 1650 127 1676 xa‘t
142 1650 196 1676 ἀπὸ
214 1650 309 1676 τούτου
323 1650 415 1677 λοιπὸν
434 1651 589 1686 προφήτιδα
611 1651 709 1686 ἑαυτὴν
725 1651 864 1686 μεταλαμ-

78 1694 191 1726 εὰνει¹,
216 1695 262 1721 καὶ
286 1696 442 1730 εὐχαριστεῖ
465 1696 571 1731 Μάρκῳ
587 1696 625 1731 τῷ
647 1696 791 1723 ὲπιδιδόντι
815 1696 865 1731 τῆς

78 1742 148 1774 ἰδίας
160 1742 272 1778 χάριτος
288 1743 367 1778 αὐτῇ.
382 1743 437 1769 Καὶ
457 1742 618 1778 ἀμείϐεσθαι
638 1743 719 1769 αὑτὸν
738 1743 864 1778 πειρᾶται

77 1788 109 1815 ού
125 1789 206 1824 μόνον
225 1788 295 1815 κατὰ
313 1789 364 1824 τὴν
377 1788 432 1815 τῶν
450 1789 629 1824 ὑπαρχόντων
643 1788 725 1820 δόσιν,
742 1788 803 1814 ὅθεν
819 1789 866 1815 καὶ

77 1834 230 1870 χρημάτων
246 1834 347 1869 πλῆθος
362 1834 430 1861 πολὺ
449 1835 636 1870 συνενήνοχεν,
651 1833 775 1860 ἀλλὰκαὶ
795 1833 866 1860 κατὰ

77 1881 129 1916 τὴν
151 1880 199 1907 τοῦ
221 1881 346 1916 σώματος
367 1880 518 1911 κοινωνίαν,
539 1880 610 1907 κατὰ
630 1879 719 1906 πάντα
741 1878 867 1906 ἑνοῦσθαι

77 1927 156 1962 αὐτῷ
175 1926 398 1962 προθυμουμένη.
416 1926 459 1952 ἵνα
485 1927 533 1952 σὺν
553 1925 627 1959 «ora
643 1925 758 1960 κατέλθῃ
783 1927 822 1957 εἰς
838 1925 868 1951 τὸ

77 1974 120 2000 ἓν.
138 1973 207 2009 Ἤδη
236 1973 265 2000 δὲ
289 1973 344 1999 τῶν
370 1973 510 2008 προτέρων
525 1972 535 1987 ³
560 1972 632 2004 τινὲς
656 1972 792 2006 γυναικῶν
815 1971 868 1997 τῶν

78 2019 203 2054 ἐχουσῶν
219 2019 265 2045 τὸν
277 2018 359 2054 φόϐον
369 2018 416 2045 τοῦ
428 2018 505 2050 Θεοῦ,
521 2017 569 2044 καὶ
587 2018 624 2053 μὴ
635 2017 867 2053 ὲξαπατηθεισῶν,

78 2065 114 2097 ἃς
142 2065 242 2100 ὁμοίως
268 2067 327 2097 ταῖς
358 2065 465 2096 λοιπαῖς
489 2065 651 2100 ἐπετήδευσε
678 2063 867 2099 παρα-πείθειν,

78 2111 202 2138 κελεύων
222 2111 318 2143 αὐταῖς
343 2110 544 2146 προφητεύειν,
567 2111 614 2136 καὶ
642 2109 869 2144 καταφυσήτασαι

79 2159 130 2185 καὶ
149 2157 402 2192 καταθεματίσασαι
416 2157 507 2188 αὑτὸν,
521 2155 708 2192 ἐχωρίσθησαν
720 2154 765 2181 τοῦ
780 2154 869 2181 τοιού-

78 2213 128 2230 του
150 2204 262 2230 Θιασου·
280 2203 403 2239 ἀκριϐῶς
418 2202 514 2229 εἰδυῖαι
526 2223 534 2234 ,
557 2203 598 2229 ὅτι
619 2201 803 2238 προφητεύειν
821 2201 870 2236 οὐχ

79 2249 136 2276 ὑπὸ
157 2250 270 2285 Μάρκου
291 2249 336 2276 τοῦ
362 2250 449 2284 μάγου
471 2249 606 2283 ἐγγίνεται
630 2249 684 2279 τοῖς
705 2247 869 2283 ἀνθρώποις,

80 2295 141 2322 ἀλλ’
155 2293 194 2326 οἷς
205 2295 237 2321 ἂν
249 2297 262 2322 ὁ
276 2295 343 2326 Θεὸς
357 2295 459 2322 ἄνωθεν
473 2294 617 2329 ὲπιπέμψῃ
628 2293 677 2328 τὴν
687 2294 765 2328 χάριν
778 2292 871 2323 αὑτοῦ,

80 2339 157 2369 οὗτοι
180 2341 317 2367 θεόσδοτον
342 2340 432 2376 ἔχουσι
457 2340 506 2375 τὴν
528 2338 712 2374 προφητείαν,
740 2339 785 2365 καὶ
812 2338 872 2364 τότε

81 2387 212 2414 λαλοῦσιν
224 2386 287 2413 ἔνθα
301 2387 348 2413 καὶ
364 2387 446 2412 ὁπότε
461 2386 528 2417 Θεὸς
543 2385 677 2419 βούλεται,
693 2384 751 2410 ἀλλ’
768 2384 817 2418 οὐχ
828 2383 873 2410 ὅτε

81 2434 199 2469 Μάρκος
222 2432 336 2459 κελεύει.
355 2433 392 2458 Τὸ
409 2432 463 2466 γὰρ
489 2431 599 2457 κελεῦον
620 2429 666 2456 τοῦ
694 2428 872 2464 κελευόμενον

82 2479 180 2515 μεῖζόν
195 2487 225 2504 τε
243 2479 289 2505 καὶ
302 2478 479 2514 κυριώτερον.
499 2478 577 2504 Ἐπεὶ
592 2477 622 2504 τὸ
638 2476 687 2511 μὲν
698 2476 871 2510 προηγεῖται,

80 2526 113 2552 τὸ
135 2525 165 2551 δὲ
185 2525 378 2551 ὑποτέτακται.
397 2524 428 2550 Et
453 2522 498 2550 οὖν
521 2523 632 2557 Μάρκος
658 2522 707 2557 μὲν
724 2520 839 2552 κελεύει,
856 2520 873 2555 ἢ

80 2571 166 2602 ἄλλος
178 2579 232 2603 τις,
249 2571 286 2602 ὡς
300 2570 427 2597 εἰώθασιν
442 2570 488 2596 ἐπὶ
506 2570 561 2600 τοῖς
574 2568 692 2599 δείπνοις
711 2566 759 2593 τοῦ
773 2566 874 2601 κλήρου

81 2616 158 2646 οὗτοι
172 2618 287 2644 πὰντοτε
301 2616 419 2648 παίζειν,
431 2617 478 2643 καὶ
495 2615 619 2650 ἀλλήλοις
635 2612 826 2648 ἐγκελεύεσοαι
843 2612 874 2638 τὸ

82 2663 280 2700 προφητεύειν,
301 2662 347 2689 καὶ
361 2662 430 2697 πρὸς
447 2661 497 2692 τὰς
515 2660 581 2692 ἰδίας
603 2659 751 2695 ἐπιθυμίας
767 2659 874 2689 ἑαυτοῖς

82 2710 286 2747 μαντεύεσθαι¹
311 2709 386 2735 ἔσται
406 2709 420 2734 ὁ
445 2707 563 2734 κελεύων
586 2705 686 2742 μείζων
706 2714 735 2732 τε
758 2704 804 2732 καὶ
825 2712 874 2730 κυ-

81 2758 219 2795 ριώτερος
233 2755 281 2782 τοῦ
296 2754 466 2792 προφητικοῦ
484 2753 639 2788 πνεύματος
649 2773 656 2784 ,
675 2751 818 2787 ἄνθρωπος
827 2749 874 2783 ὢν,

919 1652 991 1676 ctus.
1008 1648 1045 1675 Ex
1073 1648 1121 1675 illo
1146 1648 1275 1683 deinceps
1301 1653 1422 1683 tempore
1441 1652 1529 1675 vatem
1553 1655 1583 1676 se
1607 1647 1706 1676 mulier

918 1694 1067 1726 existimat,
1083 1700 1111 1721 et
1132 1693 1234 1726 Marco,
1251 1694 1299 1729 qui
1320 1694 1353 1721 de
1369 1701 1418 1721 sua
1444 1694 1470 1720 in
1494 1693 1581 1728 ipsum
1605 1693 1708 1721 virtute

919 1740 1080 1774 transfudit,
1105 1740 1207 1776 gratias
1227 1741 1293 1775 agit,
1317 1740 1409 1775 itaque
1429 1740 1533 1767 referre
1557 1740 1659 1774 studet,
1677 1746 1708 1768 ut

920 1795 974 1815 non
989 1787 1114 1814 fortunas
1130 1786 1212 1814 modo
1228 1794 1294 1814 suas
1316 1786 1341 1813 ei
1371 1786 1521 1822 largiatur;
1539 1785 1611 1813 unde
1624 1793 1708 1821 pecu-

920 1833 1029 1860 niarum
1050 1832 1187 1867 ingentem
1211 1831 1257 1859 ille
1278 1831 1334 1858 vim
1357 1831 1485 1866 collegit;
1500 1838 1597 1858 verum
1624 1831 1707 1859 etiam

921 1878 1047 1913 corporis
1062 1877 1105 1905 sui
1123 1881 1283 1912 potestatem
1301 1876 1393 1909 faciat,
1416 1885 1478 1904 cum
1497 1885 1584 1912 eoque
1597 1878 1707 1913 penitus

921 1924 1044 1958 copulari
1059 1924 1161 1959 cupiat,
1178 1927 1207 1950 ut
1223 1924 1250 1950 in
1266 1931 1350 1950 unutn
1376 1930 1439 1950 cum
1469 1923 1529 1958 ipso
1553 1924 1708 1951 coalescere

923 1971 1019 2005 possit.
1035 1969 1088 1998 Sed
1101 1969 1203 1997 accidit
1217 1969 1364 2000 interdum,
1377 1969 1516 1996 nonnullae
1532 1973 1562 1996 ut
1572 1969 1708 1997 ﬁdeliores

922 2014 1002 2049 235
1021 2013 1129 2042 femina:
1140 2022 1171 2041 ac
1183 2014 1282 2041 timore
1295 2013 1341 2041 Dei
1356 2014 1485 2048 prteditte,
1500 2021 1550 2041 nec
1562 2015 1596 2041 ab
1605 2014 1650 2041 illo
1659 2014 1710 2042 de-

923 2064 1018 2094 Ct-ptaz,
1033 2060 1142 2087 tametsi
1158 2059 1272 2094 perinde
1294 2067 1341 2086 eas
1359 2063 1388 2086 ut
1403 2059 1524 2094 reliquas
1540 2059 1567 2086 in
1582 2059 1708 2086 fraudem

924 2109 1042 2132 tentaret
1059 2105 1210 2140 impellere.
1223 2113 1254 2132 ac
1267 2105 1410 2132 vaticinari
1424 2105 1563 2139 jussisset,
1577 2104 1651 2131 hunc
1667 2105 1709 2140 ip-

925 2159 985 2178 sum
999 2150 1179 2178 nihilominus
1195 2156 1368 2186 respuerent,
1383 2157 1416 2177 ac
1428 2150 1640 2182 detestarentur,
1666 2156 1710 2177 se-

924 2205 977 2233 que
993 2197 1027 2224 ab
1043 2197 1090 2225 illo
1107 2200 1179 2225 coetu
1195 2201 1371 2233 segregarem
1394 2207 1401 2224 :
1427 2196 1498 2224 haud
1525 2197 1626 2232 ignarae
1642 2196 1709 2231 quin

926 2243 1105 2278 propltetaudi
1122 2243 1165 2271 vis
1194 2251 1248 2270 non
1265 2251 1279 2269 a
1296 2243 1388 2270 Marco
1404 2243 1540 2270 derivaret
1563 2243 1592 2269 in
1621 2242 1710 2269 homi-

926 2298 985 2321 nus,
1004 2289 1051 2316 sed
1069 2290 1103 2316 iis
1123 2289 1223 2324 potius,
1247 2289 1348 2324 quibus
1363 2289 1495 2316 divinitus
1517 2296 1617 2316 munus
1643 2288 1709 2316 illud

926 2339 1000 2362 esset
1014 2335 1145 2367 oblatum,
1162 2335 1294 2370 singulari
1309 2335 1427 2370 quodam
1445 2333 1578 2362 beneficio
1600 2334 1711 2361 contin-

927 2385 1018 2416 geret;
1030 2380 1077 2415 qui
1092 2388 1146 2407 non
1162 2380 1243 2408 simul
1256 2385 1338 2416 atque
1352 2380 1461 2407 Marcus
1477 2379 1647 2414 imperasset,
1663 2379 1711 2407 sed

927 2426 1084 2460 ubicunque
1095 2432 1127 2455 ac
1140 2425 1359 2460 quandocunquc
1373 2425 1444 2452 Deus
1459 2424 1550 2455 vellet,
1563 2423 1711 2458 loqueren-

926 2475 980 2498 tur.
993 2471 1061 2498 Nam
1078 2471 1150 2506 quod
1168 2471 1246 2498 alteri
1258 2471 1335 2505 jubet
1354 2466 1467 2505 aliquid,
1486 2469 1514 2497 id
1530 2477 1563 2498 eo
1575 2470 1711 2504 cuijube-

927 2521 972 2543 tur
983 2516 1072 2550 majus
1086 2520 1128 2543 est
1141 2523 1172 2543 ac
1188 2516 1361 2550 praestantius
1372 2515 1519 2551 ;'quoniam
1532 2514 1596 2542 illud
1611 2516 1710 2549 prima-

928 2562 1011 2596 rium,
1026 2561 1078 2590 hoc
1094 2561 1209 2589 iul‘erius
1225 2566 1269 2589 est
1281 2565 1308 2588 ct
1323 2561 1489 2596 subjectum.
1504 2560 1591 2596 Igitur
1604 2560 1627 2588 si
1639 2559 1711 2586 Mar-

929 2617 977 2636 cus
992 2609 1118 2644 imperat,
1132 2609 1236 2636 aliusve
1252 2608 1325 2643 quis,
1345 2608 1384 2635 uti
1400 2615 1460 2635 mos
1470 2612 1514 2635 est
1530 2607 1558 2634 in
1580 2606 1712 2634 conviviis

927 2655 1026 2683 sortito
1049 2662 1081 2682 ac
1101 2662 1151 2690 per
1167 2654 1262 2682 ludum
1277 2654 1378 2686 facere,
1392 2661 1476 2689 seque
1490 2653 1606 2681 invicem
1622 2652 1656 2679 ad
1671 2651 1713 2678 di-

927 2700 1089 2735 vinandum,
1116 2708 1148 2728 ac
1162 2700 1215 2728 sibi
1229 2701 1282 2735 ipsi
1297 2699 1513 2731 vaticinandum,
1531 2702 1561 2726 ut
1577 2704 1713 2732 quemque

929 2746 1014 2774 libido
1027 2746 1089 2781 fert,
1102 2746 1251 2782 impellere.
1267 2746 1320 2774 erit
1343 2746 1367 2774 is
1392 2746 1440 2782 qui
1462 2745 1540 2782 jubet
1555 2745 1637 2771 homo
1651 2748 1714 2778 pro-

121 2882 130 2898 ¹
147 2882 219 2909 lren.
238 2888 284 2906 σου
298 2879 328 2905 ἐν
346 2879 394 2914 ἡμ.
413 2882 441 2905 et
467 2886 527 2905 mox
547 2877 587 2903 δεῖ
607 2877 680 2912 ἡμᾶς
700 2877 728 2902 ἓν
742 2884 840 2902 κατασ.

920 2873 968 2900 ‘or.
987 2873 1182 2909 ῦίολαμΰέινει.
1221 2873 1232 2889 ³
1246 2873 1316 2901 lreu.
1332 2872 1509 2907 πιστοτέρων.

273 2926 409 2957 ΡΑτιιοι.
425 2926 484 2956 Gtt.
509 2925 589 2956 XLI.

1501 2915 1538 2946 19
