1952 3045
250 157 286 186 58
290 158 306 186 7

938 155 967 183 ε.
989 155 1160 183 EPIPHANII

1823 158 1876 186 588

253 219 361 254 phetico
378 218 474 252 spiritu
501 217 599 251 potior.
617 219 644 243 et
669 215 856 246 excellentior,
888 215 960 249 quod
979 215 1031 242 ﬁeri

1089 215 1157 250 ὅπερ
1171 215 1309 242 ἀδύνατον.
1333 215 1411 242 Ἀλλὰ
1423 216 1536 243 τοιαῦτα
1551 217 1716 252 κελευόμενα
1728 217 1774 244 ὑπ’
1785 217 1876 244 αὐτῶν

253 266 365 293 omnino
381 272 435 291 non
456 269 552 299 potest.
574 261 756 295 Quamobrem
788 261 901 296 spiritus
919 260 976 292 isti,
991 261 1037 294 qui

252 312 362 340 illorum
374 311 453 346 jussu
467 309 597 336 concitati
624 308 732 342 quoties
747 307 844 334 iisdem
865 307 932 341 ipsis
952 307 1038 334 libue-

253 357 299 388 rit,
316 357 473 391 loquuntur,
489 354 565 382 nihili
590 358 655 381 sunt
677 356 704 381 et
723 352 890 384 imbecilles;
919 352 981 379 licet
997 355 1037 378 le-

253 403 364 431 merarii
383 401 611 437 impudentesque
637 401 702 432 sint,
727 404 817 434 atque,
842 406 856 425 τι
886 398 986 425 Salana
1003 397 1036 425 ad

253 457 301 477 eos
316 448 571 476 circnmveuiendos
588 447 797 482 perdendosque
811 445 900 476 missi,
919 445 965 479 qui
981 452 1036 470 non

254 498 411 523 constanter
426 494 505 522 ﬁdem
518 494 591 521 illam
603 493 776 523 retinuerint,
795 499 875 527 quam
888 491 965 517 initio
979 497 1037 517 sus-

253 544 394 576 ceperunt.

287 597 330 624 ΙΙΙ.
350 596 408 624 1am
424 604 488 625 vero
503 596 583 624 etiam
599 595 698 630 philtra
719 598 746 622 et
769 593 916 622 amatorias
942 593 1033 620 illece-

252 645 328 675 bras,
354 643 387 670 ad
411 642 606 670 contumeliam
628 647 772 676 corporum
787 647 802 667 a
816 639 906 666 Marco
923 639 1036 674 quibus-

251 690 312 717 dam
329 689 488 716 mulieribus
503 688 603 719 oblata,
620 694 675 714 non
691 691 781 713 tamen
795 686 933 718 omnibus,
952 686 1034 720 ipsa!”

251 741 305 764 met
323 736 356 762 ad
375 735 523 762 Ecclesium
539 741 654 761 reversa:
669 740 788 768 persaepe
812 732 892 759 fassa:
908 735 989 763 sunt;
1005 737 1034 757 se

251 781 285 808 ab
307 781 352 807 illo
374 782 566 814 constupratas
581 785 650 808 esse.
666 782 693 804 et
709 777 795 812 ipsius
821 783 914 802 amore
941 776 1034 802 illece-

249 826 360 860 brisque
374 828 476 859 captas.
497 823 572 850 Adeo
589 827 618 849 ut
640 823 770 849 diaconus
797 821 909 856 quidam
941 828 956 848 e
982 829 1032 847 no-

250 871 315 899 stris
332 871 360 898 in
381 870 446 897 Asia
470 877 532 896 cum
559 868 677 903 hospitio
699 868 774 894 illum
807 867 969 902 excepisset,
1003 867 1031 893 iu
1047 885 1069 914 Β

246 924 309 943 eam
325 915 504 943 calamitatem
517 913 653 944 inciderit,
667 913 782 948 ejusque
808 912 908 946 conjux
923 911 1032 947 egregia

251 962 338 989 forma
355 961 453 988 mulier
470 964 497 987 et
510 959 602 986 animo
613 963 640 985 et
656 965 771 993 corpore
787 965 802 984 a
818 964 900 992 mago
914 957 960 992 illo
971 964 1032 984 cor-

247 1012 329 1043 rupta
343 1007 424 1042 longo
437 1014 499 1034 eum
516 1011 636 1040 tempore
650 1008 752 1032 sectata
768 1004 821 1037 sit;
835 1003 922 1031 donec
933 1011 1032 1038 magno

252 1061 314 1080 cum
340 1052 432 1080 labore
461 1051 646 1078 adnitentibus
675 1049 806 1077 fratribus
831 1049 863 1077 ad
892 1049 1032 1076 meliorem

249 1096 354 1131 frugem
371 1102 502 1123 conversa
518 1094 653 1129 reliquum
669 1094 730 1120 vita:
758 1099 866 1128 tempus
893 1093 921 1120 in
945 1093 1033 1127 pumi-

249 1141 333 1168 tentia
353 1139 484 1172 traduxit,
499 1146 621 1166 mcerens
637 1146 669 1166 ac
682 1138 856 1165 vehementer
874 1138 1030 1172 deplorans,

250 1185 322 1220 quod
351 1192 367 1212 a
399 1192 478 1219 mago
506 1183 643 1218 corrumpi
678 1190 707 1209 se
731 1190 762 1209 ac
793 1182 884 1209 vitiari
913 1182 1030 1210 sivisset.

249 1231 321 1264 Quin
340 1231 420 1258 etiam
447 1229 572 1264 discipuli
598 1228 707 1263 quidam
732 1228 804 1255 illius
830 1228 904 1255 varia
934 1227 1032 1263 oppida

248 1279 426 1311 peragrantes
457 1273 642 1308 compluribus
671 1273 837 1300 mulierculis
864 1272 959 1300 iisdem
990 1280 1032 1299 ar-

248 1321 322 1348 tibus
340 1320 483 1347 illuserunt
498 1328 505 1346 :
526 1326 588 1345 cum
610 1317 742 1352 perfectos
758 1325 788 1345 se
809 1325 870 1344 esse
887 1316 1030 1351 iactarent,

250 1375 339 1403 neque
369 1374 532 1402 quemquam
564 1373 646 1400 posse
681 1372 772 1392 secum
807 1364 927 1391 scientiae
954 1364 1031 1399 copia

249 1413 386 1446 conferri,
405 1413 487 1448 236
506 1420 559 1439 non
583 1412 606 1439 si
628 1411 741 1438 Paulum
759 1411 922 1446 Petrumque
944 1412 1032 1439 nomi—

240 1467 307 1489 ~nes,
324 1463 370 1485 aut
384 1466 416 1485 ex
433 1457 615 1493 apostolorum
631 1464 743 1483 numero
768 1457 913 1491 quemlibet
929 1466 935 1484 :
954 1457 1032 1491 plura

247 1505 319 1531 cnim
334 1511 364 1531 se
380 1503 453 1531 solos
467 1503 593 1530 omnibus
614 1502 774 1537 intelligere,
791 1502 863 1529 solos
887 1502 1032 1536 inexplica-

1088 261 1241 297 πνεύματα,
1257 262 1304 289 καὶ
1326 262 1456 289 λαλοῦντα
1470 263 1549 289 ὁπότε
1563 263 1700 298 βούλονται
1712 263 1799 296 αὐτοὶ,
1816 264 1876 291 ἐπί-

1089 305 1176 341 σαθρα
1191 306 1238 332 καὶ
1250 306 1351 342 ἀδρανῆ
1366 307 1430 332 ἐστι
1441 315 1448 321 ·
1466 307 1591 342 τολμηρὰ
1605 308 1633 333 δὲ
1649 308 1695 334 καὶ¹
1712 308 1806 343 ἀναιδῆ
1823 308 1874 334 ὑπὸ

1087 351 1135 378 τοῦ
1148 352 1253 379 Σατανᾶ.
1263 353 1462 388 ἐκπεμπόμενα
1480 353 1547 388 πρὸς
1562 353 1728 389 ἐξαπάτησιν
1761 355 1808 380 καὶ
1822 355 1875 380 ἀπ-

1087 396 1184 424 ώλειαν
1200 398 1253 425 τῶν
1271 398 1308 433 μὴ
1324 398 1431 425 εὕτονον
1442 399 1490 434 τὴν
1505 399 1604 430 πίστιν,
1616 399 1649 434 ῆν
1666 400 1713 426 ἀπ’
1727 399 1814 435 ἀρχῆς
1831 399 1875 426 διὰ

1087 443 1135 478 τῆς
1146 443 1309 478 Ἐκκλησιας
1325 444 1488 479 παρέλαϐον,
1506 445 1703 479 φυλασσόντων.

1121 588 1158 614 Γ¹.
1174 588 1235 614 ~Ott
1253 587 1282 614 δὲ
1302 587 1400 623 φίλτρα
1415 589 1462 614 καὶ
1478 589 1607 624 ἀγώγιμα
1623 590 1689 624 πρὸς
1708 590 1738 616 τὺ
1753 591 1800 617 καὶ
1815 592 1872 623 τοῖς

1087 633 1209 668 σώμασιν
1226 627 1315 660 αὐτῶν
1336 634 1487 669 ἐνυϐρίζειν
1506 635 1615 669 ἐμποιεῖ
1630 632 1706 667 οὗτος
1729 638 1743 663 ὁ
1757 637 1871 672 Μάρκος

1085 679 1170 711 ἐνίαις
1186 680 1239 706 τῶν
1255 680 1400 713 γυναικῶν,
1417 681 1441 706 εἰ
1465 681 1511 707 καὶ
1527 681 1565 716 μὴ
1585 681 1694 714 πάσαις,
1713 680 1790 709 αὗται
1804 683 1871 709 πολ-

1084 724 1162 757 λάκις
1183 725 1379 761 ἐπιστρέψασαι
1403 726 1443 757 εἰς
1465 726 1514 761 τὴν
1541 723 1703 761 Ἐκκλησίαν
1726 726 1772 753 τοῦ
1800 727 1869 753 Θεοῦ

1085 770 1331 805 ἐξωμολογήσαντο,
1348 769 1478 796 καὶκατὰ
1495 770 1527 797 τὸ
1545 769 1624 805 σῶμα
1638 770 1803 805 ἡχρειῶσθαι
1820 772 1868 797 ὑπ’

1084 816 1176 847 αὐτοῦ,
1193 815 1239 841 καὶ
1255 814 1395 850 ἐρωτικῶς
1408 815 1478 841 πάνυ
1494 815 1573 841 αὐτὸν
1585 815 1779 850 πεφιληκέναι”
1797 815 1868 841 ὥστε

1084 861 1131 887 καὶ
1148 860 1270 886 διάκονόν
1290 869 1350 886 τινα
1375 860 1428 886 τῶν
1449 861 1478 887 ὲν
1501 862 1534 896 τῇ
1548 861 1626 896 Ἀσίᾳ
1651 861 1705 887 τῶν
1727 861 1868 897 ἡμετέρων

1084 906 1281 941 ὑποδεξάμενον
1295 906 1377 932 αὑτὸν
1390 907 1429 937 εἰς
1444 906 1490 933 τὸν
1510 904 1583 932 οἷκον
1605 906 1687 933 αὐτοῦ
1710 908 1868 943 περιπεσεῖν

1082 952 1166 988 ταύτῃ
1191 953 1224 987 τῇ
1251 952 1388 987 συμφορᾷ,
1414 953 1464 986 τῆς
1486 951 1613 986 γυναικὸς
1639 952 1720 978 αὐτοῦ
1748 952 1867 984 εὐειδοῦς

1083 997 1269 1033 ὑπαρχούσης,
1287 998 1335 1023 καὶ
1348 997 1398 1032 τὴν
1415 996 1528 1032 γνώμην
1547 998 1593 1024 καὶ
1609 998 1639 1024 τὸ
1656 997 1735 1032 σῶμα
1754 998 1867 1032 διαφθα-

1083 1043 1177 1079 ρείσης
1193 1042 1245 1069 ὑπὸ
1266 1042 1312 1069 τοῦ
1332 1042 1418 1077 μάγου
1432 1042 1538 1075 τούτου,
1554 1043 1600 1069 καὶ
1616 1043 1867 1079 ἐξακολουθησάσης

1081 1088 1156 1123 αὐτῷ
1172 1087 1262 1122 πολλῷ
1275 1087 1314 1122 τῷ
1330 1088 1435 1122 χρόνῳ·
1453 1087 1548 1114 ἔπειτα
1573 1089 1642 1123 μετὰ
1664 1088 1760 1115 πολλοῦ
1781 1089 1867 1116 κόπου

1081 1134 1135 1160 τῶν
1150 1133 1272 1167 ἀδελφῶν
1284 1133 1515 1168 ἐπιστρεψάντων,
1535 1133 1605 1169 αὐτὴ
1618 1134 1662 1160 τὸν
1679 1134 1786 1161 ἅπαντα
1800 1135 1866 1170 χρό-

1082 1188 1126 1206 νον
1148 1179 1379 1215 ἐξομολογουμένη
1402 1178 1457 1214 (ii)
1481 1180 1630 1211 διετέλεσε,
1659 1179 1795 1207 πενθοῦσα
1819 1182 1867 1208 καὶ

1083 1225 1218 1261 θρηνοῦσα
1227 1226 1270 1260 ἐφ’
1316 1226 1415 1253 ἔπαθεν
1430 1226 1482 1253 ὑπὸ
1496 1225 1542 1252 τοῦ
1558 1226 1645 1261 μάγου
1658 1226 1799 1262 διαφθορᾷ,
1811 1228 1867 1254 Καὶ

1084 1271 1204 1307 μαθηταὶ
1214 1271 1242 1298 δὲ
1255 1271 1336 1298 αὑτοῦ
1349 1280 1420 1303 τινες
1434 1271 1653 1308 περιπολίζοντες
1663 1272 1692 1298 ἐν
1705 1273 1761 1304 τοῖς
1775 1273 1868 1304 αὐτοῖς

1082 1316 1272 1349 ἐξαπατῶντες
1290 1317 1453 1352 γυναικάρια
1469 1317 1554 1343 πολλὰ
1567 1317 1731 1353 διέφθειραν,
1747 1317 1866 1350 τελείους

1082 1363 1194 1394 ἑαυτοὺς
1225 1362 1452 1398 ἀναγορεύοντες,
1489 1363 1526 1394 ὡς
1571 1362 1684 1398 μηδενὸς
1716 1363 1866 1398 δυναμένου

1082 1408 1243 1443 ἐξισωθῆναι
1261 1408 1300 1443 τῷ
1323 1408 1430 1443 μεγέθει
1448 1408 1497 1444 τῆς
1510 1408 1634 1442 γνώσεως
1647 1408 1746 1440 αὐτῶν,
1760 1409 1821 1444 μηδ’
1833 1410 1866 1436 ἂν

1082 1454 1187 1480 Παῦλον
1201 1454 1260 1489 μηδ’
1281 1453 1313 1480 ἂν
1335 1454 1437 1489 Πέτρον
1452 1453 1543 1490 εἴπῃς,
1566 1454 1626 1489 μηδ’
1641 1454 1719 1481 ἄλλον
1733 1454 1793 1481 τινὰ
1811 1454 1866 1481 τῶν

1082 1499 1238 1526 ἀποστόλων
1251 1508 1257 1516 ·
1276 1500 1344 1527 ἀλλὰ
1363 1500 1447 1526 πλείω
1466 1500 1574 1526 πάντων
1595 1500 1754 1534 ἐγνωκέναι,
1772 1500 1820 1527 καὶ
1835 1500 1866 1526 τὸ

246 1549 310 1575 bilis
332 1548 406 1575 illius
420 1547 537 1582 uirtutis
564 1547 688 1574 hausisse
713 1546 936 1581 magnitudinem.
956 1546 1030 1580 Quo-

1084 1545 1197 1581 μέγεθος
1207 1547 1256 1581 τῆς
1270 1546 1396 1580 γνώσεως
1408 1546 1458 1581 τῆς
1474 1547 1593 1582 ἀρρήτου
1608 1547 1748 1582 δυνάμεως
1767 1547 1865 1582 μόνους

247 1594 322 1621 circa
343 1601 426 1628 supra
447 1593 573 1620 virtutem
598 1599 706 1619 omnem
728 1592 860 1619 sublimes
882 1592 969 1619 attolli
989 1600 1032 1620 se-

247 1648 288 1671 se,
308 1643 390 1674 atque
402 1639 504 1666 idcirco
518 1638 603 1666 libere
624 1638 715 1665 omnia
732 1638 820 1666 facere
842 1643 929 1665 metus
943 1638 1032 1666 omnis

246 1690 383 1720 expertes.
408 1685 476 1712 Nam
506 1685 541 1712 ob
571 1685 804 1719 redemptionem,
830 1691 912 1719 quam
941 1683 1030 1719 adepti

247 1736 328 1762 sunt.
347 1731 458 1758 minime
481 1738 511 1758 se
531 1738 547 1757 a
565 1731 657 1765 judice
671 1730 874 1765 comprehendi,
890 1737 921 1757 ac
943 1737 978 1757 ne
991 1729 1032 1756 vi-

247 1777 305 1804 deri
323 1776 431 1812 quidem
447 1783 536 1812 posse.
555 1776 632 1809 Quod
654 1777 677 1803 si
704 1776 774 1803 forte
787 1776 839 1803 sibi
855 1783 952 1802 manus
970 1775 1032 1810 inji-

246 1825 335 1852 ceret,
351 1826 408 1847 tum
425 1828 490 1847 vero
510 1828 572 1847 cum
594 1820 779 1855 redemptione
804 1819 850 1847 illa
872 1827 920 1847 sua
940 1828 1031 1847 coram

246 1874 279 1894 eo
297 1866 362 1893 talia
386 1865 509 1893 dicturos
529 1875 535 1893 :
553 1864 575 1893 0
591 1864 638 1892 Dei
657 1874 688 1892 ac
711 1867 827 1901 mysticae
852 1871 911 1893 ante
933 1866 1031 1893 sa’eula

247 1911 323 1947 Sigea
337 1920 466 1943 assessor.
484 1919 533 1946 quo
553 1912 618 1938 duce
634 1919 665 1938 ac
678 1912 848 1939 conciliatore
868 1912 1030 1947 magnitudi—

246 1966 291 1985 nes
304 1966 351 1990 etc,
367 1966 425 1993 qut:
441 1957 533 1984 Patris
549 1957 643 1992 faciem
653 1961 776 1991 perpetuo
792 1961 957 1988 contuenmr,
972 1957 1029 1984 vul—

247 2007 289 2029 tus
310 2011 372 2030 suos
397 2003 425 2030 in
449 2002 544 2030 caelum
574 2002 733 2029 subtrahunt
759 2009 768 2028 :
791 2002 887 2035 vultus,
911 2002 1028 2036 inquam,

245 2057 301 2081 eos,
317 2048 410 2084 quibus
425 2049 535 2075 nimium
553 2049 643 2075 audax
660 2048 707 2075 illa
723 2049 866 2084 conspectis
889 2048 920 2074 ob
935 2048 1030 2075 summi

246 2094 390 2121 bonilatem
412 2094 539 2121 Parentis
561 2102 608 2121 nos
625 2094 694 2121 velut
707 2094 800 2129 efﬁgies
822 2095 956 2129 produxit,
970 2102 1028 2120 cum

246 2141 391 2167 ccclestium
419 2141 606 2175 cogitationem
625 2140 694 2166 velut
719 2148 765 2174 per
789 2140 920 2167 somnium
940 2148 1030 2167 conce-

245 2187 326 2221 pisset
344 2193 353 2211 :
369 2194 399 2212 eu
418 2185 498 2218 iudex
515 2185 717 2220 appropinquat.
729 2193 760 2211 uc
775 2193 814 2211 me
825 2192 910 2218 praeco
921 2193 1030 2211 causam

243 2230 315 2264 jubet
326 2238 412 2265 agere.
427 2229 466 2256 Tu
479 2229 571 2263 igitur,
589 2233 678 2262 utpote
688 2237 746 2264 quae
758 2237 798 2256 res
811 2230 945 2264 utriusque
952 2229 1030 2263 probe
1046 2225 1067 2252 Ι)

246 2282 346 2308 teneas,
362 2284 526 2303 communem
536 2275 623 2310 judici
638 2284 685 2310 pro
710 2281 820 2310 utraque
835 2282 953 2303 nostrum
969 2285 1031 2303 ora—

243 2323 344 2348 tionem
357 2322 516 2355 expromito.
529 2320 635 2353 Quibus
655 2322 747 2348 statim
766 2321 868 2348 auditis
883 2321 969 2349 Mater
980 2321 1032 2348 llo-

245 2367 376 2393 mericam
391 2365 515 2393 Plutonis
529 2367 633 2400 galeam
652 2366 706 2394 illis
722 2366 847 2400 imptrnit,
868 2367 907 2393 uti
932 2374 961 2393 se
986 2367 1030 2401 ju-

246 2412 317 2438 dieis
336 2412 458 2446 aspectui
477 2411 626 2439 subductos
642 2413 768 2447 eripiant.
791 2411 860 2438 Tum
881 2414 938 2440 sine
954 2420 1030 2440 mora

247 2465 355 2484 sursum
369 2462 489 2488 evectos,
510 2462 536 2485 et
550 2458 576 2484 in
593 2458 742 2484 thalamum
761 2458 933 2485 introductos
948 2465 1031 2493 spon-

246 2502 285 2531 sis
300 2503 357 2530 suis
373 2505 502 2531 restituit.
519 2503 582 2531 Ilaec
596 2504 634 2531 illi
652 2504 732 2531 dictis
751 2504 886 2538 factisque
901 2504 1029 2539 profiten-

246 2553 298 2581 tes,
316 2550 358 2577 vel
377 2550 404 2577 in
428 2550 480 2578 hoc
501 2555 596 2577 nostro
612 2549 737 2577 Rhodani
765 2554 854 2577 tractu
881 2550 1026 2585 plerasque

283 2648 292 2664 ¹
306 2647 375 2676 lren.
395 2646 510 2675 αἰώνων.
547 2648 556 2663 ¹
571 2647 633 2675 For.
649 2647 786 2684 χρώμενα.
824 2647 834 2662 ³
849 2646 912 2674 For.
927 2646 1026 2674 αὐτῶν.

282 2737 337 2775 (il)
357 2739 488 2766 ’Ἂπαντα
502 2738 556 2775 τὸν
571 2740 682 2774 χρόνον
697 2739 963 2775 ἐξομολογουμένη.
982 2738 1029 2766 Ve-

247 2776 292 2800 tus
315 2774 448 2810 interpres
464 2784 470 2801 :
492 2774 574 2802 Omne
594 2780 694 2810 tempus
711 2774 951 2810 in'ezltainologesi
966 2783 1029 2810 eon-

246 2810 396 2846 gummavit.
411 2809 471 2846 VEst
496 2814 585 2836 autem
604 2809 822 2846 exhomologesis
844 2810 894 2837 hoc
917 2809 1026 2843 quidem

248 2843 307 2871 loco
328 2852 381 2872 non
410 2845 467 2880 ipsa
491 2849 596 2873 tantum
608 2846 722 2881 {peccati
745 2843 891 2877 confessio,
910 2853 969 2880 qua:
983 2848 1026 2873 est

1082 1592 1312 1619 καταπεπωκέναι
1323 1601 1329 1608 ·
1344 1590 1413 1619 εἷναί
1423 1601 1451 1618 τε
1464 1593 1561 1624 αὐτοὺς
1573 1594 1602 1619 ἐν
1619 1593 1680 1627 ὕψει
1693 1593 1763 1629 ὑπὲρ
1776 1595 1865 1620 πᾶσαν

1081 1637 1204 1673 δύναμιν.
1221 1637 1266 1664 Διὸ
1287 1639 1334 1665 καὶ
1355 1638 1504 1674 ἐλευθέρως
1527 1639 1616 1665 πάντα
1641 1640 1790 1674 πράσσειν,
1813 1648 1867 1675 μη-

1081 1684 1143 1711 δένα
1167 1685 1197 1710 ὲν
1225 1685 1319 1719 μηδενὶ
1336 1684 1417 1719 φὸὃον
1437 1684 1557 1720 ἔχοντας.
1578 1685 1626 1711 Διὰ
1645 1685 1699 1720 γὰρ
1720 1685 1770 1720 τὴν
1796 1686 1865 1712 ἀπο-

1082 1730 1215 1766 λύτρωσιν
1245 1731 1415 1766 ἀκρατήτους
1441 1731 1487 1757 καὶ
1516 1731 1647 1766 ἀοράτους
1674 1730 1796 1765 γίνεσθαι.
1826 1730 1865 1765 τῷ

1081 1777 1172 1811 κριτῇ.
1196 1776 1227 1802 Ei
1250 1775 1277 1802 δὲ
1300 1776 1347 1802 καὶ
1376 1775 1528 1802 ἐπιλάϐοιτο
1551 1776 1657 1808 αὐτῶν,
1678 1776 1865 1811 παραστάντες

1081 1821 1155 1856 αὐτῷ
1183 1821 1252 1857 μετὰ
1275 1822 1324 1856 τῆς
1350 1821 1561 1857 ἀπολυτρώσεως
1591 1822 1654 1848 τάδε
1683 1822 1800 1848 εἴποιεν·
1828 1819 1866 1849 '0

1080 1867 1208 1901 πάρεδρε
1233 1867 1308 1894 Θεοῦ
1327 1867 1376 1893 καὶ
1400 1865 1549 1902 μυστικῆς
1572 1868 1628 1901 πρὸ
1654 1867 1760 1900 αἰῶνος
1785 1868 1792 1884 ¹
1816 1869 1864 1894 Σι-

1080 1914 1147 1949 γῆς,
1159 1913 1199 1947 ῆν
1209 1914 1246 1940 τὰ
1266 1913 1373 1948 μεγέθη
1387 1913 1548 1946 διαπαντὸς
1559 1913 1715 1945 βλέποντα
1727 1913 1760 1940 τὸ
1775 1914 1866 1947 πρόσ-

1080 1968 1162 1986 ωπον
1187 1959 1240 1986 τοῦ
1269 1959 1383 1993 Πατρὸς
1404 1958 1500 1994 ὁδηγῷ
1526 1967 1576 1986 σοι
1603 1959 1651 1985 καὶ
1681 1959 1867 1993 προσαγωγεῖ

1080 2005 1214 2040 χρώμεθα
1236 2007 1263 2038 ¹,
1289 2005 1468 2033 ἀνασπῶσιν
1497 2006 1558 2032 ἀνω
1585 2006 1638 2038 τὰς
1664 2005 1763 2033 αὐτῶν
1791 2015 1866 2040 μορ-

1080 2052 1149 2086 φὰς,
1172 2051 1207 2085 ἅς
1232 2052 1251 2086 ἡ
1272 2051 1494 2087 μεγαλότολμος
1511 2052 1620 2085 ἐκείνη,
1637 2051 1866 2085 parma/atrae?-

1081 2105 1135 2128 σα,
1157 2097 1206 2124 διὰ
1223 2098 1257 2124 τὸ
1277 2097 1388 2131 ἀγαθὸν
1407 2097 1459 2124 τοῦ
1478 2097 1663 2131 προπάτορος
1685 2096 1867 2131 προεϐάλετο

1079 2142 1159 2178 ἡμᾶς
1173 2144 1226 2175 τὰς
1247 2145 1382 2177 εἰκόνας,
1399 2144 1467 2170 τότε
1488 2144 1630 2178 ἐνθύμιον
1651 2143 1710 2170 τῶν
1736 2143 1797 2170 ἅνω
1825 2143 1867 2176 ὡς

1081 2189 1225 2215 ἐνύπνιον
1249 2189 1380 2223 ἔχουσα·
1403 2188 1467 2215 ἰδοὺ
1487 2190 1503 2215 ό
1527 2188 1629 2222 κριτὴς
1654 2187 1757 2223 ἐγγὺς,
1776 2187 1826 2214 καὶ
1849 2189 1866 2214 o'

1081 2232 1178 2266 κῆρύξ
1192 2241 1230 2267 με
1246 2234 1361 2260 κελεύει
1382 2232 1603 2268 ἀπολογεῖσθαι.
1622 2233 1664 2259 Σὺ
1681 2231 1724 2265 δὲ,
1741 2232 1780 2265 ὡς
1803 2232 1867 2258 ἐπι-

1083 2279 1216 2313 σταμένη
1237 2278 1273 2305 τὰ
1294 2278 1485 2313 ἀμφοτέρων,
1512 2278 1565 2305 τὸν
1590 2278 1666 2312 ὑπὲρ
1693 2277 1867 2312 ἀμφοτέρων

1082 2323 1166 2357 ἡμῶν
1179 2324 1272 2358 λόγον
1283 2325 1323 2356 ὡς
1337 2323 1391 2350 ἕνα
1408 2324 1489 2356 ὄντα,
1501 2318 1542 2355 τῷ
1557 2323 1643 2358 κριτῇ
1654 2323 1865 2357 παράστησον.

1088 2369 1118 2395 'H
1128 2369 1160 2396 δὲ
1182 2370 1285 2406 μήτηρ,
1301 2370 1406 2405 ταχέως
1423 2369 1562 2397 ἀκούσασα
1584 2369 1696 2401 τούτων,
1713 2369 1762 2405 τὴν
1779 2370 1866 2404 Όμη-

1083 2414 1163 2450 ρικὴν
1187 2415 1277 2446 Ἀἰδος
1304 2414 1402 2450 κυνέην
1428 2416 1518 2447 αὐτοῖς
1544 2415 1712 2450 περιέθηκε,
1744 2414 1812 2450 πρὸς
1835 2415 1866 2441 τὺ

1082 2459 1204 2494 ἀοράτως
1231 2461 1361 2494 ἐκφυγεῖν
1387 2461 1432 2487 τὸν
1466 2461 1580 2496 κριτήν.
1607 2461 1662 2487 Καὶ
1694 2460 1866 2496 παραχρῆμα

1083 2504 1262 2532 ἀνασπάσασαι
1278 2506 1386 2538 αὐτοὺς,
1405 2507 1445 2538 εἰς
1456 2506 1500 2533 τὸν
1516 2506 1646 2542 νυμφῶνα
1660 2507 1802 2542 εἰσήγαγε,
1819 2507 1867 2533 καὶ

1082 2550 1204 2577 ἀπέδωκε
1223 2552 1278 2583 τοῖς
1290 2552 1387 2578 ἑαυτοῦ
1398 2552 1408 2567 ³
1423 2553 1557 2588 νυμφίοις.
1573 2552 1690 2580 Τοιαῦτα
1699 2552 1728 2578 δὲ
1741 2552 1866 2586 λέγοντες

1082 2738 1249 2773 paenitentiae
1263 2746 1337 2774 pars,
1352 2739 1399 2766 sed
1413 2737 1646 2774 pmnitentiaripsa
1659 2747 1665 2770 ;
1683 2743 1821 2773 quatenus
1841 2745 1866 2767 et

1082 2774 1293 2804 confessionem.
1306 2779 1333 2801 et
1353 2775 1492 2801 luctuosas
1513 2773 1701 2807 poinitentium
1717 2774 1825 2808 sordes,
1841 2781 1866 2802 et

1081 2813 1179 2836 caetera
1196 2810 1322 2836 nueroris
1337 2817 1370 2836 ac
1389 2807 1577 2843 ταπεινώσεως
1593 2808 1692 2835 indicia
1703 2809 1865 2843 complecti-

1079 2849 1124 2872 tur
1139 2853 1146 2874 :
1163 2844 1196 2872 de
1211 2844 1309 2879 quibus
1324 2845 1430 2872 dicetur
1445 2843 1478 2870 ad
1493 2842 1635 2871 Nevatiau.
1654 2842 1781 2871 bairesiu.
