1952 3045
81 194 134 222 580
400 193 582 227 ADVERSUS
602 192 773 220 HxERESES
791 192 854 220 LIB.
877 193 895 221 I.
917 192 1000 219 TOM.
1022 191 1107 219 lll.——-
1127 191 1263 219 HASllES.
1283 192 1399 219 XXXIV.
1648 194 1700 222 590

83 254 128 280 καὶ
149 252 326 289 πράττοντες,
345 251 391 278 καὶ
408 251 437 277 ὲν
449 252 507 282 τοῖς
525 251 585 277 καθ’
598 252 671 286 ἡμᾶς
691 251 804 286 κλίμασι
818 251 851 286 τῆ

929 251 1047 277 nulieres
1064 250 1091 277 in
1113 257 1234 277 errorem
1257 251 1410 278 traxerunt
1432 253 1499 283 Qua:
1525 255 1700 280 cuulerratam

90 297 278 329 Ῥοδανουσίας
292 296 370 332 (Η),
385 296 484 327 πολλὰς
504 296 695 332 ἐξηπατήκασι
716 297 861 330 γυναῖκας⁴

930 296 1042 324 tabentes
1056 296 1246 323 conscientiam
1260 297 1270 311 '
1287 296 1385 330 partim
1410 296 1436 323 id
1461 296 1589 332 perfricta
1613 297 1701 326 fronte

85 345 186 375 αἵτινες
211 343 479 378 κεκαυτηριασμέναι
498 343 548 377 τὴν
575 342 742 378 συνείδησιν,
762 343 791 369 al
819 343 856 377 μὲ·

929 351 974 370 me
989 351 1018 370 se
1029 342 1130 374 ferunt,
1147 343 1245 377 partim
1261 342 1424 369 verecundia
1439 342 1536 375 ductae,
1553 351 1585 370 ac
1607 344 1700 378 paula-

85 391 132 417 καὶ
153 389 193 421 εἰς
212 389 328 425 φανερὸν
351 388 592 424 ἑξομολογοῦνται,
610 389 638 414 αἱ
662 388 705 421 δὲ,
729 389 853 415 δυσωπού

931 389 967 415 im
985 392 1075 415 tamen
1092 389 1119 414 in
1134 389 1198 415 vita:
1215 388 1336 416 cmlestis
1356 388 1572 423 desperationem
1601 390 1700 424 impul-

87 444 165 471 μεναι
179 434 269 467 τοῦτο,
283 434 373 470 ἡσυχῆ
390 434 418 460 δὲ
429 443 487 465 πως
503 434 602 466 ἑαυτὰς
615 434 797 469 ἀπηλπικυῖαι
812 435 857 470 (l3

928 443 965 465 se,
979 435 1086 461 tandem
1100 439 1147 461 aut
1157 435 1191 461 ab
1203 435 1318 462 veritate
1334 443 1363 462 se
1377 435 1485 469 penitus
1496 436 1699 469 abstraxerunt,

84 481 135 515 τῆς
145 480 218 516 ζωῆς
234 479 281 506 τοῦ
301 480 378 512 Θεοῦ,
391 480 460 506 ἔνιαι
476 480 524 515 μὲν
546 481 586 512 εἰς
605 481 636 506 τὸ
663 481 794 513 παντελὲς
815 483 854 508 ἀπ

929 485 966 508 tut
981 481 1070 507 adhuc
1085 480 1237 507 dubitando
1252 480 1396 512 ﬂuctuant,
1413 485 1504 514 atque,
1531 486 1560 508 ut
1586 481 1700 509 Prover-

85 526 213 561 έστησαν,
229 526 297 552 ἐνιαι
308 526 337 552 δὲ
352 526 608 561 ὲπαμφοτερίζουσι,
624 527 669 553 καὶ
682 527 713 553 τὺ
732 527 782 562 τῆς
797 536 856 562 παρη

930 527 964 553 nio
980 526 1077 557 fertur,
1089 533 1139 553 nec
1153 526 1225 552 intra
1242 533 1294 552 nec
1315 529 1392 552 extra
1413 526 1577 558 eunsistunt,
1607 527 1701 553 talem-

84 571 177 605 οιμίας
191 571 354 602 πεπόνθασι,
372 572 439 606 μήτε
453 571 504 603 ἔξω
519 573 585 607 μήτε
601 572 656 598 ἔσω
669 570 756 605 οὖσαι,
768 574 855 609 ταύτη

930 582 972 608 lue
994 581 1027 600 ex
1053 574 1099 600 illa
1117 573 1365 600 scientissimorum
1387 574 1528 601 hominum
1557 574 1629 601 velut
1658 582 1701 601 se-

84 616 196 651 ἔχουσαι
212 617 262 652 τὴν
277 617 444 652 ἐπικαρπίαν
463 617 510 644 τοῦ
524 618 680 653 σπέρματος
694 619 748 645 τῶν
762 619 855 646 τέκνωι

524 618 680 653 σπέρματος
694 619 748 645 τῶν
762 619 863 646 τέκνων
918 624 1010 647 mente
1023 620 1138 646 fructum
1153 618 1284 646 referunt.

84 663 133 698 τῆς
148 662 287 697 γνώσεως.

118 709 156 735 Δ’.
183 709 296 741 Οὖτως¹
319 709 433 744 Μάρκος
458 710 562 745 μήτραν
580 710 636 746 (14)
663 711 711 738 καὶ
733 711 867 746 ἐκδοχεῖον

955 709 999 737 IV.
1016 709 1027 725 ⁸
1051 709 1184 737 Caeterum
1209 709 1316 736 Marcus
1340 710 1391 737 iste
1419 709 1601 737 Colon-basiem
1624 709 1701 745 Siges

82 755 135 791 τῆς
145 755 319 790 Κολορϐἀσου
335 755 511 790 εἰσηγήσατο,
527 756 608 782 αὑτὸν
622 756 774 791 μονώτατον
790 766 853 792 γεγο

929 759 1026 783 iterum
1043 763 1075 782 ac
1088 756 1316 790 conceptaculum
1329 763 1412 782 unum
1434 763 1463 783 se
1481 763 1512 782 ac
1536 756 1700 791 singularem

83 802 157 829 νὲναι
176 802 273 836 λέγων,
290 801 337 828 ἆτε
353 801 498 837 μονογενὴς
517 801 647 837 ὑπάρχων
669 802 752 838 αὐτῷ,
772 803 801 829 τὸ
820 812 854 829 τοη

927 801 1003 829 'uisse
1020 801 1196 836 praedicabat,
1223 805 1253 828 ut
1274 802 1320 836 qui
1346 802 1462 836 unigena
1481 801 1569 828 eidem
1588 801 1670 828 fuerit
1692 811 1698 828 :

84 848 272 883 ὑστερήματος
304 847 452 874 κατατεθὲν
467 849 476 864 ²
502 849 542 880 εἰς
566 849 646 876 αὑτὸν
669 845 720 875 ὧδέ
736 857 794 880 πως
816 850 855 875 ἀπ

930 854 950 873 ιο
964 845 1088 873 defectus
1101 853 1205 877 semen,
1221 847 1294 880 quod
1320 847 1347 872 in
1365 854 1395 873 se
1408 851 1560 881 receperat,
1576 846 1628 873 hoc
1644 846 1701 873 fere

83 893 210 927 εκύησεν.
219 892 308 927 Αὐτὴν
322 893 370 928 τὴν
385 893 594 928 πανυπερτάτην
611 893 664 920 ἀπὸ
678 894 730 920 τῶν
747 894 853 930 ἁοράτω

929 891 999 919 nodo
1012 891 1126 927 peperit.
1145 891 1251 926 Quippe
1270 899 1405 918 summam
1421 891 1495 918 illam
1511 891 1655 919 Tetradem
1667 899 1700 919 ex

82 938 130 965 καὶ
152 938 378 973 ἀκατονομάστων
408 939 509 965 τούτων
522 939 543 965 Τ
545 940 643 974 ετράδα
658 939 853 975 κατεληλυθέναι

930 938 953 965 is
964 938 1032 965 locis
1047 945 1108 972 quae
1121 937 1208 965 videri
1223 938 1412 972 nominarique
1424 941 1574 972 nequeunt,
1590 938 1623 964 ad
1640 944 1701 965 sese

83 985 204 1019 σχήματι
226 983 375 1018 γυναικείῳ
394 984 463 1019 προς
479 984 569 1010 αὐτόν.
591 984 717 1020 Ἐπειδὴ,
740 984 816 1020 φησὶ,
836 993 854 1010 τι

927 983 1044 1011 uuliebri
1071 983 1161 1019 specie
1190 983 1368 1012 descendisse
1396 993 1403 1011 :
1429 984 1569 1019 quoniam,
1599 984 1698 1018 inquit,

82 1030 168 1065 ἄρρεν
192 1029 276 1064 αὐτῆς
297 1030 312 1056 6
337 1029 438 1064 κόσμος
467 1031 560 1065 φέρειν
588 1030 637 1056 οὐκ
660 1030 792 1065 ἠδύνατο,
819 1039 853 1056 κα

930 1029 991 1063 ιιιοιΙ
1007 1029 1035 1056 in
1049 1037 1080 1056 ea
1101 1030 1245 1057 masculini
1262 1037 1344 1057 sexus
1359 1034 1417 1056 erat
1430 1030 1568 1057 sustinere
1582 1030 1701 1057 mundus

84 1075 204 1110 μηνῦσαι
221 1075 289 1110 αὑτὴ
303 1075 314 1090 ³
327 1075 369 1106 τίς
382 1073 427 1110 ἦν,
444 1075 491 1101 καὶ
499 1075 548 1110 τὴν
564 1075 617 1101 τῶν
629 1075 735 1102 πάντων
750 1075 854 1109 γένεσιν

927 1084 971 1102 ιοιι
988 1080 1095 1110 poterat
1120 1085 1126 1102 :
1152 1075 1250 1103 deinde
1272 1083 1301 1103 se
1317 1083 1441 1110 quianam
1460 1079 1532 1103 esset
1547 1076 1698 1110 aperuisse,

81 1121 116 1156 ἣν
130 1121 218 1147 οὐδενὶ
236 1119 346 1147 πώποτε
363 1120 424 1146 οὐδὲ
439 1120 507 1147 Θεῶν
522 1120 582 1147 οὐδὲ
595 1120 745 1156 ἀνθρώπων
761 1121 851 1146 ἀπεκά

929 1121 1162 1156 universorumque
1173 1122 1386 1157 generationem,
1401 1122 1481 1157 237
1500 1129 1581 1156 quam
1597 1122 1700 1149 nemini

83 1167 162 1202 λυψε,
186 1166 274 1201 τούτῳ
293 1166 438 1202 μονωτάτῳ
455 1166 653 1202 διηγήσασθαι,
670 1165 756 1198 οὕτως
775 1167 852 1193 εἰποῠ

928 1167 1029 1194 Ieorum
1060 1175 1182 1202 unquam
1209 1167 1409 1202 hominumque
1440 1167 1617 1202 patefecerat,
1648 1167 1699 1196 soli

83 1220 147 1238 σαν·
164 1212 229 1238 Ὅτε
245 1211 275 1237 τὺ
291 1210 399 1246 πρῶτον
413 1212 428 1237 ὁ
447 1210 541 1246 Πατὴρ
555 1209 647 1236 ὤδινεν
657 1209 668 1225 ⁸
682 1211 696 1237 ὁ
711 1211 854 1246 ἁνεννόητο

929 1212 970 1248 psi
985 1213 1051 1240 iisce
1066 1213 1156 1240 verbis
1168 1213 1339 1248 exposuisse.
1357 1214 1424 1241 Cum
1441 1214 1558 1248 primum
1574 1213 1655 1241 Pater
1678 1214 1700 1241 is

83 1257 130 1284 καὶ
152 1257 286 1288 ἀνοὺσιος,
310 1258 324 1283 ὁ
351 1258 420 1292 μήτε
439 1256 523 1292 ἄρῤεν
547 1257 615 1292 μήτε
641 1256 717 1291 Θῆλυ,
736 1256 854 1291 ἠθέλησε’

929 1257 963 1291 ιιιὶ
986 1265 1075 1292 neque
1101 1258 1268 1293 cogitatione
1284 1258 1344 1293 capi
1362 1263 1462 1293 potest,
1482 1262 1510 1285 et
1525 1263 1629 1286 naturae
1642 1267 1700 1286 om-

81 1303 164 1330 αὺτοῦ
172 1303 203 1330 τὸ
214 1303 332 1339 ἄρρητον
344 1302 515 1338 γεννηθῆναι,
529 1303 574 1329 καὶ
587 1302 620 1328 τὸ
630 1302 744 1337 ἀόρατον
757 1311 852 1338 μορφω

927 1303 961 1330 iis
976 1307 1018 1331 est
1043 1311 1152 1339 expers,
1183 1312 1271 1338 neque
1286 1312 1368 1339 porro
1383 1312 1442 1332 mas
1456 1308 1508 1336 est,
1526 1308 1572 1331 aut
1588 1304 1698 1336 femina,

82 1340 175 1384 θῆναι,
192 1349 281 1384 ἤνοιξε
300 1349 330 1375 τὸ
347 1349 445 1383 στόμα,
460 1349 507 1375 καὶ
523 1349 662 1384 προήκατο
680 1348 758 1382 λόγον
775 1349 851 1384 ὃμοιο

929 1349 1054 1376 parturire
1071 1349 1164 1384 ccepit,
1180 1349 1253 1384 quod
1283 1350 1308 1376 in
1332 1357 1362 1377 se
1377 1354 1436 1377 erat
1448 1350 1639 1385 inexplicabile
1659 1351 1700 1385 gi-

86 1394 172 1429 αὐτῷ.
192 1395 240 1426 Ὃς
260 1393 403 1429 παραστὰς
422 1393 561 1426 ὑπέδειξεν
586 1393 659 1428 αὺτῷ
679 1393 693 1419 ὃ
717 1391 762 1428 ἧν,
787 1393 857 1420 αὐτοι

927 1393 973 1427 ιιιί,
989 1393 1061 1428 quod
1086 1393 1291 1428 inaspectabile,
1318 1393 1430 1421 formari
1449 1395 1572 1429 cupiens,
1588 1403 1618 1422 os
1636 1402 1698 1430 ape-

81 1440 129 1467 τοῦ
153 1441 269 1476 ἀοράτου
298 1440 388 1475 μορφὴ
412 1439 515 1474 φανείς.
539 1439 571 1466 'H
588 1439 615 1466 δὲ
639 1439 793 1475 ἐκφώνησις
819 1448 852 1466 τοπ

927 1438 983 1470 'uit,
996 1438 1168 1473 similemque
1182 1439 1225 1466 sui
1239 1447 1392 1466 sermonem
1414 1440 1509 1467 edidit.
1526 1440 1577 1472 Qui
1590 1440 1698 1474 quidem

79 1486 216 1522 ὀνόματος
231 1485 339 1520 ἐγένετο
354 1484 476 1520 τοιαύτη·
494 1484 624 1519 Ἐλάλησε
640 1484 718 1518 λόγον
731 1485 776 1511 τὸν
793 1485 850 1520 πρῶ

928 1488 1014 1512 istans
1029 1485 1054 1511 ei
1071 1484 1201 1519 quidnam
1217 1489 1290 1512 esset
1316 1479 1450 1517 ostendit,
1468 1493 1530 1512 cum
1545 1486 1699 1520 inaspecta-

80 1541 128 1558 τον
147 1532 195 1558 τοῦ
216 1531 347 1566 ὀνόματος
361 1530 454 1563 αὐτοῦ,
479 1531 541 1565 ἥτις
558 1527 593 1565 ἦν
615 1530 702 1565 ἀρχὴ,
727 1531 772 1556 καὶ
796 1528 830 1566 ἦν
849 1540 851 1544 ⁴

928 1529 982 1557 iilis
996 1530 1070 1557 illius
1085 1530 1160 1556 velut
1174 1529 1275 1565 efﬁgies
1289 1535 1444 1565 appareret.
1467 1530 1606 1564 Ejusmodi
1619 1538 1699 1565 porro

83 1578 205 1615 συλλαῦὴ
222 1577 303 1605 αὑτοῦ
321 1578 460 1613 στοιχείων
471 1577 622 1613 τεσσάρων.
636 1576 802 1611 Ἐπισυνῆψε
816 1577 854 1612 τὴε

929 1575 1038 1602 Iominis
1058 1575 1103 1601 illa
1119 1576 1307 1610 pronuntiatio
1330 1575 1446 1603 exstitit.
1471 1575 1593 1602 Primum
1610 1576 1700 1610 appel-

79 1625 225 1661 δευτὲραν·
250 1625 297 1652 καὶ
318 1621 353 1660 ἦν
378 1624 426 1650 καὶ
451 1623 521 1658 αὐτὴ
547 1623 685 1658 στοιχείων
714 1622 850 1658 τεσσάρων

928 1621 1027 1649 ationis
1049 1630 1105 1649 sua:
1126 1622 1286 1649 vocabulum
1313 1622 1437 1649 elocutus
1459 1626 1500 1650 est
1517 1632 1522 1649 :
1542 1622 1593 1649 hoc
1609 1626 1698 1649 autem

87 1671 168 1706 Ἑξῆς
185 1670 298 1705 ὲλάλησε
318 1669 366 1705 τὴν
386 1669 495 1705 τρίτην·
518 1669 564 1696 καὶ
584 1666 617 1704 ἦν
633 1668 680 1695 καὶ
703 1667 771 1703 αὑτὴ
794 1676 858 1693 στοι-

928 1668 999 1703 ιρχή,
1016 1668 1074 1695 sive
1086 1668 1251 1703 principium
1275 1672 1344 1701 erat,
1371 1668 1451 1702 cujus
1466 1668 1569 1703 syllaba
1583 1673 1699 1703 quatuor

80 1717 164 1752 χείων
188 1715 262 1742 δέκα.
288 1716 342 1742 Καὶ
353 1716 402 1751 τὴν
424 1715 492 1751 μετὰ
509 1715 594 1741 ταῦτα
617 1714 747 1749 ἐλάλησε·
771 1711 850 1750 καὶῆ

928 1713 1059 1742 elementis
1076 1713 1231 1741 constabat.
1254 1713 1315 1740 Mox
1339 1713 1451 1740 alteram
1474 1714 1604 1749 syllabam
1625 1714 1699 1748 adje-

80 1762 130 1788 καὶ
145 1761 215 1797 αὑτὴ
237 1761 375 1796 στοιχείων
395 1760 518 1788 δεκαδύο.
531 1760 655 1795 Ἐγένετο
674 1758 720 1787 οὖν
737 1761 754 1796 ἡ
775 1759 851 1794 ὲκφώ

928 1761 964 1792 :it,
980 1769 1040 1796 quae
1053 1765 1080 1788 et
1094 1762 1154 1797 ipsa
1173 1762 1306 1789 elementa
1321 1762 1479 1789 continebat
1492 1765 1619 1796 quatuor.
1635 1761 1699 1789 lude

80 1816 160 1843 νησις
181 1807 227 1834 τοῦ
251 1807 312 1834 ὅλου
332 1807 463 1842 ὀνόματος
481 1807 619 1842 στοιχείων
635 1806 684 1842 μὲν
709 1806 851 1842 τριάκοντα

928 1807 1024 1834 eniam
1051 1807 1145 1834 decem
1176 1815 1209 1834 ex
1238 1807 1382 1835 elementis
1410 1807 1601 1842 compositam.
1638 1807 1698 1834 Mox

81 1852 224 1879 συλλαὸὦν
240 1852 267 1879 δὲ
287 1853 438 1888 τεσσάρων.
453 1853 587 1879 Ἕκαστον
604 1853 633 1879 δὲ
656 1853 711 1880 τῶν
728 1853 850 1888 στοιχείω

926 1859 1041 1885 luartam
1058 1852 1256 1879 elementorum
1280 1853 1434 1880 duodecim.
1460 1853 1499 1880 Ita
1517 1854 1635 1881 nominis
1657 1859 1697 1880 to-

81 1899 137 1925 ῐδια
151 1898 312 1934 γράμματα,
328 1899 374 1925 καὶ
391 1898 456 1925 ἴδιον
471 1898 644 1933 χαρακτῆρα,
664 1898 712 1925 καὶ
734 1898 802 1925 ίδίαν
819 1899 850 1925 ὲκ

929 1899 972 1926 ius
986 1899 1133 1933 appellatio
1156 1907 1190 1926 ex
1216 1899 1328 1926 tricenis
1353 1903 1395 1927 est
1418 1900 1569 1932 elementis,
1588 1900 1697 1935 syllabis

80 1945 214 1979 φώνησιν,
231 1944 278 1971 καὶ
293 1944 431 1979 σχήματα,
444 1945 491 1970 καὶ
507 1944 613 1975 εἰκόνας
625 1943 705 1979 ἔχειν,
720 1945 767 1971 καὶ
783 1945 850 1980 μηδὲ

928 1952 980 1972 'cro
991 1949 1178 1980 coagmentata
1189 1950 1318 1980 quatuor.
1335 1946 1372 1972 Ita
1386 1950 1488 1979 tamen,
1502 1951 1532 1973 ut
1545 1950 1572 1974 et
1584 1946 1699 1974 elemen-

79 1989 171 2016 αὐτῶν
190 1987 270 2020 εἶναι,
293 1989 307 2015 ὃ
325 1989 374 2024 τὴν
401 1989 505 2016 ἐκείνου
526 1989 630 2025 καθορᾷ
646 1989 761 2025 μορφὴν,
781 1987 846 2017 οὖπε

930 1999 974 2017 um
991 1991 1135 2026 quodlibet
1151 1992 1277 2026 proprias
1294 1992 1411 2024 litteras,
1429 1993 1609 2027 propriosque
1631 1993 1698 2020 cha-

79 2035 163 2066 αὺτὸς
187 2035 316 2069 στοιχεῖόν
340 2035 430 2061 ἐστιν·
454 2034 521 2062 ἀλλὰ
537 2035 597 2061 οὐδὲ
619 2035 748 2069 γινώσκει
773 2037 850 2062 αὐτὸν

926 2039 1048 2066 λίθοισι-εει,
1064 2038 1091 2061 et
1113 2035 1360 2074 pronuntiationem
1387 2037 1525 2071 propriam
1542 2036 1650 2068 habeat,
1667 2037 1697 2063 ti-

79 2080 142 2107 οὺδὲ
164 2081 216 2116 μὴν
231 2080 280 2116 τὴν
293 2080 340 2107 τοῦ
355 2081 467 2116 πλησίον
483 2081 565 2107 αὐτοῦ
586 2081 699 2107 ἕκαστον
712 2081 849 2116 ἑκφώνησι

926 2088 1010 2114 ιιιιηιιιιι
1024 2080 1141 2115 denique
1155 2081 1324 2116 elligiemque
1338 2083 1493 2116 propriam;
1514 2090 1602 2117 neque
1617 2083 1697 2118 quid-

79 2127 222 2162 πολιορκεῖ
231 2128 254 2159 ⁵,
274 2127 342 2153 ἀλλὰ
360 2129 374 2154 ὁ
395 2128 475 2159 αὐτὸς
490 2129 616 2162 ὲκφωνεῐ,
634 2128 672 2158 ὡς
695 2129 726 2154 τὸ
749 2130 802 2156 πᾶν
818 2130 850 2155 ὲκ

924 2133 996 2161 luam
1017 2126 1064 2159 sit,
1089 2126 1163 2161 quod
1180 2127 1254 2154 illius
1280 2127 1409 2160 formam,
1434 2128 1515 2161 cujus
1533 2129 1695 2156 elementum

79 2172 233 2208 φωνοῦντα,
249 2173 278 2199 τὸ
290 2173 348 2199 ὅλον
363 2172 487 2208 ἡγεῖσθαι
497 2172 650 2208 ὀνομάζειν.
664 2173 797 2200 Ἔκαστον
812 2173 847 2208 γὰ

926 2177 968 2205 εει,
983 2172 1107 2206 aspiciat,
1137 2172 1192 2199 imo
1216 2180 1251 2200 ne
1280 2179 1428 2208 cognoscat
1456 2175 1576 2209 quidem.
1604 2174 1697 2209 Neque

79 2219 183 2249 αὐτῶν,
202 2218 284 2254 μέρος
295 2218 324 2245 ὃν
338 2218 385 2245 τοῦ
400 2218 472 2250 ὅλου,
489 2219 533 2244 τὴν
552 2219 616 2245 ἴδιον
630 2216 696 2254 ἦχον
712 2219 750 2251 ὠς
764 2219 794 2246 τὸ
811 2220 849 2246 πᾶ

926 2210 999 2243 »οιίό
1012 2216 1094 2243 vicini
1112 2216 1162 2244 sibi
1186 2217 1325 2252 quodlicet
1349 2217 1476 2245 elementi
1495 2219 1697 2253 pronuntiatio-

79 2263 236 2299 ὀνομάζειν,
250 2265 297 2290 καὶ
318 2264 354 2299 μὴ
375 2263 529 2291 παύσασθαι
545 2264 674 2300 ἠχοῦντα,
690 2265 786 2300 μέχρις
803 2265 850 2292 ὅτο

927 2271 978 2290 tem
999 2263 1087 2296 novit;
1104 2262 1151 2290 sed
1165 2263 1205 2290 sic
1217 2263 1261 2290 ille
1274 2264 1442 2298 pronuntiat,
1459 2271 1489 2292 ut
1502 2269 1587 2292 totum
1606 2265 1697 2300 profe-

79 2310 127 2336 ὲπὶ
139 2309 170 2335 τὸ
187 2309 299 2344 ἔσχατον
312 2308 428 2344 γράμμα
443 2309 489 2335 τοῦ
507 2308 620 2335 ἑκάστου
637 2309 768 2344 στοιχείου
785 2318 848 2344 μονο

925 2316 991 2341 rens,
1022 2309 1165 2336 nominare
1199 2310 1358 2336 universum
1396 2309 1543 2338 existimet.
1585 2310 1696 2346 Singula

79 2355 289 2391 γλωσσήσαντος
303 2356 472 2391 καταστῆσαι
501 2355 522 2382 ⁸.
544 2355 610 2382 Τότε
626 2355 654 2382 δὲ
671 2356 718 2382 καὶ
734 2355 783 2391 τὴν
795 2356 850 2391 ἀπο

924 2355 1028 2391 ιυίρρθ,
1047 2363 1109 2383 cum
1124 2356 1246 2384 universi
1269 2356 1325 2384 sint
1339 2360 1440 2391 partes,
1455 2357 1619 2391 peculiarem
1645 2357 1695 2385 sibi

117 2433 126 2447 ‘
141 2431 211 2460 lren.
231 2430 307 2464 οὗτος
321 2437 348 2468 et
360 2440 422 2458 mox
440 2432 591 2468 Κολορϐάσ.
612 2434 690 2468 σιγῆς
701 2432 806 2459 ἑαυτόν.
845 2433 855 2448 ¹
872 2432 888 2459 11

924 2441 942 2460 ι.
958 2433 1090 2468 ὑστερήμ.
1107 2432 1187 2468 σπέρ.
1202 2433 1262 2460 Mox
1277 2441 1326 2468 pro
1336 2433 1448 2464 τούτων,
1459 2434 1559 2461 τόπων.
1599 2435 1609 2449 ²
1627 2433 1695 2461 lren.

80 2467 190 2502 ἑαυτήν.
228 2467 239 2483 ’⁵
252 2468 287 2496 Ir.
303 2467 379 2495 addit
396 2467 491 2494 ἀπάτω
512 2487 518 2493 .
556 2468 566 2483 ⁵
580 2468 650 2496 lren.
670 2467 829 2494 ἐπίσταται.

80 2503 152 2529 nbit.
176 2506 203 2529 et
225 2503 402 2529 καταστῆναι.
446 2502 456 2517 ⁷
473 2475 564 2529 ις’ίιιι.
583 2511 620 2529 iv.
633 2503 661 2529 2.
697 2503 824 2529 ⁸Ιι·ειι.ο.
840 2502 851 2529 1

929 2488 935 2494 .
955 2467 1222 2503 μονογλωσσήσαντα.
1245 2467 1314 2495 Irén.
1341 2468 1455 2503 ἐσχάτου
1475 2470 1604 2504 στοιχείου
1628 2471 1697 2497 scri-

79 2503 152 2538 psit,
176 2506 203 2530 et
225 2503 402 2538 καταστῆναι.
446 2502 456 2517 ⁷
473 2502 564 2530 lTim.
583 2511 620 2537 iv,
633 2503 661 2530 2.
697 2503 824 2530 ⁸Ιι·ειι.ο.
840 2502 883 2529 10.

117 2580 174 2616 (12)
200 2581 252 2616 Ἐἴ
275 2581 337 2614 τοῖς
356 2581 421 2608 καθ’
439 2579 518 2615 ἡμᾶς
544 2581 668 2614 κλίμασι
687 2580 742 2615 τῆς
770 2579 865 2616 Ῥοδα-

923 2583 1003 2616 emrgt
1019 2579 1244 2616 imperitiiesuie
1267 2586 1360 2616 n_omen
1383 2579 1498 2616 scientia:
1521 2578 1694 2616 vegditqrites.

80 2612 220 2649 νοὺσίας.
233 2612 359 2652 Rhodani
373 2612 490 2652 tractum
505 2612 708 2652 Rhodanusiam
717 2612 816 2642 ‘yocat.
829 2614 851 2642 U

949 2614 1003 2652 (15)
1019 2612 1178 2652 Ἡσυχῆιδέ
1189 2620 1250 2645 πως
1275 2613 1383 2652 ἐαυτιεζς
1393 2613 1601 2652 ἀπηλπςιξιυῖᾳι,
1615 2614 1695 2640 Plana.

80 2657 110 2679 et
127 2652 154 2678 in
170 2648 224 2679 vet.
241 2651 367 2685 inscript.
384 2651 529 2678 Rliodanici
553 2650 677 2677 Rhodani
693 2651 794 2677 accolae
816 2658 865 2676 no-
912 2653 939 2676 et
954 2650 1070 2685 integra»
1082 2649 1162 2676 lectio
1170 2655 1281 2685 ,qneque
1304 2648 1452 2685 dﬂidquani
1467 2648 1636 2685 addendum;
1656 2653 1697 2675 ta-

80 2686 234 2714 minanlur.
250 2682 412 2720 Quanquam
435 2686 589 2718 Stephanus
613 2685 800 2712 Ῥοδανουσίαν
816 2693 849 2712 ur

913 2682 1115 2720 metsiquidam
1128 2682 1243 2720 yet-bqu
1261 2682 1415 2720 χωρίζουσι
1420 2683 1569 2720 desiderari
1584 2687 1669 2720 putet.

81 2721 145 2748 bem
163 2728 224 2748 esse
238 2717 310 2748 dicat
325 2717 354 2748 ὲν
370 2717 524 2755 Μασσαλίᾳ.
538 2720 595 2748 Huc
610 2728 674 2747 vero
690 2719 802 2755 Hieron
826 2721 850 2746 lo

950 2719 1005 2754 (Μ)
1015 2717 1110 2755 Ὀΰτω
1123 2717 1242 2755 Μάρκος
1254 2717 1382 2755 μήτραν.
1399 2717 1445 2755 Ι)θέ
1460 2717 1606 2755 Colorbaso
1628 2717 1695 2744 Ter-

81 2764 133 2784 cus
149 2756 266 2791 pertinet
286 2756 319 2783 ad
344 2764 405 2783 inv
420 2755 471 2782 lsa.
495 2753 592 2790 caput,
611 2763 691 2790 quem
714 2759 740 2782 et
763 2754 864 2791 Fronto
916 2753 1125 2791 tull.__mei_ninit
1146 2753 1164 2791 l_.
1180 2753 1217 2779 De
1228 2753 1421 2791 priyscript._c.
1437 2753 1481 2780 50.
1501 2753 1567 2791 Quae
1579 2760 1695 2791 sequun-

81 2787 199 2819 Ducézus
226 2795 319 2819 noster
348 2791 381 2818 ad
411 2791 485 2818 hunc
513 2787 602 2818 locum
619 2787 758 2817 'observat
781 2798 788 2815 :
816 2790 861 2817 ubi
917 2793 962 2816 tur
977 2788 1059 2816 Marci
1073 2789 1188 2818 somnia,
1202 2787 1273 2822 quod
1288 2795 1340 2814 non
1355 2788 1445 2815 minus
1462 2789 1597 2822 perplexa.
1613 2792 1640 2814 et
1654 2788 1695 2813 in-

81 2826 230 2854 Gnosticos
251 2827 306 2858 ait,
327 2835 372 2860 per
392 2825 514 2853 Marcum
536 2825 690 2860 Egyptian;
712 2824 861 2851 Galliarum
915 2825 1022 2860 tricata,
1037 2831 1117 2858 quam
1139 2823 1254 2854 stolida,
1278 2823 1422 2857 inaniaque
1440 2825 1504 2855 sint,
1521 2824 1548 2850 in
1565 2823 1598 2849 iis
1612 2829 1694 2849 excu-

80 2864 197 2896 primum
211 2862 281 2889 circa
298 2859 462 2893 Rhodanum,
478 2859 862 2896 deinde’Hispaniarumrnobi-
915 2859 1324 2896 tiendis_tempusoperamque
1345 2865 1507 2896 consumere
1532 2864 1694 2896 slipervaca-

82 2891 120 2926 tu
140 2898 251 2926 feminas
275 2897 420 2932 decepisse,
447 2891 582 2924 miscentes
610 2891 707 2930 fabulis
743 2895 861 2929 volupta-
915 2902 995 2922 neum
1012 2891 1186 2929 duxi.'[i'idé
1205 2892 1329 2928 Prolegg.
1349 2892 1382 2919 ad
1396 2891 1539 2922 Irenwum.
1554 2891 1646 2928 Eum]
