1952 3045
247 166 298 195 ΞΜ

948 174 976 202 S.
997 173 1167 202 EPIPllANll

1829 177 1883 206 599.

250 232 348 252 sonum
375 225 448 253 velut
474 231 563 254 totum
590 227 697 261 efferre,
715 237 765 257 nec
780 230 856 264 prius
879 231 914 258 ab
932 233 1034 260 edendo

1090 233 1258 260 κατάστασιν
1274 232 1328 260 τῶν
1344 233 1412 260 ὅλων
1425 233 1477 268 ἔφη
1490 233 1628 267 γενέσθαι,
1643 234 1707 261 ὅταν
1724 235 1759 262 τὰ
1780 236 1880 262 πάνταν

249 270 393 304 desistere,
409 279 490 307 quam
500 274 533 300 ad
548 277 699 301 extremam
715 277 832 302 extremi
847 276 977 305 elementi
989 279 1034 305 lit-

250 320 337 343 teram
348 318 526 353 singulariter
537 321 739 354 pronuntiando
762 322 855 357 lingua
869 325 1034 359 pervenerit.

1089 281 1254 307 κατελθόντα
1267 282 1307 312 εἰς
1329 281 1359 307 τὸ
1373 280 1402 307 ἓν
1421 281 1557 317 γράμμα,
1577 281 1641 316 μίαν
1660 282 1708 308 καὶ
1730 282 1780 317 τὴν
1795 282 1881 317 αὐτὴν

1091 327 1245 363 ἐκφώνησιν
1259 327 1312 362 ἠχή
1317 336 1360 363 σῃ.

249 363 289 390 Ac
304 368 361 391 tum
377 365 487 392 demum
503 367 660 394 ri'stitiitum
686 368 718 395 iri
735 369 828 396 omnia
851 369 954 404 deﬁnit,
973 379 1035 399 cum
1054 380 1149 401 omnes
1163 374 1190 401 in
1205 381 1287 401 unam
1304 373 1420 402 redactae
1435 374 1533 401 littera:
1557 382 1611 402 una
1644 375 1793 410 eademque
1817 383 1880 410 ιιι-ος

250 412 424 439 nuntiatione
435 414 612 441 resonabunt.

286 459 373 494 Hujus
382 468 445 488 vero
462 463 692 496 pronuntiationis
707 464 795 492 simile
807 464 934 499 quiddam
949 466 1038 494 aiebat

250 506 393 539 exsistere,
409 514 471 534 cum
489 516 584 536 omnes
595 509 697 544 pariter
713 518 791 538 amen
806 511 934 539 dicimus.
949 510 1037 539 Senos

249 559 311 578 esse
328 559 410 585 vero,
435 553 534 587 quibus
559 560 662 581 natura:
688 562 719 581 ac
735 557 918 590 generationis
940 564 1037 591 expers

250 596 321 624 [Eon
337 598 382 625 ille
393 598 564 631 inl‘orinetur,
580 599 745 634 eosdemque
765 601 866 628 formas
879 609 941 629 esse
952 623 960 634 ,
974 603 1036 636 qni-

250 643 301 671 bus
314 644 468 679 angelorum
484 653 581 673 nomen
602 654 616 672 a
630 646 744 673 Domino
756 648 888 675 tributum
904 653 962 679 cst,
977 656 1037 683 quae

249 689 339 718 Patris
363 690 460 718 faciem
481 692 590 719 assidue
614 697 779 720 contuentiir
791 695 811 720 ¹.
826 693 884 720 Jain
900 701 965 721 vero
979 694 1036 721 ele-

249 741 402 765 mentorum
427 737 553 770 nomina,
572 747 631 774 qua:
654 739 764 774 quidem
789 739 904 774 exprimi
921 739 961 767 fas
977 744 1036 772 est,

249 787 367 818 suntque
380 784 535 812 communia
545 806 553 818 ,
570 785 688 816 Eones,
705 789 733 813 et
748 793 899 818 sermones,
916 794 947 813 ac
962 786 1037 814 radi-

249 837 306 863 ces.
319 831 433 862 sentina,
446 831 606 865 pleromata.
627 840 658 859 ac
671 833 778 860 fructus
793 834 956 869 appellabat.
971 834 1036 868 Quae

249 880 340 904 autem
355 877 513 912 singillatim
530 878 664 914 cujusque
681 884 744 906 sunt
760 880 880 915 propria,
895 887 927 907 ea
943 880 1037 907 Eccle-

1125 462 1178 497 Ἦς
1197 467 1378 501 ὲκφωνήσεως
1395 467 1487 493 εἰκόνα
1509 467 1539 494 τὸ
1564 468 1637 503 ἁμήν
1651 467 1719 502 ὁμοῦ
1744 468 1879 503 λεγόντων

1089 511 1168 546 ἡμῶν
1181 511 1295 537 ὑπέθετο
1305 509 1384 539 εἶναι.
1399 512 1467 544 Τοὺς
1476 511 1504 538 δὲ
1514 512 1648 547 φθόγγους
1661 514 1803 549 ὑπάρχειν,
1817 516 1879 546 τοὺς

1092 557 1262 593 μορφοῦντας
1281 557 1327 583 τὸν
1344 557 1468 584 άνούσιον
1484 558 1531 584 καὶ
1549 558 1695 595 ἀγέννητον
1715 560 1817 591 Αἰῶνα,
1831 562 1878 587 καὶ

1089 601 1158 630 εἶναι
1172 603 1284 636 τούτους
1300 603 1417 639 μορφὰς,
1431 604 1464 635 ἃς
1475 605 1489 631 ὁ
1505 604 1606 640 Κύριος
1625 605 1756 639 ἀγγέλους
1771 608 1875 642 εἴρηκε.

1090 650 1144 681 Τὰς
1158 650 1186 676 δὲ
1201 650 1332 684 διηνεκῶς
1344 649 1493 684 βλεπούσας
1505 650 1533 677 τὸ
1547 651 1691 686 πρόσωπον
1702 651 1749 678 τοῦ
1758 653 1875 688 Πατρός.

1089 696 1129 723 Τὰ
1138 696 1167 722 δὲ
1177 696 1294 731 ὀνόματα
1301 696 1353 722 τῶν
1364 696 1501 732 στοιχείων
1510 697 1543 723 τὰ
1553 696 1623 733 ῥητά
1633 698 1679 724 καὶ
1690 698 1877 730 κοινὰΑῐῶνας

1089 744 1135 769 καὶ
1143 742 1302 776 λόγους,καὶ
1312 742 1399 778 ῥίζας,
1412 743 1459 769 καὶ
1470 742 1625 778 σπέρματα,
1636 744 1682 770 καὶ
1693 743 1876 779 πληρώματα,

1089 789 1136 815 καὶ
1159 789 1281 824 καρποὺς
1300 788 1434 823 ὠνόμασε.
1462 788 1502 814 Τὰ
1527 788 1555 814 δὲ
1576 788 1637 815 καθ’
1653 789 1700 816 ἕνα
1719 789 1809 816 αὐτῶν
1829 790 1876 816 καὶ

1090 835 1205 862 ἑκάστου
1222 834 1275 862 ἴδια
1290 835 1319 861 ὲν
1336 834 1375 870 τῷ
1388 834 1500 870 ὀνόματι
1514 835 1564 870 τῆς
1582 834 1744 870 Ἐκκλησίας
1757 836 1874 870 ἐμπερι-

1089 882 1217 917 εχόμενα,
1243 881 1360 908 νοεῖσθαι
1384 881 1447 915 ἔφη,
1476 881 1513 911 ὡς
1536 881 1667 916 στοιχείου
1687 882 1696 897 ⁸
1711 881 1742 908 τὸ
1762 880 1876 917 ὕστερον

249 927 297 954 sia:
328 927 459 954 vocabulo
482 929 680 963 comprehensa
710 930 824 964 intelligi
856 930 1034 966 significabat.

1087 927 1204 963 γράμμα
1211 927 1303 962 φωνὴν
1315 927 1454 962 προήκατο
1464 927 1513 961 τὴν
1528 926 1610 953 αὐτοῦ
1618 935 1624 941 ·
1641 924 1671 953 οὗ
1681 924 1746 961 ἦχος
1759 926 1875 958 ἐξελθὼν

249 973 370 1006 Quorum
387 974 584 1002 elementorum
601 980 722 1003 extrema
749 976 836 1003 ultimi
862 976 951 1003 littera
987 984 1036 1004 vo-

249 1027 308 1047 cem
328 1028 405 1047 snam
423 1021 524 1053 emisit,
538 1020 617 1055 cujus
630 1021 713 1056 238
727 1029 811 1049 sonus
832 1022 927 1050 exiens
939 1022 972 1048 ad
982 1022 1038 1049 ele-

249 1071 402 1093 mentorum
427 1066 634 1094 similitudinem
651 1068 760 1102 propria
779 1068 913 1095 elementa
934 1068 1036 1103 produ-

248 1112 303 1144 xit;
318 1119 332 1137 a
349 1111 448 1146 quibus
460 1112 588 1140 inferiora
604 1112 662 1141 hzec
673 1113 960 1149 ordinata,superiora
971 1121 1036 1141 vero

249 1158 339 1192 genita
352 1165 414 1185 esse
436 1159 552 1185 censuit.
574 1159 656 1186 Addit
677 1166 742 1186 vero
755 1159 884 1191 litteram,
897 1160 977 1194 cujus
991 1167 1036 1187 so-

248 1211 301 1230 nus
317 1210 415 1230 sonum
431 1203 501 1230 infra
520 1203 748 1237 consequebatur,
761 1211 777 1230 a
793 1204 895 1240 syllaba
910 1212 959 1231 sua
975 1212 1036 1232 siir-

248 1255 309 1275 sum
337 1252 458 1275 erectam
486 1248 519 1274 ad
544 1248 702 1275 universum
725 1248 906 1283 explendum;
937 1256 1035 1276 sonum

248 1298 339 1321 autem
362 1294 452 1328 ipsum
477 1295 551 1320 velut
568 1293 643 1321 foras
660 1293 796 1328 abjectum
813 1294 840 1321 in
857 1294 1045 1322 inferioribus.

248 1340 368 1367 laesisse.
388 1339 556 1367 Eleiuentum
578 1347 671 1374 porro,
695 1340 774 1374 cujus
799 1340 843 1366 illa
869 1340 958 1367 littera
978 1345 1034 1372 est,

247 1392 310 1412 cuin
326 1385 547 1420 pronuntiatione
561 1392 610 1412 sua
625 1384 752 1412 deorsum
772 1385 915 1412 descendit
931 1394 937 1412 :
953 1385 1036 1419 idque

248 1430 346 1458 litteris
369 1436 497 1458 constare
521 1431 634 1458 tricenis
657 1431 770 1463 asserit,
786 1439 901 1466 quarum
921 1431 1035 1466 singula}

246 1477 315 1503 alias
341 1477 368 1502 in
393 1484 423 1504 se
446 1476 550 1503 litteras
572 1476 720 1510 complexa:
736 1476 805 1507 sint,
824 1477 923 1511 quibus
938 1477 1036 1504 littera:

247 1531 346 1550 nomen
361 1523 522 1557 appelletur.
545 1521 718 1557 Easdemque
732 1530 841 1550 rursum
855 1523 959 1550 litteras
974 1523 1034 1552 aliis

247 1570 382 1597 nominari
401 1569 514 1601 litteris,
532 1576 592 1603 qua:
616 1569 713 1595 iterum
727 1568 788 1595 aliis
805 1575 830 1596 et
846 1568 912 1603 ipsae
928 1576 1034 1596 nuncu-

247 1619 361 1650 pentur.
380 1615 453 1642 utin
480 1614 615 1641 infinitum
640 1613 685 1640 illa
712 1613 863 1640 litterarum
888 1614 1034 1641 multitudo

247 1660 386 1695 procedat.
413 1659 479 1692 Quae
501 1660 591 1686 omnia
621 1658 728 1686 facilius
757 1659 810 1686 hoc
837 1658 918 1685 modo
943 1659 1033 1694 perci-

246 1705 314 1740 pies.

285 1751 318 1780 V.
332 1750 499 1779 Elementiim
525 1750 600 1778 Delta
621 1751 740 1786 quinque
763 1751 866 1778 litteras
895 1751 1033 1784 continet,

247 1798 376 1826 nimirum
392 1804 454 1829 0,5,
470 1804 497 1830 ι,
515 1805 541 1829 τ,
560 1805 586 1823 Α.
601 1796 666 1830 ρυίε
678 1797 773 1824 litterae
783 1796 847 1823 aliis
864 1795 977 1831 insuper
989 1797 1034 1823 lit-

247 1844 313 1872 teris
337 1843 494 1870 scribuntur
508 1852 514 1869 :
533 1847 559 1869 et
574 1842 615 1869 liae
630 1842 750 1870 vicissim
766 1841 838 1870 aliis.
855 1841 940 1878 igitur
953 1842 976 1870 si
989 1843 1032 1873 id.

246 1889 274 1917 in
297 1897 352 1924 quo
374 1889 458 1924 ipsius
482 1888 553 1916 delta
578 1891 675 1915 natura
694 1887 832 1920 consistit,
849 1887 877 1914 in
895 1887 1031 1915 Inﬁnitum

246 1936 386 1968 eiicu'rit,
402 1939 429 1962 et
445 1935 479 1962 ab
493 1934 555 1963 aliis
571 1935 623 1962 alia
638 1939 840 1970 propagantur,
862 1934 1033 1970 invicemque

247 1981 416 2014 succedunt;
430 1985 533 2016 quanto
546 1981 633 2016 magis
647 1980 790 2015 ipsiusmet
805 1980 931 2008 elementi
943 1981 1032 2016 majus

246 2029 298 2056 erit
315 2029 466 2055 litterarum
483 2027 556 2055 velut
572 2027 705 2062 pelagus?
716 2026 749 2054 Et
760 2027 783 2054 si
796 2026 864 2054 adeo
876 2026 982 2054 infinita
997 2029 1033 2054 sit

246 2082 299 2102 una
317 2074 448 2101 duntaxat
465 2073 565 2105 littera,
583 2073 644 2100 vide
658 2073 742 2100 totius
757 2073 875 2100 nominis
886 2080 967 2107 quam
981 2073 1033 2100 in-

245 2128 341 2148 mensa
366 2121 401 2148 sit
424 2119 613 2155 profundaque
627 2119 788 2153 congeries;
809 2126 842 2146 ex
856 2119 956 2153 quibus
976 2118 1032 2153 pri-

245 2174 319 2194 mum
345 2167 421 2194 illiini
449 2169 575 2193 constare
589 2164 732 2192 Pareiitein
749 2164 832 2191 Marci
858 2164 920 2200 Sige
932 2165 1031 2208 perdo-

245 2213 311 2240 cuit.
334 2211 479 2246 Propterea
497 2218 560 2237 cum
585 2209 687 2238 Parens
712 2211 770 2245 ipse
793 2210 984 2245 comprehendi
1002 2218 1032 2237 se

1088 974 1147 1000 κατ’
1163 973 1255 1000 εἰκόνα
1270 973 1324 999 τῶν
1334 973 1472 1008 στοιχείων
1490 973 1608 1007 στοιχεῖα
1618 972 1671 999 ἴδια
1687 973 1831 1007 ἐγέννησεν
1844 973 1874 1005 ἐξ

1086 1016 1123 1046 ὧν
1138 1020 1172 1047 τά
1186 1028 1216 1046 τε
1236 1018 1352 1046 ἐνταῦθα
1372 1018 1630 1053 κατακεκοσμῆσθαί
1654 1027 1731 1054 φησι,
1753 1018 1799 1045 καὶ
1821 1018 1874 1044 τῶν

1087 1065 1140 1099 πρὸ
1151 1064 1161 1080 ³
1183 1064 1285 1091 τούτων
1299 1063 1488 1098 γεγεννῆσθαι.
1514 1063 1551 1089 Τὸ
1571 1063 1662 1099 μέντοι
1676 1063 1793 1099 γράμμα
1808 1063 1875 1090 αὐτὸ

1086 1110 1116 1137 τὸ
1127 1108 1192 1145 ἦχος
1203 1110 1241 1145 τῷ
1255 1110 1326 1145 ἤχει,
1348 1105 1378 1136 οὗ
1394 1111 1408 1136 ὁ
1423 1107 1489 1144 ἦχος
1506 1107 1540 1144 ἦν
1559 1109 1816 1136 συνεπακολουθῶνδ
1835 1109 1875 1145 τῷ

1086 1156 1158 1191 ἧχει,
1171 1156 1218 1182 καὶ
1233 1156 1263 1182 τὸ
1273 1155 1326 1182 ὑπὸ
1336 1156 1385 1191 τῆς
1399 1155 1531 1190 συλλαϐῆς
1544 1156 1593 1190 τῆς
1608 1155 1704 1182 ἑαυτοῦ
1716 1155 1874 1191 ἀνειλῆφθαι

1086 1202 1142 1229 ἄνω
1165 1202 1254 1236 λέγειν
1272 1203 1311 1234 εις
1327 1202 1520 1238 ἀναπλήρωσιν
1539 1201 1586 1228 τοῦ
1603 1202 1675 1233 ὅλου,
1692 1201 1873 1237 μεμενηκέναι

1086 1248 1114 1274 δὲ
1126 1249 1165 1280 εἰς
1180 1248 1214 1274 τὰ
1233 1249 1308 1275 κάτω
1320 1248 1365 1275 τὸν
1375 1246 1453 1284 ἦχον,
1467 1247 1562 1284 ὥσπερ
1575 1247 1628 1280 ἔξω
1644 1248 1767 1283 ῥιφέντα.
1791 1247 1828 1274 Τὸ
1845 1248 1874 1274 δὲ

1087 1295 1217 1329 στοιχεῖον
1232 1294 1297 1321 αὐτὸ
1317 1295 1363 1328 ἀφ’
1382 1292 1411 1321 οὗ
1428 1294 1459 1320 τὸ
1471 1294 1587 1330 γράμμα
1608 1294 1656 1320 σὺν
1673 1294 1706 1329 τῇ
1721 1294 1874 1329 ἐκφωνήσει

1085 1337 1135 1373 τῆς
1157 1338 1253 1365 ἑαυτοῦ
1280 1337 1448 1374 συγκατῆλθε
1468 1339 1552 1370 κάτω,
1573 1338 1587 1365 ὂ
1607 1337 1779 1373 γραμμάτων
1803 1336 1874 1364 εἷναί

1087 1392 1152 1419 φησι
1165 1384 1321 1419 τριάκοντα,
1335 1384 1382 1410 καὶ
1396 1384 1426 1410 ἒν
1437 1383 1552 1411 ἕκαστον
1562 1383 1616 1410 τῶν
1626 1384 1773 1420 τριάκοντα
1783 1391 1873 1418 γραμ-

1087 1429 1190 1464 μάτων,
1204 1430 1232 1457 ὲν
1248 1430 1336 1466 ἑαυτῴ
1352 1430 1424 1465 ἔχειν
1438 1430 1520 1466 ἕτερα
1534 1430 1697 1466 γράμματα,
1719 1429 1752 1456 δι’
1770 1426 1799 1456 οὖ
1815 1430 1826 1444 ⁸
1842 1429 1873 1455 τὸ

1084 1475 1169 1511 ὄνομα
1182 1475 1229 1502 τοῦ
1246 1477 1408 1512 γράμματος
1422 1476 1594 1512 ὀνομάζεται.
1624 1475 1676 1502 Kal.
1690 1473 1723 1502 αὖ
1742 1475 1823 1502 πάλιν
1839 1475 1874 1501 τὰ

1085 1519 1166 1556 ἕτερα
1186 1520 1220 1546 δι’
1244 1521 1331 1548 ἄλλων
1352 1520 1533 1556 ὀνομάζεσθαι
1555 1522 1742 1557 γραμμάτων,
1774 1521 1821 1548 καὶ
1838 1521 1873 1547 τὰ

1085 1565 1153 1592 ἄλλα
1167 1565 1199 1592 δι’
1214 1566 1300 1593 ἄλλων
1309 1573 1315 1580 ·
1338 1566 1376 1598 ὡς
1389 1568 1429 1597 εἰς
1442 1567 1555 1602 ἄπειρον
1569 1567 1712 1594 ἐκπίπτειν
1726 1567 1756 1593 τὸ
1770 1566 1873 1602 πλῆθος

1086 1611 1140 1638 τῶν
1152 1612 1333 1647 γραμμάτων.
1351 1611 1429 1639 Οὕτω
1450 1613 1472 1639 δ’
1493 1613 1527 1640 ἂν
1544 1613 1708 1648 σαφέστερον
1732 1612 1828 1648 μάθοις
1842 1612 1874 1639 τὸ

1085 1657 1229 1692 λεγόμενον
1235 1664 1242 1672 ·

1121 1750 1159 1776 E'.
1179 1749 1216 1776 Τὸ
1231 1749 1316 1776 Δέλτα
1337 1750 1467 1784 στοιχεῖον
1488 1749 1639 1785 γράμματα
1657 1751 1686 1777 ὲν
1711 1749 1800 1786 ἐαυτῷ
1816 1750 1873 1786 ἔχει

1085 1795 1177 1827 πέντε,
1200 1795 1266 1822 αὐτὸ
1284 1795 1313 1822 δὲ
1326 1795 1356 1821 τὸ
1368 1796 1377 1809 ⁸
1397 1795 1487 1827 δέλτα,
1505 1796 1553 1822 καὶ
1566 1795 1597 1821 τὸ
1612 1795 1643 1829 Ε,
1659 1796 1706 1822 καὶ
1718 1796 1749 1823 τὸ
1764 1796 1872 1832 Λάμδα,

1084 1841 1132 1868 xal.
1145 1842 1175 1867 τὸ
1187 1840 1254 1873 Ταῦ,
1269 1842 1316 1868 καὶ
1328 1841 1359 1868 τὺ
1369 1841 1469 1876 Ἄλφα.
1481 1842 1536 1868 Καὶ
1549 1841 1635 1868 ταῦτα
1649 1841 1730 1869 πάλιν
1742 1842 1775 1870 τὰ
1781 1843 1874 1878 γράμ-

1085 1896 1159 1922 ματα
1177 1887 1211 1914 δι’
1226 1887 1312 1915 ἄλλων
1332 1887 1466 1923 γράφεται
1488 1888 1669 1923 γραμμάτων,
1694 1888 1742 1915 καὶ
1757 1889 1791 1915 τὰ
1805 1889 1874 1916 ἄλλα

1083 1933 1116 1960 δι’
1140 1933 1236 1961 ἄλλων.
1261 1935 1292 1960 Εἰ
1314 1933 1361 1961 οὖν
1384 1936 1400 1970 ἡ
1420 1935 1496 1961 πᾶσα
1515 1934 1663 1965 ὑπόστασις
1673 1934 1721 1961 τοῦ
1740 1934 1820 1961 δέλτα
1832 1936 1873 1966 εἰς

1084 1980 1196 2016 ἄπειρον
1207 1979 1345 2013 ἐκπίπτει,
1357 1980 1401 2007 ἀεὶ
1414 1980 1500 2007 ἄλλων
1510 1979 1577 2006 ἄλλα
1591 1980 1744 2015 γράμματα
1757 1980 1873 2014 γεννών-

1083 2033 1147 2057 των,
1159 2025 1204 2051 καὶ
1218 2025 1413 2060 διαδεχομένων
1428 2024 1530 2060 ἄλληλα
1539 2033 1547 2040 ο
1565 2025 1641 2060 πόσῳ
1653 2024 1753 2060 μᾶλλον
1766 2024 1871 2052 ἐκείνου

1082 2070 1129 2097 τοῦ
1141 2070 1272 2106 στοιχείου
1283 2072 1373 2106 μεῖζον
1385 2068 1492 2098 εἶναιτὸ
1503 2071 1680 2105 πέλαγοςτῶν
1689 2071 1870 2106 γραμμάτων.

1083 2117 1138 2143 Καὶ
1151 2117 1175 2142 εἰ
1200 2116 1230 2143 τὸ
1249 2116 1278 2143 ἓν
1299 2117 1417 2152 γράμμα
1437 2116 1523 2149 οὕτως
1544 2117 1666 2152 ἄπειρον,
1682 2117 1733 2152 ὅρα
1752 2117 1812 2144 ὅλου
1823 2117 1872 2143 τοῦ

1082 2164 1212 2199 ὀνόματος
1224 2163 1269 2190 τὸν
1284 2163 1363 2198 βυθὸν
1376 2164 1430 2190 τῶν
1443 2163 1614 2200 γραμμάτων
1624 2171 1631 2179 ·
1649 2163 1678 2196 ἐξ
1689 2161 1726 2190 ὧν
1739 2163 1784 2190 τὸν
1800 2163 1872 2198 Προ-

1083 2209 1189 2244 πάτορα
1204 2210 1219 2244 ή
1236 2209 1350 2245 Μάρκου
1370 2209 1436 2244 Σιγὴ
1449 2210 1609 2237 συνεστάναι
1630 2210 1801 2245 ἐδογμάτισε.
1825 2210 1873 2236 Διὸ

245 2267 299 2286 non
313 2266 393 2294 posse
417 2257 516 2288 sciret,
532 2256 673 2284 elementis
692 2256 744 2283 hoc
758 2257 886 2284 tribuisse
896 2275 903 2288 ,
920 2264 990 2291 quos
1003 2261 1030 2284 et

1086 2256 1131 2282 καὶ
1142 2256 1188 2283 τὸν
1198 2256 1308 2292 Πατέρα
1320 2257 1501 2292 ἐπιστάμενον
1516 2257 1546 2283 τὺ
1560 2256 1702 2293 ἀχώρητον
1716 2256 1809 2288 αὑτοῦ,
1826 2256 1870 2282 δε-

245 2304 349 2332 Eonas
373 2307 467 2334 vocat,
487 2307 517 2329 ut
543 2301 656 2336 quilibet
679 2301 929 2336 pronuntiationem
953 2309 1031 2329 suam

1086 2302 1260 2334 δωκέναιτοῖς
1273 2303 1427 2338 στοιχείοις,
1441 2303 1458 2330 ἃ
1473 2304 1518 2330 καὶ
1530 2304 1638 2335 Αἰῶνας
1649 2303 1736 2335 καλεῖ.
1755 2303 1796 2331 ἐνὶ
1805 2303 1872 2330 ἑκά-

244 2358 343 2386 magno
357 2350 477 2377 clamore
490 2348 623 2383 proferret
633 2368 640 2380 ,
656 2348 728 2383 quod
751 2352 837 2375 totum
855 2356 925 2375 unus
936 2348 1031 2375 efferre

1086 2357 1138 2384 στῳ
1158 2349 1247 2376 αὐτῶν
1271 2349 1320 2385 τὴν
1343 2349 1410 2376 ἰδίαν
1426 2349 1579 2386 ὲκφώνησιν
1594 2349 1704 2385 ὲκΰοᾷν,
1723 2349 1766 2376 διὰ
1786 2350 1817 2376 τὸ
1832 2349 1871 2385 μὴ

245 2397 357 2423 minime
376 2400 476 2431 posset.
497 2395 560 2421 liaic
573 2402 635 2422 cuin
659 2393 756 2422 Tetras
776 2394 801 2421 ei
825 2394 917 2422 omnia
940 2394 1030 2422 decla-

244 2447 349 2475 rasset,
366 2442 465 2476 adjecit
482 2449 489 2468 ε
506 2440 572 2468 \‘olo
587 2445 614 2467 et
633 2440 720 2474 ipsam
745 2440 793 2467 tibi
812 2438 959 2467 Veritatem
984 2447 1027 2466 os-

244 2491 372 2520 tendere.
399 2497 481 2525 quam
514 2497 530 2515 e
555 2488 713 2516 coelestibus
738 2487 883 2514 domiciliis
910 2486 1028 2518 adduxi,

243 2537 344 2565 nudam
361 2539 390 2562 ut
410 2543 469 2562 eam
485 2535 648 2569 inspiceres,
665 2534 778 2568 ejusque
800 2532 1029 2567 pulchritudinem

243 2589 416 2619 agnosceres.
433 2581 487 2608 imo
505 2584 531 2608 et
546 2581 700 2615 loquentem
719 2579 845 2611 audires,
865 2581 891 2605 et
908 2577 1030 2612 pruden-

241 2631 307 2656 tiam
335 2628 538 2662 obtupeseercs.
568 2625 682 2653 Sursum
707 2626 799 2658 itaque
823 2627 902 2658 caput
922 2624 1029 2650 intuere

240 2679 262 2703 Λ
276 2680 304 2704 et
319 2677 340 2702 n
350 2696 358 2708 ,
374 2674 508 2703 cervicem
522 2681 587 2702 vero
602 2674 622 2699 Β
635 2677 663 2700 et
675 2673 714 2705 Ψ,
732 2672 859 2700 humeros
876 2678 1028 2705 manusque

1080 2395 1210 2422 δύνασθαι
1219 2396 1266 2422 ἕνα
1276 2396 1305 2423 τὸ
1315 2396 1374 2423 ὅλον
1384 2398 1525 2431 ἑκφωνείν.
1542 2396 1633 2424 Ταῦτα
1642 2396 1671 2423 δὲ
1683 2396 1871 2431 σαφηνίσασαν

1081 2442 1155 2478 αὐτῷ
1171 2442 1220 2478 τὴν
1235 2443 1391 2479 Τετρακτὺν
1404 2444 1490 2470 εἰπεῖν
1507 2443 1571 2469 θέαν
1585 2444 1595 2458 ⁷
1611 2442 1643 2478 δή
1660 2451 1701 2469 σοι
1718 2443 1765 2469 καὶ
1783 2443 1870 2476 αὐτὴν

1078 2489 1210 2522 ἐπιδεῖξαι
1232 2489 1280 2524 τὴν
1306 2489 1455 2525 Ἀλήθειαν.
1476 2489 1641 2525 Κατήγαγον
1660 2489 1715 2524 γὰρ
1732 2489 1818 2523 αὐτὴν
1835 2488 1869 2514 ἐκ

1077 2534 1132 2561 τῶν
1145 2534 1263 2570 ὕπερθεν
1275 2535 1412 2570 δομάτων,
1434 2536 1467 2563 ἵν’
1483 2535 1573 2571 ἐσίδῃς
1587 2534 1671 2571 αὐτὴν
1689 2534 1807 2570 γυμνὴν,
1822 2535 1870 2561 καὶ

1079 2579 1248 2614 καταμάθοις
1262 2580 1292 2606 τὸ
1304 2581 1401 2613 κάλλος
1417 2581 1501 2616 αὐτῆς
1511 2589 1517 2596 ·
1543 2580 1612 2608 ἀλλὰ
1624 2580 1672 2608 καὶ
1687 2580 1808 2616 ἀκούσῃς
1820 2581 1870 2606 αὐ-

1079 2624 1130 2659 τῆς
1142 2624 1275 2660 λαλούσης
1296 2627 1342 2652 καὶ
1349 2626 1492 2662 θαυμάσῃς
1506 2626 1537 2653 τὺ
1547 2627 1675 2662 φρόνημα
1685 2626 1780 2661 αὐτῆς,
1799 2626 1871 2662 Ὅρα

1080 2668 1126 2697 οὖν
1140 2671 1261 2706 κεφαλὴν
1273 2671 1329 2699 ἄνω
1340 2673 1370 2699 τὸ
1385 2673 1476 2707 Ἄλφα
1492 2673 1540 2700 καὶ
1552 2674 1583 2699 τὸ
1596 2674 1627 2705 Ω,
1648 2673 1784 2709 τράχηλον
1800 2673 1830 2700 δὲ
1850 2673 1871 2699 ιι

276 2813 283 2828 ¹
303 2811 407 2844 Matth,
417 2817 498 2844 )i'viti1
509 2809 553 2836 ιθ.
591 2810 601 2825 ²
615 2807 684 2844 Iren.
704 2815 741 2844 ων
753 2805 904 2844 -στοιχείων
919 2804 951 2831 τὸ
962 2803 1017 2844 ,τοῦ
1032 2814 1034 2844 ι

1086 2804 1146 2844 ὅπου
1165 2806 1277 2844 ὕστατον
1289 2815 1335 2842 γρ.
1374 2808 1467 2836 ³1τειι.
1487 2809 1533 2835 καὶ
1556 2808 1618 2844 πρό.
1642 2807 1752 2844 λιι-οη.
1769 2807 1871 2844 γράμ-

241 2855 290 2898 μα,
306 2855 336 2873 ου
356 2846 385 2872 τὸ
399 2843 465 2881 ἦχος
484 2843 518 2881 ἦν
538 2841 784 2870 συνεωκολουθοῦν
800 2841 838 2876 τῷ

263 2881 315 2898 li‘m-
346 2880 411 2898 mhi-ul.
431 2889 460 2898 σε
510 2880 520 2895 Ι
535 2879 592 2898 Irnn
624 2885 671 2898 nm
685 2876 758 2898 θέαν.
772 2875 838 2898 θέλω

261 2875 325 2910 For.
345 2875 473 2909 αὑτόἭὲ.
496 2875 520 2895 ””
533 2879 603 2906 lreii.
623 2885 671 2914 pro
685 2876 758 2909 θέαν,
772 2875 852 2902 θέλω.

861 2841 921 2875 ῆχει
936 2839 1012 2866 κάτω
1028 2840 1034 2866 i‘

1097 2840 1145 2876 τῆς
1163 2842 1272 2869 συλλαϐ.
1291 2839 1318 2870 et
1333 2850 1381 2878 pro
1403 2843 1505 2878 λέγειν,
1520 2839 1602 2878 λέγει.
1641 2843 1653 2860 ⁵
1667 2842 1738 2871 li-en.
1766 2839 1869 2870 δι”ὦῖιυ
