1952 3045
197 74 249 102 Ε95

890 80 919 107 S.
945 79 1113 110 EPIPﬂANlI

1761 75 1815 103 ὕες

196 138 254 161 tum
270 134 360 161 unitas
377 135 558 169 mualitatem
586 136 686 165 habens
710 145 788 169 unam
813 138 839 164 in
852 139 980 166 omnibus

1038 142 1191 176 καρποφορῇ
1206 141 1268 176 μίαν
1277 141 1306 166 ἐν
1316 140 1381 166 πᾶσι
1393 139 1481 175 τὴνὲκ
1497 138 1604 165 πάντων
1619 137 1731 172 δύναμιν
1743 144 1750 150 ”
1765 134 1815 162 καὶ

197 181 340 212 virtutem,
365 185 445 215 atque
460 189 490 208 ex
507 183 633 210 omnibus
648 183 722 210 velut
739 184 855 210 fructum
873 185 979 211 emitte-

197 229 252 255 ret,
274 229 329 251 tum
345 226 453 253 demum
473 227 519 261 qui
540 232 666 262 septenas
686 229 801 256 habebat
818 233 978 256 octonarum

198 271 249 297 vim
270 271 403 304 obtinuit;
427 280 458 300 ac
483 273 540 299 loea
560 273 618 307 ipsa
643 274 694 301 tria
719 282 892 301 numerorum
916 281 979 302 sunt

198 316 267 343 lat-ta
285 317 398 350 similia,
415 318 466 345 hoc
483 325 525 346 est
538 319 696 354 Ogdoades,
713 328 772 355 quae
791 321 899 355 quidem
922 321 980 348 loca

197 369 258 388 cum
274 362 300 388 in
316 370 344 390 se
357 363 408 389 tria
420 365 633 395 concurrissent,
651 373 792 392 numerum
807 365 901 400 viginti
916 373 980 400 qua-

198 409 260 432 tuor
270 405 426 434 cﬂ‘ecerunt.
439 407 492 435 Sed
503 409 637 437 elementa
651 410 713 441 tria,
731 418 791 444 quae
805 411 916 437 totidem
929 411 981 436 vir-

199 451 303 478 tutibus
313 453 458 488 eonjugata
472 462 532 482 esse
542 455 618 488 dicit,
629 463 689 490 qum
700 461 763 483 sunt
779 464 892 483 numero
907 464 953 483 sex
971 466 977 483 ε

199 504 214 523 a
236 497 333 530 Quibus
358 499 450 532 viginti
473 504 590 533 quatuor
618 501 750 528 elementa
780 501 980 536 proﬂuxerunt,

199 543 393 577 quadrifariam
414 545 614 580 inexplicabilis
638 546 751 574 letradis
779 547 886 574 ratione
911 547 981 573 mul-

200 588 329 623 tiplicata,
343 590 521 624 eumdemque
535 598 596 617 eum
612 591 679 625 ipsis
692 599 835 618 numerum
852 591 980 624 eliiciunt,

199 641 258 668 qua:
277 634 336 668 ejus
351 636 423 670 quod
439 636 572 662 nominari
599 637 691 671 nequit
706 639 814 671 propria
830 645 890 664 esse
903 637 980 663 dixit.

199 679 235 706 Ea
246 687 328 714 porro
350 689 364 707 a
381 681 468 708 tribus
482 683 584 716 portari
600 682 764 713 virtutibus,
781 682 814 709 ad
830 682 982 717 inaspecta-

200 725 262 752 bilis
289 727 427 761 exemplar
453 737 460 754 ε
483 736 600 762 quorum
625 729 820 756 elementorum
850 729 982 763 imagines

199 770 320 805 duplices
343 780 404 799 esse
424 773 528 801 litteras
549 778 671 807 nostras,
686 782 747 809 quze
764 779 880 809 quatuor
898 779 924 801 et
943 775 983 800 vi-

198 816 263 850 ginti
287 817 383 845 litteris
401 824 585 846 annumeratae
604 828 664 847 eum
686 828 827 848 numerum
847 821 980 853 conﬂant,
998 809 1018 836 Β

198 862 243 896 qui
259 862 370 896 triginta
383 865 558 898 proportione
571 866 728 900 respondet.

234 905 289 934 VII.
308 908 393 942 Cujus
414 910 528 937 rationis
551 911 849 946 administrationisque
864 911 981 938 fructum

200 954 378 982 similitudine
403 956 519 990 quadam
533 957 671 985 exstitisse
693 961 786 985 censet
811 959 886 984 illmn
902 979 909 990 ,
935 958 982 993 qui

199 1004 259 1033 post
271 999 331 1027 dies
344 1008 392 1028 sex
406 1001 433 1028 in
453 1006 571 1029 montem
587 1007 700 1037 quartus
713 1003 845 1035 ascendit,
856 1009 882 1031 et
891 1007 983 1032 sextus

199 1049 239 1070 est
262 1043 350 1072 factus
368 1045 377 1060 ¹
395 1055 402 1072 :
418 1047 463 1081 qui
482 1047 638 1079 descendit,
656 1052 684 1075 et
700 1049 726 1075 in
750 1049 918 1077 hebdomade
936 1049 983 1077 de-

200 1094 292 1117 tentus
315 1096 375 1122 est,
400 1093 446 1126 qui
472 1092 540 1120 idem
568 1093 681 1120 illustris
706 1094 863 1122 octonarius
878 1099 920 1122 est
935 1104 941 1122 :
956 1099 984 1122 et

199 1143 306 1163 onmem
330 1138 356 1163 iu
373 1145 433 1165 sese
450 1146 591 1166 numerum
605 1141 799 1167 elementorum
826 1141 983 1175 complecti-

200 1186 244 1207 tur
259 1191 265 1207 :
281 1190 360 1216 quem
371 1203 379 1215 ,
391 1191 452 1210 cum
469 1184 593 1219 baptismi
618 1192 700 1212 causa
717 1186 834 1213 venisset
852 1186 984 1212 columbae

200 1227 319 1262 allapsus
335 1229 452 1256 ostendit
463 1230 483 1262 ',
503 1238 562 1265 quae
577 1235 618 1258 est
638 1231 658 1257 Ω
674 1235 700 1258 et
714 1232 744 1258 Α.
757 1231 891 1259 Numerus
911 1232 982 1258 enim

202 1273 273 1300 illius
297 1278 338 1301 est
355 1282 440 1302 DCCCl.
463 1276 527 1308 Qua:
541 1284 624 1304 causa
649 1276 700 1308 sit,
714 1285 764 1304 cur
781 1277 887 1313 Moyses
906 1282 983 1305 sexto

201 1318 244 1345 die
262 1325 383 1346 creatum
405 1321 538 1348 hominem
572 1323 712 1356 scripserit
729 1334 734 1350 :
750 1323 805 1350 imo
827 1324 908 1350 etiam
933 1331 984 1350 cur

202 1369 288 1396 sexto,
304 1365 355 1392 hoc
368 1370 410 1393 est
433 1365 612 1398 Parasceves,
628 1368 672 1394 die
688 1372 841 1402 postremus
853 1369 933 1396 homo
949 1368 983 1395 ad

203 1411 406 1438 instaurandam
424 1413 522 1446 prioris
539 1413 655 1441 hominis
678 1414 880 1449 generationem
905 1422 981 1442 suam

202 1455 275 1481 illam
296 1455 461 1483 functionem
488 1457 584 1484 obierit
601 1467 607 1484 :
626 1459 705 1492 cujus
732 1459 837 1485 initium
862 1467 894 1486 ac
921 1459 982 1487 linis

203 1500 268 1527 hora
289 1505 365 1527 serta
382 1501 462 1528 fuerit
475 1521 481 1532 ,
495 1510 548 1536 qua
568 1502 641 1537 ligno
661 1503 697 1530 sit
708 1503 813 1530 atlixus.
831 1503 982 1531 Perfectam

203 1546 302 1580 quippe
317 1550 432 1572 mentem
443 1566 450 1577 ,
465 1553 526 1572 cum
545 1546 573 1573 in
593 1548 701 1574 senario
724 1556 837 1575 numero
853 1548 984 1576 eﬂieiendi

204 1590 428 1626 instaurandique
443 1591 497 1618 vim
513 1591 603 1619 inesse
623 1601 676 1620 non
694 1594 848 1628 ignoraret,
867 1594 929 1622 ﬁliis
944 1595 986 1621 lu-

204 1636 244 1663 cis
266 1637 388 1664 iteratam
415 1638 487 1664 illam
498 1638 652 1666 declarasse
680 1640 900 1673 generationem,
925 1649 985 1674 qua;

204 1689 252 1715 per
266 1681 396 1716 insignem
410 1682 498 1717 ipsum
515 1687 700 1718 apparentem,
716 1683 743 1710 in
757 1692 819 1711 eum
840 1692 984 1711 numerum

204 1727 347 1754 exstiterit.
364 1728 440 1755 Unde
461 1733 487 1755 et
509 1728 631 1763 duplices
646 1729 751 1757 litteras
767 1730 900 1765 insignem
920 1738 986 1757 con-

204 1773 294 1800 tinere
320 1782 461 1801 numerum
488 1775 590 1802 docuit.
617 1774 734 1810 Insignis
760 1776 832 1803 enim
856 1784 986 1804 numerus

205 1827 267 1846 eum
293 1823 411 1854 quatuor
433 1824 460 1847 et
478 1821 572 1855 viginti
596 1821 743 1855 permistus
765 1821 921 1853 elementis,
938 1823 987 1848 tri-

205 1865 280 1899 ginta
301 1866 452 1892 litterarum
475 1874 574 1893 nomen
598 1866 719 1892 conﬁcit.
739 1867 790 1893 Sed
811 1874 986 1894 numerorum

206 1915 309 1945 septem
325 1911 510 1946 magnitudine
529 1915 657 1946 tanquam
675 1912 834 1939 administra
849 1913 945 1944 utitur,
959 1917 988 1939 ut

207 1956 289 1984 Marci
319 1957 381 1991 Sige
398 1958 543 1986 narrabat.
563 1961 592 1983 ut
613 1965 628 1983 a
647 1965 696 1984 sua
713 1957 851 1985 voluntate
873 1958 988 1994 profecti

205 2003 312 2029 consilii
325 2003 429 2030 fructus
445 2006 582 2037 appareat.

241 2048 376 2074 Caeterum
386 2048 518 2083 insignem
525 2048 745 2074 huncuumerum
756 2056 829 2078 eum,
841 2048 940 2083 inquit,
951 2050 990 2076 in-

207 2093 294 2128 telligo
303 2094 363 2128 ,qui
374 2094 407 2120 ab
423 2094 520 2128 insigni
532 2093 663 2121 formatus
674 2099 716 2121 est
726 2095 840 2129 ,quique
849 2095 926 2130 24],
940 2095 992 2122 vel-

1030 188 1137 219 οῦτωςό
1146 187 1199 214 τῶν
1210 187 1278 214 ἑπτὰ
1294 187 1344 223 τὴν
1357 186 1409 212 τῶν
1432 185 1517 212 Ὀκτὼ
1524 185 1668 220 ἐκομίσατο
1682 182 1796 218 δύναμιν
1804 190 1810 197 ·

1029 234 1075 259 καὶ
1088 234 1209 267 ἐγένοντο
1225 234 1249 260 οἱ
1259 233 1335 259 τόποι
1345 233 1430 267 ὅμοιοι
1443 232 1453 246 ³
1464 232 1520 262 τοῖς
1533 230 1657 266 ἀριθμοῖς
1674 229 1814 262 Ὀγδοάδες

1030 279 1113 310 ὗντες,
1138 279 1234 310 οἵτινες
1250 279 1334 313 τρεῖς,
1357 278 1398 312 ἐφ’
1418 277 1530 308 ἑαυτοὺς
1551 276 1681 308 ἐλθόντες,
1697 275 1742 301 τὸν
1757 274 1813 300 τῶν

1030 324 1255 359 εἰκοσιτεσσάρων
1279 322 1416 354 ἀνέδειξαν
1437 322 1561 357 ἀριθμόν.
1584 320 1625 347 Τὰ
1644 320 1734 354 μέντοι
1747 319 1812 354 τρία

1031 370 1149 403 στοιχεῖα
1164 369 1274 403 ἀφίησιν
1284 368 1294 384 ⁸
1307 368 1387 398 αὐτὸς
1401 366 1453 393 τῶν
1465 365 1548 401 τριῶν
1561 366 1589 391 ὲν
1606 364 1720 400 συζυγίᾳ
1733 363 1813 390 δυνά-

1032 423 1104 449 μεων
1117 415 1259 450 ὑπάρχειν,
1273 414 1290 440 ἆ
1301 414 1374 439 ἐστιν
1386 413 1430 445 ’ἐξ-
1446 413 1492 446 ἁφ”
1504 409 1541 438 ὧν
1555 410 1677 446 ἀπερρύη
1690 410 1724 436 τὰ
1739 410 1813 436 εἰκο-

1031 457 1587 495 σιτέσσαραστοιχεῖατετραπλασιασθέντα
1594 455 1814 490 τῷτῆςάῥρήτου

1031 505 1162 540 Τετρὰὂος
1173 505 1253 540 λόγῳ,
1264 505 1309 530 τὸν
1323 504 1402 530 αὐτὸν
1413 504 1503 534 αὐτοῖς
1517 502 1631 538 ἀριθμὸν
1642 501 1723 531 ποιεῖ,
1740 500 1814 534 ἆπερ

1032 551 1098 586 φησὶ
1113 550 1159 577 τοῦ
1178 550 1360 584 ἀνονομάστου
1379 549 1521 584 ὑπάρχειν.
1537 546 1678 582 Φορεῖσθαι
1699 545 1727 571 δὲ
1742 545 1814 571 αὐτὰ

1032 597 1084 622 ὑπὸ
1096 596 1149 623 τῶν
1163 597 1245 631 τριῶν
1256 596 1404 630 δυνάμεων,
1417 596 1455 626 εἰς
1466 594 1610 630 ὁμοιότητα
1621 592 1666 618 τοῦ
1682 591 1810 627 ἀοράτουξ

1032 639 1070 668 ὧν
1085 641 1222 677 στοιχείων
1237 641 1338 672 εἰκόνες
1359 640 1493 676 [εἰκόνων]
1513 639 1548 666 τὰ
1568 639 1631 676 παρ’
1644 639 1710 674 ἡμῖν
1731 638 1813 665 διπλᾶ

1032 688 1182 723 γράμματα
1205 687 1346 722 ὑπάρχειν,
1359 686 1377 713 δι
1393 685 1627 722 συναριθμοῦμενα
1642 685 1698 714 τοῖς
1711 684 1796 709 εἰκοσι

1033 733 1161 767 τέσσαρσι
1185 732 1324 766 στοιχείοις
1347 731 1459 766 δυνάμει
1482 729 1535 756 τῶν
1558 724 1653 753 uti“
1667 723 1813 757 ἀναλογίαν

1032 778 1087 805 τῶν
1105 779 1251 814 τριάκοντα
1267 779 1337 804 ποιεῖ
1348 776 1460 812 ἀριθμόν

1066 909 1103 934 Z'.
1121 907 1221 934 Τούτου
1236 906 1282 933 τοῦ
1305 906 1384 941 λόγου
1404 907 1451 934 καὶ
1472 907 1522 942 τῆς
1541 906 1694 942 οἰκονομίας
1711 904 1819 940 ταύτης

1031 953 1137 989 καρπόν
1161 961 1242 987 φησιν
1270 953 1299 978 ὲν
1325 951 1476 988 ὁμοιώματι
1505 952 1607 984 εἰκόνος
1626 951 1776 986 πεφυκέναι
1791 951 1813 981 ⁸,

1032 998 1185 1025 ἐκεῖνοντὸν
1195 997 1263 1033 μετὰ
1272 997 1321 1029 τὰς
1329 997 1358 1030 ἓξ
1366 998 1470 1033 ἡμέρας
1478 998 1501 1032 (ι
1507 997 1532 1032 7)
1540 998 1669 1033 τέταρτον
1677 997 1814 1024 ἀναῦἁντα

1032 1045 1071 1076 εἰς
1084 1045 1114 1070 τὸ
1133 1044 1204 1079 ὅρος,
1232 1043 1279 1070 καὶ
1294 1044 1439 1078 γενόμενον
1451 1043 1539 1075 ἕκτον,
1557 1041 1601 1069 τὸν
1616 1042 1784 1078 κρατηθέντα
1791 1043 1818 1074 ⁷,

1033 1090 1080 1117 καὶ
1092 1089 1246 1116 καταϐάντα
1261 1090 1290 1116 ἐν
1301 1090 1332 1124 τῇ
1342 1089 1467 1124 ὲῦδομάδι
1477 1088 1543 1124 (18),
1555 1089 1688 1123 ἐπίσημον
1701 1087 1816 1122 ὀγδοάδα.

1033 1134 1199 1169 ὑπάρχοντα,
1223 1133 1270 1161 καὶ
1291 1133 1386 1168 ἔχοντα
1410 1135 1439 1160 ἐν
1461 1133 1549 1168 ἑαυτῷ
1571 1134 1617 1159 τὸν
1634 1133 1740 1160 ᾶπαντα
1759 1132 1814 1158 τῶν

1035 1181 1172 1216 στοιχείων
1190 1180 1314 1216 ἀριθμὸν,
1331 1180 1500 1215 ἐφανέρωσεν
1525 1179 1646 1212 ἐλθόντος
1668 1179 1748 1206 αὑτοῦ
1770 1181 1817 1206 ἐπὶ

1034 1225 1065 1251 τὸ
1081 1225 1222 1260 βάπτισμα
1244 1224 1260 1259 ὴ
1278 1224 1327 1258 τῆς
1351 1224 1512 1259 περιστερᾶς
1527 1224 1647 1256 κάθοδος,
1665 1224 1732 1259 ἥτις,
1743 1225 1818 1251 ἐστὶν

1035 1271 1056 1297 Ω
1072 1272 1118 1297 καὶ
1128 1271 1159 1296 Α.
1181 1271 1210 1296 ’0
1224 1269 1278 1305 γὰρ
1295 1269 1410 1305 ἀριθμὸς
1424 1270 1508 1303 αὐτῆς
1528 1270 1576 1305 μία
1591 1270 1636 1296 mi
1648 1270 1816 1298 ὀκτακόσιαι.

1035 1317 1089 1344 Καὶ
1100 1316 1144 1343 διὰ
1157 1316 1233 1343 τοῦτο
1245 1316 1363 1342 Μωῡσέα
1378 1316 1406 1342 ὲν
1421 1317 1454 1350 τῇ
1467 1315 1535 1352 ἕκτῃ
1547 1315 1599 1342 τῶν
1611 1315 1720 1351 ἡμερῶν
1742 1316 1820 1351 εἰρη-

1036 1363 1112 1390 κέναι
1130 1363 1175 1389 τὺν
1194 1362 1334 1398 ἄνθρωπον
1350 1362 1499 1396 γεγονέναι.
1526 1362 1579 1388 Καὶ
1594 1362 1642 1398 τὴν
1661 1362 1817 1398 οἰκονομίαν

1035 1409 1062 1436 δὲ
1077 1410 1105 1436 ὲν
1119 1410 1152 1444 τῇ
1163 1409 1229 1444 ἕκτῃ
1237 1408 1290 1434 τῶν
1303 1408 1423 1444 ἡμερῶν,
1439 1408 1498 1443 ἥτις
1508 1407 1566 1434 ἐστὶ
1580 1407 1824 1443 Παρασκευὴ(19),.

1035 1456 1081 1482 τὸν
1103 1455 1213 1490 ἔσχατον
1228 1455 1369 1491 ἄνθρωπον
1389 1456 1429 1487 είς
1446 1454 1622 1489 ἀναγέννησιν
1641 1454 1687 1481 τοῦ
1708 1453 1821 1490 πρώτου

1035 1500 1180 1536 ἀνθρώπου
1199 1501 1344 1535 πεφηνέναι
1357 1509 1363 1514 ·
1376 1498 1409 1536 ἧς
1419 1500 1572 1535 οἰκονομίας
1582 1500 1667 1535 ἀρχὴν
1680 1500 1726 1526 καὶ
1741 1499 1819 1531 τέλος

1036 1547 1082 1572 καὶ
1098 1546 1146 1581 τὴν
1165 1546 1247 1581 ἕκτην
1261 1544 1345 1582 ὤραν,
1364 1543 1421 1582 ὲνῇ
1438 1546 1598 1582 προσηλώθη
1611 1545 1650 1580 τῷ
1666 1545 1744 1580 ξύλῳ.
1765 1545 1823 1571 Τὸν

1036 1593 1090 1627 γὰρ
1104 1592 1205 1618 τέλειον
1221 1592 1282 1619 νοῦν
1302 1592 1492 1627 ἐπιστάμενον,
1515 1592 1559 1618 τὸν
1580 1591 1634 1618 τῶν
1653 1591 1683 1623 ἒξ
1702 1591 1819 1626 ἀριθμου

1035 1639 1148 1674 δύναμιν
1161 1639 1294 1673 ποιήσεως
1305 1639 1351 1664 καὶ
1365 1638 1567 1673 ἀναγεννήσεως
1580 1637 1684 1672 ἔχοντα.
1698 1636 1823 1672 φανερῶ-

1038 1693 1083 1711 σαι
1095 1685 1149 1716 τοῖς
1161 1685 1228 1715 υἱοῖς
1240 1684 1286 1710 τοῦ
1304 1684 1390 1718 φωτὸς
1406 1684 1454 1717 τὴν
1470 1684 1503 1710 δι³
1520 1683 1601 1710 αὐτοῦ
1616 1682 1743 1716 φανέντος
1757 1682 1820 1708 ἐπι·-

1039 1730 1125 1765 σήμου
1136 1731 1176 1761 εἰς
1186 1729 1267 1756 αὑτὸν
1281 1730 1291 1745 ⁸
1307 1729 1339 1755 δι’
1358 1721 1441 1756 αὗτοῦ
1463 1729 1611 1764 γενομένην
1631 1728 1818 1763 ἀνα-γέννησιν.

1040 1774 1135 1800 Ἔνθεν
1143 1775 1190 1801 καὶ
1199 1774 1233 1801 τὰ
1244 1774 1325 1800 διπλᾶ
1335 1774 1486 1809 γράμματα
1494 1774 1539 1801 τὸν
1551 1773 1665 1810 ἀριθμὸν
1686 1773 1822 1808 ἐπίσημον

1038 1820 1109 1855 ἔχειν
1126 1820 1216 1856 φησίν.
1246 1820 1275 1846 't)
1290 1820 1345 1855 γὰρ
1366 1820 1498 1855 ἐπίσημος
1516 1819 1641 1855 ἀριθμὸς,
1658 1818 1821 1854 συγκραθεὶς

1038 1868 1094 1898 τοῖς
1114 1867 1329 1902 εῑκοσιτὲσσαρσι
1362 1867 1513 1901 στοιχείοις,
1535 1866 1564 1892 τὸ
1584 1865 1820 1902 τριακονταγράμ-

1040 1921 1124 1947 ματον
1136 1912 1221 1948 ὄνομα
1234 1912 1389 1939 ἀπετέλεσε.
1405 1912 1545 1947 Κέχρηται
1553 1912 1582 1938 δὲ
1594 1911 1709 1946 διακόνῳ
1719 1910 1758 1946 τῷ
1767 1911 1822 1936 τῶν

1039 1958 1107 1985 ἑπτὰ
1128 1957 1251 1993 ἀριθμῶν
1276 1957 1394 1992 μεγέθει,
1416 1957 1454 1988 ὦς
1469 1965 1549 1992 φησιν
1572 1958 1588 1992 ἡ
1614 1956 1726 1992 Μάρκου
1743 1957 1826 1992 Σιγὴ,

1040 2003 1083 2029 ἵνα
1097 2002 1146 2038 τῆς
1161 2002 1356 2038 αὑτοὸουλήτου
1374 2002 1471 2037 βουλῆς
1486 2002 1627 2038 φανερωθῇ
1642 2003 1656 2028 ὁ
1670 2001 1785 2037 καρπός.

1075 2048 1125 2074 Τὸν
1143 2049 1232 2083 μέντοι
1241 2048 1373 2082 ἐπίσημον
1387 2048 1481 2074 τοῦτον
1493 2048 1607 2083 ἀριθμὸν
1624 2048 1669 2074 ἐπὶ
1689 2047 1736 2074 τοῦ
1753 2056 1824 2083 παρ-

1042 2094 1127 2126 όντος,
1162 2094 1238 2128 φησὶ,
1262 2094 1306 2120 τὸν
1330 2094 1375 2120 ἐπὶ
1400 2094 1447 2120 τοῦ
1470 2095 1605 2129 ἐπισήμου
1621 2094 1632 2109 ⁷
1648 2093 1825 2128 μορφωθέντα

207 2139 345 2166 utdivisus
356 2143 383 2166 et
392 2139 538 2173 bipartitus
546 2144 598 2168 est.
606 2139 727 2174 forisque
737 2141 925 2175 remam-t;qui
941 2149 985 2168 sua

1042 2138 1146 2174 νόησον,
1164 2138 1209 2164 τὸν
1225 2137 1318 2173 ὥσπερ
1334 2137 1496 2173 μερισθέντα
1512 2137 1528 2172 ἢ
1543 2136 1761 2172 διχοτομηθέντα,
1776 2137 1824 2163 καὶ

206 2185 308 2211 virtute
319 2192 350 2212 ac
364 2185 518 2219 prudentia.
528 2185 724 2220 eﬂicientiaque
736 2185 845 2219 propria
859 2186 990 2213 mundum

207 2230 280 2257 hunc
304 2230 338 2257 ad
364 2231 507 2265 septenarii
538 2231 647 2258 virtutis
674 2231 854 2258 imitationem
885 2236 988 2266 septem

207 2276 352 2303 virtutibus
364 2277 588 2311 comprehensam
603 2277 747 2310 animavit;
760 2277 875 2312 ejusque
886 2278 988 2308 omnis,

207 2321 279 2355 quod
292 2322 456 2356 aspectabile
470 2327 521 2354 est,
537 2323 655 2349 animam
673 2323 825 2350 constituit.
837 2322 894 2350 Hoc
907 2323 990 2357 igitur

208 2375 299 2401 opere,
315 2368 388 2394 velut
402 2372 498 2402 sponte
514 2375 528 2394 ιι
546 2377 575 2395 se
590 2368 672 2399 facto,
689 2368 802 2403 ipsemet
820 2369 918 2397 utitur.
930 2369 990 2395 Alia

209 2419 287 2443 vero,
310 2419 372 2439 cum
391 2417 446 2439 smt
471 2413 636 2441 imitationes
655 2413 778 2448 quaedam
799 2421 855 2440 non
872 2413 990 2440 imitabi-

245 2489 252 2504 ί
269 2488 360 2515 Matth.
375 2497 440 2524 xvrt,
458 2491 468 2516 1
488 2498 538 2524 sqq

208 2559 285 2586 ἄλλα.

232 2617 301 2652 ’(17)
327 2617 460 2643 Ἐκεῖνον
479 2616 536 2649 τὴν
557 2616 631 2650 μετὰ
647 2617 699 2649 τὰς
717 2616 752 2648 ἒξ
775 2617 896 2650 ἡμέρας.
914 2615 994 2643 Chri-

210 2657 280 2680 stum
298 2652 441 2679 Dominum
453 2672 460 2683 ,
476 2652 521 2686 qui
546 2655 608 2686 post
621 2660 648 2678 v1
668 2653 726 2679 dies
740 2652 767 2678 in
784 2659 846 2677 eum
862 2656 993 2682 montem,

211 2688 255 2715 ubi
271 2687 483 2721 transﬁguratus
499 2691 558 2716 est.
574 2695 635 2713 cum
652 2687 739 2718 tribus
754 2686 897 2721 discipulis
911 2693 994 2719 quar-

211 2727 255 2750 tus
269 2720 402 2751 ascendit.
418 2722 510 2756 ibique
521 2721 658 2755 adjunctis
671 2721 739 2754 Elia,
751 2729 783 2748 ac
797 2720 887 2757 Moyse
900 2724 995 2748 sextus

211 2757 365 2795 esti-actus.
381 2757 474 2784 Matth.
494 2765 560 2795 xvii.
681 2791 685 2795 _
797 2790 822 2795 __
907 2791 912 2795 _
982 2789 995 2795 υ

247 2793 303 2827 (t8)
335 2792 389 2819 Τὸν
412 2791 612 2827 κρατηθέντα,
640 2791 688 2818 καὶ
714 2790 880 2819 καταϐάντα
901 2791 934 2818 ἐν
959 2790 994 2824 τῇ

588 2491 597 2505 ²
612 2490 705 2517 Matth.
725 2498 766 2520 m.
780 2490 822 2517 i6.
861 2491 871 2506 ³
886 2490 959 2526 lren1
970 2492 1044 2526 τρεῖς
1054 2491 1141 2518 τόποι.

209 2524 365 2561 πεφηνέναι.
404 2525 412 2539 ⁷
427 2523 496 2552 Ireu.
512 2523 557 2551 τὸν
570 2525 734 2558 καταϐάντα,
748 2526 794 2552 καὶ
805 2534 883 2561 κρατ.
922 2526 934 2541 ⁸
950 2524 985 2552 1η

1038 2526 1116 2552 αὑτὸν
1130 2525 1254 2561 ἀριθμόν.
1293 2525 1304 2540 '
1320 2523 1389 2552 Iren.
1405 2525 1460 2551 ἀπὸ
1474 2524 1522 2551 τοῦ
1535 2524 1590 2551 ὲπί.

1043 2184 1095 2216 ἔξω
1113 2184 1241 2218 μείναντα
1251 2192 1257 2198 ·
1272 2184 1301 2214 ὃς
1313 2185 1345 2218 τῇ
1357 2184 1451 2210 ἑαυτοῦ
1464 2183 1576 2218 δυνάμει
1588 2191 1617 2209 τε
1633 2183 1680 2209 καὶ
1695 2183 1824 2217 φρονήσει

1041 2230 1085 2256 διὰ
1092 2230 1141 2264 τῆς
1151 2230 1196 2256 ἀπ’
1206 2229 1287 2256 αὑτοῦ
1300 2229 1435 2264 προϐολῆς
1444 2229 1537 2255 τοῦτον
1546 2229 1592 2256 τὸν
1603 2230 1658 2255 τῶν
1668 2229 1737 2255 ἑπτὰ
1744 2228 1824 2255 δυνά-

1044 2285 1126 2311 μεων,
1135 2276 1182 2302 καὶ
1193 2276 1307 2312 μίμησιν
1323 2277 1374 2311 τῆς
1382 2276 1527 2311 ἑϐδομάδος
1540 2275 1690 2310 δυνάμεως,
1700 2275 1824 2310 ὲψὺχωσε

1043 2322 1154 2356 κόσμον,
1169 2322 1215 2348 καὶ
1227 2322 1315 2357 ψυχὴν
1326 2321 1400 2348 ἔθετο
1417 2320 1486 2348 εἶναι
1501 2321 1547 2347 τοῦ
1563 2321 1700 2356 ὁρωμένου
1715 2321 1825 2352 παντός.

1043 2368 1182 2403 Κέχρηται
1196 2367 1244 2403 μὲν
1255 2366 1302 2394 οὖν
1314 2368 1360 2394 καὶ
1377 2367 1457 2398 αὐτὸς
1469 2364 1545 2398 οὗτος
1558 2366 1626 2401 τῷδε
1640 2367 1678 2401 τῷ
1694 2366 1776 2401 ἔργῳ,
1787 2366 1828 2398 ὡς

1043 2413 1210 2447 αὐθαιρέτως
1224 2414 1269 2440 ὑπ’
1288 2412 1369 2439 αὑτοῦ
1383 2413 1536 2447 γενομένῳο
1550 2412 1610 2439 τάδε
1619 2411 1642 2427 ¹⁰
1654 2411 1770 2438 διακονεῖ
1782 2419 1827 2446 μι-

1179 2491 1190 2506 δ
1205 2491 1276 2517 l‘i‘en.
1290 2490 1308 2516 ἄ
1319 2498 1409 2525 φησιν.
1438 2490 1448 2504 ⁸
1462 2489 1532 2525 iren.
1550 2489 1596 2515 τοῦ
1613 2488 1693 2525 κατᾲ.
1731 2489 1742 2504 ⁸
1754 2486 1825 2525 Iren:

1630 2524 1651 2539 ’°
1667 2523 1736 2551 lren.
1751 2522 1785 2549 τὰ
1798 2523 1827 2548 δὲ

1043 2615 1192 2650 ἐϐδομὰδι.
1211 2614 1322 2650 Videtur
1341 2614 1373 2641 ad
1393 2622 1430 2641 vn
1444 2612 1515 2640 diem
1528 2612 1666 2650 alludere,
1681 2618 1735 2646 quo
1747 2610 1828 2650 illiri-

1044 2647 1146 2680 stus-in
1161 2651 1288 2685 sepulcro
1308 2649 1404 2685 jacuit,
1420 2653 1446 2685 et
1465 2647 1536 2685 apud
1552 2647 1779 2685 inl_'eros_matls_it.

1081 2686 1139 2722 (l9)_
1153 2681 1201 2722 Ἐᾗ
1215 2684 1252 2718 τῇ
1266 2681 1338 2717 ἕκτῃ
1354 2683 1413 2710 τῶν
1423 2681 1548 2722 ἡμερῶιί,
1577 2682 1644 2716 ἣτις
1657 2681 1721 2722 eo”?!
1735 2682 1829 2722 Hap'a:

1045 2715 1152 2754 σκὲυῆ.
1178 2715 1285 2747 Cierium
1310 2715 1405 2754 puram
1430 2715 1511 2754 vertit
1535 2718 1669 2752 interpres
1692 2715 1770 2752 .lr‘en.
1798 2715 1830 2742 ω

1046 2757 1121 2792 quod
1133 2755 1234 2784 eruditi
1249 2755 1297 2783 viri
1312 2755 1418 2790 pridem
1432 2753 1622 2782 observarunt.
