1952 3045
185 97 237 127 599

884 94 913 121 S.
934 92 1105 120 EPIPHANH

1757 88 1814 117 600

185 157 272 192 Hujus
295 156 421 184 Tetradis
456 163 586 183 numerus
620 155 710 182 omnis
745 163 809 182 χειν
839 155 972 182 elementa

1032 154 1093 180 )εια.
1122 152 1230 188 Ταύτης
1249 151 1278 178 δὲ
1301 152 1351 187 τῆς
1373 151 1507 183 Τετράδος
1529 151 1544 177 ὸ
1561 150 1671 185 σύμπας
1694 149 1814 184 ἀριθμός

185 203 298 238 colligit.
320 201 387 229 Nam
409 203 524 230 Arrctns
551 207 655 238 septem
679 203 706 229 in
727 209 757 230 se
772 201 876 229 litteras
897 208 973 228 com-

186 250 331 284 plectitur;
348 248 427 283 Seige
441 257 468 279 v.
484 248 566 276 Pater
580 258 605 280 ν,
620 253 647 277 et
665 248 774 276 Veritas
790 256 846 280 vn;
867 255 927 283 qua:
947 247 974 275 in

186 302 271 321 unum
291 294 442 328 composita
464 294 505 321 his
523 294 661 328 quinque,
678 294 774 328 bisque
789 297 892 328 septem
911 301 975 320 xxiv

186 339 315 366 (alliciunt.
331 339 368 365 lta
380 343 407 366 et
417 339 535 366 secunda
549 338 657 370 Tetras,
669 338 769 372 Logus,
780 338 845 371 Zoe,
855 338 974 365 Anthro-

187 394 249 421 pns,
275 389 303 412 et
330 385 451 413 Ecclesia
477 385 601 412 eumdem
625 385 753 412 exhibent
778 385 974 412 elementorum

187 439 341 459 numerum.
357 431 415 458 Jam
434 430 584 458 Salvatoris
603 437 715 461 nomen,
734 429 807 464 quod
826 429 915 457 εποιγὶ
933 428 975 456 fas

188 481 239 509 est,
262 478 313 504 hoc
331 483 383 509 est,
405 477 520 512 Ἰησοῦς,
547 477 699 503 litterarum
728 483 789 503 esse
814 483 872 503 sex.
896 475 974 508 Quod

188 530 253 551 vero
270 523 441 558 pronuntiari
467 523 578 557 nequit.
600 523 704 550 litteras
727 522 826 549 habere
845 529 916 548 xxiv.
936 520 976 547 Ita

188 569 328 597 Christum
349 568 446 595 Filium
461 568 611 595 litterarum
627 575 688 596 esse
704 575 742 595 vn
758 575 764 593 :
780 567 852 602 quod
873 574 938 594 vero
948 567 975 593 in

187 615 298 642 Christo
322 623 372 642 nec
394 614 501 642 eﬂabile
521 619 576 644 est.
599 614 752 641 litterarum
772 621 836 640 xxx.
860 613 977 647 ldeoquc

190 660 212 686 Δ
231 663 257 687 et
277 661 297 686 Ω
316 660 437 694 seipsnm
458 659 590 687 nominat.
612 662 642 685 nt
661 658 814 685 columbam
829 657 974 693 signiﬁcet.

189 705 258 733 Huic
274 706 345 733 enim
362 706 404 732 avi
421 713 551 732 numerus
566 705 617 732 iste
633 704 771 731 convenit.

224 847 269 876 1x.
288 848 366 882 Quod
381 848 414 876 ad
431 847 524 877 Iesum
542 847 674 883 pertinet;
696 848 776 880 Lanc.
795 848 845 880 ait,
859 855 977 884 genera-

189 895 291 923 tionem
311 902 373 930 quae
390 894 521 930 explicari
544 894 636 922 verbis
656 895 765 929 nequit,
789 895 904 922 sortitus
923 899 976 922 est.

188 940 296 969 Etenim
320 941 355 968 ab
376 941 565 968 universorum
587 939 672 968 Matre
684 940 772 975 prima
790 940 836 967 illa
862 939 977 968 Tetrade

190 987 252 1015 tiliae
271 988 357 1015 instar
373 988 492 1015 secunda
505 986 601 1015 Tctras
625 991 731 1019 exorta,
756 991 783 1014 et
806 987 914 1022 Ogdoas
936 992 978 1015 est

191 1034 278 1066 iacta;
291 1042 306 1060 a
317 1041 370 1069 qua
385 1033 471 1061 Decas
478 1034 621 1069 processit.
632 1032 725 1068 itaque
737 1032 824 1061 Decas
835 1037 862 1060 et
870 1033 978 1068 Ogdoas

190 1087 342 1115 progressae
356 1083 429 1107 sunt.
442 1079 510 1106 Tum
527 1079 612 1107 Decas
621 1087 683 1106 cum
699 1078 827 1114 Ogdoade
840 1079 977 1114 copulata.

191 1133 223 1154 ac
241 1126 333 1154 decies
355 1126 428 1152 illam
454 1126 638 1160 multiplicans
654 1125 863 1161 Octogenarium
882 1133 978 1153 nume-

164 1178 252 1199 ~'arum
275 1171 372 1199 eil‘ecit.
388 1170 473 1204 Quem
488 1171 579 1199 decies
605 1171 718 1205 insuper
740 1171 924 1205 multiplicans
945 1171 980 1198 ad

191 1219 347 1254 octingenta
370 1218 508 1253 perduxit.
522 1217 557 1244 Ut
574 1218 663 1245 omnis
678 1217 723 1244 ille
733 1217 813 1253 243
828 1217 979 1244 litterarum

191 1273 322 1293 nnmerns
342 1265 376 1291 ab
397 1265 524 1299 Ogdoade
545 1271 708 1299 progressus
732 1264 766 1290 ad
791 1263 923 1291 Decadem
944 1263 981 1291 sit

192 1313 216 1338 Η
244 1315 272 1337 et
300 1311 322 1336 Π
349 1314 376 1338 et
393 1311 414 1336 Ω
442 1317 503 1344 quae
529 1313 593 1336 sunt
612 1315 810 1335 DCCCLXXXVIII.
840 1307 979 1343 Siquidem

191 1356 254 1385 Je::l
275 1364 373 1384 nomen
391 1357 426 1384 ob
444 1364 506 1384 eum
525 1363 680 1386 numerum,
701 1362 781 1389 quem
802 1355 899 1382 litterae
917 1354 980 1382 red-

192 1403 276 1435 dunt,
295 1409 481 1429 occcunvm
504 1400 616 1428 conﬁcit
641 1410 648 1427 :
671 1407 702 1427 ac
726 1401 871 1435 perspicue
889 1400 979 1431 cudo,

193 1453 222 1476 ut
248 1453 362 1484 putant,
393 1447 454 1483 ipso
485 1446 655 1475 sublimioris
684 1445 748 1473 Jesu
778 1447 980 1481 generationem

1025 200 1083 225 ἐστι
1110 198 1247 233 στοιχείων
1273 197 1511 232 εἰκοσιτεσσάρων.
1542 196 1572 223 '0
1600 195 1655 231 γὰρ
1675 195 1814 230 ’Δρρητος

1025 245 1109 280 ὄνομα
1138 244 1289 280 γράμματα
1313 243 1368 278 ἔχει
1394 244 1422 269 ὲν
1444 241 1534 277 ἑαυτῷ
1559 241 1672 276 ἑπτά-ἠ
1696 241 1724 267 δὲ
1744 239 1814 274 Σιγὴ

1025 291 1106 318 πέντε
1119 290 1186 324 (21).
1206 290 1254 317 καὶ
1269 291 1284 316 ὁ
1298 289 1392 325 Πατὴρ
1411 289 1418 304 ¹
1439 289 1486 315 καὶ
1502 289 1519 324 ἡ
1540 288 1664 323 Ἀλήθεια
1684 287 1764 318 ἑπτὰ,
1782 286 1812 318 ἃ,

1027 336 1187 363 συντεθέντα
1198 335 1352 366 ὲπιτοαυτδ,
1368 334 1403 362 τὰ
1412 335 1452 365 δὶς
1463 334 1544 361 πέντε
1559 334 1606 360 καὶ
1620 334 1660 365 δὶς
1673 332 1753 363 ἑπτὰ,
1767 332 1814 359 τὸν

1025 383 1079 410 τῶν
1091 383 1317 418 εἰκοσιτεσσάρων
1330 381 1445 417 ἀριθμὸν
1457 380 1658 416 ἀνεπλήρωσεν.
1675 378 1814 409 Ὡσαύτως

1025 430 1053 456 δὲ
1068 430 1113 456 καὶ
1126 430 1143 464 ὴ
1155 429 1269 464 δευτέρα
1282 429 1396 464 Τετρὰς,
1408 429 1493 463 Λόγος
1504 427 1551 454 καὶ
1565 426 1636 461 Ζωὴ,
1653 425 1816 460 Ἀνθρωπος

1026 476 1073 502 καὶ
1100 475 1257 510 Ἐκκλησία.
1287 475 1333 502 τὸν
1356 475 1437 501 αὐτὸν
1461 474 1575 510 ἀριθμὸν
1598 472 1653 499 τῶν
1674 471 1816 506 στοιχείων

1025 521 1172 553 ἀνέδειξαν.
1189 521 1244 547 Καὶ
1256 521 1286 547 τὸ
1301 521 1347 547 τοῦ
1365 520 1490 556 Σωτῆρος
1499 520 1527 546 δὲ
1541 519 1621 555 ῥητὸν
1635 518 1719 553 δνομα
1731 515 1816 546 (ὀκτὼ

1026 569 1073 595 καὶ
1095 568 1161 595 δέκα
1176 567 1198 602 ¹)
1218 567 1390 603 γραμμάτων
1409 566 1465 600 (ἳΞ)
1488 566 1621 601 ὑπάρχειν
1635 564 1680 597 ἓξ·
1697 563 1744 590 τὸν
1766 562 1788 588 δ’
1803 562 1816 577 ³

1026 614 1145 649 ἄρρητον
1169 613 1253 640 αὑτοῦ
1284 613 1456 648 γραμμάτων
1485 610 1725 646 εἰκοσιτεσσάρων·
1751 608 1816 640 Υἱὸς

1026 660 1144 695 Χριστὸς
1157 659 1330 695 γραμμάτων
1346 658 1464 685 δώδεκα·
1480 658 1511 684 τὸ
1523 658 1551 683 δὲ
1569 657 1596 683 ὲν
1609 655 1720 691 Χριστῷ
1733 655 1818 690 appu-

1026 715 1072 732 τον
1091 705 1263 741 γραμμάτων
1276 705 1431 740 τριάκοντα.
1446 704 1502 731 Καὶ
1522 703 1565 730 διὰ
1580 702 1660 729 τοῦτό
1677 709 1759 737 φησιν
1770 701 1818 727 αὺ-

1026 752 1072 779 τὸν
1088 753 1110 778 Α
1134 753 1180 778 καὶ
1193 752 1230 783 Ω,
1249 752 1293 778 ἵνα
1315 751 1365 786 τὴν
1388 750 1553 786 περιστερὰν
1580 749 1698 785 μηνύσῃ,
1723 748 1818 775 τοῦτον

1028 796 1134 832 ἔχοντος
1151 797 1196 824 τὸν
1212 796 1329 832 ἀριθμὸν
1343 796 1437 823 τούτου
1451 796 1498 822 τοῦ
1518 796 1620 833 ὀρνέου.

1062 854 1100 881 8’.
1123 854 1151 881 '0
1161 854 1190 880 δὲ
1211 853 1314 889 Ἰησοῦς
1329 854 1432 888 ταύτην
1455 853 1521 888 ἔχει,
1540 852 1615 889 φησὶ.
1633 852 1682 888 τὴν
1699 852 1819 887 ἄρρητον

1027 900 1143 935 γένεσιν.
1169 901 1234 927 Ἀπὸ
1252 900 1307 935 γὰρ
1327 900 1375 935 τῆς
1390 900 1500 935 Μητρὸς
1514 899 1569 926 τῶν
1590 898 1658 925 ὅλων
1680 897 1729 932 τῆς
1744 898 1818 933 πρώ-

1027 955 1077 981 της
1089 946 1222 983 Τετρὰδος
1238 947 1266 972 ἐν
1281 945 1414 981 θυγατρῢς
1426 946 1518 980 τρόπῳ
1530 943 1661 981 προῆλθεν
1678 944 1694 979 ὴ
1705 943 1820 978 δευτέρα

1028 991 1143 1027 Τετρὰς.
1164 993 1209 1018 καὶ
1226 991 1334 1025 ἐγένετο
1352 991 1475 1025 Ὀγδοὰς,
1490 991 1520 1023 ἐξ
1534 988 1568 1027 ἦς
1580 990 1699 1026 προῆλθε
1714 989 1817 1021 Δεκάς·

1028 1036 1114 1068 οὕτως
1140 1037 1249 1070 ἐγένετο
1272 1035 1358 1067 Δεκὰς
1382 1035 1430 1061 καὶ
1453 1035 1572 1069 Ὀγδοάς.
1596 1035 1627 1061 Ἦ
1650 1032 1696 1061 οὖν
1721 1033 1818 1066 Δεκᾰς,

1028 1081 1241 1108 ὲπισυνελθοῦσα
1260 1083 1292 1117 τῇ
1314 1081 1444 1115 meum,
1459 1081 1506 1108 καὶ
1519 1080 1716 1108 δεκαπλασίονα
1734 1079 1820 1114 αὐτὴν

1031 1129 1177 1164 ποιήσασα,
1195 1127 1241 1154 τὸν
1253 1127 1307 1153 τῶν
1319 1126 1483 1162 ὁγδοήκοντα
1497 1125 1677 1162 προεϐίϐασεν
1692 1124 1820 1160 ἀριθμόν.

1029 1172 1085 1199 Καὶ
1101 1171 1136 1198 τὰ
1153 1171 1319 1206 ὀγδοήκοντα
1336 1170 1416 1197 πάλιν
1437 1170 1689 1201 δεκαπλασιάσασα,
1705 1170 1750 1196 τδν
1766 1169 1822 1197 τῶν

1029 1218 1194 1244 ὀκτακοσίων
1202 1216 1316 1252 ἀριθμὸν
1327 1217 1479 1253 ἐγέννησεν,
1492 1217 1570 1244 ’Ὥστε
1582 1214 1701 1243 εἶναιτὸ-ι
1715 1216 1822 1243 ἃπαντα

1030 1263 1084 1290 τῶν
1100 1264 1270 1299 γραμμάτων
1287 1264 1413 1300 ἀριθμὸν,
1432 1264 1486 1291 ἀπὸ
1504 1264 1643 1298 Ὀγδοάδος
1660 1264 1700 1295 εἰς
1717 1263 1822 1289 Δεχάδα

1031 1309 1203 1344 προελθόντα,
1218 1310 1241 1335 Η
1258 1310 1304 1336 καὶ
1325 1310 1348 1335 Π
1369 1310 1415 1336 καὶ
1430 1310 1459 1340 Ω,
1476 1310 1490 1336 ὃ
1502 1310 1559 1336 ἐστι
1577 1310 1587 1325 ⁸
1603 1308 1739 1336 δεκαοκτιῦ
1755 1308 1822 1343 (25).

1031 1355 1068 1381 Τὸ
1099 1354 1154 1390 γὰρ
1181 1354 1268 1390 Ἰησοῦ
1288 1355 1373 1390 ὄνομα
1400 1355 1447 1382 καὶ
1470 1355 1516 1383 τὸν
1534 1357 1563 1382 ὲν
1581 1357 1637 1387 τοῖς
1661 1355 1824 1391 γράμμασιν

1031 1401 1147 1437 ἀριθμὸν
1167 1402 1187 1428 Ω
1215 1402 1289 1428 ἐστὶν
1313 1402 1567 1437 ὀγδοηκονταοκτώι
1586 1402 1642 1437 ἕχει
1667 1401 1760 1436 σαφῶς
1775 1400 1824 1427 καὶ

1033 1448 1082 1484 τὴν
1096 1449 1290 1484 ὑπερουράνιον
1304 1448 1351 1475 τοῦ
1363 1450 1385 1474 Η
1398 1449 1446 1475 καὶ
1463 1448 1510 1475 τοῦ
1526 1449 1544 1475 Σ
1560 1449 1571 1464 ⁸
1587 1449 1646 1475 κατ’
1663 1447 1761 1479 αὐτοὺς
1777 1447 1824 1481 γέ-

193 1496 324 1523 continet.
337 1494 415 1522 Unde
433 1497 460 1522 et
480 1495 507 1521 in
523 1492 680 1521 Gmcorum
695 1492 838 1527 alphabeto
853 1491 982 1520 monades

1034 1503 1118 1522 νεσιν.
1132 1495 1178 1521 Διὸ
1191 1495 1295 1522 καὶτὸν
1306 1495 1460 1530 ὰλφάϐητον
1471 1495 1526 1531 (24)
1540 1495 1594 1522 τῶν
1607 1494 1739 1530 Ἑλλήνων
1750 1493 1823 1528 ἔχειν

193 1545 266 1573 octo,
284 1540 396 1568 totidem
413 1540 541 1572 decades,
560 1544 642 1575 atque
658 1539 854 1566 hecatontades
869 1539 984 1574 reperiri

194 1587 306 1619 dicunt;
331 1591 361 1612 ut
384 1593 573 1613 ncccuxxvm
599 1592 742 1612 numerum
771 1585 906 1620 praebeat,
931 1585 983 1612 hoc

194 1637 237 1660 est
262 1631 369 1664 Jesnm,
397 1640 429 1660 ex
451 1632 579 1659 omnibus
603 1632 725 1658 numeris
748 1636 924 1664 contextum;
948 1631 983 1658 ob

196 1678 277 1713 idque
289 1685 350 1705 sese
362 1679 382 1704 A
395 1682 422 1705 et
432 1678 453 1703 Ω
464 1677 639 1711 nominasse;
653 1686 708 1712 quo
723 1678 796 1704 illam
808 1685 841 1704 ex
853 1678 984 1705 omnibus

195 1725 238 1752 sui
265 1724 471 1759 productionem
497 1725 671 1758 exprimeret.
696 1723 773 1757 Quod
797 1724 849 1751 hoc
875 1731 983 1751 rursum

196 1771 279 1798 modo
296 1770 444 1805 perfectum
460 1773 512 1798 est.
533 1770 640 1797 Primus
659 1770 850 1804 quaternarius
867 1777 915 1804 per
931 1777 983 1796 nu-

197 1818 264 1844 meri
292 1816 509 1852 progressionem
534 1817 562 1843 in
591 1824 652 1844 sese
680 1815 817 1846 redactus.
842 1815 984 1843 denarium

197 1862 337 1898 produxit.
372 1862 438 1889 Nam
467 1870 561 1894 unum,
588 1866 615 1889 et
640 1861 705 1893 duo,
728 1862 791 1894 tria,
817 1867 845 1889 et
867 1867 986 1896 quatuor

198 1909 281 1936 simul
300 1909 451 1943 composita
469 1908 563 1935 decem
585 1908 705 1942 faciunt;
724 1908 798 1943 quod
817 1908 905 1942 ipsum
925 1916 986 1936 esse

197 1955 291 1983 Jesum
308 1955 475 1982 existimant.
497 1954 550 1982 Sed
569 1959 596 1982 et
612 1955 749 1985 Christus,
770 1955 904 1990 inquiunt,
922 1958 984 1982 octo

198 2010 229 2030 ex
244 2002 343 2030 litteris
353 2004 497 2029 contextus
512 2001 629 2031 primam
636 2001 784 2036 ogdoadem
803 2001 983 2033 demonstrat,

235 2103 244 2119 ¹
258 2103 330 2131 Iren.
347 2103 443 2138 Πατὴρ
462 2103 552 2129 πέντε.

237 2285 292 2322 ('2!)
319 2286 350 2315 Ἡ
362 2285 396 2311 δὲ
412 2285 484 2320 Σιγὴ
505 2285 604 2312 πέντε.
630 2285 741 2313 Falsum
759 2289 800 2313 est
813 2305 819 2317 ,
836 2286 890 2313 nisi
911 2286 988 2322 σειγή
1005 2288 1030 2316 Ι)

201 2322 284 2350 legas.

227 2331 294 2390 ibi?)
310 2355 397 2382 Ὀκτὼ
409 2356 457 2382 καὶ
473 2356 546 2383 δέκα
555 2356 740 2391 γραμμάτων.
751 2355 905 2391 Seripscrat
918 2356 987 2384 lren.

204 2393 241 2428 ιή.
257 2399 305 2426 pro
323 2391 436 2428 Ἰησοῦςζ
459 2391 576 2428 Librarii
594 2399 737 2428 numerum
753 2400 814 2419 esse
832 2393 882 2428 rati
899 2393 988 2419 locum

203 2426 397 2462 depravarunt.
421 2426 516 2453 Scribe
539 2427 625 2462 igitur
648 2426 766 2462 Ἰησοῦς·
791 2426 864 2461 quod
889 2435 988 2454 nomen

204 2470 284 2489 senas
304 2461 384 2487 habet
399 2462 512 2488 litteras.
532 2461 578 2488 Sic
600 2467 627 2489 et
643 2461 684 2489 ea
700 2469 760 2496 quae
775 2467 938 2496 sequuntur,
955 2470 989 2489 ex

203 2497 298 2525 lrenaei
328 2497 490 2530 interprete.
519 2504 568 2531 pro
596 2505 628 2524 eo
663 2501 745 2532 atque
770 2497 804 2523 ad
838 2498 987 2532 marginem

204 2532 382 2566 ascripsimus
396 2532 564 2558 emendanda
580 2536 654 2560 sunt.

241 2568 297 2603 (25)
317 2568 356 2605 ,
375 2566 424 2605 καὶ
437 2568 477 2605 IL.
494 2567 542 2593 καὶ
562 2569 587 2594 Ω
599 2587 606 2599 ,
632 2567 649 2593 ὅ
670 2568 734 2605 eam
750 2567 907 2594 δεκαοκτώ.
925 2567 990 2605 Leg.

204 2604 218 2630 ὅ
234 2605 306 2630 ἐστιν
326 2602 438 2637 Ἰησοῦς.
449 2603 517 2628 Nam
531 2610 662 2630 numerus
673 2603 732 2637 ipse
742 2610 929 2629 ncccuxxvm
945 2602 990 2629 lit—

205 2639 271 2666 teris
286 2637 341 2665 illis
352 2637 441 2673 tribus
451 2644 597 2671 expressus
611 2643 652 2665 est
667 2638 703 2673 ῼ,
727 2639 767 2670 Il.
787 2639 821 2664 Η.
843 2637 894 2670 Qui
911 2641 938 2665 et
963 2638 992 2664 in

205 2673 327 2702 nominis
345 2672 449 2707 Ἰησοῦς
464 2673 560 2699 litteris
577 2672 745 2700 continetur.

241 2709 296 2744 (24)
317 2707 366 2744 Διὸ
380 2707 429 2733 καὶ
446 2707 499 2733 τὸν
515 2708 699 2744 ἁλφάόητον.
723 2708 761 2744 lta
776 2715 809 2735 ex
824 2707 884 2734 Vet.
909 2707 990 2744 resti-

207 2742 317 2772 tnimns.
330 2743 465 2770 Caaterum
481 2743 555 2770 unod
577 2743 713 2778 aiphabeti
728 2743 827 2770 litteris
845 2744 882 2770 ita
899 2742 993 2770 distri-

207 2781 280 2810 buit,
297 2779 336 2805 uti
351 2786 399 2804 vin
416 2778 471 2804 sint
488 2778 635 2812 rronades;
652 2778 770 2806 dccades
784 2786 833 2806 wn
845 2798 853 2812 ,
868 2782 895 2806 et
913 2778 993 2806 heca-

207 2814 332 2843 tomadcs
343 2821 403 2847 rut,
418 2813 457 2840 sic
477 2814 580 2849 accipe.

404 2103 443 2138 who
462 2103 552 2129 πέντε.
592 2104 602 2118 ¹
614 2102 720 2130 Absunt
740 2103 796 2130 haec
809 2103 888 2130 uncis
904 2103 1010 2131 inclusa
1027 2103 1061 2130 ab
1080 2104 1115 2130 ir.
1136 2111 1185 2155 pro
1207 2104 1307 2139 quibus
1320 2113 1417 2132 nomen
1430 2105 1467 2133 Jet

404 2139 455 2155 ε’ςλ,
476 2137 591 2155 vam-,1.
628 2138 669 2155 lnn
693 2139 737 2155 wn
760 2138 876 2155 γηιρῳλρ
896 2147 969 2155 «ην...
1006 2139 1075 2155 ιαμ-Ι.
1163 2139 1222 2155 I“...
1254 2141 1267 2155 ει
1288 2142 1360 2155 1.--...
1382 2141 1467 2155 vn”:

199 2143 301 2176 etrlnox
327 2146 376 2173 pro
391 2139 455 2176 Ito;
475 2138 601 2176 Χριστός,
628 2138 680 2176 leg:
693 2139 740 2176 καὶ
759 2138 876 2176 Χριστὸς
896 2147 982 2176 γραμ.

1032 2139 1086 2176 τεά.
1136 2138 1233 2176 ‘Vlren'.
1254 2141 1268 2166 ὃ
1287 2142 1361 2167 ἐστιν
1382 2141 1494 2176 Ἰησοῦς.

202 2175 212 2191 ⁸
226 2174 312 2202 Abest
324 2181 377 2203 vox
390 2174 485 2201 ἔπειτα
502 2174 536 2200 ab
552 2174 619 2200 lrcn.
635 2174 681 2208 qui
693 2175 775 2201 etiam
791 2174 871 2200 habet
885 2173 930 2200 τὸν
951 2175 982 2200 Ἰτ

1032 2174 1054 2200 ἓν
1071 2181 1120 2210 pro
1134 2175 1163 2201 τὸ
1175 2178 1206 2207 ε’,
1221 2178 1236 2201 ι’
1251 2179 1286 2210 η’.

1033 1540 1150 1575 μονάδας
1161 1539 1242 1571 ὀκτὼ,
1268 1539 1321 1566 καὶ
1331 1540 1447 1572 δεκάδας
1469 1540 1551 1573 ὀκτὼ,
1572 1540 1620 1567 καὶ
1642 1538 1823 1571 ἑκατοντάδας

1031 1586 1113 1618 ὀκτὼ,
1125 1586 1174 1622 τὴν
1188 1586 1241 1613 τῶν
1253 1587 1421 1614 ὀκτακοσίων
1431 1587 1669 1622 ὀγδοηκονταοκτὼ
1681 1586 1787 1621 (ἔπειτα
1800 1586 1823 1619 ⁸)

1031 1632 1198 1664 δεικνύοντα,
1214 1633 1338 1660 τουτέστι
1360 1634 1389 1660 τὸ
1405 1633 1489 1664 EIH,
1518 1633 1563 1660 τὸν
1580 1634 1612 1659 ὲκ
1633 1623 1741 1659 πάντων
1762 1640 1824 1658 συν-

1031 1678 1137 1706 εστῶτα
1149 1678 1203 1705 τῶν
1217 1678 1352 1715 ἀριθμῶν·
1368 1679 1415 1705 καὶ
1429 1678 1474 1705 διὰ
1486 1678 1532 1704 τοῦ
1548 1678 1557 1693 ⁷
1574 1679 1662 1713 Ἄλφα
1674 1679 1722 1705 καὶ
1733 1678 1754 1704 Ω
1764 1678 1824 1704 ὀνο-

1039 1724 1172 1760 μάζεσθαι
1188 1725 1280 1756 αὐτὸν,
1293 1724 1341 1760 τὴν
1356 1726 1389 1751 ὲκ
1406 1725 1514 1752 πάντων
1524 1725 1633 1759 γένεσιν
1648 1725 1824 1760 σημαίνοντα.

1038 1771 1093 1797 Καὶ
1109 1771 1190 1798 πάλιν
1203 1770 1298 1798 οὕτως·
1313 1771 1367 1805 Τῆς
1383 1771 1493 1806 πρώτης
1508 1771 1635 1806 τετράδος
1647 1771 1718 1798 κατὰ
1740 1771 1827 1807 πρόσ-

1038 1817 1117 1844 δασιν
1140 1816 1256 1853 ἀριθμοῦ
1285 1817 1326 1849 εις
1351 1817 1435 1852 αὐτὴν
1456 1817 1647 1852 συντιθεμένης
1660 1819 1674 1844 ὁ
1689 1818 1743 1844 τῶν
1758 1817 1827 1844 δέκα

1038 1864 1159 1898 ἀνεφάνη
1173 1862 1298 1899 ἀριθμός.
1314 1862 1368 1890 Μία
1382 1862 1436 1898 γὰρ
1452 1863 1498 1890 καὶ
1508 1863 1554 1889 δύο
1567 1864 1613 1890 καὶ
1625 1865 1698 1899 τρεῖς
1707 1864 1754 1889 καὶ
1767 1863 1826 1890 τέσ-

1040 1917 1132 1944 σαρες.
1156 1909 1299 1936 ἑπιτοαυτὺ
1322 1909 1499 1942 συντεθεῖσαι,
1527 1909 1592 1936 δέκα
1620 1909 1755 1943 γίνονται¹
1781 1909 1827 1936 καὶ

1037 1954 1109 1981 τοῦτ’
1130 1953 1199 1982 εἶναι
1223 1955 1329 1981 θέλουσι
1346 1955 1392 1982 τὸν
1413 1955 1527 1991 Ἰησοῦν.
1549 1955 1630 1982 Ἀλλὰ
1653 1956 1698 1983 καὶ
1722 1956 1736 1982 ὁ
1760 1957 1827 1991 Χρι-

1039 2001 1112 2034 στὸς,
1138 2003 1214 2037 φησὶ,
1232 2001 1402 2037 γραμμάτων
1418 2002 1490 2029 ὀκτὼ
1509 2001 1556 2034 ὢν,
1572 2002 1621 2037 τὴν
1643 2002 1753 2038 πρώτην
1777 2009 1826 2036 ογ-

1155 2111 1185 2130 ro
1207 2104 1307 2139 quibus
1320 2113 1417 2132 nomen
1430 2105 1510 2133 Jesus
1524 2105 1616 2133 habet.
1654 2106 1664 2122 ³
1675 2105 1744 2133 lren.
1758 2105 1788 2133 τὸ
1799 2105 1828 2132 δὲ

1534 2142 1546 2157 ⁵
1561 2141 1630 2168 lren.
1651 2141 1698 2167 τοῦ
1725 2140 1826 2176 Ἰησοῦ.

1325 2176 1335 2190 ⁷
1352 2177 1419 2204 lren.
1435 2177 1516 2203 habet
1529 2176 1575 2203 καὶ
1590 2176 1635 2204 διὰ
1647 2176 1736 2203 τοῦτο.

1125 2286 1263 2314 Monades.
1361 2286 1494 2315 Decades.
1549 2286 1760 2315 Hecatontades.

1158 2345 1203 2375 ἱΑ
1415 2346 1426 2371 1
1649 2345 1670 2371 Ρ

1181 2380 1202 2405 Β
1414 2381 1439 2407 Κ
1650 2380 1670 2406 Σ

1185 2415 1206 2441 Γ
1415 2416 1435 2441 Δ
1649 2415 1671 2440 Τ

1181 2452 1200 2476 Δ
1408 2450 1436 2477 Μ
1649 2450 1672 2476 Υ

1182 2488 1204 2513 Ε
1411 2487 1436 2512 Ν
1649 2486 1671 2511 Φ

1185 2524 1204 2549 Ζ
1415 2520 1436 2547 Ξ
1649 2521 1673 2546 Χ

1185 2559 1210 2585 Η
1414 2558 1437 2582 0
1642 2556 1671 2583 Ψ

1187 2594 1209 2619 Θ
1413 2592 1436 2617 Π
1649 2592 1669 2617 (.l

1043 2651 1109 2684 Quae
1127 2649 1160 2676 Β.
1174 2649 1206 2676 Ρ.
1223 2649 1326 2677 Fronto
1341 2649 1456 2684 Ducagus
1474 2649 1538 2676 olim
1552 2647 1727 2684 observabat,
1757 2651 1788 2675 ut
1806 2653 1832 2676 et

1043 2683 1111 2713 illud
1128 2686 1162 2713 de
1178 2685 1242 2713 Jesu
1262 2685 1374 2713 nomine
1387 2693 1402 2712 e
1415 2683 1671 2718 Pseudosibyllinis.

1048 2731 1140 2760 Ὠκτὼ
1153 2732 1207 2767 τὰρ
1222 2731 1367 2767 μονάδας,
1379 2732 1494 2763 τόσσας
1506 2729 1634 2762 δεκάδας
1645 2729 1693 2767 ἐπὶ
1705 2730 1832 2767 resistite,

1049 2768 1105 2795 ‘116‘
1122 2763 1324 2800 ὲκὰὲοτῖτάδας
1339 2763 1425 2800 ὀκτὼ,
1443 2766 1655 2799 ἀπιστοκόροις
1667 2763 1833 2798 ἀνθρώποις

1046 2804 1166 2838 υῦνσμα
1182 2802 1323 2836 δηλώσει.
