1952 3045
118 149 169 178 601

425 150 609 179 AOVERSUS
632 151 803 180 ll/ERESES
819 153 883 181 LIB.
904 156 925 181 Ι.
947 153 1029 182 TUM.
1049 155 1092 182 lll.
1114 171 1147 175 —
1164 154 1300 182 ΠᾹΞΠΕΞ.
1315 154 1435 182 XXXIV.

1702 155 1756 184 602

118 208 201 236 δυάδα
212 207 349 243 σημαίνει,
365 207 435 242 ἣτις.
449 207 488 242 τῷ
502 208 567 234 δέκα
581 209 770 244 συμπλακεῑσα
787 211 854 246 (25),
867 212 907 237 τοι

964 222 1025 248 qnze
1039 222 1101 241 enm
1121 214 1215 241 decem
1232 213 1381 248 conjuncta
1397 213 1491 242 Iesum
1511 214 1625 249 peperit.
1650 214 1756 243 Dicitur

126 253 230 289 Ἰησοῦν
244 253 394 288 ἁπεκύησε.
411 253 527 286 Λέγεται
549 253 588 285 δὲ,
605 255 682 288 φησὶ,
699 256 747 281 καὶ
764 256 825 287 Υἱὸς
847 257 911 291 Χρι-

122 299 193 331 στὸς,
209 298 348 324 τουτέστιν
363 299 380 333 ὴ
405 298 524 330 δωδεκάς
536 299 601 334 (26).
616 299 653 326 Τὸ
675 300 730 336 γὰρ
746 301 804 333 υίὸς
827 302 911 336 ὄνομα

121 344 291 380 γραμμάτων
302 343 360 370 ἐστὶ
374 344 514 380 τεσσάρων
525 352 532 360 ·
547 345 578 371 τὸ
591 345 618 372 δὲ
630 346 747 380 Χριστὸς
759 347 830 374 ὀκτὼ
843 347 909 384 (27).

121 391 198 417 ἆτινα
217 389 380 416 συντεθέντα
397 390 428 416 τὸ
443 390 491 425 τῆς
507 390 656 422 δωδεκάδος
671 391 809 425 ἐπέδειξαν
829 394 910 428 μέγε-

121 435 175 466 θος.
193 435 260 470 Πρὶν
274 434 323 469 μὲν
337 433 393 464 οὖν,
410 435 486 469 φησὶ,
501 435 595 461 τούτου
608 436 654 461 τοῦ
668 436 800 471 ὀνόματος
811 438 840 464 τὸ
856 438 912 464 ἐπί-

121 487 207 514 σημον
224 479 350 513 φανῆναι,
373 479 496 505 τουτέστι
515 479 561 505 τὸν
581 480 694 515 Ἰησοῦν,
711 483 768 513 τοῖς
784 483 861 514 υἱοῖς,
882 484 910 509 ἐν

121 525 218 560 ἀγνοίᾳ
242 525 326 560 πολλῇ
344 525 466 559 ὑπῆρχον
478 526 503 550 οἱ
522 525 660 561 ἄνθρωποι
680 528 726 553 καὶ
747 527 834 564 πλάνῃ
846 537 852 543 ·
866 529 911 554 ὅτε

120 569 148 596 δὲ
163 570 321 605 ἐφανερώθη
337 573 366 597 τὸ
380 571 592 606 ὲξαγράμματον
606 572 701 606 ὗνομα.
717 573 746 605 ὃς
761 574 849 609 σάρκα
863 584 912 601 πε-

122 615 287 650 ριεϐάλλετο,
304 616 346 641 ἵνα
363 617 403 648 εἰς
418 617 466 651 τὴν
483 617 608 652 αἴσθησιν
624 618 671 644 τοῦ
683 619 826 655 ἀνθρώπου
846 629 912 647 κατ-

119 661 195 697 έλθῃ,
212 661 281 696 ἔχων
296 663 324 687 ὲν
344 662 432 696 ἐαυτῷ
449 662 518 689 αὐτὰ
534 662 568 688 τὰ
594 663 623 696 ἒξ
641 664 687 690 καὶ
709 664 743 690 τὰ
760 665 910 692 εἰκοσιτέσ-

120 714 209 742 σαρα’
226 708 286 734 τότε
310 708 418 742 γνόντες
440 709 521 735 αὑτὸν
543 709 697 736 ἐπαύσαντο
719 711 768 745 τῆς
789 711 909 745 ἀγνοίας.

125 753 174 779 Ἐκ
188 753 302 780 θανάτου
322 754 350 779 δὲ
365 755 405 786 είς
420 753 492 789 ζωὴν
509 755 633 789 ἀνῆλθον,
651 755 698 782 τοῦ
719 756 849 791 ὀνόματος
862 757 911 783 αὐ-

119 800 177 830 τοῖς
198 799 258 826 ὁδοῦ
279 799 288 815 ¹
301 800 477 835 γεννηθέντος
502 801 571 836 πρὸς
591 801 637 828 τὸν
653 802 763 838 Πατέρα
781 802 832 837 τῆς
844 803 910 838 ἁλη-

119 843 204 876 θείας.
220 845 401 880 Τεθεληκέναι
422 846 477 882 γὰρ
491 847 536 872 τὸν
554 847 665 882 Πατέρα
681 847 736 874 τῶν
753 847 821 874 ὅλων
831 848 910 875 λῦσαι

117 890 168 926 τὴν
184 891 305 926 ἄγνοιαν,
323 892 368 918 καὶ
385 892 509 919 καθελεῖν
530 893 576 920 τὸν
596 893 720 920 θάνατον.
745 895 868 928 ’Λγνοίας
882 895 910 921 δὲ
927 889 947 916 Β

118 936 197 968 λύσις
224 937 407 972 ήὲπὶγνωσις
434 937 517 965 αὑτοῦ
544 938 658 973 ἐγίνετο.
686 940 739 966 Καὶ
761 939 813 966 διὰ
833 941 911 967 τοῦτο

118 982 280 1017 ἐκλεχθῆναι
304 983 349 1009 τὸν
367 982 438 1010 κατὰ
459 983 490 1010 τὸ
509 983 616 1019 θέλημα
637 984 719 1011 αὑτοῦ
743 985 803 1011 κατ’
819 986 910 1012 εἰκόνα

118 1029 169 1063 τῆς
184 1029 240 1055 ἄνω
256 1028 397 1063 δυνάμεως
414 1029 626 1064 οὶκονομηθέντα
644 1030 798 1066 ἄνθρωπον.

156 1073 184 1101 l’.
212 1075 276 1100 Ἀπὸ
288 1075 421 1110 Τετρὰδος
435 1075 489 1110 γὰρ
503 1075 637 1110 προῆλθον
647 1077 671 1102 οἱ
683 1076 795 1108 Λὶὦνες.
810 1075 865 1103 Ἦν
881 1077 910 1104 δὲ

117 1121 148 1147 ὲν
164 1122 197 1155 τῇ
210 1120 325 1155 Τετρὰδι
343 1121 502 1155 Ἄνθρωπος
523 1122 569 1148 καὶ
592 1122 749 1158 Ἐκκλησία,
765 1123 851 1157 Λόγος
864 1124 910 1150 καὶ

118 1167 191 1202 Ζωή.
215 1167 280 1193 Ἀπὸ
302 1167 402 1193 τούτων
422 1166 468 1193 οὖν
493 1168 632 1203 δυνάμεις,
654 1169 747 1203 φησὶν,
765 1170 910 1205 ἀπορρυεῖ-

118 1221 176 1243 σαι,
192 1212 438 1248 ἐγενεσιούργησαν
461 1214 507 1239 τὸν
525 1214 571 1239 ἐπὶ
589 1214 640 1248 γῆς
659 1215 776 1248 φανέντα
795 1215 908 1250 Ἰησοῦν.

119 1258 174 1284 Καὶ
186 1258 234 1284 τοῦ
246 1259 294 1294 μὲν
305 1259 392 1293 Λόγου
407 1259 513 1294 ἁναπλη
519 1259 633 1294 ρωκέναι
644 1260 689 1286 τὸν
705 1261 784 1286 τόπον
796 1260 910 1295 ἄγγελον

118 1303 248 1340 Γαϐριὴλ,
265 1305 313 1339 τῆς
327 1304 354 1331 δὲ
371 1305 448 1339 Ζωῆς
460 1305 490 1331 τὸ
504 1306 580 1338 ἆγιον
596 1305 708 1340 Πνεῦμα
720 1314 727 1322 ”
741 1305 786 1332 τοῦ
801 1306 829 1332 δὲ
849 1307 908 1332 Ἀν-

118 1349 227 1385 θρὼπου
241 1350 290 1386 τὴν
305 1350 420 1386 δύναμιν
437 1350 483 1377 τοῦ
496 1350 560 1377 Υἱοῦ
577 1352 598 1383 ⁸,
619 1351 664 1378 τὸν
678 1352 706 1378 δὲ
722 1351 771 1387 τῆς
797 1351 910 1388 Ἐκκλη-

119 1396 179 1426 σίας
203 1395 284 1422 τόπον
307 1396 324 1431 ἡ
347 1395 485 1431 Παρθένος
507 1396 652 1429 ἐπέδειξεν.
676 1397 753 1423 Οὕτω
769 1406 796 1423 τε
814 1398 828 1424 ὁ
848 1398 908 1424 κατ’

116 1441 273 1476 οἰκονομίαν
296 1440 341 1467 διὰ
370 1441 420 1476 τῆς
446 1441 555 1476 Μαρίας
586 1444 815 1479 γενεσιουργεῖται
842 1443 908 1478 παρ’

117 1487 191 1522 αὐτῷ
207 1487 358 1522 ἄνθρωπος,
372 1487 401 1514 ὃν
418 1489 431 1515 ὁ
446 1489 541 1524 Πατὴρ
558 1488 612 1515 τῶν
623 1488 692 1515 ὅλων
709 1489 847 1516 διελθόντα
864 1490 908 1517 διὰ

118 1535 224 1570 μήτρας
243 1535 383 1568 ἐξελέξατο
403 1535 448 1562 διὰ
469 1535 556 1570 Λόγον
575 1537 616 1568 εἰς
641 1537 789 1571 ἐπίγνωσιν
813 1538 906 1566 αὑτοῦ.

123 1580 260 1612 mem-.0;
273 1581 301 1607 δὲ
318 1581 401 1608 αὑτοῦ
422 1582 461 1612 είς
477 1582 506 1608 τὺ
522 1582 603 1617 ὕδωρ,
616 1583 757 1610 κατελθεῖν
773 1585 812 1615 είς
828 1584 908 1611 αὐτὸν

116 1627 154 1659 ὡς
175 1627 339 1663 περιστερὰν
361 1627 406 1653 τὸν
432 1627 623 1663 ἀναδραμόντα
640 1629 706 1661 ἄνω,
734 1630 779 1656 καὶ
802 1629 927 1672 πληρώη

117 1681 202 1699 σαντα
225 1673 272 1699 τὸν
298 1673 448 1699 δωδέκατον
477 1673 610 1709 ἀριθμόν’
634 1675 663 1700 ἐν
689 1672 711 1708 ᾧ
733 1675 849 1711 ὑπάρχει
877 1675 909 1702 τὸ

117 1719 227 1755 σπέρμα
240 1719 341 1746 τούτων
357 1720 410 1746 τῶν
427 1721 621 1756 συσπαρέντων
635 1721 719 1756 αὐτῷ,
735 1722 781 1748 καὶ
805 1730 908 1756 συγκα-

115 1766 266 1798 ταὸαντων,
284 1768 330 1794 καὶ
342 1767 562 1795 συναναϐάντων.
577 1766 667 1802 Αὐτὴν
683 1767 712 1794 δὲ
731 1767 780 1803 τὴν
793 1768 908 1804 δύναμιν

115 1812 300 1840 κατελθοῦσαν
315 1813 427 1848 σπέρμα
437 1813 519 1848 φησὶν
530 1810 599 1839 εἶναι
610 1813 656 1839 τοῦ
677 1813 792 1848 Πατρὺς,
806 1813 867 1849 ἕχον
879 1815 908 1841 ὲν

115 1858 206 1894 ἑαυτῷ
218 1859 265 1885 καὶ
280 1858 325 1885 τὸν
342 1859 452 1894 Πατέρα
473 1858 520 1885 καὶ
533 1859 578 1885 τὸν
594 1859 668 1890 Υἰὸν,
684 1860 733 1894 τήν
747 1868 776 1885 τε
789 1859 833 1886 διὰ
845 1860 907 1887 τού-

114 1913 169 1932 των
189 1905 393 1940 γινωσκομένην
417 1905 600 1940 ὰνονόμαστον
623 1905 738 1941 δύναμιν
751 1906 801 1941 τῆς
823 1906 908 1942 Σιγῆς

115 1951 163 1977 καὶ
176 1951 238 1982 τοὺς
253 1950 374 1982 ἅπαντας
393 1950 508 1982 Δίὦνας.
520 1951 574 1977 Καὶ
583 1950 655 1977 τοῦτ’
672 1949 740 1978 εἶναι
752 1951 783 1978 τὸ
795 1943 907 1987 Πνεῦμα

114 1997 145 2023 τὸ
160 1996 279 2031 λαλῆσαν
294 1996 338 2022 διὰ
361 1996 408 2022 τοῦ
431 1996 519 2031 Ἰησοῦ
535 1997 556 2028 ⁸,
573 1996 603 2022 τὸ
617 1997 789 2032 ὁμολογῆσαν
811 1998 906 2024 ἑαυτὸν

115 2041 179 2068 Υἱὸν
194 2041 348 2077 ἀνθρώπου,
368 2041 416 2068 καὶ
431 2041 625 2077 φανερώσαντα
642 2042 687 2068 τὸν
699 2042 819 2076 Πατέρα.
839 2051 905 2069 κατ-

114 2089 191 2116 ελθὸν
219 2090 268 2124 μὲν
290 2090 329 2120 είς
348 2089 393 2115 τὸν
431 2089 545 2123 Ἰησοῦν,
561 2088 681 2124 ἡνῶσθαι
702 2089 725 2114 δ’
740 2088 824 2124 αὐτῷ.
852 2089 906 2115 Καὶ

114 2135 223 2162 καθεῖλε
241 2136 291 2171 μὲν
302 2135 347 2162 τὸν
364 2135 488 2166 θάνατον,
506 2135 599 2170 φησὶν,
614 2135 627 2160 ὁ
642 2136 674 2162 ἐκ
687 2135 737 2170 τῆς
751 2134 906 2169 οἰκονομίας

114 2182 222 2217 Σωτὴρ,
240 2181 371 2217 ἐγνώρισε
388 2181 416 2208 δὲ
433 2181 479 2207 τὸν
495 2181 604 2216 Πατέρα
625 2180 752 2216 Χριστόν.
770 2179 845 2206 Εἶναι
858 2178 906 2207 οὖν

962 270 1070 296 quoque
1089 261 1152 292 Υἱὸς
1164 261 1290 295 Χριστός.
1307 261 1393 292 aiunt,
1411 261 1463 287 hoc
1483 264 1526 288 est
1540 260 1669 289 dodecas.
1687 261 1754 289 Nam

964 305 1027 337 Υἱὸς
1043 305 1149 332 litteras
1174 305 1256 332 habet
1272 313 1308 335 iv,
1324 305 1451 332 Christus
1463 309 1526 332 octo
1540 314 1546 332 :
1564 313 1624 340 qua:
1639 306 1754 333 collecta

963 350 1110 378 dodecadis
1134 350 1248 378 cil‘ecere
1278 350 1501 385 magnitudinem.
1524 350 1577 378 Sed
1604 356 1752 385 antequam

962 396 1084 424 nominis
1102 396 1185 430 hujus
1200 397 1366 430 episemum,
1385 396 1436 423 hoc
1455 401 1497 424 est
1515 395 1610 429 Jesns,
1629 397 1691 424 [iliis
1711 404 1755 432 ap-

961 448 1081 479 pareret,
1102 443 1128 470 in
1150 451 1256 470 summa
1278 443 1402 470 homines
1429 443 1596 477 ignorantia.
1617 449 1644 470 et
1660 450 1754 470 errore

961 489 1061 516 versati
1078 492 1152 515 sunt.
1174 488 1356 523 Posteaquam
1374 496 1440 515 vero
1461 496 1508 515 sex
1531 489 1683 516 litterarum
1703 496 1755 515 no-

961 542 1023 561 men
1039 538 1082 562 est
1097 534 1274 569 patefactum,
1297 533 1369 568 quod
1391 534 1453 561 ideo
1471 541 1581 561 carnem
1605 533 1704 566 induit,
1723 539 1754 560 ιιι

961 589 1009 608 sex
1030 581 1104 616 ipsas
1123 585 1149 607 et
1168 588 1232 607 xxiv
1245 581 1348 607 litteras
1361 580 1596 614 comprehenderis
1607 580 1641 607 ad
1657 588 1754 608 sensus

961 626 1101 652 hominum
1121 633 1182 652 sese
1197 625 1365 657 demitteret;
1386 629 1442 651 tum
1469 625 1578 652 demum
1595 633 1629 652 eo
1644 625 1755 660 cognito

961 671 996 697 ab
1022 678 1116 698 errore
1140 671 1314 701 destiterunt,
1339 674 1366 697 et
1389 670 1423 696 all
1443 670 1526 697 vitam
1548 674 1721 698 emerserunt
1738 677 1754 696 a

961 719 1049 743 morte
1069 725 1076 743 :
1099 724 1160 743 cum
1184 716 1217 743 ad
1243 716 1375 745 veritatis.
1390 720 1493 751 patrem
1516 716 1639 743 ductoris
1668 715 1755 743 instar

961 761 1029 796 ipsis
1056 770 1155 789 nomen
1180 762 1246 789 illud
1269 762 1430 791 exstitisset.
1456 762 1597 790 Placuisse
1618 761 1754 797 siquidem

961 810 1082 837 omnium
1109 809 1219 837 Parenti
1243 816 1273 838 ut
1296 811 1479 846 ignorantiam
1499 811 1660 843 discuteret,
1680 817 1755 837 mor-

961 861 1071 891 temque
1090 857 1208 884 tolleret.
1231 856 1393 892 Ignorantia:
1412 865 1494 892 porro
1508 857 1647 885 discnssio
1667 856 1754 891 ipsius

961 901 1081 936 cognitio
1097 901 1159 928 fuit.
1173 901 1347 937 Proindeque
1361 903 1483 930 delectus
1499 904 1522 930 is
1538 906 1580 930 est
1597 903 1690 933 homo,
1707 901 1754 936 qui

961 946 996 973 de
1021 946 1094 974 illius
1113 947 1254 974 voluntate
1272 948 1306 975 ad
1331 949 1450 975 celestis
1476 948 1593 976 Virtutis
1614 948 1755 983 exemplar

961 993 1093 1027 singulari
1105 996 1148 1020 est
1162 994 1334 1028 providentia
1347 995 1525 1022 constitutus.

995 1085 1030 1112 Χ.
1046 1085 1113 1112 Nam
1133 1084 1237 1112 [Eones
1256 1092 1270 1111 a
1290 1084 1408 1112 Tetrade
1425 1085 1538 1118 proiecti
1556 1088 1631 1111 sunt.
1653 1084 1682 1111 l'n
1700 1092 1754 1119 qua

962 1133 1008 1160 isti
1034 1131 1226 1159 censebantur.
1255 1131 1341 1158 Homo
1371 1135 1398 1158 et
1426 1131 1559 1161 Ecclesia.
1585 1130 1704 1158 Verbum
1725 1136 1754 1158 et

961 1179 1033 1206 Vita.
1060 1179 1101 1205 Ab
1125 1178 1160 1205 iis
1184 1177 1351 1213 profluentes
1371 1177 1495 1210 quadam
1520 1177 1635 1204 virtutes
1659 1176 1753 1204 Jesum

961 1226 1036 1252 illum
1053 1228 1244 1260 procrearunt.
1262 1224 1309 1259 qui
1325 1225 1353 1250 in
1369 1223 1450 1251 terris
1470 1224 1606 1258 apparuit.
1618 1223 1754 1250 Cteteruni

960 1272 988 1298 in
1007 1270 1091 1298 Verbi
1116 1271 1219 1302 locum,
1243 1269 1368 1304 angelum
1391 1268 1545 1296 Gabrielem
1563 1277 1570 1301 ;
1586 1268 1654 1295 Vita:
1676 1276 1753 1299 vero,

961 1317 1094 1352 Spiritum
1112 1319 1237 1347 sanctum
1252 1323 1314 1342 esse
1329 1315 1505 1342 substitutum
1521 1318 1666 1346 asserunt;
1681 1314 1754 1342 sicut

960 1362 1084 1389 llominis
1106 1360 1188 1397 2M
1214 1365 1304 1395 partes
1331 1360 1458 1388 altissimi
1489 1359 1594 1391 Virtus,
1625 1359 1755 1387 Ecclesia:

959 1415 1024 1435 vero
1037 1406 1120 1441 Virgo
1140 1406 1283 1433 sustinuit.
1305 1405 1350 1432 Sic
1370 1405 1415 1433 ille
1434 1405 1565 1441 peculiari
1585 1405 1755 1440 providentia

959 1454 1049 1481 editus
1062 1453 1096 1480 de
1112 1452 1196 1479 Maria
1213 1456 1294 1479 natus
1308 1456 1350 1479 est
1363 1451 1468 1478 llomo:
1486 1459 1567 1486 quem
1583 1459 1630 1486 per
1643 1455 1752 1479 uterum

959 1506 1100 1533 egressum
1118 1497 1160 1525 sui
1178 1497 1211 1524 ad
1227 1498 1413 1531 cognitionem
1425 1505 1478 1532 per
1496 1497 1616 1525 Verbum
1632 1498 1753 1525 omnium

960 1543 1065 1572 Parens
1077 1544 1168 1578 elegit.
1185 1543 1308 1578 Cumque
1324 1544 1357 1570 ad
1373 1551 1471 1578 aquam
1491 1543 1644 1571 abluendus
1661 1544 1753 1571 venis-

963 1595 1014 1624 set,
1026 1591 1053 1617 iu
1065 1598 1127 1617 eum
1142 1590 1276 1617 columba
1289 1589 1466 1617 descendisse
1474 1590 1565 1625 specie
1577 1589 1652 1617 illum
1663 1590 1753 1624 ipsum

962 1640 1094 1668 narrant,
1118 1636 1163 1671 qui
1186 1643 1296 1663 sursum
1319 1643 1464 1663 recurrens
1485 1635 1683 1663 duodenariuin
1701 1643 1752 1662 ml-

962 1690 1066 1710 merum
1089 1682 1226 1717 implevit;
1252 1682 1278 1708 in
1301 1689 1356 1716 quo
1375 1689 1467 1708 semen
1488 1681 1558 1708 inest
1571 1689 1677 1712 eorum.
1693 1689 1754 1717 qua:

961 1735 1022 1754 cum
1044 1727 1091 1754 illo
1106 1730 1164 1754 sata
1181 1726 1284 1761 pariter
1298 1729 1324 1753 et
1343 1725 1546 1753 descenderunt
1570 1729 1597 1753 et
1619 1724 1753 1752 ascende—

960 1777 1034 1799 runt.
1048 1771 1137 1806 Ipsam
1155 1779 1220 1798 vero
1236 1771 1374 1806 delapsam
1390 1778 1405 1797 e
1419 1771 1490 1798 cmlo
1503 1770 1636 1798 Virtutem
1659 1778 1752 1798 semen

960 1817 1051 1845 Patris
1066 1816 1161 1844 deﬁnit
1178 1823 1250 1846 esse.
1267 1816 1339 1851 quod
1358 1815 1385 1842 in
1406 1823 1435 1842 se
1450 1815 1557 1842 Patrem
1584 1823 1616 1842 ac
1639 1814 1751 1845 Filium.

959 1871 1076 1898 eamque
1103 1863 1180 1898 Siges
1209 1862 1365 1892 Virtutem.
1392 1870 1454 1897 quae
1481 1869 1529 1896 per
1556 1861 1617 1889 illos
1644 1861 1752 1896 cognita

959 1910 1072 1936 nomine
1089 1913 1164 1936 caret
1180 1909 1266 1939 omni.
1285 1916 1317 1935 ac
1336 1908 1457 1942 reliquos
1474 1907 1577 1934 (Eones
1591 1906 1753 1941 complecti-

959 1958 1014 1980 tur.
1026 1953 1160 1988 Huncque
1171 1953 1304 1988 Spiritum
1316 1960 1379 1980 esse
1394 1956 1531 1984 sanctum,
1540 1951 1586 1986 qui
1597 1958 1646 1985 per
1658 1950 1752 1978 Jesum

961 1999 1079 2032 locutus,
1096 2006 1156 2026 cum
1169 2006 1257 2034 eoque
1270 1998 1436 2033 conjunctus
1452 2002 1505 2025 est.
1523 1996 1582 2024 lam
1599 2005 1664 2024 vero
1678 2003 1753 2024 mor-

960 2049 1025 2077 tem,
1039 2046 1138 2080 inquit,
1153 2045 1278 2072 Salvator
1290 2052 1323 2071 ex
1342 2044 1386 2070 illa
1404 2043 1575 2078 providentia
1592 2048 1673 2070 natus
1690 2050 1752 2070 sus-

959 2092 1039 2123 tulit,
1064 2091 1259 2126 Christumque
1284 2089 1392 2117 Patrem
1425 2090 1580 2116 liominibus
1612 2088 1749 2124 patefecit.

959 2138 1050 2166 Jesum
1075 2138 1168 2172 itaque
1192 2145 1292 2164 nomen
1317 2136 1377 2170 ejus
1389 2144 1452 2164 esse
1471 2136 1611 2171 proprium
1633 2135 1757 2162 hominis.

959 2183 1066 2214 statuit,
1086 2190 1167 2217 quem
1187 2182 1334 2217 singularis
1357 2181 1402 2208 illa
1427 2181 1595 2216 providentia
1613 2180 1751 2212 submisit.

113 2229 160 2254 τὸν
178 2227 281 2263 Ἰησοῦν
294 2227 379 2262 ὄνομα
395 2228 444 2262 μὲν
459 2227 504 2254 τοῦ
519 2229 550 2253 ὲκ
565 2227 615 2262 τῆς
627 2227 782 2262 οἰκονομίας
799 2225 904 2262 ἀνθρὼ-

962 2227 1006 2255 sed
1022 2228 1055 2254 ad
1070 2227 1182 2254 alterius
1194 2227 1397 2254 similitudinem
1406 2234 1438 2253 ac
1446 2226 1689 2260 conligurationem
1702 2226 1752 2251 im-

114 2283 165 2301 που
176 2274 260 2307 λέγει,
274 2273 409 2300 τεθεῖσθαι
423 2273 451 2300 δὲ
468 2274 507 2305 εἰς
520 2273 690 2308 ἐξομοίωσιν,
703 2273 749 2299 καὶ
766 2273 906 2308 μόρφωσιν

112 2320 160 2347 τοῦ
175 2319 317 2355 μέλλοντος
330 2320 369 2351 εἰς
382 2319 462 2346 αὑτὸν
477 2319 658 2354 κατέρχεσθαι
680 2319 849 2354 Ἀνθρώπου,
860 2319 906 2346 τὸν

112 2366 277 2401 χωρήσαντα
291 2366 381 2392 αὐτόν.
405 2365 566 2401 Ἐσχηκέναι
584 2365 613 2392 δὲ
631 2365 712 2391 αὐτόν
729 2366 739 2380 ⁸
750 2373 779 2391 τε
799 2365 844 2391 τὸν
859 2365 903 2392 ἄν-

149 2445 157 2459 ¹
175 2443 244 2471 Iren.
258 2442 369 2478 ¹ὁδηγοῦ.
407 2444 418 2458 ¹
431 2442 501 2471 lren.
523 2442 662 2476 Ἴᾊίστου.

113 2488 158 2506 ναι
172 2478 252 2505 αὐτόν
268 2486 298 2504 τε
314 2487 339 2504 τ.

149 2537 206 2573 (25)
223 2534 367 2573 7'anth
382 2534 465 2573 ,δέιια
501 2534 724 2573 evenisse?”
753 2533 903 2573 Ρατυετδιιι

111 2569 158 2600 hic
178 2572 230 2606 legi
246 2571 291 2597 τὸν
311 2569 412 2605 Ἰησοῦν
431 2569 590 2606 απεκύησε,
610 2569 704 2596 Billius
719 2569 839 2606 adnotat
855 2579 861 2596 :
876 2574 903 2596 ct

112 2617 163 2643 pro
187 2604 308 2643 Lixsvin
319 2626 326 2636 ,
342 2604 414 2640 Quod
431 2604 514 2632 Vetus
530 2605 665 2637 interpres
683 2604 798 2643 habebat
812 2625 819 2637 ,
840 2605 903 2639 legit

114 2640 196 2673 twn.
212 2642 275 2676 quia
297 2649 312 2667 κ
333 2645 360 2667 et
377 2648 422 2666 VIII
447 2648 499 2667 non
516 2647 657 2676 ιιιιχνιιι,
682 2640 730 2676 sed
751 2647 817 2676 Χννιιι
840 2648 903 2674 pro-

113 2674 227 2705 (αι-θοαὶ]
242 2676 295 2703 Sed
318 2676 492 2709 castigatiora
515 2674 606 2701 Irenzei
623 2675 807 2708 exemplaria.
832 2679 862 2702 et
887 2682 902 2701 ιι

113 2711 296 2740 Feuardeutio
309 2711 435 2737 restituta
449 2717 636 2737 ucccuuvnt
653 2710 762 2736 habent.
788 2709 838 2742 Qui
854 2718 904 2736 ιιιι-

114 2755 208 2775 merus
222 2747 256 2773 ab
272 2754 318 2772 VIII
342 2746 464 2780 gignitur
488 2746 530 2772 bis
547 2752 593 2778 per
617 2745 734 2771 tle-cadas
758 2743 851 2775 ducto.
873 2753 905 2772 ac

113 2783 197 2810 tertio
218 2782 347 2815 repetito;
365 2781 436 2807 hunc
450 2781 478 2807 in
501 2780 610 2806 modum
628 2787 634 2804 :
654 2787 700 2805 \'lll
718 2787 765 2815 per
778 2787 794 2806 ιι
810 2781 904 2806 multi-

115 2819 232 2854 plicatus
248 2814 319 2843 ιω
338 2816 472 2854 producit.
489 2815 546 2842 Due
562 2823 586 2854 ις.
600 2816 625 2840 in
636 2822 724 2854 ιιιχκ,
737 2814 810 2854 _t_iunt
823 2823 904 2854 nece;

117 2849 187 2880 adde
206 2849 347 2887 postremo
360 2851 450 2887 ipsum
461 2859 519 2881 vni,
535 2849 807 2887 collectisAomnibus,
821 2850 906 2887 nasci-

117 2893 162 2916 tur
180 2884 389 2920 nc'ccunvur,
406 2886 453 2921 qui
475 2892 606 2914 numerus
621 2885 647 2912 in
664 2884 761 2912 litteris
787 2886 905 2913 nominis

701 2442 711 2457 ³
728 2451 773 2476 πρ.
789 2442 835 2469 τοῦ
856 2442 989 2478 στόματος
1003 2443 1050 2469 τοῦ
1069 2442 1165 2478 Ἰησοῦ.

959 2275 1077 2310 positum
1093 2282 1163 2305 esse.
1176 2275 1222 2309 qui
1236 2274 1263 2300 in
1279 2275 1368 2309 ipsum
1381 2278 1441 2301 erat
1451 2272 1598 2308 aliquando
1611 2273 1749 2307 lapsurus.

959 2321 1045 2354 Quem
1060 2329 1122 2348 cuin
1138 2321 1308 2355 excepisset,
1330 2328 1383 2347 una
1399 2324 1427 2347 et
1445 2319 1582 2346 hominem
1600 2319 1688 2353 ipsum
1700 2337 1708 2349 ,
1724 2321 1754 2344 et

961 2364 1092 2395 Verbum.
1107 2373 1138 2392 ac
1154 2364 1271 2398 Patrem,
1287 2369 1313 2391 et
1326 2363 1483 2396 Arrhetum,
1497 2370 1529 2390 ac
1545 2363 1636 2398 Sigen,
1649 2362 1741 2390 Verita

1210 2443 1220 2457 ⁸
1237 2442 1306 2469 lren.
1323 2442 1352 2468 ὃν
1363 2443 1525 2477 χωρήσαντα
1538 2442 1619 2468 αὑτὸν
1636 2441 1746 2478 ἐσχηκέ-

963 2533 1068 2571 Ἰησοῦς
1082 2533 1342 2571 cpmprehenditur._
1359 2534 1449 2571 Quare
1468 2534 1538 2571 idem
1552 2538 1594 2571 est
1610 2535 1749 2571 timaxdqc:

956 2570 1001 2595 τὸν
1019 2569 1134 2604 Ἰησοῦν,
1161 2573 1241 2603 atque
1256 2569 1395 2603 ἁπεκύησε
1419 2569 1464 2595 τὸν
1489 2570 1529 2600 Η,
1552 2569 1590 2601 Π,
1607 2570 1643 2601 Ω,
1664 2569 1751 2603 neque

956 2603 1116 2631 mutandum
1134 2604 1160 2630 in
1173 2603 1268 2631 Gneeo
1284 2605 1433 2638 quidquam
1448 2605 1609 2636 arbitrarer,
1627 2606 1680 2632 nisi
1697 2605 1749 2634 Ve-

957 2645 1001 2666 tus
1018 2639 1152 2673 interpres
1168 2640 1247 2666 aliter
1262 2640 1381 2674 legisset.

993 2674 1048 2708 (26)
1068 2674 1122 2700 Kal
1141 2674 1207 2706 υίὸς
1227 2673 1355 2708 Χριὰτὸς
1367 2696 1373 2705 ,
1391 2675 1548 2701 τουτέστιν
1570 2674 1589 2708 ὴ
1604 2673 1747 2707 δωδεκάς.

958 2710 1036 2742 Quod
1053 2710 1116 2741 Υἱός
1130 2712 1273 2744 quaternis
1287 2710 1386 2737 litteris
1398 2714 1506 2736 constet
1517 2729 1524 2739 .
1540 2709 1664 2743 expedita
1678 2711 1748 2736 ratio

958 2749 1010 2772 est.
1026 2744 1142 2780 Χριστός
1159 2749 1248 2771 autem
1262 2765 1269 2776 ,
1291 2745 1342 2772 nisi
1363 2745 1479 2780 Χριστός
1497 2745 1615 2775 scribas,
1633 2752 1669 2770 vn
1684 2752 1748 2780 VOIII-

959 2780 1026 2806 nino
1039 2779 1170 2806 reiitinet.
1186 2780 1257 2807 Sane
1272 2779 1412 2807 Christum
1429 2780 1552 2814 plerique
1567 2787 1582 2807 e
1597 2779 1746 2814 gentilibus

959 2815 1128 2850 appellavere
1143 2815 1297 2842 Christum.

995 2847 1050 2885 (27)
1072 2850 1110 2876 Τὸ
1126 2850 1160 2876 δὲ
1175 2851 1300 2885 Χριστὸς
1319 2849 1401 2877 ὀκτώ.
1422 2847 1539 2885 Proinde
1552 2848 1669 2885 Χριστός
1691 2848 1747 2885 leg.

959 2883 1026 2913 Nam
1041 2890 1068 2913 ct
1083 2883 1226 2913 Chrestuin
1244 2885 1356 2921 quidam
1371 2884 1510 2912 Ghristum
1526 2883 1707 2918 appellarunt.
