1952 3045
209 133 261 161 805

923 135 951 164 S.
972 133 1140 162 EPlPllANll

1793 130 1848 160 ϐω

209 194 262 220 lem
289 192 370 226 item,
394 198 421 221 et
449 193 617 227 Ecclesiam,
651 194 797 230 Vitamque
824 195 995 230 comprehen‘

1058 195 1177 230 θρωπυν,
1203 194 1282 220 αὐτόν
1299 202 1329 219 τε
1351 193 1396 219 τόν
1411 192 1508 227 Λόγον,
1532 191 1579 218 καὶ
1602 190 1647 217 τόν
1664 189 1785 224 Πατέρα,
1799 189 1848 216 καὶ

209 239 292 266 disse.

244 329 289 356 XI.
311 329 377 363 Quze
398 337 494 358 omnes
519 331 628 357 illorum
653 330 751 357 fabulae
770 330 906 365 ejusmodi
927 335 1001 362 sunt,

210 380 240 402 ut
257 377 290 403 iis
301 375 483 412 ,deplorandis
500 377 603 403 nullum
619 377 670 403 lien
686 378 692 403 !
711 377 779 404 heu!
797 377 838 403 vel
856 378 937 412 proli!
956 385 1003 404 ne—

209 430 262 457 que
283 422 338 449 ulla
361 431 475 457 prorsus
497 423 598 457 tragica
622 431 674 450 vox
693 431 725 449 ac
741 423 900 450 lamentatio
917 425 1004 458 possit

209 470 343 496 utillicere.
357 469 424 502 Quis
435 469 508 496 enim
530 478 584 496 non
600 470 695 496 taliutn
711 469 916 496 mendaciorum
932 469 1001 496 infe-

209 516 287 543 licem
311 516 443 543 artificem
470 516 569 547 olerit,
593 524 654 542 cum
687 515 835 542 Veritatem
861 515 947 550 ipsam
974 516 1002 543 in

207 562 290 589 inane
308 562 487 589 simulacrum
508 569 524 588 a
542 561 634 588 Marco
651 562 829 589 deformatam
849 561 956 595 videat;
976 567 1003 590 et

208 607 281 641 quod
323 608 433 642 gravius
465 611 526 639 est,
564 607 700 642 alphabeli
737 608 833 635 litteris
871 612 1001 642 tanquam

208 652 382 687 stigmalibus
411 652 529 679 inustam
552 661 559 679 :
586 656 615 678 ut
642 651 714 687 quod
745 660 833 687 nuper
854 653 1000 679 admodum

207 702 290 732 atque
306 698 375 729 lteri,
393 702 422 724 ut
437 698 524 729 aiunt,
537 703 564 725 et
580 697 781 725 nudiustertius
795 698 905 730 accidit,
921 699 1000 733 quasi

205 743 261 778 jam
275 748 333 771 tum
349 745 414 772 olim
427 745 588 776 exstitisset.
604 745 744 772 venditare
757 745 903 772 studuerit;
914 745 1000 773 Graeci

207 790 316 825 quidem
334 798 379 818 xvx
402 798 416 817 a
438 791 541 818 (,admo
557 791 663 818 litteras
680 791 798 825 primum
815 792 956 826 accepisse
971 800 1000 820 se

207 840 378 869 memorant;
400 840 457 862 tum
477 844 492 862 a
513 844 542 864 se
567 837 806 872 progredientibus
831 837 1000 872 temporibus

207 882 275 910 alias
292 883 440 917 aspiratas,
454 883 523 910 alias
537 883 661 918 duplices
680 884 812 911 inventas.
830 883 971 911 Postremo
983 893 998 911 a

204 927 350 956 Palamede
381 929 500 964 majores
529 930 684 964 adjunctus.
720 929 810 963 Quare
837 931 998 966 priusquam

204 974 364 1002 Graecisilla
386 976 570 1008 traderentur,
593 983 727 1010 nusquam
749 975 855 1004 Veritas
870 985 931 1005 esse
950 986 998 1012 po-

205 1021 268 1047 tuit.
283 1020 391 1056 Corpus
407 1022 479 1048 enim
499 1021 596 1056 ipsius,
611 1026 641 1048 ut
654 1022 704 1053 ais,
717 1021 817 1056 Marce,
829 1022 932 1049 Cadmo
944 1027 997 1055 est,

205 1068 293 1103 iisque
304 1069 350 1102 qui
366 1068 442 1094 illum
458 1072 666 1096 antecesserunt
680 1069 827 1101 recentius,
838 1069 998 1104 cmterisque

204 1115 272 1141 adeo
279 1114 324 1148 qui
334 1114 466 1141 elementa
473 1115 577 1149 reliqua
586 1120 757 1150 repererunt,
765 1119 830 1143 acte
836 1116 918 1143 etiam
926 1116 995 1150 ipso.

204 1159 284 1196 245
299 1160 339 1187 Tu
353 1161 425 1187 enim
437 1161 512 1188 solus
524 1169 595 1192 eam,
605 1169 686 1195 quam
702 1160 850 1188 Veritatem
865 1161 995 1196 appellas,

205 1205 298 1232 nescio
323 1206 395 1240 quod
427 1206 454 1233 in
485 1206 664 1233 simulacrum
692 1205 847 1233 detraxisti.
876 1205 996 1241 Ecquem

204 1258 269 1278 vero
291 1255 371 1287 putas
394 1256 469 1279 tuam
494 1253 569 1280 illam
591 1260 679 1287 usque
701 1260 733 1280 eo
752 1252 894 1288 loquacem
915 1252 997 1288 Sigen

203 1305 284 1331 p055!
307 1299 454 1331 sustinere,
478 1306 538 1334 qua:
560 1306 622 1326 eum
645 1299 778 1332 nominet,
795 1299 842 1334 qui
859 1299 996 1326 nominari

204 1349 329 1378 nequeat,
345 1347 372 1371 et
387 1343 605 1379 inexplicabilem
633 1345 760 1379 explicet,
789 1348 816 1372 et
841 1345 887 1380 qui
915 1345 997 1372 nullis

204 1390 327 1424 vestigiis
351 1390 517 1425 deprehendi
539 1394 638 1425 potest,
664 1390 825 1426 investiget?
838 1390 908 1423 Quid
924 1391 996 1426 quod

202 1437 342 1472 aperuisse
358 1436 426 1464 dicit
441 1444 473 1464 os
487 1437 572 1469 illum,
587 1445 665 1472 quem
681 1442 709 1464 tu
728 1437 818 1465 omnis
831 1441 858 1465 et
873 1438 996 1473 corporis

200 1488 351 1518 expertem,
377 1487 404 1510 et
430 1482 521 1518 ﬁgura:
547 1484 694 1518 praedicas;
715 1492 928 1519 sermonemque
956 1485 996 1511 sic

200 1533 331 1564 tanquam
357 1529 537 1563 compositum
563 1529 708 1564 quodpiam
735 1530 836 1556 animal
855 1530 996 1558 edidisse?

1055 241 1100 266 τὸν
1118 240 1264 275 Ἀῤῥητον,
1282 239 1328 266 καὶ
1340 238 1389 274 τὴν
1403 238 1496 274 Σιγὴν,
1505 238 1553 264 καὶ
1567 237 1615 272 τὴν
1638 235 1787 271 Ἀλήθειαν.
1800 234 1846 260 καὶ

1063 286 1237 320 Ἐκκλησίαν,
1258 285 1305 312 καὶ
1320 286 1406 320 Ζωήν.

1094 330 1143 357 ΙΑ’.
1161 330 1253 356 Ταῦτα
1267 329 1299 365 δὴ
1315 330 1385 365 ὑπὲρ
1399 329 1429 355 τὸ
1445 328 1499 356 toﬁ!
1516 329 1563 354 καὶ
1583 328 1613 354 τὸ
1630 327 1680 362 φεῦ
1692 328 1698 354 !
1712 327 1759 353 ml.
1776 325 1846 360 ὑπὲρ

1055 376 1085 402 τὸ
1097 376 1188 402 πᾶσαν
1206 375 1339 411 τραγικὴν
1363 374 1484 409 φώνησιν
1494 375 1501 389 ¹
1517 373 1564 400 καὶ
1579 372 1758 408 σχετλιασμόν
1775 372 1843 397 ἐστι.

1055 422 1103 453 Τίς
1116 421 1170 458 γὰρ
1184 422 1232 448 οὐκ
1245 421 1278 448 ἂν
1298 421 1422 456 μισήσειε
1435 420 1489 446 τῶν
1503 419 1668 454 τηλικούτων
1680 418 1844 453 ψευσμάτων

1054 467 1253 494 κακοσύνθετον
1264 467 1390 503 ποιητὴν,
1405 466 1454 502 τὴν
1466 467 1514 502 μὲν
1538 465 1677 501 Ἀλήθειαν
1688 464 1758 499 ὀρῶν
1773 463 1845 490 εἴδω-

1054 512 1099 539 λον
1116 512 1168 538 ὑπὸ
1183 513 1296 548 Μάρκου
1308 513 1465 546 γεγονυῖαν,
1481 511 1527 538 καὶ
1541 511 1619 537 τοῦτο
1632 511 1687 542 τοῖς
1698 509 1744 536 τοῦ
1759 509 1844 543 ἀλφα-

1054 558 1137 593 δήτου
1156 558 1302 593 γράμμασι
1320 556 1535 591 κατεστιγμὲνην
1548 554 1646 582 νεωστὶ
1659 553 1727 588 πρὸς
1747 553 1778 579 τὸ
1795 552 1842 578 ἀπ’

1054 605 1142 640 ἁρχῆς
1157 603 1225 638 (28),
1238 603 1268 630 τὸ
1282 604 1313 639 δὴ
1325 603 1470 637 λεγόμενον
1484 601 1546 637 χθὲς
1562 601 1608 628 καὶ
1620 600 1729 636 πρώην,
1746 598 1843 633 ’Ἑλλη-

1053 659 1096 682 νες
1107 649 1282 685 ὁμολογοῦσιν
1295 649 1349 676 ἀπὸ
1357 648 1468 683 Κάδμου
1478 646 1584 682 πρῶτον
1595 644 1625 678 ἒξ
1637 645 1684 672 καὶ
1692 645 1757 671 δέκα
1771 651 1843 679 παρ-

1052 697 1192 732 ειληφέναι
1204 706 1210 711 ·
1240 694 1301 723 εἶτα
1320 695 1467 732 μετέπειτα
1490 692 1691 729 προϐαινόντων
1707 691 1761 717 τῶν
1778 690 1842 725 χρό-

1052 753 1105 772 νων
1121 744 1197 771 αὐτοὶ
1210 743 1387 779 ἐξευρηκέναι
1400 741 1465 769 ποτὲ
1482 741 1530 776 μὲν
1540 739 1574 766 τὰ
1587 738 1681 769 δασέα,
1694 737 1757 764 ποτε
1769 736 1842 764 δὲτὰ

1051 790 1144 818 διπλᾶ.
1159 791 1293 825 Ἔσχατον
1308 789 1336 815 δὲ
1351 788 1460 815 πάντων
1477 785 1643 821 Παλαμήδην
1660 783 1727 818 φασὶ
1737 782 1771 809 τὰ
1789 790 1843 817 μαρ

1052 837 1106 872 κρὰ
1120 841 1130 856 ι
1142 836 1246 868 τούτοις
1269 834 1502 871 προστεθεικέναι.
1520 831 1576 867 Πρὸ
1595 830 1642 857 τοῦ
1665 827 1711 856 οὖν
1728 828 1842 862 "eum

1014 879 1035 906 Β
1050 882 1135 909 ταῦτα
1151 881 1288 916 γενέσθαι,
1308 881 1358 907 οὐκ
1371 878 1405 915 ἦν
1424 878 1559 914 Ἀλήθεια.
1578 877 1614 904 Τὸ
1627 877 1682 912 γὰρ
1697 875 1776 910 σῶμα
1790 875 1840 904 αὑ-

1049 927 1099 962 τῆς
1122 927 1193 954 κατὰ
1219 927 1258 959 σὲ,
1279 927 1387 962 Μάρκε,
1411 923 1638 961 μεταγενέστερον
1661 921 1710 956 μὲν
1727 920 1839 955 Κάδμου

1049 973 1097 999 καὶ
1113 973 1166 1000 τῶν
1182 973 1234 1008 πρὸ
1248 971 1342 1003 αὐτοῦ,
1357 970 1584 1006 μεταγενέστερον
1600 968 1628 994 δὲ
1642 967 1695 994 τῶν
1710 967 1744 993 τὰ
1758 965 1841 993 λοιπὰ

1049 1019 1280 1056 προστεθεικότων
1293 1018 1421 1052 στοιχεῖα,
1435 1015 1663 1052 μεταγενέστερον
1679 1013 1707 1040 δὲ
1720 1013 1765 1039 καὶ
1779 1021 1840 1043 σαυ-

1048 1065 1106 1092 τοῦ.
1127 1066 1163 1092 Σὺ
1189 1065 1243 1101 γὰρ
1271 1065 1351 1100 μόνον
1377 1063 1486 1090 εἴδω).ον
1503 1062 1514 1078 ⁸
1533 1062 1689 1097 κατήγαγες
1714 1059 1763 1095 τὴν
1788 1059 1840 1085 ὑπὸ

1049 1111 1096 1138 σοῦ
1123 1111 1273 1146 λεγομένην
1300 1109 1451 1146 Ἀλήθειαν.
1468 1109 1516 1140 Τίς
1536 1108 1558 1135 δ’
1573 1107 1696 1141 ἀνέξεταί
1722 1114 1768 1132 σου
1789 1105 1841 1140 τὴν

1048 1158 1166 1185 τοσαῦτα
1183 1157 1356 1194 φλυαροῦσαν
1380 1156 1473 1191 Σιγὴν,
1488 1155 1505 1191 ἢ
1527 1155 1571 1182 τὸν
1586 1153 1767 1188 ἀνονόμαστον
1782 1151 1840 1178 ὀνο-

1050 1204 1141 1239 μάζει,
1156 1205 1202 1230 καὶ
1220 1204 1266 1230 τὸν
1284 1203 1403 1238 ἄρρητον
1418 1202 1565 1236 ἐξηγεῖται,
1578 1200 1625 1227 καὶ
1633 1199 1677 1226 τδν
1692 1198 1840 1234 ἁνεξιχνίαυ

1049 1259 1111 1278 στον
1141 1250 1290 1286 ein-rapa;
1320 1250 1375 1276 Καὶ
1406 1248 1544 1284 ἠνοιχέναι
1575 1247 1606 1274 τὸ
1636 1246 1723 1282 στόμα
1757 1244 1841 1280 φησὶν

1048 1298 1113 1324 αὐτὸ
1126 1298 1147 1329 ⁸,
1169 1298 1199 1324 ὃν
1217 1297 1362 1332 ἀσώματον
1383 1296 1430 1322 καὶ
1450 1295 1568 1322 ἀνείδεον
1586 1294 1691 1328 λέγεις·
1708 1293 1754 1320 καὶ
1773 1300 1842 1328 προ-

1048 1345 1210 1378 ενέγκασθαι
1224 1344 1311 1378 λόγον,
1325 1343 1364 1375 ὡς
1381 1343 1411 1369 ἓν
1425 1351 1450 1368 τι
1465 1342 1519 1369 τῶν
1534 1341 1668 1368 συνθέτων
1686 1340 1777 1374 ζώων·
1795 1339 1841 1366 τόν

1047 1399 1076 1417 τε
1092 1391 1170 1424 λόγον
1189 1389 1270 1416 αὐτοῦ
1288 1390 1380 1424 ὅμοιον
1393 1388 1457 1415 ὄντα
1473 1387 1511 1423 τῷ
1526 1386 1698 1424 προϐαλόντι,
1715 1386 1760 1412 καὶ
1773 1393 1840 1419 μορ-

1048 1437 1102 1472 φὴν
1120 1437 1167 1463 τοῦ
1182 1437 1298 1472 ἀοράτου
1312 1436 1452 1471 γεγονότα,
1468 1435 1606 1470 στοιχείων
1620 1434 1668 1470 μὲν
1685 1431 1753 1460 εἶναι
1764 1431 1841 1468 τριά-

1048 1493 1141 1515 κοντα,
1159 1483 1299 1510 συλλαϐῶν
1315 1483 1344 1509 δὲ
1359 1482 1518 1518 τεσσάρων;
1536 1482 1633 1508 Ἔσται
1645 1478 1691 1507 οὖν
1708 1479 1778 1506 κατὰ
1791 1478 1840 1513 τὴν

1047 1531 1193 1566 ὁμοιότητα
1216 1530 1265 1556 τοῦ
1283 1530 1369 1564 Λόγου
1384 1530 1399 1556 ὁ
1414 1529 1508 1564 Πατὴρ
1531 1528 1585 1554 τῶν
1606 1527 1726 1558 πάντων,
1743 1525 1780 1557 ὠς
1807 1525 1840 1551 σὺ

200 1576 286 1608 Quem
300 1576 381 1603 etiam
401 1575 560 1603 Sermonem
579 1577 650 1610 ejus,
669 1583 683 1602 a
700 1584 756 1610 quo
773 1576 924 1612 productus
938 1581 991 1609 est,

1050 1578 1111 1613 φῂς,
1131 1576 1271 1612 στοιχείων
1301 1576 1351 1611 μὲν
1377 1576 1536 1611 τριάκοντα,
1565 1573 1704 1601 συλλαϐῶν
1729 1572 1758 1598 δὲ
1782 1579 1842 1598 τεσ-

201 1623 328 1654 similent,
345 1622 514 1658 etligiemque
533 1630 583 1650 nec
598 1623 774 1657 aspectabilis
794 1623 920 1650 Parentis
939 1623 994 1651 ele-

1048 1625 1149 1659 σάρων.

202 1674 352 1696 mentorum
367 1669 487 1703 triginta,
502 1669 666 1705 syllabarum
680 1673 797 1704 quatuor
808 1676 870 1696 esse
882 1669 986 1696 docuit.
1007 1668 1191 1702 Quamobrem
1206 1668 1397 1696 universorum
1416 1674 1514 1702 parens
1529 1666 1584 1698 ille,
1598 1663 1711 1700 perinde
1727 1671 1758 1691 ac
1776 1662 1841 1689 Ser-

201 1723 256 1746 mo,
273 1719 302 1741 ut
325 1715 436 1746 asseris,
462 1715 575 1742 tricenis
598 1715 741 1742 elementis
767 1721 800 1741 ac
819 1714 931 1748 syllabis
946 1719 1063 1749 quatuor
1076 1714 1223 1740 constabit.

235 1761 303 1794 Quis
328 1761 395 1787 illud
421 1769 485 1788 vero
511 1761 646 1796 patienter
675 1760 760 1794 ferat,
786 1761 816 1788 in
838 1760 940 1796 tiguras
963 1769 996 1788 ac

201 1814 340 1839 numeros,
363 1807 430 1834 alias
452 1806 575 1843 triginta,
600 1806 669 1834 alias
693 1814 775 1838 xxiv,
798 1814 996 1841 nonnunquam

201 1860 246 1885 vr,
268 1853 437 1880 conditorem
460 1853 600 1884 omnium,
624 1856 651 1879 et
672 1852 803 1880 artiﬁcem
850 1852 997 1880 fabricato-

201 1906 313 1933 remque
330 1898 375 1926 Dei
404 1898 563 1926 Sermonem
581 1906 596 1925 ιι
620 1903 647 1926 te
661 1899 812 1931 redactum,
832 1903 913 1933 atque
923 1907 998 1926 con—

200 1945 343 1977 strictum;
363 1944 427 1971 dum
449 1944 522 1970 hunc
546 1944 572 1970 in
593 1943 712 1979 syllabas
734 1951 778 1975 Iv,
801 1944 912 1978 triginta
930 1952 995 1971 vero

198 1991 332 2019 elementa
351 1991 491 2019 concidis?
505 1991 557 2023 Qui
577 1990 722 2017 Dominum
747 1991 888 2023 omnium,
907 1998 922 2018 a
939 1999 994 2026 quo

199 2038 324 2065 caelestes
348 2037 387 2064 illi
410 2037 490 2065 orbes
511 2037 617 2064 fundati
644 2041 727 2068 sunt,
753 2037 780 2064 in
804 2045 994 2065 ncccuxxvnt

199 2091 342 2111 numerum
363 2083 491 2116 includis,
509 2083 588 2118 quasi
610 2084 728 2111 similem
750 2083 887 2119 alpltabeti
909 2089 991 2112 natu-

198 2138 256 2156 ram
271 2130 403 2157 obtineat.
420 2129 472 2162 Qui
488 2138 625 2157 sutnmum
641 2130 795 2164 Parcntetn,
812 2139 826 2157 a
843 2139 897 2166 quo
914 2139 991 2158 com-

198 2177 407 2211 prehenduntur
430 2176 520 2203 omnia
543 2183 606 2203 cum
630 2183 644 2202 a
662 2177 771 2204 nemine
791 2177 850 2212 ipse
866 2185 990 2212 compre—

199 2223 344 2255 bendatur,
367 2223 395 2250 in
413 2222 556 2253 tetradem,
573 2223 734 2258 ogdoadem,
758 2222 887 2250 decadem
906 2223 990 2251 dode—

197 2269 346 2303 eademque
362 2269 520 2304 distinguis.
537 2268 645 2303 Quique
664 2268 714 2295 bac
736 2268 935 2303 multiplicandi
957 2269 990 2295 li—

197 2314 286 2340 rentia
304 2314 356 2340 hoc
371 2314 471 2348 ipsum,
489 2314 563 2349 quod
582 2314 610 2341 in
624 2313 705 2342 Patre
718 2322 769 2341 nec
785 2315 916 2350 explicari
929 2323 989 2343 ver-

198 2358 249 2392 bis,
268 2367 319 2386 nec
340 2360 432 2387 animo
456 2360 561 2395 concipi
589 2368 671 2395 posse
696 2361 838 2396 praedicas,
865 2361 989 2389 oratione

197 2405 339 2437 declaras;
356 2409 383 2433 et
401 2414 481 2441 quem
497 2407 622 2441 corporis
636 2411 795 2442 naturmque
812 2407 881 2435 facis
894 2415 991 2442 exper-

199 2455 271 2483 tem,
290 2451 350 2485 ejus
369 2455 396 2478 et
417 2456 543 2479 naturam
561 2457 588 2479 et
610 2453 792 2480 substantiam
809 2454 935 2489 pluribus
956 2463 989 2481 ex

197 2496 287 2527 lineis,
304 2504 420 2531 quarum
444 2498 504 2525 alia:
522 2506 556 2525 ex
582 2499 644 2526 aliis
663 2499 821 2535 gignantur,
847 2508 991 2536 coagmen-

199 2543 250 2570 tari
273 2543 397 2577 disputas
414 2553 420 2571 :
438 2544 465 2571 in
481 2552 536 2579 quo
561 2553 695 2580 suprenne
717 2547 827 2574 virtutis
850 2547 923 2575 illius
939 2547 989 2575 fal-

195 2590 337 2618 sissimum
358 2593 386 2617 te
408 2589 544 2618 Daedalum
571 2599 604 2619 ac
627 2593 776 2627 pessimum
796 2593 988 2621 fabricatorcm

195 2644 258 2664 esse
271 2641 481 2665 eommonstras.
493 2637 543 2671 Qui
551 2639 674 2667 eamdem
683 2640 820 2672 virtutem,
830 2649 911 2676 quam
919 2640 989 2667 indi-

1083 1761 1119 1787 ’Ἡ
1136 1761 1217 1787 πάλιν
1231 1761 1273 1793 τίς
1287 1760 1411 1793 ἀνέξεταί
1442 1768 1488 1786 σου
1505 1759 1545 1791 εἰς
1566 1758 1693 1794 σχήματα
1709 1765 1757 1784 και
1775 1756 1837 1791 ἀρι-

1048 1807 1148 1842 θμοὺς,
1165 1808 1231 1834 ποτὲ
1255 1807 1304 1843 μὲν
1320 1807 1476 1843 τριάκοντα,
1497 1806 1562 1832 ποτὲ
1573 1805 1601 1832 δὲ
1621 1805 1842 1838 εἰκοσιτέσσαρα,

1046 1853 1112 1880 ποτὲ
1127 1853 1153 1880 δὲ
1173 1853 1202 1887 ἒξ
1221 1854 1300 1889 μόνον
1327 1853 1512 1888 συγκλείοντος
1531 1852 1576 1878 τὸν
1588 1851 1642 1878 τῶν
1663 1850 1770 1877 πάντων
1787 1849 1842 1876 κτί-

1049 1907 1124 1934 στην,
1142 1899 1189 1926 καὶ
1208 1899 1385 1935 δημιουργὸν,
1406 1900 1453 1926 καὶ
1467 1898 1582 1934 ποιητὴν
1602 1898 1688 1932 Λόγον
1701 1896 1748 1924 τοῦ
1759 1895 1840 1928 Θεοῦ,

1047 1945 1331 1980 κατακερματίζοντος
1342 1945 1424 1972 αὐτὸν
1434 1946 1474 1978 εἰς
1487 1943 1622 1976 συλλαϐὰς
1633 1943 1682 1979 μὲν
1692 1943 1840 1978 τέσσαρας,

1047 1992 1168 2025 στοιχεῖα
1187 1991 1215 2018 δὲ
1233 1991 1391 2027 τριάκοντα,
1412 1992 1460 2018 καὶ
1482 1991 1527 2017 τὸν
1547 1991 1655 2018 πάντων
1676 1989 1780 2024 Κύριον
1794 1988 1841 2015 τὸν

1045 2037 1231 2073 ὲστερεωκότα
1251 2037 1316 2069 τοὺς
1343 2038 1475 2073 οὐρανοὺς
1501 2038 1541 2070 εἰς
1557 2038 1578 2063 Ω
1594 2037 1617 2063 II
1634 2036 1664 2063 Η¹
1674 2036 1840 2070 κατάγοντας

1044 2083 1172 2118 ἀριθμὸν,
1194 2083 1294 2118 ὁμοίως
1320 2083 1358 2118 τῷ
1391 2083 1540 2119 ἀλφαϐήτῳ
1565 2083 1646 2109 αὐτὸν
1675 2082 1804 2116 γεγονότα
1817 2083 1839 2114 ⁵,

1047 2129 1136 2155 πάντα
1149 2130 1290 2164 χωροῦντα
1305 2130 1424 2165 Πατέρα,
1440 2129 1582 2165 ἁχώρητον
1592 2130 1621 2156 δὲ
1632 2130 1789 2165 ὑπάρχοντα
1799 2129 1840 2160 εἰς

1044 2175 1172 2211 τετράδα,
1190 2177 1236 2202 καὶ
1247 2176 1370 2210 ὀγδοὰδα,
1384 2176 1430 2202 καὶ
1445 2176 1554 2208 δεκάδα,
1567 2176 1612 2202 καὶ
1626 2175 1763 2203 δωδεκάδα
1773 2175 1842 2202 ὑπο-

1046 2222 1202 2258 μερίξοντος
1216 2231 1222 2256 ;
1239 2223 1294 2250 Καὶ
1311 2223 1355 2250 διὰ
1371 2223 1425 2250 τῶν
1444 2223 1571 2250 τοιούτων
1589 2223 1840 2258 πολυπλασιασμῦη

1044 2269 1074 2295 τὺ
1088 2269 1209 2305 ἄρρητον
1225 2269 1272 2296 καὶ
1294 2270 1464 2305 ἀνεννόητον,
1477 2269 1514 2301 ὡς
1531 2271 1563 2296 σὺ
1578 2270 1640 2305 φῂς,
1662 2268 1709 2296 τοῦ
1732 2268 1840 2305 Πατρός

1044 2316 1267 2352 ὲκδιηγουμένου,
1284 2317 1330 2343 καὶ
1346 2316 1374 2343 ὃν
1386 2317 1531 2352 ἀσώματον
1545 2317 1593 2343 καὶ
1605 2315 1730 2343 ἁνούσιον
1740 2315 1842 2350 ὀνομά-

1045 2363 1112 2396 ζεις,
1125 2364 1175 2398 τὴν
1188 2363 1284 2390 τούτου
1297 2363 1391 2390 οὐσίαν
1406 2364 1453 2390 καὶ
1467 2363 1516 2399 τὴν
1529 2363 1679 2390 ὑπόστασιν
1689 2363 1721 2389 ὲκ
1733 2361 1841 2389 πολλῶν

1045 2410 1218 2445 γραμμάτων
1238 2410 1339 2446 ἑτέρων
1364 2410 1394 2442 ἐξ
1422 2410 1523 2445 ἑτέρων
1549 2409 1730 2445 γεννωμένων
1754 2417 1840 2436 κατα-

1046 2455 1198 2488 σκευάζεις,
1215 2455 1296 2488 αὐτὸς
1311 2456 1439 2488 Δαίδαλος
1448 2455 1560 2492 ψευδὴς,
1576 2456 1625 2482 καὶ
1637 2455 1742 2482 τέκτων
1755 2455 1840 2487 κακὸς

1044 2502 1189 2536 γενόμενος
1211 2503 1260 2538 τῆς
1279 2503 1542 2538 προπανυπερτάτου
1566 2501 1718 2537 δυνάμεως,
1738 2501 1786 2528 καὶ
1805 2501 1840 2536 ἦν

1043 2548 1191 2584 ἀμέριστον
1214 2549 1267 2584 φῂς
1283 2547 1354 2576 εἷναι
1379 2551 1418 2581 εἰς
1436 2549 1570 2583 ἀφώνους,
1595 2549 1641 2575 καὶ
1669 2548 1839 2583 φωνήεντας,

1043 2594 1092 2621 καὶ
1107 2594 1263 2630 ἡμιφώνους
1283 2595 1419 2630 φθόγγους
1436 2595 1612 2630 ὺπομερίζων
1625 2595 1656 2621 τὸ
1668 2596 1775 2628 ἄφωνον
1790 2595 1841 2621 αὖα

1043 2641 1098 2668 τῶν
1112 2641 1152 2676 τῷ
1168 2641 1222 2667 τῶν
1239 2641 1348 2668 πάντων
1364 2631 1465 2678 Πατρὶ,
1477 2641 1524 2668 καὶ
1535 2643 1569 2677 τῇ
1584 2641 1631 2668 τοῦ
1648 2641 1710 2668 rio-3
1724 2641 1735 2657 ⁸
1749 2641 1841 2676 ἐννοίᾳ.

233 2715 325 2762 :For.
334 2716 500 2762 :sxcpt‘bvnatm
538 2718 548 2733 ¹
563 2727 607 2753 γρ.
625 2719 722 2762 μικρά.
757 2719 853 2762 '_lren:
869 2720 948 2755 μόνος
981 2722 1021 2754 εἰς
1032 2721 1151 2749 εἴδωλον.
1184 2723 1195 2737 ⁸
1209 2721 1279 2749 lren.
1296 2722 1387 2749 αὐτόν.
1426 2722 1436 2738 ⁵
1451 2721 1522 2750 lren.
1534 2721 1682 2757 ἀλφαεὴτῳ
1695 2721 1839 2756 γεγονότα.

197 2751 255 2778 Καὶ
280 2752 361 2779 αὑτὸν
375 2753 421 2780 τὸν
440 2751 529 2780 πάντα
544 2751 612 2790 χωρ.
626 2751 632 2755 ⁷
650 2755 661 2770 ⁶
677 2751 747 2782 lren.
758 2757 794 2785 τῆ
808 2751 912 2787 τούτου.

234 2828 295 2870 (ᾷβ)
313 2830 431 2870 Νεωστὶ
455 2830 529 2870 πρὸς
563 2831 596 2858 τὸ
620 2831 770 2867 ἀπαρχῆς.
795 2831 855 2860 Vet.
879 2833 995 2870 interprc

1050 2832 1133 2867 egisse
1154 2833 1269 2861 videtur.
1289 2834 1327 2866 ὡς
1342 2833 1373 2862 τὸ
1388 2834 1449 2868 ἀπ..
1473 2833 1522 2862 eod
1541 2841 1576 2862 ne
1589 2834 1630 2862 sic
1643 2833 1752 2870 quidem
1769 2835 1839 2863 satis

195 2864 337 2898 explicata
369 2867 504 2894 sententia
544 2871 605 2901 est,
632 2864 719 2903 quani
735 2864 878 2904 utcunque
900 2864 1104 2904 perpolivimus.
