1952 3045
151 139 203 166 609

449 135 634 164 ADVERSUS
653 136 824 164 llA-IBESES
844 137 907 165 LIB.
929 138 949 164 l.
970 137 1052 166 T031.
1073 137 1117 165 lli.
1138 154 1172 159 —-
1192 137 1328 166 lLERES.
1351 137 1468 167 XXXIV.

1728 138 1783 167 610

153 196 270 233 μωρίαν.
290 194 376 227 ’Ᾱξιοι
390 193 417 220 δὲ
431 193 543 226 πένθους
558 195 582 220 οἰ
596 195 763 230 τηλικαύτην
776 195 942 227 θεοσέἦειαν,

996 196 1129 223 derideas.
1155 195 1207 223 Sed
1241 195 1401 231 deplorandi
1425 197 1604 224 nihilominus
1629 201 1710 229 sunt,
1736 199 1782 232 qui

151 243 198 269 καὶ
212 241 243 267 τὴ
259 240 372 276 μέγεθος
389 240 438 275 τῆς
453 241 573 276 ἀρρήτου
587 240 737 276 δυνάμεως,
756 241 803 268 καὶ
818 242 867 273 τὰς
881 251 942 268 τοσ-

151 287 236 320 αύτας
261 286 416 321 οἰκονομίας
432 286 478 312 τοῦ
498 285 576 317 Θεοῦ,
596 286 641 313 διὰ
655 287 703 313 τοῦ
718 287 816 321 Ἀλφα,
835 288 882 314 καὶ
896 288 942 314 τοῦ

153 334 242 369 Βῆτα,
264 333 310 359 καὶ
326 333 360 358 δι’
373 331 498 368 ἀριθμῶν
513 331 585 358 οὕτω
604 331 715 367 ψυχρῶς
735 332 781 358 καὶ
798 332 944 368 βεϐιασμέ-

153 386 205 410 νως
225 377 411 412 διασύροντες.
434 378 511 404 Ὅσοι
534 377 562 404 δὲ
579 377 743 412 ἀφίστανται
759 377 810 412 τῆς
831 378 944 414 Ἐκκλη-

154 425 225 456 σίας,
248 424 296 450 καὶ
310 423 416 455 τούτοις
441 425 498 456 τοῖς
518 423 654 459 γραώδεσι
676 423 771 458 μύθοις
794 424 942 457 πείθονται,

153 470 262 505 άληθῶς
284 469 520 504 αὺτοκατὰκριτοι·
545 469 591 502 οὒς
612 470 626 496 ὀ
648 469 751 502 Παῦλος
768 469 944 504 ὲγκελεῦεται

153 517 221 551 ἡμῖν
234 515 303 550 μετὰ
315 515 379 551 μίαν
391 517 436 542 καὶ
448 516 577 552 δευτέραν
590 517 730 544 νουθεσίαν
741 517 942 552 παραιτεῖσθαι.

160 561 286 596 Ἰωάννης
299 560 327 586 δὲ
342 561 356 587 ὀ
370 561 415 587 τοῦ
430 561 533 596 Κυρίου
552 561 675 597 μαθητὴς
695 561 815 588 ἐπέτεινε
830 562 878 597 τὴν
895 571 945 588 κα-

154 607 266 642 ταδίκην
283 607 382 639 αὐτῶν,
401 607 469 643 μηδὲ
488 607 594 643 χαίρειν
608 608 700 639 αὐτοῖς
716 608 760 641 ὑφ’
776 607 852 642 ὑμῶν
869 608 945 642 λέγε-

156 654 218 681 σθαι
232 653 384 689 βουληθείς.
400 654 427 680 Ὀ
440 654 493 689 γὰρ
503 654 601 688 λέγων
614 654 726 686 αὐτοῖς,
739 654 815 689 φησι,
830 654 946 688 χαίρειν

154 699 294 726 κοινωνεῖ
311 699 374 732 τοῖς
393 699 493 734 ἔργοις
513 699 612 727 αὐτῶν
630 699 693 732 τοῖς
714 699 865 732 πονηροῖς.
891 699 945 726 Καὶ

155 745 278 776 εἰκότως.
295 746 356 771 Οὐκ
368 746 434 772 ἐστι
451 746 506 780 γὰρ
518 746 633 780 χαῲειν
647 745 709 778 τοῖς
722 745 855 777 ἀσεϐέσι,
871 745 944 780 λέγει

155 791 268 826 Κύριος.
291 791 413 822 Ἀσεόεῖς
432 791 460 817 δὲ
481 792 550 827 ὑπὲρ
574 792 663 817 πᾶσαν
683 790 808 817 ἀσέϐειαν
824 787 905 823 οὗτοι,
921 793 945 818 οἱ

155 837 201 864 τὸν
218 837 334 873 ποιητὴν
349 837 464 873 οὐρανοῦ
480 837 526 864 καὶ
544 838 595 872 γῆς
617 837 695 873 μόνον
710 837 775 864 Θεὸν
790 837 944 873 παντοκρά-

995 247 1049 268 tam
1067 245 1272 269 sacrosanctam
1285 243 1455 277 religionem,
1472 251 1590 278 vereque
1602 243 1782 278 inexplicabi-

995 287 1028 314 lis
1044 287 1172 322 potentite
1188 286 1414 321 magnitudinem.
1434 291 1535 314 tantam
1559 287 1676 321 denique
1698 287 1782 314 divini

994 331 1119 358 Numinis
1136 331 1335 366 providentiam
1357 340 1405 366 per
1420 332 1484 359 illud
1505 340 1585 359 suum
1603 332 1693 367 alpha,
1709 332 1782 364 beta,

995 381 1163 413 easterosquc
1183 385 1313 405 numeros
1333 382 1388 404 tam
1410 378 1507 412 frigide
1524 378 1712 413 violenterque
1730 382 1784 404 tra-

996 424 1106 451 ducant.
1123 424 1162 450 Ac
1182 424 1339 459 quicunque
1357 433 1386 452 se
1399 424 1481 460 248
1496 425 1530 451 ab
1550 424 1672 451 Ecclesia
1691 431 1784 459 segre—

996 474 1071 505 gant,
1086 474 1115 496 ut
1134 470 1167 497 ad
1183 470 1270 498 aniles
1283 470 1366 498 hasce
1382 471 1488 498 fabulas
1506 471 1703 502 adlizereseant,
1717 477 1784 497 sane

996 515 1156 550 suometipsi
1172 516 1276 550 judicio
1296 516 1416 543 damnati
1437 521 1521 543 sunt:
1537 524 1606 550 quos
1632 515 1782 542 secundum

995 569 1076 588 unam
1103 562 1272 597 alteramque
1298 563 1499 598 eorreptionetn
1535 562 1654 590 devitarc
1682 561 1783 589 Paulus

996 605 1122 633 hortatus
1142 605 1337 634 esthJoannes
1353 615 1417 634 vero
1434 606 1536 633 Christi
1557 607 1708 641 discipulus
1730 614 1785 632 ina-

993 651 1053 686 jore
1076 652 1138 679 illos
1170 659 1249 686 poena
1278 652 1479 683 condemnavit,
1508 660 1570 679 cuin
1605 661 1638 679 ne
1667 653 1782 680 salutari

996 698 1103 732 quidem
1125 706 1138 724 a
1153 698 1233 725 nobis
1252 698 1380 733 patiatur.
1397 698 1447 730 Qui
1458 699 1538 730 enim,
1551 698 1650 733 inquit,
1666 706 1712 725 ure
1727 698 1783 724 illis

996 743 1111 776 dixerit,
1137 744 1313 770 communicat
1344 743 1465 778 operibus
1495 743 1601 770 illarum
1627 743 1750 778 malignis
1760 743 1782 770 ⁵.

995 789 1093 817 Merito
1111 796 1187 817 sane.
1210 789 1300 824 Neque
1313 789 1382 816 enim
1397 797 1450 823 pax
1467 794 1505 816 est
1527 789 1626 823 impiis,
1643 788 1710 815 dicit
1732 787 1785 815 Do.

996 835 1088 862 minus
1099 835 1120 861 ⁵.
1143 834 1178 861 At
1199 834 1315 861 istorum
1337 834 1464 869 impietas
1485 834 1651 869 impietatem
1675 841 1783 861 omnem

155 891 234 919 τορα,
249 883 318 919 ὑπὲρ
330 883 358 908 ὂν
372 882 451 914 ἄλλος
466 883 532 915 Θεὸς
544 884 594 910 οὐκ
607 883 691 915 ἔστιν,
708 883 737 916 ἐξ
748 884 944 919 ὑστερήματος,

998 884 1109 914 superat
1124 889 1130 907 :
1144 881 1190 915 qui
1205 880 1266 907 cceli
1283 884 1416 914 terraeque
1431 880 1634 912 fabricatorem,
1650 887 1682 906 ac
1695 880 1782 907 solutn

157 929 206 955 καὶ
226 928 308 955 αὑτοῦ
327 929 357 960 ἐξ
371 928 451 955 ἄλλου
467 929 657 965 ὑστερήματος
671 929 824 963 γεγονότος,
846 929 946 965 προϐε-

157 973 273 1008 ϐλῆσθαι
284 973 418 1008 λέγοντες·
433 974 504 1000 ὥστε
520 975 580 1001 κατ’
595 974 694 1006 αὐτοὺς
705 973 774 1001 εἶναι
786 975 868 1002 αὐτὸν
881 984 946 1011 προ-

157 1019 237 1055 ϐολὴν
250 1020 342 1055 τρίτου
355 1020 554 1056 ὑστερήματος.
576 1021 626 1047 Ἦν
642 1019 754 1056 γνώμην
769 1020 852 1052 ὅντως
867 1029 947 1047 κατα-

156 1066 340 1100 φυσήσαντας,
355 1066 401 1091 καὶ
418 1065 702 1100 καταθεματίσαντας,
713 1065 772 1092 δέον
785 1066 879 1101 πόρρω
895 1075 945 1092 που

158 1111 267 1146 μακρὰν
292 1112 387 1146 φυγεῖν
411 1111 459 1137 ἀπ’
477 1111 583 1143 αὐτῶν,
607 1111 653 1138 καὶ
716 1110 796 1137 πλέον
813 1111 946 1146 διισχυρί-

156 1156 258 1188 ζονται.
274 1157 321 1184 καὶ
338 1157 479 1192 χαίρουσιν
495 1157 540 1183 ἐπὶ
557 1158 612 1188 τοῖς
626 1157 832 1192 παρευρὲμασιν
846 1157 945 1189 αὐτῶν,

155 1201 242 1238 ταύτῃ
256 1203 355 1237 μᾶλλον
373 1203 471 1229 εἰδέναι
487 1203 569 1229 πλέον
586 1203 684 1234 αὐτοὺς
703 1203 874 1238 ἐνεργεῖσθαι
894 1203 947 1230 ὑπὸ

155 1247 206 1282 τῆς
222 1247 346 1282 ὀγδοάδος
362 1248 415 1275 τῶν
438 1248 564 1284 πονηρῶν
584 1249 758 1283 πνευμάτων·
777 1248 903 1284 καθάπερ
922 1250 946 1276 οἱ

156 1293 196 1324 εἰς
212 1293 350 1329 φρενίτιδα
365 1294 486 1321 διάθεσιν
503 1294 679 1330 ἐμπεσόντες,
736 1293 817 1320 πλέον
835 1294 945 1327 γελῶσι,

157 1340 204 1366 καὶ
216 1339 317 1374 ἰσχύειν
328 1340 463 1372 δοκοῦσιν,
475 1340 523 1367 καὶ
533 1340 571 1372 ὠς
584 1339 752 1374 ὑγιαίνοντες
764 1340 852 1366 πάντα
864 1339 947 1376 πράτ-

156 1393 244 1418 τουσι,
263 1385 322 1412 ἔνια
337 1386 366 1413 δὲ
384 1387 433 1413 καὶ
448 1386 518 1422 ὑπὲρ
535 1386 565 1413 τὸ
581 1386 724 1420 ὑγιαίνειν⁷
745 1386 832 1422 ταύτῃ
847 1386 947 1421 μᾶλλον

157 1431 250 1462 κακῶς
259 1432 377 1466 ἔχουσιν.
397 1432 513 1467 Ὁμοίως
523 1432 551 1459 δὲ
562 1433 610 1459 καὶ
626 1428 738 1468 οὗτοι,ᾖ
752 1432 850 1466 μᾶλλον
864 1432 948 1468 ὑπερ-

156 1476 265 1510 φρονεῖν
281 1476 400 1509 δοκοῦσι,
425 1477 471 1503 καὶ
493 1476 695 1512 ὲκνευρίζουσιν
715 1476 839 1510 ἑαυτοὺς,
862 1477 947 1513 ὑπέρ-

155 1528 219 1547 τονα
244 1521 414 1554 τοξεύοντες,
446 1521 532 1558 ταύτῃ
561 1522 661 1558 μᾶλλον
689 1524 720 1550 οὺ
751 1523 945 1560 σωφρονοῦσιν.

130 1591 132 1594 .
156 1565 284 1617 ἱΕξελθὺν
307 1567 361 1603 γὰρ
383 1568 413 1594 τὸ
434 1567 591 1604 ἀκάθαρτον
614 1569 723 1604 πνεῦμα
748 1570 798 1604 τῆς
823 1569 944 1603 ἀγνοίας,
960 1586 982 1617 c

155 1612 250 1640 ἔπειτα
266 1614 445 1650 σχολάζοντας
465 1616 566 1648 αὐτοὺς
581 1617 611 1643 οὺ
627 1617 697 1652 Θεῷ,
721 1617 789 1645 ἀλλὰ
800 1620 946 1653 κοσμικαῖς

154 1659 300 1694 ζητήσεσιν
323 1660 413 1696 εὐρὺν,
438 1662 670 1697 προσπαραλαϐὺν
695 1663 777 1699 ἕτερα
803 1663 946 1698 πνεύματα

153 1705 225 1732 ἑπτὰ
241 1707 410 1743 πονηρότερα
427 1708 537 1740 ἑαυτοῦ,
562 1708 608 1735 καὶ
627 1709 770 1744 χαυνῶσαν
788 1709 878 1736 αὐτῶν
897 1709 945 1745 τὴν

154 1751 277 1787 γνώμην,
291 1752 330 1784 ὡς
343 1753 499 1788 δυναμένων
510 1753 543 1780 τὰ
558 1754 628 1790 ὑπὲρ
639 1754 684 1781 τὸν
698 1755 763 1782 Θεὸν
776 1756 886 1788 ἐννοεῖν,
899 1756 946 1782 καὶ

154 1797 308 1834 ἐπιτήδειον
330 1800 371 1831 είς
392 1800 608 1835 ὑπερέκκρουσιν
621 1801 629 1816 ¹
651 1801 873 1833 κατασκευάσαν,
895 1801 944 1836 τὴν

153 1841 267 1876 ὁγδοάδα
289 1843 340 1878 τῆς
362 1844 476 1876 ἀνοίας¹
489 1845 544 1872 τῶν
570 1845 697 1881 πονηρῶν
722 1846 886 1882 πνευμάτων
906 1847 946 1878 εις

154 1887 253 1921 αὐτοὺς
268 1890 432 1925 ἐνεθήκωσε.
447 1909 453 1915 .

190 2029 238 2056 ΙΔ’.
258 2029 438 2065 Βούλομαιδὲ
467 2039 509 2057 σοι
541 2031 589 2057 καὶ
615 2031 652 2063 ὡς
681 2031 765 2067 αὐτὴν
791 2031 841 2067 τὴν
856 2031 944 2058 κτίσιν

155 2075 214 2101 κατ’
228 2075 321 2102 εἰκόνα
345 2075 399 2102 τῶν
423 2076 547 2115 ἀοράτῳν
566 2077 618 2103 ὑπὸ
632 2076 680 2104 τοῦ
699 2077 869 2113 Δημιουργοῦ
882 2097 890 2108 ,
907 2077 945 2110 ὡς

155 2119 314 2153 ἀγνοοῦντος
334 2120 433 2152 αὐτοῦ,
455 2121 672 2149 κατεσκευάσθαι
695 2122 739 2149 διὰ
761 2122 812 2158 τῆς
834 2123 944 2158 Μητρὸς

155 2164 278 2199 λέγουσι,
311 2165 501 2201 διηγήσασθαι.
531 2167 642 2203 Πρῶτον
674 2167 723 2203 μὲν
754 2168 788 2194 τὰ
825 2168 944 2203 τέσσαρα

156 2211 277 2246 στοιχεῖά
301 2220 378 2246 φασι,
399 2211 465 2247 πῦρ,
489 2212 569 2248 ὕδωρ,
589 2214 652 2248 γῆν,
670 2213 749 2249 ἀέρα,
765 2213 856 2241 εἰκόνα
876 2222 943 2249 προ-

997 927 1209 961 omnipotentem
1229 925 1324 958 Deum,
1346 933 1428 961 supra
1446 934 1525 961 quem
1545 926 1635 953 nullus
1652 925 1722 953 alius
1741 929 1785 952 est

997 971 1080 1003 Deus,
1100 979 1134 999 ex
1154 971 1272 1005 defectu,
1296 971 1340 1006 qui
1362 975 1389 998 et
1410 972 1465 1005 ipse
1480 979 1512 998 ex
1532 971 1585 999 alio
1600 972 1726 999 sitortus
1737 971 1786 998 dea

997 1017 1085 1049 fectu,
1109 1017 1260 1044 derivatum
1288 1017 1460 1049 existimanti,
1485 1021 1514 1043 ut
1538 1025 1572 1044 ex
1597 1017 1704 1044 illorum
1727 1017 1786 1051 opi-

997 1063 1080 1091 nione
1095 1063 1177 1090 tertio
1189 1063 1306 1097 quodain
1322 1070 1354 1090 ex
1371 1063 1476 1098 defectu
1493 1063 1635 1098 prodierit.
1651 1062 1709 1096 Qua
1725 1063 1786 1097 qui-

996 1107 1058 1135 dem
1073 1108 1184 1142 explosa
1201 1108 1382 1142 damnataque
1399 1108 1534 1135 sententia
1545 1127 1552 1139 ,
1571 1108 1665 1142 procul
1683 1107 1717 1134 ab
1732 1107 1785 1134 illis

997 1154 1155 1189 fugiendum
1171 1158 1214 1181 est
1230 1163 1236 1180 :
1253 1161 1285 1180 ac
1305 1158 1408 1188 quanto
1428 1158 1492 1181 sunt
1509 1154 1536 1180 in
1557 1161 1650 1180 errore
1666 1153 1787 1187 pertina—

997 1199 1096 1231 ciores,
1113 1199 1287 1234 inventisque
1302 1199 1428 1233 pessimis
1444 1199 1595 1234 impensius
1605 1199 1784 1231 delectantur,

996 1248 1073 1271 tanto
1088 1252 1135 1272 eos
1152 1245 1238 1278 magis
1255 1244 1403 1279 putandum
1420 1249 1462 1272 est
1477 1245 1510 1271 ab
1526 1245 1785 1272 scelestissimoruin

996 1289 1148 1316 diemonum
1169 1289 1296 1324 Ogdoade
1309 1289 1453 1316 concitari.
1470 1288 1513 1316 Uti
1531 1289 1696 1324 phreneticis
1712 1290 1786 1316 accl-

997 1335 1046 1366 dit,
1059 1335 1105 1370 qui
1120 1342 1174 1370 quo
1187 1335 1304 1370 amplius
1319 1334 1418 1367 rident,
1437 1342 1468 1361 ac
1485 1339 1579 1370 vegeto
1593 1343 1654 1362 esse
1672 1342 1787 1370 corpore

996 1380 1133 1412 videntur,
1155 1379 1300 1414 omniaque
1318 1387 1367 1407 ceu
1386 1379 1507 1407 valentes
1526 1387 1559 1406 ac
1577 1381 1648 1413 sani,
1669 1388 1701 1407 ac
1718 1387 1786 1407 non-

997 1426 1069 1453 nulla
1085 1426 1166 1453 etiatn
1184 1426 1336 1461 aliquanto,
1353 1433 1434 1461 quam
1452 1426 1474 1453 si
1507 1428 1566 1453 sani
1583 1431 1686 1458 essent,
1706 1427 1786 1454 robu-

997 1472 1066 1500 stius
1086 1476 1195 1507 gerunt,
1217 1480 1249 1499 eo
1257 1479 1318 1499 sese
1332 1472 1453 1500 deterius
1471 1473 1580 1500 habent.
1597 1472 1727 1500 Similiter
1741 1474 1786 1501 isti

997 1526 1051 1553 quo
1066 1518 1254 1545 vehementius
1268 1526 1364 1554 sapere
1378 1519 1512 1547 videntur.
1526 1527 1610 1554 seque
1624 1519 1698 1554 ipsos
1711 1528 1787 1548 ener—

997 1567 1072 1595 vant,
1089 1563 1154 1591 dum
1169 1564 1274 1592 intento
1289 1565 1362 1592 velut
1381 1565 1470 1593 acrius
1491 1573 1556 1592 arcu
1577 1566 1691 1600 sagittas
1707 1567 1788 1593 emit-

998 1612 1068 1641 tunt,
1084 1617 1116 1637 eo
1132 1609 1236 1644 majore
1254 1610 1366 1638 vesania
1386 1614 1523 1638 tenentur.
1545 1611 1671 1647 impurus
1687 1612 1788 1647 quippe

996 1655 1158 1690 ignorantiae
1172 1656 1286 1690 spiritus
1296 1656 1442 1692 egrediens
1453 1677 1460 1689 ,
1476 1664 1578 1692 eosque
1591 1665 1645 1684 non
1660 1657 1725 1691 Deo,
1739 1658 1787 1686 sed

996 1701 1119 1736 profanis
1141 1702 1339 1736 quastionibus
1361 1702 1516 1737 implicatos
1549 1704 1689 1738 reperiens
1707 1724 1714 1736 ,
1740 1704 1788 1730 ad-

995 1746 1090 1774 hiltitis
1110 1751 1213 1781 septem
1227 1747 1288 1775 aliis
1299 1748 1388 1782 seipso
1404 1748 1584 1783 nequioribus
1594 1749 1614 1780 ⁷,
1636 1749 1789 1784 intlatisque

995 1798 1065 1818 vana
1089 1792 1268 1826 persuasione
1288 1791 1397 1819 illorum
1420 1793 1530 1824 animis,
1546 1793 1624 1828 quasi
1644 1793 1685 1820 vel
1705 1801 1788 1828 supra

997 1835 1080 1863 Deum
1103 1837 1192 1872 ipsum
1218 1837 1342 1864 attollere
1366 1845 1396 1865 se
1417 1838 1573 1872 cognitione
1595 1839 1715 1873 possint;
1742 1839 1787 1866 ubi

996 1881 1110 1910 idoneos
1129 1887 1355 1918 opportunosque
1373 1883 1518 1911 fraudibus
1543 1884 1600 1912 suis
1627 1884 1788 1919 reddiderit,

995 1927 1141 1962 quamdam
1157 1928 1317 1957 stoliditatis
1331 1929 1516 1965 improborum
1527 1930 1671 1964 spirituum
1679 1929 1772 1965 Ogdoa
1780 1945 1789 1950 -

995 1973 1056 2000 dem
1075 1974 1102 2000 in
1120 1973 1182 2002 illos
1199 1974 1331 2001 immittit.

1030 2031 1100 2059 XIV.
1120 2032 1177 2067 Age
1192 2040 1255 2060 vero
1272 2033 1338 2060 illud
1357 2033 1470 2067 insuper
1488 2041 1670 2069 exponamus,
1691 2041 1788 2068 quem-

994 2077 1139 2104 admodum
1153 2083 1258 2105 creatas
1273 2085 1317 2106 res
1331 2085 1426 2106 omnes
1447 2078 1480 2105 ad
1499 2086 1605 2110 eorum,
1622 2086 1684 2113 quie
1699 2078 1787 2105 videri

995 2127 1145 2158 nequeunt,
1163 2123 1368 2150 similitudinem
1388 2131 1402 2149 a
1421 2123 1564 2150 conditOre
1580 2124 1619 2150 sic
1637 2123 1789 2158 productas‘

994 2172 1131 2201 asseraut,
1155 2173 1185 2196 ut
1209 2176 1242 2196 eo
1265 2168 1331 2204 quid
1355 2172 1446 2203 ageret
1470 2169 1620 2200 nesciente.
1650 2167 1787 2196 beneﬁcio

995 2213 1089 2242 Matris
1104 2214 1270 2242 exstiterint.
1290 2214 1429 2249 Principio
1442 2214 1578 2242 elementa
1593 2214 1639 2241 illa
1657 2217 1786 2248 quatuor,

156 2257 301 2293 ϐεϐλῆσθαι
317 2258 366 2293 τῆς
382 2258 439 2285 ἄνω
457 2258 569 2295 πρώτης
590 2259 734 2295 Τετράδος.
750 2260 806 2291 Τάς
821 2269 850 2286 τε
869 2261 944 2295 ἐνερ-

996 2261 1096 2295 ignem,
1112 2268 1222 2295 aquam,
1243 2265 1355 2292 terram,
1376 2268 1478 2292 aerem,
1495 2259 1529 2287 ad
1547 2267 1660 2287 summa:
1677 2259 1787 2295 primae-

155 2304 232 2338 γείας
251 2303 339 2330 αὐτῶν
367 2303 635 2340 συναριθμουμένας,
655 2302 710 2340 οἷον
730 2304 830 2340 θερμόν
847 2313 877 2331 τε
896 2305 943 2331 καὶ

155 2350 268 2385 ψυχρὸν,
286 2349 367 2385 ξηρόν
389 2359 419 2376 τε
446 2350 493 2376 καὶ¹
511 2350 603 2387 ὑγρὸν,
626 2350 748 2385 ἀκριϐῶς
771 2350 944 2383 ἐξεικονίζειν

154 2396 205 2431 τὴν
231 2395 369 2430 Ὀγδοάδα.
396 2395 475 2431 Ἑξῆς
495 2396 560 2423 δέκα
581 2396 710 2431 δυνάμεις
735 2395 805 2422 οὕτω
829 2404 939 2431 καταρι-

155 2440 279 2476 θμοῦσιν,
298 2442 368 2469 ἑπτά
383 2442 432 2476 μὲν
452 2441 595 2477 σωματικὰ
607 2442 616 2457 ³
631 2441 784 2476 κυκλοειδῆ.
805 2441 823 2469 ἃ
841 2442 888 2468 καὶ
901 2442 946 2468 οὺ-

157 2488 253 2521 ρανοὺς
268 2487 405 2514 καλοῦσιν·
424 2487 519 2514 ἔπειτα
533 2488 579 2513 τὸν
596 2487 768 2523 περιεκτικδν
785 2487 874 2514 αὐτῶν
893 2487 944 2514 κύ-

155 2533 229 2566 κλον,
243 2533 273 2561 ὃν
286 2534 332 2560 καὶ
344 2533 435 2568 ὃγδοον
446 2533 560 2568 οὐρανὸν
571 2532 744 2568 ὀνομάζουσι’
757 2533 824 2567 πρὸς
836 2533 865 2559 δὲ
877 2532 941 2559 τού-

153 2588 211 2611 τοις
235 2579 310 2614 ἥλιόν
331 2588 362 2606 τε
384 2580 433 2606 καὶ
454 2578 578 2614 σελήνην.
600 2578 702 2610 Ταῦτα,
723 2578 791 2605 δέκα
810 2578 875 2605 ὄντα
895 2578 942 2606 τὸν

154 2626 281 2662 ἀριθμὸν,
303 2626 410 2657 εἰκόνας
424 2625 548 2659 λέγουσιν
564 2623 632 2651 εἶναι
649 2625 699 2660 τῆς
710 2616 832 2660 λάοράτου
855 2625 942 2651 Δεκά-

153 2671 198 2703 δος
215 2672 265 2707 τῆς
283 2671 336 2698 ἀπὸ
357 2671 444 2705 Λόγου
461 2671 508 2698 καὶ
525 2670 601 2705 Ζωῆς
625 2670 819 2706 προελθούσης·
841 2670 891 2707 τὴν
913 2670 942 2697 δὲ

154 2718 292 2748 δωδεκάδα
312 2717 461 2753 μηνύεσθαι
475 2716 520 2744 διὰ
535 2716 582 2744 τοῦ
595 2716 728 2749 ζωδιακοῦ
743 2716 790 2743 τοῦ
804 2716 940 2752 καλουμέ-

192 2806 276 2843 ‘AFor.
294 2807 485 2843 ὑπέκκρουσιν.
524 2808 534 2823 ²
547 2806 617 2835 lren.
638 2807 756 2842 ἀγνοίας.

157 2842 166 2858 ⁷
181 2841 274 2871 Matth.
293 2850 341 2873 nt.
354 2841 398 2871 ις.

797 2808 807 2823 ³
820 2806 890 2835 lren.
906 2807 1028 2843 σώματα.

994 2312 1048 2340 que
1061 2304 1188 2332 Tetradis
1202 2305 1316 2340 eﬂigiem
1338 2312 1400 2333 esse
1411 2307 1559 2333 constituta
1574 2311 1695 2332 narrant.
1710 2304 1786 2338 Quo-

994 2358 1055 2377 rum
1073 2350 1105 2377 ad
1126 2351 1261 2385 agendum
1280 2351 1471 2382 elﬁcacitales,
1495 2355 1559 2386 puta
1580 2351 1716 2383 calorem,
1739 2351 1788 2377 tri-

995 2404 1057 2431 gus,
1081 2396 1241 2427 siccitatem,
1265 2401 1292 2424 et
1320 2397 1474 2428 humorem,
1501 2402 1626 2424 exactam
1650 2397 1788 2432 Ogdoadis

996 2443 1142 2477 imaginem
1165 2443 1277 2470 referre.
1297 2442 1366 2470 Tum
1386 2443 1479 2471 decem
1500 2443 1552 2471 hoc
1571 2444 1652 2471 modo
1673 2445 1788 2473 virtutes

996 2491 1169 2516 enumerant.
1185 2488 1307 2515 Primum
1321 2493 1426 2524 septem
1440 2496 1588 2524 corporeos
1598 2491 1688 2522 orbes.
1705 2491 1788 2527 249

994 2541 1065 2568 quos
1084 2533 1170 2561 caelos
1189 2533 1337 2568 appellant.
1358 2533 1462 2561 Deinde
1482 2534 1614 2569 majorem
1630 2535 1707 2562 illum
1722 2536 1786 2563 reli-

995 2586 1066 2614 quos
1080 2578 1256 2612 ambientem,
1272 2579 1345 2614 quod
1365 2584 1491 2608 octavum
1511 2581 1610 2608 cmlum
1631 2581 1787 2609 nominant.

995 2624 1128 2652 Praeterea
1144 2625 1230 2652 solem
1246 2629 1273 2652 et
1287 2625 1390 2652 lunam.
1407 2625 1472 2658 Quae
1485 2627 1576 2653 omnia
1590 2626 1704 2653 denario
1717 2634 1787 2654 com-

993 2670 1129 2705 prehensa
1143 2678 1258 2698 numero
1273 2670 1388 2698 Decadis
1404 2671 1488 2706 illius,
1503 2679 1563 2706 quae
1576 2679 1592 2699 a
1608 2670 1699 2698 Verbo
1711 2671 1788 2697 Vita-

993 2724 1047 2752 que
1065 2724 1118 2745 nec
1136 2716 1313 2752 aspectabilis
1327 2716 1467 2752 proﬂuxit,
1489 2716 1604 2751 ﬁguram
1623 2723 1685 2744 esse
1705 2716 1788 2743 dicti-

1080 2809 1090 2825 ⁸
1110 2808 1163 2836 Tit.
1179 2816 1223 2843 iit,
1240 2809 1283 2837 10.
1322 2809 1332 2826 ⁸
1350 2808 1371 2836 ll
1386 2807 1464 2836 Joan.
1485 2808 1527 2835 ll.
1567 2807 1643 2834 'lsa.
1662 2815 1727 2839 LVII,
1740 2807 1785 2836 2L
