1952 3045
171 125 219 153 6H

870 127 902 154 S.
918 126 1089 153 ΕΡΙΡΗᾹΝΙΙ

1744 122 1794 152 6ίὶ

171 188 240 210 tant.
271 183 339 210 Nam
373 183 544 212 Dodccadem
570 184 641 211 orbe
673 184 719 211 illo
749 183 882 219 signifero
913 184 959 211 de-

1012 193 1057 211 vou
1077 184 1187 211 κύκλου.
1205 184 1245 211 Τὰ
1260 184 1315 220 γὰρ
1329 184 1432 210 δώδεκα
1453 183 1536 215 (dicit:
1555 191 1734 219 φανερωτατα
1747 182 1796 217 τὴν

170 230 338 257 monstrari:
353 231 426 265 quod
446 230 590 258 duodecim
605 230 633 257 in
647 238 680 257 eo
695 231 771 264 signa
790 229 959 257 manifestis-

170 275 240 302 sime
256 275 329 302 illam
345 275 470 303 Hominis
487 275 670 310 Ecclesizeque
686 275 768 302 filiam
789 274 959 302 Dodecadem

170 321 334 355 exprimam.
358 320 492 353 Quoniam
521 326 611 348 autem
632 320 664 347 ad
692 320 959 348 vehementissimam

171 366 248 393 illum
271 367 458 394 universitatis
482 366 612 401 impetum
637 364 833 393 moderandum
854 373 886 392 ex
911 366 959 392 ad-

170 419 251 438 verso
271 410 409 439 Saturnus
429 412 576 446 adjunctus
595 415 654 443 est.
671 411 718 446 qui
738 411 878 438 immensze
896 411 960 437 moli

171 457 312 491 proximus
326 457 499 492 rapiditatem
510 457 584 484 illam
599 457 714 487 inhibet,
725 463 758 483 ac
770 464 819 483 sua
833 457 960 484 tarditate

171 505 338 536 compensat,
351 502 390 528 sic
407 506 435 528 ut
451 510 585 530 annorum
602 501 712 536 triginta
729 502 818 536 spatio
829 510 842 528 a
859 506 960 537 puncto

171 547 205 574 ad
219 551 349 582 punctum
365 548 473 575 rediens
484 549 615 575 circuitus
627 555 692 575 suos
709 547 842 579 absolvat,
859 548 884 574 id
898 548 960 582 qui-

171 592 231 619 dem
248 592 320 620 llorn
336 593 450 620 miriﬁce
470 601 630 628 congruere,
643 594 689 628 qui
706 593 828 628 ipsorum
845 600 960 622 matrem

171 639 283 674 triginta
301 639 442 666 vocabulis
459 639 618 674 insignitam
635 639 837 674 complectitur.

205 694 246 720 Ad
261 694 317 721 haec
334 695 436 726 lunam,
451 702 511 729 qum
526 695 636 730 triginta
658 695 754 722 diebus
769 696 864 723 orbem
877 704 957 723 suum

169 740 289 771 conficit,
306 740 357 767 hoc
379 741 438 775 ipso
463 748 577 768 numero
599 741 702 769 {Eones
720 742 883 770 adumbrare
896 743 959 770 toti-

170 785 243 813 dem.
265 785 356 813 Solem
373 794 437 814 vero
452 787 586 814 duodenis
606 788 835 815 circumvolutum
861 789 960 816 mensi-

169 831 232 864 bus,
246 832 496 866 conversionesque
516 840 581 860 suas
602 839 635 859 eo
650 832 794 859 intervallo
808 834 959 860 terminan-

170 881 237 909 tem.
255 878 352 904 horum
375 885 488 905 numero
504 878 639 905 mensium
661 877 831 905 Dodecadem
846 877 956 905 referre.

170 921 233 949 Dies
254 930 337 957 porro
356 922 499 949 duodecim
518 923 647 949 horarum
669 922 757 957 spatio
774 923 901 950 definitos
921 923 958 949 si-

169 968 321 995 mulacrum
338 968 472 1002 quoddam
501 967 598 994 lucida:
624 967 698 994 illius
712 975 774 995 esse
798 967 959 995 Dodecadis.

173 1013 250 1040 Velut
269 1014 347 1045 hora,
364 1021 424 1047 quae
440 1012 602 1040 duodecima
613 1013 665 1040 diei
681 1020 744 1047 pars
767 1017 810 1041 est
821 1035 828 1045 ,
846 1014 960 1041 tricenis

169 1064 211 1088 est
224 1060 357 1086 instructa
372 1058 506 1093 partibus,
521 1065 582 1092 qum
593 1057 744 1085 Tricenarii
755 1058 959 1085 similitudinem

169 1109 279 1140 gerunt.
305 1104 377 1137 Quin
402 1104 485 1131 etiam
509 1103 631 1138 signiferi
647 1104 719 1130 illius
735 1104 810 1131 orbis
828 1105 959 1132 ambitum

170 1151 295 1186 partibus
321 1154 449 1177 constare
472 1155 568 1175 ccctx.
591 1147 657 1174 Nam
679 1149 893 1184 unumquodque
919 1150 958 1177 si-

169 1204 252 1232 gnum
276 1204 330 1223 xxx
357 1195 559 1229 complectitur.
585 1195 623 1222 ita
641 1196 668 1222 in
685 1195 737 1223 hoc
752 1197 834 1222 etiam
853 1196 959 1222 circulo

170 1245 305 1270 servatam
322 1249 383 1269 esse
396 1241 491 1268 dicunt
509 1242 569 1276 ejus
595 1242 808 1269 necessitudinis
825 1241 959 1269 imitatio-

169 1295 244 1319 nem,
261 1295 321 1322 quaa
338 1287 536 1315 duodenarium
551 1287 622 1314 inter
635 1295 667 1314 ac
679 1287 857 1314 tricenarimn
875 1287 956 1315 inter-

169 1334 252 1362 cedit.
270 1333 371 1361 Deiude
389 1338 461 1360 terra
480 1333 624 1361 duodecim
648 1334 676 1360 in
691 1333 801 1360 climata
818 1334 959 1366 regiones-

169 1387 224 1414 que
238 1379 335 1411 divisa,
352 1383 379 1406 et
389 1379 415 1405 in
428 1379 542 1412 singulis
551 1378 699 1406 demissam
714 1387 730 1405 e
741 1380 811 1405 ratio
824 1378 959 1406 Virtutem

169 1428 218 1453 aut
241 1424 465 1460 perpendiculum
481 1424 634 1459 excipiens,
654 1425 734 1458 eique
749 1423 849 1452 Virtuti
863 1445 869 1456 ,
886 1426 959 1453 unde

169 1470 292 1498 derivata
308 1470 352 1497 illa
370 1475 421 1503 est,
436 1470 589 1498 simillimos
607 1471 678 1497 fetus
696 1470 816 1505 pariens,
837 1470 960 1498 Dodeca-

170 1517 243 1550 dem,
260 1522 291 1544 ut
314 1518 401 1549 aiunt,
428 1517 527 1551 ipsam,
544 1516 659 1551 ejusque
682 1516 799 1548 liberos,
815 1516 959 1545 manifeste

170 1566 360 1598 repraesentat.
375 1562 477 1590 Praeter
495 1563 552 1590 hrec
565 1562 741 1590 Conditorem
756 1567 881 1596 narrant,
894 1571 957 1591 cum

171 1617 305 1645 supremae
329 1608 467 1644 Ogdoadis
494 1609 673 1641 inﬁnitatem,
702 1610 902 1642 aeternitatem,
928 1618 960 1637 ac

172 1655 302 1690 temporis
316 1654 424 1690 locique
437 1654 693 1689 circumscriptione
713 1659 852 1682 carentem
867 1655 961 1682 condi-

171 1701 274 1728 tionem
299 1699 400 1727 imitari
414 1703 536 1734 cuperet,
552 1706 641 1733 neque
661 1699 734 1733 quod
756 1699 784 1725 in
802 1699 848 1725 illa
863 1699 961 1726 stabile

170 1751 213 1774 est
240 1752 271 1773 ac
299 1746 494 1779 sempiternum
518 1748 610 1780 posset
633 1745 805 1779 exprimere,
832 1753 864 1772 eo
888 1745 960 1780 quod

171 1791 279 1818 fructus
294 1796 366 1819 esset
388 1791 509 1826 penuria
523 1797 551 1818 at
575 1790 699 1818 defectus
713 1790 824 1825 aliquis,
843 1791 871 1817 in
888 1794 959 1817 tem-

173 1841 293 1872 pestates
314 1844 346 1865 ac
362 1840 496 1872 tempora,
522 1840 550 1864 et
568 1836 731 1871 multiplices
755 1844 889 1863 annorum
910 1844 961 1863 nu-

172 1890 263 1910 meros
285 1883 463 1910 aaternitatem
488 1883 562 1909 illam
588 1882 783 1915 distribuisse,
804 1882 960 1910 existimas-

172 1936 257 1964 seque
284 1937 365 1964 posse
386 1937 415 1957 se
434 1933 586 1963 temporum
606 1933 767 1956 coacervata
787 1929 962 1956 multitudine

173 1975 248 2003 illius
264 1975 424 2012 infinitatem
441 1975 522 2011 250
536 1975 661 2010 adipisci.
683 1975 721 2002 Ex
739 1983 793 2010 quo
810 1974 912 2002 factum
928 1975 961 2002 il—

174 2021 221 2049 iud
237 2022 414 2054 arbitrantur,
426 2026 456 2048 ut
471 2030 533 2048 cum
553 2022 577 2048 ei
598 2029 627 2048 se
643 2020 749 2048 Veritas
769 2021 960 2053 subtraxisset,

176 2071 285 2102 repente
311 2067 346 2093 sit
370 2066 475 2094 falsitas
496 2071 654 2094 consecuta.
677 2067 794 2101 Ideoque
819 2067 961 2102 completis

174 2108 342 2146 temporibus
357 2111 430 2138 illius
443 2118 512 2146 opus
526 2119 587 2138 esse
599 2111 770 2139 solvendum.

209 2168 267 2195 XV.
289 2167 377 2195 ‘Cum
398 2168 455 2195 hmc
483 2168 565 2202 igitur
589 2168 625 2195 sit
644 2168 754 2196 illorum
771 2167 804 2195 dc
824 2168 962 2196 creatione

1010 231 1058 257 τοῦ
1079 230 1235 266 Ἀνθρώπου
1251 231 1298 257 καὶ
1313 230 1362 264 τῆς
1388 229 1550 264 Ἐκκλησίας
1567 229 1704 264 θυγατέρα
1717 228 1796 254 δωδε-

1011 275 1080 301 κάδα
1109 276 1288 310 σκιαγραφεῖν
1315 275 1436 309 λέγουσι.
1453 275 1518 306 ,Καὶ
1545 275 1607 302 ἐπεὶ
1633 275 1796 308 ἀντεπεζεύ-

1010 319 1062 354 χθη
1072 319 1139 353 (3‘2),
1155 320 1232 353 φασὶ,
1244 319 1293 355 τὴν
1309 320 1362 346 τῶν
1376 320 1443 346 ὅλων
1455 320 1540 355 φορὰν
1553 320 1697 356 ὠκυτάτην
1710 321 1795 359 ὑπάρ‹

1011 373 1120 400 χουσαν,
1134 362 1218 401 οὗπερ
1229 367 1242 392 ὁ
1257 366 1351 401 χρόνος
1364 366 1377 391 ὁ
1392 365 1458 400 πρὸς
1468 367 1477 380 ¹
1491 365 1563 401 αὐτῷ
1573 366 1612 401 τῷ
1626 367 1702 393 κύτει
1714 366 1795 401 βαρύ-

1010 419 1074 442 νων,
1096 412 1143 437 καὶ
1164 411 1396 438 ἁντιταλαντεύων
1417 411 1466 446 τὴν
1487 412 1600 438 ἐκείνων
1621 412 1749 447 ὠκύτητα
1762 414 1795 448 τῇ

1011 455 1106 482 ἑαυτοῦ
1119 456 1275 491 βραδυτῆτι,
1287 456 1357 482 ὥστε
1371 456 1451 482 αὑτὸν
1465 457 1494 482 ἐν
1507 457 1654 491 τριάκοντα
1666 457 1736 483 ἔτεσι
1747 457 1796 492 τὴν

1011 500 1133 534 περίοδον
1149 500 1202 526 ἀπὸ
1219 500 1331 536 σημείου
1351 501 1397 526 ἐπὶ
1417 502 1530 536 σημεῖον
1543 501 1688 534 ποιεῖσθαι,
1704 502 1796 528 εἰκόνα

1010 545 1117 579 λέγουσι
1127 546 1206 572 αὐτὸν
1219 546 1265 572 τοῦ
1278 546 1361 582 Ὃρου
1371 545 1416 572 τοῦ
1433 546 1481 573 τὴν
1495 547 1728 584 τριακοντώνυμον
1737 549 1798 583 Μη-

1010 592 1077 627 τέρα
1094 592 1183 619 αὐτῶν
1199 601 1231 618 πε
1235 592 1379 627 ριέχοντος.

1045 692 1100 728 Τὴν
1111 693 1224 728 σελήνην
1237 701 1268 719 τε
1287 693 1368 719 πάλιν
1385 693 1484 728 ἑαυτῆς
1504 693 1616 729 οὐρανὸν
1632 695 1796 730 ἐμπεριεχο-

1011 738 1095 773 μένην
1112 738 1121 753 ³
1133 739 1279 774 τριάκοντα
1292 739 1409 774 ἡμέραις
1423 739 1466 766 διὰ
1483 739 1537 766 τῶν
1552 739 1662 775 ἡμερῶν
1682 741 1726 767 τὺν
1737 742 1797 776 ἀρι-

1009 784 1024 810 θ
1029 785 1078 819 μὸν
1090 784 1144 811 τῶν
1158 784 1306 820 τριάκοντα
1321 784 1430 811 Ald)va
1441 785 1585 812 ἑκτυποῦν.
1600 786 1656 812 Καὶ
1667 787 1712 812 τὸν
1720 787 1796 821 ἥλιον

1009 830 1038 856 δὲ
1055 831 1084 856 ἐν
1094 830 1207 857 δεκαδύο
1228 831 1294 866 μησὶ
1313 831 1522 866 περιεχόμενον,
1536 831 1583 858 καὶ
1598 833 1796 867 τερματίζοντα

1010 876 1059 912 τὴν
1077 877 1209 912 κυκλικὴν
1221 875 1303 903 αὑτοῦ
1325 877 1558 910 ἀποκατάστασιν,
1574 877 1618 904 διὰ
1630 879 1683 904 τῶν
1694 878 1796 904 δώδεκα

1011 921 1103 956 μηνῶν
1120 921 1168 957 τὴν
1179 921 1332 957 δωδεκάτην
1345 922 1463 957 φανερὰν
1472 924 1567 949 ποιεῖν.
1579 922 1635 953 Τὰς
1650 922 1678 949 δὲ
1690 922 1796 958 ἡμέρας

1008 966 1123 994 δεκαδύο
1143 966 1222 1002 ὡρῶν
1252 967 1307 1001 (55)
1332 967 1362 993 τὸ
1388 967 1487 1002 μέτρον
1508 967 1622 1002 ἐχούσας
1643 966 1727 993 τύπον
1747 967 1796 1001 τῆς

1009 1015 1124 1050 φαεινῆς
1145 1014 1300 1045 Δωδεκάδος
1321 1011 1399 1041 εἶναι,
1425 1012 1506 1039 Ἀλλὰ
1523 1013 1574 1048 μὴν
1598 1013 1643 1039 καὶ
1658 1012 1706 1048 τὴν
1723 1012 1796 1048 ὥραν

1010 1062 1075 1096 φασὶ
1086 1061 1116 1087 τὸ
1132 1061 1280 1087 δωδέκατον
1297 1059 1347 1092 τῆς
1363 1059 1468 1094 ἡμέρας
1485 1060 1517 1085 ἐκ
1535 1059 1681 1094 τριάκοντα
1695 1059 1795 1094 μοιρῶν

1009 1107 1198 1143 κεκοσμῆσθαι
1221 1107 1265 1133 διὰ
1281 1107 1329 1142 τὴν
1343 1107 1434 1132 εἰκόνα
1453 1106 1503 1141 τῆς
1519 1106 1724 1142 Τριακοντάδος.
1744 1107 1795 1133 Καὶ

1009 1153 1092 1181 αὑτοῦ
1109 1154 1137 1179 δὲ
1152 1153 1199 1179 τοῦ
1222 1151 1354 1184 ζωδιακοῦ
1372 1152 1472 1178 κύκλου
1487 1152 1536 1186 τὴν
1553 1152 1716 1187 περίμετρον
1727 1150 1796 1179 εἶναι

1011 1200 1112 1234 μοιρῶν
1132 1198 1293 1234 τριακοσίων
1316 1198 1457 1233 ἑξήκοντα.
1476 1198 1610 1224 ’Ἑκαστον
1630 1198 1684 1233 γὰρ
1703 1197 1796 1229 ζώδιον

1011 1246 1108 1281 μοίρας
1128 1245 1183 1280 ἔχει
1199 1245 1357 1280 τριάκοντα.
1375 1244 1453 1270 Οὕτω
1467 1244 1495 1270 δὲ
1510 1245 1557 1270 καὶ
1574 1244 1618 1271 διὰ
1634 1243 1680 1270 τοῦ
1696 1244 1796 1270 κύκλου

1008 1291 1057 1327 τὴν
1069 1291 1160 1318 εἰκόνα
1176 1291 1226 1325 τῆς
1241 1289 1387 1324 συναφείας
1399 1290 1451 1316 τῶν
1465 1289 1567 1316 δώδεκα
1585 1289 1652 1325 πρὸς
1670 1289 1702 1316 τὰ
1718 1289 1797 1324 τρια-

1009 1346 1092 1364 κοντα
1102 1336 1266 1372 τετηρῆσθαι
1281 1335 1415 1370 λέγουσιν.
1427 1336 1487 1362 Ἔτι
1506 1335 1558 1371 μὴν
1571 1335 1618 1361 καὶ
1634 1335 1683 1370 τὴν
1694 1336 1734 1367 είς
1743 1335 1796 1361 δὼ-

1008 1383 1074 1409 δεκα
1089 1382 1209 1417 κλίματα
1224 1381 1280 1417 (56)
1310 1381 1454 1417 διῃρῆσθαι
1479 1381 1643 1415 φάσκοντες,
1668 1381 1715 1408 καὶ
1735 1381 1797 1408 καθ’

1010 1427 1124 1454 ἕκαστον
1138 1427 1223 1462 κλίμα
1235 1426 1348 1461 δύναμιν
1361 1427 1393 1452 ὲκ
1403 1426 1458 1452 τῶν
1469 1426 1592 1461 οὐρανῶν
1602 1427 1673 1453 κατὰ
1683 1426 1796 1452 κάθετον

1011 1472 1220 1508 ὑποδεχομένην,
1248 1472 1354 1499 ἐοικότα
1383 1472 1527 1498 τίκτουσαν
1557 1473 1640 1499 τέκνα
1658 1474 1690 1507 τῇ
1713 1481 1797 1499 κατα-

1013 1518 1157 1554 πεμπούσῃ
1173 1518 1221 1553 τὴν
1239 1519 1385 1554 ύπόρῤοιαν
1396 1517 1509 1553 δύναμιν
1525 1518 1546 1550 ⁵,
1563 1517 1647 1544 τύπον
1665 1515 1733 1545 εἶναι
1747 1517 1796 1552 τῆς

1009 1563 1161 1594 Δωδεκάδος
1180 1564 1228 1590 καὶ
1250 1563 1305 1590 τῶν
1327 1564 1430 1590 τέκνων
1451 1564 1536 1598 αὐτῆς
1556 1564 1721 1597 σαφέστατον
1740 1564 1795 1590 δια-

1010 1609 1189 1637 ϐεῦαιοῦνται.
1203 1609 1274 1644 Πρὸς
1287 1609 1315 1636 δὲ
1332 1609 1436 1640 τούτοις
1448 1609 1599 1644 Θελήσαντά
1613 1618 1678 1644 φασι
1689 1609 1734 1636 τὸν
1746 1611 1794 1644 Δη-

1012 1655 1140 1690 μιουργδν
1153 1655 1201 1690 τῆς
1218 1655 1275 1681 ἄνω
1295 1655 1436 1688 Ὀγδοάδος
1451 1655 1482 1681 τὸ
1497 1655 1649 1691 ἀπέραντον
1664 1655 1709 1681 καὶ
1731 1654 1795 1681 αἰώ-

1010 1709 1076 1731 νιον,
1090 1701 1137 1726 καὶ
1148 1700 1284 1735 ἀόριστον,
1298 1699 1346 1726 καὶ
1360 1700 1473 1736 ἄχρονον
1499 1700 1681 1736 μιμήσασθαι,
1696 1701 1742 1727 καὶ
1759 1701 1797 1737 μὴ

1010 1746 1157 1781 δυνηθέντα
1173 1745 1203 1772 τὸ
1221 1746 1333 1781 μόνιμον
1352 1747 1437 1781 αὐτῆς
1461 1747 1508 1773 καὶ
1526 1747 1610 1773 ὰῖδιον
1627 1747 1795 1778 ὲκτυπῶσαι,

1010 1790 1053 1817 διὰ
1077 1791 1106 1817 τὸ
1132 1791 1237 1826 καρπὸν
1262 1789 1330 1818 εἶναι
1351 1791 1548 1827 ὑστερήματος,
1570 1793 1609 1823 εἰς
1627 1792 1737 1828 χρόνους
1751 1792 1797 1818 καὶ

1011 1838 1134 1873 καιροὺς,
1160 1837 1293 1873 ἀριθμούς
1310 1845 1339 1863 τε
1368 1837 1507 1869 πολυετεῖς
1538 1837 1568 1863 τὺ
1583 1837 1690 1864 αἰώνιον
1714 1838 1796 1873 αὐτῆς

1011 1883 1229 1915 κατατεθεῖσθαι,
1253 1883 1375 1918 οἰόμενον
1400 1884 1429 1910 ἐν
1451 1882 1490 1918 τῷ
1509 1883 1606 1919 πλήθει
1619 1883 1673 1910 τῶν
1694 1883 1797 1919 χρόνων

1014 1929 1182 1965 μιμήσασθαι
1198 1929 1284 1964 αὑτῆς
1295 1929 1325 1956 τὸ
1336 1929 1497 1964 ἀπέραντον.
1521 1929 1652 1956 Ἐνταῦθα
1664 1938 1694 1956 τε
1704 1929 1799 1963 λέγοιμ

1013 1982 1054 2000 σιν
1074 1974 1247 2009 ὲκφυγούσης
1273 1974 1353 2000 αὑτὸν
1376 1975 1425 2010 τῆς
1447 1974 1588 2010 ’Δληοείας
1614 1974 1798 2010 ἐπηκολουθη-

1012 2020 1088 2047 κέναι
1111 2020 1141 2046 τὸ
1169 2020 1276 2055 ψεῦδος.
1300 2021 1354 2047 Καὶ
1369 2021 1412 2047 διὰ
1426 2020 1504 2047 τοῦτο
1522 2021 1668 2047 κατάλυσιν
1687 2021 1800 2057 πληρωο

1012 2066 1112 2093 θέντων
1126 2066 1180 2094 τῶν
1199 2067 1301 2102 χρόνων
1317 2067 1408 2093 λαϐεῖν
1422 2067 1505 2094 αὐτοῦ
1515 2067 1546 2094 τὸ
1562 2067 1652 2103 ἔργον.

1048 2168 1098 2195 ΙΕ’.
1115 2168 1171 2194 Καῖ¹
1189 2167 1253 2204 περὶ
1274 2167 1323 2203 μὲν
1339 2168 1388 2203 τῆς
1409 2167 1523 2199 κτίσεως
1536 2167 1649 2194 τοιαῦτα
1663 2167 1797 2202 λέγοντες,

174 2213 320 2244 sententia,
335 2212 458 2247 quotidie
473 2217 563 2240 tamen
580 2212 680 2247 singuli
693 2216 774 2248 prout
787 2213 903 2247 quisque
915 2221 959 2247 po-

1015 2213 1076 2240 καθ’
1087 2212 1205 2248 ἑκάστην
1218 2212 1325 2247 ἡμέραν
1334 2212 1462 2248 ὲπιγεννᾷ
1473 2212 1587 2244 ἕκαστος
1601 2212 1691 2239 αὐτῶν
1708 2212 1800 2244 καθὼς

174 2263 237 2291 test,
252 2259 314 2286 novi
329 2258 431 2293 aliquid
449 2258 614 2292 excogitant,
630 2263 659 2284 ut
678 2266 758 2286 nemo
775 2259 810 2286 sit
829 2259 899 2287 inter
913 2266 960 2287 eos

173 2304 291 2339 denique
310 2303 458 2338 perfectus,
481 2304 528 2338 qui
545 2312 599 2331 non
619 2304 726 2339 insigne
751 2305 861 2339 aliquod
884 2313 960 2332 men-

174 2350 281 2378 dacium
299 2350 372 2377 velut
390 2349 508 2377 fructum
523 2349 654 2385 proferat.
670 2350 748 2378 Nunc
770 2359 830 2385 qum
845 2359 878 2378 ex
895 2359 959 2386 pro-

174 2395 318 2431 phetarum
339 2396 458 2423 oraculis
487 2397 522 2423 ad
551 2404 616 2424 suos
639 2404 737 2424 sensus
753 2397 959 2425 accommodare

210 2488 218 2503 ¹
235 2487 305 2514 lren.
321 2494 346 2514 c.
363 2486 407 2514 15.
444 2487 455 2502 ¹
471 2486 534 2513 For.
548 2487 655 2523 ὑπερὼν
674 2488 778 2523 κράνος.

174 2523 220 2559 ρόν
238 2531 276 2550 τι.

210 2614 267 2648 (3‘2)
286 2613 341 2640 Καὶ
362 2613 427 2639 ἐπεὶ
449 2611 675 2646 ἀντεπεζεύχθη.
692 2612 750 2644 Quo
765 2611 898 2639 sincerior
916 2611 962 2638 hic

175 2647 252 2677 locus
267 2651 391 2678 exsistat,
409 2649 500 2675 scribo
516 2648 582 2682 πρὸς
597 2648 645 2682 τὴν
661 2648 713 2674 τῶν
727 2647 804 2673 ὅλων.

210 2686 267 2719 (55)
287 2684 345 2716 Tac
361 2683 394 2710 δὲ
410 2682 524 2719 ἡμέρας
535 2681 606 2709 δέκα
624 2681 678 2710 δύο
692 2681 783 2719 ὡρῶν.
799 2682 871 2709 Hora
891 2681 961 2719 apud

176 2717 358 2755 Epiphanium
373 2719 442 2755 duas
457 2717 660 2755 ajquinoctiales
674 2718 806 2755 continet,
820 2721 851 2743 ut
869 2721 895 2744 et
905 2717 962 2755 alio

178 2752 238 2782 loco
253 2755 405 2782 evidentius
424 2753 535 2780 indicat.
549 2753 607 2779 Jam
623 2753 694 2787 quod
709 2754 781 2779 liora}
796 2760 848 2779 xxx
866 2752 962 2787 μοίρας

179 2790 289 2822 tribuit;
311 2790 351 2816 sic
367 2789 480 2824 intelligi
498 2792 597 2823 potest.
612 2788 658 2815 Sol
671 2788 768 2824 diebus
782 2787 962 2824 singulisltoc

179 2830 221 2854 est
236 2833 274 2852 xu
291 2825 376 2855 horis.
401 2825 442 2852 vel
459 2822 520 2851 xxiv
533 2846 540 2854 ,
555 2825 687 2852 circulum
703 2823 848 2855 describit,
865 2822 910 2857 qui
932 2822 958 2848 in

818 2488 828 2502 '
845 2487 914 2514 lren.
930 2486 1189 2522 ὲκπεριερχομένην.

1013 2258 1124 2285 δύναται
1135 2258 1291 2293 καινότερον
1303 2258 1323 2285 ³.
1337 2258 1443 2289 Τέλειος
1453 2258 1507 2293 γὰρ
1517 2258 1603 2290 οὐδεὶς
1616 2259 1630 2285 ὁ
1647 2258 1682 2293 μὴ
1695 2258 1801 2293 μεγάλα

1013 2303 1157 2338 ψεύσματα
1180 2303 1244 2338 παρ’
1260 2304 1351 2335 αὐτοῖς
1381 2304 1605 2338 καρποφορήσας.
1627 2303 1673 2329 Ὲκ
1697 2302 1725 2329 δὲ
1745 2302 1800 2330 τῶν

1013 2348 1188 2384 προφητικῶν
1205 2349 1254 2375 ὅσα
1269 2348 1534 2384 μεταμορφάζουσιν,
1543 2349 1699 2382 ἀναγκαῖον,
1717 2348 1802 2382 μηνύ-

1014 2404 1108 2429 σαντα,
1123 2395 1169 2422 τὸν
1193 2394 1302 2430 ἔλεγχον
1314 2394 1403 2425 αὐτοῖς
1417 2394 1541 2429 ἐπάγειν.
1563 2393 1592 2420 '0
1606 2393 1660 2429 γὰρ
1670 2393 1800 2428 Μωῦσῆς,

1244 2486 1254 2501 ’⁸
1270 2487 1341 2513 Iren.
1362 2485 1484 2519 δυνάμει.
1558 2484 1569 2500 ³
1590 2483 1662 2511 lren.
1677 2484 1801 2511 καινότε-

1010 2619 1048 2638 xu
1078 2615 1169 2646 partes
1200 2609 1362 2637 tricenarias
1388 2610 1512 2642 divisus,
1539 2609 1670 2645 gradibus
1695 2613 1804 2646 constat

1010 2653 1103 2673 CCCLX.
1118 2645 1300 2679 Quamobrem
1326 2646 1442 2680 singulis
1469 2645 1542 2673 horis
1563 2645 1802 2680 aequinoctialibus

1011 2689 1046 2708 xv
1061 2681 1179 2716 gradus;
1197 2681 1304 2708 duabus
1328 2680 1404 2708 boris
1416 2701 1423 2714 ,
1442 2681 1499 2708 sive
1515 2688 1552 2707 xu
1575 2681 1629 2708 diei
1651 2685 1728 2715 parte
1747 2687 1802 2706 xxx

1011 2718 1111 2751 gradus
1126 2716 1245 2743 conﬁcit.

1048 2752 1103 2787 (54)
1123 2753 1175 2785 Εἰς
1189 2750 1302 2787 δώδεκα
1325 2751 1464 2787 κλίματα.
1486 2750 1554 2777 Nam
1571 2749 1688 2787 totidem
1707 2754 1802 2778 vento-

1013 2785 1073 2815 rum
1089 2785 1225 2824 regiones.
1245 2785 1313 2815 Vidc
1327 2785 1396 2815 Gell.
1411 2787 1458 2815 lib.
1477 2794 1506 2819 ιι,
1521 2793 1582 2822 cap.
1595 2786 1641 2813 22.
