1952 3045
120 160 175 189 GI?)

433 161 618 191 ADVERSUS
636 161 807 190 ibERESES
831 162 896 190 LIB.
916 164 935 190 Ι.
957 162 1040 191 ΤΟΜ.
1062 163 1106 191 ill.
1125 178 1160 183 —
1176 163 1313 192 "ERES.
1335 162 1455 190 XXXIV.

1711 163 1764 192 614

120 218 214 254 φασιν,
225 217 374 253 ἀρχόμενος
395 218 445 253 τῆς
461 219 531 246 κατὰ
548 219 597 254 τὴν
618 218 706 246 κτίσιν
724 219 915 255 πραγματείας

970 221 1123 247 testimonia
1145 221 1244 253 solent,
1260 220 1500 248 commemoranda
1518 221 1649 256 primum,
1661 221 1762 251 deinde

121 263 202 295 εὐθὺς
217 264 246 290 ὲν
263 265 333 300 ἀρχῇ
347 264 397 300 τὴν
413 265 527 301 Μητέρα
546 265 601 291 τῶν
621 265 689 292 ὅλων
708 265 856 298 ἐπέδειξεν,
877 267 916 292 εί-

120 309 181 336 πών
191 318 198 324 ·
223 310 275 336 Ἐν
288 309 367 344 ἀρχῇ
381 310 528 343 ἐποίησεν
538 312 554 337 ό
568 311 642 343 Θεὸς
653 311 706 338 τὸν
720 311 852 346 οὐρανὸν
866 311 915 338 καὶ

121 353 180 387 τὴν
194 353 262 389 γῆν.
290 354 416 390 Τέσσαρα
436 352 482 380 οὖν
503 354 590 381 ταῦτα
607 355 754 390 ὀνομάσας,
777 355 854 387 Θεὸν,
868 355 916 382 καὶ

121 399 219 435 ἀρχὴν,
238 399 362 435 οὐρανὸν,
381 399 428 426 καὶ
448 400 510 435 γῆν,
524 401 573 436 τὴν
584 401 743 436 Τετρακτὺν
758 400 858 433 αὐτῶν,
878 400 917 432 ὡς

120 446 199 472 αὐτοὶ
207 445 326 480 λέγουσι,
347 445 509 473 διετύπωσε.
530 446 585 473 Καὶ
603 446 649 486 τρν
666 447 783 482 ἀόρατον
800 447 806 461 ¹
826 446 855 473 δὲ
869 445 917 473 καὶ

119 491 168 518 τὸν
182 492 339 527 ἀπόκρυφον
354 491 440 527 αὐτῆς
456 491 594 527 μηνύοντα
604 493 707 519 εἰπεῖν·
729 493 760 519 Ἠ
777 492 811 519 δὲ
825 492 862 526 γῆ
877 490 917 527 ἦν

120 537 249 571 ἀόρατος
260 537 309 563 καὶ
338 538 618 571 ἀκατωκεύαστος.
649 538 703 573 Τὴν
726 537 855 572 δευτέραν
867 538 916 564 Τε-

120 583 218 619 τράδα,
242 583 365 618 γέννημα
384 583 497 619 πρώτης
522 583 667 619 Τετράδος,
686 583 773 616 οὕτως
787 583 869 610 αὑτὸν
882 584 917 610 εἰ-

123 629 236 664 ρηκέναι
259 628 392 661 θέλουσιν,
407 629 542 655 Ἀὄυσσον
557 629 725 664 ὀνομάζοντα
744 629 792 656 καὶ
819 629 918 661 Σκότος

119 675 151 701 ὲν
167 675 259 709 σφίσιν
276 675 286 690 ⁸
304 675 395 706 αὐτοῖς
417 675 465 701 καὶ
484 675 586 710 Ὑδωρ,
606 676 653 701 καὶ
673 676 704 702 τὺ
720 675 918 712 ἐπιφερόμενον

120 721 160 756 τῷ
175 721 251 748 ὕδατι
264 721 386 757 Πνεῦμα·
401 722 460 757 μεθ’
474 722 508 757 ἢν
525 722 574 757 τῆς
590 721 700 754 δεκάδος
716 722 919 759 μνημονεύοντα

121 767 180 801 φῶς
209 768 300 802 λέγειν
325 768 372 794 καὶ
388 767 496 804 ἡμέραν
518 769 565 794 καὶ
590 768 686 801 νύκτα,
721 769 866 804 στερέωμα
889 778 918 796 τε

121 814 170 840 καὶ
195 814 325 850 ἑσπέραν,
343 815 391 841 καὶ
415 814 429 840 ὂ
450 815 574 841 καλεῖται
595 814 685 850 πρωῒ,
711 813 797 850 ξηράν
815 823 845 841 τε
872 816 919 842 καὶ

120 860 277 893 θάλασσαν,
306 860 346 887 ἔτι
367 869 397 887 τε
419 860 551 895 βδτάνην,
574 861 621 886 καὶ
646 860 751 895 δεκάτῳ
776 861 851 896 τόπῳ
873 860 918 893 ξύ-

121 907 177 934 λον.
204 906 283 933 Οὕτω
311 907 339 933 δὲ
361 907 405 933 διὰ
433 906 488 933 τῶν
515 906 580 933 δέκα
608 906 748 942 ὀνομάτων
767 908 830 939 τοὺς
849 907 916 934 δέκα

122 953 230 984 Αίῶνας
250 952 446 989 μεμηνυκέναι.
467 953 522 988 Τῆς
537 953 565 979 δὲ
579 953 736 985 δυοδεκάδος
746 953 833 985 οὕτως
847 953 916 986 ἐξει-

121 999 245 1026 κονίσθαι
263 1000 327 1035 παρ’
343 999 418 1034 αὺτῷ
435 999 484 1035 τὴν
504 999 630 1034 δύναμιν.
646 999 739 1026 Ἥλιον
756 1001 809 1036 γὰρ
827 1001 916 1035 λέγειν

121 1047 169 1074 καὶ
190 1046 313 1082 σελήνην,
331 1045 448 1081 ἀστέρας
475 1054 504 1072 τε
522 1046 569 1072 καὶ
582 1046 707 1081 καιροὺς,
735 1047 875 1078 ἐνιαυτούς
886 1055 916 1073 τε

121 1092 169 1119 καὶ
184 1092 265 1127 κήτη,
286 1091 380 1126 ίχθύας
398 1091 445 1117 καὶ
462 1091 575 1125 ἑρπετὰ,
601 1091 712 1118 πετεινὰ
741 1091 788 1117 καὶ
819 1091 917 1127 τετρά-

121 1135 201 1167 ποδα,
215 1135 298 1172 Θηρία
321 1143 349 1162 τε
373 1135 419 1162 καὶ
442 1135 566 1171 (πετεινά
581 1144 633 1162 που
651 1137 708 1167 τοῖς
719 1135 740 1170 ³)
758 1135 918 1163 δυοδέκατον

120 1181 166 1208 τὸν
188 1181 341 1218 ἄνθρωπον.
372 1181 465 1214 Οὕτως
497 1181 551 1208 ὑπὸ
586 1180 632 1208 τοῦ
664 1181 826 1217 Πνεύματος
867 1183 917 1218 τὴν

120 1228 266 1264 τριάκοντα
287 1227 297 1243 ⁸
308 1227 352 1254 διὰ
363 1227 504 1260 Μωῦσέως
523 1227 650 1264 εἰρῆσθαι
666 1227 847 1255 διδάσκουσιν.
863 1228 918 1256 Ἀλ-

121 1274 156 1302 λὰ
174 1275 227 1310 μὴν
246 1274 295 1301 καὶ
315 1274 361 1301 τὸν
377 1273 496 1301 πλαστὸν
520 1273 664 1310 ἄνθρωπον
680 1274 740 1301 κατ’
760 1275 852 1302 εἰκόνα
868 1275 917 1311 τῆς

122 1325 179 1352 ἄνω
195 1325 337 1361 δυνάμεως
355 1325 426 1360 ἔχειν
442 1326 471 1352 ὲν
492 1324 567 1361 αὑτῷ
583 1325 632 1360 τὴν
647 1325 701 1352 ἀπὸ
713 1325 764 1360 τῆς
785 1327 850 1361 μιᾶς
865 1336 919 1362 πη-

123 1371 175 1406 γήν
192 1372 212 1398 ¹¹.
235 1371 370 1407 Ἱδρῦσθαι
380 1371 408 1397 δὲ
427 1370 515 1398 ταῦτα
532 1371 561 1397 ὲν
575 1370 614 1406 τῷ
624 1371 694 1398 κατὰ
709 1372 754 1397 τὸν
768 1372 918 1408 ἐγκέφαλον

121 1417 214 1453 τόπῳ’
247 1418 294 1452 ἀφ’
320 1414 355 1453 ἧς
378 1417 512 1453 ἀπορρεῖν
537 1417 667 1452 δυνάμεις
688 1417 835 1454 τέσσαρας,
858 1428 909 1446 κατ

123 1464 215 1490 εἰκόνα
227 1463 276 1499 τῆς
285 1463 342 1490 ἄνω
359 1463 496 1498 Τετράδος
512 1463 682 1499 καλουμένας
693 1472 700 1478 ·
716 1464 766 1500 τὴν
790 1464 839 1500 μὲν
852 1465 911 1501 ὁρα-

967 265 1116 292 refellenda
1130 270 1204 292 sunt.
1226 265 1333 301 Moyses
1345 266 1430 297 enim.
1444 265 1572 300 inquiunt
1586 266 1612 292 in
1629 265 1691 300 ipso
1705 270 1763 293 sta-

967 311 1015 337 tim
1029 311 1120 345 operis
1136 310 1222 342 aditu.
1237 318 1292 346 quo
1307 311 1341 338 de
1357 318 1449 337 rerum
1470 311 1611 338 creatione
1626 310 1761 346 disputat,

967 357 1088 383 omnium
1108 356 1221 384 Matrem
1237 360 1446 388 commemorat,
1462 357 1506 384 his
1518 357 1608 384 verbis
1622 356 1670 384 :In
1688 357 1762 392 prin-

967 402 1035 436 cipio
1055 403 1152 429 creavit
1167 402 1237 429 Deus
1250 401 1346 428 malum
1361 405 1386 427 et
1403 406 1503 428 terram
1516 401 1537 428 ⁹.
1552 401 1604 429 Ubi
1618 408 1680 428 cum
1693 407 1763 436 qua-
1791 432 1794 435 ξ

967 453 1032 476 tuor
1050 448 1101 476 ista
1121 448 1282 482 nominarit,
1299 447 1396 480 Deum,
1411 448 1592 483 principium,
1608 447 1710 474 caelum
1728 454 1761 473 ac

969 499 1081 527 terram,
1100 503 1177 522 suam
1193 499 1321 522 asserunt
1346 495 1572 529 comprehensam
1587 501 1649 521 esse
1669 492 1763 520 Tetra-

968 540 1134 573 dem.‘Quod
1151 545 1240 567 autem
1264 540 1371 566 occulta
1385 539 1480 566 eadem
1502 539 1547 566 illa
1569 546 1619 566 nec
1642 541 1763 573 aspecta-

968 587 1031 615 bilis
1045 587 1091 619 sit,
1108 586 1136 613 id
1151 585 1329 621 sequentibus
1349 585 1439 613 verbis
1453 585 1577 620 attigisse
1589 593 1596 611 :
1608 584 1692 611 Terra
1711 592 1761 611 au—

970 639 1020 661 tem
1031 638 1088 661 erat
1104 633 1245 660 invisibilis
1258 637 1281 659 ct
1297 632 1431 664 informis.
1451 631 1605 658 Secundam
1629 637 1695 658 vero
1709 629 1762 657 Te-

970 680 1084 711 tradcm,
1101 679 1147 714 qui
1163 678 1266 714 prioris
1287 682 1329 705 est
1348 677 1436 709 fetus.
1464 677 1505 704 sic
1520 676 1632 712 Moysen
1651 683 1761 711 expres-

970 725 1040 753 sisse
1053 724 1193 751 declarant
1220 731 1282 750 cum
1296 723 1437 756 abyssum,
1449 725 1476 750 et
1493 721 1637 753 tenebras:
1649 728 1761 756 aquam,

970 776 1051 806 atque
1065 770 1238 798 incubantem
1250 769 1330 804 aquis
1345 765 1478 804 Spiritum
1488 768 1654 796 nominavit:
1667 772 1762 803 postea

971 818 1086 845 Det-adis
1097 824 1205 853 quoque
1219 815 1507 843 mentionem'ibidem
1530 814 1587 841 ﬁeri
1597 835 1605 846 ,
1619 821 1682 842 cum
1703 814 1760 846 lux,

970 864 1029 891 dies
1052 867 1079 890 et
1099 871 1163 895 nox,
1185 862 1399 892 ﬁrmamentum,
1417 867 1541 896 vespera,
1560 867 1651 892 mane,
1671 859 1760 891 arida,

970 917 1062 941 mare,
1078 908 1178 939 herba.
1197 915 1230 935 ac
1251 906 1358 934 decimo
1372 905 1479 933 tandem
1497 905 1558 932 loco
1575 905 1677 940 lignum
1697 912 1761 939 pro-

969 956 1090 991 ponitur.
1108 954 1155 982 His
1173 953 1245 981 enim
1264 952 1406 981 vocabulis
1420 951 1515 979 decem
1532 951 1644 979 totidem
1656 950 1760 978 tiones

969 1001 1094 1036 intelligi.
1110 1000 1175 1028 Nam
1189 999 1341 1028 Dodecadis
1352 1000 1407 1027 vim
1425 1000 1475 1027 hoc
1490 999 1566 1026 illum
1582 999 1762 1027 adumbrasse

970 1047 1051 1075 modo
1076 1048 1209 1075 sentiunt.
1236 1046 1343 1082 Quippe
1361 1046 1447 1074 solem
1471 1051 1498 1073 et
1522 1046 1633 1077 lunam,
1651 1045 1760 1076 sidera,

970 1097 1158 1129 tempestates,
1174 1101 1272 1125 annos,
1290 1097 1361 1126 cete,
1376 1093 1476 1128 pisces,
1493 1092 1613 1127 reptilia,
1623 1091 1760 1121 volucres.

970 1139 1172 1176 quadrupedes,
1185 1139 1256 1167 feras
1271 1147 1278 1164 :
1297 1146 1328 1166 ac
1339 1142 1479 1174 postremo
1494 1138 1554 1165 loco
1568 1137 1760 1164 duodecimum

971 1186 1108 1214 hominem
1125 1186 1322 1222 proposuisse;
1340 1193 1428 1220 eoque
1451 1184 1533 1212 modo
1547 1184 1724 1212 tricenarium
1742 1191 1757 1210 a

971 1232 1064 1268 Moyse
1077 1235 1321 1260 commemoratum
1336 1231 1506 1259 existimant.
1521 1229 1664 1258 Hominem
1679 1237 1762 1265 porro

970 1279 1003 1307 ad
1017 1286 1151 1315 supremae
1173 1278 1288 1306 Virtutis
1308 1277 1448 1313 exemplar
1462 1277 1590 1309 eﬂictum,
1602 1281 1759 1304 manantem

971 1326 1007 1354 ab
1019 1334 1074 1354 uno
1090 1325 1165 1352 fonte
1175 1325 1231 1352 vim
1249 1325 1278 1351 in
1292 1331 1354 1351 sese
1367 1323 1519 1352 continere.
1538 1323 1660 1358 Eamque
1674 1323 1702 1350 in
1716 1329 1761 1350 ce-

969 1371 1050 1399 rebro
1075 1370 1238 1401 collocatam
1255 1376 1334 1400 esse,
1354 1377 1369 1396 a
1393 1377 1448 1404 quo
1473 1369 1616 1397 facultates
1643 1373 1762 1404 quatuor

970 1417 1100 1455 profectae
1127 1416 1267 1444 cmieslem
1303 1416 1378 1443 illam
1407 1416 1552 1443 Tetradem
1587 1416 1760 1443 adumbrant.

971 1464 1042 1493 Sunt
1054 1467 1145 1492 autem
1158 1463 1216 1490 haec
1228 1472 1235 1491 :
1249 1461 1344 1495 Visus,
1355 1462 1475 1496 auditus,
1489 1462 1605 1490 olfactus
1615 1466 1642 1490 et
1652 1467 1760 1498 gustus.

124 1520 176 1544 σιν,
188 1511 237 1547 τὴν
254 1511 282 1538 δὲ
295 1510 389 1546 ἀκοὴν,
415 1511 464 1547 τὴν
485 1511 516 1538 δὲ
533 1511 632 1548 τρίτην
648 1512 792 1548 ὄσφρησιν,
806 1513 854 1539 καὶ
867 1513 917 1549 τὴν
935 1513 1069 1549 τετάρτην
1079 1512 1182 1547 γεῦσιν.

159 1557 215 1593 Τὴν
226 1557 256 1584 δὲ
276 1557 405 1592 Ὀγδοάδα
419 1557 486 1592 φασὶ
507 1556 659 1593 μηνύεσθαι
676 1557 720 1585 διὰ
739 1558 785 1584 τοῦ
814 1558 916 1592 ἀνθρώ-

1006 1557 1162 1594 Ogdoadem
1180 1564 1245 1584 vero
1267 1556 1307 1584 sic
1325 1555 1463 1584 hominem
1488 1554 1591 1582 referre
1613 1557 1737 1582 statuunt
1753 1563 1760 1582 :

125 1612 176 1630 που
203 1603 290 1635 οὕτως
301 1612 308 1620 ·
334 1604 418 1636 ἀκοὰς
435 1603 486 1639 μὲν
495 1603 544 1630 δύο
562 1603 674 1639 ἔχοντας
690 1604 711 1635 ⁸,
724 1605 772 1631 καὶ
783 1604 918 1637 τοσαύτας

122 1649 244 1685 ὁράσεις,
268 1649 309 1676 ἐτι
329 1658 359 1676 τε
377 1650 528 1685 ὀσφρήσεις
544 1650 602 1681 δύο,
627 1651 675 1676 καὶ
695 1649 794 1685 διπλῆν
812 1650 917 1685 γεῦσιν,

123 1696 224 1732 πικροῦ
243 1705 274 1723 τε
305 1696 352 1724 καὶ
375 1696 512 1732 γλυκέως.
537 1697 617 1724 ὐλον
653 1696 681 1723 δὲ
705 1697 751 1723 τὸν
776 1696 918 1732 ἄνθρωπον

123 1743 214 1770 πᾶσαν
225 1743 275 1779 τὴν
289 1742 380 1770 εἰκόνα
397 1743 446 1778 τῆς
462 1743 664 1779 Τριακοντάδος
684 1742 771 1774 οὕτως
787 1742 859 1778 ἔχειν
877 1743 916 1770 δι-

122 1788 278 1816 δάσκουσιν.
294 1789 338 1815 Ἐν
355 1788 404 1823 μὲν
415 1790 480 1820 ταῖς
495 1789 574 1824 χερσὶ
588 1788 632 1815 διὰ
644 1787 700 1814 τῶν
715 1788 855 1815 δακτύλων
868 1789 918 1824 τὴν

123 1835 228 1862 Δεχάδα
246 1834 406 1869 βαστάζειν·
426 1835 455 1861 ὲν
469 1835 523 1870 ὅλῳ
538 1835 567 1862 δὲ
577 1835 616 1870 τῷ
629 1835 735 1871 σώματι
749 1836 789 1867 εἰς
805 1835 919 1863 δεκαδύο

126 1881 194 1917 μέλη
208 1881 392 1917 διαιρουμένῳ
410 1882 460 1918 την
475 1882 632 1908 Δωδεκάδα.
648 1881 787 1917 Διαιροῦσι
803 1881 832 1909 δὲ
852 1882 919 1909 αὐτὸ

125 1928 252 1964 καθάπερ
266 1929 296 1955 τὸ
309 1929 359 1964 τῆς
375 1928 503 1964 ἀληθείας
517 1928 644 1964 διῄρηται
655 1929 721 1965 παρ’
734 1928 826 1961 αὐτοῖς
841 1928 918 1966 (τοῖς)

125 1974 258 2009 σώμασι,
286 1974 376 2008 περὶ⁷
409 1972 440 2001 οὗ
474 1976 692 2011 προειρήκαμεν.
724 1975 780 2010 Τήν
817 1983 846 2001 τε
872 1973 918 2002 οὖν

130 2019 270 2054 Ὁγδοάδα,
299 2020 418 2055 ἇρῤητόν
431 2029 462 2047 τε
490 2022 538 2048 καὶ
558 2021 674 2057 ἀόρατον
691 2020 790 2055 οὖσαν,
815 2022 844 2049 ἐν
863 2023 919 2053 τοῖς

125 2066 291 2102 σπλάγχνοις
309 2067 483 2103 κρυὸομένην
496 2067 626 2094 νοεῖσθαι.

160 2114 218 2146 Iq'.
238 2112 333 2139 Ἥλιον
360 2112 389 2139 δὲ
416 2113 497 2140 πάλιν
518 2113 565 2140 τὸν
585 2113 671 2148 μέγαν
689 2111 822 2149 φωστῆρα
838 2114 866 2140 ἐν
884 2114 917 2149 τῇ

123 2158 243 2194 τετάρτῃ
262 2157 315 2185 τῶν
327 2157 439 2193 ἡμερῶν
455 2158 597 2193 γεγονέναι
612 2158 656 2185 διὰ
671 2158 716 2184 τὸν
727 2158 777 2192 τῆς
784 2158 918 2193 Τετράδος

123 2203 240 2240 ἀριθμὸν
255 2204 400 2238 φάσκουσι.
413 2204 470 2240 Τῆς
486 2213 516 2231 τε
530 2204 632 2239 σκηνῆς
650 2203 700 2239 τῆς
711 2204 764 2231 ὑπὸ
779 2204 918 2236 Μωῡσέως

969 1603 1041 1639 quod
1068 1606 1096 1630 et
1117 1610 1199 1630 aures
1219 1602 1288 1630 duas
1316 1601 1433 1631 habeat.
1461 1600 1612 1635 oculosque
1628 1599 1760 1632 totidem.

969 1657 1050 1677 nares
1072 1649 1136 1676 item
1153 1648 1187 1676 ad
1202 1647 1388 1676 olfaciendum
1405 1646 1485 1680 duas,
1506 1654 1538 1674 ac
1555 1646 1694 1682 duplicem
1711 1654 1762 1682 ευ-

969 1700 1053 1726 stum.
1066 1694 1153 1722 amari
1167 1694 1295 1722 videlicet
1310 1701 1343 1721 ac
1357 1693 1446 1721 dulcis
1456 1715 1463 1727 ,
1486 1701 1551 1721 nam
1575 1692 1655 1728 251
1672 1697 1760 1721 totum

968 1742 1058 1776 ipsum
1072 1740 1210 1768 hominem
1221 1740 1379 1768 universam
1387 1739 1539 1768 Tricenarii
1553 1739 1760 1767 similitudinem

970 1786 1044 1813 hunc
1066 1785 1094 1813 in
1110 1784 1222 1812 modum
1238 1785 1401 1820 exprimere.
1420 1784 1543 1812 Primum
1557 1785 1586 1812 in
1601 1784 1693 1820 digitis
1711 1783 1761 1812 De-

970 1831 1066 1859 cadem
1087 1831 1277 1859 circumferre.
1298 1830 1368 1857 Tum
1387 1831 1415 1857 in
1430 1838 1547 1866 corpore
1562 1835 1620 1858 toto
1636 1829 1760 1858 Dodeca-

969 1876 1042 1908 dem,
1061 1876 1134 1912 quod
1161 1884 1200 1903 xu
1223 1877 1251 1904 in
1273 1877 1395 1904 membra
1410 1877 1552 1904 dividitur.
1568 1875 1607 1903 Ita
1622 1876 1695 1904 enim
1709 1875 1762 1904 hoc

969 1923 1141 1951 distribuunt
1153 1943 1161 1956 ,
1184 1927 1214 1950 ut
1239 1926 1267 1950 et
1286 1922 1416 1951 Veritatis
1432 1930 1544 1958 corpus,
1561 1921 1596 1950 de
1611 1930 1666 1958 quo
1681 1927 1761 1950 antea

970 1968 1101 1998 diximus.
1125 1969 1282 2005 Ogdoadem
1307 1969 1442 2004 denique,
1469 1977 1530 2005 quae
1554 1977 1606 1997 nec
1629 1969 1761 2004 explicari

970 2023 1114 2048 sermone.
1138 2023 1189 2043 nec
1207 2016 1294 2044 oculis
1310 2019 1400 2051 potest
1424 2016 1546 2052 percipi,
1562 2016 1590 2042 in
1605 2015 1761 2044 visceribus

972 2060 1104 2088 latentem
1124 2060 1250 2095 intelligi.

1005 2105 1076 2134 XVI.
1091 2102 1192 2134 Praeter
1205 2106 1263 2134 haec
1276 2105 1373 2139 solem,
1387 2105 1522 2134 luminare
1538 2106 1605 2134 illud
1619 2114 1760 2142 magnum,

971 2152 1004 2180 ad
1022 2152 1201 2179 indicandum
1219 2143 1345 2180 Tetradis
1363 2160 1508 2180 numerum
1525 2157 1624 2188 quarto
1638 2153 1682 2181 die
1697 2161 1762 2189 pro-

970 2203 1093 2226 creatum
1119 2203 1225 2233 putant.
1244 2198 1322 2232 Quod
1346 2199 1435 2234 ipsqu
1459 2198 1571 2226 Mosaici
1589 2199 1759 2228 tabernaculi

124 2249 394 2286 κατασκευασθείσης
408 2251 436 2277 αι
448 2250 538 2283 αὐλαὶ,
550 2251 581 2277 ὲκ
589 2250 702 2286 βύσσου,
715 2251 763 2277 καὶ
777 2250 915 2283 ὑακίνθου,

970 2246 1055 2273 aulaea
1067 2249 1292 2280 reprtesentasse,
1308 2253 1342 2272 ex
1352 2245 1447 2281 bysso,
1461 2245 1622 2280 hyacintho,
1638 2254 1761 2281 purpura

124 2295 173 2322 καὶ
193 2294 346 2330 πορφύρας,
376 2296 423 2322 καὶ
445 2295 572 2322 κοκκίνου
597 2297 749 2329 γεγονυῖαι,
766 2296 816 2330 τὴν
832 2295 918 2331 αὐτὴν

124 2340 190 2375 παρ’
206 2340 296 2372 αὐτοῖς
309 2340 450 2374 ἐπέδειξαν
463 2340 564 2367 εἰκόνα.
577 2340 629 2366 Τόν
644 2349 674 2367 τε
691 2339 740 2367 τοῦ
760 2340 855 2376 ἱερέως
870 2349 919 2367 πο-

123 2386 205 2422 δήρη,
227 2386 359 2422 τέσσαρσι
379 2386 522 2421 στοιχείοις
542 2386 553 2402 ⁸
573 2385 653 2413 λίθων
667 2385 822 2413 πολυτελῶν
837 2394 918 2412 κεκο-

124 2431 276 2467 σμημένον,
296 2431 346 2467 τὴν
368 2432 491 2467 Τετράδα
513 2431 655 2468 σημαίνειν
673 2430 855 2467 διορίζονται·
870 2431 917 2458 καὶ

123 2478 152 2504 εί
167 2486 229 2505 τινα
251 2478 364 2505 τοιαῦτα
384 2479 473 2505 κεῖται
487 2478 516 2504 ὲν
526 2479 586 2510 ταῖς
601 2478 733 2514 Γραφαῖς,
748 2479 788 2509 εἰς
804 2477 849 2504 τὸν
861 2477 916 2504 τῶν

123 2525 265 2560 τεσσάρων
292 2524 428 2559 δυνάμενα
455 2523 570 2558 ἄγεσθαι
598 2524 715 2559 ἀριθμὸν
734 2524 778 2550 διὰ
795 2520 844 2559 τὴν
863 2523 915 2549 Τε-

123 2569 243 2605 τρακτὺν
264 2569 354 2596 αὐτῶν
379 2577 446 2604 φασι
473 2569 625 2603 γεγονέναι.
649 2570 705 2605 Τὴν
727 2569 756 2595 δὲ
785 2568 915 2603 Ὀγδοάδα

123 2615 205 2642 πάλιν
219 2614 373 2641 δείκνυσθαι
396 2614 492 2646 οὕτως·
520 2615 564 2642 Ἐν
581 2616 614 2650 τῇ
635 2615 716 2651 ὀγδόῃ
731 2615 786 2641 τῶν
802 2614 915 2650 ἡμερῶν

123 2661 279 2688 πεπλάσθαι
293 2661 454 2696 λέγουσιτὸν
466 2661 620 2697 ἄνθρωπον.
633 2662 703 2689 Ποτὲ
713 2662 762 2697 μὲν
772 2661 827 2697 γὰρ
834 2661 917 2687 αὑτὸν

120 2709 156 2743 τῇ
172 2707 240 2744 ἕκτῃ
260 2707 400 2743 βούλονται
428 2709 580 2743 γεγονέναι,
603 2709 668 2735 ποτὲ
691 2709 719 2736 δὲ
738 2710 771 2744 τῇ
790 2707 916 2744 ὀγδόῃιεί

124 2753 162 2790 μὴ
181 2754 226 2781 τὸν
242 2754 291 2790 μὲν
304 2754 395 2790 χοῖκδν
403 2755 432 2781 ὲν
444 2755 477 2790 τῇ
489 2754 557 2790 ἕκτῃ
572 2753 627 2781 τῶν
639 2754 752 2791 ἡμερῶν
762 2753 856 2790 ἐροῦσι
867 2761 916 2779 πε-

159 2834 167 2849 ¹
185 2834 255 2861 lren.
268 2833 298 2860 τὸ
315 2833 374 2869 ἀόρ.
391 2837 432 2867 et,
446 2833 477 2861 τὺ
493 2833 556 2861 ἀπό.
592 2834 603 2850 ³
618 2833 687 2862 lren.
706 2835 735 2862 ἐν
749 2831 790 2866 οἷς
805 2834 859 2861 εισι
876 2833 916 2861 κα¹

970 2834 981 2860 ὲ.
1018 2833 1029 2850 ³
1042 2833 1111 2862 Iren.
1130 2833 1177 2861 ἐπὶ
1195 2835 1263 2862 πᾶσι
1285 2835 1400 2867 τούτοις.

970 2299 1111 2327 coccoque
1133 2295 1263 2319 contexta
1273 2291 1307 2318 “.
1317 2291 1469 2326 Itidemque
1481 2291 1634 2320 sacerdotis
1645 2293 1760 2320 talarem

971 2336 1092 2363 tunicam
1106 2340 1226 2371 quatuor
1238 2336 1393 2371 lapillorum
1400 2337 1543 2364 ordinibus
1556 2337 1714 2365 distinctam
1727 2339 1760 2366 ¹¹.

970 2382 1010 2410 Ac
1027 2383 1050 2410 si
1069 2390 1123 2417 qua
1136 2386 1201 2410 sunt
1211 2382 1421 2417 eiusdemmodi.
1441 2391 1502 2418 qua:
1522 2384 1550 2411 in
1569 2385 1657 2413 sacris
1673 2384 1761 2413 Litte—

970 2429 1009 2455 ris
1030 2428 1065 2456 ad
1079 2429 1287 2464 quaternarium
1302 2436 1448 2456 numerum
1466 2431 1672 2459 accommodari
1694 2439 1761 2467 pos-

970 2478 1057 2507 sunt,
1087 2482 1165 2502 suam
1189 2474 1223 2502 ad
1251 2474 1396 2503 Tetradem
1422 2476 1560 2510 pertinere
1585 2477 1760 2506 conﬁrmant.

970 2520 1126 2556 Ogdoadem
1141 2529 1240 2549 rursus
1261 2521 1315 2549 hoc
1338 2521 1395 2550 fere
1409 2522 1491 2550 modo
1503 2523 1700 2552 demonstrari.
1720 2525 1763 2553 Et-

969 2567 1043 2594 enim
1071 2570 1170 2594 octavo
1196 2567 1241 2594 die
1265 2567 1412 2596 formatum
1444 2569 1583 2598 hominem
1611 2575 1760 2604 asserunt,

969 2620 1050 2648 quem
1078 2613 1147 2641 alias
1173 2617 1250 2641 sexto
1270 2614 1362 2649 potius
1381 2615 1547 2650 productum
1571 2617 1683 2651 volunt;
1708 2618 1760 2645 nisi

970 2661 1040 2687 forte
1063 2664 1221 2688 terrestrem
1242 2661 1378 2690 hominem
1396 2665 1488 2696 sexto,
1504 2663 1644 2691 carnalem
1664 2667 1762 2691 octavo

970 2706 1015 2734 die
1042 2706 1206 2734 fabricatum
1235 2707 1401 2744 intelligunt.
1426 2708 1490 2736 Haec
1509 2709 1583 2736 enim
1608 2709 1681 2745 apud
1700 2710 1762 2738 illos

972 2753 1102 2782 distincta
1129 2756 1205 2782 sunt.
1233 2753 1286 2782 Sed
1310 2754 1435 2782 nonnulli
1461 2754 1602 2785 diversum
1627 2756 1702 2784 illum
1719 2755 1761 2783 ia-

1440 2835 1452 2851 ⁵
1466 2835 1549 2872 Ιινθη.ἶ
1573 2836 1760 2872 Τριακοντάδα

123 2868 218 2931 :gen.
239 2868 473 2933 ﬁqyﬁ¢I§6vaut\l.
497 2870 558 2897 Mox
577 2877 626 2904 pro
656 2870 753 2901 ταῦτα,
783 2869 898 2905 ταύτην.

171 2911 215 2932 en.
233 2912 253 2933 ι.
289 2926 295 2932 .
375 2904 460 2933 Exod.
476 2913 552 2933 xxvr.
569 2905 595 2933 1.
636 2905 656 2922 ¹¹
672 2905 758 2933 Exod.
775 2913 873 2933 mnu.
888 2905 906 2933 4

970 2868 1025 2898 s‘or.
1037 2870 1156 2906 ἔχοντος.
1195 2871 1206 2886 ⁷
1223 2871 1295 2899 lren.
1315 2871 1396 2907 σῶμα
1414 2873 1489 2908 περί.
1516 2872 1527 2888 ³
1541 2868 1612 2900 ireri.
1633 2871 1760 2907 στοίχοις.

970 2913 984 2933 l.

123 2904 134 2920 '
147 2903 215 2932 Gen.
233 2912 253 2939 ι,

333 2905 362 2943 _“
375 2904 460 2934 Exed.
476 2913 552 2940 xxvr,
569 2905 595 2934 1.
619 2905 656 2946 κί’
672 2905 758 2936 Exod.
775 2904 873 2939 xxviii,
888 2905 906 2933 4
924 2913 984 2942 sqq.
