1952 3045
194 136 246 164 615

908 136 936 164 S.
959 135 1128 163 EPIPHANII

1774 131 1834 159 616

194 201 280 228 ciunt,
297 196 344 231 qui
367 195 400 223 ad
417 195 571 231 imaginem,
590 195 854 231 similitudinemque
873 201 983 223 creatus

1037 196 1165 225 πλάσθαι,
1192 195 1237 221 τὸν
1263 194 1291 220 δὲ
1317 167 1447 229 σασρκικδν
1465 193 1494 219 ἐν
1507 193 1539 228 τῇ
1557 190 1647 227 ὀγδόῃ.
1667 190 1834 218 Διέσταλται

194 248 237 270 est
252 242 318 273 Dei,
341 249 422 276 queui
441 241 631 276 androgyuum
655 242 838 274 constituunt,
859 242 894 269 ab
914 242 984 273 alio,

194 289 241 323 qui
258 296 291 315 ex
311 288 394 315 humo
417 287 550 314 formatus
569 293 623 314 est.
646 287 718 321 Quin
734 292 760 315 et
774 295 838 314 arca
854 288 928 315 illius
942 288 985 315 di-

196 334 260 361 luvii
273 338 406 368 tempore,
420 333 647 368 dispositionem.
669 334 697 360 in
718 341 771 368 qua
786 334 911 361 homines
924 339 986 361 octo

197 380 302 407 liberati
322 384 385 407 sunt
402 380 422 410 ‘.
447 380 591 407 manifeste
613 381 762 407 salutarem
779 381 812 407 ad
827 380 985 415 Ogdoadem

197 431 321 462 spectare
339 427 526 461 pronuntiauit,
557 431 586 452 ut
608 432 632 454 et
660 426 787 454 Davidem
815 427 923 462 ipsum.
938 427 984 461 qui

196 477 293 499 octavo
307 477 369 507 post
390 472 489 500 fratres
506 473 566 500 loco
583 474 609 499 in
626 474 712 500 lucem
727 477 770 500 est
785 473 875 500 editus
893 475 913 500 ⁸.
929 473 985 499 Ad-

197 520 266 546 dunt
281 523 308 545 et
322 519 560 546 circumeisionem
577 523 674 546 octavo
691 519 734 546 die
750 524 908 554 susceptam
925 527 985 547 co:-

199 566 274 592 lestis
287 564 424 599 ngoadis
437 565 676 592 circumcisionem
691 565 837 592 ostendere
851 565 871 591 ³.
886 567 984 600 Atque,

198 616 228 637 ut
242 619 295 638 uno
318 611 405 638 verbo
430 611 538 642 dicam,
559 619 728 646 quum-linque
747 611 835 639 sacris
857 611 883 638 iu
907 611 985 639 libris

198 657 390 691 reperiuntur,
418 665 478 692 qua:
502 657 536 685 ad
560 658 732 684 octonarium
750 666 893 684 numerum
914 657 984 684 trahi

198 707 337 737 utrunque
360 708 484 738 possunt,
506 704 538 730 ad
556 704 756 731 conficiendum
770 704 906 738 Ogdoadis
927 712 985 739 my-

199 750 311 776 sterium
336 753 480 783 usurpant.
512 749 657 777 Enimvero
683 750 814 777 Deeadem
831 757 878 784 per
891 750 984 776 decem

198 794 259 821 illas
274 795 397 822 nationes
416 795 530 821 indicari
552 803 607 822 non
623 796 752 822 dubitant
765 816 772 827 ,
788 803 903 830 quarum
921 803 985 829 pos-

198 840 347 867 sessionem
361 840 431 868 Deus
445 840 600 868 Abrahamo
616 843 812 876 promiserat‘.
829 841 985 877 Eodemque

199 885 274 913 Sara;
292 886 437 914 consilium
462 887 611 922 applicant.
632 895 694 914 cum
711 892 771 923 post
786 896 874 914 annos
891 888 984 915 decem

198 932 324 959 ancillam
340 933 378 959 illi
398 940 476 960 suam
490 933 607 968 Agarem
617 933 767 964 concessit.
784 934 888 968 liberos
907 937 936 960 ul.
950 942 984 961 ex

198 984 230 1003 ea
256 977 420 1013 susciperet.
445 978 516 1010 Quin
543 983 570 1006 et
597 978 746 1005 Abrahami
769 987 866 1006 servus
882 979 915 1005 ad
936 979 987 1006 [te-

199 1022 310 1049 beccam
339 1024 456 1055 missus,
471 1023 516 1058 qui
536 1024 658 1050 armillas
673 1024 697 1050 ei
721 1024 815 1050 decem
832 1031 931 1052 aureas
952 1024 986 1051 ad

199 1067 280 1103 252
297 1073 408 1104 puteum
435 1069 567 1101 obtulit‘,
582 1077 688 1097 necnon
715 1070 815 1097 fratres
837 1071 921 1101 illius,
939 1071 986 1105 qui

199 1116 292 1142 deccm
305 1115 365 1143 dies
378 1122 437 1142 eam
459 1115 642 1143 retinuerunt.
660 1115 780 1151 Itemque
793 1115 985 1150 Jeroboatnus,

198 1161 243 1188 cui
258 1161 351 1188 decem
375 1162 464 1188 tribus
479 1162 624 1197 assignat-.1:
641 1163 662 1189 ⁵³.
679 1162 861 1191 Tabernaculi
878 1172 987 1199 diroque

198 1208 312 1234 cortina:
325 1207 435 1240 decem;
454 1208 642 1242 columnaque
658 1209 814 1236 cubitorum
831 1210 941 1243 decem;
955 1218 988 1236 ac

197 1253 293 1281 Jacobi
313 1254 424 1281 totidem
452 1254 499 1281 filii
523 1255 666 1282 coemendi
694 1255 825 1284 frumenti
851 1264 934 1284 causa
959 1258 987 1284 in

199 1298 347 1334 Egyptum
365 1298 482 1334 profecti
500 1307 506 1325 :
528 1299 625 1327 decem
650 1300 765 1335 insuper
780 1302 907 1335 apostoli,
924 1302 987 1336 qui-

199 1346 250 1373 bus
269 1345 381 1372 absente
395 1345 501 1373 Thoma
521 1345 654 1374 Dominus
673 1351 736 1381 post
754 1347 986 1374 resurrectionem

198 1392 325 1427 apparuit.
338 1392 358 1424 ⁷,
379 1391 416 1424 hi,
434 1393 556 1427 inquam,
568 1400 665 1420 omnes
677 1393 811 1420 Decadem
825 1394 909 1425 illam,
926 1402 987 1429 quae

199 1436 284 1464 videri
301 1437 406 1472 nequit.
419 1445 453 1464 ex
469 1438 579 1464 illorum
593 1439 723 1474 opinione
738 1439 924 1467 declararunt.

232 1524 315 1575 _XV’ll.
340 1525 375 1551 At
390 1533 455 1553 vero
475 1525 645 1558 Dodecadis,
670 1528 697 1554 in
722 1536 775 1563 qua
792 1528 916 1556 defectus
942 1530 986 1556 illa
1001 1546 1022 1575 ε

197 1571 338 1598 calamitas
363 1579 395 1598 ac
412 1573 572 1606 mysterium
595 1574 710 1608 contigit
724 1594 732 1606 ,
748 1582 805 1608 qua
823 1583 856 1602 ex
872 1576 986 1603 calami-

197 1620 252 1643 tate
266 1617 389 1643 omnium
412 1625 473 1652 quae
488 1618 617 1645 videntur
642 1619 775 1654 originem
794 1628 922 1648 manasse
937 1622 986 1648 de—

196 1663 312 1694 ﬁniunt,
331 1664 433 1698 ubique
453 1664 527 1691 clara
547 1673 579 1692 ac
598 1666 744 1693 manifesta
770 1668 885 1700 vestigia
907 1677 986 1702 repe-

197 1710 245 1736 riri
261 1709 424 1744 praedicant.
443 1709 604 1744 Cuiusmodi
631 1717 697 1739 sunt
723 1713 868 1740 duodecim
891 1713 985 1741 Jacobi

196 1756 261 1789 filii,
281 1763 295 1782 a
314 1756 414 1791 quibus
430 1756 576 1783 duodecim
594 1762 749 1793 propagata:
761 1763 826 1785 sunt
840 1759 946 1792 tribus;
960 1763 987 1786 et

196 1801 331 1829 rationale
344 1809 427 1836 opere
444 1802 520 1828 vario
531 1803 719 1834 c0ntextum',
734 1804 779 1831 cui
791 1803 934 1832 duodecim
952 1806 988 1832 la-

196 1847 273 1881 pides
291 1847 389 1880 assuti,
407 1855 439 1874 ac
455 1847 639 1874 tintinnabula
665 1849 789 1876 totidem.
815 1850 892 1878 Adde
912 1851 984 1886 lapi-

195 1893 243 1921 des
262 1893 406 1921 duodecim
423 1902 438 1920 a
454 1893 546 1929 Moyse
569 1894 621 1921 sub
636 1899 730 1922 monte
750 1896 914 1929 collocatos,
936 1906 986 1932 pa-

194 1939 274 1974 rique
294 1948 410 1967 numero
425 1941 523 1975 partim
538 1941 629 1969 medio
652 1942 678 1968 in
703 1942 826 1974 flumine,
843 1945 942 1978 partim
958 1945 986 1971 iu

196 1986 325 2013 ulteriore
349 1985 408 2020 ripa
429 1986 464 2013 ab
490 1986 573 2014 Josue
588 1988 695 2022 positos
711 1989 720 2004 ⁸
738 1997 744 2015 :
764 1989 866 2024 quique
888 1989 986 2017 Testa--

195 2031 280 2058 menti
303 2039 396 2058 arcam
421 2032 637 2059 sustinuerunt:
655 2037 738 2067 atque
762 2034 825 2062 illos
855 2035 985 2070 insuper,

194 2086 265 2112 quos
289 2078 316 2104 in
342 2078 420 2104 vituli
446 2078 608 2105 holocausto
627 2079 700 2107 Elias
715 2082 894 2115 supposuisse
919 2083 986 2117 legi-

195 2128 240 2151 tur
256 2124 289 2151 ”.
306 2123 412 2156 Quibus
423 2128 449 2150 ct
466 2125 651 2158 apostolorum
666 2133 795 2153 numerus
808 2128 922 2154 accedit.
935 2127 986 2154 De-

194 2171 276 2205 nique
293 2171 450 2205 ubicunque
468 2171 630 2198 duodenarii
648 2172 754 2198 numeri
774 2180 886 2207 aspersa
907 2181 985 2200 meu-

1035 242 1090 277 γὰρ
1103 241 1190 268 ταῦτα
1216 240 1282 275 παρ’
1295 240 1397 272 αὐτοῖς.
1411 240 1498 266 Ἔνιοι
1518 238 1546 264 δὲ
1562 237 1641 265 ἄλλον
1654 236 1762 263 θέλουσι
1782 237 1834 265 τὸν

1035 288 1096 315 κατ’
1107 288 1200 314 εἰκόνα
1220 287 1268 314 καὶ
1279 286 1409 321 ὁμοίωσιν
1420 285 1487 311 Θεοῦ
1499 284 1631 318 γεγονότα
1645 283 1833 318 ἀρσενόθηλυν

1036 334 1189 369 ἄνθρωπον,
1208 333 1255 359 καὶ
1268 332 1362 358 τοῦτον
1379 329 1447 358 εἶναι
1468 330 1514 357 τὸν
1534 328 1735 364 πνευματικόν·
1747 327 1834 355 ἄλλον
1854 344 1856 346 τ

1035 381 1064 406 δὲ
1078 381 1123 406 τὸν
1137 381 1169 406 ὲκ
1190 379 1240 414 τῆς
1263 379 1315 414 γῆς
1330 378 1492 404 πλασθέντα.
1511 377 1565 403 Καὶ
1579 376 1629 412 τὴν
1642 376 1692 410 τῆς
1710 374 1832 402 κιϐωτοῦ

1035 427 1063 453 δὲ
1078 426 1233 461 οἰκονομίαν
1248 426 1276 452 ὲν
1293 424 1332 461 τῷ
1351 423 1546 458 κατακλυσμῷ,
1564 420 1620 459 ὲνῇ
1635 421 1706 448 ὀκτὼ
1720 421 1830 457 ἄνθρω-

1036 482 1082 500 ποι
1110 472 1296 507 διεσώθησαν,
1324 470 1502 507 φανερώτατα
1531 478 1597 504 φασι
1623 468 1673 504 τὴν
1696 468 1833 503 σωτήριον

1042 519 1172 553 Ὀγὸοάδα
1194 518 1315 554 μηνύειν.
1337 517 1374 543 Τὸ
1390 517 1456 543 αὐτὸ
1467 516 1496 542 δὲ
1516 516 1564 542 καί
1580 515 1625 541 τὸν
1641 514 1723 540 Δαϐὶδ
1736 514 1834 547 δγδοον

1035 566 1099 592 δντα
1110 566 1143 599 τῇ
1157 564 1263 599 γενέσει
1279 563 1333 589 τῶν
1357 562 1480 597 ἀδελφῶν
1500 561 1582 588 αὑτοῦ
1603 559 1755 596 σημαίνειν.
1768 559 1833 585 Ἔτι

1038 611 1091 646 μὴν
1105 611 1152 637 καὶ
1188 610 1236 645 τὴν
1254 609 1408 645 περιτομὴν
1433 609 1606 643 ὀκταήμερον
1629 606 1776 640 γινομένην
1800 605 1833 631 τὸ

1035 656 1198 692 περίτμημα
1225 655 1276 690 τῆς
1303 655 1360 681 ἄνω
1382 653 1522 688 Ὸγδοὰδος
1541 652 1648 688 δηλοῦν.
1665 651 1720 677 Καὶ
1735 649 1832 681 ἁπλῶς

1035 703 1085 728 ὅσα
1107 701 1263 738 εὑρίσκεται
1294 703 1322 727 ἐν
1340 701 1399 731 ταῖς
1425 699 1558 735 Γραφαῖς,
1580 697 1734 732 ὑπάγεσθαι
1749 696 1832 723 δυνά-

1037 755 1104 781 μενα
1131 747 1170 776 εἰς
1187 746 1231 772 τὸν
1252 745 1368 780 ἀριθμὸν
1387 744 1439 770 τῶν
1455 743 1538 775 ὀκτὼ,
1559 743 1589 769 τὸ
1607 743 1756 778 μυστήριον
1777 741 1833 775 τῆς

1042 793 1182 826 Ὸγδοάδος
1192 791 1345 829 ἐκπληροῦν
1356 791 1492 825 λέγουσιν.
1509 789 1589 816 Ἀλλὰ
1604 789 1652 816 καὶ
1668 789 1717 824 τὴν
1728 788 1833 815 δεκάδα

1037 838 1217 874 σημαίνεσθαι
1242 837 1285 864 διὰ
1300 837 1354 863 τῶν
1370 837 1436 863 δέκα
1451 835 1535 862 ὲθνῶν
1551 832 1588 861 ὧν
1611 834 1795 869 ἐπηγγείλατο
1815 833 1832 859 ὁ

1036 886 1103 917 Θεὸς
1113 884 1152 920 τῷ
1170 883 1306 920 Ἀϐραὰμ,
1321 884 1360 915 εἰς
1371 882 1535 918 κατάσχεσιν
1545 881 1636 908 δοῦναι
1644 880 1761 914 λέγουσι.
1774 880 1832 906 Καὶ

1036 932 1086 967 τὴν
1105 931 1169 967 περὶ
1185 931 1293 966 Σάρραν
1317 930 1346 956 δὲ
1367 928 1533 964 οἰκονομίαν,
1554 928 1593 960 ὡς
1612 927 1681 963 μετὰ
1695 926 1743 961 ἔτη
1761 925 1832 953 δέκα

1036 978 1143 1005 δίδωσιν
1159 977 1233 1013 αὐτῷ
1248 977 1298 1013 τὴν
1308 976 1406 1011 ἑαυτῆς
1419 975 1516 1010 δούλην
1527 975 1626 1010 Ἀγαρ,
1642 974 1685 1000 ἵνα
1695 974 1725 1006 ἐξ
1742 972 1831 1007 αὐτῆς

1036 1024 1275 1059 τεκνοποιήοηται,
1300 1023 1330 1049 τδ
1357 1021 1423 1048 αὐτὸ
1451 1020 1557 1056 δηλοῦν.
1575 1021 1629 1047 Καὶ
1653 1021 1666 1046 ὁ
1695 1019 1787 1050 δοῦλος
1801 1018 1832 1045 δὲ

1043 1069 1169 1105 Ἀϐραὰμ
1183 1068 1318 1104 πεμφθεὶς
1331 1067 1379 1093 ἐπὶ
1392 1066 1549 1099 Ῥεϐέκκαν,
1564 1065 1612 1092 καὶ
1622 1065 1668 1092 ἐπὶ
1679 1064 1718 1099 τῷ
1731 1064 1831 1099 φρέατι

1036 1115 1124 1147 διδοὺς
1141 1115 1209 1151 αὐτῇ
1219 1115 1300 1150 ψέλια
1315 1113 1424 1150 χρυσῶν
1435 1113 1512 1145 δέκα,
1526 1113 1573 1140 καὶ
1586 1113 1610 1138 οἱ
1625 1111 1735 1146 ἀδελφοὶ
1744 1111 1832 1146 αὐτῆς

1038 1161 1197 1196 κατέχοντες
1213 1160 1298 1195 αὐτὴν
1315 1160 1361 1186 ἐπὶ
1374 1159 1440 1186 δέκα
1462 1159 1582 1194 ἡμέρας·
1605 1157 1645 1183 ἐτι
1665 1157 1693 1183 δὲ
1711 1155 1832 1191 Ῥυὸοὰμ

1037 1208 1051 1234 ὁ
1068 1207 1102 1234 τὰ
1125 1206 1191 1233 δέκα
1221 1207 1348 1241 σκῆπτρα
1368 1205 1527 1240 λαμϐάνων.
1551 1204 1599 1231 καὶ
1614 1203 1664 1238 τῆς
1683 1202 1785 1238 σκηνῆς
1801 1202 1831 1228 αἱ

1038 1254 1103 1280 δέκα
1111 1253 1233 1284 αὐλαῖαι,
1242 1252 1288 1279 καὶ
1305 1252 1329 1278 οἱ
1343 1251 1434 1278 στύλοι
1444 1252 1467 1278 οἱ
1476 1251 1650 1286 δεκαπήχεις,
1664 1249 1711 1276 καὶ
1726 1249 1750 1276 οἱ
1764 1249 1831 1276 δέκα

1038 1299 1090 1325 υἱοὶ
1113 1298 1220 1328 Ἰακὼϐ,
1241 1299 1288 1324 ἐπὶ
1303 1297 1352 1333 τὴν
1372 1297 1444 1332 ὠνὴν
1467 1297 1514 1323 τοῦ
1531 1297 1603 1323 σίτου
1617 1295 1647 1323 τὸ
1659 1295 1766 1332 πρῶτον
1789 1295 1831 1326 εἰς

1038 1345 1175 1379 Αἴγυπτον
1198 1344 1381 1380 πεμφθέντες,
1405 1343 1452 1370 καὶ
1475 1344 1500 1370 οἱ
1523 1343 1589 1370 δέκα
1608 1343 1761 1374 ἀπόστολοι,
1789 1339 1831 1374 οἷς

1039 1390 1203 1426 φανεροῦται
1231 1390 1300 1425 μετὰ
1323 1390 1371 1426 τὴν
1398 1389 1507 1425 ἔγερσιν
1521 1390 1535 1415 ὀ
1551 1389 1662 1424 Κύριος,
1677 1388 1724 1415 τοῦ
1744 1387 1831 1423 Θωμᾶ

1039 1436 1078 1470 μὴ
1093 1435 1236 1471 παρόντος,
1249 1435 1298 1471 τὴν
1314 1435 1429 1470 ἀόρατον
1443 1434 1584 1461 διετύπουν
1595 1434 1654 1460 κατ’
1672 1433 1769 1464 αὐτοὺς
1781 1434 1830 1459 Δε-

1038 1483 1107 1510 κάδα
1112 1502 1118 1508 .

1075 1530 1123 1555 IZ'.
1141 1529 1196 1563 Τὴν
1217 1527 1364 1554 δυοδεκὰδα
1377 1529 1415 1560 σε,
1436 1527 1500 1562 περὶ
1517 1527 1549 1562 ἢν
1567 1526 1615 1553 καὶ
1634 1526 1664 1553 τὸ
1682 1526 1830 1562 μυστήριον

1038 1574 1085 1600 τοῦ
1100 1573 1202 1604 πάθους
1213 1573 1259 1599 τοῦ
1275 1574 1464 1609 ὑστερήματος
1478 1573 1628 1607 γεγονέναι,
1640 1571 1671 1605 εξ
1681 1569 1711 1599 οὗ
1727 1572 1830 1604 πάθους

1037 1620 1071 1646 τὰ
1098 1619 1250 1654 βλεπόμενα
1272 1618 1491 1645 κατεσκευάσθαι
1514 1618 1653 1650 θέλουσιν,
1685 1618 1831 1653 ἐπισήμως

1037 1666 1085 1693 καὶ
1113 1666 1236 1702 φανερῶς
1265 1668 1388 1701 πανταιῆ
1415 1666 1521 1692 κεῖσθαι
1545 1666 1678 1700 λέγουσιν.
1702 1667 1745 1698 Ὠς
1766 1667 1830 1698 τοὺς

1038 1712 1141 1739 δώδεκα
1155 1713 1229 1744 υἱοὺς
1246 1712 1293 1739 τοῦ
1311 1711 1418 1744 Ἰακὼϐ,
1441 1712 1470 1745 ἐξ
1485 1709 1522 1739 ὧν
1537 1712 1585 1738 καὶ
1607 1712 1720 1739 δεκαδύο
1735 1712 1828 1747 φυλαὶ,

1038 1758 1085 1784 καὶ
1099 1758 1129 1784 τὸ
1144 1758 1232 1791 λόγιον
1251 1757 1282 1783 τὸ
1303 1757 1440 1784 ποικιλτὺν
1464 1757 1566 1784 δώδεκα
1587 1757 1676 1789 λίθους
1695 1758 1766 1793 ἕχον,
1782 1759 1830 1784 καὶ

1037 1803 1100 1834 τοὺς
1127 1802 1232 1828 δώδεκα
1253 1801 1382 1834 κώδωνας
1394 1811 1400 1817 ·
1416 1803 1463 1828 καὶ
1477 1803 1539 1834 τοὺς
1554 1803 1605 1828 ὑπὸ
1625 1803 1765 1834 Μωῡσέως
1783 1811 1830 1829 τε-

1037 1848 1132 1879 θέντας
1159 1847 1211 1874 ὑπὺ
1225 1848 1254 1874 τὺ
1272 1847 1334 1884 ὅρος
1352 1847 1455 1874 δώδεκα
1473 1848 1563 1880 λίθους
1574 1856 1580 1863 ·
1594 1848 1724 1880 ὡσαύτως
1737 1848 1766 1875 δὲ
1781 1849 1829 1876 καὶ

1037 1894 1099 1926 τοὺς
1133 1894 1186 1920 ὑπὸ
1208 1893 1296 1929 Ἰησοῦ
1322 1895 1351 1921 ὲν
1376 1893 1414 1929 τῷ
1432 1894 1558 1930 ποταμῷ,
1574 1895 1620 1921 καὶ
1636 1895 1732 1927 ἄλλους
1743 1896 1783 1927 εἰς
1799 1896 1829 1922 τὺ

1038 1940 1135 1976 πέραν,
1151 1941 1197 1967 καὶ
1213 1941 1276 1972 τοὺς
1295 1939 1479 1975 βαστάζοντας
1496 1941 1545 1977 τὴν
1564 1940 1679 1968 κιϐωτὸν
1695 1943 1743 1976 τῆς
1762 1942 1828 1968 Δια-

1038 1985 1133 2021 οήκης,
1158 1987 1204 2012 καὶ
1220 1986 1283 2017 τοὺς
1305 1986 1356 2012 ὑπὸ
1377 1986 1455 2012 Ἠλία
1476 1987 1646 2022 τεθειμένους
1665 1988 1694 2013 ἐν
1713 1988 1746 2022 τῇ
1771 1987 1830 2013 ὁλο-

1037 2032 1171 2059 καυτώσει
1190 2032 1237 2058 τοῦ
1254 2033 1368 2067 μόσχου·
1385 2032 1432 2058 καὶ
1446 2035 1491 2059 τὸν
1506 2032 1620 2068 ἀριθμὸν
1640 2033 1667 2059 δὲ
1682 2033 1736 2059 τῶν
1760 2034 1829 2060 ἀπο-

1038 2077 1137 2104 στόλων
1150 2086 1156 2092 ·
1175 2078 1221 2103 καὶ
1230 2079 1319 2104 πάντα
1332 2077 1424 2109 ἁπλῶς
1434 2078 1484 2103 ὅσα
1494 2078 1539 2103 τὸν
1551 2078 1699 2104 δωδέκατον
1713 2078 1827 2114 ἀριθμὸν

1035 2123 1173 2155 διασώζει,
1198 2124 1247 2158 τὴν
1273 2123 1415 2149 Δωδεκάδα
1438 2123 1526 2149 αὐτῶν
1551 2124 1763 2160 χαρακτηρίζειν
1784 2125 1827 2151 λέ-

1036 2177 1125 2203 γουσι.
1139 2169 1194 2204 Τὴν
1213 2169 1241 2195 δὲ
1256 2169 1358 2195 τούτων
1377 2170 1484 2196 πάντων
1511 2169 1606 2196 ἕνωσιν
1623 2169 1826 2205 ὀνομαζομένην

195 2217 234 2243 tio
253 2221 304 2248 est,
325 2217 350 2243 id
373 2221 502 2251 tanquam
523 2216 675 2244 Dodecadis
695 2226 751 2244 sua}
779 2219 894 2253 figuram
913 2220 985 2246 arri-

1037 2216 1224 2252 Τριακοντάδα
1244 2215 1288 2242 διὰ
1307 2216 1357 2250 τῆς
1375 2216 1522 2251 τριάκοντα
1538 2216 1633 2251 πηχῶν
1651 2216 1681 2242 τὸ
1697 2215 1762 2251 ὕψος
1780 2217 1827 2243 ἐπὶ

195 2263 283 2298 piunt.
301 2262 360 2289 lant
391 2263 570 2290 tricenarium
584 2283 591 2295 ,
616 2263 663 2298 qui
680 2271 712 2290 ex
731 2264 841 2291 illorum
859 2265 982 2292 omnium

193 2309 389 2344 conjunctione
417 2309 559 2340 nascitur,
578 2308 640 2342 ejus
659 2317 740 2340 arcae,
759 2318 840 2344 quam
864 2309 984 2338 Noemus

193 2355 346 2386 exstruxit,
375 2354 510 2381 tricenum
541 2353 697 2380 cubitorum
727 2354 842 2391 altitudo
869 2355 983 2382 deurunt-

194 2404 264 2427 slrat
281 2400 312 2426 “.
328 2399 427 2426 Deinde
445 2399 554 2425 Samuel
571 2399 617 2433 qui
632 2399 741 2426 Saulcm
756 2407 837 2434 supra
851 2400 962 2435 triginta
973 2420 981 2432 ,

193 2453 263 2481 quos
278 2445 426 2479 adcpulum
443 2444 582 2476 invitarat,
592 2444 677 2478 jussit
688 2446 852 2472 accumbere
865 2446 898 2471 ”.
913 2445 980 2472 Tum

193 2492 307 2526 insuper
325 2491 565 2525 David,quatcuus
582 2490 693 2524 triginta
705 2495 779 2518 tutos
796 2491 856 2518 dies
872 2492 899 2518 in
916 2500 982 2527 agro

192 2537 301 2565 delituit
315 2536 337 2552 ¹³
351 2546 358 2570 ;
374 2541 403 2563 ut
421 2541 448 2563 et
464 2537 501 2565 illi
515 2538 561 2572 qui
580 2537 613 2564 ad
629 2538 717 2572 ipsum
730 2545 759 2565 se
777 2538 804 2564 in
824 2538 981 2572 speluncam

227 2617 236 2632 ι
252 2615 320 2644 Gen.
332 2623 370 2647 vr.
387 2617 418 2643 Η
432 2625 492 2651 sqq.
532 2617 542 2632 ¹
561 2616 652 2651 chg.
667 2625 721 2648 xvi.
738 2617 781 2643 Η.

192 2659 239 2688 αι,
257 2652 302 2688 ξι.
341 2651 442 2688 7Joau.
465 2652 582 2688 utili.
619 2653 630 2668 ⁸
646 2652 729 2679 Exod.
753 2659 848 2684 xxvm,
876 2653 894 2678 4
925 2661 985 2688 sqq.

192 2687 240 2714 "l
257 2686 323 2721 lteg.
343 2695 380 2718 Ix,
396 2687 441 2714 ‘22.
482 2686 528 2714 ⁸³1
547 2686 614 2722 Reg.
631 2696 676 2719 xx.
690 2688 734 2714 15.

229 2757 285 2792 (35)
312 2757 363 2784 Ἐν
385 2757 447 2790 τοῖς
464 2758 621 2791 τριάκοντα
642 2758 774 2791 κλητοῖς.
796 2756 928 2785 Tricenos
948 2757 982 2785 ad

191 2793 347 2854 Eonvirium
361 2793 499 2820 adhibitos
512 2793 594 2820 Hebr.
609 2794 723 2828 acVulg.
739 2792 848 2820 codices
864 2793 981 2827 habent;

217 2835 277 2855 met
294 2835 356 2854 ιη.

368 2863 417 2890 διὰ
433 2863 530 2898 Δαϐἱδ,
542 2863 591 2890 ὅτε
603 2864 650 2891 ἐπὶ
668 2863 827 2898 τριάκοντα
845 2862 976 2897 ἡμέραις.

820 2617 830 2632 ⁸
842 2616 910 2644 Gen.
927 2625 994 2649 xvu,
1013 2617 1056 2644 10.
1094 2618 1105 2634 ⁸
1120 2618 1188 2646 Gen.
1207 2628 1263 2651 xw.
1275 2619 1302 2646 3.
1340 2620 1351 2636 ⁵
1366 2620 1433 2647 Gen.
1451 2628 1525 2651 xxxv,
1540 2620 1584 2652 55,
1602 2620 1646 2647 55.

820 2660 848 2681 ιι,
876 2653 894 2678 4
925 2661 985 2681 sou.
1025 2653 1106 2681 ⁸105.
1133 2661 1169 2681 tv.
1193 2655 1218 2681 5.
1259 2655 1281 2670 ¹⁰
1296 2654 1329 2681 Ill
1342 2654 1501 2681 Remxvm.
1521 2655 1565 2681 51.
1604 2656 1646 2678 “1

1066 2661 1106 2681 os.
1133 2661 1169 2686 iv,
1193 2661 1218 2682 ο.

1039 2262 1099 2288 Νῶε
1128 2261 1256 2292 κιῦωτοῦ.
1280 2262 1327 2288 καὶ
1344 2262 1388 2289 διὰ
1410 2263 1536 2298 Σαμουὴλ
1555 2263 1764 2294 κατακλίναντος
1781 2263 1827 2290 τὸν

1038 2308 1124 2335 Σαοὺλ
1135 2310 1163 2334 ὲν
1177 2310 1232 2340 τοῖς
1246 2309 1394 2344 τριάκοντα
1407 2309 1515 2344 κλητοῖς
1526 2309 1581 2345 (55)
1598 2309 1715 2344 πρῶτον,
1730 2310 1776 2336 καὶ
1783 2310 1826 2337 διὰ

1037 2354 1128 2386 Δαὸὶδ,
1145 2355 1188 2380 ὅτε
1216 2355 1261 2381 ἐπὶ
1273 2354 1420 2390 τριάκοντα
1443 2348 1560 2390 ἡμέραις
1576 2355 1633 2390 (56)
1655 2355 1783 2391 ὲκρύϐετο
1797 2357 1825 2383 ἐν

1036 2400 1074 2436 τῷ
1097 2400 1184 2436 ἀγρῷ,
1202 2401 1250 2427 καὶ.
1271 2400 1314 2426 διὰ
1334 2400 1387 2427 τῶν
1410 2400 1634 2437 συνεισελθόντῳν
1652 2401 1726 2437 αὐτῷ
1740 2403 1780 2434 εἰς
1795 2402 1825 2428 τὸ

1037 2446 1167 2482 σπήλαιον
1181 2448 1191 2482 (
1199 2446 1317 2482 Ἰσραήλ)
1326 2454 1333 2461 ·
1344 2447 1391 2473 καὶ
1404 2446 1448 2472 διὰ
1463 2446 1552 2479 τοῦτο,
1561 2447 1592 2474 τὸ
1607 2448 1693 2482 μῆκος
1706 2449 1824 2482 γίνεσθαι

1035 2493 1085 2527 τῆς
1114 2493 1194 2526 ἁγίας
1220 2493 1325 2528 Σκηνῆς
1345 2493 1490 2528 τριάκοντα
1515 2492 1618 2528 πηχῶν.
1642 2493 1697 2520 Καὶ
1722 2493 1749 2519 εἴ
1767 2502 1825 2520 τινα

1036 2539 1104 2565 ἄλλα
1117 2539 1249 2575 ἰσάριθμα
1268 2539 1372 2570 τούτοις
1389 2539 1556 2574 εὑρίσκουσι,
1573 2539 1623 2575 τὴν
1640 2539 1825 2575 Τριακοντάδα

1686 2621 1696 2636 ³
1711 2618 1743 2646 Ill
1759 2618 1822 2653 Reg.

1259 2655 1281 2670 ¹⁰
1296 2654 1329 2682 Ill
1342 2654 1410 2690 Reg.
1424 2663 1501 2689 xvui,
1521 2655 1565 2683 51.
1604 2656 1625 2671 ²¹
1642 2654 1710 2683 Gen.
1725 2663 1763 2687 Vl,
1781 2655 1824 2682 t5.

1038 2758 1089 2786 Ubi
1105 2759 1317 2794 scriptumjllud
1332 2764 1420 2788 exstet
1436 2759 1502 2787 mihi
1518 2766 1572 2786 non
1587 2759 1716 2786 occurrit.
1731 2758 1784 2785 Sed
1797 2759 1822 2786 in

1037 2794 1118 2835 nugis
1132 2801 1164 2822 ac
1178 2796 1293 2824 somniis
1316 2795 1419 2824 frustra
1443 2795 1626 2824 constantiam
1645 2802 1677 2822 ac
1693 2795 1822 2822 rationem

1037 2837 1140 2865 exrgas.
