1952 3045
82 199 136 227 617

83 261 175 288 αὐτῶν
191 261 236 288 διὰ
255 261 310 288 τῶν
325 262 455 291 τοιούτων
470 263 651 292 ἐπιδεικνύναι
668 264 878 301 φιλεριστοῦσιν.

405 202 592 233 ADVERSUS
611 203 784 233 HASBESES
804 205 868 233 LIB.
890 206 910 233 l.
931 205 1014 235 TUM.
1035 206 1079 236 Ill.
1100 223 1135 228 —
1154 206 1289 236 HlERES.
1310 207 1431 236 XXXIV.

1672 207 1724 236 518

936 271 1129 304 aggregarunt.
1154 267 1241 301 Quam
1257 270 1339 296 etiam
1363 268 1398 296 ob
1417 275 1529 296 causam
1546 268 1656 304 triginta
1673 277 1724 297 Cll-

84 307 159 335 bitos
175 309 346 337 tabernaculi
364 310 504 346 longitudo
518 312 615 347 patuit.
630 313 671 341 Ac
695 314 719 341 si
740 321 795 349 qua
823 319 889 342 sunt
908 315 961 342 alia
986 316 1044 351 pari
1073 316 1272 352 comprehensa
1289 324 1423 350 numero,
1458 323 1537 344 suum
1553 317 1586 344 ad
1605 318 1724 346 tricena-

83 356 157 383 rium
175 357 409 385 accommodanda
425 367 486 387 esse
501 360 635 388 acerrime
649 362 831 389 contendunt.

121 404 175 430 ΠΡ.
203 404 364 439 Ἀναγκαῖον
394 407 400 422 ¹
428 407 575 443 ἡγησάμην
601 409 759 444 προσθεῖναι
777 410 866 438 τούτοι

969 406 1063 434 XVIII.
1083 406 1190 440 Quibus
1217 407 1345 435 omnibus
1373 406 1546 443 adiungenda
1573 408 1722 446 Scriptum

82 449 132 478 καὶ
147 450 197 478 ὅσα
216 452 280 487 περὶ
303 452 349 479 τοῦ
367 453 544 490 Προπάτορος
569 455 668 489 αὐτῶν,
689 457 718 488 ὃς
739 457 879 492 ἄγνωστος

82 493 118 532 ἦν
130 498 187 528 τοῖς
201 498 266 524 πᾶσι
286 498 339 534 πρὸ
358 499 407 535 τῆς
421 500 468 526 τοῦ
486 501 604 536 Χριστοῦ
620 503 780 539 παρουσίας,
800 503 878 530 ἐκλέ-

82 551 180 577 γοντες
194 545 226 570 ὲκ
237 545 292 570 τῶν
310 545 427 581 Γραφῶν
443 547 546 574 πείθειν
558 549 752 584 ἐπιχειροῦσιν,
769 550 801 577 ἶν’
819 551 876 576 ἐπι-

81 589 191 622 δείξωσι
207 590 253 616 τὸν
270 589 369 627 Κύριον
390 591 469 627 ἡμῶν
486 593 565 620 ἄλλον
579 595 797 629 καταγγέλλοντα
824 596 878 623 Πα-

82 634 151 670 τέρα
168 635 245 670 παρὰ
258 636 303 663 τὸν
320 637 433 673 ποιητὴν
451 638 527 665 τοῦδε
541 639 587 665 τοῦ
606 641 706 673 παντός
716 648 722 656 ·
735 641 774 675 ὂν,
787 642 878 674 καθὼς

82 681 254 717 προέφαμεν,
280 683 442 716 άσεὸοὖντες
453 705 460 717 ,
486 685 673 722 ὑστερήματος
688 688 792 724 καρπὸν
807 686 877 716 εἶναι

81 727 202 762 λέγουσι.
232 728 284 756 Τὸν
316 730 381 765 γοῦν
414 732 556 767 προφήτην
598 733 712 760 Ἡσαΐαν
745 735 874 766 εἰπόντα,

88 774 212 807 Ἰσραὴλ
227 775 261 801 δέ
270 784 309 810 με
328 776 383 802 οὐκ
400 776 487 811 ἔγνω,
504 777 553 804 καὶ
570 779 586 804 d
603 779 678 812 λαός
688 788 726 814 με
747 782 783 808 οὐ
800 789 875 808 συν-

81 819 150 854 ῆκε,
175 821 225 856 τὴν
247 821 295 848 τοῦ
318 822 434 858 ἀοράτου
459 823 545 851 Βυθοῦ
572 825 709 860 ἀγνωσίαν
735 828 875 863 εἰρηκέναι

83 866 297 903 μεθαρμόζουσι.
325 868 380 895 Καὶ
400 869 444 896 διὰ
476 870 554 906 Ὠσηὲ
579 872 609 898 τὸ
635 872 790 908 εἰρημένον,
814 875 875 902 Dim

80 912 210 939 ἐστινέν
224 913 326 947 αὐτοῖς
342 914 468 949 ἀλήθεια
481 916 552 943 οὐδὲ
562 917 725 953 ἐπίγνωσις
740 920 823 952 Θεοῦ,
835 921 876 952 εις

80 958 111 985 τὸ
137 959 203 985 αὐτὸ
231 960 379 987 συντείνειν
402 961 550 996 βιάζονται.
573 963 638 995 Καὶ,
667 965 727 992 οὐκ
752 965 838 992 ἔστιν
858 967 875 993 ὁ

80 1004 206 1037 συνιὼν,
228 1005 247 1039 ἢ
261 1004 394 1039 ἐκζητῶν
408 1007 463 1034 τὸν
475 1009 558 1035 Θεόν.
569 1009 684 1043 Πάντες
699 1010 872 1045 ἐξέκλιναν,

80 1050 142 1085 ἅμα
172 1051 390 1086 ὴχρειώθησαν,
414 1053 461 1080 ἐπὶ
480 1054 531 1090 τῆς
553 1055 600 1082 τοῦ
627 1056 714 1083 Βυθοῦ
735 1058 874 1092 dio/mala;

79 1097 216 1124 τάττουσι.
230 1097 286 1125 Καὶ
301 1097 332 1124 τὸ
348 1098 392 1125 διὰ
404 1100 544 1133 Μωῦσέως
558 1100 586 1127 δὲ
597 1102 752 1138 εἰρημένον,
768 1104 873 1137 Οὐδεὶς

78 1144 184 1178 ὄψεται
200 1144 255 1171 τὸν
269 1145 353 1177 θεὸν,
365 1145 415 1173 καὶ
424 1145 555 1180 ζήσεται,
564 1148 604 1180 εις
614 1149 717 1175 ἐκεῖνον
729 1149 800 1184 ἔχειν
815 1151 873 1177 πει-

78 1189 155 1216 Θουσι
167 1190 216 1226 τὴν
235 1191 385 1228 ἀναφοράν.
400 1191 452 1219 Τὸν
470 1193 519 1228 μὲν
532 1193 586 1229 γὰρ
598 1194 718 1230 Ποιητὴν
733 1195 873 1230 ἐπιψευδό-

79 1244 155 1271 μενοι
183 1236 235 1263 ὑπὸ
255 1236 310 1264 τῶν
325 1238 474 1273 προφητῶν
495 1239 633 1274 ἑωρᾶσθαι
647 1239 773 1274 λέγουσι·
785 1240 816 1268 τὸ
832 1241 870 1273 δὲ,

79 1282 185 1316 Οὐδεὶς
211 1283 315 1318 ὄψεται
336 1284 391 1312 τὸν
406 1284 494 1316 Θεὸν,
516 1284 565 1311 καὶ
587 1284 716 1318 ζήσεται,
739 1287 803 1322 περὶ
823 1286 870 1313 τοῦ

77 1328 195 1363 ἀοράτου
214 1329 346 1364 μεγέθους
363 1330 410 1357 καὶ
422 1329 563 1365 ἀγνώστου
581 1332 637 1363 τοῖς
649 1332 732 1358 πᾶσιν
745 1332 870 1368 εἰρῆσθαι

77 1375 192 1401 θέλουσι.
209 1376 264 1402 Καὶ
288 1376 328 1403 ὅτι
354 1376 402 1411 μὲν
416 1375 541 1411 περὶτοῦ
563 1377 678 1412 ἀοράτου
699 1378 804 1414 Πατρὸς
825 1379 871 1405 καὶ

76 1420 190 1456 ποιητοῦ
215 1421 270 1447 τῶν
295 1420 364 1448 ὅλων
392 1421 499 1456 εἴρηται
515 1421 555 1453 τὸ,
574 1421 679 1455 Οὐδεὶς
699 1422 803 1457 ὄψεται
817 1423 871 1450 τὸν

77 1467 162 1499 Θεὸν,
184 1468 268 1494 πᾶσιν
285 1468 351 1503 ἡμῖν
377 1467 493 1503 φανερόν
513 1468 603 1494 ἐστιν·
618 1469 659 1495 ὅτι
682 1469 710 1495 δὲ
734 1469 794 1496 οὐδὲ
806 1471 870 1503 περὶ

75 1512 123 1539 τοῦ
144 1513 190 1539 ἐπὶ
200 1514 210 1529 ¹
227 1513 329 1540 τούτων
344 1514 596 1550 παρεπινοουμένου
611 1514 708 1547 Βυθοῦ,
723 1516 791 1543 ἀλλὰ
806 1517 869 1552 περὶ

75 1558 123 1586 τοῦ
152 1560 334 1596 Δημιουργοῦ⁷
360 1561 406 1587 καὶ
426 1560 506 1593 αὑτός
529 1562 603 1587 ἐστιν
621 1562 635 1587 ὁ
652 1561 768 1597 ἀόρατος
792 1562 867 1594 θεὸς,

75 1604 247 1641 δειχθήσεται
259 1605 306 1632 τοῦ
330 1605 410 1640 λόγου
427 1606 578 1642 προϊόντος.
600 1607 655 1633 Καὶ
670 1606 716 1633 τὸν
732 1607 831 1643 Δανιὴλ
841 1608 868 1634 δὲ

73 1651 106 1677 τὸ
116 1651 181 1678 αὐτὸ
191 1651 269 1678 τοῦτο
285 1652 427 1687 σημαίνειν
445 1653 474 1678 ἐν
491 1652 530 1688 τῷ
541 1653 681 1688 ἐπερωτᾷν
696 1652 742 1680 τὸν
756 1652 869 1688 ἄγγελον

74 1698 125 1730 τὰς
142 1697 281 1730 ὶπιλύσεις
295 1698 348 1725 τῶν
362 1698 534 1733 παραϐολῶν,
552 1698 591 1730 ὡς
610 1699 648 1734 μὴ
673 1699 770 1726 εἰδότα.
789 1699 869 1728 Ἀλλὰ

932 453 1089 482 testimonia
1126 454 1238 488 putavi,
1263 453 1365 488 quibus
1387 460 1437 481 sua
1463 454 1509 482 illa
1540 454 1574 483 de
1589 463 1721 492 supremo

929 498 1046 526 Parente
1063 499 1169 526 somnia
1196 497 1320 526 stabilire
1337 503 1490 531 conantur,
1504 501 1549 535 qui
1571 506 1721 538 antequam

929 545 1057 572 Christus
1073 544 1223 577 adveniret,
1234 545 1362 572 omnibus
1373 550 1431 573 erat
1444 546 1563 581 ignotus.
1580 547 1636 575 Hoc
1648 550 1721 577 enim

929 590 1118 618 demonstrare
1131 589 1241 618 student
1255 597 1262 616 :
1278 589 1385 618 Patrem
1398 591 1492 625 alium,
1507 601 1588 628 quam
1601 596 1720 624 universi

928 636 1114 668 conditorem,
1130 643 1144 663 a
1157 636 1271 664 Christo
1287 636 1402 664 Omnino
1417 637 1503 666 fuisse
1517 639 1693 674 [medicatum
1710 651 1718 675 ;

928 690 1009 716 quem
1024 682 1118 714 etiam,
1136 686 1165 709 ut
1183 687 1247 709 ante
1263 683 1399 716 diximus,
1416 691 1448 712 ex
1464 684 1570 713 deiectu
1590 691 1720 722 tanquam

929 728 1046 756 fructum
1067 729 1219 757 elﬂoruisse
1245 730 1425 758 contendunt.
1447 731 1526 767 253
1553 732 1632 766 Quod
1646 735 1719 762 enim

927 774 1013 803 Isaias
1029 776 1162 811 propheta
1177 776 1246 803 dixit
1261 784 1268 802 :
1286 775 1374 803 Israel
1388 786 1448 805 vero
1463 787 1503 805 me
1519 787 1569 806 non
1583 782 1718 816 cognovit,

926 826 950 848 et
961 821 1073 855 populus
1089 829 1129 847 me
1145 829 1197 847 non
1214 820 1376 852 intellexit‘,
1390 821 1416 848 id
1429 822 1463 848 ad
1478 822 1551 850 illius
1566 822 1655 859 Bythi.
1670 825 1718 859 qui

926 866 1046 893 discerni
1061 866 1151 893 oculis
1166 866 1270 901 nequit,
1283 865 1482 901 ignorationem
1496 870 1716 897 accommodant.

927 913 996 939 Tum
1015 912 1092 944 illud,
1109 912 1182 948 quod
1196 916 1238 940 est
1253 913 1324 948 apud
1338 912 1436 940 Oscam
1453 922 1460 940 :
1479 913 1540 941 Non
1556 920 1594 942 est
1606 915 1633 942 in
1649 916 1717 951 ipsis

925 959 1040 991 veritas,
1062 965 1143 993 neque
1164 959 1278 993 cognitio
1300 958 1350 986 Dei
1372 959 1401 991 ⁵,
1421 959 1517 987 eodem
1542 960 1716 988 referendum

925 1003 1093 1032 existimant.
1111 1003 1177 1030 Item
1194 1012 1200 1029 :
1219 1003 1281 1032 Non
1297 1010 1338 1032 est
1351 1005 1396 1040 qui
1412 1005 1553 1041 intelligat.
1568 1011 1614 1032 aut
1627 1007 1717 1042 requi-

925 1055 969 1077 rat
985 1049 1078 1077 Deum.
1094 1049 1191 1078 Omnes
1206 1049 1413 1083 declinaverunt,
1430 1051 1510 1078 simul
1527 1052 1635 1079 inutiles
1649 1053 1715 1087 facti

924 1102 985 1123 sunt
997 1096 1022 1129 ‘;
1039 1096 1071 1123 ad
1083 1096 1207 1124 eamdem
1223 1095 1302 1132 Bythi
1320 1096 1519 1131 ignorationem
1532 1097 1714 1125 transferunt.

924 1140 992 1168 Illud
1007 1141 1120 1176 insuper
1131 1149 1164 1169 eo
1179 1141 1315 1176 pertinere
1327 1145 1450 1174 censent,
1466 1141 1539 1176 quod
1551 1142 1622 1178 apud
1638 1142 1715 1179 Moy-

925 1195 972 1214 sen
985 1187 1083 1222 legitur
1098 1195 1105 1213 :
1124 1186 1208 1214 Nemo
1224 1186 1319 1214 uidebit
1334 1186 1427 1219 Deum,
1442 1191 1466 1214 et
1486 1187 1552 1215 vivet
1567 1188 1588 1215 ⁷.
1608 1187 1715 1216 Etenim

923 1233 1099 1261 Conditorem
1120 1233 1159 1260 illi
1177 1233 1310 1261 duntaxat
1334 1240 1348 1259 a
1368 1234 1509 1268 prophetis
1533 1239 1713 1270 conspectum

924 1278 1010 1306 fuisse
1030 1285 1173 1314 perperam
1191 1278 1297 1305 volunt.
1313 1277 1386 1306 Istud
1403 1286 1469 1306 vero
1487 1286 1493 1304 :
1511 1278 1596 1306 Nemo
1616 1280 1714 1308 videbit

923 1325 1006 1353 Deum
1018 1346 1025 1358 ,
1053 1330 1077 1353 et
1093 1326 1156 1353 vivet
1168 1346 1176 1358 ,
1201 1326 1236 1354 de
1257 1326 1401 1361 majestate
1420 1325 1464 1353 illa
1480 1334 1540 1362 qua:
1557 1334 1608 1356 nec
1625 1329 1714 1363 aspici

923 1372 1021 1407 possit,
1039 1376 1066 1400 et
1089 1373 1181 1407 ignota
1206 1373 1242 1400 sit
1263 1372 1393 1400 omnibus
1416 1374 1623 1406 pronuntiatum
1639 1374 1713 1402 allir-

923 1421 1008 1444 Inant.
1028 1418 1128 1445 Verum
1148 1418 1182 1446 de
1206 1426 1315 1446 summo
1334 1419 1391 1449 illo,
1407 1418 1454 1453 qui
1479 1419 1566 1446 videri
1583 1427 1638 1447 non
1662 1429 1712 1455 po-

923 1467 985 1495 test,
1001 1462 1082 1491 Patre
1096 1471 1128 1490 ac
1144 1464 1292 1492 Conditore
1304 1466 1424 1492 omnium
1440 1465 1506 1492 illud
1528 1466 1617 1501 ipsum
1633 1474 1702 1494 usur

922 1510 979 1544 pari
995 1518 1001 1536 ε
1019 1509 1104 1537 Nemo
1119 1510 1214 1537 uidebit
1227 1510 1321 1542 Deum,
1336 1510 1415 1539 facile
1426 1519 1524 1540 omnes
1543 1512 1710 1548 intelligunt.

922 1556 994 1584 Idem
1009 1565 1073 1585 vero
1090 1565 1144 1585 non
1161 1557 1194 1584 ad
1211 1557 1360 1586 confictam
1372 1558 1448 1586 illum
1458 1559 1492 1586 ab
1505 1558 1566 1586 istis
1578 1559 1692 1594 Bythum
1702 1580 1710 1592 ,

921 1602 968 1630 sed
992 1601 1025 1629 ad
1054 1610 1145 1630 rerum
1163 1603 1285 1630 omnium
1300 1603 1426 1638 opificem
1448 1605 1613 1636 convenire,
1632 1612 1711 1632 eum-

920 1655 973 1682 que
998 1655 1048 1674 nec
1071 1647 1263 1682 aspectabilem
1277 1655 1337 1676 esse
1362 1648 1466 1682 Deum,
1481 1656 1496 1676 a
1511 1648 1591 1677 nobis
1616 1655 1712 1685 postea

920 1693 1166 1721 detnonstrahitur.
1183 1693 1295 1721 Addunt
1318 1694 1344 1722 id
1364 1695 1446 1722 etiam
1471 1695 1642 1730 signiﬁcasse
1657 1696 1711 1723 Da-

73 1743 124 1770 καὶ
139 1743 184 1771 τὸν
201 1744 317 1778 ἄγγελον
331 1745 573 1781 ἀποκρυπτόμενον
587 1745 633 1771 ἀπ’
649 1745 731 1772 αὐτοῦ
747 1745 778 1772 τὺ
794 1746 865 1781 μέγα

923 1739 1030 1772 uiclem,
1046 1747 1108 1767 cum
1124 1740 1158 1766 ab
1174 1740 1273 1775 angelo
1292 1740 1484 1775 parabolarum
1505 1742 1711 1776 interpretatio-

76 1790 225 1826 μυστήριον
239 1790 286 1817 τοῦ
306 1791 392 1818 Βιδθοῦ
415 1792 502 1818 εἰπεῖν
516 1790 591 1826 αὐτῷ
601 1799 607 1805 ·
636 1791 800 1826 Ὰπότρεχε,
813 1794 866 1819 Δα-

74 1835 161 1870 νιήλ·
181 1834 265 1864 οὗτοι
282 1837 337 1872 γὰρ
366 1839 393 1865 οὶ
415 1838 500 1873 λόγοι
519 1837 758 1872 ἐμπεφραῃιένοι
777 1838 865 1870 εἰσὶν,

72 1882 127 1915 ἓως
141 1884 168 1910 ol
179 1882 337 1917 συνιέντες
359 1883 498 1915 συνιῶσι,
510 1883 559 1910 καὶ
571 1884 598 1910 οἱ
614 1884 716 1910 λευκοὶ
736 1885 865 1911 λευκαν-

73 1928 148 1956 θῶσι
161 1929 219 1964 (5'1)
232 1938 239 1944 '
258 1930 305 1956 καὶ
327 1930 426 1963 αὐτοὺς
448 1928 596 1961 εἶναιτοὺς
613 1929 744 1963 λευκοὺς,
765 1933 812 1958 καὶ
835 1929 864 1958 εὖ

74 1975 214 2007 συνιέντας
230 1975 353 2012 αὐχοῦσι.

108 2066 181 2102 Πρὸς
204 2066 233 2093 δὲ
259 2066 370 2099 τούτους
400 2067 539 2104 ἀμύθητον
566 2068 669 2104 πλῆθος
699 2068 865 2104 ἁποκρύφων

72 2112 121 2139 καὶ
133 2112 217 2139 νόθων
234 2113 353 2148 γραφῶν,
362 2112 395 2145 ἃς
403 2114 481 2140 αὐτοὶ
495 2114 624 2148 ἔπλασαν,
637 2115 866 2150 παρεισφέρουσιν

72 2159 113 2190 εἰς
127 2159 298 2195 κατάπληξιν
318 2159 372 2186 τῶν
391 2160 524 2195 ἀνοήτων,
550 2161 598 2187 καὶ
621 2160 656 2187 τὰ
669 2160 719 2196 τῆς
737 2160 865 2196 ἀληθείας

75 2205 112 2241 μὴ
141 2205 330 2240 ἐπισταμένων
357 2205 519 2242 γράμματα.
544 2206 865 2243 Προσπαραλαμὸάνουσι

71 2251 101 2278 δὲ.
118 2253 158 2283 εις
180 2252 259 2279 τοῦτο
273 2253 383 2280 κάκεῖνο
409 2253 439 2279 τὸ
465 2252 664 2289 ῥᾳδιούργημα,
687 2252 725 2284 ὡς
744 2252 791 2279 τοῦ
811 2253 865 2279 Ku-

73 2297 132 2333 ρίου
148 2298 183 2325 τὰ
199 2298 243 2325 διὰ
258 2298 305 2325 τοῦ
319 2299 479 2326 διδασκάλου
495 2299 505 2314 ³
518 2298 594 2335 αὐτῷ
612 2300 759 2334 φήσαντος,
775 2298 865 2331 καθὼς

72 2343 132 2375 ἔθος
145 2344 229 2376 ἐστὶν,
244 2345 311 2371 Εἰπὲ
325 2344 407 2379 ἄλφα,
422 2345 622 2380 ἀποκρίνασθαι
637 2345 668 2372 τὸ
683 2344 765 2380 ἄλφα.
782 2345 866 2372 Πάλιν

72 2398 102 2416 τε
119 2390 149 2416 τὸ
165 2389 234 2425 βῆτα
248 2391 295 2417 τοῦ
312 2391 472 2418 διδασκάλου
488 2391 665 2423 κελεύσαντος
683 2392 781 2423 εἰπεῖν,
799 2392 866 2418 ἀπο-

921 1793 983 1812 ncm
1011 1785 1084 1812 velut
1106 1785 1218 1820 ignarus
1243 1786 1373 1822 postulat.
1400 1786 1532 1822 Angelum
1556 1796 1623 1816 vero
1651 1797 1710 1816 ma-

919 1840 1001 1864 mum
1022 1832 1100 1868 Bythi
1118 1833 1278 1869 mysterium
1301 1833 1391 1861 celare
1416 1835 1570 1870 cupientem
1595 1836 1632 1862 ita
1666 1844 1710 1863 re-

919 1879 1080 1914 spondisse:
1100 1879 1181 1912 Vade,
1194 1879 1374 1915 Daniel;quia
1390 1880 1474 1918 claua:~
1485 1881 1709 1917 sunt.signa!ique

918 1933 1051 1952 sermones
1062 1945 1070 1958 ,
1083 1934 1217 1961 quousque
1237 1926 1411 1962 intelligente;
1429 1927 1580 1962 intelligant
1590 1949 1597 1960 ,
1611 1933 1635 1955 et
1652 1928 1708 1955 albi

920 1971 1076 1999 dealbentur
1091 1972 1110 1998 ⁸.
1132 1972 1167 2000 Se
1197 1972 1269 2000 enim
1287 1973 1365 2000 albos
1389 1973 1451 2001 illos
1472 1977 1500 2001 et
1525 1973 1708 2010 intelligentes

917 2025 980 2045 esse
994 2017 1158 2052 gloriantur.

953 2064 1176 2100 Apocrypharum
1191 2068 1333 2100 praeterea,
1351 2068 1378 2092 et
1395 2065 1608 2092 adulterinarum
1632 2065 1709 2093 scri-

917 2116 1078 2146 pturarum.
1102 2119 1170 2146 quas
1195 2111 1305 2146 ipsimet
1330 2112 1478 2138 comtnenli
1507 2117 1581 2144 sunt,
1614 2112 1705 2140 infmi-

918 2161 973 2184 tam
1000 2157 1200 2184 multitudinem
1221 2157 1380 2190 obtrudunt,
1403 2158 1503 2192 quibus
1531 2158 1664 2194 imperitis
1676 2167 1708 2187 ac

917 2210 1110 2239 germanarum
1131 2202 1334 2238 Scriptttrarum
1357 2203 1459 2238 ignaris
1478 2207 1617 2239 stuporem
1635 2205 1707 2240 obji-

918 2249 1002 2277 eiant.
1023 2249 1093 2282 Quin
1115 2249 1180 2276 illud
1201 2249 1333 2277 scelerate
1348 2250 1494 2277 conlictum
1516 2250 1658 2284 proferunt
1680 2253 1706 2278 in

917 2295 1037 2323 medittm
1059 2294 1232 2326 :Christum,
1259 2303 1325 2330 puer
1357 2303 1419 2323 cutn
1438 2301 1530 2328 esset,
1548 2297 1708 2333 litterasque

917 2341 1047 2373 disceret,
1063 2341 1181 2377 jubenti,
1197 2346 1227 2368 ut
1242 2342 1353 2374 assolet,
1367 2343 1539 2377 praeceptori,
1550 2343 1598 2370 Dic
1613 2344 1705 2380 alpha,

918 2388 1019 2423 Alpha,
1032 2387 1217 2423 respondisse.
1237 2387 1357 2415 Rursum
1370 2392 1399 2415 ut
1414 2389 1475 2416 beta
1489 2388 1592 2417 diceret
1609 2391 1708 2424 praeci-

71 2435 216 2471 κρίνασθαι
226 2436 272 2462 τὸν
287 2436 388 2472 Κύριον
401 2445 409 2452 ο
426 2437 462 2463 Σύ
484 2446 529 2472 μοι
541 2437 674 2473 πρότερον
691 2437 751 2464 εἰπὲ
768 2437 795 2464 τί
807 2439 865 2464 ἐστι

923 2435 1022 2470 picnti,
1048 2434 1226 2469 respondisse
1256 2434 1420 2462 Dominum:
1438 2434 1478 2462 Tu
1500 2435 1566 2462 tuihi
1587 2436 1706 2471 primum

71 2482 101 2508 τὸ
111 2481 194 2516 ἄλφα,
211 2482 259 2509 καὶ
269 2482 329 2509 τότε
343 2491 385 2509 σοι
399 2482 451 2518 ὲριῖ.
468 2483 492 2510 τί
508 2483 566 2510 ἐστι
579 2483 609 2510 τὸ
623 2483 700 2518 βῆτα.
718 2483 772 2510 Καὶ
784 2483 863 2510 τοῦτο

70 2527 242 2562 ἐξηγοῦνται,
260 2528 298 2560 ὡς
314 2527 396 2555 αὐτοῦ
415 2529 496 2564 μόνου
509 2528 539 2555 τὸ
555 2528 693 2564 ἄγνωστον
711 2529 862 2563 ἐπισταμέ-

70 2583 127 2606 νου,
142 2574 157 2600 ὅ
177 2574 351 2610 ἐφανέρωσεν
372 2575 401 2601 ὲν
420 2575 458 2610 τῷ
475 2575 552 2610 τύπῳ
575 2574 622 2601 τοῦ
646 2575 728 2609 ἄλφα.
745 2575 863 2602 "Eme:

71 2621 118 2647 καὶ
138 2620 194 2646 τῶν
212 2621 241 2648 ὲν
260 2621 299 2656 τῷ
314 2621 473 2656 Εὑαγγελίῳ
495 2621 630 2657 κειμένων
651 2622 691 2653 εις
706 2620 800 2648 τοῦτον
818 2621 863 2647 τὸν

70 2666 234 2702 χαρακτῆρα
256 2667 492 2702 μεθαρμόζουσιν⁴
522 2667 560 2699 ὼς
584 2667 633 2702 τὴν
652 2666 721 2703 πρδς
738 2667 788 2702 τὴν
811 2676 863 2703 μη-

70 2712 136 2748 τέρα
156 2712 238 2740 αὐτοῦ
260 2713 441 2745 δωδεκαετοῦς
463 2713 539 2745 ὄντος
563 2713 709 2750 ἀπόκρισιν
722 2722 729 2728 ·
748 2715 809 2741 Οὺκ
821 2714 865 2740 οἴη

109 2802 206 2830 'Addc
217 2802 256 2831 δέ.
314 2805 324 2820 ³
343 2804 412 2830 lren.
436 2803 466 2830 οὐ
490 2803 554 2838 περὶ
576 2802 623 2829 τοῦ
648 2803 710 2830 ὑπό.

71 2835 209 2871 θάνοντος,
225 2839 271 2865 καὶ
295 2838 343 2865 τοῦ
362 2839 446 2866 διδασ.
487 2838 498 2854 ⁸
514 2835 566 2866 Ιὲιι.
586 2846 604 2870 ι,
622 2838 649 2866 5.
686 2839 697 2854 ⁵
710 2837 773 2866 Ose.
790 2835 868 2871 tv,'t.

917 2481 983 2517 quid
1004 2482 1040 2509 sit
1059 2480 1139 2516 alpha
1168 2481 1264 2512 dicito.
1281 2485 1338 2508 tum
1358 2489 1407 2517 ego
1431 2482 1495 2517 quid
1519 2481 1555 2510 sit
1577 2482 1639 2510 beta
1661 2492 1706 2512 re-

918 2527 1070 2563 spondebo.
1087 2527 1166 2560 Quod
1183 2527 1221 2554 illi
1234 2527 1273 2555 sic
1294 2527 1521 2563 interpretantur,
1535 2529 1614 2564 quasi
1630 2530 1706 2559 solus

918 2573 994 2609 quod
1021 2577 1082 2600 erat
1108 2573 1231 2608 ignotum
1248 2573 1424 2608 intelligeret;
1440 2573 1522 2608 idque
1545 2573 1596 2601 sub
1609 2574 1709 2603 litterae

917 2619 999 2654 alpha
1029 2619 1120 2654 specie
1148 2619 1290 2646 declarare
1312 2619 1404 2647 vellet.
1434 2618 1571 2646 Nonnulla
1595 2627 1708 2656 quoque

918 2674 980 2701 qua:
1002 2666 1029 2692 in
1054 2665 1200 2701 Evangelia
1226 2666 1368 2701 leguntur,
1390 2665 1424 2692 ad
1444 2665 1567 2694 eamdem
1590 2666 1707 2694 formam

921 2713 1069 2748 applicant.
1092 2712 1172 2740 Velut
1187 2712 1259 2748 quod
1286 2713 1367 2740 matri
1390 2720 1446 2740 suac
1462 2712 1606 2741 duodecim
1625 2717 1707 2740 natus

767 2802 776 2818 ³
791 2801 867 2837 Supp

923 2802 1040 2840 lumex
1074 2802 1144 2840 Iren.
1167 2803 1259 2840 παιδὸς
1279 2803 1365 2836 ὄντος,
1392 2804 1439 2840 κα).
1464 2803 1617 2840 γράμματα
1638 2811 1706 2840 μαν-

913 2838 922 2853 ⁶
936 2837 1008 2866 Psal.
1027 2846 1087 2871 ιιιιι,
1103 2838 1129 2865 5.
1167 2840 1176 2856 ⁷
1199 2838 1283 2867 Exod.
1304 2847 1400 2872 xxxtn,
1419 2839 1464 2867 20.
1485 2837 1598 2866 "'Dau.
1614 2846 1663 2870 ιιι,
1676 2838 1704 2865 9.

106 2941 164 2977 (57)
188 2941 241 2968 Καὶ
265 2943 291 2968 οἱ
313 2943 417 2970 λευκοὶ
443 2941 643 2970 λευκανθώσι.
663 2941 692 2972 In
713 2942 807 2971 Crch
826 2946 868 2970 est

923 2943 939 2969 ιί
955 2940 1164 2968 ἐκλευκανθῶςι.

174 2990 311 3021 ΡΔτιιοι..
330 2990 352 3019 G
359 3000 388 3020 ιι.
408 2992 432 3022 Χ
440 2992 474 3022 LI

1483 2986 1522 3015 20
