1952 3045
231 188 283 215 823

940 186 968 213 S.
988 185 1161 216 EPIPHANII

1817 188 1871 215 62'."

229 247 359 280 Spiritum
381 244 489 277 bonum,
505 249 530 272 et
551 244 640 272 Vitam
662 252 787 280 quoniam
807 246 835 272 in
857 253 966 280 carpare
983 254 1016 273 re-

1077 246 1275 281 ἐπικαλοῦμαι
1289 246 1354 279 Φῶς
1365 245 1592 281 ὀνομαζόμενον,
1606 245 1655 273 καὶ
1665 245 1786 281 Πνεῦμα
1798 247 1873 282 ἀγα-

227 293 327 329 gnasti.
344 291 461 324 Quidam
474 291 603 326 256m
619 291 835 327 redemptionem
851 292 1017 327 concipiunt.

227 339 365 366 Arcanum
388 342 415 365 et
434 338 574 365 occultum
594 337 628 364 ab
643 337 717 364 omni
731 336 874 364 divinitate
896 337 1022 364 domina-

227 393 311 422 tuque
336 392 368 412 ac
383 384 498 411 veritate
520 391 631 415 nomen,
657 383 730 418 quod
753 381 834 412 Jesus
860 382 1021 410 Nazareuus

227 433 330 464 induit,
348 432 376 459 in
400 431 465 458 vitis
488 429 601 457 lutninis
622 429 737 462 Christi,
763 429 878 462 Christi,
897 430 1020 465 inquam,

226 478 345 505 viventis
366 484 414 511 per
434 475 566 510 Spiritum
591 478 728 506 sanctum,
754 474 780 501 in
806 474 1020 510 redemptionem

226 524 389 560 angelicam,
411 528 511 548 nomen
536 519 738 547 restitutionis:
753 519 879 552 Messius,
894 519 1019 555 upliareg,

226 576 459 603 namempswman,
482 566 633 598 cltaldteun,
654 566 850 598 mosomedaca,
870 566 1019 600 acphranw,

225 625 321 652 psaua,
335 615 400 642 Jesu
423 613 544 641 nazaria.
566 612 632 645 Quae
655 612 707 639 hoc
738 612 821 639 tnodo
845 611 1019 647 interpretari

226 669 374 698 possumus
387 670 392 687 :
407 659 469 686 Non
493 658 581 686 divido
597 658 736 692 Spiritum,
757 657 820 691 Cor,
843 658 1021 693 Virtutemque

225 709 290 736 arto
310 708 500 739 sublimiorem,
519 704 715 732 misericordem
727 709 831 732 :macte
847 705 897 732 sint
916 705 1020 731 nomine

225 762 280 788 luo,
294 753 555 782 Salvatorveritatis.
570 752 632 779 llaec
647 753 711 779 dum
724 751 758 779 ab
771 751 942 779 antistitibus
955 758 1020 786 pro-

224 802 279 829 lata
297 805 372 832 sunt,
389 806 448 827 tum
472 799 519 834 qui
543 799 630 826 sacris
650 799 772 826 initiatur
791 798 827 825 ita
850 797 1018 833 respondet:

224 849 404 883 Conﬁrmatus
428 855 498 879 sunt,
519 855 550 873 ac
568 845 716 880 redemptus
731 853 739 872 :
754 851 779 872 et
794 845 884 872 anima
905 853 964 872 mea
985 843 1018 870 ab

223 895 272 922 Itoc
287 895 385 922 sa'culo
401 894 572 928 omnibusque
590 901 648 928 quae
661 892 693 920 ab
705 901 735 920 eo
748 897 820 924 sunt,
839 892 979 918 redimitur
992 891 1018 918 il

223 941 328 969 nomine
342 940 403 974 Jao,
414 940 459 975 qui
471 939 554 974 ipsius
566 938 675 966 redemit
691 937 808 964 animum
822 937 849 963 in
862 936 1018 971 redemptio-
1033 932 1054 959 Β

223 996 282 1015 item
303 988 330 1014 in
349 986 455 1014 Christo
472 986 579 1013 vivente.
603 985 643 1012 Ad
670 984 728 1011 inec
750 987 897 1020 praesentes
921 991 1017 1012 omnes

223 1034 386 1069 subjiciunt:
400 1033 457 1060 Pax
465 1031 620 1059 omnibusin
627 1031 720 1066 quibus
729 1039 822 1058 nomen
833 1030 904 1057 istud
914 1031 1016 1066 requie-

223 1080 284 1107 scit.
301 1079 403 1107 Deinde
418 1078 596 1114 opobalsama
611 1078 747 1105 initiatum
761 1081 927 1113 perungunt,
943 1077 1016 1112 quod

223 1126 355 1162 unguenti
369 1132 455 1161 genus
467 1123 679 1160 fragrantissimi
697 1124 771 1151 illius
789 1123 892 1155 odoris,
906 1123 952 1157 qui
971 1131 1018 1151 su-

223 1180 272 1208 pra
285 1171 377 1199 omnia
389 1175 441 1202 est,
459 1171 605 1206 imaginem
620 1177 682 1198 esse
699 1173 822 1198 censent.

1075 292 1139 325 θὸν,
1151 293 1199 319 λαὶ
1215 292 1301 326 Ζωήν
1312 299 1320 308 ⁸
1338 292 1383 319 ὅτι
1397 293 1433 319 ἐν
1446 291 1560 327 σώματι
1571 292 1784 326 ἐϐασίλευσας.
1804 293 1871 319 Ἀλ-

1074 338 1114 365 λοι
1137 338 1165 365 δὲ
1191 338 1273 366 πάλιν
1292 338 1341 374 τὴν
1359 338 1494 374 λύτρωσιν
1515 337 1688 372 ἐπιλέγουσιν
1709 338 1796 371 οὓτως
1810 347 1818 354 ·
1839 339 1871 365 τὸ

1073 385 1158 420 δνομα
1175 384 1206 411 τὸ
1224 384 1470 420 ἀποκεκρυμμένον
1484 384 1538 411 ἀπὸ
1557 384 1648 421 πάσης
1667 384 1802 420 θεότητος,
1820 386 1871 412 καὶ

1074 431 1243 466 κυριότητος,
1259 431 1307 457 καὶ
1320 430 1461 466 ἀληθείας,
1479 430 1494 457 ὃ
1506 431 1650 458 ἐνεδύσατο
1669 431 1771 466 Ἰησοῦς
1783 432 1797 458 ὑ
1810 432 1867 458 Να-

1073 476 1189 511 ζαρηνὸς
1202 477 1231 503 ἐν
1247 477 1307 508 ταῖς
1320 476 1403 509 ζωαῖς
1415 475 1462 502 τοῦ
1480 476 1572 509 Φωτὸς
1586 477 1632 504 τοῦ
1650 477 1779 513 Χριστοῦ,
1798 478 1867 512 Χρι-

1073 522 1136 549 στοῦ
1153 522 1253 554 ζῶντος
1265 522 1309 550 διὰ
1330 523 1489 559 Πνεύματος
1508 523 1586 558 ἁγίου
1604 524 1645 556 εἱς
1666 523 1801 560 λύτρωσιν
1815 524 1867 558 ἀγ-

1071 568 1192 604 γελικὴν,
1216 567 1302 604 ὄνομα
1325 569 1356 595 τὸ
1378 569 1429 604 τῆς
1451 570 1710 602 ἀποκαταστάσεως.
1733 571 1865 604 Μεσσια,

1072 614 1206 649 οὐφαρέγ
1219 614 1285 650 (40),
1297 616 1525 650 ναμεμψαιμάν,
1552 616 1713 650 χαλδαίαν,
1730 624 1867 652 μοσομη-

1071 659 1162 692 eaea,
1188 660 1352 694 ἀκφραναὶ,
1380 662 1499 696 ψαούα,
1528 662 1630 697 Ἰησοῦ
1653 663 1784 698 ναζαρία.
1808 665 1865 691 Καὶ

1070 706 1172 733 τούτων
1191 707 1219 734 δὲ
1239 708 1255 742 ἡ
1276 708 1408 743 ἑρμηνεία
1424 709 1482 735 ἐστὶ
1494 709 1621 745 τοιαύτη*
1643 711 1684 737 οὐ
1708 709 1809 744 διαιρῶ
1830 711 1864 737 τὸ

1071 752 1209 787 Πνεῦμα,
1229 754 1287 787 τὴν
1315 755 1461 789 Καρδίαν,
1486 755 1536 782 καὶ
1561 755 1619 789 τὴν
1646 756 1865 790 ὑπερουράνιον

1071 799 1211 833 Δύναμιν,
1227 799 1285 833 τὴν
1299 801 1485 835 οὶκτίρμονα¹
1501 801 1631 836 ὀναίμην
1650 802 1702 829 τοῦ
1719 802 1864 836 ὀνόματός

1070 852 1139 876 σου,
1155 845 1256 880 Σωτὴρ
1270 846 1422 881 ἀληθείας.
1447 848 1503 874 Καὶ
1521 847 1608 875 ταῦτα
1628 848 1677 884 μὲν
1693 849 1864 883 ἐπιλέγουσιν

1071 894 1095 919 οἱ
1109 895 1185 922 αὐτοὶ
1201 896 1355 929 τελοῦντες
1375 899 1389 924 ό
1408 898 1436 924 δὲ
1455 898 1646 934 τετελεσμένος
1666 898 1863 934 ἀποκρίνεται·

1075 939 1276 976 Ἐστήριγμαι,
1290 943 1339 969 καὶ
1356 943 1551 978 deli-epotum,
1568 944 1618 970 καὶ
1630 944 1794 979 ,λυτροῦμαι
1807 945 1864 979 τὴν

1067 987 1174 1021 ψυχήν
1183 996 1243 1022 μου
1259 988 1384 1016 ἀπὸτοῦ
1408 989 1517 1022 αἰῶνος
1538 990 1646 1017 τούτου
1669 990 1718 1017 καὶ
1743 991 1865 1017 πάντων

1068 1033 1127 1059 τῶν
1140 1034 1208 1067 παρ’
1224 1034 1318 1061 αὑτοῦ
1332 1034 1367 1061 ἐν
1383 1034 1424 1068 τῷ
1445 1036 1567 1070 ὀνόματι
1589 1036 1642 1063 τοῦ
1660 1036 1735 1069 Ἰαὼ,
1749 1036 1783 1069 ὃς
1795 1036 1864 1063 ἐλυ-

1068 1079 1201 1112 τρώσατο
1224 1081 1282 1115 τὴν
1301 1082 1409 1117 ψυχὴν
1429 1082 1523 1110 αὐτοῦ
1543 1083 1586 1115 εἰς
1602 1083 1814 1116 ἀπολύτρωσιν
1829 1083 1865 1110 ἐν

1067 1124 1107 1158 τῷ
1120 1125 1236 1160 Χριστῷ
1252 1127 1292 1160 τῷ
1309 1127 1402 1158 ζῶντι.
1417 1126 1474 1155 Εἶτ’
1491 1128 1661 1162 ἐπιλέγουσιν
1672 1130 1696 1155 oi
1711 1129 1863 1164 παρόντες·

1066 1170 1176 1205 Ειρήνη
1192 1171 1296 1205 πᾶσιν,
1312 1173 1358 1208 ἐφ’
1381 1173 1435 1206 οὓς
1460 1174 1494 1200 τὸ
1519 1174 1613 1209 ὄνομα
1639 1174 1727 1201 τοῦτο
1751 1174 1865 1201 ἐπανα-

222 1220 358 1247 παύσται.
385 1220 500 1245 Ἔπειτα
525 1218 667 1253 μυρίζουσι
695 1217 740 1244 τὸν
768 1217 959 1252 τετελεσμένον
985 1215 1023 1252 τῷ
1053 1217 1112 1254 ὀπῷ
1147 1219 1186 1254 τῷ
1208 1220 1260 1247 ἀπὶ
1281 1220 1419 1257 βαλσάμου
1445 1222 1511 1259 (ιΗ).
1539 1222 1576 1248 Τὸ
1599 1222 1653 1259 γὰρ
1678 1222 1762 1258 μύρον
1786 1221 1866 1250 τοῦτο

222 1269 307 1295 τύπον
325 1268 375 1302 τῆς
391 1267 460 1302 ὑπὲρ
476 1266 509 1293 τά
522 1265 569 1293 ὅλα
585 1265 699 1297 εὐωδίας
715 1263 784 1291 εἶναι
799 1265 934 1299 λέγουσιν.

258 1315 318 1344 Non:
337 1316 438 1344 desunt
454 1315 526 1342 inter
537 1314 609 1346 illos,
631 1313 676 1348 qui
703 1313 736 1340 ad
752 1321 851 1348 aquam
868 1312 1018 1348 perducere

225 1368 462 1398 supervacaneum
483 1360 668 1391 arbitrantur;
681 1359 729 1386 sed
746 1359 836 1386 oleum
853 1366 925 1393 aqua
946 1362 1018 1385 tem-

223 1411 349 1442 peratum
376 1414 439 1434 eum
472 1405 640 1434 solemnibus
664 1404 801 1440 ejusmodi
827 1404 1015 1436 carminibus,

224 1454 315 1490 qualia
335 1461 385 1481 nos
401 1453 484 1488 paulo
504 1455 566 1480 ante
581 1451 735 1483 retulimtts,
751 1450 922 1478 initiatorum
942 1450 1018 1485 capi-

223 1500 298 1528 tibus
311 1500 470 1535 inspergant
485 1507 492 1525 :
507 1498 588 1533 idque
604 1497 714 1524 demum
730 1496 948 1532 redemptionem
967 1503 1017 1523 no-

222 1547 346 1579 minent;
370 1552 528 1580 quanquam
549 1543 673 1571 balsamo
694 1543 747 1579 ipsi
767 1542 850 1570 etiam
870 1542 1015 1578 inungunt.
1032 1559 1052 1587 ο

222 1592 275 1620 Alii
291 1595 388 1619 contra
404 1590 555 1625 repudiatis
571 1588 606 1616 iis
621 1589 749 1616 omnibus
769 1591 870 1623 negant
884 1588 946 1623 ejus
960 1587 1017 1614 vir-

223 1638 301 1669 tutis,
320 1644 380 1673 quaa
401 1644 451 1663 nec
471 1635 558 1663 oculis
571 1634 658 1667 cerni,
673 1641 724 1662 nec
738 1641 865 1661 sermone
882 1633 1017 1661 declarari

223 1685 324 1720 possit,
334 1683 496 1718 mysterium
509 1690 557 1717 per
572 1681 756 1716 aspectabiles
767 1680 1018 1716 corruptibilesque

223 1734 366 1757 creaturas
375 1736 453 1765 posse
464 1728 557 1763 perﬁci
569 1734 690 1760 ;eorum,
704 1727 826 1762 inquam,
838 1735 899 1762 quae
913 1726 1017 1762 cogita-

223 1777 326 1803 tionem
341 1783 448 1803 onmem
463 1774 581 1809 fugiunt,
605 1773 784 1808 corporisque
803 1777 868 1800 sunt
883 1772 1016 1808 expertia,

222 1820 257 1847 ad
271 1827 303 1846 ea
317 1828 378 1854 qua:
389 1819 515 1847 sensibus
528 1817 726 1852 percipiuntur,
740 1825 928 1853 eorporeaque
939 1821 1016 1850 sunt,

221 1870 351 1902 oportere
374 1865 490 1892 demitti.
510 1863 664 1891 Perfectam
685 1863 776 1899 itaque
802 1864 1016 1899 redemptionem

223 1914 310 1948 ipsam
337 1920 399 1940 esse
427 1911 625 1947 magnitudinis
651 1910 852 1945 inexplicabilis
880 1910 1016 1937 notitiam.

221 1960 291 1988 Cum
310 1961 383 1988 enim
398 1959 522 1987 defectus
536 1958 627 1986 omnis
648 1962 676 1985 et
697 1957 866 1992 perturbatio
888 1956 922 1984 ab
937 1956 1016 1991 igno-

222 2005 314 2033 rantia
329 2003 532 2040 proﬁciscatur.
549 2002 682 2038 quidquid
699 2010 731 2030 ex
749 2010 780 2030 ea
795 2001 941 2029 conﬂatum
963 2005 1016 2035 est,

223 2053 269 2080 illa
284 2052 392 2079 ratione
407 2051 523 2082 destrui,
542 2051 610 2079 adeo
625 2055 655 2078 ut
678 2049 798 2085 cognitio
821 2049 961 2076 interioris
980 2049 1017 2076 sit

222 2099 344 2126 hominis
368 2097 521 2132 redemptio
539 2106 546 2124 :
564 2105 597 2125 ac
627 2105 716 2132 neque
735 2103 868 2131 corporea
891 2097 937 2127 sit,
958 2104 1016 2123 cor-

220 2152 275 2179 pus
296 2144 369 2172 enim
397 2143 582 2178 corruptionis
603 2150 687 2178 capax
712 2145 754 2170 est
774 2148 849 2169 :nec
873 2141 1014 2173 animalis,

223 2191 296 2226 quod
315 2192 406 2218 anima
423 2198 456 2217 cx
477 2190 584 2217 deiectu
608 2189 751 2224 prodierit,
768 2188 859 2223 sitque
873 2188 945 2215 velut
960 2188 1014 2214 Pa-

1108 1313 1193 1340 Ἔνιοι
1207 1314 1230 1342 δ’
1244 1314 1332 1341 αὐτῶν
1348 1315 1378 1342 τὸ
1399 1315 1449 1350 μὲν
1467 1315 1545 1350 ἄγειν
1572 1315 1619 1342 ἐπὶ
1633 1316 1664 1343 τὸ
1680 1316 1752 1352 ὕδωρ
1767 1327 1864 1353 περισ-

1071 1358 1117 1386 σὸν
1132 1357 1200 1386 εἶναι
1225 1360 1376 1395 φάσκουσι·
1404 1360 1530 1396 μίξαντες
1555 1361 1584 1388 δὲ
1604 1361 1693 1388 ἔλαιον
1718 1362 1766 1389 καὶ
1791 1363 1866 1400 ὕδωρ

1070 1406 1215 1433 ὲπιτοαυτὸ
1231 1407 1290 1442 μετ’
1303 1407 1475 1443 ἐπιῤῥήσεων
1494 1407 1689 1444 ὁμοιοτρόπων,
1708 1406 1753 1441 αἷς
1769 1419 1865 1447 προει-

1073 1453 1205 1488 ρήκαμεν,
1221 1453 1397 1481 ἐπιϐάλλουσι
1411 1455 1446 1490 τῇ
1466 1455 1571 1489 κεφαλῇ
1579 1455 1642 1481 ιτῶν
1655 1457 1862 1492 τελειουμένων.

1071 1498 1126 1524 Καὶ
1138 1498 1210 1525 τοῦτ’
1223 1496 1293 1525 εἷναι
1308 1498 1357 1534 τὴν
1369 1498 1558 1533 ἀπολύτρωσιν
1575 1498 1692 1526 θέλουσι.
1711 1500 1866 1536 Μυρίζουσι

1070 1543 1098 1570 δὲ
1116 1543 1163 1570 καὶ
1181 1544 1258 1570 αὐτοὶ
1275 1544 1314 1580 τῷ
1338 1544 1482 1580 βαλσάμῳ.
1496 1544 1587 1572 ’Ἄλλοι
1610 1545 1649 1577 δὲ,
1669 1546 1758 1573 ταῦτα
1774 1547 1864 1574 πάντα

1070 1591 1316 1626 παραιτησάμενοι,
1339 1592 1473 1626 φάσκουσι
1495 1593 1532 1629 μὴ
1551 1593 1605 1620 δεῖν
1625 1592 1656 1619 τὸ
1676 1593 1725 1628 τῆς
1742 1593 1863 1629 ἀρρήτου

1070 1637 1118 1663 καὶ
1143 1637 1259 1673 ἀοράτου
1279 1637 1422 1674 δυνάμεως
1448 1641 1597 1675 μυστήριον
1628 1639 1663 1666 δι’
1688 1639 1794 1675 ὁρατῶν
1815 1641 1865 1668 καὶ

1069 1683 1198 1718 φθαρτῶν
1225 1683 1407 1710 ἐπιτελεῖσθαι
1437 1684 1610 1720 κτισμάτων,
1636 1685 1682 1712 καὶ
1706 1685 1761 1712 τῶν
1785 1685 1864 1712 ἀνεν--

1068 1730 1171 1765 νοήτων
1193 1729 1240 1757 καὶ
1260 1730 1414 1766 ἀσωμάτων
1428 1730 1461 1757 δι’
1475 1731 1610 1766 αἰσθητῶν
1625 1732 1671 1758 καὶ
1684 1731 1862 1767 σωματικῶν.

1068 1773 1146 1802 Εἶναι
1160 1775 1187 1802 δὲ
1206 1775 1312 1804 τελείαν
1328 1776 1517 1812 ἀπολύτρωσιν
1536 1776 1621 1812 αὐτὴν
1640 1777 1689 1813 τὴν
1713 1777 1863 1811 ἐπίγνωσιν

1068 1821 1114 1848 τοῦ
1133 1822 1252 1857 ἀρρήτου
1268 1821 1409 1857 μεγέθους.
1429 1822 1490 1848 ’Υπ’
1510 1822 1620 1856 ἀγνοίας
1633 1823 1686 1857 γὰρ
1704 1822 1863 1857 ὑστερήμα-

1067 1877 1113 1900 τος
1131 1868 1178 1895 καὶ
1192 1868 1294 1900 πάθους
1307 1869 1458 1903 γεγονότων
1469 1868 1514 1896 διὰ
1526 1868 1664 1903 γνώσεως,
1679 1867 1864 1895 καταλύεσθαι

1068 1916 1158 1942 πᾶσαν
1178 1915 1226 1951 τὴν
1243 1916 1276 1942 ἐκ
1287 1915 1337 1951 τῆς
1354 1915 1465 1950 ἀγνοίας
1480 1915 1624 1941 σύστασιν·
1644 1913 1713 1940 ὥστε
1729 1910 1863 1948 εἶναιτὴν

1067 1961 1168 1996 γνῶσιν
1183 1962 1371 1998 ἀπολύτρωσιν
1392 1961 1440 1988 τοῦ
1460 1960 1533 1987 ἔνδον
1548 1959 1705 1996 ἀνθρώπου·
1725 1959 1772 1985 καὶ
1792 1959 1862 1994 μήτε

1068 2008 1227 2043 σωματικὴν
1240 2008 1372 2044 ὑπάρχειν
1391 2008 1476 2043 αὑτήν
1487 2016 1493 2022 ·
1511 2006 1630 2042 φθαρτὸν
1645 2005 1699 2042 γὰρ
1713 2005 1742 2032 τὸ
1761 2005 1842 2040 σῶμα
1852 2013 1860 2021 ·

1069 2054 1137 2089 μήτε
1159 2053 1294 2089 ψυχικήν·
1310 2053 1371 2080 ἐπεὶ
1393 2054 1440 2079 καὶ
1465 2052 1483 2088 ἡ
1508 2051 1581 2087 ψυχὴ
1601 2051 1631 2083 ἐξ
1654 2050 1860 2086 ὑστερήματος⁸

1067 2100 1114 2126 καὶ
1128 2099 1185 2126 ἔστι
1200 2099 1246 2126 τοῦ
1258 2099 1364 2136 Πατρὸς
1378 2098 1471 2135 ὥσπερ
1483 2098 1649 2134 οἰκητήριον.
1667 2096 1860 2132 Πνευματικὴν

1066 2144 1113 2173 οὖν
1131 2147 1227 2174 δεῖκαὶ
1240 2146 1288 2182 τὴν
1307 2146 1440 2182 λύτρωσιν
1457 2146 1602 2180 ὑπάρχειν.
1617 2142 1788 2179 Δυτροῦσθαι
1805 2142 1861 2179 γὰρ

1067 2193 1110 2221 διὰ
1132 2194 1271 2226 Μωῡσέως
1293 2193 1338 2220 τὸν
1357 2192 1411 2219 ἔσω
1434 2192 1578 2228 ἄνθρωπον
1595 2192 1640 2218 τὺν
1666 2189 1858 2225 πνευματικόν.

222 2237 310 2265 rentis
336 2236 516 2264 domicilium.
537 2236 628 2269 Quare
658 2240 686 2263 et
710 2235 843 2271 spiritalis
862 2234 1014 2269 redemptio

1070 2239 1122 2266 Καὶ
1141 2239 1287 2274 ἀρκεῖσθαι
1303 2238 1402 2270 αὐτοὺς
1417 2239 1451 2274 τῇ
1472 2238 1526 2264 τῶν
1543 2238 1611 2264 ὅλων
1630 2235 1793 2271 ἐπιγνώσει·
1813 2235 1861 2262 καὶ

223 2284 260 2311 sit
282 2287 400 2318 oportet.
419 2282 525 2310 Etenim
548 2290 596 2317 per
610 2281 720 2317 Moysen
742 2281 856 2309 interior
878 2280 960 2307 homo
984 2287 1016 2307 ac

223 2327 357 2362 spiritalis
377 2326 532 2354 redimitur.
548 2325 666 2353 Proinde
690 2325 881 2353 universorum
904 2331 934 2352 se
954 2331 1016 2351 esse

223 2373 320 2400 dicunt
344 2372 498 2408 cognitione
524 2375 689 2404 contentos;
715 2377 829 2406 eamque
857 2376 1015 2406 germanam

223 2418 439 2453 redemptionem
453 2417 601 2452 appellant.
613 2417 750 2444 Hactenus
765 2417 896 2444 Irenazus.

260 2463 340 2499 257
358 2462 428 2490 XXI.
452 2462 527 2490 Hanc
543 2463 719 2491 beatissimus
735 2462 781 2490 ille
798 2469 878 2490 sene:
895 2461 1013 2489 lrenmus

223 2509 327 2537 erroris
354 2508 435 2535 istius
460 2512 618 2535 accuratam
643 2508 850 2542 inquisitionem
879 2507 1012 2537 instituit,

223 2561 388 2588 omnemque
410 2553 592 2580 commentitii
605 2553 740 2589 dogmatis
755 2553 853 2581 seriem
871 2554 1011 2581 ordinem-

223 2610 275 2638 que
313 2600 465 2636 proposuit.
503 2599 685 2632 Quamobrem
702 2622 710 2633 ,
739 2605 767 2627 ut
795 2600 874 2627 initio
903 2599 1009 2635 prazl'ati

258 2681 268 2696 ¹
285 2680 316 2708 ν.
332 2681 361 2707 C.
378 2679 474 2706 ταῦτα.
491 2714 495 2718 .

259 2761 315 2797 (ιθ)
335 2759 456 2797 Μεσοζία
469 2757 611 2797 οὐφαρᾷγ.
633 2756 708 2797 Nova
724 2757 933 2797 iterum_vocum
949 2763 1012 2791 pro-

222 2792 311 2832 digia,
334 2797 360 2822 in
380 2795 480 2830 quibus
503 2793 664 2832 eontiieta_ri_
680 2801 768 2832 neque
792 2792 897 2825 otium,
924 2799 1012 2825 neqtte

223 2827 313 2866 onera:
337 2827 456 2866 pretium
479 2833 529 2856 est.
546 2828 633 2866 _Apud
656 2827 937 2866 lren.’_interpretem_
956 2834 1010 2866 non

223 2862 318 2894 eodem
335 2862 416 2900 atque
433 2865 477 2891 hic
492 2864 572 2891 modo
580 2862 720 2900 leguntur.
736 2863 774 2900 Εξ
791 2871 845 2897 quo
861 2862 1011 2900 supplenda

223 2902 294 2936 apud
321 2897 502 2936 Epipltanium
524 2897 623 2936 νοουιᾷ
646 2903 688 2926 est
706 2899 732 2936 in
749 2897 845 2936 firm-qn
868 2898 1011 2936 yepbotutn

223 2931 456 2972 interpretatione.
471 2934 567 2962 Scribe
587 2935 680 2970 igitur,
695 2934 732 2961 Οὐ
747 2933 842 2969 διαιρῶ
854 2933 884 2959 τὸ
900 2931 1012 2967 Πνεῦμα

1066 2284 1168 2320 ταύτην
1192 2283 1262 2313 εἶναι
1287 2284 1422 2321 λύτρωσιν
1444 2285 1542 2320 ἀληθῆ.
1567 2284 1640 2317 “Eu;
1662 2281 1714 2310 ὦδε
1743 2283 1778 2309 τά
1807 2281 1861 2309 ὑπὸ

1067 2331 1223 2367 Εἱρηναίου.

1102 2463 1167 2490 KA'.
1188 2461 1296 2498 Ταύτην
1314 2463 1363 2498 τὴν
1379 2463 1468 2489 πᾶσαν
1485 2462 1588 2497 ἀκριϐῆ
1604 2461 1717 2498 ἔρευναν
1735 2461 1750 2488 ὁ
1768 2461 1860 2497 μακά-

1066 2517 1123 2544 ριος
1143 2508 1299 2544 πρεσϐύτης
1318 2510 1462 2544 Εἰρηναῖος
1489 2509 1636 2546 ἐποιήσατο
1649 2529 1656 2540 ,
1675 2507 1736 2534 καθ’
1762 2507 1859 2542 εἱρμὸν

1067 2554 1115 2589 μὲν
1141 2554 1229 2581 πάντα
1249 2555 1258 2570 ¹
1278 2554 1421 2587 ἐνθέμενος
1436 2555 1486 2590 τῆς
1505 2554 1595 2581 αὐτῶν
1618 2553 1708 2589 πάσης
1730 2561 1859 2588 παραπε-

1064 2600 1216 2636 ποιημέθης
1229 2600 1412 2633 διδασκαλίας.
1427 2601 1526 2637 Διόπερ
1546 2600 1579 2636 δὴ
1591 2620 1598 2632 ,
1615 2599 1653 2631 ὡς
1672 2599 1719 2626 καὶ
1734 2598 1786 2634 ἤδη
1812 2607 1859 2634 μοι

1059 2757 1333 2826 Χῗῇἷοῖίΐυρίζουσι
1349 2789 1383 2816 δὲ
1399 2790 1449 2817 καὶ
1471 2789 1555 2816 αὐτοὶ
1575 2789 1617 2822 τῷ
1632 2787 1853 2826 ,βαίσᾴμῳκες

1060 2823 1189 2855 Ecclesia
1216 2823 1359 2854 catholica:
1387 2826 1454 2858 ritu,
1479 2832 1560 2860 quem
1585 2825 1657 2860 siutii
1683 2824 1727 2852 isti
1758 2823 1856 2850 retinu-

1061 2863 1144 2894 bant,
1169 2870 1231 2890 nam
1254 2865 1316 2898 post
1340 2859 1507 2897 baptismum
1533 2859 1629 2896 inungi
1645 2860 1770 2888 solebant
1791 2865 1856 2886 neo-

1062 2899 1147 2933 phyti.
