1952 3045
78 124 148 153 625

399 124 580 153 ADVERSUS
599 124 769 152 H‘ERESES
787 123 852 151 LIB.
873 123 892 150 I.
912 122 995 152 TOM.
1014 122 1057 150 Ill.
1078 138 1111 143 —
1132 122 1266 150 lLERES.
1287 122 1404 150 XXXIV.

1670 119 1723 149 62.6

80 183 313 220 προδεδήλωται,
330 184 389 216 ὃτι,
417 185 471 215 τοῖς
491 184 536 210 ὑπ’
551 183 632 210 αὑτοῦ
660 183 883 218 ἐσπουδασμένοις

938 189 1044 212 sumus.
1061 182 1094 209 iis
1111 181 1244 212 contenti,
1258 189 1317 216 qua:
1332 180 1366 208 ab
1383 180 1428 207 illo
1443 187 1539 214 magno
1551 180 1641 207 studio
1656 185 1720 208 sunt

82 228 280 264 ἀρκεσθέντες
292 248 300 258 ν
321 228 410 255 πάντα
425 229 493 264 πρὸς
509 228 573 260 ἔπος
601 228 639 259 ὡς
659 228 724 263 παρ’
739 227 813 262 αὐτῷ
834 228 884 262 ἐμ-

83 275 232 310 φέρεται,
264 274 469 310 παρεθήκαμεν.
504 273 751 309 Ἀνατραπήσονται
778 273 831 308 γὰρ
856 273 886 305 ἐξ

83 319 191 346 αὐτῶν
203 318 257 347 τῶν
272 319 348 355 παρά
363 319 410 346 τοῦ
428 320 506 353 ἁγίου
520 318 616 353 ἀνδρὸς
634 319 673 350 εἰς
687 318 823 345 ἀντίθεσιν
837 318 886 353 τῆς

84 365 190 392 αὐτῶν
207 366 357 401 μοχθηρίας
375 365 536 401 εἰρημένων.
568 364 662 400 Ἡμεῖς
687 365 740 400 γὰρ
762 364 886 391 πιστεύο-

86 419 147 445 μεν
159 430 166 441 ι
184 410 222 442 ὡς
242 411 329 446 πάντη
345 411 361 446 ἡ
378 411 490 446 ἀλήθεια
507 411 666 445 ὑποφαίνει,
687 411 733 438 καὶ
747 411 761 438 ό
777 410 886 445 εὖλογος

83 456 229 492 λογισμὸς
245 457 418 489 ὑποτίθεται,
441 457 487 484 καὶ
509 457 548 493 τῷ
567 458 617 493 τῆς
640 457 778 489 εὐσεϐείας
796 457 887 484 κανόνι

85 502 327 539 συμπεφώνηται,
340 503 378 538 τῷ
393 512 423 530 τε
436 504 510 539 νόμῳ
524 504 571 530 καὶ
585 505 640 535 τοῖς
656 505 824 540 προφήταις,
839 504 886 531 καὶ

84 549 152 580 ’τοῖς
169 548 225 576 ἀπὸ
249 549 303 575 τῶν
325 550 455 576 ἀνέκαθεν
481 550 663 584 πατριάρχαις
688 550 758 577 κατά
774 549 887 576 ἀκολουο

85 594 169 624 θίαν,
186 595 219 630 τῇ
237 603 265 621 τε
278 595 360 622 αὑτοῦ
375 595 422 622 τοῦ
437 595 561 632 Σωτῆρος
579 596 672 631 διδαχῇ
685 617 692 628 ,
710 596 758 622 καὶ
771 596 824 623 τῶν
837 597 886 623 αὒ-

84 639 142 666 ιτοῦ
160 640 318 666 ἀποστόλων
336 640 428 674 σαφῶς
441 641 514 675 ἡμᾶς
533 640 710 667 διδασκόντων
732 641 778 667 ἕνα
792 641 886 676 ὁμολο-

85 686 154 719 γεῖν
170 685 237 711 θεὸν
250 685 359 720 Πατέρα
369 705 376 717 ,
392 686 599 722 παντοκράτορα
615 686 669 712 τῶν
686 686 764 719 ὅλων,
781 687 827 713 καὶ
840 687 886 713 τὸν

85 731 201 764 Κύριον
220 730 298 765 ἡμῶν
319 731 422 765 Ἰησοῦν
437 731 553 766 Χριστὸν
565 753 572 764 ,
598 732 645 758 καὶ⁴
664 731 694 758 τδ
710 731 787 765 ἀγιον
803 731 885 758 αὑτοῦ

86 775 211 810 Πνεῦμα
222 796 230 809 ,
256 776 319 811 μίαν
340 776 420 810 ἁγίαν
438 776 541 811 Τριάδα
556 777 683 804 ἄκτιστον
695 797 702 809 ,
729 776 783 803 τῶν
799 776 886 804 ἄλλων

87 821 226 848 ἁπάντων
250 821 280 853 ἐξ
294 821 344 848 οὐκ
358 822 442 848 ὖντων
454 822 606 857 γενομένων
628 822 698 857 μετά
714 822 822 858 Πατέρα
839 823 886 849 καὶ

937 227 1088 259 elaborata,
1110 231 1208 254 cuncta
1224 231 1304 261 prout
1316 226 1342 253 in
1364 225 1424 260 ejus
1444 234 1526 260 opere
1545 227 1719 254 continentur

940 273 974 300 ad
990 272 1101 299 verbum
1119 271 1326 306 exscripsimus.
1350 271 1441 298 Facile
1464 271 1536 297 enim
1553 279 1585 297 ex
1603 271 1645 302 iis,
1662 279 1722 305 qua:

940 324 955 343 a
974 316 1152 344 sanctissimo
1171 316 1228 342 viro
1250 315 1282 342 ad
1308 315 1382 343 illius
1400 315 1574 342 refellendam
1593 316 1723 350 improbi-

936 367 1018 391 tatem
1032 362 1138 398 prodita
1153 366 1227 393 sunt,
1252 362 1337 389 everti
1362 361 1553 397 profligarique
1583 366 1721 396 poterunt.

935 408 991 437 Nos
1007 409 1078 436 enim
1099 409 1125 435 id
1143 408 1215 443 quod
1235 408 1336 436 veritas
1352 408 1410 443 ipsa
1423 415 1477 442 prae
1492 415 1520 435 se
1535 408 1647 435 omnino
1660 407 1720 440 fert,

936 455 1063 490 quodque
1088 458 1115 482 et
1138 455 1258 490 prudens
1286 454 1356 481 ratio
1380 453 1534 489 persuadet,
1554 459 1581 481 et
1600 454 1721 481 veritatis

934 501 1036 536 regulae
1064 505 1278 529 consentaneum
1301 505 1352 533 est,
1379 501 1440 536 legi,
1469 508 1500 528 ac
1526 500 1677 536 prophetis,
1695 505 1722 527 et

935 546 1117 580 patriarrhis,
1144 546 1191 581 qui
1215 545 1267 573 sibi
1292 546 1412 573 invicem
1434 550 1645 577 suecesserunt.
1672 554 1722 573 nec

936 598 992 618 non
1023 595 1078 618 tam
1110 591 1261 619 Salvatoris
1289 591 1396 627 ipsius,
1428 600 1508 627 quam
1537 592 1721 626 apostolorum

936 637 1068 664 doctrinze
1084 638 1222 665 credimus
1236 649 1244 665 ε
1263 644 1277 664 a
1291 637 1390 672 quibus
1405 637 1549 665 manifeste
1565 637 1720 669 didieimns,

938 690 1023 709 unum
1048 682 1172 710 confiteri
1198 683 1282 709 Deum
1310 683 1500 710 universorum
1515 683 1621 711 Patrem
1634 684 1722 719 omni-

937 733 1085 764 potentem,
1106 736 1137 755 ac
1151 728 1295 755 Dominum
1313 732 1438 756 nostrum
1453 729 1546 757 Jesnm
1560 729 1700 757 Christum
1711 750 1719 760 .

936 779 964 802 ct
980 775 1113 810 Spiritum
1130 778 1267 806 sanctum,
1285 783 1366 802 unam
1382 779 1504 802 sanctam
1521 775 1721 810 inereatamque

937 821 1097 848 Trinitatem
1113 840 1120 852 ,
1146 828 1208 848 cum
1235 825 1332 848 caetera
1350 825 1412 856 post
1432 821 1551 851 Patrem.
1569 825 1596 848 et
1610 819 1719 854 Filium,

87 867 160 894 Υίδν
173 867 221 893 καὶ
235 867 312 901 ἅγιον
323 867 447 903 Πνεῦμα.
467 867 560 899 Οὕτως
574 876 604 894 τε
618 868 693 905 παρὰ
710 868 817 895 πάντων
831 868 883 894 τῶν

935 870 962 893 et
980 866 1112 901 Spiritum
1129 873 1253 894 sanctum
1268 875 1299 895 ex
1317 867 1403 894 nihilo
1416 867 1547 901 producta
1569 866 1634 894 sint.
1655 866 1720 900 Quae

87 913 304 948 προειρημένων
317 913 401 947 ἁγίων
418 913 565 948 προφητῶν
579 923 607 940 τε
624 915 670 940 καὶ
685 914 885 948 εὐαγγελιστῶν

88 959 141 985 καὶ
158 958 315 985 ἀποστόλων
338 958 430 993 σαφῶς
445 959 661 995 ὡμολογημένων
674 961 720 986 καὶ
737 969 884 986 πεπιστευ-

91 1004 187 1039 μένων
199 1025 206 1037 ,
234 1004 284 1030 οὐκ
299 1004 332 1031 ἂν
347 1004 473 1040 δυνηθείη
490 1005 636 1040 κυϐευτική
655 1014 698 1037 τις
720 1005 825 1033 ἐπίνοια
839 1006 885 1032 ἀν-

88 1051 198 1085 τισχεῖν
217 1051 285 1086 προς
299 1051 347 1085 τὴν
368 1051 464 1077 ἀκτῖνα
480 1050 530 1086 τῆς
544 1051 672 1088 ἀληθείας
684 1059 691 1066 ·
706 1051 743 1084 ὧς
765 1060 796 1086 γε
819 1052 884 1086 ἡμῖν

89 1097 225 1128 πολλάκις
253 1096 323 1123 κατὰ
343 1096 442 1128 πλάτος
462 1097 567 1132 εἴρηται
583 1098 611 1124 ἐν
627 1100 660 1134 τῇ
681 1098 749 1133 πρὸς
765 1098 884 1133 ἑκάστην

90 1143 202 1178 αἵρεσιν
221 1143 358 1169 ὑποθέσει.
378 1143 421 1174 Ὠς
435 1142 582 1176 ἐξάπαντος
600 1143 744 1179 φωράσθαι
759 1144 807 1171 καὶ
820 1143 884 1170 τοῦ·

89 1197 140 1215 τον
155 1188 277 1225 ἀγύρτην
292 1189 338 1216 καὶ
354 1188 528 1216 θανατοποιὺν
543 1189 675 1221 ἰσοτύπως
689 1191 748 1221 ταῖς
759 1197 885 1225 προειρη-

93 1233 193 1268 μέναις
204 1253 211 1266 ,
230 1233 386 1266 ἐπιδείξεως
408 1233 488 1268 χάριν
505 1234 552 1261 καὶ
569 1235 729 1270 περιεργίας
744 1234 779 1262 τὰ
799 1234 884 1270 μεγά-

90 1277 128 1304 λα
142 1278 230 1305 ταῦτα
243 1278 414 1306 καττύσαντά
427 1287 456 1305 τε
475 1279 522 1306 καὶ
536 1280 772 1315 μηχανησάμενον.

128 1411 194 1438 ΚΒ¹.
213 1410 397 1446 Παρελθόντες
413 1411 441 1437 δὲ
468 1412 516 1439 καὶ
536 1411 585 1447 τὴν
603 1411 697 1438 τούτου
720 1411 880 1447 μοχθηρίαν,

93 1458 143 1484 καὶ
163 1458 217 1484 τῶν
234 1458 281 1484 ἀπ’
293 1457 379 1484 αὐτοῦ’
398 1458 570 1494 Μαρκωσίων
583 1458 736 1493 λεγομένων
748 1478 756 1490 ,
775 1458 821 1485 ἐπὶ
834 1458 883 1491 τάς

94 1503 160 1537 ἑξῆς
180 1503 342 1538 σπεύσωμεν
355 1524 361 1536 ,
386 1500 408 1530 ὦ
429 1503 605 1539 ἐπιπόθητοι,
629 1503 678 1535 τὰς
698 1503 786 1530 αὐτῶν
806 1504 883 1539 ῥίζας

94 1549 177 1575 πάλιν
194 1549 390 1584 ἁνερευνῶντες
403 1569 412 1582 ,
441 1550 487 1576 καὶ
512 1549 567 1576 τῶν
589 1549 704 1585 καρπῶν
723 1549 811 1576 αὐτῶν
834 1550 882 1585 τὴν

95 1594 208 1629 πικρίαν
223 1594 411 1628 ἀφανίζοντες,
428 1595 478 1630 τήν
495 1603 525 1621 τε
541 1594 695 1631 ἀνατροπὴν
712 1595 759 1621 καὶ
775 1595 811 1621 τὰ
824 1595 883 1621 κατ’

95 1640 194 1671 αὖτοὺς
218 1640 306 1666 πάντα
328 1641 547 1673 ἐπιδεικνύντες,
564 1642 615 1668 οὐκ
640 1642 680 1673 εἰς
706 1640 807 1676 βλάϐην
829 1640 884 1668 τῶν

96 1686 330 1720 ἐντυγχανόντων,
347 1686 414 1714 ἀλλὰ
437 1688 477 1719 είς
501 1687 678 1723 ἀποτροπὴν,
702 1688 770 1723 πρὸς
794 1688 824 1714 τὸ
846 1688 883 1723 μὴ

96 1732 243 1768 πλησιάσαι
258 1733 307 1768 μιᾷ
330 1732 384 1760 τῶν
405 1734 610 1769 προειρημένων
625 1734 756 1770 αἱρέσεων
767 1755 774 1767 ,
790 1734 806 1770 ἢ
829 1735 883 1761 τῶν

99 1776 259 1811 μετέπειτα·
281 1777 348 1804 ἀλλὰ
371 1778 536 1812 ἀναγνόντας
562 1778 596 1805 τὰ
620 1780 801 1814 γεγραμμένα
818 1780 883 1815 παρ’

97 1821 205 1852 αὐτοῖς,
228 1822 275 1848 κα)⁴
299 1823 412 1856 γνόντας
431 1823 465 1849 τά
480 1823 612 1859 ᾀδόμενα,
629 1824 676 1851 καὶ
700 1825 884 1859 καταγνόντας

97 1868 145 1902 τῆς
158 1867 274 1902 ἑκάστης
287 1867 376 1894 αὐτῶν
387 1868 490 1904 πλάνης
503 1877 531 1895 τε
543 1869 589 1895 καὶ¹
602 1869 770 1905 ἐρπετώδους
783 1870 883 1906 μοχθη-

99 1913 175 1948 ρίας,
192 1913 357 1948 ἀποφεύγειν
379 1923 408 1940 τε
421 1914 480 1947 καὶ,
496 1915 533 1946 ὡς
550 1913 625 1942 εἷπον
638 1935 644 1946 ,
660 1915 696 1950 μὴ
713 1915 882 1950 πλησιάζειν.

99 1959 200 1993 Διψάδα
222 1959 275 1995 γάρ
292 1969 352 1986 τινα
367 1959 470 1995 ἔχιδνάν
486 1969 567 1995 φασιν
585 1961 609 1986 oi
627 1961 817 1996 ἱστορήσαντες
843 1960 882 1987 to;

99 2005 185 2040 λύμην
208 2006 312 2033 τοιάνδε
331 2007 463 2040 ἐμποιεῖν.
489 2007 533 2033 Ἐν
549 2007 642 2038 τόποις
659 2007 712 2042 γάρ
730 2015 800 2034 τισιν
816 2007 882 2033 ὅπου

100 2050 190 2077 πύελοι
204 2052 233 2077 ἐν
252 2052 311 2083 ταῖς
336 2052 481 2088 πέτραιςῆ
503 2052 609 2084 λιϐάδες
633 2053 686 2079 εἰσὶ
713 2054 808 2088 μικραὶ
829 2053 883 2080 ἀπὸ

101 2097 204 2131 πετρῶν
224 2098 352 2134 χεόμεναι
374 2100 413 2131 είς
430 2099 561 2135 ὑποδοχήν
580 2109 649 2132 τινα,
670 2100 686 2136 ἡ
707 2101 776 2134 αὐτὴ
793 2101 881 2136 διψάς,

102 2143 170 2179 ὕδωρ
183 2144 357 2179 εὑρίσκουσα,
374 2145 420 2172 καὶ
435 2144 544 2178 πιοῦσα,
558 2145 602 2172 τὸν
618 2145 655 2172 ίὸν
672 2146 801 2181 ἐμϐάλλει
815 2146 883 2182 μετά

101 2190 130 2216 τὸ
145 2192 214 2216 πιεῖν
230 2191 269 2221 είς
283 2190 332 2222 τὰς
353 2190 553 2226 προειρημένας
571 2191 678 2223 στάσεις
696 2192 750 2218 τῶν
766 2192 880 2222 ὑδάτων,

103 2235 168 2262 ὥστε
183 2237 236 2262 πᾶν
251 2236 320 2268 ζῶον
339 2237 504 2272 πλησιάσαν.
520 2238 566 2264 καὶ
582 2237 663 2264 ποτοῦ
682 2238 809 2273 κορεσθέν
821 2258 827 2271 ,
841 2239 883 2265 δοο

103 2284 157 2309 κεῖν
183 2282 231 2317 μὲν
255 2283 417 2316 ὠφελεῖσθαι
434 2284 466 2309 ἐκ
483 2283 530 2310 τοῦ
552 2283 727 2318 μεταλαϐεῖν,
753 2284 833 2315 εὐθὺς
855 2284 883 2310 δέ

105 2328 176 2364 παρὰ
186 2329 216 2355 τὸ
232 2328 360 2363 ὑποδόχον
371 2328 424 2354 τῶν
442 2328 554 2361 ὑδάτων,
575 2329 607 2355 ἐκ
625 2329 670 2355 τοῦ
686 2329 725 2356 ίοῦ
740 2329 788 2364 τῆς
804 2329 883 2364 διψά-

107 2375 146 2406 δος
164 2375 370 2410 ὑποδεξάμενον,
387 2375 567 2401 καταπίπτειν
586 2375 633 2401 καὶ
649 2375 784 2410 θνήσκειν.
805 2375 885 2402 Ἀλλά

106 2421 148 2448 καὶ
163 2421 187 2447 εἴ
203 2429 262 2447 τινα
281 2419 404 2455 πλήξειεν
422 2422 438 2456 ὴ
457 2421 524 2455 αὑτὴ
538 2421 630 2456 διψάς,
650 2421 703 2448 ὰπὸ
716 2421 762 2447 τοῦ
790 2430 883 2456 περισε

105 2464 214 2499 σοτέρως
228 2466 255 2490 ἐν
266 2465 333 2500 αὐτῇ
354 2465 500 2492 καυστικοῦ
521 2465 560 2492 toﬁ
576 2466 622 2492 ἐπὶ
643 2465 732 2500 ὄρεξιν
743 2466 821 2501 δίψης
837 2466 884 2492 καὶ

106 2510 219 2545 πόματος
242 2511 420 2546 προτρέποντο
437 2513 518 2544 πάθος
532 2512 580 2547 τῆς
597 2511 751 2547 ἀλγηδόνος,
766 2512 884 2547 προσιέ-

109 2556 192 2592 ρεσθαί
209 2565 238 2583 τε
264 2557 307 2583 ἀεὶ
327 2557 373 2584 καὶ
392 2558 480 2584 πίνειν
502 2558 643 2593 ἐρεθίζειν.
664 2558 779 2593 Νομίζει
803 2558 831 2584 δέ
856 2566 883 2583 τι

106 2602 258 2637 ὡφελεῖσθαι
274 2603 342 2638 πρὸς
360 2604 409 2638 τὴν
423 2603 511 2638 λύμην
532 2604 547 2630 ὁ
570 2604 683 2638 πληγεὶς
695 2624 702 2636 ,
726 2604 820 2635 ὁσάκις
833 2604 884 2638 τῆς

107 2648 225 2684 τοιαύτης
242 2649 428 2684 θανατηφόρου
446 2649 590 2685 ἀλγηδόνος
605 2650 747 2685 λαμϐάνει.
765 2649 843 2676 Ἀλλὰ
854 2650 883 2676 ἐν

108 2693 173 2729 αὐτῴ
189 2693 227 2729 τῷ
241 2694 316 2729 τόπῳ
330 2694 519 2732 πληρωθείσης
541 2695 589 2730 τῆς
610 2694 744 2730 γαστρὸς,
766 2694 811 2721 καὶ
830 2703 882 2729 μη-

109 2739 160 2766 κέτι
173 2740 385 2775 ὑποδεχομένης,
403 2739 515 2775 ὕστερον
529 2740 577 2767 σὺν
589 2740 626 2775 τῷ
642 2740 743 2775 πόματι
757 2739 787 2766 τὸ
803 2739 883 2766 πνεῦ-

935 912 1043 947 quidem
1067 913 1159 940 omnia
1171 921 1234 940 cum
1256 913 1300 945 iis,
1327 921 1397 948 quos
1417 913 1639 944 commemoravi,
1656 921 1720 940 san-

935 957 1066 985 ctissimis
1090 959 1167 992 viris,
1190 958 1339 994 prophetis,
1356 958 1531 994 evangelistis
1548 962 1574 985 et
1589 958 1719 993 apostolis

934 1004 995 1032 sine
1024 1004 1076 1032 ulla
1098 1005 1273 1040 ambiguitate
1293 1004 1396 1032 credita
1418 1005 1597 1039 confessaque
1608 1004 1718 1034 fuerint.

934 1052 1014 1080 nulla
1027 1051 1162 1087 ejusmodi
1179 1055 1260 1079 erunt
1276 1055 1348 1078 artes
1367 1058 1399 1077 ac
1417 1051 1568 1085 praestigiae,
1594 1058 1653 1085 quze
1673 1059 1719 1078 ve-

934 1099 1025 1126 ritatis
1042 1099 1097 1126 luci
1117 1106 1148 1125 ac
1164 1097 1304 1133 splendori
1326 1098 1433 1132 possint
1457 1098 1609 1131 obsistere;
1625 1105 1719 1133 quem-

934 1144 1079 1171 admodum
1104 1144 1131 1171 in
1151 1144 1273 1178 singulis
1299 1142 1450 1170 refutandis
1471 1143 1621 1170 haeresibus
1649 1151 1723 1178 saepe

934 1198 966 1217 ac
993 1191 1104 1226 copiose
1126 1190 1350 1218 monstravimus.
1369 1189 1443 1217 Adeo
1460 1194 1488 1217 ut
1502 1190 1596 1217 eadem
1617 1197 1670 1224 qua
1687 1190 1715 1216 in

934 1236 1041 1263 caeteris
1063 1236 1168 1263 ratione
1189 1235 1324 1262 detectum
1348 1235 1394 1267 sit,
1415 1236 1578 1262 nebulonem
1595 1235 1669 1262 ilium
1687 1243 1720 1262 ac

933 1281 1096 1317 pestiferum
1121 1281 1260 1308 hominem
1284 1281 1342 1308 sola
1362 1281 1547 1308 ostentatione
1566 1280 1609 1307 sui
1625 1287 1656 1307 ac
1671 1287 1719 1307 cn-

934 1327 1058 1355 .‘iositate
1079 1327 1191 1354 ductum
1218 1326 1252 1353 ad
1280 1330 1335 1353 tam
1363 1326 1493 1353 immania
1517 1331 1642 1361 portenta
1667 1324 1717 1352 fin—

934 1372 1022 1408 genda
1039 1373 1253 1407 fabricandaque
1268 1373 1385 1400 venisse.

971 1417 1052 1445 XXII.
1087 1417 1165 1445 Nunc
1188 1418 1261 1446 illius
1278 1425 1310 1446 ac
1350 1417 1547 1445 Marcosiornm
1578 1417 1720 1452 impietate

933 1464 1081 1498 praeterita,
1099 1463 1132 1490 ad
1147 1464 1216 1492 alias
1229 1468 1419 1496 transeamus;
1439 1471 1588 1498 carumque
1604 1467 1631 1490 et
1646 1463 1718 1491 evel-

934 1511 1022 1538 lamus
1043 1510 1159 1542 radices,
1183 1514 1210 1537 et
1232 1509 1418 1537 amarissimos
1442 1508 1547 1536 fructus
1561 1509 1689 1536 tollamus
1703 1516 1719 1536 e

936 1556 1035 1588 medio,
1063 1563 1094 1582 ac
1111 1555 1338 1590 quemadmodum
1356 1554 1442 1582 refelli
1467 1555 1580 1590 possint,
1605 1562 1719 1589 quaeque

936 1599 970 1626 ad
996 1599 1071 1634 ipsos
1095 1599 1231 1633 pertinent
1261 1599 1389 1626 universa
1412 1599 1583 1632 referamus;
1613 1606 1668 1625 non
1689 1603 1719 1625 ut

934 1645 1085 1680 legentibus
1110 1644 1198 1671 fraudi
1221 1646 1273 1672 ista
1301 1645 1366 1676 sint,
1391 1645 1437 1672 sed
1454 1649 1483 1671 ut
1496 1645 1530 1672 ab
1548 1645 1602 1672 illis
1621 1644 1719 1672 abhor-

934 1695 1034 1722 reant;
1050 1699 1139 1726 neque
1160 1690 1194 1717 ad
1216 1698 1298 1718 unam
1321 1691 1439 1726 aliquam
1458 1693 1567 1723 "earum,
1588 1698 1657 1726 quas
1671 1699 1718 1718 ex-

933 1737 1095 1771 posuimus,
1127 1741 1175 1762 aut
1200 1736 1402 1771 insequentium
1433 1736 1578 1769 accedant;
1601 1735 1649 1763 sed
1672 1737 1717 1763 ubi

933 1790 994 1817 qua:
1019 1782 1053 1809 ab
1078 1782 1132 1810 illis
1154 1783 1257 1817 scripta
1279 1786 1343 1809 sunt
1364 1783 1489 1818 legerint.
1503 1783 1657 1817 saepiusque
1672 1782 1717 1809 de-

939 1832 1042 1855 ,antata
1061 1828 1250 1863 cognoverint,
1273 1827 1382 1855 illorum
1406 1827 1556 1857 erroribus,
1583 1835 1614 1854 ac
1634 1836 1716 1855 vene-

934 1879 995 1900 nata
1010 1873 1186 1908 improbitate
1203 1873 1332 1900 damnata
1352 1873 1457 1907 fugiant
1473 1873 1577 1908 procul,
1594 1873 1675 1908 258
1686 1880 1720 1900 ue

933 1919 1045 1953 propius
1055 1926 1084 1946 se
1095 1918 1219 1947 conferre
1235 1923 1394 1946 vereantur.
1412 1919 1556 1954 Dipsadcm
1572 1918 1716 1953 quamdam

933 1972 948 1991 ο
972 1965 1126 1998 viperarum
1148 1971 1248 1999 genere
1264 1972 1325 1991 esse
1344 1964 1483 1991 memoriae
1504 1963 1639 1998 proditum
1665 1968 1716 1995 est,

898 2039 899 2042 η
932 2018 992 2044 qtne
1009 2010 1162 2038 istiusmodi
1181 2011 1255 2037 virus
1273 2010 1410 2037 immittat.
1431 2010 1499 2036 Cum
1516 2010 1587 2037 enim
1603 2017 1714 2037 excava-

933 2056 968 2083 tis
988 2056 1014 2082 in
1031 2056 1156 2090 rupibus,
1170 2064 1230 2091 quae
1245 2056 1391 2083 stillantem
1405 2064 1419 2083 e
1436 2055 1509 2083 saxis
1523 2056 1653 2090 liquorem
1669 2063 1715 2082 ex-

931 2101 1045 2136 cipiunt,
1066 2109 1163 2136 aquam
1189 2105 1268 2128 nacta
1300 2101 1407 2132 biberit.
1430 2109 1489 2128 eam
1506 2106 1597 2135 postea
1613 2108 1715 2127 veneno

933 2155 983 2174 suo
1003 2147 1044 2174 sic
1068 2147 1166 2178 inlicit.
1184 2151 1213 2174 ut
1236 2147 1259 2174 si
1279 2147 1350 2182 quod
1368 2147 1468 2174 animal
1485 2147 1613 2180 deinceps
1634 2154 1665 2173 ex
1684 2155 1725 2173 ca.

898 2209 920 2237 Β
934 2193 1078 2228 potaverit,
1091 2201 1153 2220 cum
1171 2193 1260 2227 juvari
1272 2200 1303 2219 ac
1317 2193 1391 2220 sitim
1408 2193 1528 2219 relevare
1547 2192 1634 2219 visum
1659 2192 1715 2219 fue-

935 2238 981 2270 rit,
1005 2239 1037 2265 ail
1063 2243 1226 2266 venenatum
1252 2239 1340 2272 ipsum
1362 2246 1437 2273 aqua:
1456 2239 1656 2272 receptaculum
1670 2246 1725 2265 su--

935 2284 992 2311 bito
1005 2284 1139 2311 moriatur
1151 2291 1182 2311 ac
1195 2284 1332 2311 concidat.
1355 2284 1433 2317 Quod
1458 2283 1481 2310 si
1501 2291 1581 2318 quem
1601 2283 1647 2310 illa
1661 2291 1715 2311 mo-

935 2330 1079 2362 morderit,
1102 2330 1181 2365 ignea
1200 2330 1296 2357 veneni
1318 2330 1357 2357 vis
1379 2329 1566 2357 vehementius
1587 2336 1716 2364 grassans

935 2377 1072 2410 ingentem
1104 2376 1179 2403 sitim
1211 2375 1305 2409 aﬂert,
1335 2380 1362 2402 et
1384 2375 1416 2402 ad
1437 2375 1545 2402 assidue
1570 2375 1715 2410 potandum

935 2421 1099 2449 intolerabili
1112 2429 1174 2448 cum
1189 2422 1281 2448 dolore
1296 2421 1441 2455 compellit.
1461 2421 1510 2450 Cui
1530 2421 1639 2455 quidem
1655 2422 1716 2448 leti-

935 2466 992 2493 fero
1007 2466 1094 2493 dolori
1111 2466 1174 2493 dum
1188 2466 1224 2493 ita
1250 2475 1279 2494 se
1303 2467 1414 2494 remedii
1429 2466 1526 2493 afferre
1540 2467 1640 2502 aliquid
1656 2468 1714 2494 exi-

934 2513 1036 2543 stimat,
1053 2512 1079 2539 in
1093 2512 1187 2539 eodem
1203 2513 1263 2539 loco
1278 2516 1373 2539 ventre
1389 2511 1516 2540 distento.
1532 2520 1582 2539 nec
1595 2513 1716 2540 humoris

933 2558 1080 2592 quidquam
1104 2557 1220 2592 amplius
1241 2558 1375 2592 capiente,
1400 2565 1462 2584 cum
1483 2563 1547 2592 potu
1572 2566 1634 2585 mox
1655 2559 1717 2585 ani-

935 2611 1006 2631 mam
1021 2603 1167 2638 profundit.
1185 2603 1230 2630 Sic
1246 2603 1289 2630 ille
1302 2612 1363 2630 cum
1379 2604 1541 2631 inexhausta
1561 2608 1642 2638 potus
1658 2605 1716 2630 avi-

931 2649 1017 2676 ditate
1050 2649 1107 2677 suis
1136 2650 1249 2677 exitium
1280 2649 1436 2676 consciseit.
1464 2649 1516 2676 Sed
1544 2657 1594 2676 nos
1627 2650 1662 2676 ah
1684 2657 1718 2676 eo

932 2703 1035 2722 veneno
1060 2695 1151 2722 divina
1178 2703 1229 2730 ope
1256 2695 1371 2729 liberati,
1389 2695 1510 2730 reliquas
1536 2695 1569 2722 ad
1600 2695 1717 2722 harrcses

931 2743 1112 2769 transeamus.

111 2796 143 2822 μα
159 2786 275 2822 ἀφίησιν.
291 2788 369 2815 οὕτω
386 2787 432 2814 καὶ
447 2783 524 2819 οὗτος
540 2788 591 2814 ὑπὸ
615 2788 735 2823 πόματος
765 2787 810 2814 τὸν
837 2787 950 2815 θάνατον
970 2789 1026 2819 τοῖς
1056 2790 1119 2826 παρ’
1143 2789 1225 2818 αὑτοῦ
1257 2789 1443 2826 ἠπατημένοις
1461 2788 1645 2824 ἐξεργάζεται.
1667 2784 1716 2813 031'.—

111 2841 156 2869 περ
172 2833 210 2860 ίοῠ
233 2834 262 2860 ὲν
282 2833 394 2868 δυνάμει
410 2832 478 2860 θεοῦ
498 2832 659 2868 ρυσθέντες,
685 2833 731 2860 ἐπὶ
754 2832 803 2864 τὰς
819 2833 881 2867 ἑξῆς
897 2832 988 2880 impexa.
