1952 3045
207 84 259 113 6‘27

395 138 534 167 CONTRA
554 137 804 169 COLORBASIOS,

329 193 394 226 Quae
411 199 449 221 est
464 194 570 222 Iamsi;
592 194 618 221 ,Χ
626 194 654 227 ν,
675 195 728 221 sive
750 193 829 220 XXX
839 192 867 219 V.

245 249 264 276 i.
285 249 414 284 Sequitur
426 250 599 282 Colorbasus,
615 250 661 285 qui
677 250 710 276 ab
724 249 817 276 iisdem
831 248 913 275 Marci
929 255 994 282 pra:-

211 295 301 329 stigiis
317 303 381 323 suas
405 296 522 331 ineptias
545 295 710 330 corrogavit.
725 294 794 327 Quin
810 298 837 321 et
849 302 883 320 ex
903 292 994 320 Ptole-

211 342 271 368 nuei
294 342 431 369 radicibus
456 343 572 369 sentium
593 349 625 368 ac
645 342 785 376 spinarum
802 341 888 368 instar
902 347 994 367 crum-

214 396 279 422 peus
293 397 377 416 novas
390 389 520 424 quasdam
532 388 674 423 opiniones
687 391 855 414 commentus
870 391 921 416 est,
937 386 995 421 qui-

212 433 262 459 bus
278 434 349 460 velut
366 433 467 460 aculeis
484 434 608 460 homines
625 433 778 463 infestaret,
797 432 861 458 dum
878 431 994 465 majores

211 487 298 513 nugas
326 487 358 506 ac
383 480 488 506 somnia
517 481 590 507 velut
606 488 620 506 e
641 479 710 506 coelo
732 479 860 512 delapsus
885 477 992 504 etfutiit.

210 524 272 551 Fuit
295 524 319 551 ei
341 524 457 559 primum
481 532 542 551 cum
566 524 656 551 Marco
681 525 798 550 societas
822 523 995 557 dogmatum-

211 579 264 603 que
288 571 443 602 consensio,
471 575 500 597 ut
525 579 619 597 corum
644 574 729 600 secta.
757 573 883 603 tauquam
903 569 995 602 biceps

212 617 319 652 anguis,
342 616 467 650 bipartita
491 617 636 643 videri-tur.
663 615 759 642 Postea
781 616 853 641 velut
877 617 958 649 caput
981 621 996 640 a

212 662 346 696 serpentis
362 670 475 694 corpore
490 661 636 693 divulsum,
655 669 685 688 ac
700 661 807 695 spirans
823 660 921 690 adhuc,
938 659 997 694 pitt-

212 707 290 734 rimis
315 707 398 734 exitio
420 707 487 739 fuit;
507 715 567 733 cum
592 707 680 740 majus
695 706 824 741 quiddam
846 713 898 732 non
917 705 997 732 modo

213 753 362 787 :equalibus
385 753 453 785 suis,
475 753 521 780 sed
543 758 568 779 ct
591 753 752 786 majoribus,
780 759 811 778 ac
832 751 938 778 doctius
955 750 996 777 af-

909 81 938 109 S.
959 79 1129 109 EPIPHANII

1006 140 1028 167 Α

1777 73 1843 101 623

1253 136 1345 163 ΚΑΤΑ
1363 134 1603 163 ΚΟΛΟΡΒΑΣΕΩΝ
1612 155 1619 166 ,

1077 191 1330 227 Πεντεκαιδεκάτη
1343 214 1349 226 ,
1372 194 1391 226 ὴ
1413 193 1462 220 καὶ
1482 190 1642 226 τριακοστὴ
1663 189 1794 224 πέμπτη.

1079 248 1116 276 Λ¹.
1134 249 1306 284 Κολόρὸασος
1321 249 1536 280 τούτοιςὲπεται,
1550 248 1604 274 ἀπὺ
1617 248 1666 281 τῆς
1680 246 1726 272 τοῦ
1742 254 1845 281 προει-

1045 295 1161 331 ρημένου
1177 296 1290 331 Μάρκου
1312 295 1437 330 γοητείας
1458 295 1502 322 τὸν
1522 294 1616 330 ἔρανον
1637 292 1840 328 ποιησάμενος.

1050 340 1129 368 Ἀλλὰ
1143 341 1188 367 καὶ
1206 342 1259 368 ἀπὸ
1275 342 1324 376 τῆς
1340 341 1386 368 τοῦ
1404 341 1570 376 Πτολεμαίου
1596 340 1672 375 ῥίζης
1691 338 1841 365 σκολόπων

1043 386 1120 422 δίκην
1136 387 1276 421 ἀναφύσας
1287 407 1294 418 ,
1311 387 1392 423 ἕτερα
1407 387 1486 414 πάλιν
1501 386 1577 422 παρὰ
1593 386 1697 416 τούτοις
1713 384 1841 419 ἐνοχλεῖν

1043 432 1082 467 τῷ
1107 433 1201 468 κόσμῳ
1227 433 1345 469 κέντρων
1371 433 1448 467 δίκην
1468 432 1608 467 ἐπενόησε,
1629 431 1707 466 δῆθεν
1721 430 1840 466 μείζονα

1045 479 1193 513 φαντασίαν
1203 500 1210 511 ,
1226 479 1263 510 ὡς
1277 479 1377 506 ἄνωθεν
1392 479 1466 514 ἥκων
1478 499 1485 510 ,
1502 470 1696 514 μηχανώμενος
1708 485 1714 491 ·
1729 477 1777 503 καὶ
1801 477 1841 503 τὰ

1047 525 1096 560 μὲν
1118 525 1213 560 πρῶτα
1239 525 1286 551 σὺν
1309 525 1348 560 τῷ
1371 525 1476 560 Μάρκῳ
1493 524 1622 559 ὑπάρχων
1636 522 1839 558 ὁμοιογνώμονι

1045 568 1120 604 αὐτῷ
1131 588 1137 600 ,
1155 569 1231 604 δίκην
1247 569 1389 603 δικεφάλου
1405 569 1578 604 ὑπαρχούσης
1590 569 1640 603 τῆς
1656 567 1744 595 αὐτῶν
1758 567 1841 603 αἶρέ-

1047 624 1115 647 σεως
1129 623 1135 630 ’
1152 615 1265 650 ὕστερον
1281 615 1307 642 δὲ
1324 616 1361 646 ὼς
1377 615 1480 650 κεφαλὴ
1505 615 1558 641 ἀπὸ
1577 615 1701 649 σώματος
1716 613 1838 649 ἑρπετοῦ

1045 661 1180 696 τμηθεῖσα
1194 681 1202 691 ,
1228 661 1275 687 καὶ
1301 660 1340 687 ἐτι
1361 661 1516 693 ἐμπνέουσα
1531 680 1538 692 ,
1560 660 1672 691 πολλοὺς
1698 660 1838 694 ἀφανίσας

1045 707 1183 742 ἠδίκησεν,
1196 707 1233 737 ὠς
1247 706 1325 742 δῆθεν
1344 706 1434 741 μεῖζόν
1450 715 1475 732 τι
1491 706 1537 732 καὶ
1549 706 1743 741 ἐμπειρότερον
1759 705 1838 740 παρὰ

1047 752 1100 779 τῶν
1116 753 1124 768 ¹
1143 753 1190 779 σὺν
1214 752 1286 787 αὑτῴ
1313 753 1359 778 καὶ
1385 754 1447 784 τοὺς
1472 752 1596 788 πρώτους
1621 751 1735 782 δεικνύς.
1752 751 1836 784 Λέγει

214 800 285 826 ferre
304 800 468 826 crederetur.
485 797 639 833 Ogdoadem
665 799 737 825 enim
760 803 853 825 censet
867 805 920 824 nor.
935 805 997 832 gra-

1052 799 1102 834 γὰρ
1118 799 1167 834 τὴν
1182 799 1293 834 πρώτην
1317 799 1445 832 Ὀγδοάδα
1467 800 1497 825 οὐ
1518 799 1578 825 καθ’
1595 798 1726 824 ὑπόϐασιν
1746 797 1838 824 ἄλλων

213 845 297 871 datim
321 846 402 871 unius
419 844 516 872 Aiouis
534 845 568 871 ab
586 845 671 871 altero
687 844 875 879 procreatione
897 851 997 878 propa-

213 895 301 926 gatum
333 890 434 924 fuisse;
460 891 506 918 sed
533 899 579 918 sex
607 891 726 925 reliquos
755 889 860 917 Eonas
884 890 995 924 pariter,

213 938 363 972 eodemque
388 942 522 965 momento
550 945 564 964 a
596 944 724 971 supremo
743 936 868 969 Parente,
896 941 922 963 et
937 936 997 970 ejus

213 983 296 1018 259
312 983 425 1014 Euuma.
439 983 489 1010 hoc
506 987 547 1010 est
572 983 745 1017 cogitatione,
769 990 906 1013 manasse,
924 981 997 1016 quod

214 1030 267 1057 iste
282 1030 323 1057 sic
338 1034 466 1064 tanquam
481 1029 633 1056 obstetricis
648 1033 738 1063 partes
748 1029 860 1063 egisset,
872 1027 996 1054 allirmat.

214 1074 305 1106 Quare
332 1082 386 1101 non
410 1080 438 1100 ut
460 1074 502 1101 alii
518 1082 532 1101 e
552 1074 637 1101 Verbo
658 1073 782 1109 Vitaque,
812 1073 954 1101 Hominem
972 1077 998 1100 et

215 1119 383 1153 Eeclesiam;
403 1125 449 1148 aut
468 1129 501 1148 ex
521 1121 645 1152 Homine,
665 1125 693 1147 ut
710 1119 873 1154 quibusdam
898 1119 997 1154 placet,

214 1170 241 1193 ct
254 1166 375 1193 Ecclesia
397 1165 516 1193 Verbum
538 1173 569 1192 ac
593 1164 680 1191 Vitam
703 1166 837 1200 prodiisse
852 1172 913 1191 cum
939 1164 999 1192 suis

215 1213 260 1239 ille
289 1213 393 1239 statuit.
417 1211 469 1239 Sed
493 1212 518 1238 id
544 1211 595 1237 alia
617 1211 722 1238 ratione
750 1211 881 1238 deﬁniunt
897 1220 902 1237 :
921 1211 1000 1237 nimi-

216 1265 276 1284 rum
292 1257 369 1292 ,quod
391 1265 535 1292 supremus
556 1257 600 1284 ille
616 1264 714 1292 parens
735 1256 883 1290 producere
896 1255 1000 1290 cogita-

215 1305 265 1335 vit,
286 1304 338 1330 hoc
365 1303 497 1330 vocabulo
518 1303 607 1330 Patris
629 1303 803 1337 appellatum.
827 1301 898 1329 Idem
919 1309 999 1336 porro

216 1349 324 1376 Veritas
346 1357 408 1376 cum
433 1353 516 1380 esset,
543 1348 673 1376 Veritatis
696 1348 855 1383 insignitum
879 1347 998 1374 nomine.

216 1395 397 1427 Quamobrem
414 1402 475 1421 cum
495 1397 634 1420 ostentare
652 1401 681 1420 se
702 1393 792 1425 vellet,
813 1393 930 1427 idipsum
947 1391 1001 1418 llo-

217 1441 317 1467 minem
348 1440 527 1466 nominatum.
547 1439 621 1472 Quos
643 1443 733 1466 autem
756 1445 818 1465 eum
839 1437 1002 1472 produceret

1049 844 1100 870 ὑπὸ
1117 844 1197 871 ἄλλου
1217 844 1307 870 Αἱῶνα
1333 844 1550 880 προϐεῦλῆσθαι,
1571 843 1628 870 ἀλλ’
1643 843 1711 878 ὁμοῦ
1728 843 1775 869 καὶ
1795 843 1837 873 εἰς

1048 889 1120 922 ἅπαξ
1135 890 1183 926 τὴν
1196 891 1250 916 τῶν
1271 891 1300 922 ἐξ
1315 890 1424 917 Ald)va
1437 892 1447 906 ²
1467 890 1602 925 προϐολὴν
1622 890 1674 916 ὑπὸ
1697 888 1743 915 τοῦ
1763 890 1837 924 Προ-

1049 935 1164 971 πάτορος
1178 937 1224 963 καὶ
1241 937 1289 972 τῆς
1308 937 1426 968 Ἐννοίας
1445 937 1526 963 αὑτοῦ
1539 936 1683 971 τετέχθαι,
1700 937 1737 967 ὡς
1752 935 1838 966 αὐτὸς

1050 983 1252 1017 μαιωσάμενος,
1277 983 1486 1009 διαόεὸαεοῦται.
1506 983 1561 1009 Καὶ
1582 983 1671 1009 οὐκέτι
1696 983 1728 1008 ὲκ
1746 982 1836 1015 Λόγου

1049 1029 1096 1054 καὶ
1104 1029 1179 1063 Ζωῆς
1195 1029 1353 1064 Ἄνθρωπον
1364 1030 1410 1055 καὶ
1426 1029 1598 1064 Ἐκκλησίαν,
1615 1029 1660 1055 καὶ
1674 1028 1702 1061 ἐξ
1721 1027 1838 1063 Ἄνθρὼ-

1049 1085 1100 1103 που
1111 1096 1118 1108 ,
1134 1076 1172 1107 ὼς
1186 1077 1209 1102 οἱ
1225 1076 1298 1102 ἄλλοι
1309 1096 1316 1106 .
1330 1076 1375 1102 καὶ
1398 1075 1559 1110 Ἐκκλησίας
1570 1096 1577 1107 ,
1595 1075 1680 1108 Λόγον
1697 1075 1743 1101 καὶ
1758 1075 1836 1109 Ζωήν

1050 1131 1115 1158 φασι
1129 1122 1252 1157 τετέχθαι
1268 1122 1348 1154 αὐτὸς
1370 1122 1417 1148 καὶ
1430 1123 1453 1148 οἱ
1470 1121 1551 1148 αὑτοῦ
1564 1131 1571 1138 ·
1588 1121 1655 1148 ἀλλὰ
1675 1121 1760 1156 ἑτέρῳ
1772 1121 1837 1156 τρό-

1050 1178 1093 1204 πῳ
1108 1169 1186 1195 τοῦτο
1202 1169 1326 1203 λέγουσιν
1337 1178 1343 1184 ·
1367 1169 1407 1195 ὃτι
1426 1170 1494 1204 ὅπερ
1511 1168 1636 1204 ἐνενοήθη
1660 1167 1805 1202 προϐαλεῖν
1822 1168 1837 1192 ὁ

1050 1215 1220 1250 Προπάτωρ,
1235 1214 1313 1241 τοῦτο
1333 1215 1426 1250 Πατὴρ
1445 1215 1556 1250 ἐκλήθη,
1579 1214 1654 1240 Ἐπεὶ
1670 1214 1698 1239 δὲ
1717 1212 1835 1248 προεϐά-

1050 1260 1110 1286 λετο
1131 1260 1256 1296 Ἀλήθεια
1279 1261 1328 1295 ἦν,
1351 1261 1429 1287 τοῦτο
1457 1260 1581 1295 Ἀλήθεια
1596 1258 1750 1294 ὠνομάσθη.
1769 1257 1836 1284 ”Οτε

1050 1304 1095 1332 οὖν
1114 1306 1245 1342 ἠθέλησεν
1268 1306 1400 1338 ἐπιδεῖξαι
1427 1306 1506 1333 αὐτὸν
1519 1327 1525 1338 ,
1545 1305 1624 1332 τοῦτο
1650 1304 1809 1340 Ἀνθρωπος
1826 1304 1836 1319 ³

1051 1352 1157 1387 ἐλέχθη.
1173 1351 1225 1384 Οὒς
1251 1352 1279 1378 δὲ
1302 1353 1495 1388 προελογίσατο
1511 1353 1555 1378 ὅτε
1581 1351 1732 1386 προέϐαλε,
1757 1350 1837 1377 τοῦτο

1057 1397 1204 1431 Ἐκκλησία
1218 1397 1362 1432 ὠνομάσθη
1375 1405 1381 1411 ·
1400 1398 1445 1423 καὶ
1464 1397 1478 1422 ὁ
1494 1396 1652 1432 ’Ἄνθρωπος
1671 1396 1715 1422 τὸν
1731 1396 1816 1429 Λόγον
1827 1403 1834 1410 ·

1052 1439 1127 1473 οὗτός
1141 1442 1213 1469 ἐστιν
1231 1442 1244 1467 ὁ
1261 1443 1430 1477 πρωτότοκος
1452 1442 1524 1473 Υἱός.
1549 1441 1739 1468 Ἐπακολουθεῖ
1757 1440 1784 1466 δὲ
1798 1440 1838 1475 τῷ

219 1487 296 1520 prius
318 1486 408 1512 animo
428 1489 576 1520 reputarat,
599 1485 641 1512 his
663 1484 790 1511 Ecclesia!
806 1491 904 1510 nomen
921 1483 999 1509 attri-

1052 1487 1130 1522 Λόγῳ
1151 1487 1198 1514 καὶ
1217 1489 1233 1522 ὴ
1252 1488 1323 1524 Ζωή.
1344 1488 1399 1514 Καὶ
1419 1487 1507 1520 οὕτως
1529 1486 1625 1523 πρώτη
1645 1486 1756 1520 Ὀγδοὰς
1776 1495 1838 1512 συν-

218 1533 323 1559 butum.
350 1531 435 1558 Homo
463 1540 526 1558 vero
549 1531 666 1558 Verbum
693 1531 838 1565 prodmit;
860 1534 941 1564 atque
956 1529 1000 1555 hic

219 1576 416 1612 primogenitus
441 1580 483 1603 est
502 1575 596 1602 Filius.
623 1575 676 1602 Sed
693 1575 810 1602 Verbum
828 1574 888 1601 Vita
903 1581 1003 1600 censen

218 1622 324 1656 quitur.
340 1623 429 1656 Atque
444 1622 480 1647 ita
497 1621 605 1656 Ogdoas
621 1621 708 1656 prima
723 1621 876 1650 coulieitur.

254 1667 339 1694 Porro
357 1675 454 1702 magna
470 1671 512 1694 est
527 1668 598 1694 inter
615 1667 676 1694 illos
690 1667 724 1694 de
740 1667 880 1693 Salvatore
895 1665 1002 1693 dissem-

218 1713 271 1740 sio.
296 1712 411 1745 Quidam
436 1713 509 1740 enim
532 1721 565 1740 ex
587 1713 714 1740 omnibus
736 1711 882 1739 conﬂatum
908 1711 1002 1738 existi-

217 1763 413 1793 tnant:atque
441 1758 502 1785 ideo
526 1757 706 1787 Eudocetum.
734 1758 784 1784 hoc
806 1761 849 1784 est
874 1758 1002 1792 henepla-

215 1808 324 1831 centeni
344 1808 481 1835 vocatum,
501 1804 572 1839 quod
596 1811 658 1830 eum
683 1803 807 1830 Pleroma
829 1810 910 1829 omne
927 1809 1003 1829 com-

217 1850 294 1875 muni
318 1849 354 1876 sit
375 1848 472 1876 aﬂ‘ectu
488 1856 520 1875 ac
535 1848 723 1875 benevolentia
747 1851 932 1882 prosecutum.
950 1848 1001 1875 Atii

220 1894 288 1922 solis
297 1902 330 1922 ex
344 1894 479 1921 [Eonibus
487 1894 592 1926 decem,
601 1894 647 1928 qui
664 1900 678 1919 a
691 1892 781 1920 Verbo
794 1892 908 1927 Vitaque
930 1894 1003 1920 deri-

220 1941 275 1970 vati
291 1945 365 1970 sunt.
393 1940 544 1975 profectum
567 1940 644 1967 illum
670 1944 807 1972 asserunt,
827 1944 971 1972 eteorum,
988 1948 1003 1967 a

219 1986 318 2020 quibus
331 1989 420 2012 ortum
437 1987 553 2020 accepit,
573 1985 720 2012 retinuisse
735 1987 854 2012 nomina.
873 1985 941 2012 Sunt
956 1986 1004 2020 qui

219 2030 362 2058 duodecim
376 2038 407 2057 ex
422 2030 557 2058 Aiouibus
568 2052 575 2063 ,
592 2038 661 2064 quos
678 2029 764 2058 Homo
779 2038 810 2057 ac
828 2030 889 2057 Vita
901 2039 1004 2066 genue-

217 2077 283 2108 rint,
305 2076 465 2112 proﬂuxisse
485 2078 603 2103 sentiant
620 2086 625 2102 :
644 2077 678 2103 ob
703 2077 782 2111 idque
803 2077 886 2104 lilium
912 2076 1004 2104 Homi-

219 2124 262 2151 nis
279 2123 381 2153 vocari.
400 2124 478 2159 quasi
493 2122 618 2149 Houiints
635 2127 769 2157 nepotem.
788 2122 931 2150 Nonnullis
946 2123 1004 2158 pla-

1051 1533 1186 1568 ετελέσθη.

1088 1673 1174 1709 Πολλὴ
1190 1673 1218 1700 δὲ
1234 1673 1308 1709 μάχη
1322 1674 1387 1709 παρ’
1403 1673 1493 1706 αὐτοῖς
1509 1673 1555 1700 καὶ
1570 1673 1691 1708 περὶτοῦ
1703 1673 1836 1708 Σωτῆρος.

1053 1722 1083 1747 υἱ
1099 1721 1148 1756 μὲν
1167 1720 1221 1756 γὰρ
1236 1721 1316 1747 αὑτὸν
1330 1722 1362 1747 ὲκ
1373 1721 1482 1747 πάντων
1496 1720 1636 1755 γεγονέναι
1652 1720 1776 1754 λέγουσι,
1799 1720 1838 1746 διὸ

1052 1767 1098 1793 καὶ
1110 1766 1260 1802 Εὺδοκητὸν
1275 1767 1425 1799 καλεῖσθαι,
1441 1767 1481 1793 ὅτι
1496 1767 1549 1793 πᾶν
1563 1767 1593 1792 τὸ
1607 1767 1747 1802 Πλήρωμα
1762 1766 1838 1801 ηὐδό-

1053 1819 1152 1846 κησεν·
1173 1812 1198 1838 οἱ
1222 1812 1250 1838 δὲ
1271 1813 1303 1838 ἐκ
1329 1812 1416 1847 μόνων
1440 1812 1493 1838 τῶν
1510 1811 1575 1838 δέκα
1591 1811 1700 1838 Δίώνων
1716 1812 1770 1838 τῶν
1786 1811 1838 1838 ἀπὸ

1052 1857 1139 1891 Λόγου
1160 1858 1207 1884 καὶ
1233 1857 1310 1893 Ζωῆς
1334 1857 1534 1893 προὸεόλῆσθαι
1560 1858 1641 1884 αὑτὸν
1660 1858 1786 1892 λέγουσι,
1805 1858 1839 1884 τὰ

1053 1903 1201 1938 προγονικὰ
1219 1903 1338 1938 ὀνόματα
1356 1903 1411 1939 [τὰ]
1427 1904 1591 1935 διασώζοντα
1603 1913 1610 1919 ·
1625 1905 1649 1930 οἱ
1676 1904 1704 1930 δὲ
1733 1905 1764 1930 ἐκ
1785 1905 1837 1930 τῶν

1052 1950 1164 1976 δεκαδύο
1189 1950 1298 1976 Αἱώνων
1325 1950 1378 1977 τῶν
1404 1952 1436 1978 ἐκ
1452 1951 1505 1978 τῶν
1532 1952 1578 1978 τοῦ
1609 1951 1765 1988 Ἀνθρώπου
1792 1952 1838 1978 καὶ

1053 1995 1130 2030 Ζωῆς
1156 1995 1308 2030 γενομένων
1327 2005 1333 2011 ·
1361 1996 1406 2022 καὶ
1429 1996 1473 2023 διὰ
1499 1996 1579 2024 τοῦτο
1604 1997 1660 2024 υἱὸν
1685 1996 1837 2032 Ἀνθρώπου

1053 2041 1195 2076 ὁμολογεῖ,
1216 2041 1316 2067 ὡσανεὶ
1334 2042 1467 2075 ἀπόγονον
1493 2042 1659 2078 Ἀνθρώπου.
1683 2043 1714 2069 Οἱ
1737 2042 1765 2068 δὲ
1787 2042 1837 2068 ὑπὸ

1053 2087 1100 2113 τοῦ
1112 2087 1241 2122 Χριστοῦ,
1262 2088 1308 2114 καὶ
1324 2088 1370 2114 τοῦ
1387 2088 1464 2122 ἁγίου
1480 2089 1637 2124 Πνεύματος
1653 2090 1692 2120 εἰς
1704 2089 1838 2124 στήριγμα

1054 2132 1100 2159 τοῦ
1118 2131 1302 2167 ΙΙληρώματος
1317 2133 1456 2166 γεγονέναι
1476 2133 1599 2168 λέγουσιν
1616 2134 1695 2161 αὐτόν
1710 2142 1716 2148 ·
1733 2134 1778 2160 καὶ
1796 2135 1838 2161 διὰ

218 2174 262 2197 cet
275 2169 398 2196 eumdem
415 2177 429 2195 a
444 2169 552 2196 Christo
568 2174 594 2195 et
607 2168 707 2202 Spiritu
730 2173 824 2196 sancto
840 2168 873 2195 ad
893 2173 999 2196 susten-

1055 2177 1135 2205 τοῦτο
1153 2178 1269 2213 Χριστὸν
1292 2178 1418 2212 λέγεσθαι
1433 2179 1512 2205 αὐτὸν
1530 2180 1579 2214 τὴν
1595 2180 1640 2206 τοῦ
1657 2180 1777 2214 Πατρὸς,
1793 2181 1838 2214 ἀφ’

218 2217 328 2243 tandum
354 2215 477 2242 Plcroma
503 2215 643 2250 genitali]:
662 2215 776 2249 ideoque
799 2215 936 2242 Christum
953 2222 1000 2249 ap-

217 2261 358 2296 pellatum,
376 2265 406 2288 ut
422 2260 492 2295 ejus,
508 2268 522 2287 a
537 2267 592 2295 quo
618 2264 706 2286 ortum
727 2263 880 2294 acceperat,
902 2267 1002 2286 nomen

217 2307 363 2334 obtineret.
384 2307 435 2332 Alii
459 2314 491 2332 ex
521 2306 627 2332 illorum
656 2313 779 2335 numero.
800 2309 828 2331 ut
844 2306 879 2332 ita
897 2305 998 2338 dicam,

217 2353 347 2386 rbapsodi
375 2360 510 2379 summum
549 2352 738 2378 universorum
775 2351 934 2384 Parentem,
969 2359 1001 2378 ac

218 2399 335 2433 primum
355 2397 532 2432 Principium,
551 2398 722 2433 priuutmque
736 2398 899 2432 cogitatione
915 2398 1003 2432 majus

218 2443 362 2470 Hominem
382 2445 473 2470 vocari
488 2443 637 2477 deﬁniunt;
660 2443 740 2478 idque
756 2451 880 2478 magnum
896 2444 961 2470 illud
976 2449 1002 2471 et

219 2497 348 2517 arcanum
368 2497 429 2516 esse
444 2491 613 2524 mysterium,
631 2489 705 2524 quod
722 2490 764 2516 illa
780 2490 886 2517 caeteris
912 2490 1002 2516 omni-

217 2535 280 2567 bus,
299 2535 466 2562 antecellens
502 2536 647 2570 otnniaque
676 2537 818 2562 continens
834 2535 922 2562 virtus
948 2535 1001 2561 llo-

217 2581 300 2608 minis
322 2581 500 2615 appellatione
525 2585 694 2612 censeatur;
722 2586 749 2607 et
777 2581 880 2607 idcirco
907 2580 1000 2607 Salva-

217 2632 304 2654 torem
320 2626 494 2660 semetipsum
513 2626 636 2654 llomiuis
656 2627 798 2654 nominare
815 2626 910 2653 illium.

251 2672 284 2700 Η.
305 2672 444 2707 Ejusmodi
460 2676 502 2699 est
520 2671 608 2707 inepta
633 2673 677 2699 illa
698 2679 730 2699 ae
752 2672 924 2699 commentita
945 2671 997 2698 Co-

215 2719 318 2748 lorbasi
343 2719 479 2750 doctrina,
505 2726 586 2755 quam
604 2726 701 2754 magno
720 2718 863 2746 verborum
880 2718 995 2753 strepitu

255 2798 264 2817 ⁸
278 2797 308 2828 F.
324 2797 396 2831 τούς.
415 2798 424 2813 ²
438 2797 500 2825 Cor.
515 2797 545 2833 ἒξ
557 2796 621 2826 Aid).
658 2797 667 2812 ²
678 2796 709 2825 Γ.
728 2797 893 2833 ’Ἄνθρωπον

1054 2221 1085 2251 οὗ
1100 2223 1255 2260 προεϐλήθη
1269 2243 1275 2255 ,
1291 2223 1459 2256 διασώζοντα
1483 2225 1676 2260 προσηγορίαν.
1696 2225 1785 2251 ’Ἄλλοι
1800 2225 1837 2258 δὲ,

1055 2269 1093 2300 ὡς
1108 2270 1194 2296 εἰπεῖν
1207 2289 1213 2301 ,
1230 2268 1302 2300 τινὲς
1324 2269 1352 2302 ἐξ
1376 2269 1464 2295 αὐτῶν
1481 2269 1597 2304 ῥαψῳδοὶ
1613 2269 1656 2295 τὸν
1679 2269 1838 2304 Προπάτορα

1054 2314 1108 2340 τῶν
1125 2314 1193 2340 ὅλων
1205 2333 1211 2344 ,
1229 2316 1274 2340 καὶ
1294 2315 1436 2350 προάρχην
1447 2335 1454 2347 ,
1477 2315 1524 2341 καὶ
1550 2315 1759 2350 προανεννόητον
1780 2316 1839 2341 Ἀν-

1056 2359 1163 2395 θρωπον
1185 2359 1294 2394 λέγουσι
1308 2360 1449 2386 καλεῖσθαι
1463 2369 1469 2376 '
1488 2361 1534 2386 καὶ
1547 2361 1619 2386 τοῦτ’
1636 2359 1705 2387 εἷναι
1727 2361 1757 2387 τὸ
1772 2361 1839 2396 μέγα

1055 2406 1101 2432 καὶ
1114 2406 1272 2442 ἀπόκρυφον
1289 2408 1450 2442 μυστήριον·
1468 2408 1508 2433 ὅτι
1529 2409 1544 2443 ἡ
1570 2408 1639 2443 ὑπὲρ
1657 2407 1691 2433 τὰ
1706 2408 1753 2434 ὅλα
1766 2407 1839 2434 δύνα-

1057 2461 1101 2486 μις
1114 2453 1158 2479 καὶ
1171 2453 1371 2489 ὲμπζριεκτικὴ
1386 2453 1440 2481 τῶν
1454 2454 1563 2480 πάντων
1581 2454 1740 2489 Ἀνθρωπος
1755 2454 1840 2480 καλεῖ-

1054 2506 1098 2523 ται
1111 2506 1118 2512 ·
1134 2499 1180 2525 καὶ
1191 2499 1233 2526 διὰ
1248 2499 1327 2526 τοῦτο
1339 2500 1395 2526 υἱὸν
1413 2499 1568 2535 Ἀνθρώπου
1586 2500 1680 2527 ἑαυτὸν
1699 2501 1785 2534 λέγειν
1798 2500 1840 2527 τὸν

1054 2543 1180 2579 Σωτῆρα.

1088 2674 1124 2699 B’.
1149 2673 1222 2710 Αὕτη
1246 2676 1323 2710 καὶὴ
1346 2677 1392 2703 τοῦ
1417 2675 1590 2710 Κολορὸἁσου
1611 2676 1724 2711 μάταιος
1741 2676 1779 2711 τῷ
1794 2675 1840 2712 βίῳ

1053 2719 1100 2746 καὶ
1113 2720 1300 2757 φαντασιώδης
1313 2721 1356 2748 διὰ.
1371 2721 1543 2758 ψοιίιημάτων
1560 2721 1711 2756 κενοφωνία
1721 2729 1729 2737 θ
1745 2722 1777 2758 ῆν
1795 2722 1841 2750 ἐὰν
