1952 3045
85 96 149 124 0‘29

403 97 589 126 ADVERSUS
611 97 784 127 HERESXES
803 98 868 126 LIB.

943 99 1019 127 [ΟΜ.
1040 99 1084 127 Ill.
1105 115 1141 120 —
1160 99 1298 129 IIERES.
1312 100 1420 130 XXXV.

1686 103 1739 131 (250

85 157 252 193 καταμαθοι
271 167 330 190 τις,
348 158 451 186 εἴσεται
464 160 496 186 ὲκ
512 159 567 186 τῶν
583 159 635 196 πρὸ
652 160 752 192 αὑτοῦ,
769 159 808 192 ὡς
820 169 894 195 φιλο-

946 164 1028 195 atque
1043 167 1142 195 pompa
1157 161 1184 187 in
1198 160 1323 188 homines
1341 161 1454 188 invexit.
1475 160 1561 194 Quam
1577 160 1599 188 si
1616 161 1678 196 quis
1694 161 1737 188 di-

84 203 176 238 τιμία
191 204 250 230 ἐστὶ
263 204 314 240 τῆς
329 204 445 232 ἑκάστου
462 206 565 233 τούτων
579 207 718 238 ὑπονοίας.
735 206 890 239 Κενοόοξῶν

83 249 150 286 γὰρ
165 250 279 283 ἕκαστος
291 271 297 282 ,
316 251 363 278 καὶ
377 252 537 287 βουλόμενος
553 252 643 289 ἑαυτῷ
660 253 787 287 συνάγειν
798 253 890 289 ἄθροι-

87 303 171 330 σμα,
188 295 258 322 ὥστε
282 296 356 332 αὺτῷ
374 297 506 330 ἕπεσθαι,
523 297 541 324 ἃ
563 299 710 335 ὑπεισῆλθε
734 301 768 335 τῇ
792 299 890 326 ἑαυτοῦ

87 342 188 377 ἐννοίᾳ⁴
206 342 417 379 ἐψευδολόγησεν
431 363 438 375 ,
455 343 518 370 οὔτε
534 344 605 372 κατὰ
621 346 791 381 προφητείαν
805 346 890 381 φθεγ-

86 388 211 424 γόμενος
223 389 263 423 (οὐ
280 388 334 425 γὰρ
349 389 461 425 Πνεῦμα
479 389 555 424 ἆγιον
571 390 701 426 ἐλάλησεν
721 392 750 418 ὲν
768 391 889 427 αὐτοῖς),

86 434 159 460 οὔτε
175 435 230 461 ἀπὸ
254 436 302 471 τῆς
323 435 378 462 τῶν
399 436 547 472 προφητῶν
573 437 621 463 καὶ
636 437 811 472 Εὐαγγελίων
823 438 889 474 ἀλη-

87 481 172 513 θείας
200 482 253 509 κᾶν
276 482 342 518 μίαν
361 481 494 518 πρόφασιν
520 483 654 519 ἐσχηκώς.
684 484 835 520 ’Λνστροπὴ
862 484 891 511 δὲ

87 526 202 554 ’τούτων
214 527 323 554 πάντων
345 527 400 554 τῶν
417 528 465 563 τῆς
478 527 655 565 ψευδωνύμου
672 530 798 563 γνώσεως
812 530 826 556 ὁ
842 530 891 556 αὖ·

87 572 139 603 τὸς
157 571 286 608 ἀληθείας
306 572 375 600 κατά
391 574 446 600 τῶν
473 573 588 610 πρώτων
614 575 706 611 ῥηθεὶς
729 575 818 610 λόγος.
835 575 891 611 Τῆς

87 615 150 651 γὰρ
166 616 344 644 Οὐαλεντίνου
366 618 464 653 σχολῆς
489 619 536 645 καὶ
561 619 616 645 τῶν
633 620 685 653 πρὸ
711 620 794 647 αὑτοῦ
819 618 891 647 οὗτοι

89 662 198 695 πάντες
224 663 408 700 ὑπάρχοντες,
442 666 489 698 καὶ
514 666 558 692 τὸν
583 665 644 693 νοῦν
663 667 766 693 ἐκεῖνον
787 667 794 682 ¹
812 667 890 700 ἄλλος

88 709 186 741 ἄλλως
209 709 431 746 ἐξηγησάμενοι,
452 711 501 748 τὴν
521 711 582 747 ἴσην
609 713 701 745 αὐτοῖς
728 713 891 748 ὀφλήσουπιν

89 756 238 792 αἰσχύνην.
254 757 382 794 Μεγάλην
394 758 449 794 γὰρ
465 759 530 794 ἡμῖν
544 758 652 795 ἀπάτην
664 760 830 794 κενοφωνίας
845 760 892 786 καὶ

89 797 175 833 οὗτος
191 803 205 828 ὁ
231 802 402 839 Κολόρϐασος
423 802 473 840 ἧκε
491 804 592 840 φέρων.
610 806 732 839 Ἐξέθετο
756 806 810 841 γὰρ
826 807 891 842 ἡμῖν

948 206 1063 241 ligenter
1091 206 1301 238 animadvertat,
1328 206 1407 234 facile
1422 214 1455 234 ex
1473 207 1662 242 superioribus
1680 207 1736 235 Ine-

943 251 1185 287 relicisintelliget,
1198 259 1306 280 omnem
1321 251 1394 279 illam
1406 253 1564 287 opinionum
1579 254 1735 280 varietatem

942 298 977 325 ab
1016 297 1167 325 ambitione
1198 298 1410 334 arrogantiaque
1440 298 1601 334 profectam.
1628 298 1735 326 Etenim

942 345 1132 380 unusquisque
1155 345 1248 381 gloria:
1266 346 1356 374 studio
1367 354 1528 379 succensus,
1546 354 1577 373 ac
1588 351 1736 374 sectatores

943 392 1006 423 sibi,
1024 392 1098 419 velut
1114 392 1279 427 peculiarem
1296 393 1441 427 quemdam
1454 401 1573 428 gregem.
1588 393 1737 420 conciliare

942 439 1068 474 cupiens,
1083 438 1217 474 quidquid
1231 439 1437 467 mendaciorum
1449 439 1476 467 in
1491 439 1612 467 animum
1629 439 1735 472 incidit,

943 489 1046 512 temere
1071 486 1149 520 quasi
1179 485 1338 512 vaticinium
1364 485 1502 520 quoddam
1536 490 1563 513 et
1593 486 1735 513 oraculum

943 530 1025 566 260
1048 529 1181 565 profudit.
1203 529 1298 565 Neque
1322 531 1395 558 enim
1415 530 1534 566 Spiritus
1555 535 1668 558 sanctus
1689 537 1736 565 per

942 585 990 604 cos
1006 577 1115 604 locutus
1130 580 1191 610 est;
1215 584 1305 612 neque
1322 585 1356 604 ex
1372 577 1523 612 prophetis,
1545 580 1592 604 aut
1612 576 1735 604 veritatis

942 623 1097 658 Evangeliis
1123 625 1165 651 vel
1193 623 1360 651 levissimam
1385 631 1482 651 ansam
1507 627 1534 651 et
1561 623 1735 651 occasionem

943 669 1014 696 nacti
1030 673 1105 696 sunt.
1130 668 1171 696 Ad
1196 669 1311 696 istorum
1336 677 1401 697 vero
1425 669 1521 697 falsam
1538 669 1679 696 scientiam
1695 677 1749 696 rc-.

944 713 1089 741 felleudam
1115 714 1234 749 pertinet
1251 715 1297 741 illa
1321 722 1335 741 a
1352 722 1394 742 me
1412 718 1508 742 contra
1527 714 1635 749 priores
1655 714 1736 741 insti-

944 764 1001 786 tuta
1013 761 1154 788 verissima
1169 761 1336 797 disputatio.
1363 760 1430 788 Nam
1446 769 1462 788 e
1476 759 1613 788 Valentinl
1640 760 1737 788 Valen-

943 805 1057 841 tinoque
1080 806 1254 841 superiorum
1272 805 1463 834 haereticorum
1480 806 1572 834 schola
1586 814 1681 834 omnes
1697 807 1736 834 illi

90 849 330 884 ποιητευσάμενος
355 850 394 885 τῷ
410 851 593 887 ἀκαταλήπτῳ
604 872 611 884 ,
628 853 675 880 καὶ
698 853 805 889 ἀοράτῳ
818 874 825 887 ,
845 854 893 880 καὶ

945 851 1071 887 profecti,
1096 852 1136 879 sic
1157 857 1187 880 ut
1204 852 1278 880 illius
1300 856 1418 880 mentem
1443 852 1489 879 alii
1514 853 1592 879 aliter
1607 853 1736 888 interpre-

90 894 167 930 ἁγίερ
179 895 238 930 Θεῷ
253 895 292 930 τῷ
304 897 392 932 Harp!
405 897 458 924 τῶν
470 897 539 925 ὅλων
553 898 639 934 ὄνομα
653 899 718 926 ’Λνθ
724 908 812 936 ρωπος
825 909 833 916 ·
848 901 891 928 ἵνα

91 940 214 977 συξεύξῃ
232 943 264 978 τῇ
287 943 384 969 ἑαυτοῦ
411 943 499 980 πλάνῃ
519 945 565 972 τὸν
586 945 633 972 τοῦ
655 946 781 982 Σωτῆρος
801 947 889 982 λόγον,

91 987 248 1020 φάσκοντος
275 988 371 1015 ἑαυτὸν
389 989 453 1016 Υἱὸν
476 990 633 1026 ’Λνθρώπου
647 1012 654 1024 ,
671 992 717 1018 καὶ
748 993 891 1029 μεταγάγῃ

92 1032 144 1068 τὴν
159 1033 279 1061 διάνοιαν
295 1034 349 1061 τῶν
363 1035 438 1070 αὑτῷ
454 1037 635 1072 χρησαμένων
658 1038 711 1064 ἀπὸ
724 1038 773 1073 τῆς
795 1038 891 1074 ἀληθι-

92 1078 143 1113 νῆς
158 1079 206 1106 καὶ
223 1080 426 1116 ἐναργεστάτης
439 1081 485 1109 τοῦ
501 1082 618 1118 Χριστοῦ
642 1084 706 1119 περὶ
725 1084 806 1110 αὐτοῦ
826 1086 891 1120 ὁμο-

92 1126 207 1160 λογίας,
223 1127 264 1158 είς
287 1127 444 1162 ἀμηχανίαν
469 1128 515 1155 καὶ
540 1130 708 1164 κενοφωνὶαν
725 1130 771 1157 τοῦ
788 1130 890 1166 ζητεῖν,

93 1172 341 1209 ὑπολαμϐάνοντας
358 1175 387 1202 ὲν
399 1176 455 1207 τοῖς
468 1175 640 1211 ἐπουρανίοις
654 1175 723 1204 εἶναι
737 1176 751 1204 ὃ
767 1177 804 1213 μὴ
821 1177 888 1205 ἔστι.

93 1219 192 1254 Δῶμεν
211 1220 265 1256 γὰρ
284 1221 375 1252 αὑτὸν,
392 1221 436 1248 διὰ
446 1221 476 1248 τὸ
488 1222 535 1249 τὸν
546 1223 627 1250 αὑτοῦ
642 1223 751 1258 Πατέρα
770 1224 892 1259 Ἀνθρω-

95 1275 146 1294 πον
161 1267 321 1300 καλεῖσθαι,
336 1268 400 1295 Υἰδν
431 1268 587 1304 Ἀνθρώπου
616 1269 710 1299 ἑαυτὸν
736 1269 889 1305 ὀνομάζειν,

95 1313 143 1340 καὶ
162 1313 213 1340 οὐκ
232 1313 286 1340 ἀπὸ
309 1314 357 1350 τῆς
376 1315 494 1350 σαρκὸς,
510 1313 544 1351 ἦς
570 1315 666 1343 ἐλαϐεν
689 1316 744 1342 ἀπὸ
763 1318 892 1352 παρθενιο

96 1359 148 1394 διῆς
165 1360 288 1395 μήτρας,
305 1360 444 1387 τουτέστιν
462 1361 516 1388 ἀπὸ
537 1362 648 1397 Μαρίας
665 1361 716 1397 τῆς
735 1362 814 1396 ἁγίας
831 1372 891 1397 γεν-

96 1404 189 1439 νηθεὶς
211 1405 256 1431 διὰ
270 1405 340 1432 Πνεὺ
345 1415 428 1441 ματος
446 1407 524 1441 ἁγίου
538 1427 545 1439 ,
561 1406 633 1434 κατὰ
653 1407 700 1434 τὸν
712 1408 759 1435 τοῦ
773 1408 890 1435 ἐλεεινοῦ

97 1449 270 1486 Κολορὸάσου
283 1451 377 1477 τούτου
390 1451 468 1486 λόγον
480 1460 486 1467 ·
502 1452 528 1478 τί
549 1451 581 1479 ἂν
596 1452 666 1479 εἴποι
684 1453 748 1489 περὶ
766 1451 796 1480 οὗ
811 1455 825 1480 ὁ
841 1454 890 1480 αὺ-

99 1497 142 1529 τδς
168 1497 270 1533 Κύριος
293 1497 370 1533 ἡμῶν
393 1498 496 1533 Ἰησοῦς
512 1499 629 1534 Χριστός
655 1508 756 1535 φησιν,
781 1500 819 1532 ὼς
833 1502 889 1532 τοῖς

102 1541 239 1573 Ἰουδαίοις
260 1542 354 1577 ἔλεγε·
380 1543 447 1569 Νῦν
471 1543 505 1570 δέ
523 1552 562 1578 με
585 1543 693 1577 ζητεῖτε
714 1544 887 1572 ἀποκτεῖναι

97 1588 255 1622 ἄνθρωπον
266 1608 274 1621 ,
291 1588 326 1622 ὃς
341 1588 398 1623 τὴν
411 1589 557 1624 ἀλήθειαν
573 1590 643 1625 ὑμῖν
654 1590 811 1625 λελάληκα
824 1612 831 1623 ,
847 1591 888 1625 ἣν

99 1632 217 1667 ἥκουσα
228 1632 306 1667 παρὰ
320 1633 373 1660 τοῦ
384 1635 498 1668 Πατρός
507 1642 585 1669 you;
601 1635 656 1662 Kal.
667 1635 758 1662 οὐκέτι
771 1636 888 1664 ἐνταῦθα

98 1676 158 1705 εἷπε
172 1699 179 1711 ,
206 1679 252 1705 τοῦ
273 1679 430 1715 Ἀνθρώπου
455 1681 561 1716 Πατρός
587 1688 653 1716 μου²
671 1681 739 1708 ἀλλὰ
755 1682 819 1717 περὶ
838 1682 888 1717 μὲν

99 1724 204 1760 Πατρὸς
220 1725 377 1760 ὁμολογῶν,
403 1725 468 1752 Θεὸν
491 1725 538 1752 τὸν
565 1726 621 1753 τῶν
647 1726 714 1753 ὅλων
744 1727 886 1762 ἐσήμανε-

99 1771 163 1807 tegi.
176 1771 205 1797 δὲ
222 1771 317 1798 ἑαυτοῦ
330 1793 337 1805 ,
351 1773 392 1799 ὅτι
406 1772 615 1809 ὲνηνθρώπησεν
627 1793 634 1805 ,
656 1774 684 1800 ὲν
710 1773 824 1810 ἀληθείᾳ
838 1774 887 1802 ἄν·

99 1817 208 1852 θρωπον
223 1818 318 1845 ἑαυτὸν
333 1818 463 1853 ἔφασκεν,
481 1820 518 1851 ὼς
533 1820 581 1846 καὶ
596 1820 620 1846 οἱ
634 1820 778 1847 ἀπόστολοι
795 1829 887 1856 φασιν,

101 1863 143 1890 ίνα
167 1864 184 1898 ἡ
205 1863 319 1899 ἀλήθεια
346 1865 516 1901 πανταχόθεν
535 1865 673 1901 συσταθῇ,
692 1865 738 1892 καὶ
763 1866 888 1902 γνωσθῇ,

101 1908 182 1936 πόθεν
197 1909 254 1936 ἐστὶ
270 1910 304 1936 τὰ
321 1910 360 1944 τῷ
378 1910 473 1946 Κυρίῳ
489 1911 609 1946 ὀνόματα
625 1911 794 1946 συναφθέντα
807 1920 814 1927 ’
839 1912 890 1946 Ἰη-

101 1953 178 1981 σοῦν
203 1954 298 1990 ἄνδρα
314 1956 566 1991 ἀποδεδειγμένον
587 1958 631 1990 εἰς
652 1957 732 1991 ἡμᾶς
752 1958 890 1993 σημείοις

102 2000 149 2028 καί
164 2001 266 2037 τέρασι
275 2022 283 2034 ,
302 2002 395 2030 καὶτὰ
407 2002 481 2038 ἑξῆς.

943 901 1078 930 tarentur,
1100 899 1159 933 pari
1182 905 1278 926 omnes
1293 898 1444 933 ignominia
1462 898 1575 926 notandi
1590 903 1665 926 sunt.
1681 898 1740 926 Sed

944 942 1016 970 haud
1041 943 1193 970 mediocres
1216 951 1282 972 sane
1297 943 1331 971 ad
1345 943 1526 971 cavillandnm
1541 952 1627 979 nugas
1639 944 1735 971 Color-

942 988 1026 1016 basus
1052 989 1105 1016 iste
1132 989 1212 1016 nobis
1241 989 1343 1017 attulit.
1372 987 1513 1024 Siquidem
1535 990 1641 1024 poetico
1659 997 1734 1017 more

942 1034 1039 1062 ludens
1055 1034 1166 1062 Parenli
1181 1035 1303 1062 omnium
1321 1042 1353 1062 ac
1368 1035 1423 1063 Deo
1446 1036 1634 1068 sanctissimo,
1653 1043 1732 1071 quem

942 1088 1022 1108 nemo
1041 1081 1273 1116 comprehendere
1292 1086 1340 1108 aut
1360 1089 1495 1116 usurpare
1519 1083 1614 1110 oculis
1633 1087 1733 1118 potest,

944 1126 1070 1155 Hominis
1090 1135 1188 1155 nomen
1205 1128 1319 1162 affinxit,
1341 1136 1370 1156 ut
1389 1129 1422 1156 ad
1441 1136 1562 1156 errorem
1579 1137 1658 1156 suum
1678 1130 1734 1156 Sal-
1784 1132 1790 1139 '

941 1173 1044 1201 vatoris
1064 1182 1220 1201 sermonem
1239 1174 1410 1210 adjungerct,
1428 1174 1473 1209 qui
1490 1182 1520 1202 se
1539 1175 1623 1201 lilium
1641 1174 1734 1202 llomi-

941 1218 985 1245 uis
1012 1225 1074 1246 csse
1099 1218 1185 1252 dixit;
1207 1226 1239 1246 ac
1264 1219 1440 1246 familiarium
1466 1227 1579 1246 suorum
1593 1220 1700 1247 aniums
1718 1227 1732 1246 a

941 1263 1050 1292 sincera
1066 1269 1092 1292 et
1108 1266 1253 1300 perspicua
1272 1265 1376 1293 Christi
1396 1266 1430 1294 de
1449 1266 1541 1300 seipso
1560 1265 1734 1293 confessione

941 1311 975 1339 ad
986 1311 1129 1347 perplexas
1144 1315 1170 1339 et
1183 1311 1337 1347 implicatas
1356 1312 1473 1348 ineptias
1489 1312 1628 1340 conferret
1644 1322 1651 1340 :
1668 1313 1733 1340 dum

940 1358 967 1385 in
996 1359 1154 1386 coe‘esdbls
1184 1359 1236 1386 illis
1263 1359 1331 1386 locis
1358 1367 1391 1387 ea
1414 1367 1474 1394 quae
1502 1367 1638 1394 nusquam
1663 1364 1730 1388 sunt

941 1404 992 1432 sibi
1012 1412 1074 1432 esse
1097 1404 1273 1440 persuadent.
1293 1404 1329 1432 Ut
1349 1405 1422 1432 enim
1445 1406 1542 1434 demus
1557 1405 1634 1439 illud,
1651 1414 1684 1434 cx
1700 1415 1734 1434 eo

940 1449 1015 1485 quod
1032 1449 1115 1484 hujus
1131 1454 1208 1485 pater
1222 1449 1310 1478 llomo
1326 1450 1362 1478 sit
1377 1450 1479 1482 dictus.
1499 1450 1625 1479 Hominis
1647 1457 1735 1479 semet

940 1495 1092 1530 appellasse
1115 1495 1210 1528 ﬁlium,
1230 1503 1285 1523 non
1308 1497 1344 1524 ob
1365 1504 1425 1524 eam
1451 1505 1576 1529 carnem,
1598 1505 1678 1532 quam
1698 1506 1733 1525 ex

945 1545 1022 1569 uero
1048 1540 1168 1576 Virginis
1195 1541 1310 1576 accepit,
1333 1542 1385 1570 hoc
1408 1547 1451 1570 est
1477 1543 1564 1570 beatze
1577 1543 1680 1576 Mariae,
1700 1552 1733 1572 ex

943 1595 997 1623 qua
1012 1596 1059 1623 per
1074 1587 1206 1624 Spiritum
1232 1593 1358 1617 sanctum
1387 1594 1468 1617 natus
1491 1595 1543 1622 est,
1575 1595 1602 1617 ut
1632 1591 1734 1619 infelici

945 1635 1096 1663 Colorbaso
1109 1636 1229 1671 placuit;
1253 1636 1316 1672 quid
1341 1636 1373 1663 de
1395 1637 1481 1664 altero
1507 1637 1553 1664 illo
1578 1637 1651 1664 dicet
1676 1646 1735 1666 scr-

946 1689 1027 1709 mone
1047 1681 1166 1714 Domini,
1183 1690 1245 1709 curn
1269 1683 1310 1710 sic
1330 1681 1439 1710 Judzcos
1467 1683 1565 1710 allatus
1578 1683 1639 1710 est?
1656 1682 1735 1711 Nunc

947 1736 987 1755 me
999 1729 1118 1764 quwritis
1133 1729 1291 1764 interﬁcere,
1308 1729 1439 1757 hominem
1452 1729 1497 1765 qui
1510 1730 1645 1757 veritatem
1663 1730 1734 1757 vobis

943 1775 1046 1801 loculus
1060 1783 1131 1808 sum,
1148 1782 1227 1809 quam
1244 1775 1335 1802 audivi
1347 1784 1363 1802 a
1380 1775 1462 1802 Patre
1477 1784 1533 1803 meo
1547 1776 1568 1803 '.
1587 1775 1646 1803 Non
1660 1777 1734 1804 enim

943 1822 977 1848 ab
1003 1821 1119 1850 Homine
1145 1823 1226 1851 Patre
1254 1831 1315 1851 meo
1341 1823 1420 1855 dixit.
1445 1823 1492 1851 sed
1515 1824 1625 1851 Patrem
1653 1832 1734 1852 suum

944 1868 1106 1903 pnedicans,
1133 1871 1324 1898 universorum
1349 1870 1435 1898 Deum
1467 1871 1580 1899 indicat.
1610 1870 1733 1903 Severo,

943 1914 990 1948 qui
1014 1919 1142 1942 naturam
1165 1917 1285 1944 hominis
1309 1917 1487 1952 suscepisset.
1513 1925 1575 1944 vere
1595 1917 1734 1944 hominem

943 1961 1061 1996 appellat
1071 1970 1081 1994 ,·
1105 1966 1135 1989 ut
1162 1966 1189 1990 et
1214 1963 1331 1998 apostoli
1348 1967 1503 1998 testantur;
1528 1971 1584 1998 quo
1611 1964 1735 1998 undique

943 2007 1043 2035 veritas
1073 2009 1289 2042 corroboretur,
1327 2009 1550 2045 intelligaturqne
1584 2010 1657 2037 unde
1684 2010 1732 2036 illa

944 2054 1059 2084 Domino
1076 2060 1140 2084 sunt
1158 2056 1288 2084 attributa
1304 2057 1464 2091 cognomina
1483 2067 1489 2085 :
1505 2057 1608 2089 Iesum,
1635 2058 1733 2094 inquit,

943 2105 1027 2130 rirum
1054 2103 1228 2137 approbatum
1244 2103 1270 2130 in
1293 2112 1336 2130 vos
1355 2104 1437 2139 signis
1452 2113 1483 2131 ac
1505 2105 1631 2140 prodigiis
1644 2105 1664 2139 ⁵,
1680 2110 1733 2133 etc.

136 2154 168 2180 Τί
182 2154 272 2180 τοίνυν
289 2154 357 2190 πρὸς
372 2154 458 2181 ταῦτα
471 2154 554 2190 φαίης
566 2154 610 2187 ἂν,
624 2152 646 2181 ὢ
662 2155 771 2182 πάντων
785 2154 892 2189 ἀνθρώ-

979 2151 1049 2184 Quid
1065 2150 1098 2178 ad
1119 2151 1177 2178 haec
1196 2151 1301 2178 hiscere
1316 2151 1442 2184 audebis,
1457 2151 1645 2179 infelicissime
1665 2159 1736 2179 mor-

104 2208 161 2226 πων
174 2199 357 2226 ἑλεεινότατεί
376 2199 470 2235 ἐπειδὴ
486 2199 588 2226 ἄνωθεν
614 2200 692 2234 ἥκεις
714 2199 805 2234 φέρων
824 2200 893 2234 ἡμῖν

105 2246 198 2276 καινάς
212 2245 358 2280 ὀνομασίας
369 2265 376 2277 ,
392 2245 439 2271 καὶ
456 2245 574 2280 σεμνύνῃ
588 2264 595 2276 ,
610 2245 653 2279 ἐφ’
669 2241 709 2275 οἷς
723 2244 753 2271 τὸ
763 2243 810 2270 τοῦ
832 2245 894 2271 Ἀν-

105 2291 212 2328 θρώπου
227 2291 312 2326 ὄνομα
325 2291 399 2326 αὐτῷ
414 2290 468 2317 τῶν
482 2291 591 2317 πάντων
604 2290 727 2326 Δεσπότῃ
742 2290 788 2316 καὶ
805 2290 894 2325 Πατρὶ

105 2338 156 2365 τῶν
167 2338 235 2364 ὅλων
257 2338 394 2373 προσάψαι
409 2337 562 2374 ἐτόλμησαν
576 2338 603 2370 ¹;
624 2338 667 2369 Ὧς
686 2338 717 2364 ἐκ
730 2337 826 2363 τούτου
843 2345 893 2363 κα-

105 2384 206 2412 λεῖσθαι
220 2384 266 2410 τὸν
283 2384 385 2420 Κύριον
402 2384 464 2411 Υἱὸν
484 2383 652 2419 Ἀνθρώπου,
675 2382 717 2410 διὰ
731 2383 762 2409 τὸ
774 2383 819 2409 τὸν
839 2383 896 2408 Πα-

105 2429 168 2465 τέρα
184 2428 344 2464 Ἄνθρωπον
354 2429 583 2464 καλεῖσθαι.Εὑρὲ
599 2430 664 2465 ἡμῖν
679 2427 725 2455 καί
740 2437 800 2455 τινα
813 2427 895 2463 ἄλλην

107 2475 288 2510 προσηγορίαν
304 2475 343 2510 τῷ
358 2475 445 2511 Πατρὶ
462 2475 645 2511 ἁρμόζουσαν,
656 2474 697 2507 τὸ,
713 2474 807 2508 ἄνδρα
820 2474 894 2501 ἀπο-

107 2520 303 2555 δεδειγμένον.
325 2521 394 2548 Ἀλλ’
409 2522 458 2548 οὐκ
474 2522 507 2548 ἂν
526 2521 616 2557 εὕροις
632 2521 706 2548 ποτέ.
725 2522 756 2548 Εἰ
771 2521 825 2557 γὰρ
849 2521 895 2547 καὶ

108 2567 172 2603 ἀνὴρ
188 2567 331 2603 ἅνθρωπός
358 2568 416 2594 ἐστι
429 2588 436 2601 ,
457 2569 504 2595 καὶ
531 2568 600 2604 πρὸς
616 2568 819 2604 ἀντιδιαστολὴν
844 2567 894 2602 τῆς

108 2614 230 2647 γυναικὸς
250 2614 296 2641 τὸν
311 2614 454 2650 ἄνθρωπον
470 2615 554 2650 ἄνδρα
573 2614 710 2649 καλοῦμεν
722 2634 730 2646 ,
755 2615 830 2650 ὅμως
845 2614 896 2640 οὐκ

110 2659 140 2685 ἂν
155 2659 201 2686 καὶ
223 2660 252 2687 ἐν
269 2660 356 2695 τούτῳ
374 2660 583 2696 μηχανήσασθαί
598 2670 624 2687 τι
638 2660 790 2696 δυνηθείης.
815 2661 895 2686 Ἀνευ

110 2705 160 2740 γὰρ
183 2706 332 2741 σχημάτων
357 2706 404 2733 καὶ
428 2706 516 2742 μελῶν
526 2726 534 2739 ,
549 2707 672 2742 κρυφίων
685 2715 715 2733 τε
730 2706 777 2733 καὶ
791 2706 897 2743 ὁρατῶν

111 2750 174 2787 ἀνὴρ
188 2751 218 2777 οὐ
239 2751 384 2787 δυνήσεται
399 2751 549 2779 καλεῖσθαι.
571 2751 695 2787 Λέγομεν
709 2752 764 2786 γὰρ
783 2751 830 2778 καὶ
848 2751 898 2787 τὴν

144 2831 151 2847 ¹
163 2829 196 2859 F.
210 2829 325 2859 ἐκείνου.

942 2197 1058 2224 talium!
1080 2196 1126 2231 qui
1143 2203 1213 2223 nova
1236 2196 1360 2230 quaedam
1387 2196 1510 2223 inaudita
1533 2197 1644 2224 nomina
1660 2197 1736 2224 velut

942 2250 958 2269 ο
984 2241 1054 2268 ccelo
1081 2240 1160 2268 nobis
1186 2240 1268 2267 allata
1299 2239 1446 2272 venditas,
1474 2244 1556 2276 teque
1585 2241 1736 2268 insolenter

942 2287 1085 2316 Ostentas?
1113 2287 1235 2321 Quorum
1266 2286 1464 2314 vocabulorum
1492 2287 1579 2322 gratia
1610 2286 1736 2315 Hominis

943 2342 1043 2362 nomen
1067 2333 1183 2361 Domino
1207 2333 1331 2360 omnium
1355 2340 1387 2360 ac
1412 2332 1521 2361 Parenti
1538 2333 1659 2361 tribuere
1678 2342 1734 2361 non

944 2381 1072 2408 dubitas:
1087 2381 1167 2415 quasi
1190 2379 1323 2407 Dominus
1345 2379 1449 2407 idcirco
1463 2379 1549 2408 Filius
1564 2380 1684 2407 hominis
1699 2380 1732 2407 si!

944 2427 1048 2459 dictus,
1075 2427 1149 2462 quod
1169 2427 1230 2462 ejus
1254 2426 1337 2454 Pater
1351 2426 1439 2453 Homo
1459 2430 1642 2462 nuncupetur.
1663 2426 1736 2453 Doce

944 2479 971 2501 et
987 2474 1100 2500 alteram
1120 2473 1342 2508 appellationem,
1369 2472 1459 2500 Virum
1475 2473 1616 2506 probatura
1635 2493 1642 2505 ,
1662 2473 1737 2500 Patri

944 2527 1106 2555 congruere.
1123 2519 1202 2554 261
1221 2519 1305 2554 Atqui
1331 2527 1472 2554 nunquam
1501 2519 1566 2546 illud
1595 2519 1736 2547 ostendes.

944 2566 1065 2594 Tametsi
1085 2567 1159 2594 enim
1183 2567 1225 2593 vir
1243 2566 1334 2593 omnis
1356 2566 1439 2593 homo
1458 2566 1504 2599 sit,
1529 2566 1736 2600 hominemque.

945 2618 976 2640 ut
989 2621 1004 2640 ιι
1018 2612 1133 2639 muliere
1144 2612 1327 2643 discernatur.
1341 2613 1508 2648 appellemus
1519 2612 1619 2644 virum,
1635 2612 1736 2640 nullam

945 2659 1009 2686 inde
1036 2665 1125 2686 tamen
1148 2659 1334 2686 calumniandi
1361 2667 1457 2686 ausam
1484 2663 1574 2695 potest
1604 2658 1735 2693 arripere.

946 2705 1054 2732 Etenim
1079 2705 1139 2733 sine
1162 2709 1237 2733 certa
1264 2705 1356 2741 specie
1383 2706 1533 2741 habituque
1556 2707 1679 2740 corporis
1704 2711 1736 2731 ac

947 2752 1047 2786 partim
1069 2751 1199 2784 occultis,
1215 2752 1315 2788 partim
1333 2752 1492 2788 patentibus
1514 2751 1645 2780 membris
1665 2758 1745 2778 nun-

365 2831 374 2848 ²
394 2830 424 2859 F.
444 2830 608 2867 ἐτόλμησας.
641 2830 652 2847 ³
664 2829 742 2859 Joan.
759 2837 818 2864 vui,
836 2829 880 2859 40.
919 2829 1002 2858 ‘Act.
1021 2837 1050 2863 ιι,
1065 2828 1110 2856 2%.
