1952 3045
225 89 273 118 631

936 99 963 128 S.
980 100 1151 130 EPIPHANH

1807 109 1864 137 63‘2

225 158 307 185 quam
332 151 420 180 virum
445 156 629 184 nominamus.
651 157 755 185 Mulieri
777 166 860 193 porro
881 168 935 187 non
954 162 1002 188 viri

1053 188 1054 192 η
1067 168 1185 201 γυναῖκα
1199 167 1353 205 ἄνθρωπον,
1364 167 1421 195 ἀλλ’
1436 168 1486 195 οὐκ
1501 168 1595 204 ἄνδρα.
1610 169 1655 196 Διὸ
1669 169 1715 196 καὶ
1727 169 1742 196 ὁ
1754 169 1863 205 ἄνθρω-

226 197 274 224 sed
291 197 410 226 hominis
433 208 527 228 vocem
551 203 709 231 tribuimus.
727 205 816 238 Quare
838 210 954 242 utroque
970 216 1017 243 ge-

225 249 292 270 nere
314 244 358 272 hic
378 250 405 273 et
425 246 483 275 haec
507 248 588 276 honto
609 251 731 284 proferre
749 252 880 280 solemus.
899 253 950 281 Sed
971 255 1015 282 ubi

225 298 356 324 generum
385 297 428 321 est
457 294 650 330 distinguenda
685 299 856 333 proprietas.
885 301 1014 329 feminam

223 336 359 370 mulieris,
374 346 476 367 marem
491 341 542 368 viri
555 342 665 370 nomine
683 343 865 372 declaraturus.
883 345 930 374 llis
942 348 1014 374 enim

223 383 332 412 duobus
356 386 515 419 vocabulis.
540 396 670 423 generum
697 390 856 419 habitudine
876 398 1012 428 separata,

224 438 308 458 sexus
332 432 476 467 utriusque
497 434 643 464 diversitas
655 437 829 472 exprimitur.
846 439 880 467 At
893 441 1013 469 hominis

221 484 272 503 vox
291 478 399 506 nonnisi
420 479 574 516 ὁμωνύμως
598 486 625 509 et
643 483 769 518 ambigue
797 485 887 513 virum
905 494 936 514 ac
951 495 1013 514 mu-

221 521 315 550 lierem
331 526 523 560 complectitur

259 568 300 596 lll.
311 569 376 602 Qum
392 579 453 598 eum
472 573 509 599 ita
520 581 550 600 se
564 573 693 608 habeant,
707 576 810 608 adeste,
825 586 930 613 quzcso,
939 581 1011 609 servi

219 613 267 641 Dei
287 622 385 643 omnes
407 621 434 644 et
453 618 572 646 veritatis
589 624 744 650 amatores:
761 622 871 656 planum
899 624 974 652 illum
984 630 1012 654 et

219 659 384 688 nebulonem
403 660 583 690 Colorbasum
600 665 790 695 vehementius
821 668 954 703 deridete,
968 672 1010 699 vel

219 706 309 740 lugete
326 707 417 741 potius
441 716 489 736 eos
514 710 559 744 qui
586 710 691 746 decepti
720 719 794 747 sunt,
812 722 873 742 cum
893 717 1009 752 seipsos,

218 754 276 777 tum
291 751 360 778 aiios
375 760 456 787 quam
474 754 606 788 plurimos
627 757 814 791 perdiderunt.
842 759 899 788 Nos
917 751 1008 790 autem

216 795 274 824 Deo
292 798 396 832 gratias
414 806 538 834 agamus,
568 802 640 836 quod
662 803 848 834 mediocribus
875 808 1008 843 simplici-

216 843 322 878 busque
341 845 432 873 verbis
453 847 524 875 filios
550 856 616 877 suos
643 851 743 879 veritas
760 857 864 881 rectam
887 855 915 882 in
934 856 1007 884 viam

216 891 304 917 soleat
319 891 477 927 deducere;
488 899 585 922 contra
600 904 666 924 vero
686 899 786 926 misera
809 900 855 927 illa
873 909 1007 938 arrogan-

215 935 314 970 tiwque
330 937 409 971 plena
420 938 557 974 dogmata,
572 945 599 968 et
612 944 751 978 exquisito
764 945 855 974 fucata
871 935 1006 978 lenocinio

215 981 340 1016 dissipet,
361 991 393 1011 ac
408 990 504 1020 pacate
529 988 684 1025 leniterque
699 993 881 1027 progrediens
898 1000 1005 1024 evertat

214 1026 338 1056 funditus
357 1034 384 1057 et
398 1032 571 1068 exstinguat;
593 1040 622 1063 ut
641 1044 674 1064 ex
692 1026 832 1073 prophetae
846 1041 1005 1071 testimonio

214 1074 360 1104 manifeste
372 1077 523 1114 colligitur.
544 1080 597 1114 Qui
623 1084 865 1121 nonnullosimpia
878 1088 1003 1123 qumdam

212 1121 351 1149 curiosius
377 1123 586 1160 adsciscentes,
611 1135 644 1156 ac
668 1131 799 1159 scelerata
827 1134 922 1161 nescio
943 1143 1004 1170 quze

213 1174 291 1194 suam
312 1168 346 1196 ad
359 1169 482 1199 fraudem
499 1175 688 1209 excogitantes
716 1177 757 1206 sic
774 1179 934 1215 alloquitur:
948 1182 1003 1210 Pro

211 1222 241 1240 eo
257 1215 326 1249 quod
338 1216 472 1250 abjecistt's
487 1227 584 1254 aquam
605 1221 686 1254 Siloe,
703 1232 762 1259 qua:
779 1225 850 1253 vadit
859 1236 918 1254 cum
926 1229 1004 1257 silen-

214 1259 262 1290 tio,
279 1259 393 1288 adducet
410 1271 488 1296 super
506 1273 551 1292 vos
563 1265 693 1296 Dominus
706 1278 803 1305 aquam
815 1272 899 1306 ﬂuvii,
916 1282 1003 1310 regem

210 1304 410 1340 Assyriorum‘.
423 1308 491 1336 Nam
505 1318 603 1346 aquam
637 1312 711 1343 Siloe
738 1304 819 1345 Missi
847 1304 1002 1349 doctrinam

210 1351 386 1388 interpretari
403 1355 477 1384 licet.
498 1357 566 1390 Quis
591 1359 636 1387 ille
657 1369 722 1389 vero
736 1364 807 1392 alius
831 1370 874 1394 est
903 1372 1003 1403 praeter

209 1395 304 1424 Jesum
321 1397 466 1428 Dominmn
485 1407 611 1431 nostrum
624 1413 639 1432 a
655 1405 710 1434 Deo
727 1407 809 1438 Patre
831 1395 959 1446 missum,
975 1420 1003 1442 et

210 1443 320 1477 quidem
347 1446 542 1483 quietezquod
565 1451 633 1478 nihil
650 1452 773 1483 insolens
803 1462 850 1484 aut
876 1443 1000 1489 fucatam

209 1494 381 1526 perstrepat;
413 1494 461 1521 sed
489 1503 552 1523 vere
586 1505 619 1525 ac
653 1499 761 1529 sincere
793 1505 999 1535 sanctissimam

209 1536 344 1571 Sponsam
359 1539 482 1574 edoceat,
498 1550 579 1577 quam
590 1544 617 1572 in
633 1544 788 1576 Salomonis
803 1549 926 1580 Canticis
954 1563 1003 1583 co-

208 1582 329 1611 lumbam
341 1586 376 1612 ob
391 1587 519 1616 animalis
538 1589 746 1625 simplicitatem
765 1599 793 1621 et
809 1602 1002 1630 mansuetudi-

207 1637 271 1656 nem
296 1631 500 1668 puritatemque
530 1638 706 1671 cognominat
724 1640 756 1667 ’ξ
784 1641 827 1674 Ει,
861 1647 933 1680 quod
961 1653 1004 1677 est

208 1675 388 1705 admiratione
399 1679 517 1715 dignius.
525 1682 611 1718 ,262
624 1685 742 1720 reliquas
750 1695 857 1723 omnes,
867 1675 928 1727 qua}
938 1703 1002 1723 cum

208 1723 305 1751 aliena:
324 1725 389 1756 sint,
408 1733 507 1755 nomen
521 1728 608 1764 ipsius
625 1738 768 1766 usurpant,
785 1738 956 1769 concubinas
970 1749 1002 1770 ac

207 1771 317 1804 reginas
348 1773 482 1806 appellat,
497 1775 533 1802 ob
556 1776 660 1811 regium
672 1778 776 1808 Christi
789 1790 901 1818 nomen,
928 1788 1000 1822 quod

207 1823 379 1852 unaquaeque
394 1819 446 1846 sibi
463 1820 614 1850 insolenter
625 1830 755 1860 arrogare
772 1831 924 1859 contendit.
936 1819 1000 1862 ISed

206 1863 265 1901 elsi‘
279 1865 439 1893 concubinae
467 1868 523 1894 sint
550 1870 690 1904 octoginta
703 1893 711 1904 ,
733 1873 785 1901 hoc
805 1880 847 1903 est
863 1877 998 1915 hatreses;

207 1913 276 1943 tum,
291 1911 385 1944 puella:
399 1921 523 1948 quarum,
544 1915 644 1951 inquit,
661 1926 714 1945 non
738 1925 778 1947 est
796 1930 932 1958 numerus,
946 1935 1000 1953 una

206 1962 296 1984 tamen
310 1963 348 1986 est
367 1959 490 1988 ευίιιηιὸα
512 1970 581 1995 mea.
612 1964 728 1999 perfecta
755 1970 847 1997 mea':
869 1971 997 2000 nimirum

206 2008 304 2030 sancta
317 2008 344 2031 et
359 2005 499 2034 catholica
519 2007 651 2037 Ecclesia.
664 2011 731 2044 Quae
747 2014 875 2044 columba
886 2019 997 2052 quidem

206 2053 260 2080 cst,
277 2053 307 2076 ut
323 2050 454 2085 diximus,
474 2054 509 2081 ob
536 2054 619 2089 hujus
636 2057 695 2085 avis
716 2050 954 2091 mansuetudinem
971 2069 998 2092 et

205 2094 390 2123 innocentiam
413 2105 446 2125 ac
471 2099 674 2136 sinceritatem;
688 2104 809 2138 perfecta
821 2115 898 2140 vero,
919 2110 996 2144 quod

204 2140 354 2174 perfectam
371 2150 385 2168 τι
402 2142 456 2170 Deo
471 2144 626 2179 scientiam,
641 2149 852 2188 absolutamque
878 2154 913 2182 ab
927 2140 996 2190 lips.

1067 221 1117 245 πος
1132 214 1266 249 λέγομεν,
1296 215 1342 242 καὶ
1364 215 1381 251 ἡ
1405 215 1558 250 ἄνθρωπος.
1584 215 1759 251 Διαιροῦντες
1778 216 1806 242 δὲ
1830 215 1863 242 τὸ

1065 260 1144 294 γένος
1161 261 1331 294 ἰδιαζόντως,
1355 261 1402 297 τὴν
1422 262 1472 298 μὲν
1492 262 1602 297 θήλειαν
1618 263 1735 297 γυναῖκα
1759 262 1862 289 καλοῦ-

1067 315 1116 341 μεν
1127 326 1134 338 ,
1155 307 1200 334 τὸν
1214 307 1242 334 δὲ
1254 308 1356 343 ἄρρενα
1371 308 1465 344 ἄνδρα.
1481 308 1555 344 Αὕτη
1577 308 1632 344 γὰρ
1643 309 1778 344 διάκρισίς
1798 311 1860 336 ἐστι

1064 352 1111 380 τοῦ
1127 353 1222 387 γένους
1237 354 1352 390 ἄρρενος
1375 355 1421 381 καὶ
1437 355 1556 391 θηλείας,
1578 356 1609 381 τὸ
1625 355 1695 390 ἀνὴρ
1712 355 1759 382 και¹
1773 356 1857 391 γυνὴ,

1064 399 1256 435 διαιρουμένης
1273 400 1322 435 τῆς
1335 400 1389 427 τῶν
1405 401 1492 435 γενῶν
1507 401 1635 436 σχέσεως.
1658 401 1859 437 Ὀμωνυμικῶς

1063 444 1092 471 δὲ
1107 445 1250 481 ἄνθρωπος
1261 447 1308 473 καὶ
1323 448 1338 473 ὁ
1355 446 1425 482 ἀνὴρ
1437 447 1486 474 καὶ
1500 448 1517 483 ἡ
1533 447 1602 482 γυνὴ
1615 446 1747 475 καλεῖται.

1097 577 1133 604 1".
1155 577 1263 604 Τούτων
1289 577 1378 604 τοίνυν
1407 577 1495 610 οὕτως
1523 579 1654 615 ἐχόντων,
1684 579 1766 615 ἥκετέ
1787 587 1855 614 μοι,

1062 624 1162 655 πάντες
1184 624 1252 651 Θεοῦ
1269 624 1356 652 δοῦλοι
1369 645 1376 658 ,
1402 626 1426 652 oi
1449 626 1499 661 τῆς
1514 626 1643 661 ἀληθείας
1658 626 1772 662 ἐρασταί
1783 635 1791 643 ·
1805 627 1855 654 καὶ

1060 670 1194 705 γελάσατε
1213 671 1258 698 τὸν
1279 671 1425 698 ἀπατεῶνα
1449 672 1496 698 καὶ
1517 672 1639 708 ἀγύρτην
1663 672 1852 709 Κολόρϐασον-

1062 717 1162 752 μᾶλλον
1172 717 1200 743 δὲ
1213 717 1365 752 πενθήσατε
1379 718 1441 749 τοὺς
1453 718 1652 754 ἀπατηθέντας,
1666 719 1713 745 καὶ
1727 718 1853 750 ἑαυτοὺς,

1060 763 1108 790 καὶ
1123 763 1236 795 πολλοὺς
1253 763 1449 795 ἀπολέσαντας.
1469 764 1552 790 Αὐτοὶ
1566 764 1595 791 δὲ
1613 764 1672 800 Θεῷ
1686 764 1853 800 εὐχαριστή-

1063 818 1164 844 σωμεν,
1179 809 1217 842 ὡς
1230 809 1275 836 διὰ
1300 809 1405 845 μικρῶν
1423 810 1470 836 καὶ
1495 810 1589 837 ἁπλῶν
1605 810 1691 845 λόγων
1706 811 1722 846 ἡ
1737 810 1852 852 ἀλήθεια

1057 855 1120 887 τοὺς
1137 855 1237 891 ὲαυτῆς
1253 857 1293 887 είς
1312 856 1371 883 ὁδὸν
1388 856 1495 883 εὐθεῖαν
1517 857 1625 892 ὁδηγεῖν
1641 856 1738 883 εἴωθε·
1756 856 1853 883 καὶτὰ

1059 901 1168 937 σχέτλια
1181 902 1229 928 καὶ¹
1243 902 1416 938 πολύκομπα,
1431 902 1476 930 διὰ
1492 902 1592 938 πολλῆς
1605 904 1729 938 μηχανῆς
1743 903 1850 930 καλλω-

1058 947 1189 975 πισθέντα
1201 968 1208 980 ,
1228 948 1449 976 διασκεδάννυσιν
1462 968 1469 981 ,
1487 948 1635 985 ἀνατρέπει
1653 949 1699 976 καὶ
1721 949 1850 984 ἀφανίζει

1057 994 1144 1029 ἡσυχῆ
1161 993 1306 1028 βαίνουσα’
1322 994 1359 1025 ὡς
1378 994 1471 1028 σαφῶς
1484 994 1558 1021 ἔστιν
1574 994 1637 1021 ἰδεῖν
1653 994 1707 1021 ἀπὸ
1719 993 1766 1020 τοῦ
1781 1002 1850 1029 προ-

1057 1039 1171 1076 φητικοῦ
1197 1040 1288 1074 λόγου.
1307 1040 1448 1074 Ἐγκαλῶν
1466 1040 1520 1076 γὰρ
1544 1041 1558 1067 ὁ
1575 1040 1718 1076 προφήτης
1741 1041 1797 1071 τοῖς
1813 1039 1851 1067 τὰ

1055 1086 1129 1113 δεινὰ
1145 1085 1414 1122 περιεργαζομένοις,
1433 1087 1479 1113 καὶ
1493 1086 1503 1102 ⁸
1519 1086 1667 1122 πολύφημα
1682 1086 1848 1120 ἐπινοοῦσιν,

1055 1133 1095 1164 είς
1112 1132 1215 1159 ἑαυτῶν
1229 1132 1337 1167 ἀπάτην
1349 1153 1357 1166 ,
1374 1132 1450 1167 ἔλεγε
1460 1141 1466 1147 ·
1482 1132 1533 1159 Διὰ
1546 1132 1579 1159 τὸ
1592 1132 1634 1167 μὴ
1651 1132 1750 1160 θέλειν
1769 1132 1849 1167 ὑμᾶς

1055 1178 1086 1204 τὸ
1104 1178 1181 1212 ὕδωρ
1198 1178 1250 1205 τοῦ
1265 1179 1383 1213 Σιλωὰμ
1396 1178 1429 1206 τὸ
1443 1179 1647 1214 πορευόμενον
1662 1178 1777 1214 ἡσυχῆ,
1793 1179 1848 1205 ἁν-

1054 1224 1117 1258 ἁγει
1136 1224 1182 1259 ἐφ’
1199 1223 1277 1259 ὑμᾶς
1292 1225 1399 1258 Κύριος
1412 1225 1444 1251 τὸ
1464 1225 1543 1259 ὕδωρ
1559 1224 1612 1252 τοῦ
1630 1225 1775 1259 ποταμοῦ,
1793 1225 1849 1252 τόν

1050 1270 1185 1303 βασιλέα
1205 1270 1264 1298 τῶν
1280 1271 1459 1305 Ἀσσυρίων.
1475 1271 1567 1306 Ὕδωρ
1583 1271 1637 1307 γὰρ
1649 1271 1770 1307 Σιλωὰμ,
1787 1271 1848 1298 ἐστὶ

1053 1317 1212 1344 διδασκαλία
1226 1317 1274 1344 τοῦ
1291 1318 1510 1354 ἀπεσταλμένον.
1536 1319 1584 1351 Τίς
1608 1319 1630 1346 δ’
1652 1319 1684 1346 ἂν
1709 1320 1752 1354 εἴη
1768 1316 1848 1352 οὗτος

1053 1363 1111 1390 ἀλλ’
1128 1363 1144 1398 ἦ
1161 1363 1174 1388 ὁ
1191 1363 1294 1399 Κύριος
1307 1363 1385 1398 ήμῶν
1401 1363 1522 1399 Ἰησοῦς,
1539 1365 1553 1390 ὁ
1575 1365 1629 1391 ἀπὸ
1641 1364 1688 1392 τοῦ
1705 1365 1772 1392 Θεοῦ
1788 1366 1846 1392 Πα-

1052 1408 1115 1444 τρδς
1134 1408 1217 1436 αὑτοῦ
1241 1408 1466 1444 ἀπεσταλμένος,
1488 1409 1577 1445 ήσυχῆ
1599 1410 1627 1436 δὲ
1650 1410 1694 1437 διὰ
1709 1412 1739 1438 τὸ
1762 1411 1848 1446 μηδὲν

1052 1455 1231 1490 καινὸφωνον,
1255 1456 1323 1490 μήτε
1346 1455 1524 1489 ἐπίπλαστον,
1548 1456 1606 1483 ἀλλ’
1622 1458 1652 1483 ὲν
1666 1457 1780 1493 ἀληθείᾳ
1794 1458 1846 1493 τὴν

1053 1502 1133 1536 ἁγίαν
1149 1502 1231 1529 αὑτοῦ
1248 1502 1358 1538 νύμφην
1375 1502 1423 1539 τὴν
1437 1505 1501 1540 παρ’
1514 1504 1597 1531 αὐτοῦ
1616 1505 1780 1540 περιστερὰν
1797 1514 1847 1532 κα-

1053 1549 1197 1584 λουμένην,
1216 1549 1260 1576 διὰ
1280 1549 1310 1576 τὸ
1326 1550 1429 1577 ἄκακον
1444 1551 1490 1577 καὶ
1504 1551 1607 1586 ἥμερον
1625 1551 1672 1577 καὶ
1684 1552 1847 1587 καθαρώταη

1053 1603 1098 1621 τον
1115 1594 1162 1621 τοῦ
1177 1594 1256 1628 ζὼου,
1282 1597 1310 1623 ὲν
1323 1597 1378 1628 τοῖς
1395 1596 1516 1632 ’ᾼσμασι
1529 1597 1576 1624 τοῦ
1593 1597 1766 1633 Σολομῶνος;
1788 1599 1846 1626 Καὶ

1053 1641 1261 1677 ἐπιθαυμάσαι
1277 1643 1298 1675 ⁵,
1314 1642 1364 1674 τὰς
1383 1643 1431 1678 μὲν
1448 1643 1531 1675 ἄλλας
1553 1644 1590 1680 μὴ
1598 1644 1681 1676 οὔσας
1690 1644 1783 1677 αὑτοῦ,
1797 1645 1844 1672 ἐπὶ

1052 1687 1080 1714 δὲ
1097 1687 1135 1722 τῷ
1146 1688 1259 1724 ὀνόματι
1273 1689 1355 1715 αὐτοῦ
1370 1689 1468 1721 ἑαυτὰς
1485 1690 1651 1726 κεκληκυίας
1665 1691 1842 1724 παλλακίδας,

1051 1734 1177 1770 ὠνόμασε
1200 1736 1247 1762 καὶ
1266 1735 1424 1770 βασιλίσσας
1441 1736 1486 1763 διὰ
1505 1736 1536 1763 τὸ
1556 1736 1697 1772 βασιλεῦον
1713 1738 1809 1774 ὄνομα,
1828 1739 1843 1765 d

1051 1779 1153 1816 ἑκάστη
1179 1781 1297 1816 Χριστὸν
1319 1782 1528 1818 ἐπιγραφομένη
1558 1784 1642 1820 ἑαυτῇ
1668 1784 1840 1820 σεμνύνεται.

1056 1827 1125 1854 Ἀλλ’
1144 1828 1169 1854 εί
1185 1828 1232 1854 καὶ
1242 1828 1409 1864 ὀγδοήκοντά
1423 1830 1476 1856 εἰσι
1490 1829 1639 1862 παλλακαὶ,
1653 1831 1754 1864 αἵτινές
1772 1834 1842 1860 εἰσιν

1049 1875 1078 1900 αί
1100 1874 1238 1910 αἱρέσεις·
1263 1874 1359 1902 ἔπειτα
1384 1875 1575 1910 δὲ,νεάνιὸες
1588 1897 1596 1909 ,
1613 1874 1657 1904 ὧν
1680 1878 1735 1904 οὐκ
1755 1878 1843 1906 ἔστιν

1048 1920 1180 1954 ἀριθμὸς,
1190 1920 1256 1956 φησὶ
1263 1942 1271 1954 ,
1277 1921 1332 1955 μία
1341 1921 1407 1948 ἐστὶ
1418 1922 1577 1957 περιστερά
1585 1932 1655 1958 μου,
1664 1925 1763 1951 τελεία
1768 1934 1839 1959 μου·

1048 1966 1187 1994 τουτέστιν
1198 1967 1266 2003 αὐτὴ
1279 1968 1345 2002 ἁγία
1355 1968 1460 2004 νύμφη,
1476 1971 1524 1997 καὶ
1535 1970 1665 2006 καθολικὴ
1679 1971 1839 2006 Ἐκκλησία.

1048 2013 1201 2049 Περιστερὰ
1220 2013 1280 2049 μὲν,
1292 2014 1329 2046 ὡς
1343 2015 1420 2050 ἔφην,
1434 2015 1478 2042 διὰ
1492 2017 1522 2042 τὸ
1536 2017 1650 2052 ἥμερον,
1660 2017 1707 2043 καὶ
1724 2017 1838 2050 ἄκακον,

1047 2058 1095 2085 καὶ
1110 2058 1230 2094 καθαρὸν
1241 2059 1288 2085 τοῦ
1307 2059 1377 2091 ζώου
1387 2068 1394 2075 ·
1409 2059 1500 2086 τελεία
1515 2060 1554 2091 δὲ,
1568 2061 1612 2088 διὰ
1622 2061 1652 2088 τὸ
1668 2062 1716 2097 τὴν
1732 2062 1839 2089 τελείαν

1047 2105 1079 2131 ὲκ
1104 2104 1171 2131 Θεοῦ
1197 2104 1289 2131 λαϐεῖν
1307 2105 1397 2141 χάριν,
1408 2105 1455 2133 καὶ
1474 2107 1576 2140 γνῶσιν
1596 2108 1662 2143 παρ’
1684 2107 1766 2134 αὐτοῦ
1791 2108 1838 2135 τοῦ

1047 2151 1174 2186 Σωτῆρος
1189 2151 1233 2177 διὰ
1245 2151 1404 2187 Πνεύματος
1413 2151 1504 2186 ἁγίου.
1521 2153 1607 2185 Αὐτὸς
1622 2151 1668 2179 οὖν
1684 2154 1698 2180 ὁ
1711 2154 1836 2189 νυμφίος,

206 2186 347 2216 Salvatore
381 2197 429 2224 per
467 2190 598 2226 Spiritum
637 2200 763 2223 sanctum
807 2186 994 2234 cognitionem

1053 2198 1061 2223 5
1084 2186 1325 2232 Ἀπεσταλμένος
1341 2198 1571 2234 ἑρμηνευόμενος,
1583 2186 1838 2235 τουτέστιΣιλιυὰμ,

204 2234 301 2269 adepta
316 2235 362 2263 sit.
373 2236 457 2271 Igitur
468 2245 586 2272 sponsus
615 2240 682 2276 ipse,
694 2250 774 2277 quem
784 2243 897 2273 Missum
911 2247 998 2275 inter-

203 2281 305 2314 pretari
321 2281 395 2315 licet,
410 2283 462 2311 hoc.
480 2289 523 2312 est
547 2285 660 2321 Siloam,
678 2296 776 2324 aquam
801 2291 882 2320 habet
898 2293 996 2322 leniter

203 2328 410 2364 scalurientem,
428 2330 583 2360 doctrinam
600 2334 706 2362 scilicet
729 2344 785 2364 non
810 2337 913 2373 ingenti
931 2348 994 2368 cum

202 2374 316 2409 strepitu
351 2383 383 2403 ac
420 2377 529 2413 fragore
566 2380 748 2416 praecipitem,
779 2391 831 2411 nec
856 2385 931 2412 inani
963 2395 994 2415 se

201 2427 302 2455 pompa
316 2424 343 2447 et
359 2422 508 2451 ambitione
524 2424 684 2459 iactantem.
700 2427 788 2463 Cujus
799 2437 902 2465 sponsa
916 2434 992 2461 mitis

201 2465 290 2493 instar
308 2467 442 2496 columbze
455 2477 560 2498 veneno
577 2477 671 2506 caret;
689 2481 778 2509 neque
793 2476 911 2505 molares
924 2478 992 2505 den—

202 2516 244 2540 tes
254 2518 301 2540 aut
317 2515 428 2543 aculeos
443 2518 523 2552 gerit,
554 2518 708 2553 cujusmodi
729 2526 872 2557 serpentes
890 2524 992 2552 habent

201 2559 247 2586 isti
263 2559 309 2594 qui
322 2568 427 2588 veneno
442 2568 556 2595 scatent,
576 2572 693 2598 quorum
710 2567 808 2602 singuli
823 2569 991 2604 praecipuum

200 2605 312 2640 aliquod
329 2608 487 2635 mortalium
510 2611 603 2644 generi
622 2611 698 2639 virus
714 2618 853 2641 conantur
885 2615 990 2642 immit-

199 2654 275 2682 tere.
305 2659 337 2679 ac
351 2658 504 2682 sectatores
527 2663 594 2684 SUOS
614 2665 803 2693 corrumpere.
828 2660 948 2692 Quorum
975 2669 991 2689 e

199 2704 315 2724 numero
329 2698 374 2726 ille
384 2704 426 2727 est
439 2699 506 2735 ipse.
518 2709 598 2736 quem
615 2702 707 2730 divino
721 2704 805 2731 verba
830 2705 991 2740 caelestique

198 2744 327 2778 praesidio
345 2745 430 2774 fretus
443 2747 569 2783 detegere
585 2749 688 2781 studui,
699 2758 731 2778 ac
745 2751 885 2787 phalangii
901 2752 990 2780 instar

1047 2243 1119 2278 ὕδωρ
1132 2243 1188 2279 ἔχει
1203 2243 1386 2279 πορευόμενον
1399 2245 1488 2280 ἡσυχῆ
1502 2265 1509 2277 ,
1528 2245 1650 2272 τουτέστι
1665 2245 1838 2273 διδασκαλίαν

1045 2289 1177 2320 ἄδουπον,
1198 2289 1245 2316 καὶ
1270 2289 1453 2325 ἀψοφοποιόν,
1471 2290 1518 2317 καὶ
1540 2292 1768 2324 ἀφαντασίαστον,
1789 2293 1838 2319 καὶ

1044 2335 1229 2370 ἀκόμπαστον.
1258 2336 1290 2362 Ἦ
1314 2336 1342 2363 δὲ
1360 2336 1442 2364 αὐτοῦ
1461 2337 1555 2373 νύμφη
1582 2338 1628 2364 καὶ
1651 2339 1719 2374 αὑτὴ
1735 2340 1837 2374 ἥσυχος

1043 2383 1207 2418 περιστερὰ,
1236 2383 1304 2418 μήτε
1323 2383 1362 2409 ίὸν
1383 2383 1502 2418 ἔχουσα,
1529 2385 1598 2420 μήτε
1621 2385 1835 2421 μυλοστομίδας,

1044 2429 1112 2465 μήτε
1128 2429 1239 2465 κέντρα,
1257 2429 1294 2462 ὡς
1311 2427 1384 2457 οὗτοι
1401 2430 1502 2463 πάντες
1518 2432 1542 2458 οἱ
1558 2432 1770 2469 ὲρπετόμορφοι,
1788 2433 1836 2460 καὶ

1043 2475 1082 2502 ίὸν
1106 2475 1368 2509 ἀναϐλυστάνοντες,
1386 2477 1502 2509 ἕκαστος
1522 2478 1769 2515 φιλοτιμησάμενος
1786 2481 1835 2516 δη-

1041 2520 1168 2556 λητήριὸν
1178 2529 1205 2547 τι
1219 2521 1257 2557 τῷ
1270 2521 1365 2558 κόσμῳ
1378 2523 1592 2556 κατασκευάσαι,
1606 2525 1652 2551 καὶ
1664 2524 1835 2560 λυμήνασθαι

1040 2567 1104 2598 τοὺς
1119 2566 1194 2602 αὺτῷ
1211 2567 1388 2600 πεισθέντας·
1404 2565 1441 2596 ὧν
1460 2570 1508 2596 καὶ
1522 2567 1599 2602 οὗτος
1616 2568 1657 2603 εἷς
1679 2571 1717 2598 ὢν
1732 2572 1834 2607 τυγχά-

1041 2621 1092 2645 νει,
1109 2614 1123 2640 ὁ
1138 2613 1256 2641 ἐνταῦθά
1273 2623 1318 2650 μοι
1332 2615 1512 2648 σπουδασθεὶς
1529 2617 1689 2654 φωραθῆναι
1699 2618 1744 2645 διὰ
1760 2618 1832 2646 θείου

1040 2659 1119 2694 λόγου
1134 2661 1180 2687 καὶ
1198 2660 1324 2696 βοηθείας
1342 2662 1392 2697 τῆς
1413 2662 1525 2695 ἄνωθεν,
1541 2664 1589 2690 καὶ
1604 2665 1777 2700 συντριϐῆναι
1794 2665 1833 2692 δί-

1039 2715 1091 2742 κην
1108 2706 1259 2741 φαλαγγίου
1276 2708 1460 2744 τετραγνάθου
1480 2710 1595 2745 ἑρπετοῦ
1617 2711 1796 2746 καλουμένου,
1814 2712 1829 2748 ἢ

1039 2751 1076 2784 ὡς
1092 2752 1145 2779 ἀπὸ
1159 2753 1345 2790 ἁμφισϐαίνης
1358 2755 1407 2790 τῆς
1424 2754 1568 2791 δικεφάλου
1579 2756 1686 2792 ἐχίδνης
1696 2757 1831 2793 τμηθεῖσα

237 2823 245 2839 ⁸
260 2823 312 2852 lsa.
330 2831 390 2860 vut,
405 2825 432 2853 ϐ.
467 2828 477 2843 ²
494 2825 573 2856 Cant.
587 2835 616 2862 ιι,
637 2828 681 2861 10,
702 2829 750 2864 lt;
770 2838 796 2863 v,
813 2830 850 2865 ἒς
869 2838 906 2866 vt,
919 2830 945 2859 8.
983 2831 993 2847 ³

1053 2836 1088 2862 ut.
1100 2841 1139 2867 γι,
1155 2833 1183 2869 7,
1195 2831 1222 2860 8.
1261 2833 1272 2850 ⁴
1287 2834 1317 2862 ι’.
1330 2835 1507 2872 παλίμφημα.
1547 2837 1556 2854 ⁵
1572 2835 1649 2864 Deest
1674 2837 1712 2869 ὡς
